  <div class='ocr_page' id='page_1' title='image "/cluster/home/n/w/nwhite01/storage/ocr_20150623/128/hvd.32044073502403/115.png"; bbox 0 0 4110 6210; ppageno 0'>
   <div class='ocr_carea' id='block_1_1' title="bbox 467 309 574 372">
    <p class='ocr_par' dir='ltr' id='par_1_1' title="bbox 467 309 574 372">
     <span class='ocr_line' id='line_1_1' title="bbox 467 309 574 372; baseline -0.019 0"><span class='ocrx_word' id='word_1_1' title='bbox 467 309 574 372; x_wconf 70' lang='lat'><strong>9.19</strong></span> 
     </span>
    </p>
   </div>
   <div class='ocr_carea' id='block_1_2' title="bbox 1721 308 2509 370">
    <p class='ocr_par' dir='ltr' id='par_1_2' title="bbox 1721 308 2509 370">
     <span class='ocr_line' id='line_1_2' title="bbox 1721 308 2509 370; baseline 0.005 -4"><span class='ocrx_word' id='word_1_2' title='bbox 1721 308 2102 368; x_wconf 73' lang='lat' dir='ltr'><strong>EUTilYMll</strong></span> <span class='ocrx_word' id='word_1_3' title='bbox 2148 308 2509 370; x_wconf 72' lang='lat' dir='ltr'><strong>ZIGABENI</strong></span> 
     </span>
    </p>
   </div>
   <div class='ocr_carea' id='block_1_3' title="bbox 3487 278 3513 294">
    <p class='ocr_par' dir='ltr' id='par_1_3' title="bbox 3487 278 3513 294">
     <span class='ocr_line' id='line_1_3' title="bbox 3487 278 3513 294; baseline 0 0"><span class='ocrx_word' id='word_1_4' title='bbox 3487 278 3513 294; x_wconf 52' lang='grc' dir='ltr'><strong>ς</strong></span> 
     </span>
    </p>
   </div>
   <div class='ocr_carea' id='block_1_4' title="bbox 3637 310 3746 372">
    <p class='ocr_par' dir='ltr' id='par_1_4' title="bbox 3637 310 3746 372">
     <span class='ocr_line' id='line_1_4' title="bbox 3637 310 3746 372; baseline 0 0"><span class='ocrx_word' id='word_1_5' title='bbox 3637 310 3746 372; x_wconf 56' lang='grc'><strong>22⁸)</strong></span> 
     </span>
    </p>
   </div>
   <div class='ocr_carea' id='block_1_5' title="bbox 468 417 2068 491">
    <p class='ocr_par' dir='ltr' id='par_1_5' title="bbox 468 417 2048 490">
     <span class='ocr_line' id='line_1_5' title="bbox 468 417 2048 490; baseline -0.006 -14"><span class='ocrx_word' id='word_1_6' title='bbox 468 421 698 476; x_wconf 79' lang='lat' dir='ltr'><strong>sortitus</strong></span> <span class='ocrx_word' id='word_1_7' title='bbox 722 429 826 486; x_wconf 85' lang='lat' dir='ltr'><strong>est,</strong></span> <span class='ocrx_word' id='word_1_8' title='bbox 860 421 1166 490; x_wconf 84' lang='lat' dir='ltr'><strong>appellatus</strong></span> <span class='ocrx_word' id='word_1_9' title='bbox 1193 421 1451 474; x_wconf 81' lang='lat' dir='ltr'><strong>nimirum</strong></span> <span class='ocrx_word' id='word_1_10' title='bbox 1506 429 1558 472; x_wconf 77' lang='lat' dir='ltr'><strong>et</strong></span> <span class='ocrx_word' id='word_1_11' title='bbox 1607 433 1800 472; x_wconf 84' lang='lat' dir='ltr'><strong>servus</strong></span> <span class='ocrx_word' id='word_1_12' title='bbox 1852 417 1942 468; x_wconf 78' lang='lat' dir='ltr'><strong>Dei</strong></span> <span class='ocrx_word' id='word_1_13' title='bbox 1993 425 2048 468; x_wconf 79' lang='lat' dir='ltr'><strong>et</strong></span> 
     </span>
    </p>
   </div>
   <div class='ocr_carea' id='block_1_6' title="bbox 2168 417 3748 491">
    <p class='ocr_par' dir='ltr' id='par_1_6' title="bbox 2168 419 3748 491">
     <span class='ocr_line' id='line_1_6' title="bbox 2168 419 3748 491; baseline 0.003 -22"><span class='ocrx_word' id='word_1_14' title='bbox 2168 422 2344 484; x_wconf 73' lang='grc' dir='ltr'>[τονίας</span> <span class='ocrx_word' id='word_1_15' title='bbox 2377 422 2599 491; x_wconf 82' lang='grc' dir='ltr'>κτηΘέν.</span> <span class='ocrx_word' id='word_1_16' title='bbox 2636 425 2704 476; x_wconf 72' lang='grc' dir='ltr'><strong>’Λ</strong></span> <span class='ocrx_word' id='word_1_17' title='bbox 2749 424 2804 476; x_wconf 80' lang='grc' dir='ltr'><strong>δὲ</strong></span> <span class='ocrx_word' id='word_1_18' title='bbox 2855 423 3127 489; x_wconf 59' lang='grc' dir='ltr'>ἐνιιὶλησε</span> <span class='ocrx_word' id='word_1_19' title='bbox 3169 419 3246 486; x_wconf 84' lang='grc' dir='ltr'>τῷ</span> <span class='ocrx_word' id='word_1_20' title='bbox 3278 420 3492 488; x_wconf 78' lang='grc' dir='ltr'>Κυρίῳ,</span> <span class='ocrx_word' id='word_1_21' title='bbox 3521 419 3748 474; x_wconf 83' lang='grc' dir='ltr'>λείπον-</span> 
     </span>
    </p>
   </div>
   <div class='ocr_carea' id='block_1_7' title="bbox 472 510 2052 581">
    <p class='ocr_par' dir='ltr' id='par_1_7' title="bbox 472 510 2052 581">
     <span class='ocr_line' id='line_1_7' title="bbox 472 510 2052 581; baseline -0.003 -15"><span class='ocrx_word' id='word_1_22' title='bbox 472 515 616 568; x_wconf 86' lang='lat' dir='ltr'><strong>lilius</strong></span> <span class='ocrx_word' id='word_1_23' title='bbox 645 529 660 566; x_wconf 88' lang='lat'><strong>:</strong></span> <span class='ocrx_word' id='word_1_24' title='bbox 693 527 926 581; x_wconf 63' lang='lat' dir='ltr'><strong>quaeque</strong></span> <span class='ocrx_word' id='word_1_25' title='bbox 957 512 1131 581; x_wconf 82' lang='lat' dir='ltr'><strong>major</strong></span> <span class='ocrx_word' id='word_1_26' title='bbox 1184 513 1264 566; x_wconf 86' lang='lat' dir='ltr'><strong>illi</strong></span> <span class='ocrx_word' id='word_1_27' title='bbox 1315 512 1415 565; x_wconf 82' lang='lat' dir='ltr'><strong>fuit</strong></span> <span class='ocrx_word' id='word_1_28' title='bbox 1451 511 1719 581; x_wconf 79' lang='lat' dir='ltr'><strong>&#39;gloriatio</strong></span> <span class='ocrx_word' id='word_1_29' title='bbox 1750 550 1765 572; x_wconf 87' lang='lat'><strong>,</strong></span> <span class='ocrx_word' id='word_1_30' title='bbox 1829 510 2052 578; x_wconf 87' lang='lat' dir='ltr'><strong>proprio</strong></span> 
     </span>
    </p>
   </div>
   <div class='ocr_carea' id='block_1_8' title="bbox 472 599 2054 671">
    <p class='ocr_par' dir='ltr' id='par_1_8' title="bbox 472 599 2054 671">
     <span class='ocr_line' id='line_1_8' title="bbox 472 599 2054 671; baseline -0.002 -12"><span class='ocrx_word' id='word_1_31' title='bbox 472 607 654 659; x_wconf 86' lang='lat' dir='ltr'><strong>studio</strong></span> <span class='ocrx_word' id='word_1_32' title='bbox 681 620 745 657; x_wconf 91' lang='lat' dir='ltr'><strong>ac</strong></span> <span class='ocrx_word' id='word_1_33' title='bbox 771 605 958 659; x_wconf 88' lang='lat' dir='ltr'><strong>labore</strong></span> <span class='ocrx_word' id='word_1_34' title='bbox 1007 605 1111 658; x_wconf 86' lang='lat' dir='ltr'><strong>sibi</strong></span> <span class='ocrx_word' id='word_1_35' title='bbox 1137 605 1359 658; x_wconf 89' lang='lat' dir='ltr'><strong>nomina</strong></span> <span class='ocrx_word' id='word_1_36' title='bbox 1384 603 1745 671; x_wconf 89' lang='lat' dir='ltr'><strong>comparavit.</strong></span> <span class='ocrx_word' id='word_1_37' title='bbox 1770 599 1927 657; x_wconf 86' lang='lat' dir='ltr'><strong>Unde</strong></span> <span class='ocrx_word' id='word_1_38' title='bbox 1949 603 2054 656; x_wconf 91' lang='lat' dir='ltr'><strong>hoc</strong></span> 
     </span>
    </p>
   </div>
   <div class='ocr_carea' id='block_1_9' title="bbox 472 693 2055 764">
    <p class='ocr_par' dir='ltr' id='par_1_9' title="bbox 472 693 2055 764">
     <span class='ocr_line' id='line_1_9' title="bbox 472 693 2055 764; baseline 0.001 -20"><span class='ocrx_word' id='word_1_39' title='bbox 472 697 626 764; x_wconf 86' lang='lat' dir='ltr'><strong>pueri</strong></span> <span class='ocrx_word' id='word_1_40' title='bbox 666 695 891 748; x_wconf 85' lang='lat' dir='ltr'><strong>nomine</strong></span> <span class='ocrx_word' id='word_1_41' title='bbox 945 696 1119 764; x_wconf 82' lang='lat' dir='ltr'><strong>magis</strong></span> <span class='ocrx_word' id='word_1_42' title='bbox 1166 697 1272 750; x_wconf 84' lang='lat' dir='ltr'><strong>sibi</strong></span> <span class='ocrx_word' id='word_1_43' title='bbox 1321 697 1495 764; x_wconf 78' lang='lat' dir='ltr'><strong>placet</strong></span> <span class='ocrx_word' id='word_1_44' title='bbox 1547 709 1710 762; x_wconf 87' lang='lat' dir='ltr'><strong>quam</strong></span> <span class='ocrx_word' id='word_1_45' title='bbox 1764 693 1906 761; x_wconf 83' lang='lat' dir='ltr'><strong>regis</strong></span> <span class='ocrx_word' id='word_1_46' title='bbox 1959 701 2055 746; x_wconf 89' lang='lat' dir='ltr'><strong>aut</strong></span> 
     </span>
    </p>
   </div>
   <div class='ocr_carea' id='block_1_10' title="bbox 471 785 2054 855">
    <p class='ocr_par' dir='ltr' id='par_1_10' title="bbox 471 785 2054 855">
     <span class='ocr_line' id='line_1_10' title="bbox 471 785 2054 855; baseline 0.001 -17"><span class='ocrx_word' id='word_1_47' title='bbox 471 787 768 853; x_wconf 60' lang='lat' dir='ltr'><strong>Propheta.</strong></span> <span class='ocrx_word' id='word_1_48' title='bbox 842 787 1100 855; x_wconf 72' lang='lat' dir='ltr'><strong>Sequitur</strong></span> <span class='ocrx_word' id='word_1_49' title='bbox 1149 806 1161 841; x_wconf 92' lang='lat'>:</span> <span class='ocrx_word' id='word_1_50' title='bbox 1221 788 1352 850; x_wconf 79' lang='lat' dir='ltr'><strong>Que</strong></span> <span class='ocrx_word' id='word_1_51' title='bbox 1397 789 1604 837; x_wconf 79' lang='lat' dir='ltr'><strong>locutus</strong></span> <span class='ocrx_word' id='word_1_52' title='bbox 1673 794 1752 838; x_wconf 74' lang='lat' dir='ltr'><strong>est</strong></span> <span class='ocrx_word' id='word_1_53' title='bbox 1803 785 2054 840; x_wconf 82' lang='lat' dir='ltr'><strong>Domino.</strong></span> 
     </span>
    </p>
   </div>
   <div class='ocr_carea' id='block_1_11' title="bbox 469 876 2055 943">
    <p class='ocr_par' dir='ltr' id='par_1_11' title="bbox 469 876 2055 943">
     <span class='ocr_line' id='line_1_11' title="bbox 469 876 2055 943; baseline 0.003 -16"><span class='ocrx_word' id='word_1_54' title='bbox 469 876 829 940; x_wconf 63' lang='lat' dir='ltr'><strong>Suhintollige</strong></span> <span class='ocrx_word' id='word_1_55' title='bbox 863 891 1162 943; x_wconf 86' lang='lat' dir='ltr'><strong>pronomen</strong></span> <span class='ocrx_word' id='word_1_56' title='bbox 1196 876 1330 936; x_wconf 78' lang='lat' dir='ltr'><strong>hwc,</strong></span> <span class='ocrx_word' id='word_1_57' title='bbox 1361 883 1419 929; x_wconf 90' lang='lat' dir='ltr'><strong>ut</strong></span> <span class='ocrx_word' id='word_1_58' title='bbox 1448 876 1518 928; x_wconf 90' lang='lat' dir='ltr'><strong>si-t</strong></span> <span class='ocrx_word' id='word_1_59' title='bbox 1547 876 1661 927; x_wconf 58' lang='lat' dir='ltr'><strong>haec</strong></span> <span class='ocrx_word' id='word_1_60' title='bbox 1691 890 1814 943; x_wconf 55' lang='lat' dir='ltr'><strong>quae</strong></span> <span class='ocrx_word' id='word_1_61' title='bbox 1835 877 2055 931; x_wconf 88' lang='lat' dir='ltr'><strong>locutus</strong></span> 
     </span>
    </p>
   </div>
   <div class='ocr_carea' id='block_1_12' title="bbox 469 965 2059 1033">
    <p class='ocr_par' dir='ltr' id='par_1_12' title="bbox 469 965 2059 1033">
     <span class='ocr_line' id='line_1_12' title="bbox 469 965 2059 1033; baseline 0.002 -16"><span class='ocrx_word' id='word_1_62' title='bbox 469 981 542 1019; x_wconf 65' lang='lat' dir='ltr'><strong>est</strong></span> <span class='ocrx_word' id='word_1_63' title='bbox 579 968 805 1019; x_wconf 76' lang='lat' dir='ltr'><strong>Dnmilto</strong></span> <span class='ocrx_word' id='word_1_64' title='bbox 834 969 1000 1021; x_wconf 85' lang='lat' dir='ltr'><strong>verba</strong></span> <span class='ocrx_word' id='word_1_65' title='bbox 1036 967 1237 1020; x_wconf 88' lang='lat' dir='ltr'><strong>cantici</strong></span> <span class='ocrx_word' id='word_1_66' title='bbox 1273 966 1460 1033; x_wconf 82' lang='lat' dir='ltr'><strong>hujus.</strong></span> <span class='ocrx_word' id='word_1_67' title='bbox 1493 965 1704 1020; x_wconf 88' lang='lat' dir='ltr'><strong>Cantici</strong></span> <span class='ocrx_word' id='word_1_68' title='bbox 1743 983 1870 1021; x_wconf 87' lang='lat' dir='ltr'><strong>vero</strong></span> <span class='ocrx_word' id='word_1_69' title='bbox 1919 967 2059 1020; x_wconf 78' lang='lat' dir='ltr'><strong>dixit</strong></span> 
     </span>
    </p>
   </div>
   <div class='ocr_carea' id='block_1_13' title="bbox 488 1059 2058 1128">
    <p class='ocr_par' dir='ltr' id='par_1_13' title="bbox 488 1059 2058 1128">
     <span class='ocr_line' id='line_1_13' title="bbox 488 1059 2058 1128; baseline -0.001 -15"><span class='ocrx_word' id='word_1_70' title='bbox 488 1071 520 1113; x_wconf 82' lang='lat' dir='ltr'><strong>-t</strong></span> <span class='ocrx_word' id='word_1_71' title='bbox 555 1076 659 1112; x_wconf 74' lang='lat' dir='ltr'><strong>non</strong></span> <span class='ocrx_word' id='word_1_72' title='bbox 698 1060 893 1113; x_wconf 87' lang='lat' dir='ltr'><strong>Psalmi</strong></span> <span class='ocrx_word' id='word_1_73' title='bbox 929 1079 940 1113; x_wconf 91' lang='lat'><strong>:</strong></span> <span class='ocrx_word' id='word_1_74' title='bbox 977 1061 1244 1123; x_wconf 74' lang='lat' dir='ltr'><strong>quianon</strong></span> <span class='ocrx_word' id='word_1_75' title='bbox 1293 1061 1504 1114; x_wconf 88' lang='lat' dir='ltr'><strong>musico</strong></span> <span class='ocrx_word' id='word_1_76' title='bbox 1555 1059 1741 1128; x_wconf 87' lang='lat' dir='ltr'><strong>aliquo</strong></span> <span class='ocrx_word' id='word_1_77' title='bbox 1789 1075 1914 1112; x_wconf 92' lang='lat' dir='ltr'><strong>cum</strong></span> <span class='ocrx_word' id='word_1_78' title='bbox 1973 1060 2058 1112; x_wconf 88' lang='lat' dir='ltr'><strong>iu-</strong></span> 
     </span>
    </p>
   </div>
   <div class='ocr_carea' id='block_1_14' title="bbox 472 1151 2056 1220">
    <p class='ocr_par' dir='ltr' id='par_1_14' title="bbox 472 1151 2056 1220">
     <span class='ocr_line' id='line_1_14' title="bbox 472 1151 2056 1220; baseline 0.001 -20"><span class='ocrx_word' id='word_1_79' title='bbox 472 1163 794 1206; x_wconf 71' lang='lat' dir='ltr'><strong>strttntenlo.</strong></span> <span class='ocrx_word' id='word_1_80' title='bbox 830 1153 922 1204; x_wconf 84' lang='lat' dir='ltr'><strong>sed</strong></span> <span class='ocrx_word' id='word_1_81' title='bbox 963 1152 1081 1220; x_wconf 48' lang='lat' dir='ltr'><strong>ipso</strong></span> <span class='ocrx_word' id='word_1_82' title='bbox 1120 1159 1332 1203; x_wconf 89' lang='lat' dir='ltr'><strong>tantum</strong></span> <span class='ocrx_word' id='word_1_83' title='bbox 1376 1166 1472 1205; x_wconf 85' lang='lat' dir='ltr'><strong>ore</strong></span> <span class='ocrx_word' id='word_1_84' title='bbox 1503 1151 1810 1205; x_wconf 72' lang='lat' dir='ltr'><strong>verliahtec</strong></span> <span class='ocrx_word' id='word_1_85' title='bbox 1835 1151 2056 1213; x_wconf 86' lang='lat' dir='ltr'><strong>cecinit,</strong></span> 
     </span>
    </p>
   </div>
   <div class='ocr_carea' id='block_1_15' title="bbox 471 1238 2059 1308">
    <p class='ocr_par' dir='ltr' id='par_1_15' title="bbox 471 1238 2059 1308">
     <span class='ocr_line' id='line_1_15' title="bbox 471 1238 2059 1308; baseline 0.002 -18"><span class='ocrx_word' id='word_1_86' title='bbox 471 1241 720 1304; x_wconf 66' lang='lat' dir='ltr'><strong>t‘lltltjdltl</strong></span> <span class='ocrx_word' id='word_1_87' title='bbox 757 1243 1166 1299; x_wconf 82' lang='lat' dir='ltr'><strong>etmscnuisset,</strong></span> <span class='ocrx_word' id='word_1_88' title='bbox 1200 1247 1258 1293; x_wconf 87' lang='lat' dir='ltr'><strong>ut</strong></span> <span class='ocrx_word' id='word_1_89' title='bbox 1291 1245 1342 1292; x_wconf 93' lang='lat' dir='ltr'><strong>ln</strong></span> <span class='ocrx_word' id='word_1_90' title='bbox 1370 1238 1577 1308; x_wconf 81' lang='lat' dir='ltr'><strong>Begu-tn</strong></span> <span class='ocrx_word' id='word_1_91' title='bbox 1615 1240 1770 1292; x_wconf 88' lang='lat' dir='ltr'><strong>libris</strong></span> <span class='ocrx_word' id='word_1_92' title='bbox 1797 1240 2059 1293; x_wconf 89' lang='lat' dir='ltr'><strong>traditur.</strong></span> 
     </span>
    </p>
   </div>
   <div class='ocr_carea' id='block_1_16' title="bbox 471 1330 2057 1400">
    <p class='ocr_par' dir='ltr' id='par_1_16' title="bbox 471 1330 2057 1400">
     <span class='ocr_line' id='line_1_16' title="bbox 471 1330 2057 1400; baseline 0.002 -17"><span class='ocrx_word' id='word_1_93' title='bbox 471 1330 580 1385; x_wconf 76' lang='lat' dir='ltr'><strong>Nos</strong></span> <span class='ocrx_word' id='word_1_94' title='bbox 613 1341 801 1384; x_wconf 90' lang='lat' dir='ltr'><strong>autem</strong></span> <span class='ocrx_word' id='word_1_95' title='bbox 829 1334 1126 1400; x_wconf 83' lang='lat' dir='ltr'><strong>improprie</strong></span> <span class='ocrx_word' id='word_1_96' title='bbox 1153 1332 1380 1384; x_wconf 82' lang='lat' dir='ltr'><strong>Cantica</strong></span> <span class='ocrx_word' id='word_1_97' title='bbox 1414 1333 1668 1386; x_wconf 87' lang='lat' dir='ltr'><strong>Psalmos</strong></span> <span class='ocrx_word' id='word_1_98' title='bbox 1694 1333 2057 1400; x_wconf 78' lang='lat' dir='ltr'><strong>appellamus.</strong></span> 
     </span>
    </p>
   </div>
   <div class='ocr_carea' id='block_1_17' title="bbox 470 1422 2060 1493">
    <p class='ocr_par' dir='ltr' id='par_1_17' title="bbox 470 1422 2060 1493">
     <span class='ocr_line' id='line_1_17' title="bbox 470 1422 2060 1493; baseline 0.002 -18"><span class='ocrx_word' id='word_1_99' title='bbox 470 1422 536 1475; x_wconf 81' lang='lat' dir='ltr'><strong>In</strong></span> <span class='ocrx_word' id='word_1_100' title='bbox 571 1425 652 1476; x_wconf 82' lang='lat' dir='ltr'><strong>die</strong></span> <span class='ocrx_word' id='word_1_101' title='bbox 677 1441 786 1491; x_wconf 83' lang='lat' dir='ltr'><strong>qua</strong></span> <span class='ocrx_word' id='word_1_102' title='bbox 821 1425 1012 1493; x_wconf 76' lang='lat' dir='ltr'><strong>eripuit</strong></span> <span class='ocrx_word' id='word_1_103' title='bbox 1031 1441 1148 1478; x_wconf 79' lang='lat' dir='ltr'><strong>cum</strong></span> <span class='ocrx_word' id='word_1_104' title='bbox 1174 1424 1433 1477; x_wconf 79' lang='lat' dir='ltr'><strong>Dominus</strong></span> <span class='ocrx_word' id='word_1_105' title='bbox 1461 1425 1524 1476; x_wconf 83' lang='lat' dir='ltr'><strong>de</strong></span> <span class='ocrx_word' id='word_1_106' title='bbox 1547 1439 1705 1476; x_wconf 85' lang='lat' dir='ltr'><strong>manu</strong></span> <span class='ocrx_word' id='word_1_107' title='bbox 1725 1425 2060 1478; x_wconf 79' lang='lat' dir='ltr'><strong>inimicorum</strong></span> 
     </span>
    </p>
   </div>
   <div class='ocr_carea' id='block_1_18' title="bbox 470 1515 2062 1585">
    <p class='ocr_par' dir='ltr' id='par_1_18' title="bbox 470 1515 2062 1585">
     <span class='ocr_line' id='line_1_18' title="bbox 470 1515 2062 1585; baseline 0.004 -20"><span class='ocrx_word' id='word_1_108' title='bbox 470 1531 687 1568; x_wconf 73' lang='lat' dir='ltr'><strong>auorum</strong></span> <span class='ocrx_word' id='word_1_109' title='bbox 716 1535 733 1571; x_wconf 88' lang='lat'><strong><em>:</em></strong></span> <span class='ocrx_word' id='word_1_110' title='bbox 759 1517 857 1570; x_wconf 84' lang='lat' dir='ltr'><strong>hoc</strong></span> <span class='ocrx_word' id='word_1_111' title='bbox 893 1527 974 1570; x_wconf 87' lang='lat' dir='ltr'><strong>est</strong></span> <span class='ocrx_word' id='word_1_112' title='bbox 1015 1518 1065 1569; x_wconf 90' lang='lat' dir='ltr'><strong>in</strong></span> <span class='ocrx_word' id='word_1_113' title='bbox 1097 1515 1184 1570; x_wconf 87' lang='lat' dir='ltr'><strong>die</strong></span> <span class='ocrx_word' id='word_1_114' title='bbox 1207 1515 1426 1585; x_wconf 87' lang='lat' dir='ltr'><strong>quando</strong></span> <span class='ocrx_word' id='word_1_115' title='bbox 1449 1516 1515 1568; x_wconf 90' lang='lat' dir='ltr'><strong>ab</strong></span> <span class='ocrx_word' id='word_1_116' title='bbox 1539 1517 1795 1570; x_wconf 82' lang='lat' dir='ltr'><strong>omnibus</strong></span> <span class='ocrx_word' id='word_1_117' title='bbox 1824 1517 2062 1571; x_wconf 82' lang='lat' dir='ltr'><strong>inimicis</strong></span> 
     </span>
    </p>
   </div>
   <div class='ocr_carea' id='block_1_19' title="bbox 473 1608 2062 1674">
    <p class='ocr_par' dir='ltr' id='par_1_19' title="bbox 473 1608 2062 1674">
     <span class='ocr_line' id='line_1_19' title="bbox 473 1608 2062 1674; baseline 0.004 -17"><span class='ocrx_word' id='word_1_118' title='bbox 473 1623 612 1674; x_wconf 88' lang='lat' dir='ltr'><strong>quos</strong></span> <span class='ocrx_word' id='word_1_119' title='bbox 646 1617 874 1662; x_wconf 84' lang='lat' dir='ltr'><strong>eatenus</strong></span> <span class='ocrx_word' id='word_1_120' title='bbox 907 1609 1216 1672; x_wconf 88' lang='lat' dir='ltr'><strong>habuerat,</strong></span> <span class='ocrx_word' id='word_1_121' title='bbox 1273 1617 1381 1660; x_wconf 92' lang='lat' dir='ltr'><strong>tam</strong></span> <span class='ocrx_word' id='word_1_122' title='bbox 1426 1608 1748 1674; x_wconf 67' lang='lat' dir='ltr'><strong>alienigenis</strong></span> <span class='ocrx_word' id='word_1_123' title='bbox 1814 1609 2062 1663; x_wconf 78' lang='lat' dir='ltr'><strong>videlicet</strong></span> 
     </span>
    </p>
   </div>
   <div class='ocr_carea' id='block_1_20' title="bbox 473 1696 2056 1770">
    <p class='ocr_par' dir='ltr' id='par_1_20' title="bbox 473 1696 2056 1770">
     <span class='ocr_line' id='line_1_20' title="bbox 473 1696 2056 1770; baseline 0.003 -20"><span class='ocrx_word' id='word_1_124' title='bbox 473 1714 638 1766; x_wconf 88' lang='lat' dir='ltr'><strong>quam</strong></span> <span class='ocrx_word' id='word_1_125' title='bbox 675 1696 946 1769; x_wconf 77' lang='lat' dir='ltr'><strong>cognatis,</strong></span> <span class='ocrx_word' id='word_1_126' title='bbox 984 1709 1230 1768; x_wconf 88' lang='lat' dir='ltr'><strong>ereptum</strong></span> <span class='ocrx_word' id='word_1_127' title='bbox 1265 1715 1323 1753; x_wconf 91' lang='lat' dir='ltr'><strong>se</strong></span> <span class='ocrx_word' id='word_1_128' title='bbox 1358 1715 1420 1753; x_wconf 91' lang='lat' dir='ltr'><strong>ac</strong></span> <span class='ocrx_word' id='word_1_129' title='bbox 1477 1702 1768 1754; x_wconf 85' lang='lat' dir='ltr'><strong>liberatum</strong></span> <span class='ocrx_word' id='word_1_130' title='bbox 1823 1703 2056 1770; x_wconf 85' lang='lat' dir='ltr'><strong>putavit.</strong></span> 
     </span>
    </p>
   </div>
   <div class='ocr_carea' id='block_1_21' title="bbox 2156 512 3747 583">
    <p class='ocr_par' dir='ltr' id='par_1_21' title="bbox 2156 512 3747 583">
     <span class='ocr_line' id='line_1_21' title="bbox 2156 512 3747 583; baseline 0 -18"><span class='ocrx_word' id='word_1_131' title='bbox 2156 531 2246 578; x_wconf 83' lang='grc' dir='ltr'><strong>τος</strong></span> <span class='ocrx_word' id='word_1_132' title='bbox 2285 513 2401 576; x_wconf 83' lang='grc' dir='ltr'>τοῦ,</span> <span class='ocrx_word' id='word_1_133' title='bbox 2439 513 2626 567; x_wconf 77' lang='grc' dir='ltr'>ταῦτά</span> <span class='ocrx_word' id='word_1_134' title='bbox 2669 517 2808 579; x_wconf 75' lang='grc' dir='ltr'>εισι,</span> <span class='ocrx_word' id='word_1_135' title='bbox 2840 513 3042 583; x_wconf 84' lang='grc' dir='ltr'>δηλαδὴ</span> <span class='ocrx_word' id='word_1_136' title='bbox 3093 513 3222 575; x_wconf 77' lang='grc' dir='ltr'>τοὺς</span> <span class='ocrx_word' id='word_1_137' title='bbox 3256 512 3450 579; x_wconf 77' lang='grc' dir='ltr'><strong>λόγους</strong></span> <span class='ocrx_word' id='word_1_138' title='bbox 3479 512 3576 580; x_wconf 79' lang='grc' dir='ltr'>τῆς</span> <span class='ocrx_word' id='word_1_139' title='bbox 3602 512 3747 583; x_wconf 78' lang='grc' dir='ltr'><strong>ᾠδῆς</strong></span> 
     </span>
    </p>
   </div>
   <div class='ocr_carea' id='block_1_22' title="bbox 2157 601 3746 677">
    <p class='ocr_par' dir='ltr' id='par_1_22' title="bbox 2157 601 3746 677">
     <span class='ocr_line' id='line_1_22' title="bbox 2157 601 3746 677; baseline -0.001 -18"><span class='ocrx_word' id='word_1_140' title='bbox 2157 607 2361 676; x_wconf 82' lang='grc' dir='ltr'>ταύτης</span> <span class='ocrx_word' id='word_1_141' title='bbox 2386 607 2667 676; x_wconf 73' lang='grc' dir='ltr'>ἐλάλησεν.</span> <span class='ocrx_word' id='word_1_142' title='bbox 2711 606 2867 677; x_wconf 81' lang='grc' dir='ltr'><strong>ᾨδῆς</strong></span> <span class='ocrx_word' id='word_1_143' title='bbox 2892 606 2948 658; x_wconf 76' lang='grc' dir='ltr'><strong>δὲ</strong></span> <span class='ocrx_word' id='word_1_144' title='bbox 2974 603 3284 673; x_wconf 68' lang='grc' dir='ltr'>ἐπέγραψε,</span> <span class='ocrx_word' id='word_1_145' title='bbox 3307 604 3401 656; x_wconf 68' lang='grc' dir='ltr'>καὶ</span> <span class='ocrx_word' id='word_1_146' title='bbox 3419 603 3478 656; x_wconf 77' lang='grc' dir='ltr'><strong>ού</strong></span> <span class='ocrx_word' id='word_1_147' title='bbox 3500 601 3746 673; x_wconf 75' lang='grc' dir='ltr'>ψαλμοῦ,</span> 
     </span>
    </p>
   </div>
   <div class='ocr_carea' id='block_1_23' title="bbox 2157 695 3750 768">
    <p class='ocr_par' dir='ltr' id='par_1_23' title="bbox 2157 695 3750 768">
     <span class='ocr_line' id='line_1_23' title="bbox 2157 695 3750 768; baseline -0.002 -15"><span class='ocrx_word' id='word_1_148' title='bbox 2157 701 2240 754; x_wconf 77' lang='grc' dir='ltr'>ὅτι</span> <span class='ocrx_word' id='word_1_149' title='bbox 2271 701 2331 752; x_wconf 86' lang='grc' dir='ltr'>οὐ</span> <span class='ocrx_word' id='word_1_150' title='bbox 2360 699 2446 752; x_wconf 78' lang='grc' dir='ltr'>διὰ</span> <span class='ocrx_word' id='word_1_151' title='bbox 2485 698 2765 768; x_wconf 75' lang='grc' dir='ltr'><strong>μουσικῶν</strong></span> <span class='ocrx_word' id='word_1_152' title='bbox 2788 698 3062 768; x_wconf 82' lang='grc' dir='ltr'>ὀργάνων,</span> <span class='ocrx_word' id='word_1_153' title='bbox 3107 695 3223 749; x_wconf 86' lang='grc' dir='ltr'>ἀλλ’</span> <span class='ocrx_word' id='word_1_154' title='bbox 3253 695 3364 749; x_wconf 78' lang='grc' dir='ltr'><strong>ἀπὸ</strong></span> <span class='ocrx_word' id='word_1_155' title='bbox 3414 696 3579 765; x_wconf 86' lang='grc' dir='ltr'><strong>μόνου</strong></span> <span class='ocrx_word' id='word_1_156' title='bbox 3623 698 3750 750; x_wconf 83' lang='grc' dir='ltr'>στό-</span> 
     </span>
    </p>
   </div>
   <div class='ocr_carea' id='block_1_24' title="bbox 2163 787 3750 864">
    <p class='ocr_par' dir='ltr' id='par_1_24' title="bbox 2163 787 3750 864">
     <span class='ocr_line' id='line_1_24' title="bbox 2163 787 3750 864; baseline -0.001 -20"><span class='ocrx_word' id='word_1_157' title='bbox 2163 807 2330 861; x_wconf 86' lang='grc' dir='ltr'>ματος</span> <span class='ocrx_word' id='word_1_158' title='bbox 2362 787 2460 864; x_wconf 78' lang='grc' dir='ltr'>ᾖσε</span> <span class='ocrx_word' id='word_1_159' title='bbox 2498 792 2597 854; x_wconf 78' lang='grc' dir='ltr'>τὴν</span> <span class='ocrx_word' id='word_1_160' title='bbox 2630 789 2772 861; x_wconf 79' lang='grc' dir='ltr'><strong>ᾠδὴν</strong></span> <span class='ocrx_word' id='word_1_161' title='bbox 2811 789 3036 861; x_wconf 83' lang='grc' dir='ltr'>ταύτην,</span> <span class='ocrx_word' id='word_1_162' title='bbox 3099 789 3201 858; x_wconf 71' lang='grc' dir='ltr'><strong>ήδη</strong></span> <span class='ocrx_word' id='word_1_163' title='bbox 3241 788 3517 859; x_wconf 80' lang='grc' dir='ltr'><strong>γηράσας,</strong></span> <span class='ocrx_word' id='word_1_164' title='bbox 3568 789 3645 852; x_wconf 84' lang='grc' dir='ltr'><strong>ὡς</strong></span> <span class='ocrx_word' id='word_1_165' title='bbox 3693 791 3750 842; x_wconf 79' lang='grc' dir='ltr'><strong>ἐν</strong></span> 
     </span>
    </p>
   </div>
   <div class='ocr_carea' id='block_1_25' title="bbox 2159 881 3745 954">
    <p class='ocr_par' dir='ltr' id='par_1_25' title="bbox 2159 881 3745 954">
     <span class='ocr_line' id='line_1_25' title="bbox 2159 881 3745 954; baseline 0 -19"><span class='ocrx_word' id='word_1_166' title='bbox 2159 886 2224 954; x_wconf 75' lang='grc' dir='ltr'><strong>τῇ</strong></span> <span class='ocrx_word' id='word_1_167' title='bbox 2261 882 2427 952; x_wconf 77' lang='grc' dir='ltr'>βίϐλῳ</span> <span class='ocrx_word' id='word_1_168' title='bbox 2463 882 2574 935; x_wconf 92' lang='grc' dir='ltr'><strong>τῶν</strong></span> <span class='ocrx_word' id='word_1_169' title='bbox 2620 881 2922 935; x_wconf 80' lang='grc' dir='ltr'>Βασιλειῶν</span> <span class='ocrx_word' id='word_1_170' title='bbox 2971 882 3413 951; x_wconf 82' lang='grc' dir='ltr'>ἀναγέγραπται.</span> <span class='ocrx_word' id='word_1_171' title='bbox 3462 881 3659 949; x_wconf 80' lang='grc' dir='ltr'>Ἡμεῖς</span> <span class='ocrx_word' id='word_1_172' title='bbox 3694 882 3745 935; x_wconf 67' lang='grc' dir='ltr'>δὲ</span> 
     </span>
    </p>
   </div>
   <div class='ocr_carea' id='block_1_26' title="bbox 2161 969 3750 1040">
    <p class='ocr_par' dir='ltr' id='par_1_26' title="bbox 2161 969 3750 1040">
     <span class='ocr_line' id='line_1_26' title="bbox 2161 969 3750 1040; baseline 0.001 -16"><span class='ocrx_word' id='word_1_173' title='bbox 2161 971 2607 1040; x_wconf 79' lang='grc' dir='ltr'>καταχρώμενοι,</span> <span class='ocrx_word' id='word_1_174' title='bbox 2651 971 2870 1040; x_wconf 75' lang='grc' dir='ltr'>ψαλμὸν</span> <span class='ocrx_word' id='word_1_175' title='bbox 2916 973 3011 1024; x_wconf 67' lang='grc' dir='ltr'>καὶ</span> <span class='ocrx_word' id='word_1_176' title='bbox 3038 970 3179 1040; x_wconf 79' lang='grc' dir='ltr'>ᾠδὴν</span> <span class='ocrx_word' id='word_1_177' title='bbox 3228 969 3436 1040; x_wconf 79' lang='grc' dir='ltr'>ταύτην</span> <span class='ocrx_word' id='word_1_178' title='bbox 3483 971 3750 1040; x_wconf 70' lang='grc' dir='ltr'>ὀνομάζος</span> 
     </span>
    </p>
   </div>
   <div class='ocr_carea' id='block_1_27' title="bbox 2167 1056 3747 1132">
    <p class='ocr_par' dir='ltr' id='par_1_27' title="bbox 2167 1056 3747 1132">
     <span class='ocr_line' id='line_1_27' title="bbox 2167 1056 3747 1132; baseline 0.004 -20"><span class='ocrx_word' id='word_1_179' title='bbox 2167 1079 2288 1130; x_wconf 84' lang='grc' dir='ltr'>μεν.</span> <span class='ocrx_word' id='word_1_180' title='bbox 2338 1063 2442 1116; x_wconf 83' lang='grc' dir='ltr'><em>Ἑν</em></span> <span class='ocrx_word' id='word_1_181' title='bbox 2480 1061 2668 1130; x_wconf 79' lang='grc' dir='ltr'><strong>ἡμέρᾳ</strong></span> <span class='ocrx_word' id='word_1_182' title='bbox 2701 1062 2788 1126; x_wconf 82' lang='grc' dir='ltr'><strong>δὲ,</strong></span> <span class='ocrx_word' id='word_1_183' title='bbox 2823 1056 2862 1132; x_wconf 86' lang='grc' dir='ltr'><em>ᾗ</em></span> <span class='ocrx_word' id='word_1_184' title='bbox 2895 1065 2927 1116; x_wconf 83' lang='grc' dir='ltr'><em>ὁ</em></span> <span class='ocrx_word' id='word_1_185' title='bbox 2972 1063 3184 1128; x_wconf 80' lang='grc' dir='ltr'>Κύριος</span> <span class='ocrx_word' id='word_1_186' title='bbox 3217 1062 3517 1128; x_wconf 75' lang='grc' dir='ltr'>ἐρῤὐσατο</span> <span class='ocrx_word' id='word_1_187' title='bbox 3564 1064 3747 1118; x_wconf 82' lang='grc' dir='ltr'>αὑτὸν</span> 
     </span>
    </p>
   </div>
   <div class='ocr_carea' id='block_1_28' title="bbox 2161 1154 3740 1224">
    <p class='ocr_par' dir='ltr' id='par_1_28' title="bbox 2161 1154 3740 1224">
     <span class='ocr_line' id='line_1_28' title="bbox 2161 1154 3740 1224; baseline -0.001 -16"><span class='ocrx_word' id='word_1_188' title='bbox 2161 1155 2229 1208; x_wconf 78' lang='grc' dir='ltr'>ἐκ</span> <span class='ocrx_word' id='word_1_189' title='bbox 2262 1158 2458 1222; x_wconf 74' lang='grc' dir='ltr'>χειρὸς</span> <span class='ocrx_word' id='word_1_190' title='bbox 2496 1156 2738 1209; x_wconf 79' lang='grc' dir='ltr'>πάντων</span> <span class='ocrx_word' id='word_1_191' title='bbox 2768 1155 2885 1209; x_wconf 78' lang='grc' dir='ltr'>τῶν</span> <span class='ocrx_word' id='word_1_192' title='bbox 2915 1154 3146 1223; x_wconf 79' lang='grc' dir='ltr'><strong>ἐχθρῶν</strong></span> <span class='ocrx_word' id='word_1_193' title='bbox 3188 1154 3398 1216; x_wconf 82' lang='grc' dir='ltr'>αὑτοῦ,</span> <span class='ocrx_word' id='word_1_194' title='bbox 3443 1157 3740 1224; x_wconf 75' lang='grc' dir='ltr'><strong>τουτέστιν,</strong></span> 
     </span>
    </p>
   </div>
   <div class='ocr_carea' id='block_1_29' title="bbox 2163 1231 3792 1317">
    <p class='ocr_par' dir='ltr' id='par_1_29' title="bbox 2163 1231 3792 1317">
     <span class='ocr_line' id='line_1_29' title="bbox 2163 1231 3792 1317; baseline 0.004 -23"><span class='ocrx_word' id='word_1_195' title='bbox 2163 1245 2222 1294; x_wconf 83' lang='grc' dir='ltr'><strong>ὲν</strong></span> <span class='ocrx_word' id='word_1_196' title='bbox 2255 1243 2459 1314; x_wconf 76' lang='grc' dir='ltr'>ἡμέρᾳ,</span> <span class='ocrx_word' id='word_1_197' title='bbox 2492 1245 2582 1296; x_wconf 83' lang='grc' dir='ltr'>ὅτε</span> <span class='ocrx_word' id='word_1_198' title='bbox 2632 1243 2809 1308; x_wconf 77' lang='grc' dir='ltr'>ἔδοξεν</span> <span class='ocrx_word' id='word_1_199' title='bbox 2867 1245 3302 1313; x_wconf 80' lang='grc' dir='ltr'>ὲλευΟερωθῆναι</span> <span class='ocrx_word' id='word_1_200' title='bbox 3350 1247 3570 1299; x_wconf 73' lang='grc' dir='ltr'>πάντων</span> <span class='ocrx_word' id='word_1_201' title='bbox 3621 1248 3745 1317; x_wconf 79' lang='grc' dir='ltr'>ἄχρι</span> <span class='ocrx_word' id='word_1_202' title='bbox 3789 1231 3792 1238; x_wconf 33' lang='grc'><strong><em>1</em></strong></span> 
     </span>
    </p>
   </div>
   <div class='ocr_carea' id='block_1_30' title="bbox 2163 1331 3750 1406">
    <p class='ocr_par' dir='ltr' id='par_1_30' title="bbox 2163 1331 3750 1406">
     <span class='ocr_line' id='line_1_30' title="bbox 2163 1331 3750 1406; baseline 0.005 -22"><span class='ocrx_word' id='word_1_203' title='bbox 2163 1331 2285 1384; x_wconf 84' lang='grc' dir='ltr'>τότε</span> <span class='ocrx_word' id='word_1_204' title='bbox 2320 1333 2616 1401; x_wconf 78' lang='grc' dir='ltr'>πολεμίων,</span> <span class='ocrx_word' id='word_1_205' title='bbox 2671 1338 2766 1386; x_wconf 71' lang='grc' dir='ltr'><strong>καὶ</strong></span> <span class='ocrx_word' id='word_1_206' title='bbox 2807 1334 3135 1402; x_wconf 84' lang='grc' dir='ltr'><strong>ἀλλογενῶν,</strong></span> <span class='ocrx_word' id='word_1_207' title='bbox 3177 1338 3272 1388; x_wconf 64' lang='grc' dir='ltr'>καὶ</span> <span class='ocrx_word' id='word_1_208' title='bbox 3292 1337 3593 1406; x_wconf 80' lang='grc' dir='ltr'>ὁμογενῶν.</span> <span class='ocrx_word' id='word_1_209' title='bbox 3626 1345 3750 1394; x_wconf 81' lang='grc' dir='ltr'>Διε-</span> 
     </span>
    </p>
   </div>
   <div class='ocr_carea' id='block_1_31' title="bbox 2163 1425 3749 1500">
    <p class='ocr_par' dir='ltr' id='par_1_31' title="bbox 2163 1425 3749 1500">
     <span class='ocr_line' id='line_1_31' title="bbox 2163 1425 3749 1500; baseline 0.007 -23"><span class='ocrx_word' id='word_1_210' title='bbox 2163 1425 2272 1477; x_wconf 84' lang='grc' dir='ltr'>λὼν</span> <span class='ocrx_word' id='word_1_211' title='bbox 2299 1427 2354 1480; x_wconf 83' lang='grc' dir='ltr'><strong>δὲ</strong></span> <span class='ocrx_word' id='word_1_212' title='bbox 2383 1427 2494 1479; x_wconf 90' lang='grc' dir='ltr'><strong>τῶν</strong></span> <span class='ocrx_word' id='word_1_213' title='bbox 2515 1427 2691 1481; x_wconf 80' lang='grc' dir='ltr'>ἄλλων</span> <span class='ocrx_word' id='word_1_214' title='bbox 2714 1427 2926 1498; x_wconf 78' lang='grc' dir='ltr'><strong>ἐχθρῶν</strong></span> <span class='ocrx_word' id='word_1_215' title='bbox 2955 1429 3044 1481; x_wconf 82' lang='grc' dir='ltr'>τὸν</span> <span class='ocrx_word' id='word_1_216' title='bbox 3079 1431 3274 1488; x_wconf 68' lang='grc' dir='ltr'>Σαοὺλ,</span> <span class='ocrx_word' id='word_1_217' title='bbox 3302 1431 3406 1500; x_wconf 74' lang='grc' dir='ltr'>ἰδία</span> <span class='ocrx_word' id='word_1_218' title='bbox 3442 1435 3536 1484; x_wconf 81' lang='grc' dir='ltr'>καὶ</span> <span class='ocrx_word' id='word_1_219' title='bbox 3559 1435 3749 1488; x_wconf 81' lang='grc' dir='ltr'>τελευ-</span> 
     </span>
    </p>
   </div>
   <div class='ocr_carea' id='block_1_32' title="bbox 2165 1517 3745 1591">
    <p class='ocr_par' dir='ltr' id='par_1_32' title="bbox 2165 1517 3745 1591">
     <span class='ocr_line' id='line_1_32' title="bbox 2165 1517 3745 1591; baseline 0.007 -24"><span class='ocrx_word' id='word_1_220' title='bbox 2165 1519 2314 1568; x_wconf 86' lang='grc' dir='ltr'>ταῖον</span> <span class='ocrx_word' id='word_1_221' title='bbox 2346 1517 2652 1587; x_wconf 83' lang='grc' dir='ltr'>τέοηκεν,ἢ</span> <span class='ocrx_word' id='word_1_222' title='bbox 2689 1519 2762 1581; x_wconf 81' lang='grc' dir='ltr'>ὡς</span> <span class='ocrx_word' id='word_1_223' title='bbox 2790 1519 3203 1589; x_wconf 77' lang='grc' dir='ltr'>πολεμιώτατον</span> <span class='ocrx_word' id='word_1_224' title='bbox 3233 1522 3401 1576; x_wconf 80' lang='grc' dir='ltr'>αὐτοῦ</span> <span class='ocrx_word' id='word_1_225' title='bbox 3429 1526 3745 1591; x_wconf 80' lang='grc' dir='ltr'>γενόμενον,</span> 
     </span>
    </p>
   </div>
   <div class='ocr_carea' id='block_1_33' title="bbox 2164 1607 3747 1682">
    <p class='ocr_par' dir='ltr' id='par_1_33' title="bbox 2164 1607 3747 1682">
     <span class='ocr_line' id='line_1_33' title="bbox 2164 1607 3747 1682; baseline 0.006 -23"><span class='ocrx_word' id='word_1_226' title='bbox 2164 1607 2198 1678; x_wconf 81' lang='grc' dir='ltr'>ἦ</span> <span class='ocrx_word' id='word_1_227' title='bbox 2229 1609 2545 1677; x_wconf 75' lang='grc' dir='ltr'><strong>φειδόμενος</strong></span> <span class='ocrx_word' id='word_1_228' title='bbox 2569 1612 2682 1672; x_wconf 84' lang='grc' dir='ltr'>τοῖς</span> <span class='ocrx_word' id='word_1_229' title='bbox 2706 1610 2888 1674; x_wconf 79' lang='grc' dir='ltr'>ἄλλοις</span> <span class='ocrx_word' id='word_1_230' title='bbox 2917 1612 3130 1681; x_wconf 76' lang='grc' dir='ltr'>ἐχθροῖς</span> <span class='ocrx_word' id='word_1_231' title='bbox 3157 1615 3418 1679; x_wconf 74' lang='grc' dir='ltr'>συντάξαι</span> <span class='ocrx_word' id='word_1_232' title='bbox 3439 1615 3649 1681; x_wconf 71' lang='grc' dir='ltr'>τοῦτον,</span> <span class='ocrx_word' id='word_1_233' title='bbox 3672 1619 3747 1682; x_wconf 83' lang='grc' dir='ltr'>ὡς</span> 
     </span>
    </p>
   </div>
   <div class='ocr_carea' id='block_1_34' title="bbox 2168 1700 3751 1775">
    <p class='ocr_par' dir='ltr' id='par_1_34' title="bbox 2168 1700 3751 1775">
     <span class='ocr_line' id='line_1_34' title="bbox 2168 1700 3751 1775; baseline 0.005 -21"><span class='ocrx_word' id='word_1_234' title='bbox 2168 1700 2394 1769; x_wconf 76' lang='grc' dir='ltr'><strong>βασιλέα</strong></span> <span class='ocrx_word' id='word_1_235' title='bbox 2439 1703 2535 1754; x_wconf 74' lang='grc' dir='ltr'>καὶ</span> <span class='ocrx_word' id='word_1_236' title='bbox 2575 1703 2876 1773; x_wconf 78' lang='grc' dir='ltr'><strong>εὐεργέτην</strong></span> <span class='ocrx_word' id='word_1_237' title='bbox 2934 1705 3098 1757; x_wconf 77' lang='grc' dir='ltr'>αὑτοῦ</span> <span class='ocrx_word' id='word_1_238' title='bbox 3138 1723 3270 1759; x_wconf 78' lang='grc' dir='ltr'>ποτε</span> <span class='ocrx_word' id='word_1_239' title='bbox 3327 1710 3612 1775; x_wconf 82' lang='grc' dir='ltr'>γεγονότα,</span> <span class='ocrx_word' id='word_1_240' title='bbox 3657 1712 3751 1764; x_wconf 67' lang='grc' dir='ltr'><strong>κςιιλ⁸</strong></span> 
     </span>
    </p>
   </div>
   <div class='ocr_carea' id='block_1_35' title="bbox 473 1788 2444 1862">
    <p class='ocr_par' dir='ltr' id='par_1_35' title="bbox 473 1788 2444 1862">
     <span class='ocr_line' id='line_1_35' title="bbox 473 1788 2444 1862; baseline 0.004 -21"><span class='ocrx_word' id='word_1_241' title='bbox 473 1788 734 1844; x_wconf 84' lang='lat' dir='ltr'><strong>Privatim</strong></span> <span class='ocrx_word' id='word_1_242' title='bbox 775 1802 951 1845; x_wconf 81' lang='lat' dir='ltr'><strong>tamen</strong></span> <span class='ocrx_word' id='word_1_243' title='bbox 991 1792 1207 1845; x_wconf 84' lang='lat' dir='ltr'><strong>Saulem</strong></span> <span class='ocrx_word' id='word_1_244' title='bbox 1239 1807 1266 1844; x_wconf 89' lang='lat' dir='ltr'><strong>a</strong></span> <span class='ocrx_word' id='word_1_245' title='bbox 1300 1792 1520 1845; x_wconf 59' lang='lat' dir='ltr'><strong>caeteris</strong></span> <span class='ocrx_word' id='word_1_246' title='bbox 1569 1791 1922 1860; x_wconf 66' lang='lat' dir='ltr'><strong>distinguens</strong></span> <span class='ocrx_word' id='word_1_247' title='bbox 1948 1793 2054 1846; x_wconf 85' lang='lat' dir='ltr'><strong>ini—</strong></span> <span class='ocrx_word' id='word_1_248' title='bbox 2090 1791 2127 1844; x_wconf 79' lang='grc' dir='ltr'><strong><em>Β</em></strong></span> <span class='ocrx_word' id='word_1_249' title='bbox 2161 1793 2444 1862; x_wconf 57' lang='grc' dir='ltr'>πινθερόν.</span> 
     </span>
    </p>
   </div>
   <div class='ocr_carea' id='block_1_36' title="bbox 473 1881 3751 1960">
    <p class='ocr_par' dir='ltr' id='par_1_36' title="bbox 473 1881 3751 1960">
     <span class='ocr_line' id='line_1_36' title="bbox 473 1881 3751 1960; baseline 0.006 -28"><span class='ocrx_word' id='word_1_250' title='bbox 473 1881 654 1944; x_wconf 71' lang='lat' dir='ltr'><strong>micis,</strong></span> <span class='ocrx_word' id='word_1_251' title='bbox 697 1883 890 1935; x_wconf 89' lang='lat' dir='ltr'><strong>ultimo</strong></span> <span class='ocrx_word' id='word_1_252' title='bbox 946 1897 1071 1934; x_wconf 88' lang='lat' dir='ltr'><strong>eum</strong></span> <span class='ocrx_word' id='word_1_253' title='bbox 1123 1883 1192 1935; x_wconf 73' lang='lat' dir='ltr'><strong>let</strong></span> <span class='ocrx_word' id='word_1_254' title='bbox 1214 1898 1266 1940; x_wconf 74' lang='grc' dir='ltr'>ι),</span> <span class='ocrx_word' id='word_1_255' title='bbox 1295 1897 1358 1934; x_wconf 89' lang='lat' dir='ltr'><strong>ac</strong></span> <span class='ocrx_word' id='word_1_256' title='bbox 1425 1883 1748 1934; x_wconf 74' lang='lat' dir='ltr'><strong>nominatim</strong></span> <span class='ocrx_word' id='word_1_257' title='bbox 1804 1884 2274 1947; x_wconf 73' lang='lat' dir='ltr'><strong>ct-n-int-nmravit,</strong></span> <span class='ocrx_word' id='word_1_258' title='bbox 2349 1885 2430 1936; x_wconf 96' lang='lat' dir='ltr'><strong>vel</strong></span> <span class='ocrx_word' id='word_1_259' title='bbox 2508 1892 2766 1955; x_wconf 88' lang='lat' dir='ltr'><strong>tanquam</strong></span> <span class='ocrx_word' id='word_1_260' title='bbox 2843 1891 3085 1945; x_wconf 85' lang='lat' dir='ltr'><strong>omnium</strong></span> <span class='ocrx_word' id='word_1_261' title='bbox 3144 1892 3622 1960; x_wconf 78' lang='lat' dir='ltr'><strong>inimicissimum,</strong></span> <span class='ocrx_word' id='word_1_262' title='bbox 3667 1884 3751 1953; x_wconf 76' lang='lat' dir='ltr'><strong>vel</strong></span> 
     </span>
    </p>
   </div>
   <div class='ocr_carea' id='block_1_37' title="bbox 475 1975 3750 2060">
    <p class='ocr_par' dir='ltr' id='par_1_37' title="bbox 475 1975 3750 2060">
     <span class='ocr_line' id='line_1_37' title="bbox 475 1975 3750 2060; baseline 0.006 -33"><span class='ocrx_word' id='word_1_263' title='bbox 475 1975 615 2030; x_wconf 81' lang='lat' dir='ltr'><strong>forte</strong></span> <span class='ocrx_word' id='word_1_264' title='bbox 637 1977 762 2046; x_wconf 83' lang='lat' dir='ltr'><strong>quia</strong></span> <span class='ocrx_word' id='word_1_265' title='bbox 791 1987 839 2031; x_wconf 87' lang='lat' dir='ltr'><strong>et</strong></span> <span class='ocrx_word' id='word_1_266' title='bbox 872 1992 1052 2046; x_wconf 77' lang='lat' dir='ltr'><strong>regem</strong></span> <span class='ocrx_word' id='word_1_267' title='bbox 1098 1985 1152 2032; x_wconf 90' lang='lat' dir='ltr'><strong>et</strong></span> <span class='ocrx_word' id='word_1_268' title='bbox 1196 1991 1473 2039; x_wconf 80' lang='lat' dir='ltr'><strong>socerum,</strong></span> <span class='ocrx_word' id='word_1_269' title='bbox 1507 1985 1563 2030; x_wconf 88' lang='lat' dir='ltr'><strong>et</strong></span> <span class='ocrx_word' id='word_1_270' title='bbox 1597 1977 1665 2031; x_wconf 92' lang='lat' dir='ltr'><strong>de</strong></span> <span class='ocrx_word' id='word_1_271' title='bbox 1697 1992 1756 2030; x_wconf 88' lang='lat' dir='ltr'><strong>se</strong></span> <span class='ocrx_word' id='word_1_272' title='bbox 1787 1977 2084 2046; x_wconf 70' lang='lat' dir='ltr'><strong>aliquando</strong></span> <span class='ocrx_word' id='word_1_273' title='bbox 2121 1977 2517 2034; x_wconf 81' lang='lat' dir='ltr'><strong>bencmeritum</strong></span> <span class='ocrx_word' id='word_1_274' title='bbox 2551 1983 2717 2037; x_wconf 86' lang='lat' dir='ltr'><strong>simul</strong></span> <span class='ocrx_word' id='word_1_275' title='bbox 2749 1999 2874 2038; x_wconf 86' lang='lat' dir='ltr'><strong>cum</strong></span> <span class='ocrx_word' id='word_1_276' title='bbox 2950 1987 3072 2041; x_wconf 82' lang='lat' dir='ltr'><strong>aliis</strong></span> <span class='ocrx_word' id='word_1_277' title='bbox 3126 1990 3570 2060; x_wconf 76' lang='lat' dir='ltr'><strong>coniungendum</strong></span> <span class='ocrx_word' id='word_1_278' title='bbox 3643 2010 3750 2050; x_wconf 84' lang='lat' dir='ltr'><strong>non</strong></span> 
     </span>
    </p>
   </div>
   <div class='ocr_carea' id='block_1_38' title="bbox 472 2071 654 2124">
    <p class='ocr_par' dir='ltr' id='par_1_38' title="bbox 472 2071 654 2124">
     <span class='ocr_line' id='line_1_38' title="bbox 472 2071 654 2124; baseline 0 -1"><span class='ocrx_word' id='word_1_279' title='bbox 472 2071 654 2124; x_wconf 58' lang='lat' dir='ltr'><strong>duxit.</strong></span> 
     </span>
    </p>
   </div>
   <div class='ocr_carea' id='block_1_39' title="bbox 541 2160 2066 2233">
    <p class='ocr_par' dir='ltr' id='par_1_39' title="bbox 541 2160 2066 2233">
     <span class='ocr_line' id='line_1_39' title="bbox 541 2160 2066 2233; baseline 0.003 -19"><span class='ocrx_word' id='word_1_280' title='bbox 541 2161 710 2216; x_wconf 69' lang='lat' dir='ltr'><strong>Vens.</strong></span> <span class='ocrx_word' id='word_1_281' title='bbox 751 2161 804 2216; x_wconf 71' lang='lat'><strong>2.</strong></span> <span class='ocrx_word' id='word_1_282' title='bbox 845 2160 1076 2233; x_wconf 82' lang='lat' dir='ltr'><strong>Diligam</strong></span> <span class='ocrx_word' id='word_1_283' title='bbox 1109 2171 1178 2228; x_wconf 79' lang='lat' dir='ltr'><strong>te,</strong></span> <span class='ocrx_word' id='word_1_284' title='bbox 1216 2163 1454 2224; x_wconf 77' lang='lat' dir='ltr'><strong>nontine,</strong></span> <span class='ocrx_word' id='word_1_285' title='bbox 1476 2162 1734 2231; x_wconf 74' lang='lat' dir='ltr'><strong>fortitudo</strong></span> <span class='ocrx_word' id='word_1_286' title='bbox 1762 2179 1898 2219; x_wconf 76' lang='lat' dir='ltr'><strong>mea.</strong></span> <span class='ocrx_word' id='word_1_287' title='bbox 1931 2163 2066 2218; x_wconf 79' lang='lat' dir='ltr'><strong>Cum</strong></span> 
     </span>
    </p>
   </div>
   <div class='ocr_carea' id='block_1_40' title="bbox 482 2255 2067 2326">
    <p class='ocr_par' dir='ltr' id='par_1_40' title="bbox 482 2255 2067 2326">
     <span class='ocr_line' id='line_1_40' title="bbox 482 2255 2067 2326; baseline 0.001 -17"><span class='ocrx_word' id='word_1_288' title='bbox 482 2257 673 2319; x_wconf 88' lang='lat' dir='ltr'><strong>multa,</strong></span> <span class='ocrx_word' id='word_1_289' title='bbox 709 2255 910 2322; x_wconf 87' lang='lat' dir='ltr'><strong>inquit,</strong></span> <span class='ocrx_word' id='word_1_290' title='bbox 949 2264 1003 2308; x_wconf 90' lang='lat' dir='ltr'><strong>et</strong></span> <span class='ocrx_word' id='word_1_291' title='bbox 1045 2270 1238 2325; x_wconf 78' lang='lat' dir='ltr'><strong>magna</strong></span> <span class='ocrx_word' id='word_1_292' title='bbox 1283 2256 1545 2309; x_wconf 85' lang='lat' dir='ltr'><strong>beneﬁcia</strong></span> <span class='ocrx_word' id='word_1_293' title='bbox 1574 2273 1603 2308; x_wconf 86' lang='lat' dir='ltr'><strong>a</strong></span> <span class='ocrx_word' id='word_1_294' title='bbox 1638 2268 1689 2308; x_wconf 74' lang='lat' dir='ltr'><strong>te.</strong></span> <span class='ocrx_word' id='word_1_295' title='bbox 1744 2258 2067 2326; x_wconf 72' lang='lat' dir='ltr'><strong>inceperim,</strong></span> 
     </span>
    </p>
   </div>
   <div class='ocr_carea' id='block_1_41' title="bbox 475 2347 2070 2418">
    <p class='ocr_par' dir='ltr' id='par_1_41' title="bbox 475 2347 2070 2418">
     <span class='ocr_line' id='line_1_41' title="bbox 475 2347 2070 2418; baseline 0.001 -19"><span class='ocrx_word' id='word_1_296' title='bbox 475 2357 531 2402; x_wconf 76' lang='lat' dir='ltr'><strong>et</strong></span> <span class='ocrx_word' id='word_1_297' title='bbox 584 2347 918 2418; x_wconf 82' lang='lat' dir='ltr'><strong>respondere</strong></span> <span class='ocrx_word' id='word_1_298' title='bbox 953 2347 1058 2400; x_wconf 86' lang='lat' dir='ltr'><strong>illis</strong></span> <span class='ocrx_word' id='word_1_299' title='bbox 1093 2363 1388 2415; x_wconf 81' lang='lat' dir='ltr'><strong>nequeam,</strong></span> <span class='ocrx_word' id='word_1_300' title='bbox 1432 2347 1580 2415; x_wconf 87' lang='lat' dir='ltr'><strong>(quid</strong></span> <span class='ocrx_word' id='word_1_301' title='bbox 1607 2349 1752 2400; x_wconf 89' lang='lat' dir='ltr'><strong>enim</strong></span> <span class='ocrx_word' id='word_1_302' title='bbox 1781 2349 2070 2401; x_wconf 80' lang='lat' dir='ltr'><strong>retribuam</strong></span> 
     </span>
    </p>
   </div>
   <div class='ocr_carea' id='block_1_42' title="bbox 479 2437 2070 2508">
    <p class='ocr_par' dir='ltr' id='par_1_42' title="bbox 479 2437 2070 2508">
     <span class='ocr_line' id='line_1_42' title="bbox 479 2437 2070 2508; baseline -0.001 -15"><span class='ocrx_word' id='word_1_303' title='bbox 479 2439 704 2493; x_wconf 81' lang='lat' dir='ltr'><strong>Domino</strong></span> <span class='ocrx_word' id='word_1_304' title='bbox 754 2453 848 2504; x_wconf 88' lang='lat' dir='ltr'><strong>pro</strong></span> <span class='ocrx_word' id='word_1_305' title='bbox 886 2437 1127 2491; x_wconf 79' lang='lat' dir='ltr'><strong>omnibus</strong></span> <span class='ocrx_word' id='word_1_306' title='bbox 1181 2453 1298 2507; x_wconf 73' lang='lat' dir='ltr'><strong>qua:</strong></span> <span class='ocrx_word' id='word_1_307' title='bbox 1335 2439 1574 2490; x_wconf 80' lang='lat' dir='ltr'><strong>retribuit</strong></span> <span class='ocrx_word' id='word_1_308' title='bbox 1616 2439 1744 2490; x_wconf 76' lang='lat' dir='ltr'><strong>mihi</strong></span> <span class='ocrx_word' id='word_1_309' title='bbox 1773 2439 1875 2506; x_wconf 72' lang='lat' dir='ltr'><strong>&quot;‘i)</strong></span> <span class='ocrx_word' id='word_1_310' title='bbox 1926 2440 2070 2508; x_wconf 86' lang='lat' dir='ltr'><strong>quod</strong></span> 
     </span>
    </p>
   </div>
   <div class='ocr_carea' id='block_1_43' title="bbox 475 2526 2070 2595">
    <p class='ocr_par' dir='ltr' id='par_1_43' title="bbox 475 2526 2070 2595">
     <span class='ocr_line' id='line_1_43' title="bbox 475 2526 2070 2595; baseline -0.001 -12"><span class='ocrx_word' id='word_1_311' title='bbox 475 2532 655 2584; x_wconf 88' lang='lat' dir='ltr'><strong>solum</strong></span> <span class='ocrx_word' id='word_1_312' title='bbox 693 2531 846 2581; x_wconf 87' lang='lat' dir='ltr'><strong>valeo</strong></span> <span class='ocrx_word' id='word_1_313' title='bbox 874 2529 923 2580; x_wconf 89' lang='lat' dir='ltr'><strong>id</strong></span> <span class='ocrx_word' id='word_1_314' title='bbox 973 2527 1166 2580; x_wconf 79' lang='lat' dir='ltr'><strong>faciam</strong></span> <span class='ocrx_word' id='word_1_315' title='bbox 1204 2544 1218 2580; x_wconf 87' lang='lat'><strong>:</strong></span> <span class='ocrx_word' id='word_1_316' title='bbox 1255 2527 1474 2595; x_wconf 84' lang='lat' dir='ltr'><strong>diligam</strong></span> <span class='ocrx_word' id='word_1_317' title='bbox 1505 2535 1573 2593; x_wconf 83' lang='lat' dir='ltr'><strong>te,</strong></span> <span class='ocrx_word' id='word_1_318' title='bbox 1596 2542 1704 2580; x_wconf 89' lang='lat' dir='ltr'><strong>non</strong></span> <span class='ocrx_word' id='word_1_319' title='bbox 1732 2526 1879 2595; x_wconf 87' lang='lat' dir='ltr'><strong>quod</strong></span> <span class='ocrx_word' id='word_1_320' title='bbox 1911 2537 2070 2582; x_wconf 88' lang='lat' dir='ltr'><strong>antca</strong></span> 
     </span>
    </p>
   </div>
   <div class='ocr_carea' id='block_1_44' title="bbox 476 2613 2072 2684">
    <p class='ocr_par' dir='ltr' id='par_1_44' title="bbox 476 2613 2072 2684">
     <span class='ocr_line' id='line_1_44' title="bbox 476 2613 2072 2684; baseline 0.002 -15"><span class='ocrx_word' id='word_1_321' title='bbox 476 2631 586 2670; x_wconf 88' lang='lat' dir='ltr'><strong>non</strong></span> <span class='ocrx_word' id='word_1_322' title='bbox 619 2629 882 2676; x_wconf 89' lang='lat' dir='ltr'><strong>amarem,</strong></span> <span class='ocrx_word' id='word_1_323' title='bbox 913 2613 1008 2666; x_wconf 88' lang='lat' dir='ltr'><strong>sed</strong></span> <span class='ocrx_word' id='word_1_324' title='bbox 1065 2615 1224 2682; x_wconf 81' lang='lat' dir='ltr'><strong>quasi</strong></span> <span class='ocrx_word' id='word_1_325' title='bbox 1258 2615 1430 2684; x_wconf 64' lang='lat' dir='ltr'><strong>magis</strong></span> <span class='ocrx_word' id='word_1_326' title='bbox 1471 2615 1826 2684; x_wconf 78' lang='lat' dir='ltr'><strong>imposternm</strong></span> <span class='ocrx_word' id='word_1_327' title='bbox 1867 2626 2072 2672; x_wconf 82' lang='lat' dir='ltr'><strong>amatu-</strong></span> 
     </span>
    </p>
   </div>
   <div class='ocr_carea' id='block_1_45' title="bbox 479 2705 2070 2778">
    <p class='ocr_par' dir='ltr' id='par_1_45' title="bbox 479 2705 2070 2778">
     <span class='ocr_line' id='line_1_45' title="bbox 479 2705 2070 2778; baseline 0.001 -18"><span class='ocrx_word' id='word_1_328' title='bbox 479 2723 598 2762; x_wconf 86' lang='lat' dir='ltr'><strong>rus.</strong></span> <span class='ocrx_word' id='word_1_329' title='bbox 634 2705 746 2762; x_wconf 87' lang='lat' dir='ltr'><strong>Hoc</strong></span> <span class='ocrx_word' id='word_1_330' title='bbox 783 2706 930 2760; x_wconf 85' lang='lat' dir='ltr'><strong>enim</strong></span> <span class='ocrx_word' id='word_1_331' title='bbox 963 2707 1108 2759; x_wconf 87' lang='lat' dir='ltr'><strong>inter</strong></span> <span class='ocrx_word' id='word_1_332' title='bbox 1161 2705 1417 2759; x_wconf 88' lang='lat' dir='ltr'><strong>mandata</strong></span> <span class='ocrx_word' id='word_1_333' title='bbox 1481 2708 1666 2760; x_wconf 80' lang='lat' dir='ltr'><strong>omnia</strong></span> <span class='ocrx_word' id='word_1_334' title='bbox 1721 2708 1954 2778; x_wconf 84' lang='lat' dir='ltr'><strong>primum</strong></span> <span class='ocrx_word' id='word_1_335' title='bbox 2003 2723 2070 2763; x_wconf 91' lang='lat' dir='ltr'><strong>ac</strong></span> 
     </span>
    </p>
   </div>
   <div class='ocr_carea' id='block_1_46' title="bbox 477 2796 2062 2868">
    <p class='ocr_par' dir='ltr' id='par_1_46' title="bbox 477 2796 2062 2868">
     <span class='ocr_line' id='line_1_46' title="bbox 477 2796 2062 2868; baseline 0.002 -18"><span class='ocrx_word' id='word_1_336' title='bbox 477 2798 808 2867; x_wconf 67' lang='lat' dir='ltr'><strong>praecipuum</strong></span> <span class='ocrx_word' id='word_1_337' title='bbox 843 2805 946 2850; x_wconf 86' lang='lat' dir='ltr'><strong>est.</strong></span> <span class='ocrx_word' id='word_1_338' title='bbox 1004 2796 1200 2866; x_wconf 78' lang='lat' dir='ltr'><strong>Diliges</strong></span> <span class='ocrx_word' id='word_1_339' title='bbox 1250 2798 1438 2862; x_wconf 88' lang='lat' dir='ltr'><strong>enim,</strong></span> <span class='ocrx_word' id='word_1_340' title='bbox 1493 2798 1717 2868; x_wconf 83' lang='lat' dir='ltr'><strong>inquit,</strong></span> <span class='ocrx_word' id='word_1_341' title='bbox 1774 2798 2062 2853; x_wconf 83' lang='lat' dir='ltr'><strong>Domi-num</strong></span> 
     </span>
    </p>
   </div>
   <div class='ocr_carea' id='block_1_47' title="bbox 481 2887 2064 2953">
    <p class='ocr_par' dir='ltr' id='par_1_47' title="bbox 481 2887 2064 2953">
     <span class='ocr_line' id='line_1_47' title="bbox 481 2887 2064 2953; baseline 0.001 -11"><span class='ocrx_word' id='word_1_342' title='bbox 481 2889 643 2942; x_wconf 81' lang='lat' dir='ltr'><strong>Deum</strong></span> <span class='ocrx_word' id='word_1_343' title='bbox 681 2899 828 2940; x_wconf 88' lang='lat' dir='ltr'><strong>tuum</strong></span> <span class='ocrx_word' id='word_1_344' title='bbox 853 2902 918 2941; x_wconf 80' lang='lat' dir='ltr'><strong>ex</strong></span> <span class='ocrx_word' id='word_1_345' title='bbox 953 2890 1080 2942; x_wconf 78' lang='lat' dir='ltr'><strong>totis</strong></span> <span class='ocrx_word' id='word_1_346' title='bbox 1114 2887 1313 2942; x_wconf 72' lang='lat' dir='ltr'><strong>uiribus</strong></span> <span class='ocrx_word' id='word_1_347' title='bbox 1361 2888 1468 2941; x_wconf 72' lang='lat' dir='ltr'><strong>tuis</strong></span> <span class='ocrx_word' id='word_1_348' title='bbox 1493 2929 1507 2953; x_wconf 92' lang='lat'><strong>,</strong></span> <span class='ocrx_word' id='word_1_349' title='bbox 1549 2897 1597 2942; x_wconf 81' lang='lat' dir='ltr'><strong>et</strong></span> <span class='ocrx_word' id='word_1_350' title='bbox 1643 2905 1708 2942; x_wconf 74' lang='lat' dir='ltr'><strong>ex</strong></span> <span class='ocrx_word' id='word_1_351' title='bbox 1755 2900 1862 2943; x_wconf 88' lang='lat' dir='ltr'><strong>toto</strong></span> <span class='ocrx_word' id='word_1_352' title='bbox 1908 2890 2064 2944; x_wconf 81' lang='lat' dir='ltr'><strong>corde</strong></span> 
     </span>
    </p>
   </div>
   <div class='ocr_carea' id='block_1_48' title="bbox 480 2969 2064 3052">
    <p class='ocr_par' dir='ltr' id='par_1_48' title="bbox 480 2969 2064 3052">
     <span class='ocr_line' id='line_1_48' title="bbox 480 2969 2064 3052; baseline 0.003 -18"><span class='ocrx_word' id='word_1_353' title='bbox 480 2991 573 3035; x_wconf 80' lang='lat' dir='ltr'><strong>tuo</strong></span> <span class='ocrx_word' id='word_1_354' title='bbox 611 2981 676 3035; x_wconf 76' lang='grc' dir='ltr'><strong>⁸ο.</strong></span> <span class='ocrx_word' id='word_1_355' title='bbox 714 2980 1114 3034; x_wconf 85' lang='lat' dir='ltr'><strong>Fortitudinem</strong></span> <span class='ocrx_word' id='word_1_356' title='bbox 1152 2995 1283 3035; x_wconf 85' lang='lat' dir='ltr'><strong>vero</strong></span> <span class='ocrx_word' id='word_1_357' title='bbox 1325 2980 1493 3035; x_wconf 85' lang='lat' dir='ltr'><strong>Deum</strong></span> <span class='ocrx_word' id='word_1_358' title='bbox 1528 2969 1844 3052; x_wconf 79' lang='lat' dir='ltr'><strong>appellarit,</strong></span> <span class='ocrx_word' id='word_1_359' title='bbox 1896 2974 2064 3038; x_wconf 75' lang='lat' dir='ltr'><strong>veluti</strong></span> 
     </span>
    </p>
   </div>
   <div class='ocr_carea' id='block_1_49' title="bbox 479 3073 2065 3142">
    <p class='ocr_par' dir='ltr' id='par_1_49' title="bbox 479 3073 2065 3142">
     <span class='ocr_line' id='line_1_49' title="bbox 479 3073 2065 3142; baseline 0.003 -15"><span class='ocrx_word' id='word_1_360' title='bbox 479 3089 603 3127; x_wconf 89' lang='lat' dir='ltr'><strong>eum</strong></span> <span class='ocrx_word' id='word_1_361' title='bbox 637 3075 728 3142; x_wconf 88' lang='lat' dir='ltr'><strong>qui</strong></span> <span class='ocrx_word' id='word_1_362' title='bbox 762 3073 934 3140; x_wconf 81' lang='lat' dir='ltr'><strong>ipsius</strong></span> <span class='ocrx_word' id='word_1_363' title='bbox 965 3073 1109 3127; x_wconf 86' lang='lat' dir='ltr'><strong>beati</strong></span> <span class='ocrx_word' id='word_1_364' title='bbox 1150 3073 1316 3127; x_wconf 88' lang='lat' dir='ltr'><strong>David</strong></span> <span class='ocrx_word' id='word_1_365' title='bbox 1351 3073 1729 3127; x_wconf 81' lang='lat' dir='ltr'><strong>inﬁrmitatem</strong></span> <span class='ocrx_word' id='word_1_366' title='bbox 1799 3075 2065 3133; x_wconf 84' lang='lat' dir='ltr'><strong>adversus</strong></span> 
     </span>
    </p>
   </div>
   <div class='ocr_carea' id='block_1_50' title="bbox 479 3167 2002 3226">
    <p class='ocr_par' dir='ltr' id='par_1_50' title="bbox 479 3167 2002 3226">
     <span class='ocr_line' id='line_1_50' title="bbox 479 3167 2002 3226; baseline 0.005 -7"><span class='ocrx_word' id='word_1_367' title='bbox 479 3175 557 3219; x_wconf 87' lang='lat' dir='ltr'><strong>tot</strong></span> <span class='ocrx_word' id='word_1_368' title='bbox 586 3182 651 3218; x_wconf 82' lang='lat' dir='ltr'><strong>ac</strong></span> <span class='ocrx_word' id='word_1_369' title='bbox 678 3168 810 3221; x_wconf 88' lang='lat' dir='ltr'><strong>tales</strong></span> <span class='ocrx_word' id='word_1_370' title='bbox 848 3167 1100 3222; x_wconf 88' lang='lat' dir='ltr'><strong>inimicos</strong></span> <span class='ocrx_word' id='word_1_371' title='bbox 1137 3167 1329 3223; x_wconf 83' lang='lat' dir='ltr'><strong>fortem</strong></span> <span class='ocrx_word' id='word_1_372' title='bbox 1361 3184 1425 3224; x_wconf 84' lang='lat' dir='ltr'><strong>ac</strong></span> <span class='ocrx_word' id='word_1_373' title='bbox 1447 3169 1682 3224; x_wconf 82' lang='lat' dir='ltr'><strong>validam</strong></span> <span class='ocrx_word' id='word_1_374' title='bbox 1718 3171 2002 3226; x_wconf 83' lang='lat' dir='ltr'><strong>reddebat.</strong></span> 
     </span>
    </p>
   </div>
   <div class='ocr_carea' id='block_1_51' title="bbox 2255 2166 3747 2246">
    <p class='ocr_par' dir='ltr' id='par_1_51' title="bbox 2255 2166 3747 2246">
     <span class='ocr_line' id='line_1_51' title="bbox 2255 2166 3747 2246; baseline 0.008 -26"><span class='ocrx_word' id='word_1_375' title='bbox 2255 2166 2561 2236; x_wconf 72' lang='grc' dir='ltr'>Αγηπήσω</span> <span class='ocrx_word' id='word_1_376' title='bbox 2620 2181 2716 2235; x_wconf 79' lang='grc' dir='ltr'><strong>σε,</strong></span> <span class='ocrx_word' id='word_1_377' title='bbox 2773 2171 2967 2240; x_wconf 81' lang='grc' dir='ltr'>Κύριε,</span> <span class='ocrx_word' id='word_1_378' title='bbox 3008 2173 3048 2242; x_wconf 81' lang='grc' dir='ltr'>ἡ</span> <span class='ocrx_word' id='word_1_379' title='bbox 3103 2176 3285 2245; x_wconf 71' lang='grc' dir='ltr'>ἰσχύς</span> <span class='ocrx_word' id='word_1_380' title='bbox 3309 2195 3452 2246; x_wconf 83' lang='grc' dir='ltr'><strong>μου.</strong></span> <span class='ocrx_word' id='word_1_381' title='bbox 3507 2179 3747 2240; x_wconf 75' lang='grc' dir='ltr'>Πολλῶν,</span> 
     </span>
    </p>
   </div>
   <div class='ocr_carea' id='block_1_52' title="bbox 2168 2260 3822 2339">
    <p class='ocr_par' dir='ltr' id='par_1_52' title="bbox 2168 2260 3822 2339">
     <span class='ocr_line' id='line_1_52' title="bbox 2168 2260 3822 2339; baseline 0.008 -28"><span class='ocrx_word' id='word_1_382' title='bbox 2168 2260 2325 2330; x_wconf 75' lang='grc' dir='ltr'>φησὶ,</span> <span class='ocrx_word' id='word_1_383' title='bbox 2363 2260 2456 2312; x_wconf 77' lang='grc' dir='ltr'>καὶ</span> <span class='ocrx_word' id='word_1_384' title='bbox 2486 2263 2740 2330; x_wconf 81' lang='grc' dir='ltr'><strong>μεγάλων</strong></span> <span class='ocrx_word' id='word_1_385' title='bbox 2760 2265 2982 2332; x_wconf 78' lang='grc' dir='ltr'>ἀγαθῶν</span> <span class='ocrx_word' id='word_1_386' title='bbox 3015 2269 3334 2339; x_wconf 75' lang='grc' dir='ltr'>τετυχηκὼς</span> <span class='ocrx_word' id='word_1_387' title='bbox 3376 2269 3484 2324; x_wconf 77' lang='grc' dir='ltr'>ἀπὸ</span> <span class='ocrx_word' id='word_1_388' title='bbox 3512 2271 3626 2333; x_wconf 81' lang='grc' dir='ltr'>σοῦ,</span> <span class='ocrx_word' id='word_1_389' title='bbox 3655 2276 3749 2325; x_wconf 71' lang='grc' dir='ltr'>καὶ</span> <span class='ocrx_word' id='word_1_390' title='bbox 3816 2330 3822 2336; x_wconf 55' lang='grc'><strong>,</strong></span> 
     </span>
    </p>
   </div>
   <div class='ocr_carea' id='block_1_53' title="bbox 2173 2352 3751 2430">
    <p class='ocr_par' dir='ltr' id='par_1_53' title="bbox 2173 2352 3751 2430">
     <span class='ocr_line' id='line_1_53' title="bbox 2173 2352 3751 2430; baseline 0.01 -28"><span class='ocrx_word' id='word_1_391' title='bbox 2173 2354 2246 2420; x_wconf 80' lang='grc' dir='ltr'>μὴ</span> <span class='ocrx_word' id='word_1_392' title='bbox 2273 2352 2566 2420; x_wconf 79' lang='grc' dir='ltr'>δυνάμενος</span> <span class='ocrx_word' id='word_1_393' title='bbox 2595 2355 2956 2424; x_wconf 75' lang='grc' dir='ltr'>ἀμείψασθαι·</span> <span class='ocrx_word' id='word_1_394' title='bbox 2996 2361 3058 2412; x_wconf 82' lang='grc' dir='ltr'>Τί</span> <span class='ocrx_word' id='word_1_395' title='bbox 3088 2361 3196 2429; x_wconf 83' lang='grc' dir='ltr'>γὰρ</span> <span class='ocrx_word' id='word_1_396' title='bbox 3233 2362 3642 2418; x_wconf 77' lang='grc' dir='ltr'><strong>ἀνταποδώσω</strong></span> <span class='ocrx_word' id='word_1_397' title='bbox 3673 2365 3751 2430; x_wconf 77' lang='grc' dir='ltr'>τῷ</span> 
     </span>
    </p>
   </div>
   <div class='ocr_carea' id='block_1_54' title="bbox 2170 2442 3750 2524">
    <p class='ocr_par' dir='ltr' id='par_1_54' title="bbox 2170 2442 3750 2524">
     <span class='ocr_line' id='line_1_54' title="bbox 2170 2442 3750 2524; baseline 0.008 -30"><span class='ocrx_word' id='word_1_398' title='bbox 2170 2445 2366 2510; x_wconf 71' lang='grc' dir='ltr'>Κυρίῳ</span> <span class='ocrx_word' id='word_1_399' title='bbox 2400 2445 2536 2510; x_wconf 78' lang='grc' dir='ltr'>περὶ</span> <span class='ocrx_word' id='word_1_400' title='bbox 2565 2445 2809 2500; x_wconf 81' lang='grc' dir='ltr'>πάντων</span> <span class='ocrx_word' id='word_1_401' title='bbox 2832 2442 2920 2501; x_wconf 80' lang='grc' dir='ltr'><strong>ὧν</strong></span> <span class='ocrx_word' id='word_1_402' title='bbox 2947 2449 3498 2523; x_wconf 78' lang='grc' dir='ltr'>ἀνταπέδωκέ·μοι;</span> <span class='ocrx_word' id='word_1_403' title='bbox 3525 2455 3552 2508; x_wconf 80' lang='grc' dir='ltr'>ὃ</span> <span class='ocrx_word' id='word_1_404' title='bbox 3590 2459 3750 2524; x_wconf 62' lang='grc' dir='ltr'>μόνον</span> 
     </span>
    </p>
   </div>
   <div class='ocr_carea' id='block_1_55' title="bbox 2169 2535 3752 2617">
    <p class='ocr_par' dir='ltr' id='par_1_55' title="bbox 2169 2535 3752 2617">
     <span class='ocr_line' id='line_1_55' title="bbox 2169 2535 3752 2617; baseline 0.009 -29"><span class='ocrx_word' id='word_1_405' title='bbox 2169 2535 2426 2605; x_wconf 80' lang='grc' dir='ltr'>δύναμαι.</span> <span class='ocrx_word' id='word_1_406' title='bbox 2461 2537 2625 2591; x_wconf 82' lang='grc' dir='ltr'>τοῦτο</span> <span class='ocrx_word' id='word_1_407' title='bbox 2655 2542 2748 2592; x_wconf 77' lang='grc' dir='ltr'>καὶ</span> <span class='ocrx_word' id='word_1_408' title='bbox 2789 2543 3033 2610; x_wconf 75' lang='grc' dir='ltr'>ποιήσω·</span> <span class='ocrx_word' id='word_1_409' title='bbox 3084 2545 3361 2616; x_wconf 79' lang='grc' dir='ltr'>ἀγαπήσω</span> <span class='ocrx_word' id='word_1_410' title='bbox 3398 2548 3506 2616; x_wconf 87' lang='grc' dir='ltr'><strong>γάρ</strong></span> <span class='ocrx_word' id='word_1_411' title='bbox 3539 2549 3618 2614; x_wconf 75' lang='grc' dir='ltr'>σὲ,</span> <span class='ocrx_word' id='word_1_412' title='bbox 3651 2550 3752 2617; x_wconf 75' lang='grc' dir='ltr'><strong>οὐχ</strong></span> 
     </span>
    </p>
   </div>
   <div class='ocr_carea' id='block_1_56' title="bbox 2168 2627 3753 2709">
    <p class='ocr_par' dir='ltr' id='par_1_56' title="bbox 2168 2627 3753 2709">
     <span class='ocr_line' id='line_1_56' title="bbox 2168 2627 3753 2709; baseline 0.009 -29"><span class='ocrx_word' id='word_1_413' title='bbox 2168 2628 2241 2690; x_wconf 83' lang='grc' dir='ltr'>ὡς</span> <span class='ocrx_word' id='word_1_414' title='bbox 2276 2627 2466 2700; x_wconf 81' lang='grc' dir='ltr'><strong>πρώην</strong></span> <span class='ocrx_word' id='word_1_415' title='bbox 2520 2630 2594 2700; x_wconf 83' lang='grc' dir='ltr'>μὴ</span> <span class='ocrx_word' id='word_1_416' title='bbox 2624 2633 2877 2699; x_wconf 83' lang='grc' dir='ltr'>ἀγαπῶν,</span> <span class='ocrx_word' id='word_1_417' title='bbox 2927 2635 3043 2687; x_wconf 86' lang='grc' dir='ltr'>ἀλλ’</span> <span class='ocrx_word' id='word_1_418' title='bbox 3093 2638 3169 2702; x_wconf 84' lang='grc' dir='ltr'>ὡς</span> <span class='ocrx_word' id='word_1_419' title='bbox 3201 2640 3292 2691; x_wconf 73' lang='grc' dir='ltr'><strong>ἐπὶ</strong></span> <span class='ocrx_word' id='word_1_420' title='bbox 3341 2640 3540 2709; x_wconf 74' lang='grc' dir='ltr'>μᾶλλον</span> <span class='ocrx_word' id='word_1_421' title='bbox 3591 2642 3753 2695; x_wconf 79' lang='grc' dir='ltr'>τοῦτο</span> 
     </span>
    </p>
   </div>
   <div class='ocr_carea' id='block_1_57' title="bbox 2169 2720 3750 2799">
    <p class='ocr_par' dir='ltr' id='par_1_57' title="bbox 2169 2720 3750 2799">
     <span class='ocr_line' id='line_1_57' title="bbox 2169 2720 3750 2799; baseline 0.009 -28"><span class='ocrx_word' id='word_1_422' title='bbox 2169 2720 2412 2788; x_wconf 80' lang='grc' dir='ltr'>ποιήσων</span> <span class='ocrx_word' id='word_1_423' title='bbox 2431 2737 2444 2750; x_wconf 91' lang='grc'><strong>·</strong></span> <span class='ocrx_word' id='word_1_424' title='bbox 2475 2721 2634 2774; x_wconf 80' lang='grc' dir='ltr'>τοῦτο</span> <span class='ocrx_word' id='word_1_425' title='bbox 2661 2724 2769 2794; x_wconf 84' lang='grc' dir='ltr'>γὰρ</span> <span class='ocrx_word' id='word_1_426' title='bbox 2803 2726 2897 2777; x_wconf 72' lang='grc' dir='ltr'>καὶ</span> <span class='ocrx_word' id='word_1_427' title='bbox 2923 2725 3115 2796; x_wconf 79' lang='grc' dir='ltr'>πρώτη</span> <span class='ocrx_word' id='word_1_428' title='bbox 3159 2729 3267 2782; x_wconf 90' lang='grc' dir='ltr'><strong>τῶν</strong></span> <span class='ocrx_word' id='word_1_429' title='bbox 3299 2731 3548 2782; x_wconf 80' lang='grc' dir='ltr'>ἐντολῶν.</span> <span class='ocrx_word' id='word_1_430' title='bbox 3576 2730 3750 2799; x_wconf 71' lang='grc' dir='ltr'>Ἀγα-</span> 
     </span>
    </p>
   </div>
   <div class='ocr_carea' id='block_1_58' title="bbox 2167 2810 3752 2885">
    <p class='ocr_par' dir='ltr' id='par_1_58' title="bbox 2167 2810 3752 2885">
     <span class='ocr_line' id='line_1_58' title="bbox 2167 2810 3752 2885; baseline 0.006 -22"><span class='ocrx_word' id='word_1_431' title='bbox 2167 2810 2387 2879; x_wconf 73' lang='grc' dir='ltr'>πήσεις</span> <span class='ocrx_word' id='word_1_432' title='bbox 2416 2813 2544 2880; x_wconf 79' lang='grc' dir='ltr'>γὰρ,</span> <span class='ocrx_word' id='word_1_433' title='bbox 2578 2815 2734 2882; x_wconf 76' lang='grc' dir='ltr'>φησὶ,</span> <span class='ocrx_word' id='word_1_434' title='bbox 2779 2817 2996 2882; x_wconf 75' lang='grc' dir='ltr'>Κύριον</span> <span class='ocrx_word' id='word_1_435' title='bbox 3024 2818 3132 2871; x_wconf 76' lang='grc' dir='ltr'><strong>τὸν</strong></span> <span class='ocrx_word' id='word_1_436' title='bbox 3165 2821 3317 2874; x_wconf 78' lang='grc' dir='ltr'><strong>Θεόν</strong></span> <span class='ocrx_word' id='word_1_437' title='bbox 3345 2837 3464 2874; x_wconf 85' lang='grc' dir='ltr'>σου</span> <span class='ocrx_word' id='word_1_438' title='bbox 3492 2821 3560 2883; x_wconf 78' lang='grc' dir='ltr'><strong>ἐξ</strong></span> <span class='ocrx_word' id='word_1_439' title='bbox 3601 2820 3752 2885; x_wconf 63' lang='grc' dir='ltr'>ὅλης</span> 
     </span>
    </p>
   </div>
   <div class='ocr_carea' id='block_1_59' title="bbox 2167 2902 3750 2979">
    <p class='ocr_par' dir='ltr' id='par_1_59' title="bbox 2167 2902 3750 2979">
     <span class='ocr_line' id='line_1_59' title="bbox 2167 2902 3750 2979; baseline 0.007 -23"><span class='ocrx_word' id='word_1_440' title='bbox 2167 2902 2276 2972; x_wconf 81' lang='grc' dir='ltr'>τῆς</span> <span class='ocrx_word' id='word_1_441' title='bbox 2305 2903 2614 2973; x_wconf 77' lang='grc' dir='ltr'><strong>δυνάμεώς</strong></span> <span class='ocrx_word' id='word_1_442' title='bbox 2635 2923 2773 2970; x_wconf 84' lang='grc' dir='ltr'>σου,</span> <span class='ocrx_word' id='word_1_443' title='bbox 2795 2909 2893 2962; x_wconf 73' lang='grc' dir='ltr'>καὶ</span> <span class='ocrx_word' id='word_1_444' title='bbox 2926 2910 2996 2972; x_wconf 79' lang='grc' dir='ltr'><strong>ἐξ</strong></span> <span class='ocrx_word' id='word_1_445' title='bbox 3029 2909 3179 2977; x_wconf 63' lang='grc' dir='ltr'>ὅλης</span> <span class='ocrx_word' id='word_1_446' title='bbox 3199 2910 3312 2978; x_wconf 82' lang='grc' dir='ltr'>τῆς</span> <span class='ocrx_word' id='word_1_447' title='bbox 3339 2912 3587 2979; x_wconf 76' lang='grc' dir='ltr'>καρδίας</span> <span class='ocrx_word' id='word_1_448' title='bbox 3611 2929 3750 2968; x_wconf 88' lang='grc' dir='ltr'>σου.</span> 
     </span>
    </p>
   </div>
   <div class='ocr_carea' id='block_1_60' title="bbox 2175 2997 3746 3076">
    <p class='ocr_par' dir='ltr' id='par_1_60' title="bbox 2175 2997 3746 3076">
     <span class='ocr_line' id='line_1_60' title="bbox 2175 2997 3746 3076; baseline 0.005 -28"><span class='ocrx_word' id='word_1_449' title='bbox 2175 2997 2351 3066; x_wconf 81' lang='grc' dir='ltr'>Ὶσχὺν</span> <span class='ocrx_word' id='word_1_450' title='bbox 2382 2998 2438 3050; x_wconf 81' lang='grc' dir='ltr'><strong>δὲ</strong></span> <span class='ocrx_word' id='word_1_451' title='bbox 2466 2997 2556 3052; x_wconf 72' lang='grc' dir='ltr'>τὸν</span> <span class='ocrx_word' id='word_1_452' title='bbox 2589 2999 2724 3054; x_wconf 80' lang='grc' dir='ltr'>Θεὸν</span> <span class='ocrx_word' id='word_1_453' title='bbox 2756 3002 3039 3070; x_wconf 72' lang='grc' dir='ltr'>ἐκάλεσεν,</span> <span class='ocrx_word' id='word_1_454' title='bbox 3071 3004 3148 3068; x_wconf 84' lang='grc' dir='ltr'>ὡς</span> <span class='ocrx_word' id='word_1_455' title='bbox 3181 3004 3282 3076; x_wconf 78' lang='grc' dir='ltr'>τὴν</span> <span class='ocrx_word' id='word_1_456' title='bbox 3325 3005 3616 3059; x_wconf 84' lang='grc' dir='ltr'>ἀσθένειαν</span> <span class='ocrx_word' id='word_1_457' title='bbox 3646 3007 3746 3059; x_wconf 76' lang='grc' dir='ltr'><strong>αὺ-</strong></span> 
     </span>
    </p>
   </div>
   <div class='ocr_carea' id='block_1_61' title="bbox 2161 3087 3752 3160">
    <p class='ocr_par' dir='ltr' id='par_1_61' title="bbox 2161 3087 3752 3160">
     <span class='ocr_line' id='line_1_61' title="bbox 2161 3087 3752 3160; baseline 0.006 -21"><span class='ocrx_word' id='word_1_458' title='bbox 2161 3087 2256 3140; x_wconf 82' lang='grc' dir='ltr'>τοῦ</span> <span class='ocrx_word' id='word_1_459' title='bbox 2285 3089 2650 3160; x_wconf 80' lang='grc' dir='ltr'>ὲνισχύσαντα</span> <span class='ocrx_word' id='word_1_460' title='bbox 2693 3094 2837 3148; x_wconf 72' lang='grc' dir='ltr'>κατὰ</span> <span class='ocrx_word' id='word_1_461' title='bbox 2891 3095 3003 3148; x_wconf 90' lang='grc' dir='ltr'><strong>τῶν</strong></span> <span class='ocrx_word' id='word_1_462' title='bbox 3042 3095 3301 3150; x_wconf 81' lang='grc' dir='ltr'>τοιούτων</span> <span class='ocrx_word' id='word_1_463' title='bbox 3343 3096 3436 3150; x_wconf 71' lang='grc' dir='ltr'>καὶ</span> <span class='ocrx_word' id='word_1_464' title='bbox 3482 3095 3752 3149; x_wconf 80' lang='grc' dir='ltr'>τοσούτων</span> 
     </span>
    </p>
   </div>
   <div class='ocr_carea' id='block_1_62' title="bbox 2163 3179 2398 3249">
    <p class='ocr_par' dir='ltr' id='par_1_62' title="bbox 2163 3179 2398 3249">
     <span class='ocr_line' id='line_1_62' title="bbox 2163 3179 2398 3249; baseline 0.013 -19"><span class='ocrx_word' id='word_1_465' title='bbox 2163 3179 2398 3249; x_wconf 77' lang='grc' dir='ltr'><strong>ἐχθρῶν.</strong></span> 
     </span>
    </p>
   </div>
   <div class='ocr_carea' id='block_1_63' title="bbox 553 3255 2068 3348">
    <p class='ocr_par' dir='ltr' id='par_1_63' title="bbox 553 3255 2063 3330">
     <span class='ocr_line' id='line_1_63' title="bbox 553 3255 2063 3330; baseline 0.006 -24"><span class='ocrx_word' id='word_1_466' title='bbox 553 3255 720 3311; x_wconf 71' lang='lat' dir='ltr'><strong>Vsus.</strong></span> <span class='ocrx_word' id='word_1_467' title='bbox 754 3258 808 3312; x_wconf 79' lang='lat'><strong>5.</strong></span> <span class='ocrx_word' id='word_1_468' title='bbox 841 3257 1104 3312; x_wconf 75' lang='lat' dir='ltr'><strong>Dominus</strong></span> <span class='ocrx_word' id='word_1_469' title='bbox 1138 3259 1533 3327; x_wconf 81' lang='lat' dir='ltr'><strong>ﬁrmamentum</strong></span> <span class='ocrx_word' id='word_1_470' title='bbox 1575 3277 1746 3313; x_wconf 80' lang='lat' dir='ltr'><strong>meum</strong></span> <span class='ocrx_word' id='word_1_471' title='bbox 1773 3301 1788 3325; x_wconf 94' lang='lat'><strong>,</strong></span> <span class='ocrx_word' id='word_1_472' title='bbox 1819 3271 1869 3315; x_wconf 86' lang='lat' dir='ltr'><strong>et</strong></span> <span class='ocrx_word' id='word_1_473' title='bbox 1918 3261 2063 3330; x_wconf 66' lang='lat' dir='ltr'><strong>refu-</strong></span> 
     </span>
    </p>
   </div>
   <div class='ocr_carea' id='block_1_64' title="bbox 2168 3255 3750 3348">
    <p class='ocr_par' dir='ltr' id='par_1_64' title="bbox 2237 3272 3750 3348">
     <span class='ocr_line' id='line_1_64' title="bbox 2237 3272 3750 3348; baseline 0.004 -23"><span class='ocrx_word' id='word_1_474' title='bbox 2237 3272 2454 3338; x_wconf 82' lang='grc' dir='ltr'>Κύριος</span> <span class='ocrx_word' id='word_1_475' title='bbox 2473 3273 2780 3342; x_wconf 80' lang='grc' dir='ltr'>στερέωμὰ</span> <span class='ocrx_word' id='word_1_476' title='bbox 2805 3292 2946 3344; x_wconf 84' lang='grc' dir='ltr'>μου,</span> <span class='ocrx_word' id='word_1_477' title='bbox 2983 3277 3083 3332; x_wconf 77' lang='grc' dir='ltr'><strong>καί</strong></span> <span class='ocrx_word' id='word_1_478' title='bbox 3123 3278 3438 3348; x_wconf 75' lang='grc' dir='ltr'>καταφυγή</span> <span class='ocrx_word' id='word_1_479' title='bbox 3474 3297 3617 3347; x_wconf 82' lang='grc' dir='ltr'>μου,</span> <span class='ocrx_word' id='word_1_480' title='bbox 3653 3278 3750 3331; x_wconf 73' lang='grc' dir='ltr'>καὶ</span> 
     </span>
    </p>
   </div>
   <div class='ocr_carea' id='block_1_65' title="bbox 483 3345 2068 3441">
    <p class='ocr_par' dir='ltr' id='par_1_65' title="bbox 483 3345 2064 3423">
     <span class='ocr_line' id='line_1_65' title="bbox 483 3345 2064 3423; baseline 0.006 -25"><span class='ocrx_word' id='word_1_481' title='bbox 483 3346 627 3414; x_wconf 87' lang='lat' dir='ltr'><strong>gium</strong></span> <span class='ocrx_word' id='word_1_482' title='bbox 653 3364 844 3410; x_wconf 85' lang='lat' dir='ltr'><strong>meum,</strong></span> <span class='ocrx_word' id='word_1_483' title='bbox 865 3358 914 3401; x_wconf 83' lang='lat' dir='ltr'><strong>et</strong></span> <span class='ocrx_word' id='word_1_484' title='bbox 936 3349 1193 3405; x_wconf 69' lang='lat' dir='ltr'><strong>liberator</strong></span> <span class='ocrx_word' id='word_1_485' title='bbox 1216 3368 1375 3404; x_wconf 72' lang='lat' dir='ltr'><strong>meus.</strong></span> <span class='ocrx_word' id='word_1_486' title='bbox 1402 3345 1826 3407; x_wconf 78' lang='lat' dir='ltr'><strong>Firmamentum</strong></span> <span class='ocrx_word' id='word_1_487' title='bbox 1846 3354 2064 3423; x_wconf 76' lang='lat' dir='ltr'><strong>quidem</strong></span> 
     </span>
    </p>
   </div>
   <div class='ocr_carea' id='block_1_66' title="bbox 2168 3345 3752 3441">
    <p class='ocr_par' dir='ltr' id='par_1_66' title="bbox 2168 3345 3752 3441">
     <span class='ocr_line' id='line_1_66' title="bbox 2168 3345 3752 3441; baseline 0.003 -25"><span class='ocrx_word' id='word_1_488' title='bbox 2168 3363 2396 3430; x_wconf 81' lang='grc' dir='ltr'>ρὐτης</span> <span class='ocrx_word' id='word_1_489' title='bbox 2409 3381 2548 3433; x_wconf 85' lang='grc' dir='ltr'><strong>μου.</strong></span> <span class='ocrx_word' id='word_1_490' title='bbox 2567 3365 2862 3436; x_wconf 84' lang='grc' dir='ltr'>Στερέωμα</span> <span class='ocrx_word' id='word_1_491' title='bbox 2893 3369 3105 3438; x_wconf 77' lang='grc' dir='ltr'>μὲν,ὠς</span> <span class='ocrx_word' id='word_1_492' title='bbox 3133 3345 3437 3441; x_wconf 56' lang='lat' dir='ltr'><strong>semion;</strong></span> <span class='ocrx_word' id='word_1_493' title='bbox 3469 3345 3632 3424; x_wconf 80' lang='grc' dir='ltr'>αὐτὸν</span> <span class='ocrx_word' id='word_1_494' title='bbox 3660 3371 3752 3424; x_wconf 78' lang='grc' dir='ltr'>καὶ</span> 
     </span>
    </p>
   </div>
   <div class='ocr_carea' id='block_1_67' title="bbox 485 3439 2064 3513">
    <p class='ocr_par' dir='ltr' id='par_1_67' title="bbox 485 3439 2064 3513">
     <span class='ocr_line' id='line_1_67' title="bbox 485 3439 2064 3513; baseline 0.006 -23"><span class='ocrx_word' id='word_1_495' title='bbox 485 3439 722 3507; x_wconf 86' lang='lat' dir='ltr'><strong>appellat</strong></span> <span class='ocrx_word' id='word_1_496' title='bbox 754 3439 944 3502; x_wconf 86' lang='lat' dir='ltr'><strong>Deum,</strong></span> <span class='ocrx_word' id='word_1_497' title='bbox 985 3443 1141 3510; x_wconf 89' lang='lat' dir='ltr'><strong>quasi</strong></span> <span class='ocrx_word' id='word_1_498' title='bbox 1171 3443 1264 3512; x_wconf 90' lang='lat' dir='ltr'><strong>qui</strong></span> <span class='ocrx_word' id='word_1_499' title='bbox 1292 3458 1422 3497; x_wconf 82' lang='lat' dir='ltr'><strong>eum</strong></span> <span class='ocrx_word' id='word_1_500' title='bbox 1458 3443 1725 3509; x_wconf 82' lang='lat' dir='ltr'><strong>stabiliat,</strong></span> <span class='ocrx_word' id='word_1_501' title='bbox 1753 3445 2064 3513; x_wconf 74' lang='lat' dir='ltr'><strong>confirmet,</strong></span> 
     </span>
    </p>
   </div>
   <div class='ocr_carea' id='block_1_68' title="bbox 407 3531 2069 3604">
    <p class='ocr_par' dir='ltr' id='par_1_68' title="bbox 407 3531 2069 3604">
     <span class='ocr_line' id='line_1_68' title="bbox 407 3531 2069 3604; baseline 0.004 -20"><span class='ocrx_word' id='word_1_502' title='bbox 407 3557 420 3572; x_wconf 65' lang='grc' dir='ltr'><strong>κ</strong></span> <span class='ocrx_word' id='word_1_503' title='bbox 481 3540 538 3585; x_wconf 83' lang='lat' dir='ltr'><strong>et</strong></span> <span class='ocrx_word' id='word_1_504' title='bbox 575 3531 864 3586; x_wconf 83' lang='lat' dir='ltr'><strong>adversum</strong></span> <span class='ocrx_word' id='word_1_505' title='bbox 892 3534 1260 3588; x_wconf 88' lang='lat' dir='ltr'><strong>teutationum</strong></span> <span class='ocrx_word' id='word_1_506' title='bbox 1295 3535 1556 3604; x_wconf 90' lang='lat' dir='ltr'><strong>impetum</strong></span> <span class='ocrx_word' id='word_1_507' title='bbox 1581 3535 1917 3591; x_wconf 86' lang='lat' dir='ltr'><strong>immobilem</strong></span> <span class='ocrx_word' id='word_1_508' title='bbox 1943 3539 2069 3593; x_wconf 76' lang='lat' dir='ltr'><strong>red-</strong></span> 
     </span>
    </p>
   </div>
   <div class='ocr_carea' id='block_1_69' title="bbox 483 3615 2068 3698">
    <p class='ocr_par' dir='ltr' id='par_1_69' title="bbox 483 3615 2068 3698">
     <span class='ocr_line' id='line_1_69' title="bbox 483 3615 2068 3698; baseline 0.008 -26"><span class='ocrx_word' id='word_1_509' title='bbox 483 3615 596 3678; x_wconf 77' lang='lat' dir='ltr'><strong>dat.</strong></span> <span class='ocrx_word' id='word_1_510' title='bbox 653 3623 942 3694; x_wconf 75' lang='lat' dir='ltr'><strong>Refuginm</strong></span> <span class='ocrx_word' id='word_1_511' title='bbox 1000 3641 1152 3692; x_wconf 86' lang='lat' dir='ltr'><strong>vero,</strong></span> <span class='ocrx_word' id='word_1_512' title='bbox 1195 3638 1453 3695; x_wconf 86' lang='lat' dir='ltr'><strong>tanquam</strong></span> <span class='ocrx_word' id='word_1_513' title='bbox 1506 3628 1600 3698; x_wconf 88' lang='lat' dir='ltr'><strong>qui</strong></span> <span class='ocrx_word' id='word_1_514' title='bbox 1649 3644 1773 3683; x_wconf 87' lang='lat' dir='ltr'><strong>cum</strong></span> <span class='ocrx_word' id='word_1_515' title='bbox 1827 3631 2068 3698; x_wconf 84' lang='lat' dir='ltr'><strong>pericula</strong></span> 
     </span>
    </p>
   </div>
   <div class='ocr_carea' id='block_1_70' title="bbox 487 3713 2065 3788">
    <p class='ocr_par' dir='ltr' id='par_1_70' title="bbox 487 3713 2065 3788">
     <span class='ocr_line' id='line_1_70' title="bbox 487 3713 2065 3788; baseline 0.008 -22"><span class='ocrx_word' id='word_1_516' title='bbox 487 3713 782 3783; x_wconf 80' lang='lat' dir='ltr'><strong>fugientem</strong></span> <span class='ocrx_word' id='word_1_517' title='bbox 839 3717 890 3770; x_wconf 91' lang='lat' dir='ltr'><strong>in</strong></span> <span class='ocrx_word' id='word_1_518' title='bbox 933 3733 1087 3772; x_wconf 88' lang='lat' dir='ltr'><strong>suam</strong></span> <span class='ocrx_word' id='word_1_519' title='bbox 1119 3721 1516 3788; x_wconf 82' lang='lat' dir='ltr'><strong>protectionem</strong></span> <span class='ocrx_word' id='word_1_520' title='bbox 1547 3731 1602 3775; x_wconf 89' lang='lat' dir='ltr'><strong>et</strong></span> <span class='ocrx_word' id='word_1_521' title='bbox 1641 3723 1954 3778; x_wconf 86' lang='lat' dir='ltr'><strong>custodiam</strong></span> <span class='ocrx_word' id='word_1_522' title='bbox 1977 3739 2065 3779; x_wconf 85' lang='lat' dir='ltr'><strong>re-</strong></span> 
     </span>
    </p>
   </div>
   <div class='ocr_carea' id='block_1_71' title="bbox 481 3808 2053 3880">
    <p class='ocr_par' dir='ltr' id='par_1_71' title="bbox 481 3808 2053 3880">
     <span class='ocr_line' id='line_1_71' title="bbox 481 3808 2053 3880; baseline 0.006 -21"><span class='ocrx_word' id='word_1_523' title='bbox 481 3808 690 3874; x_wconf 81' lang='lat' dir='ltr'><strong>ceperit</strong></span> <span class='ocrx_word' id='word_1_524' title='bbox 731 3824 744 3859; x_wconf 92' lang='lat'><strong>:</strong></span> <span class='ocrx_word' id='word_1_525' title='bbox 783 3818 836 3863; x_wconf 87' lang='lat' dir='ltr'><strong>et</strong></span> <span class='ocrx_word' id='word_1_526' title='bbox 878 3811 970 3880; x_wconf 91' lang='lat' dir='ltr'><strong>qui</strong></span> <span class='ocrx_word' id='word_1_527' title='bbox 1011 3827 1170 3864; x_wconf 85' lang='lat' dir='ltr'><strong>muro</strong></span> <span class='ocrx_word' id='word_1_528' title='bbox 1207 3827 1269 3866; x_wconf 88' lang='lat' dir='ltr'><strong>ac</strong></span> <span class='ocrx_word' id='word_1_529' title='bbox 1299 3819 1455 3880; x_wconf 88' lang='lat' dir='ltr'><strong>septo</strong></span> <span class='ocrx_word' id='word_1_530' title='bbox 1483 3813 1652 3867; x_wconf 73' lang='lat' dir='ltr'><strong>divini</strong></span> <span class='ocrx_word' id='word_1_531' title='bbox 1708 3814 1896 3868; x_wconf 74' lang='lat' dir='ltr'><strong>auxilii</strong></span> <span class='ocrx_word' id='word_1_532' title='bbox 1927 3831 2053 3869; x_wconf 89' lang='lat' dir='ltr'><strong>eum</strong></span> 
     </span>
    </p>
   </div>
   <div class='ocr_carea' id='block_1_72' title="bbox 478 3901 2067 3978">
    <p class='ocr_par' dir='ltr' id='par_1_72' title="bbox 478 3901 2067 3978">
     <span class='ocr_line' id='line_1_72' title="bbox 478 3901 2067 3978; baseline 0.007 -26"><span class='ocrx_word' id='word_1_533' title='bbox 478 3911 794 3956; x_wconf 80' lang='lat' dir='ltr'><strong>conservet.</strong></span> <span class='ocrx_word' id='word_1_534' title='bbox 833 3901 1204 3957; x_wconf 85' lang='lat' dir='ltr'><strong>Liberatorem</strong></span> <span class='ocrx_word' id='word_1_535' title='bbox 1233 3903 1395 3958; x_wconf 89' lang='lat' dir='ltr'><strong>etiam</strong></span> <span class='ocrx_word' id='word_1_536' title='bbox 1423 3942 1438 3965; x_wconf 88' lang='lat'><strong>,</strong></span> <span class='ocrx_word' id='word_1_537' title='bbox 1492 3905 1640 3974; x_wconf 91' lang='lat' dir='ltr'><strong>quod</strong></span> <span class='ocrx_word' id='word_1_538' title='bbox 1675 3922 1799 3960; x_wconf 90' lang='lat' dir='ltr'><strong>eum</strong></span> <span class='ocrx_word' id='word_1_539' title='bbox 1845 3908 2067 3978; x_wconf 89' lang='lat' dir='ltr'><strong>eripue—</strong></span> 
     </span>
    </p>
   </div>
   <div class='ocr_carea' id='block_1_73' title="bbox 488 3992 2064 4066">
    <p class='ocr_par' dir='ltr' id='par_1_73' title="bbox 488 3992 2064 4066">
     <span class='ocr_line' id='line_1_73' title="bbox 488 3992 2064 4066; baseline 0.008 -24"><span class='ocrx_word' id='word_1_540' title='bbox 488 3992 561 4042; x_wconf 87' lang='lat' dir='ltr'><strong>rit</strong></span> <span class='ocrx_word' id='word_1_541' title='bbox 621 3993 690 4046; x_wconf 89' lang='lat' dir='ltr'><strong>ab</strong></span> <span class='ocrx_word' id='word_1_542' title='bbox 724 3994 789 4048; x_wconf 85' lang='lat' dir='ltr'><strong>iis</strong></span> <span class='ocrx_word' id='word_1_543' title='bbox 820 3995 915 4064; x_wconf 89' lang='lat' dir='ltr'><strong>qui</strong></span> <span class='ocrx_word' id='word_1_544' title='bbox 979 3995 1237 4051; x_wconf 87' lang='lat' dir='ltr'><strong>obsidere</strong></span> <span class='ocrx_word' id='word_1_545' title='bbox 1278 4007 1331 4052; x_wconf 86' lang='lat' dir='ltr'><strong>et</strong></span> <span class='ocrx_word' id='word_1_546' title='bbox 1377 3998 1652 4066; x_wconf 83' lang='lat' dir='ltr'><strong>captivum</strong></span> <span class='ocrx_word' id='word_1_547' title='bbox 1707 3998 1890 4056; x_wconf 79' lang='lat' dir='ltr'><strong>facere</strong></span> <span class='ocrx_word' id='word_1_548' title='bbox 1939 4015 2064 4055; x_wconf 90' lang='lat' dir='ltr'><strong>eum</strong></span> 
     </span>
    </p>
   </div>
   <div class='ocr_carea' id='block_1_74' title="bbox 488 4085 800 4151">
    <p class='ocr_par' dir='ltr' id='par_1_74' title="bbox 488 4085 800 4151">
     <span class='ocr_line' id='line_1_74' title="bbox 488 4085 800 4151; baseline 0.016 -17"><span class='ocrx_word' id='word_1_549' title='bbox 488 4085 800 4151; x_wconf 83' lang='lat' dir='ltr'><strong>sperabant.</strong></span> 
     </span>
    </p>
   </div>
   <div class='ocr_carea' id='block_1_75' title="bbox 560 4173 2068 4247">
    <p class='ocr_par' dir='ltr' id='par_1_75' title="bbox 560 4173 2068 4247">
     <span class='ocr_line' id='line_1_75' title="bbox 560 4173 2068 4247; baseline 0.011 -23"><span class='ocrx_word' id='word_1_550' title='bbox 560 4173 701 4226; x_wconf 80' lang='lat' dir='ltr'><strong>Deus</strong></span> <span class='ocrx_word' id='word_1_551' title='bbox 735 4191 877 4229; x_wconf 72' lang='lat' dir='ltr'><strong>utens</strong></span> <span class='ocrx_word' id='word_1_552' title='bbox 928 4176 1146 4245; x_wconf 86' lang='lat' dir='ltr'><strong>adjutor</strong></span> <span class='ocrx_word' id='word_1_553' title='bbox 1173 4193 1338 4242; x_wconf 74' lang='lat' dir='ltr'><strong>meus,</strong></span> <span class='ocrx_word' id='word_1_554' title='bbox 1357 4189 1404 4231; x_wconf 86' lang='lat' dir='ltr'><strong>et</strong></span> <span class='ocrx_word' id='word_1_555' title='bbox 1430 4183 1651 4247; x_wconf 74' lang='lat' dir='ltr'><strong>sperabo</strong></span> <span class='ocrx_word' id='word_1_556' title='bbox 1674 4181 1728 4234; x_wconf 85' lang='lat' dir='ltr'><strong>in</strong></span> <span class='ocrx_word' id='word_1_557' title='bbox 1757 4197 1896 4237; x_wconf 83' lang='lat' dir='ltr'><strong>eum.</strong></span> <span class='ocrx_word' id='word_1_558' title='bbox 1925 4183 2068 4240; x_wconf 86' lang='lat' dir='ltr'><strong>Deus</strong></span> 
     </span>
    </p>
   </div>
   <div class='ocr_carea' id='block_1_76' title="bbox 489 4267 2069 4343">
    <p class='ocr_par' dir='ltr' id='par_1_76' title="bbox 489 4267 2069 4343">
     <span class='ocr_line' id='line_1_76' title="bbox 489 4267 2069 4343; baseline 0.008 -25"><span class='ocrx_word' id='word_1_559' title='bbox 489 4279 646 4320; x_wconf 88' lang='lat' dir='ltr'><strong>meus</strong></span> <span class='ocrx_word' id='word_1_560' title='bbox 683 4267 832 4322; x_wconf 81' lang='lat' dir='ltr'><strong>solus</strong></span> <span class='ocrx_word' id='word_1_561' title='bbox 862 4279 966 4332; x_wconf 82' lang='lat' dir='ltr'><strong>est,</strong></span> <span class='ocrx_word' id='word_1_562' title='bbox 1003 4271 1094 4338; x_wconf 90' lang='lat' dir='ltr'><strong>qui</strong></span> <span class='ocrx_word' id='word_1_563' title='bbox 1133 4284 1353 4338; x_wconf 86' lang='lat' dir='ltr'><strong>semper</strong></span> <span class='ocrx_word' id='word_1_564' title='bbox 1389 4273 1523 4325; x_wconf 91' lang='lat' dir='ltr'><strong>mihi</strong></span> <span class='ocrx_word' id='word_1_565' title='bbox 1563 4289 1721 4343; x_wconf 91' lang='lat' dir='ltr'><strong>opem</strong></span> <span class='ocrx_word' id='word_1_566' title='bbox 1755 4274 1932 4331; x_wconf 79' lang='lat' dir='ltr'><strong>ferat:</strong></span> <span class='ocrx_word' id='word_1_567' title='bbox 1983 4283 2069 4330; x_wconf 83' lang='lat' dir='ltr'><strong>at-</strong></span> 
     </span>
    </p>
   </div>
   <div class='ocr_carea' id='block_1_77' title="bbox 490 4353 2066 4428">
    <p class='ocr_par' dir='ltr' id='par_1_77' title="bbox 490 4353 2066 4428">
     <span class='ocr_line' id='line_1_77' title="bbox 490 4353 2066 4428; baseline 0.008 -18"><span class='ocrx_word' id='word_1_568' title='bbox 490 4372 597 4426; x_wconf 87' lang='lat' dir='ltr'><strong>que</strong></span> <span class='ocrx_word' id='word_1_569' title='bbox 632 4359 752 4412; x_wconf 84' lang='lat' dir='ltr'><strong>ideo</strong></span> <span class='ocrx_word' id='word_1_570' title='bbox 781 4353 842 4412; x_wconf 78' lang='grc' dir='ltr'>τη</span> <span class='ocrx_word' id='word_1_571' title='bbox 875 4375 940 4413; x_wconf 89' lang='lat' dir='ltr'><strong>eo</strong></span> <span class='ocrx_word' id='word_1_572' title='bbox 973 4363 1089 4414; x_wconf 90' lang='lat' dir='ltr'><strong>solo</strong></span> <span class='ocrx_word' id='word_1_573' title='bbox 1121 4375 1272 4428; x_wconf 83' lang='lat' dir='ltr'><strong>spem</strong></span> <span class='ocrx_word' id='word_1_574' title='bbox 1309 4377 1504 4428; x_wconf 85' lang='lat' dir='ltr'><strong>ponam</strong></span> <span class='ocrx_word' id='word_1_575' title='bbox 1533 4402 1546 4424; x_wconf 91' lang='lat'><strong>,</strong></span> <span class='ocrx_word' id='word_1_576' title='bbox 1600 4380 1707 4418; x_wconf 91' lang='lat' dir='ltr'><strong>non</strong></span> <span class='ocrx_word' id='word_1_577' title='bbox 1761 4365 2066 4422; x_wconf 80' lang='lat' dir='ltr'><strong>formidans</strong></span> 
     </span>
    </p>
   </div>
   <div class='ocr_carea' id='block_1_78' title="bbox 491 4453 2061 4526">
    <p class='ocr_par' dir='ltr' id='par_1_78' title="bbox 491 4453 2061 4526">
     <span class='ocr_line' id='line_1_78' title="bbox 491 4453 2061 4526; baseline 0.009 -27"><span class='ocrx_word' id='word_1_578' title='bbox 491 4465 609 4516; x_wconf 69' lang='lat' dir='ltr'><strong>qua:</strong></span> <span class='ocrx_word' id='word_1_579' title='bbox 638 4453 765 4502; x_wconf 74' lang='lat' dir='ltr'><strong>m’hi</strong></span> <span class='ocrx_word' id='word_1_580' title='bbox 807 4455 1122 4519; x_wconf 77' lang='lat' dir='ltr'><strong>contingere</strong></span> <span class='ocrx_word' id='word_1_581' title='bbox 1154 4462 1406 4521; x_wconf 77' lang='lat' dir='ltr'><strong>possunt.</strong></span> <span class='ocrx_word' id='word_1_582' title='bbox 1452 4473 1628 4526; x_wconf 85' lang='lat' dir='ltr'><strong>neque</strong></span> <span class='ocrx_word' id='word_1_583' title='bbox 1661 4459 1826 4512; x_wconf 89' lang='lat' dir='ltr'><strong>etiam</strong></span> <span class='ocrx_word' id='word_1_584' title='bbox 1862 4461 1930 4515; x_wconf 83' lang='lat' dir='ltr'><strong>de</strong></span> <span class='ocrx_word' id='word_1_585' title='bbox 1966 4477 2061 4516; x_wconf 86' lang='lat' dir='ltr'><strong>sa-</strong></span> 
     </span>
    </p>
   </div>
   <div class='ocr_carea' id='block_1_79' title="bbox 491 4542 964 4610">
    <p class='ocr_par' dir='ltr' id='par_1_79' title="bbox 491 4542 964 4610">
     <span class='ocr_line' id='line_1_79' title="bbox 491 4542 964 4610; baseline 0.008 -17"><span class='ocrx_word' id='word_1_586' title='bbox 491 4542 604 4596; x_wconf 87' lang='lat' dir='ltr'><strong>lute</strong></span> <span class='ocrx_word' id='word_1_587' title='bbox 640 4544 964 4610; x_wconf 80' lang='lat' dir='ltr'><strong>desperans.</strong></span> 
     </span>
    </p>
   </div>
   <div class='ocr_carea' id='block_1_80' title="bbox 2168 3453 3751 3529">
    <p class='ocr_par' dir='ltr' id='par_1_80' title="bbox 2168 3453 3751 3529">
     <span class='ocr_line' id='line_1_80' title="bbox 2168 3453 3751 3529; baseline 0.004 -25"><span class='ocrx_word' id='word_1_588' title='bbox 2168 3453 2403 3524; x_wconf 82' lang='grc' dir='ltr'>ποιήσας</span> <span class='ocrx_word' id='word_1_589' title='bbox 2429 3453 2726 3525; x_wconf 84' lang='grc' dir='ltr'>ἀκλόνητον</span> <span class='ocrx_word' id='word_1_590' title='bbox 2757 3457 2893 3529; x_wconf 80' lang='grc' dir='ltr'>πρὸς</span> <span class='ocrx_word' id='word_1_591' title='bbox 2938 3459 3038 3520; x_wconf 88' lang='grc' dir='ltr'><strong>τάς</strong></span> <span class='ocrx_word' id='word_1_592' title='bbox 3067 3459 3304 3528; x_wconf 76' lang='grc' dir='ltr'>ἐμϐολὰς</span> <span class='ocrx_word' id='word_1_593' title='bbox 3332 3460 3444 3513; x_wconf 84' lang='grc' dir='ltr'><strong>τῶν</strong></span> <span class='ocrx_word' id='word_1_594' title='bbox 3489 3459 3751 3513; x_wconf 78' lang='grc' dir='ltr'>ἑκάστοτε</span> 
     </span>
    </p>
   </div>
   <div class='ocr_carea' id='block_1_81' title="bbox 2169 3529 3755 3618">
    <p class='ocr_par' dir='ltr' id='par_1_81' title="bbox 2169 3529 3755 3618">
     <span class='ocr_line' id='line_1_81' title="bbox 2169 3529 3755 3618; baseline 0.004 -24"><span class='ocrx_word' id='word_1_595' title='bbox 2169 3529 2529 3612; x_wconf 62' lang='grc' dir='ltr'>πειρασμῶνο</span> <span class='ocrx_word' id='word_1_596' title='bbox 2561 3549 2855 3618; x_wconf 79' lang='grc' dir='ltr'>καταφυγὴ</span> <span class='ocrx_word' id='word_1_597' title='bbox 2903 3547 2982 3615; x_wconf 81' lang='grc' dir='ltr'><strong>δὲ,</strong></span> <span class='ocrx_word' id='word_1_598' title='bbox 3033 3549 3110 3609; x_wconf 82' lang='grc' dir='ltr'><strong>ὡς</strong></span> <span class='ocrx_word' id='word_1_599' title='bbox 3143 3550 3414 3618; x_wconf 87' lang='grc' dir='ltr'>φεύγοντα</span> <span class='ocrx_word' id='word_1_600' title='bbox 3461 3549 3755 3618; x_wconf 74' lang='grc' dir='ltr'>δεχόμενος</span> 
     </span>
    </p>
   </div>
   <div class='ocr_carea' id='block_1_82' title="bbox 2167 3634 3754 3710">
    <p class='ocr_par' dir='ltr' id='par_1_82' title="bbox 2167 3634 3754 3710">
     <span class='ocr_line' id='line_1_82' title="bbox 2167 3634 3754 3710; baseline 0.004 -24"><span class='ocrx_word' id='word_1_601' title='bbox 2167 3634 2298 3688; x_wconf 80' lang='grc' dir='ltr'>ετσω</span> <span class='ocrx_word' id='word_1_602' title='bbox 2322 3635 2422 3706; x_wconf 79' lang='grc' dir='ltr'><strong>τῆς</strong></span> <span class='ocrx_word' id='word_1_603' title='bbox 2449 3637 2646 3690; x_wconf 81' lang='grc' dir='ltr'>ἑαυτοῦ</span> <span class='ocrx_word' id='word_1_604' title='bbox 2698 3639 2930 3709; x_wconf 80' lang='grc' dir='ltr'>σκέπης,</span> <span class='ocrx_word' id='word_1_605' title='bbox 2963 3641 3058 3693; x_wconf 77' lang='grc' dir='ltr'>καὶ</span> <span class='ocrx_word' id='word_1_606' title='bbox 3103 3642 3182 3710; x_wconf 85' lang='grc' dir='ltr'>τῷ</span> <span class='ocrx_word' id='word_1_607' title='bbox 3229 3641 3397 3710; x_wconf 86' lang='grc' dir='ltr'>τείχει</span> <span class='ocrx_word' id='word_1_608' title='bbox 3451 3641 3555 3710; x_wconf 80' lang='grc' dir='ltr'>τῆς</span> <span class='ocrx_word' id='word_1_609' title='bbox 3600 3641 3754 3704; x_wconf 78' lang='grc' dir='ltr'>θείας</span> 
     </span>
    </p>
   </div>
   <div class='ocr_carea' id='block_1_83' title="bbox 2171 3725 3752 3802">
    <p class='ocr_par' dir='ltr' id='par_1_83' title="bbox 2171 3725 3752 3802">
     <span class='ocr_line' id='line_1_83' title="bbox 2171 3725 3752 3802; baseline 0.003 -22"><span class='ocrx_word' id='word_1_610' title='bbox 2171 3725 2422 3798; x_wconf 75' lang='grc' dir='ltr'>βοηθείας</span> <span class='ocrx_word' id='word_1_611' title='bbox 2457 3730 2906 3802; x_wconf 78' lang='grc' dir='ltr'>περιφυλάττων·</span> <span class='ocrx_word' id='word_1_612' title='bbox 2963 3733 3167 3802; x_wconf 80' lang='grc' dir='ltr'>ρύστης</span> <span class='ocrx_word' id='word_1_613' title='bbox 3197 3733 3276 3799; x_wconf 75' lang='grc' dir='ltr'><strong>δὲ,</strong></span> <span class='ocrx_word' id='word_1_614' title='bbox 3324 3733 3399 3797; x_wconf 84' lang='grc' dir='ltr'><strong>ὡς</strong></span> <span class='ocrx_word' id='word_1_615' title='bbox 3429 3732 3752 3802; x_wconf 58' lang='grc' dir='ltr'>ὲΕαιρούμευ</span> 
     </span>
    </p>
   </div>
   <div class='ocr_carea' id='block_1_84' title="bbox 2169 3821 3752 3896">
    <p class='ocr_par' dir='ltr' id='par_1_84' title="bbox 2169 3821 3752 3896">
     <span class='ocr_line' id='line_1_84' title="bbox 2169 3821 3752 3896; baseline 0.003 -23"><span class='ocrx_word' id='word_1_616' title='bbox 2169 3837 2258 3884; x_wconf 91' lang='grc' dir='ltr'><strong>νος</strong></span> <span class='ocrx_word' id='word_1_617' title='bbox 2300 3821 2412 3874; x_wconf 84' lang='grc' dir='ltr'><strong>τῶν</strong></span> <span class='ocrx_word' id='word_1_618' title='bbox 2466 3824 2780 3893; x_wconf 80' lang='grc' dir='ltr'>πολιορκεῖν</span> <span class='ocrx_word' id='word_1_619' title='bbox 2832 3826 2928 3880; x_wconf 71' lang='grc' dir='ltr'><strong>καὶ</strong></span> <span class='ocrx_word' id='word_1_620' title='bbox 2972 3824 3403 3896; x_wconf 76' lang='grc' dir='ltr'>αἰχμαλωτίξειν</span> <span class='ocrx_word' id='word_1_621' title='bbox 3455 3823 3752 3894; x_wconf 73' lang='grc' dir='ltr'>ἐλπιζομέ-</span> 
     </span>
    </p>
   </div>
   <div class='ocr_carea' id='block_1_85' title="bbox 2169 3931 2295 3969">
    <p class='ocr_par' dir='ltr' id='par_1_85' title="bbox 2169 3931 2295 3969">
     <span class='ocr_line' id='line_1_85' title="bbox 2169 3931 2295 3969; baseline 0.016 -3"><span class='ocrx_word' id='word_1_622' title='bbox 2169 3931 2295 3969; x_wconf 89' lang='grc' dir='ltr'>νων.</span> 
     </span>
    </p>
   </div>
   <div class='ocr_carea' id='block_1_86' title="bbox 2242 4185 3754 4268">
    <p class='ocr_par' dir='ltr' id='par_1_86' title="bbox 2242 4185 3754 4268">
     <span class='ocr_line' id='line_1_86' title="bbox 2242 4185 3754 4268; baseline 0.001 -29"><span class='ocrx_word' id='word_1_623' title='bbox 2242 4185 2459 4254; x_wconf 79' lang='grc' dir='ltr'>Κύριος</span> <span class='ocrx_word' id='word_1_624' title='bbox 2501 4188 2730 4255; x_wconf 79' lang='grc' dir='ltr'>βοηθός</span> <span class='ocrx_word' id='word_1_625' title='bbox 2762 4209 2904 4268; x_wconf 61' lang='grc' dir='ltr'>μομρ</span> <span class='ocrx_word' id='word_1_626' title='bbox 2953 4191 3052 4244; x_wconf 77' lang='grc' dir='ltr'><strong>καί</strong></span> <span class='ocrx_word' id='word_1_627' title='bbox 3083 4186 3270 4244; x_wconf 70' lang='grc' dir='ltr'>ἐλπιῶ</span> <span class='ocrx_word' id='word_1_628' title='bbox 3309 4190 3403 4244; x_wconf 78' lang='grc' dir='ltr'><strong>ἐπ’</strong></span> <span class='ocrx_word' id='word_1_629' title='bbox 3444 4191 3650 4245; x_wconf 76' lang='grc' dir='ltr'><strong>αὐτόν.</strong></span> <span class='ocrx_word' id='word_1_630' title='bbox 3694 4189 3754 4242; x_wconf 87' lang='grc'><strong>’0</strong></span> 
     </span>
    </p>
   </div>
   <div class='ocr_carea' id='block_1_87' title="bbox 2169 4277 3754 4354">
    <p class='ocr_par' dir='ltr' id='par_1_87' title="bbox 2169 4277 3754 4354">
     <span class='ocr_line' id='line_1_87' title="bbox 2169 4277 3754 4354; baseline 0.001 -23"><span class='ocrx_word' id='word_1_631' title='bbox 2169 4277 2302 4340; x_wconf 83' lang='grc' dir='ltr'><strong>Θεὸς</strong></span> <span class='ocrx_word' id='word_1_632' title='bbox 2339 4297 2439 4349; x_wconf 78' lang='grc' dir='ltr'><strong>μου</strong></span> <span class='ocrx_word' id='word_1_633' title='bbox 2489 4282 2648 4350; x_wconf 73' lang='grc' dir='ltr'>μὸνον</span> <span class='ocrx_word' id='word_1_634' title='bbox 2681 4284 2829 4335; x_wconf 73' lang='grc' dir='ltr'>ἐστὶν</span> <span class='ocrx_word' id='word_1_635' title='bbox 2860 4284 2947 4336; x_wconf 77' lang='grc' dir='ltr'>ἀεὶ</span> <span class='ocrx_word' id='word_1_636' title='bbox 2979 4283 3173 4354; x_wconf 72' lang='grc' dir='ltr'>βοηθός</span> <span class='ocrx_word' id='word_1_637' title='bbox 3226 4301 3366 4352; x_wconf 75' lang='grc' dir='ltr'>μουο</span> <span class='ocrx_word' id='word_1_638' title='bbox 3417 4285 3496 4338; x_wconf 78' lang='grc' dir='ltr'><strong>διὸ</strong></span> <span class='ocrx_word' id='word_1_639' title='bbox 3527 4285 3621 4337; x_wconf 78' lang='grc' dir='ltr'>καὶ</span> <span class='ocrx_word' id='word_1_640' title='bbox 3667 4283 3754 4334; x_wconf 80' lang='grc' dir='ltr'><strong>ἐπ’</strong></span> 
     </span>
    </p>
   </div>
   <div class='ocr_carea' id='block_1_88' title="bbox 2171 4371 3754 4446">
    <p class='ocr_par' dir='ltr' id='par_1_88' title="bbox 2171 4371 3754 4446">
     <span class='ocr_line' id='line_1_88' title="bbox 2171 4371 3754 4446; baseline 0.001 -22"><span class='ocrx_word' id='word_1_641' title='bbox 2171 4371 2335 4424; x_wconf 73' lang='grc' dir='ltr'>αὐτὸν</span> <span class='ocrx_word' id='word_1_642' title='bbox 2361 4373 2520 4441; x_wconf 76' lang='grc' dir='ltr'>μόνον</span> <span class='ocrx_word' id='word_1_643' title='bbox 2547 4374 2737 4438; x_wconf 77' lang='grc' dir='ltr'>ἐλπιῶ,</span> <span class='ocrx_word' id='word_1_644' title='bbox 2771 4377 2843 4443; x_wconf 75' lang='grc' dir='ltr'>μὴ</span> <span class='ocrx_word' id='word_1_645' title='bbox 2892 4375 3252 4446; x_wconf 82' lang='grc' dir='ltr'>ἀπολιγωρῶν</span> <span class='ocrx_word' id='word_1_646' title='bbox 3282 4375 3419 4442; x_wconf 77' lang='grc' dir='ltr'>πρὸς</span> <span class='ocrx_word' id='word_1_647' title='bbox 3456 4376 3526 4428; x_wconf 72' lang='grc' dir='ltr'>τὰ.</span> <span class='ocrx_word' id='word_1_648' title='bbox 3550 4373 3754 4444; x_wconf 71' lang='grc' dir='ltr'>συμπίο</span> 
     </span>
    </p>
   </div>
   <div class='ocr_carea' id='block_1_89' title="bbox 2172 4461 3462 4536">
    <p class='ocr_par' dir='ltr' id='par_1_89' title="bbox 2172 4461 3462 4536">
     <span class='ocr_line' id='line_1_89' title="bbox 2172 4461 3462 4536; baseline 0.005 -24"><span class='ocrx_word' id='word_1_649' title='bbox 2172 4475 2394 4523; x_wconf 88' lang='grc' dir='ltr'>πτοντα,</span> <span class='ocrx_word' id='word_1_650' title='bbox 2431 4461 2554 4531; x_wconf 77' lang='grc' dir='ltr'>μηδ’</span> <span class='ocrx_word' id='word_1_651' title='bbox 2589 4463 2982 4532; x_wconf 75' lang='grc' dir='ltr'>ἀπογινώσκων</span> <span class='ocrx_word' id='word_1_652' title='bbox 3013 4463 3113 4536; x_wconf 82' lang='grc' dir='ltr'>τὴν</span> <span class='ocrx_word' id='word_1_653' title='bbox 3161 4467 3462 4536; x_wconf 77' lang='grc' dir='ltr'>σωτηρίαν.</span> 
     </span>
    </p>
   </div>
   <div class='ocr_carea' id='block_1_90' title="bbox 565 4621 2068 4712">
    <p class='ocr_par' dir='ltr' id='par_1_90' title="bbox 565 4635 2066 4712">
     <span class='ocr_line' id='line_1_90' title="bbox 565 4635 2066 4712; baseline 0.008 -26"><span class='ocrx_word' id='word_1_654' title='bbox 565 4635 841 4689; x_wconf 74' lang='grc' dir='ltr'>Ρτοῐεσιογ</span> <span class='ocrx_word' id='word_1_655' title='bbox 868 4652 1011 4689; x_wconf 74' lang='lat' dir='ltr'><strong>meus</strong></span> <span class='ocrx_word' id='word_1_656' title='bbox 1037 4677 1051 4700; x_wconf 91' lang='lat'><strong>,</strong></span> <span class='ocrx_word' id='word_1_657' title='bbox 1085 4646 1135 4691; x_wconf 85' lang='lat' dir='ltr'><strong>et</strong></span> <span class='ocrx_word' id='word_1_658' title='bbox 1161 4652 1328 4692; x_wconf 83' lang='lat' dir='ltr'><strong>cornu</strong></span> <span class='ocrx_word' id='word_1_659' title='bbox 1348 4639 1541 4694; x_wconf 78' lang='lat' dir='ltr'><strong>salutis</strong></span> <span class='ocrx_word' id='word_1_660' title='bbox 1572 4659 1700 4698; x_wconf 68' lang='lat' dir='ltr'><strong>mete</strong></span> <span class='ocrx_word' id='word_1_661' title='bbox 1726 4684 1740 4706; x_wconf 86' lang='lat'><strong>,</strong></span> <span class='ocrx_word' id='word_1_662' title='bbox 1767 4655 1817 4697; x_wconf 82' lang='lat' dir='ltr'><strong>et</strong></span> <span class='ocrx_word' id='word_1_663' title='bbox 1847 4645 2066 4712; x_wconf 84' lang='lat' dir='ltr'><strong>adjutnr</strong></span> 
     </span>
    </p>
   </div>
   <div class='ocr_carea' id='block_1_91' title="bbox 2168 4621 3756 4712">
    <p class='ocr_par' dir='ltr' id='par_1_91' title="bbox 2251 4639 3756 4712">
     <span class='ocr_line' id='line_1_91' title="bbox 2251 4639 3756 4712; baseline 0 -18"><span class='ocrx_word' id='word_1_664' title='bbox 2251 4639 2734 4710; x_wconf 81' lang='grc' dir='ltr'>Ὺπερασπιστής</span> <span class='ocrx_word' id='word_1_665' title='bbox 2758 4661 2899 4711; x_wconf 86' lang='grc' dir='ltr'><strong>μου.</strong></span> <span class='ocrx_word' id='word_1_666' title='bbox 2934 4643 3034 4696; x_wconf 76' lang='grc' dir='ltr'>καὶ</span> <span class='ocrx_word' id='word_1_667' title='bbox 3062 4643 3241 4712; x_wconf 84' lang='grc' dir='ltr'>κέρας</span> <span class='ocrx_word' id='word_1_668' title='bbox 3268 4643 3571 4712; x_wconf 76' lang='grc' dir='ltr'>σωτηρίας</span> <span class='ocrx_word' id='word_1_669' title='bbox 3610 4661 3756 4712; x_wconf 83' lang='grc' dir='ltr'>μου,</span> 
     </span>
    </p>
   </div>
   <div class='ocr_carea' id='block_1_92' title="bbox 497 4727 2097 4813">
    <p class='ocr_par' dir='ltr' id='par_1_92' title="bbox 497 4727 2097 4813">
     <span class='ocr_line' id='line_1_92' title="bbox 497 4727 2097 4813; baseline 0.01 -36"><span class='ocrx_word' id='word_1_670' title='bbox 497 4741 663 4778; x_wconf 77' lang='lat' dir='ltr'><strong>meus.</strong></span> <span class='ocrx_word' id='word_1_671' title='bbox 693 4727 794 4791; x_wconf 84' lang='lat' dir='ltr'><strong>Qui</strong></span> <span class='ocrx_word' id='word_1_672' title='bbox 833 4728 884 4780; x_wconf 91' lang='lat' dir='ltr'><strong>in</strong></span> <span class='ocrx_word' id='word_1_673' title='bbox 914 4728 1056 4782; x_wconf 86' lang='lat' dir='ltr'><strong>bello</strong></span> <span class='ocrx_word' id='word_1_674' title='bbox 1089 4731 1478 4799; x_wconf 86' lang='lat' dir='ltr'><strong>protectionem</strong></span> <span class='ocrx_word' id='word_1_675' title='bbox 1509 4750 1659 4789; x_wconf 89' lang='lat' dir='ltr'><strong>suam</strong></span> <span class='ocrx_word' id='word_1_676' title='bbox 1689 4736 1756 4790; x_wconf 89' lang='lat' dir='ltr'><strong>ad</strong></span> <span class='ocrx_word' id='word_1_677' title='bbox 1789 4735 2097 4813; x_wconf 13' lang='lat' dir='ltr'><strong>defensio-l</strong></span> 
     </span>
    </p>
   </div>
   <div class='ocr_carea' id='block_1_93' title="bbox 499 4822 2072 4900">
    <p class='ocr_par' dir='ltr' id='par_1_93' title="bbox 499 4822 2072 4900">
     <span class='ocr_line' id='line_1_93' title="bbox 499 4822 2072 4900; baseline 0.009 -30"><span class='ocrx_word' id='word_1_678' title='bbox 499 4833 620 4871; x_wconf 90' lang='lat' dir='ltr'><strong>nem</strong></span> <span class='ocrx_word' id='word_1_679' title='bbox 653 4835 824 4872; x_wconf 86' lang='lat' dir='ltr'><strong>meam</strong></span> <span class='ocrx_word' id='word_1_680' title='bbox 860 4822 1039 4889; x_wconf 85' lang='lat' dir='ltr'><strong>posuit</strong></span> <span class='ocrx_word' id='word_1_681' title='bbox 1072 4838 1142 4876; x_wconf 89' lang='lat' dir='ltr'><strong>ne</strong></span> <span class='ocrx_word' id='word_1_682' title='bbox 1173 4823 1512 4879; x_wconf 77' lang='lat' dir='ltr'><strong>vnlnerarer.</strong></span> <span class='ocrx_word' id='word_1_683' title='bbox 1552 4825 1740 4882; x_wconf 87' lang='lat' dir='ltr'><strong>Solent</strong></span> <span class='ocrx_word' id='word_1_684' title='bbox 1775 4829 1922 4882; x_wconf 90' lang='lat' dir='ltr'><strong>enim</strong></span> <span class='ocrx_word' id='word_1_685' title='bbox 1978 4832 2072 4900; x_wconf 88' lang='lat' dir='ltr'><strong>qui</strong></span> 
     </span>
    </p>
   </div>
   <div class='ocr_carea' id='block_1_94' title="bbox 500 4909 2074 4990">
    <p class='ocr_par' dir='ltr' id='par_1_94' title="bbox 500 4909 2074 4990">
     <span class='ocr_line' id='line_1_94' title="bbox 500 4909 2074 4990; baseline 0.007 -28"><span class='ocrx_word' id='word_1_686' title='bbox 500 4912 553 4962; x_wconf 90' lang='lat' dir='ltr'><strong>in</strong></span> <span class='ocrx_word' id='word_1_687' title='bbox 587 4909 726 4964; x_wconf 82' lang='lat' dir='ltr'><strong>bello</strong></span> <span class='ocrx_word' id='word_1_688' title='bbox 761 4911 922 4964; x_wconf 77' lang='lat' dir='ltr'><strong>alicui</strong></span> <span class='ocrx_word' id='word_1_689' title='bbox 956 4913 1290 4981; x_wconf 87' lang='lat' dir='ltr'><strong>periclitanti</strong></span> <span class='ocrx_word' id='word_1_690' title='bbox 1325 4929 1482 4982; x_wconf 82' lang='lat' dir='ltr'><strong>Opem</strong></span> <span class='ocrx_word' id='word_1_691' title='bbox 1515 4916 1658 4970; x_wconf 79' lang='lat' dir='ltr'><strong>ferre</strong></span> <span class='ocrx_word' id='word_1_692' title='bbox 1691 4918 1882 4970; x_wconf 80' lang='lat' dir='ltr'><strong>volunt</strong></span> <span class='ocrx_word' id='word_1_693' title='bbox 1910 4957 1924 4982; x_wconf 89' lang='lat'><strong>,</strong></span> <span class='ocrx_word' id='word_1_694' title='bbox 1962 4921 2074 4990; x_wconf 82' lang='lat' dir='ltr'><strong>cly-</strong></span> 
     </span>
    </p>
   </div>
   <div class='ocr_carea' id='block_1_95' title="bbox 500 5006 2076 5080">
    <p class='ocr_par' dir='ltr' id='par_1_95' title="bbox 500 5006 2076 5080">
     <span class='ocr_line' id='line_1_95' title="bbox 500 5006 2076 5080; baseline 0.01 -29"><span class='ocrx_word' id='word_1_695' title='bbox 500 5018 657 5072; x_wconf 76' lang='lat' dir='ltr'><strong>peunt</strong></span> <span class='ocrx_word' id='word_1_696' title='bbox 693 5006 941 5059; x_wconf 89' lang='lat' dir='ltr'><strong>attollere</strong></span> <span class='ocrx_word' id='word_1_697' title='bbox 973 5013 1100 5059; x_wconf 85' lang='lat' dir='ltr'><strong>ante</strong></span> <span class='ocrx_word' id='word_1_698' title='bbox 1139 5023 1264 5060; x_wconf 89' lang='lat' dir='ltr'><strong>eum</strong></span> <span class='ocrx_word' id='word_1_699' title='bbox 1298 5045 1313 5069; x_wconf 94' lang='lat'><strong>,</strong></span> <span class='ocrx_word' id='word_1_700' title='bbox 1351 5024 1511 5077; x_wconf 89' lang='lat' dir='ltr'><strong>quem</strong></span> <span class='ocrx_word' id='word_1_701' title='bbox 1567 5008 1866 5064; x_wconf 80' lang='lat' dir='ltr'><strong>defendunt</strong></span> <span class='ocrx_word' id='word_1_702' title='bbox 1897 5053 1912 5076; x_wconf 93' lang='lat'><strong>,</strong></span> <span class='ocrx_word' id='word_1_703' title='bbox 1966 5028 2076 5080; x_wconf 89' lang='lat' dir='ltr'><strong>quo</strong></span> 
     </span>
    </p>
   </div>
   <div class='ocr_carea' id='block_1_96' title="bbox 498 5094 2076 5174">
    <p class='ocr_par' dir='ltr' id='par_1_96' title="bbox 498 5094 2076 5174">
     <span class='ocr_line' id='line_1_96' title="bbox 498 5094 2076 5174; baseline 0.006 -24"><span class='ocrx_word' id='word_1_704' title='bbox 498 5094 640 5150; x_wconf 87' lang='lat' dir='ltr'><strong>ictus</strong></span> <span class='ocrx_word' id='word_1_705' title='bbox 669 5105 722 5150; x_wconf 88' lang='lat' dir='ltr'><strong>et</strong></span> <span class='ocrx_word' id='word_1_706' title='bbox 751 5097 929 5163; x_wconf 82' lang='lat' dir='ltr'><strong>jarula</strong></span> <span class='ocrx_word' id='word_1_707' title='bbox 957 5098 1024 5152; x_wconf 87' lang='lat' dir='ltr'><strong>ab</strong></span> <span class='ocrx_word' id='word_1_708' title='bbox 1059 5113 1124 5152; x_wconf 89' lang='lat' dir='ltr'><strong>eo</strong></span> <span class='ocrx_word' id='word_1_709' title='bbox 1159 5099 1400 5166; x_wconf 87' lang='lat' dir='ltr'><strong>undique</strong></span> <span class='ocrx_word' id='word_1_710' title='bbox 1433 5110 1683 5156; x_wconf 87' lang='lat' dir='ltr'><strong>avertant</strong></span> <span class='ocrx_word' id='word_1_711' title='bbox 1713 5144 1726 5156; x_wconf 92' lang='lat'><strong>.</strong></span> <span class='ocrx_word' id='word_1_712' title='bbox 1759 5115 1812 5157; x_wconf 89' lang='lat' dir='ltr'><strong>et</strong></span> <span class='ocrx_word' id='word_1_713' title='bbox 1840 5105 1940 5159; x_wconf 92' lang='lat' dir='ltr'><strong>hoc</strong></span> <span class='ocrx_word' id='word_1_714' title='bbox 1978 5120 2076 5174; x_wconf 87' lang='lat' dir='ltr'><strong>pa-</strong></span> 
     </span>
    </p>
   </div>
   <div class='ocr_carea' id='block_1_97' title="bbox 498 5190 2075 5259">
    <p class='ocr_par' dir='ltr' id='par_1_97' title="bbox 498 5190 2075 5259">
     <span class='ocr_line' id='line_1_97' title="bbox 498 5190 2075 5259; baseline 0.008 -20"><span class='ocrx_word' id='word_1_715' title='bbox 498 5197 590 5241; x_wconf 76' lang='lat' dir='ltr'><strong>cto</strong></span> <span class='ocrx_word' id='word_1_716' title='bbox 643 5198 923 5257; x_wconf 76' lang='lat' dir='ltr'><strong>protegere</strong></span> <span class='ocrx_word' id='word_1_717' title='bbox 983 5190 1109 5259; x_wconf 90' lang='lat' dir='ltr'><strong>quis</strong></span> <span class='ocrx_word' id='word_1_718' title='bbox 1154 5190 1320 5242; x_wconf 88' lang='lat' dir='ltr'><strong>alium</strong></span> <span class='ocrx_word' id='word_1_719' title='bbox 1385 5192 1606 5248; x_wconf 82' lang='lat' dir='ltr'><strong>dicitur.</strong></span> <span class='ocrx_word' id='word_1_720' title='bbox 1662 5194 1842 5248; x_wconf 83' lang='lat' dir='ltr'><strong>Cornu</strong></span> <span class='ocrx_word' id='word_1_721' title='bbox 1893 5208 2075 5251; x_wconf 88' lang='lat' dir='ltr'><strong>atttem</strong></span> 
     </span>
    </p>
   </div>
   <div class='ocr_carea' id='block_1_98' title="bbox 498 5282 2078 5352">
    <p class='ocr_par' dir='ltr' id='par_1_98' title="bbox 498 5282 2078 5352">
     <span class='ocr_line' id='line_1_98' title="bbox 498 5282 2078 5352; baseline 0.008 -18"><span class='ocrx_word' id='word_1_722' title='bbox 498 5282 692 5336; x_wconf 76' lang='lat' dir='ltr'><strong>salutis</strong></span> <span class='ocrx_word' id='word_1_723' title='bbox 723 5324 738 5346; x_wconf 90' lang='lat'><strong>,</strong></span> <span class='ocrx_word' id='word_1_724' title='bbox 793 5283 842 5337; x_wconf 93' lang='lat' dir='ltr'><strong>id</strong></span> <span class='ocrx_word' id='word_1_725' title='bbox 879 5291 963 5338; x_wconf 87' lang='lat' dir='ltr'><strong>est</strong></span> <span class='ocrx_word' id='word_1_726' title='bbox 996 5284 1237 5338; x_wconf 84' lang='lat' dir='ltr'><strong>salutare</strong></span> <span class='ocrx_word' id='word_1_727' title='bbox 1283 5288 1774 5352; x_wconf 76' lang='lat' dir='ltr'><strong>propugnaculum.</strong></span> <span class='ocrx_word' id='word_1_728' title='bbox 1835 5289 2078 5346; x_wconf 74' lang='lat' dir='ltr'><strong>(Iornuta</strong></span> 
     </span>
    </p>
   </div>
   <div class='ocr_carea' id='block_1_99' title="bbox 505 5375 2083 5446">
    <p class='ocr_par' dir='ltr' id='par_1_99' title="bbox 505 5375 2083 5446">
     <span class='ocr_line' id='line_1_99' title="bbox 505 5375 2083 5446; baseline 0.007 -21"><span class='ocrx_word' id='word_1_729' title='bbox 505 5377 648 5426; x_wconf 90' lang='lat' dir='ltr'><strong>enim</strong></span> <span class='ocrx_word' id='word_1_730' title='bbox 689 5375 942 5429; x_wconf 88' lang='lat' dir='ltr'><strong>animalia</strong></span> <span class='ocrx_word' id='word_1_731' title='bbox 975 5377 1026 5428; x_wconf 91' lang='lat' dir='ltr'><strong>in</strong></span> <span class='ocrx_word' id='word_1_732' title='bbox 1065 5392 1243 5446; x_wconf 82' lang='lat' dir='ltr'><strong>pugna</strong></span> <span class='ocrx_word' id='word_1_733' title='bbox 1285 5377 1620 5432; x_wconf 79' lang='lat' dir='ltr'><strong>validissime</strong></span> <span class='ocrx_word' id='word_1_734' title='bbox 1669 5380 1932 5435; x_wconf 86' lang='lat' dir='ltr'><strong>cornibus</strong></span> <span class='ocrx_word' id='word_1_735' title='bbox 1963 5396 2083 5435; x_wconf 82' lang='lat' dir='ltr'><strong>cer-</strong></span> 
     </span>
    </p>
   </div>
   <div class='ocr_carea' id='block_1_100' title="bbox 509 5466 2077 5537">
    <p class='ocr_par' dir='ltr' id='par_1_100' title="bbox 509 5466 2077 5537">
     <span class='ocr_line' id='line_1_100' title="bbox 509 5466 2077 5537; baseline 0.004 -21"><span class='ocrx_word' id='word_1_736' title='bbox 509 5472 642 5519; x_wconf 87' lang='lat' dir='ltr'><strong>tant.</strong></span> <span class='ocrx_word' id='word_1_737' title='bbox 680 5466 742 5519; x_wconf 86' lang='lat' dir='ltr'><strong>Et</strong></span> <span class='ocrx_word' id='word_1_738' title='bbox 784 5469 1040 5537; x_wconf 87' lang='lat' dir='ltr'><strong>quoniam</strong></span> <span class='ocrx_word' id='word_1_739' title='bbox 1103 5483 1377 5520; x_wconf 88' lang='lat' dir='ltr'><strong>armormn</strong></span> <span class='ocrx_word' id='word_1_740' title='bbox 1427 5469 1529 5521; x_wconf 84' lang='lat' dir='ltr'><strong>alia</strong></span> <span class='ocrx_word' id='word_1_741' title='bbox 1585 5469 1648 5523; x_wconf 86' lang='lat' dir='ltr'><strong>ad</strong></span> <span class='ocrx_word' id='word_1_742' title='bbox 1706 5470 2077 5524; x_wconf 72' lang='lat' dir='ltr'><strong>tlcl‘rnsionmn</strong></span> 
     </span>
    </p>
   </div>
   <div class='ocr_carea' id='block_1_101' title="bbox 507 5556 2072 5628">
    <p class='ocr_par' dir='ltr' id='par_1_101' title="bbox 507 5556 2072 5628">
     <span class='ocr_line' id='line_1_101' title="bbox 507 5556 2072 5628; baseline 0.006 -23"><span class='ocrx_word' id='word_1_743' title='bbox 507 5566 661 5615; x_wconf 86' lang='lat' dir='ltr'><strong>sunt,</strong></span> <span class='ocrx_word' id='word_1_744' title='bbox 703 5558 807 5608; x_wconf 89' lang='lat' dir='ltr'><strong>alia</strong></span> <span class='ocrx_word' id='word_1_745' title='bbox 839 5556 905 5610; x_wconf 90' lang='lat' dir='ltr'><strong>ad</strong></span> <span class='ocrx_word' id='word_1_746' title='bbox 937 5557 1315 5621; x_wconf 70' lang='lat' dir='ltr'><strong>otiensionczn,</strong></span> <span class='ocrx_word' id='word_1_747' title='bbox 1351 5565 1665 5628; x_wconf 84' lang='lat' dir='ltr'><strong>utrumque,</strong></span> <span class='ocrx_word' id='word_1_748' title='bbox 1699 5559 1893 5628; x_wconf 88' lang='lat' dir='ltr'><strong>inquit,</strong></span> <span class='ocrx_word' id='word_1_749' title='bbox 1931 5559 2072 5614; x_wconf 76' lang='lat' dir='ltr'><strong>Deus</strong></span> 
     </span>
    </p>
   </div>
   <div class='ocr_carea' id='block_1_102' title="bbox 2172 4733 3759 4805">
    <p class='ocr_par' dir='ltr' id='par_1_102' title="bbox 2172 4733 3759 4805">
     <span class='ocr_line' id='line_1_102' title="bbox 2172 4733 3759 4805; baseline -0.001 -17"><span class='ocrx_word' id='word_1_750' title='bbox 2172 4735 2273 4789; x_wconf 76' lang='grc' dir='ltr'><strong>καί</strong></span> <span class='ocrx_word' id='word_1_751' title='bbox 2303 4733 2683 4802; x_wconf 73' lang='grc' dir='ltr'>ἁντιλήπτωρ</span> <span class='ocrx_word' id='word_1_752' title='bbox 2702 4751 2842 4802; x_wconf 87' lang='grc' dir='ltr'>μου.</span> <span class='ocrx_word' id='word_1_753' title='bbox 2869 4734 2958 4786; x_wconf 86' lang='grc' dir='ltr'><strong>Ἐν</strong></span> <span class='ocrx_word' id='word_1_754' title='bbox 2985 4735 3246 4804; x_wconf 82' lang='grc' dir='ltr'>πολέμοις</span> <span class='ocrx_word' id='word_1_755' title='bbox 3290 4737 3390 4805; x_wconf 83' lang='grc' dir='ltr'>τὴν</span> <span class='ocrx_word' id='word_1_756' title='bbox 3421 4737 3632 4805; x_wconf 82' lang='grc' dir='ltr'>σκέπην</span> <span class='ocrx_word' id='word_1_757' title='bbox 3660 4739 3759 4787; x_wconf 72' lang='grc' dir='ltr'><strong>αὖ-</strong></span> 
     </span>
    </p>
   </div>
   <div class='ocr_carea' id='block_1_103' title="bbox 2172 4827 3759 4898">
    <p class='ocr_par' dir='ltr' id='par_1_103' title="bbox 2172 4827 3759 4898">
     <span class='ocr_line' id='line_1_103' title="bbox 2172 4827 3759 4898; baseline -0.001 -17"><span class='ocrx_word' id='word_1_758' title='bbox 2172 4828 2267 4882; x_wconf 80' lang='grc' dir='ltr'>τοῦ</span> <span class='ocrx_word' id='word_1_759' title='bbox 2302 4827 2408 4897; x_wconf 78' lang='grc' dir='ltr'>πρὸ</span> <span class='ocrx_word' id='word_1_760' title='bbox 2457 4827 2591 4896; x_wconf 76' lang='grc' dir='ltr'>ἐμοῦ</span> <span class='ocrx_word' id='word_1_761' title='bbox 2622 4827 2813 4891; x_wconf 76' lang='grc' dir='ltr'>τιθεὶς.</span> <span class='ocrx_word' id='word_1_762' title='bbox 2849 4827 2935 4880; x_wconf 78' lang='grc' dir='ltr'>ἵνα</span> <span class='ocrx_word' id='word_1_763' title='bbox 2997 4829 3071 4898; x_wconf 84' lang='grc' dir='ltr'>μὴ</span> <span class='ocrx_word' id='word_1_764' title='bbox 3107 4827 3311 4898; x_wconf 79' lang='grc' dir='ltr'>βληθῶ.</span> <span class='ocrx_word' id='word_1_765' title='bbox 3353 4830 3465 4891; x_wconf 74' lang='grc' dir='ltr'>Τὰς</span> <span class='ocrx_word' id='word_1_766' title='bbox 3519 4830 3759 4891; x_wconf 78' lang='grc' dir='ltr'>ἀσπίδας</span> 
     </span>
    </p>
   </div>
   <div class='ocr_carea' id='block_1_104' title="bbox 2175 4919 3760 4990">
    <p class='ocr_par' dir='ltr' id='par_1_104' title="bbox 2175 4919 3760 4990">
     <span class='ocr_line' id='line_1_104' title="bbox 2175 4919 3760 4990; baseline -0.001 -18"><span class='ocrx_word' id='word_1_767' title='bbox 2175 4920 2284 4990; x_wconf 83' lang='grc' dir='ltr'>γὰρ</span> <span class='ocrx_word' id='word_1_768' title='bbox 2313 4921 2363 4972; x_wconf 78' lang='grc' dir='ltr'>οἱ</span> <span class='ocrx_word' id='word_1_769' title='bbox 2393 4919 2860 4988; x_wconf 79' lang='grc' dir='ltr'>ύπερασπίζοντές</span> <span class='ocrx_word' id='word_1_770' title='bbox 2904 4937 3097 4981; x_wconf 84' lang='grc' dir='ltr'>τινων,</span> <span class='ocrx_word' id='word_1_771' title='bbox 3149 4920 3373 4974; x_wconf 82' lang='grc' dir='ltr'>εἰώθασι</span> <span class='ocrx_word' id='word_1_772' title='bbox 3427 4920 3535 4990; x_wconf 77' lang='grc' dir='ltr'><strong>πρὸ</strong></span> <span class='ocrx_word' id='word_1_773' title='bbox 3577 4921 3760 4974; x_wconf 78' lang='grc' dir='ltr'>αὐτῶν</span> 
     </span>
    </p>
   </div>
   <div class='ocr_carea' id='block_1_105' title="bbox 2177 5003 3760 5082">
    <p class='ocr_par' dir='ltr' id='par_1_105' title="bbox 2177 5003 3760 5082">
     <span class='ocr_line' id='line_1_105' title="bbox 2177 5003 3760 5082; baseline 0.001 -18"><span class='ocrx_word' id='word_1_774' title='bbox 2177 5011 2410 5082; x_wconf 82' lang='grc' dir='ltr'>ἀνέχειν,</span> <span class='ocrx_word' id='word_1_775' title='bbox 2442 5012 2520 5074; x_wconf 78' lang='grc' dir='ltr'>εἰς</span> <span class='ocrx_word' id='word_1_776' title='bbox 2549 5013 2867 5081; x_wconf 80' lang='grc' dir='ltr'>ἀποτροπὴν</span> <span class='ocrx_word' id='word_1_777' title='bbox 2890 5012 3015 5065; x_wconf 80' lang='grc' dir='ltr'><strong>ὅθεν</strong></span> <span class='ocrx_word' id='word_1_778' title='bbox 3039 5012 3239 5080; x_wconf 79' lang='grc' dir='ltr'>δήποτε</span> <span class='ocrx_word' id='word_1_779' title='bbox 3271 5013 3455 5081; x_wconf 79' lang='grc' dir='ltr'>βολῆς.</span> <span class='ocrx_word' id='word_1_780' title='bbox 3489 5003 3678 5080; x_wconf 75' lang='grc' dir='ltr'>Κέρας</span> <span class='ocrx_word' id='word_1_781' title='bbox 3703 5015 3760 5066; x_wconf 71' lang='grc' dir='ltr'><strong>δὲ</strong></span> 
     </span>
    </p>
   </div>
   <div class='ocr_carea' id='block_1_106' title="bbox 2177 5101 3759 5173">
    <p class='ocr_par' dir='ltr' id='par_1_106' title="bbox 2177 5101 3759 5173">
     <span class='ocr_line' id='line_1_106' title="bbox 2177 5101 3759 5173; baseline 0.001 -18"><span class='ocrx_word' id='word_1_782' title='bbox 2177 5101 2498 5168; x_wconf 72' lang='grc' dir='ltr'>σωτηρίας,</span> <span class='ocrx_word' id='word_1_783' title='bbox 2526 5101 2649 5154; x_wconf 78' lang='grc' dir='ltr'>ἀντὶ</span> <span class='ocrx_word' id='word_1_784' title='bbox 2682 5101 2799 5163; x_wconf 81' lang='grc' dir='ltr'>τοῦ,</span> <span class='ocrx_word' id='word_1_785' title='bbox 2837 5103 3194 5172; x_wconf 85' lang='grc' dir='ltr'>ἀμυντήριον,</span> <span class='ocrx_word' id='word_1_786' title='bbox 3232 5105 3498 5156; x_wconf 82' lang='grc' dir='ltr'>σωστικὸν</span> <span class='ocrx_word' id='word_1_787' title='bbox 3517 5121 3531 5135; x_wconf 89' lang='grc'><strong>·</strong></span> <span class='ocrx_word' id='word_1_788' title='bbox 3553 5105 3621 5156; x_wconf 79' lang='grc' dir='ltr'><strong>τὰ</strong></span> <span class='ocrx_word' id='word_1_789' title='bbox 3650 5107 3759 5173; x_wconf 78' lang='grc' dir='ltr'>γὰρ</span> 
     </span>
    </p>
   </div>
   <div class='ocr_carea' id='block_1_107' title="bbox 2181 5194 3759 5266">
    <p class='ocr_par' dir='ltr' id='par_1_107' title="bbox 2181 5194 3759 5266">
     <span class='ocr_line' id='line_1_107' title="bbox 2181 5194 3759 5266; baseline 0.001 -20"><span class='ocrx_word' id='word_1_790' title='bbox 2181 5194 2500 5265; x_wconf 62' lang='grc' dir='ltr'>κερασψόρα</span> <span class='ocrx_word' id='word_1_791' title='bbox 2546 5194 2660 5256; x_wconf 78' lang='grc' dir='ltr'>ζῶα</span> <span class='ocrx_word' id='word_1_792' title='bbox 2692 5199 2806 5257; x_wconf 74' lang='grc' dir='ltr'>τοῖς</span> <span class='ocrx_word' id='word_1_793' title='bbox 2850 5195 3079 5264; x_wconf 79' lang='grc' dir='ltr'>κέρασιν</span> <span class='ocrx_word' id='word_1_794' title='bbox 3116 5196 3416 5262; x_wconf 80' lang='grc' dir='ltr'>ἀμύνονται</span> <span class='ocrx_word' id='word_1_795' title='bbox 3469 5197 3759 5266; x_wconf 84' lang='grc' dir='ltr'>καρτερῶς</span> 
     </span>
    </p>
   </div>
   <div class='ocr_carea' id='block_1_108' title="bbox 2182 5286 3759 5358">
    <p class='ocr_par' dir='ltr' id='par_1_108' title="bbox 2182 5286 3759 5358">
     <span class='ocr_line' id='line_1_108' title="bbox 2182 5286 3759 5358; baseline 0 -21"><span class='ocrx_word' id='word_1_796' title='bbox 2182 5287 2240 5338; x_wconf 82' lang='grc' dir='ltr'>ὲν</span> <span class='ocrx_word' id='word_1_797' title='bbox 2284 5289 2406 5345; x_wconf 83' lang='grc' dir='ltr'>ταῖς</span> <span class='ocrx_word' id='word_1_798' title='bbox 2441 5287 2662 5357; x_wconf 74' lang='grc' dir='ltr'>μάχαις.</span> <span class='ocrx_word' id='word_1_799' title='bbox 2711 5286 2867 5339; x_wconf 76' lang='grc' dir='ltr'>Ἐπεὶ</span> <span class='ocrx_word' id='word_1_800' title='bbox 2893 5289 3002 5357; x_wconf 71' lang='grc' dir='ltr'>γὲρ</span> <span class='ocrx_word' id='word_1_801' title='bbox 3033 5287 3094 5340; x_wconf 82' lang='grc' dir='ltr'>τὸ</span> <span class='ocrx_word' id='word_1_802' title='bbox 3148 5287 3334 5356; x_wconf 79' lang='grc' dir='ltr'>μέντοι</span> <span class='ocrx_word' id='word_1_803' title='bbox 3383 5287 3759 5358; x_wconf 61' lang='grc' dir='ltr'>φυλακτήριον</span> 
     </span>
    </p>
   </div>
   <div class='ocr_carea' id='block_1_109' title="bbox 2182 5379 3759 5451">
    <p class='ocr_par' dir='ltr' id='par_1_109' title="bbox 2182 5379 3759 5451">
     <span class='ocr_line' id='line_1_109' title="bbox 2182 5379 3759 5451; baseline 0.001 -21"><span class='ocrx_word' id='word_1_804' title='bbox 2182 5379 2331 5431; x_wconf 73' lang='grc' dir='ltr'>ἔστιν</span> <span class='ocrx_word' id='word_1_805' title='bbox 2361 5379 2545 5444; x_wconf 78' lang='grc' dir='ltr'>ὅπλον,</span> <span class='ocrx_word' id='word_1_806' title='bbox 2579 5379 2637 5431; x_wconf 75' lang='grc' dir='ltr'><strong>τὸ</strong></span> <span class='ocrx_word' id='word_1_807' title='bbox 2661 5379 2717 5431; x_wconf 78' lang='grc' dir='ltr'>δέ</span> <span class='ocrx_word' id='word_1_808' title='bbox 2747 5396 2800 5431; x_wconf 86' lang='grc' dir='ltr'><strong>τι</strong></span> <span class='ocrx_word' id='word_1_809' title='bbox 2849 5380 3305 5451; x_wconf 81' lang='grc' dir='ltr'>πολεμιστήριον·</span> <span class='ocrx_word' id='word_1_810' title='bbox 3341 5381 3436 5434; x_wconf 79' lang='grc' dir='ltr'>καὶ</span> <span class='ocrx_word' id='word_1_811' title='bbox 3467 5379 3627 5434; x_wconf 74' lang='grc' dir='ltr'>τοῦτο</span> <span class='ocrx_word' id='word_1_812' title='bbox 3655 5384 3759 5434; x_wconf 76' lang='grc' dir='ltr'>κά-</span> 
     </span>
    </p>
   </div>
   <div class='ocr_carea' id='block_1_110' title="bbox 2184 5472 3757 5540">
    <p class='ocr_par' dir='ltr' id='par_1_110' title="bbox 2184 5472 3757 5540">
     <span class='ocr_line' id='line_1_110' title="bbox 2184 5472 3757 5540; baseline 0.001 -18"><span class='ocrx_word' id='word_1_813' title='bbox 2184 5472 2351 5535; x_wconf 83' lang='grc' dir='ltr'>κεῖνο,</span> <span class='ocrx_word' id='word_1_814' title='bbox 2382 5475 2565 5540; x_wconf 63' lang='grc' dir='ltr'>φησιν,</span> <span class='ocrx_word' id='word_1_815' title='bbox 2600 5475 2627 5524; x_wconf 84' lang='grc' dir='ltr'>ὁ</span> <span class='ocrx_word' id='word_1_816' title='bbox 2660 5473 2791 5535; x_wconf 75' lang='grc' dir='ltr'>Θεὸς</span> <span class='ocrx_word' id='word_1_817' title='bbox 2831 5474 3066 5540; x_wconf 76' lang='grc' dir='ltr'>ἐγένετο,</span> <span class='ocrx_word' id='word_1_818' title='bbox 3117 5477 3210 5526; x_wconf 78' lang='grc' dir='ltr'>καὶ</span> <span class='ocrx_word' id='word_1_819' title='bbox 3241 5474 3462 5528; x_wconf 79' lang='grc' dir='ltr'>σκέπων</span> <span class='ocrx_word' id='word_1_820' title='bbox 3490 5477 3549 5528; x_wconf 74' lang='grc' dir='ltr'>ἐν</span> <span class='ocrx_word' id='word_1_821' title='bbox 3592 5473 3757 5526; x_wconf 85' lang='grc' dir='ltr'>πολέ-</span> 
     </span>
    </p>
   </div>
   <div class='ocr_carea' id='block_1_111' title="bbox 2187 5565 3759 5639">
    <p class='ocr_par' dir='ltr' id='par_1_111' title="bbox 2187 5565 3759 5639">
     <span class='ocr_line' id='line_1_111' title="bbox 2187 5565 3759 5639; baseline 0.004 -28"><span class='ocrx_word' id='word_1_822' title='bbox 2187 5581 2302 5634; x_wconf 79' lang='grc' dir='ltr'><strong>μῳ,</strong></span> <span class='ocrx_word' id='word_1_823' title='bbox 2336 5565 2427 5617; x_wconf 73' lang='grc' dir='ltr'>καὶ</span> <span class='ocrx_word' id='word_1_824' title='bbox 2458 5565 2787 5634; x_wconf 69' lang='grc' dir='ltr'>διαφθείρων</span> <span class='ocrx_word' id='word_1_825' title='bbox 2815 5568 2937 5630; x_wconf 67' lang='grc' dir='ltr'>τοὺς</span> <span class='ocrx_word' id='word_1_826' title='bbox 2969 5566 3219 5637; x_wconf 69' lang='grc' dir='ltr'>ἐχθρούς.</span> <span class='ocrx_word' id='word_1_827' title='bbox 3265 5567 3644 5639; x_wconf 80' lang='grc' dir='ltr'>Ἀντιλήπτωρ</span> <span class='ocrx_word' id='word_1_828' title='bbox 3676 5565 3759 5632; x_wconf 64' lang='grc' dir='ltr'><strong>δὲ,</strong></span> 
     </span>
    </p>
   </div>
   <div class='ocr_carea' id='block_1_112' title="bbox 585 5729 2166 5798">
    <p class='ocr_par' dir='ltr' id='par_1_112' title="bbox 585 5729 2166 5798">
     <span class='ocr_line' id='line_1_112' title="bbox 585 5729 2166 5798; baseline 0.006 -17"><span class='ocrx_word' id='word_1_829' title='bbox 585 5731 632 5762; x_wconf 67' lang='grc'>’³</span> <span class='ocrx_word' id='word_1_830' title='bbox 672 5729 812 5787; x_wconf 68' lang='grc' dir='ltr'>νευι.</span> <span class='ocrx_word' id='word_1_831' title='bbox 851 5748 974 5797; x_wconf 72' lang='lat' dir='ltr'><strong>cxv,</strong></span> <span class='ocrx_word' id='word_1_832' title='bbox 1015 5733 1097 5787; x_wconf 54' lang='lat'><strong>1‘2.</strong></span> <span class='ocrx_word' id='word_1_833' title='bbox 1174 5732 1216 5761; x_wconf 82' lang='grc'><strong>⁸⁸</strong></span> <span class='ocrx_word' id='word_1_834' title='bbox 1254 5732 1410 5788; x_wconf 79' lang='lat' dir='ltr'><strong>Dettl.</strong></span> <span class='ocrx_word' id='word_1_835' title='bbox 1451 5749 1523 5796; x_wconf 72' lang='grc' dir='ltr'><strong>γι,</strong></span> <span class='ocrx_word' id='word_1_836' title='bbox 1560 5733 1627 5794; x_wconf 76' lang='lat'><strong>5;</strong></span> <span class='ocrx_word' id='word_1_837' title='bbox 1678 5732 1867 5786; x_wconf 74' lang='lat' dir='ltr'><strong>Matth.</strong></span> <span class='ocrx_word' id='word_1_838' title='bbox 1907 5750 2042 5798; x_wconf 68' lang='grc' dir='ltr'>χχιι,</span> <span class='ocrx_word' id='word_1_839' title='bbox 2076 5732 2166 5790; x_wconf 76' lang='grc' dir='ltr'><strong>ἶίἾ.</strong></span> 
     </span>
    </p>
   </div>
  </div>
