4054 6210
293 323 381 389 221

1443 337 1588 400 COM
1602 337 1830 402 MENT.
1872 342 1950 404 IN
1996 340 2356 407 PSALMO‘S.

3406 357 3515 419 9’2

3431 404 3438 417 ⁸
3483 407 3510 421 Α

289 445 354 507 ὡς
379 441 916 514 ἀντιλαμϐανόμενος
972 446 1052 510 εἰς
1097 445 1336 516 ἀθυμίαν
1386 450 1842 514 καταπίπτοντος,

1953 451 2126 506 lactus
2159 464 2242 507 est
2275 456 2422 508 mihi.
2457 453 2592 510 Nam
2619 463 2672 511 e‘t
2713 457 2779 511 ab
2824 458 3057 516 inimicis
3107 476 3192 516 me
3242 466 3466 532 protegit
3505 507 3521 530 ,

286 537 497 593 καὶτῶν
523 536 792 609 Θλιόερῶν
825 540 1000 602 ἄλλως
1025 541 1431 611 ἀνακτώμενος.

343 829 536 882 Ali-(Br
573 830 1004 898 ἐπικαλέσομαι
1037 832 1147 884 τὸν
1191 833 1430 900 Κύριον,
1481 825 1579 884 καί
1626 831 1693 884 ἐκ
1731 831 1858 884 τῶνδ’

279 917 499 989 ἐχθρῶν
535 939 657 990 μου
699 923 1068 992 σωθήσομαι.
1112 923 1268 977 Οὕτω
1315 925 1583 983 ποικίλοις
1616 924 1847 991 ὀνόμασι

280 1014 526 1083 βοηθείας
580 1015 892 1083 ἐξυμνήσας
946 1016 1036 1067 τὸν
1071 1016 1226 1079 Θεὸν,
1280 1016 1355 1079 ὠς
1402 1018 1663 1078 ποικίλως
1697 1017 1846 1085 αὖτῷ

280 1105 592 1174 βοηθοῦντα,
627 1108 718 1158 καὶ
747 1107 889 1158 κατὰ
923 1106 1216 1176 διαφόρους
1257 1108 1516 1176 τρόπους,
1547 1108 1732 1175 φησὶν,
1763 1108 1846 1159 ὅτι

277 1201 346 1253 Οὐ
375 1200 681 1267 πεποίημαι
701 1199 792 1251 τοῦ
814 1200 1017 1269 Κυρίου
1044 1199 1136 1252 τὸν
1154 1200 1451 1268 κατάλογον
1464 1200 1572 1252 τῶν
1589 1200 1850 1262 τοιούτων

276 1289 363 1342 καὶ
381 1289 649 1342 τοσούτων
683 1290 982 1359 ὀνομάτων,
1019 1291 1094 1353 ὠς
1115 1291 1310 1361 μηκέτι
1343 1291 1531 1345 τούτου
1567 1292 1840 1359 δεόμενος.

275 1383 404 1436 ἀλλὰ
429 1383 516 1435 διὰ
539 1384 744 1435 τούτων
771 1384 937 1436 αίνῶν
972 1385 1065 1436 καὶ
1100 1384 1424 1453 μεγαλύνων
1449 1376 1633 1444 αὑτὸν,
1651 1383 1738 1451 ἐφ’
1761 1379 1845 1446 οἷς

273 1473 669 1543 εὖηργετήθην,
697 1475 790 1527 καὶ
817 1475 1077 1528 δεικνύων
1107 1474 1207 1545 τὴν
1240 1475 1660 1543 εὐγνωμοσύνην
1682 1491 1695 1508 ο
1749 1476 1845 1528 καὶ

274 1568 352 1619 ἔτι
383 1568 473 1619 τὸν
506 1567 713 1637 Κύριον
742 1567 1166 1636 ὲπικαλέσομαι,
1206 1567 1338 1636 παρ’
1358 1569 1486 1638 ὃλην
1519 1568 1620 1636 τὴν
1673 1568 1838 1636 ζωήν.

276 1659 368 1712 Διᾶ
385 1659 540 1711 τοῦτο
569 1659 678 1728 γὰρ
711 1654 885 1722 εἶπεν,
913 1659 1134 1713 Ἐλπιῶ
1160 1660 1253 1713 ἐπ’
1280 1661 1487 1725 αὐτὸν,
1511 1661 1604 1713 καὶ
1626 1650 1863 1723 πάντως

1952 554 2004 595 et
2037 544 2236 610 pariter
2259 560 2352 598 eos
2385 547 2577 613 perdit.
2613 549 2844 615 Adjutor
2883 561 3087 617 autem,
3127 555 3252 622 quia
3292 556 3343 606 in
3380 571 3516 609 mm.

1953 634 2157 688 stiti-am
2193 636 2482 692 deductum
2517 655 2601 695 me
2645 641 2910 710 adjuvat,
2944 653 2996 697 et
3025 645 3167 699 inter
3195 645 3521 702 afﬂictioues

1952 725 2184 781 refovet.

2019 836 2184 895 Vens.
2214 841 2264 896 ι.
2301 837 2550 897 Laudans
2591 845 2840 902 invocabo
2887 849 3169 903 Dominum
3209 862 3257 905 et
3305 854 3367 906 ab
3417 855 3523 908 ἱηὶδ

1953 933 2105 984 micis
2139 935 2267 986 meis
2308 935 2484 988 salvus
2513 952 2622 991 ero.
2652 937 2785 991 Cum
2825 949 2932 993 tam
2967 942 3132 996 variis
3158 958 3220 996 ac
3264 945 3524 1012 multipli-

1964 1023 2118 1076 cibus
2167 1024 2332 1076 divini
2387 1027 2568 1079 auxilii
2605 1029 2917 1083 nominibus
2971 1032 3134 1085 Deum
3172 1034 3468 1087 laudaverit
3499 1072 3515 1098 ,

1949 1113 2111 1167 veluti
2141 1129 2262 1164 eum
2288 1117 2378 1184 qui
2415 1118 2664 1184 plurimis
2689 1135 2751 1173 ac
2778 1121 3011 1176 diversis
3039 1124 3213 1177 modis
3236 1125 3337 1176 sibi
3361 1139 3516 1193 opem

1946 1204 2150 1269 tulerit,
2171 1215 2356 1275 postea
2377 1209 2664 1264 subintulit
2686 1211 2873 1266 dicens
2908 1233 2920 1268 :
2951 1212 3066 1267 Non
3098 1231 3196 1285 ego
3239 1225 3515 1269 lautorum

1947 1311 2012 1352 ac
2043 1299 2224 1352 talium
2262 1299 2544 1354 nominum
2601 1303 2926 1361 auﬁliorum
2961 1305 3054 1358 Dei
3106 1307 3413 1376 catalogum
3456 1324 3517 1360 ea

1949 1400 2157 1445 tantum
2209 1394 2460 1448 recensui
2527 1396 2779 1461 ratione,
2836 1407 2895 1450 ut
2955 1399 3021 1452 de
3077 1401 3315 1462 receptis
3349 1401 3417 1453 ab
3448 1414 3516 1454 eo

1947 1481 2224 1536 beneficiis
2253 1485 2456 1551 gratias
2492 1498 2734 1552 agerem,
2767 1492 3026 1553 tanquam
3060 1487 3151 1554 qui
3180 1487 3330 1542 illius
3362 1488 3519 1541 auxi-

1946 1571 2017 1626 lio
2047 1573 2287 1644 indigere
2316 1575 2551 1642 amplius
2580 1591 2692 1630 non
2727 1576 2981 1631 deberem
3013 1615 3028 1638 .
3078 1578 3171 1632 sed
3209 1594 3303 1647 per
3332 1594 3394 1633 ea
3421 1594 3520 1648 pm

1945 1665 2158 1720 collatis
2191 1665 2245 1720 lu
2278 1682 2362 1721 me
2392 1667 2550 1722 donis
2589 1667 2662 1720 ita
2697 1667 2909 1722 laudavi
2945 1668 3136 1732 Deum,
3173 1676 3228 1722 et
3271 1668 3522 1736 magniﬁ-

285 1752 382 1806 Ἐκ
414 1750 534 1803 τῶν
578 1750 808 1819 ἐχθρῶν
837 1768 956 1819 μου
981 1751 1362 1820 σωθήσομαί·
1395 1753 1443 1804 εί
1473 1753 1582 1822 γὰρ
1615 1753 1708 1806 καὶ
1735 1747 1843 1805 ἀπὸ

1950 1759 2064 1813 cavi
2094 1797 2109 1819 .
2149 1768 2203 1812 et
2250 1759 2634 1828 gratitudinem
2687 1761 2852 1814 animi
2885 1761 2991 1814 mei
3023 1761 3233 1816 ostendi
3266 1801 3280 1822 .
3315 1767 3375 1812 ut
3406 1768 3520 1815 toto

272 1843 377 1896 τῶν
417 1842 580 1912 μέχρι
627 1841 718 1896 τοῦ
749 1841 841 1895 νῦν
880 1842 1156 1912 πολεμίων
1205 1843 1497 1915 ὲρῤύσθην,
1549 1844 1663 1897 ἀλλ’
1698 1843 1843 1906 sue;

1944 1855 2188 1917 tempore
2235 1849 2359 1902 vitae
2410 1863 2542 1904 mea
2591 1849 2741 1902 illum
2796 1850 3158 1906 invocandum
3213 1850 3341 1904 mihi
3395 1863 3520 1905 esse

273 1937 363 1989 καὶ
394 1935 591 1998 ἄλλους
621 1935 1118 2006 ἐπαναστήσεσθαι,
1160 1935 1261 2004 τῆς
1303 1936 1450 2005 ζωῆς
1488 1936 1609 2006 ἐμοὶ
1668 1945 1846 2005 παρα-

1950 1951 2267 2006 cognoscam
2297 1979 2311 2002 ,
2354 1947 2408 1993 et
2441 1941 2496 1993 in
2529 1954 2592 1994 eo
2624 1955 2748 2009 spes
2787 1957 2919 1996 meae
2951 1957 3142 1996 omnes
3192 1941 3520 1996 collocandae

271 2027 610 2096 τεινομένης.
661 2024 912 2079 Τοσαῦτα
957 2025 1150 2091 εἰπὼν,
1198 2025 1498 2080 ἀνακυκλοῖ
1525 2026 1617 2080 τὸν
1661 2025 1841 2095 λόγον,

1939 2027 2067 2082 sint.
2103 2026 2416 2096 Pr0pterea,
2451 2027 2702 2093 Sperabo,
2733 2029 2932 2099 inquit,
2954 2031 3005 2082 in
3031 2046 3172 2091 eum,
3208 2039 3284 2094 et,
3318 2028 3381 2082 ab
3411 2029 3520 2082 ini-

273 2120 364 2171 καὶ
392 2112 688 2185 καταλέγει
719 2111 846 2180 τοὺς
901 2117 1181 2180 ποικίλους
1213 2117 1379 2170 αὐτοῦ
1413 2116 1714 2180 κινδύνους,
1747 2117 1843 2170 καὶ

1950 2120 2088 2174 micis
2117 2120 2247 2172 meis
2277 2119 2454 2172 saluus
2501 2135 2612 2174 ero.
2657 2119 2790 2173 Nam
2839 2120 2941 2175 etsi
2988 2120 3056 2173 ab
3090 2119 3326 2174 inimicis
3379 2134 3519 2186 quos

271 2208 366 2270 τὰς
405 2207 707 2269 πολυειδεῖς
742 2206 1060 2276 ἐπικουρίας
1088 2205 1182 2259 τοῦ
1217 2205 1374 2260 Θεοῦ.
1419 2203 1842 2274 Τροπικώτερον

271 2299 325 2353 δὲ
351 2303 416 2369 τῇ
443 2299 694 2370 διηγήσει
719 2300 1006 2371 κέχρηται,
1040 2299 1178 2371 πρὸς
1195 2298 1418 2352 πλείονα
1443 2298 1552 2350 τῶν
1575 2297 1854 2368 πραγμά-.

271 2408 374 2444 των
403 2391 665 2466 ἔμφασιν.

1946 2209 2212 2263 hactenus
2249 2209 2409 2263 habui
2443 2209 2709 2264 liberatus
2738 2223 2858 2262 sum
2893 2249 2908 2274 ,
2945 2218 3184 2262 attamen
3223 2207 3519 2263 verisimile

1947 2306 2054 2364 est,
2086 2299 2134 2354 st
2157 2299 2365 2356 diutius
2392 2301 2577 2355 vixero
2601 2339 2616 2363 ,
2652 2309 2706 2354 et
2741 2301 2876 2355 alios
2915 2300 2970 2355 in
3023 2315 3109 2354 me
3147 2313 3364 2353 rursum
3395 2312 3526 2352 esse

1947 2388 2377 2448 lnsurrccturos.
2412 2391 2506 2445 llis
2539 2392 2699 2448 dictis
2729 2407 3036 2446 sermonem
3096 2393 3368 2448 convertit
3398 2430 3413 2454 ,
3465 2401 3521 2441 et

274 2483 415 2534 varia
447 2488 807 2537 connumerat
860 2480 1045 2551 pericu
1072 2495 1126 2544 a,
1200 2487 1254 2535 et
1325 2477 1650 2548 multiplices
1711 2477 1808 2533 Dei
1880 2480 2246 2536 defensiones.
2316 2482 2618 2552 Allegorica
2679 2496 2806 2536 vero
2853 2480 3166 2537 narratione
3219 2484 3390 2538 utitur
3449 2480 3523 2536 ad

274 2574 530 2643 majorem
563 2589 741 2627 rerum
779 2573 1103 2642 emphasim,
1134 2581 1188 2628 et
1215 2571 1282 2627 ad
1325 2571 1585 2640 majorem
1621 2571 1892 2628 sermonis
1922 2573 2008 2627 sui
2041 2573 2366 2628 efﬁcaciam.-

339 2691 673 2758 Περιέσχω·
703 2706 780 2757 με
797 2680 1006 2753 ὠδῖνες
1031 2689 1314 2741 θανάτου.
1359 2687 1483 2739 Ἐπὶ
1505 2685 1611 2738 τῶν
1637 2679 1847 2755 ἀνδρῶν

276 2784 465 2846 ὠδῖνας
491 2782 725 2851 νοοῦμεν
754 2781 880 2842 τοὺς
911 2782 975 2833 ὲκ
999 2771 1232 2847 Θλίψεων
1250 2774 1467 2843 πόνους,
1483 2777 1736 2846 καθάπερ
1752 2776 1847 2829 καὶ

275 2876 362 2929 ἐπὶ
401 2875 512 2928 τῶν
541 2871 814 2940 γυναικῶν
857 2873 912 2924 αἱ
949 2871 1136 2934 ὠδῖνές
1185 2871 1351 2932 είσιν,
1392 2865 1840 2938 ἀποθλιόομὲνων

275 2968 375 3020 τῶν
406 2967 612 3035 πόρων,
647 2963 735 3018 διὰ
777 2964 878 3032 τὴν
913 2963 1306 3032 στενοχωρίανο
1339 2954 1456 3016 ἀλλ’
1506 2963 1591 3014 ἐπ’
1619 2961 1843 3014 ἐκείνων

280 3059 392 3128 μὲν,
420 3058 609 3115 ὠδῖνες
640 3057 704 3110 ἂν
737 3055 951 3125 ρηθεῖεν
984 3055 1152 3124 ζωῆς,
1181 3057 1258 3116 εἰς
1290 3054 1404 3121 φῶς
1438 3052 1583 3122 ζωῆς
1613 3053 1848 3120 ἄγουσαι

2016 2685 2178 2741 Vens.
2212 2687 2264 2740 5.
2291 2685 2756 2742 Circumdeder‘unt
2783 2699 2862 2741 nte
2890 2687 3100 2742 dolores
3135 2689 3335 2741 mortis.
3363 2687 3516 2754 Quod

1949 2771 2142 2832 Latine
2173 2779 2380 2832 dolores
2417 2780 2666 2846 legimus.
2703 2780 2755 2833 in
2784 2778 2972 2836 Graeco
3017 2775 3206 2841 ὠδῖνες
3234 2780 3466 2832 habetur
3502 2797 3517 2830 :

1948 2885 2068 2937 quae
2097 2869 2261 2923 dictio
2295 2871 2513 2940 proprie
2554 2872 2905 2938 parturientis
2939 2871 3163 2924 dolores
3218 2870 3514 2935 significat.

1948 2959 2266 3030 Hujusmodi
2293 2961 2477 3030 itaque
2537 2963 2750 3017 dolores
2808 2963 2861 3015 in
2915 2961 3237 3016 hominibus
3287 2961 3517 3025 intelligi

1945 3059 2170 3117 pessum
2205 3050 2422 3102 labores
2456 3059 2511 3104 et
2546 3050 2837 3111 molestize,
2863 3066 2983 3119 qua:
3038 3050 3104 3104 de
3133 3049 3521 3103 afﬂictionibus

277 3148 334 3200 τὸ
354 3149 644 3216 ἐχόμενον·
685 3139 777 3197 ἐπὶ
804 3143 1007 3198 τούτων
1049 3146 1127 3210 δὲ,
1174 3143 1501 3205 τούναντίον,
1535 3143 1721 3205 ὠδῖνες
1753 3141 1846 3194 θα-

1950 3147 2108 3210 atque
2155 3141 2426 3211 angustiis
2478 3144 2843 3210 proveniunt,
2893 3142 2959 3195 ad
3014 3141 3264 3195 dolorum
3300 3140 3516 3192 illorum

277 3241 450 3300 νάτου,
472 3240 548 3302 ὠς
569 3241 648 3302 είς
673 3240 861 3303 σκότος
881 3239 1112 3292 Θανάτου
1144 3239 1406 3307 φέρουσαι
1434 3237 1524 3289 τὸν
1555 3235 1848 3306 συνεχόμε-

276 3348 379 3386 νον.
408 3323 671 3386 Βούλεται
695 3332 876 3409 τοίνυν
908 3333 1102 3393 είπεῖν,
1153 3331 1233 3383 ὅτι
1261 3322 1597 3398 Ξυνεσχὲϐην
1641 3325 1850 3396 ἀφορή-

277 3407 671 3487 τοιςόδυναις.
705 3407 802 3476 Διὰ
836 3423 944 3489 γὰρ
986 3423 1094 3473 τῶν
1147 3415 1349 3473 ὠδίνων
1398 3414 1496 3490 τὴν
1542 3418 1848 3488 δριμύτητα

276 3515 479 3568 τούτων
515 3517 890 3584 παρέστησεν.

1948 3233 2356 3287 similitudinem
2389 3235 2480 3302 qui
2515 3234 2568 3287 in
2605 3235 2888 3287 mulierum
2927 3231 3407 3302 parturitionibus,
3443 3225 3515 3282 ob“

1924 3326 2256 3395 fangustiam
2295 3331 2350 3380 et
2387 3327 2849 3393 compressionem
2909 3333 3183 3378 meatuum
3211 3361 3226 3386 ,
3255 3322 3521 3374 molestis-

1949 3417 2071 3472 simi
2125 3418 2398 3471 oriuntur.
2455 3415 2656 3471 Verum
2710 3416 2761 3469 in
2825 3414 3090 3478 muliere,
3140 3413 3360 3467 dolores
3395 3413 3521 3465 vita:

1970 3509 2148 3579 potius
2195 3525 2355 3578 quam
2389 3509 2580 3564 mortis
2632 3507 2846 3562 dicendi
2901 3516 3063 3568 sunt,
3097 3520 3219 3560 cum
3255 3504 3319 3558 ad
3356 3503 3522 3571 hujus

277 3612 395 3664 vitae
421 3611 599 3665 lucem
627 3612 898 3666 hominem
926 3612 1248 3682 producant.
1277 3609 1372 3666 llic
1397 3624 1524 3664 vero
1555 3603 1830 3661 diversum
1872 3606 2094 3660 omnino
2127 3605 2364 3670 accidit;
2415 3602 2633 3661 dolores
2660 3607 2804 3660 enim
2840 3605 3031 3658 mortis
3096 3602 3353 3656 dicuntur
3379 3638 3393 3661 .
3455 3609 3526 3652 e0

278 3705 417 3774 quod
448 3706 513 3758 ad
546 3711 738 3762 mortis
789 3709 1046 3762 tenebras
1107 3706 1400 3770 deducant,
1473 3719 1630 3775 quem
1705 3697 2240 3770 comprehenderint.
2310 3701 2450 3752 Dicit
2492 3700 2674 3768 itaque
2726 3695 3080 3751 intolerandis
3133 3707 3193 3747 se
3244 3692 3518 3744 detentum

278 3797 446 3852 fuisse
467 3798 754 3853 doloribus
800 3817 814 3854 :
845 3799 935 3854 illa
964 3797 1104 3854 enim
1135 3799 1590 3867 dictione,,qnam
1620 3794 1672 3848 in
1696 3789 1887 3848 Grazco
1926 3790 2114 3846 haberi
2185 3791 2472 3846 retullmns
2496 3831 2510 3854 ,
2566 3789 2856 3842 maximam
2903 3787 3152 3839 dolorum
3203 3783 3519 3852 gravitatem

278 3890 569 3960 expressit.

346 4010 453 4064 Kal
479 4009 784 4077 χείμαῤῥοι
812 4007 1064 4076 arcula;-
1081 4003 1451 4075 ἐξετὰραξὰν
1471 4020 1568 4074 με.
1605 3995 1850 4070 Χειμάρο

285 4103 406 4170 ρους
444 4101 680 4169 ἀνομίας
704 4101 865 4154 καλεῖ
891 4101 991 4163 τὰς
1018 4099 1128 4154 τῶν
1150 4101 1366 4169 ἀνόμων
1385 4098 1555 4150 ἐθνῶν
1584 4094 1850 4166 προσκαί-

285 4209 405 4260 ρους
443 4193 540 4245 καὶ
569 4192 867 4260 αίφνιδίους
895 4192 989 4246 καὶ
1020 4192 1281 4261 ραγδαίας
1309 4189 1632 4259 προσϐολάς.
1657 4185 1845 4241 Τοιοῦ-

281 4298 357 4333 τοι
381 4281 493 4348 γὰρ
529 4281 579 4333 οἱ
613 4282 926 4349 χείμαρροι,
980 4279 1249 4350 χειμῶνος
1307 4279 1523 4349 ρἐνται
1585 4277 1850 4345 αἰφνίδιον

283 4373 372 4422 καὶ
406 4369 681 4439 ραγδαίως
705 4385 720 4399 ⁸
753 4370 1148 4439 ὲπονηρεύοντο
1198 4368 1307 4438 γὰρ
1364 4367 1717 4434 φθονοῦντες,
1754 4364 1850 4419 καὶ

282 4461 488 4514 ἀνελεῖν
511 4459 802 4530 ζητοῦντες
839 4460 1026 4514 αὐτόν.
1083 4459 1368 4529 Προσφυὲς
1404 4458 1462 4511 δὲ
1495 4458 1575 4522 τὸ,
1620 4455 1851 4520 Ἐξετὰ-

279 4552 502 4617 ροεανο
545 4550 794 4605 κλονοῦσι
824 4551 934 4621 γὰρ
975 4551 1072 4603 καὶ
1120 4551 1426 4603 ἑλίσσουσιν
1464 4549 1513 4602 οί
1559 4548 1850 4618 χείμαρροι

287 4642 352 4695 τὰ
372 4644 794 4712 περιπίπτοντα.
830 4643 940 4696 Καὶ
970 4642 1132 4704 αὐτὸς
1163 4640 1256 4695 οῦν
1288 4641 1475 4694 κλόνον
1514 4641 1606 4692 καὶ
1640 4641 1849 4705 ίλιγγον

289 4736 394 4795 τοῖς
421 4734 704 4803 λογισμοῖς
730 4733 968 4804 ἔπασχεν
993 4732 1098 4786 ὑπὸ
1138 4732 1234 4785 τοῦ
1269 4731 1538 4800 αἰφνιδίου
1573 4730 1681 4784 τῶν
1727 4730 1852 4782 ἀδο-

291 4825 487 4895 κήτων.

370 5088 590 5152 Ὠδῒνες
623 5087 773 5154 ᾅδου
811 5085 1308 5154 πεμεκύκλωσάν
1328 5102 1424 5154 με.
1457 5079 1620 5139 Τουτὶ
1650 5085 1711 5138 τὸ
1751 5087 1850 5155 ρηο

295 5177 378 5229 τὸν
407 5179 600 5232 ταύτὸν
621 5178 842 5231 δύναται
869 5178 965 5248 τῷ,
998 5178 1328 5245 Περιέσχον
1345 5194 1420 5246 με
1444 5177 1653 5240 ὠδῖνες
1676 5175 1854 5230 θανά-

297 5284 395 5323 του
413 5285 426 5298 °
462 5273 522 5324 τό
549 5289 609 5324 τε
634 5272 742 5339 γὰρ
771 5271 1288 5337 περιεκύκλωσαν,
1305 5276 1397 5323 καί
1419 5270 1480 5321 τὸ
1508 5269 1852 5334 περιέσχον,

298 5368 516 5434 ταυτοσή
526 5381 757 5435 μαντον·
789 5367 885 5417 καὶ
914 5364 1070 5434 ᾅδης,
1098 5367 1192 5417 καὶ
1228 5364 1475 5424 Θάνατος,
1521 5361 1855 5430 ἁλληλούμε-

301 5471 362 5507 να
380 5473 392 5485 ο
419 5457 545 5526 ᾅδην
569 5459 677 5526 γὰρ
704 5457 909 5524 ἔλεγον,
931 5457 1070 5526 ἀηδῆ
1117 5456 1306 5519 τόπον,
1333 5455 1436 5509 ὑπὸ
1481 5457 1585 5523 γῆν
1620 5454 1727 5507 τῶν
1758 5453 1856 5504 θα-

302 5547 506 5602 νόντων.
542 5549 702 5600 Ἐπεὶ
727 5549 904 5602 τοίνυν
935 5548 1123 5610 ὠδῖνες
1164 5545 1473 5618 γεννήσεώς
1509 5549 1642 5611 εἰσι,
1672 5561 1858 5614 nepte-

308 5634 577 5690 κύκλωσαν
623 5655 712 5706 με,
758 5641 947 5708 φησιν,
1002 5638 1223 5703 ὠδῖνες,
1276 5639 1542 5705 γεννῶσαι
1601 5637 1854 5698 θάνατον,

307 5723 570 5798 ὑπηρέτην
595 5728 748 5798 ᾆδον.
796 5729 855 5783 Ὀ
887 5729 984 5799 μὲν
1031 5729 1139 5798 γὰρ
1195 5728 1414 5799 χωρίζει
1453 5729 1550 5799 τὴν
1585 5727 1792 5796 ψυχήν·
1829 5727 1856 5778 δ

2024 3992 2087 4048 Ει
2116 3997 2371 4047 torrentes
2423 3984 2720 4058 iniquitatis
2774 3985 3218 4040 conturbauerunt
3262 3999 3364 4035 me.
3414 3980 3520 4035 Per

1947 4093 2216 4142 torrentes
2255 4082 2599 4153 iniquitatis,
2647 4080 2888 4142 subitas,
2951 4075 3309 4144 temporarias
3360 4081 3526 4142 atque

1947 4179 2287 4248 impetuosas
2311 4173 2602 4243 impiarum
2619 4171 2857 4240 gentium
2879 4167 3218 4222 incursiones
3237 4165 3533 4244 iutelligita

1946 4268 2320 4341 hujuscemodi
2359 4266 2500 4321 enim
2534 4272 2740 4319 naturae
2791 4269 3062 4315 torrentes
3120 4267 3247 4311 sunt
3275 4297 3289 4318 ,
3333 4255 3426 4324 qui
3463 4255 3518 4307 in

1949 4363 2123 4417 hieme
2153 4361 2348 4420 ﬂuunt,
2385 4357 2674 4426 statimque
2710 4367 2774 4407 ac
2833 4367 2957 4405 cum
3021 4349 3241 4416 impetu.
3290 4346 3524 4415 Maligne

1947 4455 2090 4508 enim
2143 4449 2216 4506 illi
2259 4456 2313 4505 e‘.
2347 4448 2533 4516 iniquo
2568 4446 2750 4500 animo
2786 4443 3016 4512 agebant
3041 4449 3346 4508 quaerentes
3397 4452 3520 4489 eum

1947 4544 2284 4599 interimere.
2313 4535 2774 4593 Commodissime
2803 4533 2968 4587 etiam
3002 4529 3252 4599 apposuit
3297 4527 3522 4579 verbum

1953 4634 2410 4690 conturbauerunt.
2472 4621 2774 4682 Devolvuut
2820 4624 2966 4678 enim
3000 4629 3270 4674 torrentes
3308 4635 3369 4672 ac
3404 4629 3528 4685 pcr-

1961 4729 2182 4781 turbant
2212 4721 2393 4778 omnia
2423 4721 2476 4774 in
2509 4732 2848 4788 quaecunque
2879 4713 3196 4768 inciderint.
3245 4711 3334 4763 Ait
3364 4711 3530 4777 igitur

1956 4814 2226 4884 PrOpheta
2253 4829 2312 4867 se
2343 4812 2508 4867 etiam
2540 4811 2974 4876 circumquaque
2999 4805 3301 4859 volutatum
3333 4800 3526 4860 fuisSc,

1951 4918 2007 4963 et
2031 4905 2345 4974 vertiginem
2377 4901 2533 4969 quasi
2566 4914 2784 4969 passum
2825 4898 2894 4951 ob
2924 4906 3029 4948 tam
3055 4893 3399 4962 repentinum
3428 4906 3528 4943 nu-

1952 5011 2140 5050 varum
2164 5007 2324 5060 atque
2351 4993 2748 5058 insperatarum
2787 5004 2966 5043 rerum
2999 4999 3230 5039 motum.

2020 5081 2188 5142 Vens.
2228 5084 2282 5140 6.
2321 5085 2538 5137 Dolores
2570 5081 2765 5150 inferni
2803 5078 3260 5133 circumdederunt
3293 5087 3394 5128 nte.
3428 5068 3524 5125 llic

1953 5177 2254 5233 versiculus
2282 5175 2422 5228 idem
2449 5171 2739 5240 signiﬁcat,
2774 5171 2916 5239 quod
2943 5170 3196 5237 superior
3229 5165 3320 5219 ille
3348 5183 3361 5219 :
3397 5163 3518 5217 Cir-

1951 5269 2324 5325 Cuntdederunt
2351 5283 2430 5319 me
2456 5263 2662 5318 dolores
2693 5264 2897 5328 mortis,
2929 5278 3024 5315 seu
3058 5261 3141 5329 (ut
3194 5257 3378 5311 verius
3415 5255 3525 5307 illic

1956 5364 2117 5418 habet
2151 5362 2336 5415 Grteca
2370 5357 2562 5426 lectio)
2593 5356 2963 5408 continuerunt
3018 5369 3119 5405 me.
3169 5345 3524 5402 Circumdare

1952 5453 2093 5507 enim
2125 5461 2178 5505 et
2212 5451 2490 5505 continere
2517 5461 2580 5502 ac
2643 5445 2930 5514 complecti
2981 5444 3122 5498 idem
3174 5439 3513 5509 signiﬁcant.

1961 5547 2223 5600 Similiter
2291 5549 2343 5596 et
2401 5555 2549 5594 mors
2599 5547 2653 5592 et
2701 5537 2970 5592 infernus.
3031 5535 3287 5588 lnl'crnus
3340 5541 3522 5584 autem

1963 5637 2153 5707 [juxta
2206 5633 2376 5688 Graeci
2425 5629 2661 5684 nominis
2704 5627 3127 5699 etymologiaml
3166 5628 3446 5682 insuavem
3473 5629 3530 5672 et

1964 5727 2318 5798 iniucundum
2353 5721 2622 5792 signiﬁcat
2653 5728 2990 5774 mortuorum
3023 5719 3198 5775 locum
3233 5758 3249 5787 ,
3293 5716 3384 5788 qui
3425 5711 3526 5767 sub
