4110 6210
485 328 595 382 2‘23
1686 322 2069 382 EUTllYMll
2115 321 2477 382 ZlGABENl
3631 315 3735 374 ἓΞί

487 441 632 482 terra
679 437 783 484 est.
810 428 946 494 Quia
977 428 1161 496 igitur.
1193 438 1248 481 ιιι
1282 429 1540 493 dixrmus,
1576 430 1826 482 accidere
1877 431 2057 483 SHlt‘ttl

2173 432 2220 484 δὲ
2279 431 2500 500 κατέχει
2573 431 3042 499 παραλαμϐάνων.
3099 433 3167 482 Ἣ
3224 431 3316 481 καὶ
3366 428 3548 489 ὠδῖνες
3586 427 3739 496 ᾅδου,

486 523 708 576 dolores
742 522 794 575 in
831 530 984 589 partu
1017 528 1180 586 atque
1212 521 1266 575 in
1307 521 1642 590 generando,
1669 520 2054 574 Circmmlede-

2173 523 2320 573 πόνοι
2357 523 2492 590 πρὸς
2527 522 2660 592 ᾅδην
2699 523 2956 589 ἄγοντες·
2989 522 3022 592 ἢ
3057 521 3294 575 διάκονοι
3319 521 3464 590 ᾅδου.

489 627 617 670 runt
672 632 755 671 me
783 657 798 680 ,
855 618 1050 686 inquit.
1107 617 1324 672 dolores
1361 619 1454 687 qui
1493 628 1717 671 mortem
1753 625 2034 681 generant,
2081 630 2328 684 nmrtem,
2373 620 2618 687 inquam,
2653 620 2849 674 inferni
2878 622 3208 674 ministram.
3240 619 3380 672 Mors
3408 621 3552 671 enim
3619 617 3743 670 ani-

489 725 632 762 mam
659 709 846 763 dividit
882 725 908 761 a
943 724 1219 777 corpore:
1275 711 1418 763 unde
1469 709 1718 763 infernus
1768 725 2054 762 assumens
2131 727 2250 763 eam
2321 714 2586 767 continet.
2643 711 2735 767 Vel
2789 713 3008 768 dolores
3061 711 3257 766 inferni
3310 727 3406 765 eos
3461 711 3740 784 intellige,

488 803 581 867 qui
622 797 677 852 in
709 798 983 853 infernum
1012 803 1334 856 deducunt:
1371 801 1450 854 vel
1485 802 1575 868 qtti
1641 800 1878 854 ministri
1929 811 2059 853 sunt
2101 802 2324 856 inferni.

562 895 1058 963 Prwaccupaverunt
1089 914 1169 948 me
1205 897 1376 963 laquei
1412 896 1614 948 mortis.
1671 895 2062 949 Priorem-runt

488 1001 595 1050 me,
631 988 825 1054 inquit,
867 989 1099 1050 insidiae,
1131 1004 1250 1056 qua:
1292 996 1521 1042 mortem
1561 999 1880 1054 operantur.
1931 985 2063 1039 Nam

485 1079 630 1142 quod
659 1079 1012 1132 venatoribus
1047 1079 1225 1149 laquei
1257 1079 1522 1133 adversus
1555 1079 1698 1131 feras
1739 1086 2061 1146 operantur,

486 1168 590 1221 hoc
625 1167 837 1222 insidia:
877 1170 1126 1224 hostibus
1155 1179 1346 1224 contra
1381 1171 1572 1224 hostes
1606 1178 1887 1238 praestant.

557 1257 720 1313 Vsus.
740 1259 790 1312 7.
817 1259 882 1313 Et
909 1262 961 1314 in
989 1262 1331 1317 tribulatione
1353 1279 1467 1314 mea
1492 1263 1728 1315 invocavi
1758 1262 2061 1315 Dominum.

487 1353 546 1406 In
574 1353 838 1405 auxiliusn
877 1353 1112 1408 scilicet.

557 1439 626 1492 Et
660 1441 728 1493 ad
763 1441 923 1494 Deum
961 1459 1129 1495 meum
1155 1444 1402 1497 clamavi.
1440 1444 1498 1498 In
1555 1444 1823 1514 angustiis
1853 1442 2064 1496 consti-

489 1541 638 1586 tutus
671 1547 856 1585 vocem
890 1533 955 1585 ad
992 1533 1159 1586 Deum
1192 1552 1373 1588 meum
1425 1536 1595 1590 levavi
1628 1537 1892 1590 clamans.

559 1623 772 1676 Audiuit
797 1625 859 1676 de
890 1625 1076 1691 templo
1107 1635 1289 1679 sancto
1315 1645 1410 1682 suo
1453 1644 1624 1683 vocem
1654 1645 1852 1683 meum.
1907 1627 2069 1696 Temp-

2240 901 2635 969 ΙΙροέρΟασάι·
2647 919 2723 969 με
2746 902 2991 969 παγίδες
3017 900 3296 954 θανάτου.
3325 899 3742 967 Προκατέλαϐὁν

2171 1011 2239 1061 με
2272 994 2436 1063 λόχοι,
2471 995 2700 1047 θάνατον
2754 995 3144 1062 ἐργαζόμενοι·
3180 993 3207 1045 ὃ
3253 994 3361 1060 γὰρ
3396 995 3508 1054 τοῖς
3541 992 3739 1064 θηρευ-

2167 1086 2285 1148 ταίς
2318 1085 2375 1138 αἱ
2404 1086 2650 1151 παγίδες,
2675 1085 2833 1138 τοῦτο
2862 1089 2974 1150 τοῖς
3007 1083 3283 1153 πολεμίοις
3315 1086 3362 1135 οἱ
3390 1083 3560 1154 λόχοι.

2236 1264 2343 1318 Καὶ
2381 1264 2451 1316 ἐν
2498 1263 2577 1328 τῷ
2623 1263 2933 1317 θλίϐεσθαι
2983 1280 3059 1331 με
3119 1263 3585 1331 ἑπεκα.2εσάμην
3639 1263 3745 1316 τὸν

2168 1355 2404 1420 Κύριον.
2434 1355 2526 1406 Ei:
2550 1355 2857 1421 ἀντίληψιν.
3217 1357 3220 1360 ’

2239 1449 2345 1500 Καὶ
2389 1450 2538 1514 πρὸς
2568 1449 2672 1500 τὸν
2711 1451 2856 1501 (deor
2881 1467 2999 1516 μου
3032 1449 3346 1518 ἐκέκραξα.
3383 1449 3616 1518 ’Υψωσα
3647 1450 3742 1522 τὴν

2167 1540 2351 1607 φωνήν
2390 1557 2491 1604 μου
2525 1540 2605 1593 ἔτι
2637 1540 3106 1608 ἀναγκαζόμενος.

2242 1631 2548 1686 Ἤκουσεν
2593 1632 2660 1684 ἐκ
2709 1632 2859 1686 ναοῦ
2903 1633 3074 1701 ἁγίου
3125 1633 3311 1688 αὐτοῦ
3356 1632 3566 1702 φωνῆς
3599 1651 3740 1702 μου.

489 1714 636 1780 plum
657 1727 907 1769 sanctum
941 1720 1136 1770 emittm
1170 1727 1272 1781 est,
1307 1730 1363 1771 ut
1393 1721 1648 1788 superius
1675 1721 1940 1783 diximus,
1964 1729 2061 1774 aut

2173 1722 2317 1775 Ναὸν
2364 1722 2538 1789 ἆγιον,
2581 1725 2672 1778 τὸν
2738 1723 2967 1791 οὐρανὸν
3027 1724 3501 1794 ὑποληπτέον,’ὼς
3537 1726 3740 1791 προλα-

491 1807 786 1860 testimonii
821 1810 1252 1864 tabernaculum.
1285 1809 1568 1879 Templum
1603 1814 1746 1866 enim
1800 1814 1852 1866 in
1913 1810 2072 1867 Jeru-

503 1897 668 1951 salem
699 1900 906 1954 nullum
949 1901 1128 1954 adhuc
1169 1909 1326 1966 crat,
1361 1903 1456 1957 sed
1504 1919 1533 1955 a
1580 1901 1870 1958 Salomone
1923 1913 2074 1971 post-

491 1992 712 2047 modum
771 2007 1148 2050 constructum
1213 2009 1317 2052 e5t.
1374 1999 1608 2052 Audisse
1667 2009 1846 2052 autem
1904 2001 2068 2053 Deum

489 2086 749 2154 intellige,
793 2102 900 2140 non
951 2087 1188 2140 humano
1253 2103 1426 2152 more,
1487 2091 1578 2145 sed
1615 2089 1871 2144 decenter
1907 2091 2015 2144 Deo
2054 2109 2068 2144 :

491 2177 708 2231 tametsi
737 2190 860 2238 nos,
889 2178 981 2246 qui
1019 2178 1108 2232 Dei
1144 2179 1288 2234 vires
1324 2194 1386 2232 ac
1419 2181 1712 2248 potentias,
1745 2182 1946 2248 quibus
1981 2192 2068 2234 to-

489 2276 603 2321 tum
660 2267 904 2321 continet
947 2267 1176 2332 Orbem,
1228 2285 1326 2323 nec
1381 2272 1845 2340 comprehemlere
1888 2272 2071 2324 animo

439 2393 448 2412 κ
493 2371 783 2423 possumus
812 2395 826 2417 ,
861 2373 959 2410 nec
1010 2359 1194 2424 lingua
1226 2360 1556 2426 exprimere,
1629 2361 1694 2414 ad
1727 2362 2068 2414 Sensibilium

491 2466 674 2506 rerum
705 2452 1091 2506 similitudines
1121 2467 1215 2504 eas
1267 2452 1630 2515 deducimus.
1682 2470 1776 2523 per
1820 2469 1956 2522 quas
2007 2467 2070 2508 ea

493 2558 613 2611 qua:
641 2558 766 2596 vere
803 2551 934 2596 sunt
963 2543 1502 2610 comprehendimus.

569 2633 634 2687 Et
664 2636 867 2688 clamor
898 2651 1040 2687 meus
1088 2635 1140 2687 in
1167 2646 1446 2702 conspectu
1475 2636 1610 2704 ejus.
1662 2634 1881 2688 Clamor
1914 2650 2068 2687 meus

494 2739 709 2793 semper
735 2725 789 2778 in
833 2734 1130 2793 conspectu
1173 2726 1295 2793 ejus
1325 2736 1407 2780 est
1458 2744 1471 2779 :
1519 2729 1646 2796 quia
1701 2729 1752 2781 iu
1800 2730 2068 2798 angustiis

493 2817 825 2870 constitutus
855 2817 920 2871 ad
951 2817 1128 2884 ipsum
1173 2818 1350 2871 solum
1392 2819 1590 2872 clamo.

570 2909 812 2963 lntroibit
842 2911 1069 2963 inaures
1102 2911 1235 2978 ejus.
1279 2910 1336 2963 lu
1383 2919 1624 2978 tempore
1652 2911 1813 2966 etiam
1865 2927 2066 2981 oppor-

2173 1814 2361 1875 δόντες
2391 1814 2715 1883 εἰρήκαμεν,
2745 1815 2776 1884 ἢ
2811 1813 2910 1882 τὴν
2952 1812 3047 1865 τοῦ
3078 1813 3380 1883 μαρτυρίου
3410 1814 3638 1888 σκηνήν.
3687 1813 3744 1867 Ὀ

2172 1905 2280 1973 γὰρ
2322 1903 2494 1972 μέγας
2532 1905 2588 1954 ὲν
2649 1901 3044 1972 Ἰεροσολύμοις
3105 1903 3230 1965 ναὸς
3287 1903 3511 1972 ὕστερον
3541 1903 3741 1973 ᾠκοδο-

2177 1995 2322 2064 μήθη
2356 1995 2505 2062 παρὰ
2529 1994 2891 2064 Σολομῶντος.
2923 1996 3192 2048 Ἤκουσεν
3215 1996 3294 2054 δὲ,
3325 1995 3426 2048 οὐκ
3447 1996 3740 2063 αἰσθητῶς,

2173 2085 2312 2164 ἀλλὰ
2340 2085 2681 2151 θεοπρεπῶς.
2717 2084 2827 2146 Τὰς
2869 2085 2976 2153 γὰρ
3031 2084 3352 2147 συνεκτικὰς
3403 2084 3493 2138 τοῦ
3544 2084 3742 2144 παντὸς

2173 2179 2429 2250 δυνάμεις
2453 2181 2842 2242 ἀδυνατοῦντες
2869 2179 3073 2246 γνῶναι
3101 2179 3196 2231 καὶ
3223 2179 3417 2234 εἰπεῖν.
3441 2181 3518 2240 εἰς
3553 2178 3746 2245 αἰσεὴ-

2177 2289 2314 2325 σεων
2345 2271 2562 2326 εἰκόνας
2609 2272 2812 2332 ταύτας
2863 2268 3330 2340 καταμερίζομεν,
3382 2267 3451 2321 δι’
3483 2263 3556 2320 ὧν
3586 2270 3744 2337 ἡμεῖς

2174 2364 2686 2434 ἀντιλαμϐανόμεθα
2715 2365 2823 2416 τῶν
2850 2364 3041 2418 ὄντων.

2244 2627 2350 2682 Καὶ
2385 2628 2421 2694 ἡ
2457 2628 2682 2695 κραυγή
2714 2645 2831 2696 μου
2870 2627 3125 2681 ἐνώπιον
3171 2628 3377 2682 αὑτοῦ.
3413 2627 3510 2679 Διὰ
3545 2627 3744 2689 παντὸς

2173 2719 2206 2787 ὴ
2233 2721 2448 2789 κραυγή
2481 2737 2582 2788 μου
2615 2718 2842 2772 ἐνώπιον
2867 2720 3031 2773 αὑτοῦ
3055 2721 3193 2783 ἐστι,
3228 2721 3362 2790 πρὸς
3387 2719 3549 2772 αὐτὸν
3585 2721 3744 2787 μόνον

2173 2812 2467 2880 κράζοντος
2508 2814 2566 2862 ἐν
2603 2813 2890 2878 ἀνάγκαις.

2245 2906 2668 2958 Εἰσελεύσεται
2703 2906 2789 2970 εἰς
2819 2905 2889 2957 τὰ
2929 2899 3048 2958 ὦτα
3098 2905 3302 2958 αὐτοῦ.
3337 2906 3446 2958 Καὶ
3477 2907 3534 2958 ἐν
3563 2905 3742 2974 καιρῷ

493 3013 625 3058 tuno
649 3002 901 3057 exaudiet
930 3018 1035 3053 me.
1065 2999 1160 3054 llis
1193 3011 1371 3056 autem
1406 3003 1588 3056 verbis
1640 3003 1714 3055 uti
1749 3013 1803 3057 et
1841 3021 1941 3059 nos
1970 3019 2059 3058 so-

2174 2999 2552 3051 είσακούσεταί
2581 3015 2704 3067 μου.
2733 2997 2953 3062 Τούτοις
2983 3000 3038 3054 δὲ
3071 3001 3183 3060 τοῖς
3219 2999 3427 3068 ῥήμασι
3464 3001 3558 3052 καὶ
3581 3002 3742 3068 ἡμεῖς

495 3093 667 3148 lemus
700 3107 823 3146 cum
851 3093 1054 3161 gratias
1084 3093 1316 3159 agimus,
1347 3102 1400 3147 et
1427 3108 1553 3148 cum
1587 3092 1895 3148 dazmonum
1927 3096 2067 3164 pari—

2176 3091 2458 3162 χρὼμεοα,
2504 3091 2953 3161 εὐχαριστοῦντες
2986 3091 3123 3162 ἅμα,
3183 3092 3276 3145 καὶ
3323 3091 3420 3154 τὰς
3469 3093 3742 3156 ἐπιθέσεις

494 3193 577 3240 ter
618 3185 1004 3240 insultationes
1042 3200 1352 3238 narramus.

563 3276 729 3331 Vens.
745 3276 797 3330 8.
815 3275 1086 3331 Commota
1105 3286 1179 3328 est
1201 3287 1248 3328 et
1272 3278 1582 3330 contremuit
1604 3288 1764 3334 terra.
1785 3278 1943 3334 Nunc
1961 3289 2074 3334 tra-

493 3370 624 3425 dere
657 3369 850 3438 incipit
875 3368 1214 3438 prOphctiam
1242 3368 1309 3423 de
1339 3368 1579 3430 Christo,
1620 3378 1673 3424 et
1725 3371 1903 3424 futura
1942 3388 2069 3425 nar-

497 3469 581 3514 rat
612 3469 872 3528 tanquam
916 3461 1190 3528 prarterita
1247 3460 1632 3529 prophetarum
1685 3477 1857 3516 tnore.
1905 3439 2071 3518 Bea‘to

493 3553 638 3608 enim
694 3553 861 3606 David
913 3553 1053 3606 nihil
1115 3553 1294 3608 simile
1343 3555 1572 3624 legimus
1636 3558 1974 3626 contigisse;
2016 3565 2070 3614 et

493 3648 641 3716 quod
683 3647 826 3701 LXX
853 3649 1182 3716 interpretes
1216 3649 1466 3704 dixerunt
1503 3665 1517 3702 :
1553 3647 1828 3704 Commota
1854 3662 2067 3716 est,seu

494 3738 700 3805 potius,
722 3738 998 3805 ﬂuctuavit
1025 3749 1072 3791 et
1109 3740 1436 3792 contremuit
1467 3750 1608 3793 terra
1642 3756 1659 3794 :
1695 3743 1885 3810 Aquila
1909 3744 2066 3810 dixit,

494 3825 642 3880 Mota
684 3837 761 3881 est
791 3837 840 3880 et
881 3845 1157 3882 concussa.
1188 3827 1291 3882 Per
1355 3839 1556 3883 terram
1598 3841 1778 3884 autem
1821 3833 2068 3890 homines

494 3919 548 3973 in
586 3934 649 3973 ea
703 3920 1016 3975 habitantes
1069 3923 1330 3991 intelligo.
1389 3925 1626 3980 Dorente
1669 3927 1814 3980 enim
1849 3927 2068 3982 Christo

491 4011 665 4068 Judaei
699 4025 752 4069 et
782 4024 972 4086 gentes
1007 4018 1303 4084 perturbati
1338 4031 1459 4073 sunt
1496 4029 1720 4089 propter
1749 4021 2065 4090 opinionem

492 4116 546 4159 et
585 4106 782 4160 famam
808 4123 929 4176 qum
971 4108 1038 4160 de
1085 4123 1149 4160 eo
1177 4111 1544 4162 incrcbtterat.
1571 4109 1929 4164 Fluctuarunt
1963 4114 2070 4181 igi-

493 4200 603 4259 tur,
637 4194 738 4248 boc
769 4204 873 4255 est.
897 4196 1196 4263 perturbati
1233 4204 1378 4248 sunt.
1407 4193 1702 4248 Fluctuare
1735 4200 1879 4248 enim
1924 4199 2065 4251 idem

491 4292 576 4339 est
625 4285 768 4354 quod
817 4287 1120 4355 pertuhari.
1163 4286 1225 4338 Et
1269 4287 1592 4349 timuerunt,
1621 4287 1867 4340 videntes
1903 4289 2064 4342 nimi-

2173 3183 2282 3235 τῶν
2311 3183 2581 3251 δαιμόνων
2613 3182 2867 3250 ὲκδιηγού
2877 3200 3049 3251 μενοι.

2244 3273 2352 3326 Καὶ
2409 3272 2709 3338 ἐσαλεύθη
2762 3273 2860 3325 καὶ
2929 3273 3214 3342 ἔντρομος
3267 3274 3519 3341 ἐγενήθη
3574 3273 3612 3340 ἡ
3642 3275 3737 3340 γῆ.

2175 3364 2250 3417 Τί)
2305 3363 2556 3417 ἐντεῦθεν
2590 3364 2718 3433 περὶ
2753 3363 2992 3434 Χριστοῦ
3041 3367 3401 3434 προφητεύει,
3456 3365 3583 3434 περὶ
3638 3364 3744 3417 τῶν

2173 3455 2447 3524 ἐσομένων
2483 3455 2558 3516 ὡς
2608 3454 2992 3521 γεγενημένων
3049 3454 3432 3524 διαλεγόμενος
3462 3470 3476 3482 ·
3545 3455 3742 3521 ἰδίωμα

2173 3543 2282 3617 γὰρ
2304 3542 2460 3599 τοῦτο
2482 3543 2866 3618 ’προῳητικὸψ
2925 3544 3024 3599 καὶ
3078 3544 3185 3616 γὰρ
3240 3545 3332 3598 ἐπὶ
3387 3544 3550 3598 Δαϐὶδ
3591 3545 3744 3601 οὐδὲν

2175 3639 2456 3708 ἱστόρηται
2520 3657 2570 3692 τι
2625 3640 2866 3692 τοιοῦτον
2929 3638 3246 3708 γενόμενον.
3310 3638 3459 3690 Ἀντὶ
3519 3640 3574 3692 δὲ
3625 3641 3741 3702 τοῦ,

2172 3729 2509 3796 Ἐστιλεύοη
2543 3732 2639 3782 καὶ
2679 3731 2966 3799 ἔντρομος
3021 3731 3278 3799 ἐγενήθη
3307 3732 3342 3795 -ἠ
3367 3730 3467 3796 γῆ,
3501 3733 3529 3782 ὁ
3581 3732 3741 3783 Ἀκύ-

2171 3821 2272 3885 λας
2303 3821 2455 3876 εἶπεν
2477 3841 2489 3854 ·
2534 3822 2810 3889 Ἐκινήθη
2833 3823 2928 3876 καὶ
2961 3823 3290 3888 ἐσαλεύθη.
3325 3822 3401 3891 Γῆ
3441 3822 3496 3874 δὲ
3546 3823 3663 3885 νῦν,
3690 3825 3740 3875 οἱ

2172 3917 2236 3968 ἐκ
2263 3915 2368 3983 γῆς
2393 3915 2693 3984 ἄνθρωποι,
2719 3915 2768 3966 ot
2797 3913 2894 3984 τὴν
2925 3917 3030 3985 γῆν
3056 3913 3333 3976 οἰκοῦντες
3361 3930 3374 3945 ·
3402 3914 3743 3976 διδάσκοντος

2172 4009 2282 4078 γὰρ
2311 4006 2406 4060 τοῦ
2444 4006 2707 4078 Χριστοῦ,
2760 4006 2856 4059 καὶ
2907 4009 2954 4060 οἱ
3022 4008 3287 4077 Ἑϐραῖοι,
3345 4007 3442 4060 καὶ
3489 4007 3556 4059 τὰ
3611 4006 3740 4076 ἔθνη

2170 4099 2547 4169 ἐταράχθησαν
2575 4100 2680 4152 ὑπὸ
2705 4099 2806 4168 τῆς
2835 4100 2963 4169 περὶ
3002 4098 3169 4152 αὑτοῦ
3203 4101 3417 4168 φήμης·
3442 4101 3603 4162 σάλος
3632 4100 3741 4168 γὰρ

2169 4193 2196 4244 ὁ
2217 4192 2456 4262 τάραχος
2480 4207 2493 4221 ⁸
2525 4193 2619 4244 καὶ
2651 4189 3022 4260 ἐφοϐήθησαν,
3050 4190 3288 4260 ὁρῶντες
3313 4190 3350 4244 ἆ
3381 4190 3555 4243 ἐποίει
3581 4191 3743 4259 τερά-

2172 4301 2292 4337 στια
2320 4300 2334 4313 ⁸
2362 4284 2561 4354 τρόμος
2597 4285 2726 4352 γὰρ,
2765 4285 2793 4335 ὁ
2829 4283 2992 4349 φόϐος
3026 4283 3288 4347 ἐνταῦθα,
3313 4284 3400 4336 διὰ
3423 4284 3484 4336 τὸ
3519 4285 3742 4352 τρέμειν

497 4390 612 4427 rum
653 4377 806 4444 signa
839 4393 902 4428 ac
937 4375 1179 4445 prodigia
1221 4390 1338 4444 quae
1366 4374 1895 4432 faciebat.Tremere
1921 4379 2065 4432 enim

2173 4375 2299 4438 τοὺς
2328 4375 2464 4451 ἄγαν
2502 4375 2896 4445 φοϐουμένους.
2928 4376 3038 4428 Καὶ
3064 4375 3241 4438 ἄλλως
3280 4375 3358 4438 δὲ,
3388 4376 3740 4444 ἐκινήθησαν,

495 4466 676 4536 posuit
708 4481 804 4534 pro
839 4467 1050 4526 timere,
1083 4482 1148 4519 eo
1179 4467 1320 4535 quod
1351 4466 1520 4519 timidi
1558 4468 1804 4523 homines
1835 4479 2069 4525 tremore

494 4559 693 4628 corripi
727 4558 954 4610 soleant.
987 4557 1048 4609 l'lt
1087 4559 1245 4611 aliter
1278 4575 1290 4608 :
1338 4560 1595 4613 commoti
1629 4571 1781 4624 sunt,
1811 4563 1875 4615 ad
1914 4563 2070 4616 Chri-

495 4659 637 4705 stum
661 4650 914 4702 nimirum
936 4649 1273 4705 coullucntcs
1296 4650 1578 4705 obfaumm
1605 4669 1724 4722 qua:
1742 4653 1807 4706 de
1833 4670 1897 4707 eo
1928 4663 2067 4720 erat,

493 4745 547 4792 et
589 4738 983 4792 tumultuantes
1019 4741 1255 4809 propriis
1297 4740 1553 4794 consiliis
1603 4743 1856 4797 concussi
1890 4753 2038 4797 sunt.

567 4828 932 4883 Fundamenta
977 4831 1227 4884 montium
1264 4832 1580 4884 conturbata
1611 4844 1732 4886 sunt
1755 4873 1769 4896 ,
1803 4846 2068 4888 commota

493 4932 636 4986 sunt,
672 4925 922 4992 quoniam
959 4926 1127 4976 iratus
1156 4933 1231 4976 est
1273 4925 1348 4976 eis
1385 4925 1658 4981 Dominus.
1712 4925 1814 4979 Per
1854 4938 2068 4982 montes

495 5013 772 5067 daemones
804 5013 1044 5083 intellige
1077 5013 1146 5067 ob
1182 5029 1447 5067 summam
1477 5033 1664 5070 eorum
1694 5019 1983 5072 elationem
2010 5034 2072 5071 ac

493 5105 803 5175 superbiam
840 5115 936 5170 ;et
981 5121 1076 5174 per
1133 5103 1506 5168 fundamenta,
1544 5107 1844 5174 profundas
1882 5124 2069 5162 eorum

493 5195 874 5264 cogitationes.
902 5194 1318 5264 Conspicientes
1348 5200 1491 5249 enim
1533 5197 1810 5253 dremones
1846 5200 2072 5267 inexpu-

494 5290 764 5358 gnabilem
831 5289 919 5342 Dei
970 5290 1291 5358 potentiam,
1355 5293 1588 5360 propriis
1644 5292 2068 5361 cogitationibus

495 5382 1001 5445 confundebantur,
1034 5382 1350 5436 dubitantes
1375 5385 1628 5452 quisnam
1657 5393 1892 5449 esset,et
1914 5401 2070 5452 repu—

498 5479 675 5527 tantes
727 5473 904 5542 qualia
956 5473 1056 5541 ipsi
1121 5475 1225 5540 pati
1286 5472 1574 5527 deberent.
1629 5471 1846 5526 lllorum
1906 5474 2068 5542 igitur

497 5563 857 5629 cogitationes
916 5565 996 5618 sic
1051 5565 1382 5633 perturbatae
1431 5573 1580 5628 sunt,
1643 5572 1698 5617 et
1757 5565 1856 5632 ipsi
1902 5567 2064 5618 etiam

502 5652 704 5718 pariter
738 5654 805 5705 ab
835 5655 921 5706 illa
955 5655 1194 5722 potentia
1228 5658 1507 5717 commoti,
1537 5654 1588 5708 in
1621 5671 1722 5722 qua
1765 5655 1892 5708 dum
1926 5656 2068 5722 vigo-

503 5753 621 5796 rcnt
661 5743 955 5800 validiores
983 5755 1138 5799 erant
1165 5763 1225 5798 ac
1259 5745 1538 5800 fortiores.
1583 5745 1912 5815 llociaulcm
1948 5749 2068 5803 ideo

2176 4468 2499 4538 συρρέοντες
2528 4469 2612 4520 ἐπ’
2639 4469 2799 4522 αὐτὸν
2827 4469 2972 4521 κατὰ
3003 4471 3193 4537 φήμην
3223 4484 3238 4499 ο
3270 4470 3364 4520 καὶ
3392 4468 3739 4537 ἐσείσθησαν,

2171 4563 2290 4624 ταῖς
2315 4561 2524 4613 ἑαυτῶν
2555 4563 2798 4631 γνώμαις
2831 4561 3245 4631 θορυϐηθέντες.

2243 4833 2348 4887 Καὶ
2376 4833 2448 4886 τὰ
2489 4831 2734 4899 θεμέλια
2775 4828 2892 4882 τῶν
2938 4829 3122 4896 ὁρέων
3177 4830 3600 4898 ἐταράχθησαν
3643 4832 3738 4880 κ(ιῖ

2167 4924 2616 4989 ἐσαλεύθησαν,
2645 4922 2734 4975 ὅτι
2772 4922 3035 4990 ὠργίσθη
3062 4921 3269 4987 αὐτοῖς
3292 4925 3326 4974 ό
3385 4923 3546 4984 Θεός.
3601 4923 3743 4989 Ἥρη

2174 5017 2387 5084 νοήσεις
2409 5016 2536 5078 τοὺς
2560 5015 2844 5084 δαίμονας,
2878 5013 2967 5066 διὰ
2997 5015 3092 5084 τὴν
3122 5014 3376 5084 ἔπαρσιν,
3407 5014 3438 5082 ἢ
3480 5013 3574 5065 καὶ
3607 5012 3745 5064 ἀλα-

2173 5105 2411 5170 ζονείαν.
2452 5105 2691 5174 Θεμέλια
2720 5105 2774 5157 δὲ
2805 5105 2954 5171 λέγει
2988 5107 3115 5166 τοὺς
3139 5105 3324 5175 βαθεῖς
3355 5104 3743 5172 διαλογισμοὺς

2178 5197 2358 5250 αὐτῶν
2380 5213 2393 5228 ·
2436 5196 2675 5267 ὁρῶντες
2704 5197 2812 5263 γὰρ
2859 5196 2957 5265 τὴν
2986 5197 3197 5264 ἄμαχον
3218 5194 3312 5248 τοῦ
3358 5194 3599 5265 Χριστοῦ
3647 5193 3742 5246 δύ-

2179 5306 2362 5358 ναμιν,
2409 5291 2725 5357 συνεχέοντο
2757 5289 2870 5348 τοῖς
2935 5287 3234 5352 λογισμοῖς,
3296 5286 3737 5354 διαπορούμενοι.

2176 5379 2258 5440 τίς
2285 5383 2420 5443 ἐστι,
2462 5380 2552 5431 καὶ
2586 5378 3048 5446 ἀναλογιζόμενοι,
3078 5370 3165 5429 οἶα
3191 5375 3492 5428 πείσονται.
3545 5375 3609 5424 Οἱ
3643 5373 3742 5441 μὲν

2175 5467 2270 5524 οὖν
2302 5471 2551 5539 λογισμοὶ
2576 5471 2756 5522 αὐτῶν
2791 5469 2962 5529 οὕτως
2997 5468 3378 5538 ἐταράχθησαν
3401 5485 3416 5499 ·
3462 5465 3616 5520 αύτοὶ
3685 5466 3741 5516 δὲ

2179 5561 2567 5630 ὲσαλεύθησαν,
2599 5561 2690 5626 ἀφ’
2715 5554 2781 5629 ἧς
2814 5557 3171 5626 ἐϐεϐήκςισαν
3226 5555 3509 5621 δυνάμεως
3559 5571 3708 5622 παρα

2179 5652 2510 5723 κινηθέντες.
2550 5651 2720 5703 Τοῦτο
2740 5649 2794 5702 δὲ
2826 5648 3049 5711 ἔπαθον,
3082 5647 3163 5699 ὅτι
3187 5646 3434 5715 ὠργίσθη
3491 5643 3673 5704 αὐτοῖς
3711 5641 3738 5692 ὁ

2179 5743 2332 5806 Θεὸς,
2364 5743 2453 5794 ἐπὶ
2477 5740 2730 5793 τοσοῦτον
2761 5739 3149 5808 τυραννήσασι,
3181 5736 3275 5790 καὶ
3327 5733 3739 5788 καταδουλωσα-
