4054 6210
517 297 623 360 231

518 407 649 462 cubo

520 499 737 554 dicebat
786 498 1082 550 tonitruum
1129 494 1334 549 factum
1367 508 1510 548 esse.
1551 492 1618 546 Et
1655 492 1800 561 quod
1838 492 1926 546 hic
1965 491 2100 545 diei-

520 599 634 654 tur,
668 587 916 650 intonuit,
950 585 1217 655 intellige,
1254 585 1444 639 habito
1483 593 1734 652 respectu
1775 582 1844 635 ad
1877 581 2105 636 audien-

522 683 657 734 tium
683 678 1022 747 opinionem.
1055 677 1210 742 Quod
1238 692 1366 730 vero
1388 679 1463 728 ait
1511 692 1524 729 :
1554 675 1695 727 dedit
1725 690 1899 728 uocem
1926 690 2100 738 suam,

521 776 692 840 ipsam
726 771 952 839 respicit
997 771 1305 824 veritatem.
1350 766 1464 822 Vox
1513 769 1660 822 enim
1709 777 1829 820 erat
1871 774 1926 820 et
1954 767 2099 819 toni-

519 875 704 917 truum
754 864 868 917 visa
921 871 1024 916 est.
1089 862 1366 916 Adtnit'at'i
1422 870 1605 914 autem
1670 874 1778 912 non
1835 857 2098 912 debemus

520 957 744 1025 quando
799 955 1100 1024 prophetia:
1156 953 1400 1008 ordinem
1469 959 1565 1006 aut
1643 948 2094 1018 consequentiam

523 1065 702 1101 rerutn
733 1064 842 1101 non
889 1057 1136 1101 servant.
1181 1045 1259 1098 Ex
1311 1045 1416 1099 hoc
1463 1045 1609 1099 enim
1665 1043 2094 1107 demonstratur,

1739 285 2129 346 EUTHYMU
2143 283 2497 344 ίΖΙϐΑΒΕΝ
2508 281 2542 342 Ι’

706 404 775 460 ⁸ο.
838 402 1025 458 Turba
1083 411 1267 457 autem
1312 416 1435 471 quae
1488 399 1700 464 aderat,
1759 399 1863 452 boc
1917 398 2103 454 audito

2210 397 2473 461 ἀκούσας,
2519 396 2672 464 ἔλεγε
2711 395 2989 466 ,ϐροντὴν
3041 397 3349 465 γεγονέναι.
3391 393 3553 446 Ὥστε
3593 391 3654 446 τὸ
3686 392 3774 464 μὲν

3669 272 3769 338 232

2206 491 2597 558 ἐϐρόντησεν,
2637 489 2771 558 πρὸς
2809 487 2909 559 τὴν
2948 487 3220 558 ὑπόληψιν
3276 487 3385 538 τῶν
3434 483 3775 540 ἀκουσάντων

2209 583 2426 651 εἴρηται
2461 597 2475 612 ο
2508 581 2567 634 τὺ
2609 579 2688 645 δὲ,
2762 580 2947 633 ἔδωκε
2991 579 3205 650 φωνὴν
3245 577 3455 643 αὐτοῦ,
3503 576 3640 647 προς
3687 578 3776 648 τὴν

2207 673 2492 742 ἀληθειαν.
2545 671 2702 742 Φωνὴ
2753 673 2860 739 γὰρ
2893 668 3049 736 οὖσα,
3081 669 3282 742 βροντὴ
3318 672 3432 732 τοῖς
3483 668 3779 739 ἀκηκόασιν

2209 765 2408 828 ἔδοξεν.
2440 765 2513 817 Ού
2546 764 2652 834 χρὴ
2680 763 2735 815 δὲ
2764 762 3087 832 θαυμάζειν,
3123 764 3251 816 ὅταν
3282 761 3382 814 οὐκ
3417 760 3613 832 ἔχωσιν
3652 759 3773 812 ἀκο-

2206 856 2426 908 ὶουθίαν
2480 861 2573 908 καὶ
2610 854 2761 920 τάξιν
2807 855 2865 912 αί
2928 857 3259 923 προφητεῖλι
3289 871 3300 884 ·
3354 854 3630 905 δείκνυται
3675 852 3776 920 γὰρ

2207 948 2483 1010 ἐντεῦθεν,
2515 948 2589 1009 ὼς
2622 949 2670 1001 oi
2700 947 2999 1018 προφῆται,
3050 949 3110 999 οὐ
3155 947 3530 1017 προεφήτευον
3559 945 3593 1000 ἃ.
3630 946 3777 1004 ἐϐού-

2204 1040 2356 1092 λοντο
2375 1056 2390 1075 ο
2413 1041 2522 1092 ἀλλ’
2559 1041 2702 1112 ἅπερ
2736 1041 2801 1093 ἂν
2825 1039 2928 1094 ὑπὸ
2956 1039 3047 1093 τοῦ
3084 1040 3397 1109 Πνεύματυς
3417 1040 3777 1109 ἐνηχήθησαν.

519 1145 662 1212 quod
722 1142 1000 1212 propheta:
1058 1156 1166 1195 non
1226 1155 1289 1194 ea
1360 1137 1730 1209 prmdicebant
1793 1151 1912 1206 quat
1987 1133 2092 1202 ipsi
2127 1135 2402 1198 volebant,
2439 1135 2532 1190 sed
2566 1151 2686 1204 quae
2715 1143 2942 1191 Sanctus
2969 1150 3065 1189 eos
3096 1134 3338 1204 Spiritus
3365 1136 3619 1188 ducebat.

598 1238 760 1292 Vens.
799 1237 885 1291 l5.
925 1236 1076 1290 Misit
1108 1238 1336 1305 sagittas
1386 1244 1434 1288 et
1493 1234 1778 1302 dissipavit
1831 1249 1941 1288 eos.
1995 1229 2100 1286 Per

523 1334 751 1399 sagittas
779 1329 1082 1397 discipulos
1136 1328 1392 1397 intelligit
1441 1331 1496 1382 in
1539 1327 1856 1380 universum
1909 1324 2096 1378 orbem

526 1427 748 1486 missos,
797 1427 1002 1491 quibus
1033 1426 1313 1476 dzetnones
1359 1421 1669 1490 dissipavit.
1702 1421 1810 1476 Eos
1861 1434 2099 1489 namque

523 1518 653 1570 dum
684 1517 840 1578 dicit,
872 1517 1147 1569 daemones
1188 1514 1464 1582 intelligit.
1497 1515 1757 1582 Apertius
1793 1527 1974 1568 autent
2009 1529 2102 1568 co-

525 1624 648 1662 rum
677 1620 874 1660 nomen
893 1623 998 1662 non
1027 1622 1090 1661 ex
1105 1610 1304 1674 pressit
1327 1605 1623 1676 Propheta,
1647 1624 1767 1660 cum
1799 1621 1907 1661 non
1923 1609 2100 1665 solum

527 1701 626 1758 illi.
651 1699 742 1754 sed
795 1713 980 1751 eorum
1015 1699 1178 1752 etiam
1214 1698 1459 1762 nomina,
1507 1710 1700 1754 sancto
1752 1698 1978 1768 Spiritui
2008 1714 2103 1754 so-

527 1790 674 1846 leant
701 1805 824 1846 esse
855 1789 1052 1844 invisa.

599 1881 670 1935 Et
714 1881 930 1950 fulgura
967 1878 1335 1947 ntultiplicavit
1368 1890 1417 1934 et
1459 1881 1791 1939 conturbavit
1820 1898 1928 1937 eos.
1973 1883 2108 1938 Eos-

528 1973 648 2026 dem
671 1971 972 2040 discipulos
994 1979 1050 2023 ct
1077 1971 1309 2038 sagittas
1331 1985 1455 2024 esse
1484 1971 1726 2040 intellige
1772 1981 1828 2026 et
1865 1970 2104 2041 fulgura,

527 2064 760 2118 alterum
795 2063 955 2130 quasi
985 2063 1314 2130 sagittantes
1349 2071 1516 2130 atque
1556 2071 1864 2118 evertentes
1904 2065 2109 2139 daemo-

528 2170 657 2208 nutn
691 2169 960 2219 errorem,
990 2155 1221 2208 alterum
1248 2169 1381 2208 vero
1415 2154 1578 2208 veluti
1611 2155 1828 2209 illorum
1856 2157 2106 2225 impieta-

527 2257 632 2298 tem
668 2261 732 2299 ac
771 2249 926 2300 lucos
955 2247 1034 2300 eis
1072 2232 1749 2308 dicatoscomburentes.
1797 2247 2107 2318 Discipulo-

525 2353 648 2391 rutn
675 2338 822 2392 enim
861 2341 1204 2392 orationibus
1254 2339 1407 2403 victi,
1457 2349 1512 2393 et
1545 2340 1910 2395 inhabitantis
1937 2343 1994 2394 in
2024 2343 2105 2394 eis

528 2433 640 2502 Spit
659 2433 769 2486 itus
793 2433 1058 2501 fulgorem
1087 2451 1194 2488 non
1227 2439 1588 2497 sustinentes,
1612 2437 2102 2499 eonturbabantur,

530 2527 836 2594 mentisque
873 2543 938 2580 ac
965 2526 1184 2581 consilii
1216 2527 1410 2597 inopes
1444 2528 1832 2582 reddebantur.

599 2703 764 2757 Vens.
809 2704 895 2758 16.
939 2704 1004 2757 Et
1050 2715 1411 2773 apparuerunt
1452 2707 1620 2776 fontes
1669 2724 1955 2776 aquarum.
2002 2699 2130 2763 Per-

529 2811 792 2864 aquarum
829 2795 1007 2852 futiles
1065 2798 1297 2868 apostoli
1331 2813 1526 2852 rursus
1562 2799 1897 2869 intelligendi
1931 2809 2100 2854 sunt:

529 2888 692 2941 veluti
739 2889 900 2956 primi
930 2892 1262 2945 (ihristiante
1304 2891 1428 2944 ﬁdei
1481 2893 1736 2948 doctores
1793 2909 1829 2947 a
1876 2893 2104 2948 Domino

526 2982 705 3034 electi.
739 2979 844 3034 Per
899 2997 1096 3049 aquam
1143 2985 1286 3036 enim
1325 2987 1647 3052 mangelicte
1701 2987 2104 3055 praedicationis

527 3073 776 3126 doctrina
812 3089 1189 3139 saepenumero
1250 3078 1392 3144 apud
1452 3077 1794 3147 Scripturam
1829 3081 2101 3152 signatur.

2292 1232 2713 1296 Ἐξαπέστειλε
2752 1232 2936 1301 βέλη,
2980 1233 3078 1288 καὶ
3131 1233 3505 1300 ἑσκόρπισεν
3541 1231 3774 1299 αὐτούς.

2208 1325 2346 1395 Βέλη
2385 1327 2484 1396 μὲν
2514 1327 2664 1394 λέγει
2702 1327 2829 1389 τοὺς
2866 1325 3114 1396 μαθητὰς
3152 1325 3341 1390 αὑτοῦ,
3383 1321 3778 1381 ἀποσταλέντας

2208 1422 2287 1480 είς
2335 1419 2551 1472 ἅπαντα
2593 1420 2684 1470 τὸν
2737 1421 2962 1489 κόσμον.
3027 1419 3350 1488 Ἐσκὸρπισε
3403 1419 3458 1470 δὲ
3509 1419 3575 1470 δι’
3606 1417 3779 1471 αὐτὼ»

2209 1514 2238 1566 ὁ
2266 1513 2500 1580 Χριστὸς
2531 1513 2657 1576 τοὺς
2677 1513 2960 1581 δαίμονας,
2992 1512 3086 1573 οὓς
3112 1512 3349 1582 ἐδήλωσε
3383 1513 3470 1565 διὰ
3492 1515 3589 1582 τῆς
3616 1513 3782 1566 ἀντωο

2211 1609 2432 1676 νυμίας.
2459 1609 2622 1661 Μισεί
2646 1607 2755 1677 γὰρ
2773 1605 2834 1658 τὸ
2860 1605 3085 1674 Πνεῦμα
3101 1605 3161 1657 τὸ
3182 1608 3335 1673 ἅγιον
3357 1603 3547 1676 ὥσπερ
3567 1605 3780 1667 αὐτοὺς,

2212 1701 2354 1754 οὕτω
2380 1701 2471 1753 καὶ
2493 1699 2592 1770 τὴν
2623 1698 2996 1768 προσηγορίαν
3021 1697 3221 1756 αὐτῶν,

2251 1927 2254 1930 ,
2280 1878 2387 1934 Καὶ
2413 1878 2729 1945 ἀστραπὰς
2760 1876 3089 1942 ἐπλήθυνε,
3127 1877 3222 1930 καὶ
3255 1875 3667 1944 συνετάραξεν
3686 1877 3786 1930 αὐτ

2209 1973 2373 2036 τούς.
2402 1972 2540 2033 Τοὺς
2571 1971 2769 2032 αὐτοὺς
2803 1971 3015 2039 οἰητέον
3047 1970 3140 2022 καὶ
3178 1967 3308 2038 βέλη
3335 1970 3430 2028 καὶ
3460 1968 3746 2039 ἀστραπάς
3767 1984 3780 1999 ·

2208 2067 2388 2119 ἐκεῖνο
2449 2067 2571 2135 μὲν,
2627 2065 2701 2127 ὡς
2743 2062 3040 2133 βάλλοντας
3091 2061 3189 2114 καὶ
3238 2061 3640 2131 ἀνατρέποντας
3690 2061 3784 2128 τὴν

2211 2158 2422 2228 πλάνην
2467 2158 2693 2210 ἐκείνων
2725 2171 2738 2184 ·
2789 2155 2950 2214 τοῦτο
3009 2154 3088 2220 ἑὲ,
3147 2154 3219 2216 ὼς
3272 2153 3662 2223 ἐμπιπρῶντας
3689 2152 3784 2222 τὴν

2208 2250 2486 2315 ἀσέϐειαν,
2521 2251 2617 2303 καὶ
2659 2250 2729 2304 τὰ
2765 2250 2964 2318 τεμένη
3003 2248 3173 2314 αὐτῆς
3201 2262 3214 2276 ’
3249 2245 3565 2316 βαλλόμενοί
3593 2263 3649 2298 τε
3679 2247 3784 2314 γὰρ

2208 2345 2328 2402 ταῖς
2361 2341 2575 2410 εὐχαῖς,
2599 2339 2829 2392 ἔπιπτον
2860 2340 2909 2392 οἱ
2945 2337 3218 2405 πολέμιοι,
3252 2336 3348 2390 καὶ
3372 2338 3470 2404 τὴν
3502 2335 3784 2409 ἀστραπὴν

2208 2435 2270 2492 οὐ
2317 2435 2575 2503 φέροντες
2621 2432 2714 2486 τοῦ
2771 2432 3112 2492 ἐνοικοῦντος
3158 2433 3269 2492 τοῖς
3323 2431 3588 2502 μαθηταῖς
3628 2431 3784 2498 ἁγίου

2212 2526 2548 2594 Πνεύματος,
2608 2525 3079 2593 συνεταράσσοντο
3113 2565 3128 2589 ,
3190 2526 3285 2577 καὶ
3341 2526 3420 2586 εἰς
3475 2522 3785 2594 ἀμηχανίαν

2211 2623 2556 2678 καθίσταντο.

2280 2714 2387 2767 Καὶ
2414 2713 2706 2781 ὤφθησαν
2727 2713 2785 2764 at
2817 2709 2999 2779 πηγαί
3034 2709 3152 2763 τῶν
3183 2708 3441 2766 ὑδάτων.
3472 2709 3654 2780 Πηγαὶ
3676 2709 3785 2761 τῶν

2211 2808 2420 2860 ὑδάτων
2451 2805 2628 2869 αὖθις,
2663 2805 2714 2857 οἱ
2745 2803 3060 2855 (immolat-
3105 2804 3311 2872 πρῶτοι
3343 2803 3654 2856 διδάσκαλοι
3686 2803 3784 2871 τῆς

2211 2901 2353 2958 κατὰ
2393 2897 2629 2968 Χριστὸν
2661 2897 2920 2958 πίστεως,
2956 2896 3047 2951 ὑπ’
3080 2894 3246 2947 αὑτοῦ
3293 2893 3784 2964 χειροτονηθέντες.

2210 2991 2396 3060 Ὕδωρ
2432 2989 2532 3060 μὲν
2566 2988 2693 3058 γὰρ,
2727 2990 2758 3057 ἡ
2789 2986 3105 3039 διδαςκαλίι
3136 2985 3228 3038 τοῦ
3254 2986 3609 3056 κηρύγματος
3635 3001 3648 3014 ·
3678 3002 3786 3057 πηο

2209 3085 2306 3152 γαὶ
2335 3084 2413 3148 δὲ,
2447 3083 2497 3134 oi
2537 3081 2743 3151 πρῶτοι
2779 3079 2984 3148 ταύτης
3029 3078 3270 3148 κρουνοὶ,
3305 3079 3355 3138 οἳ
3391 3081 3558 3134 πᾶσιν
3595 3076 3787 3150 (υςρθη-

529 3163 729 3219 Fontes
776 3166 938 3231 igitur
990 3168 1150 3234 primi
1192 3167 1342 3221 illius
1368 3169 1748 3236 aquaatluctus,
1783 3187 1879 3226 seu
1919 3173 2103 3242 potius

2214 3192 2312 3228 σαν
2344 3174 2424 3237 εἰς
2450 3174 2694 3233 ἃπαντας
2719 3167 3150 3238 ἐκπεμφθέντες.

528 3256 713 3335 prima}:
777 3259 1142 3327 scaturigines
1199 3260 1565 3329 intelligendas
1625 3272 1774 3331 sunt,
1843 3267 2080 3335 apostoli
2121 3265 2405 3332 nimirum,
2444 3273 2504 3319 ut
2537 3263 2801 3326 diximus,
2846 3259 2994 3331 quod
3063 3259 3321 3318 omnibus
3391 3269 3788 3330 apparuerunt,

523 3366 590 3404 eo
627 3351 768 3419 quod
803 3354 870 3403 ad
908 3366 1100 3405 omnes
1130 3353 1280 3410 missi
1310 3363 1460 3408 sunt.

596 3445 661 3498 Et
688 3445 916 3499 revelata
933 3454 1056 3498 sunt
1081 3445 1430 3513 fundamenta
1449 3449 1591 3503 orbis
1612 3459 1903 3508 terrarum.
1929 3454 2100 3510 Iidem

525 3537 630 3605 ipsi
660 3535 1016 3589 fundamenta
1048 3535 1204 3590 orbis
1254 3544 1530 3592 terrarum
1580 3539 1800 3594 dicendi
1845 3551 1997 3607 sunt,
2041 3557 2106 3597 eo

523 3628 669 3696 quod
706 3627 866 3696 primi
906 3627 1195 3682 credentes
1250 3627 1426 3695 fuere,
1478 3632 1572 3700 qui
1622 3632 1745 3687 lidei
1805 3635 1989 3689 sedem
2044 3651 2109 3690 ac

524 3717 878 3772 stabilitatem
904 3719 1115 3771 ﬁrmam
1151 3727 1316 3789 atque
1340 3721 1732 3777 inconcussam
1762 3734 2066 3795 posuerunt
2091 3743 2104 3780 :

525 3812 581 3864 in
611 3825 719 3879 qua
755 3825 946 3864 omnes
992 3810 1361 3880 aediﬁcantur,
1389 3813 1627 3868 revelata
1660 3827 1840 3871 autem
1869 3826 1995 3872 sunt
2034 3819 2105 3873 ob

522 3905 650 3956 vita:
695 3903 1074 3972 splendorem,
1122 3915 1176 3958 et
1220 3906 1610 3961 miraculorum
1653 3909 1984 3966 claritatem.
2038 3912 2104 3966 Et

524 3997 756 4049 aliorum
800 3998 1020 4065 quidem
1057 3996 1418 4052 aediﬁciorum
1461 3997 1821 4056 fundamenta
1854 4001 2026 4057 latent
2049 4003 2100 4056 in

526 4098 693 4149 terra,
731 4087 854 4141 ﬁdei
901 4100 1086 4144 autem
1129 4088 1489 4145 fundamenta
1537 4106 1566 4144 e
1608 4093 1915 4156 contrario,
1967 4108 2103 4163 preco

525 4181 852 4236 clarissiinis
913 4191 1020 4235 tam
1083 4183 1250 4236 dictis
1319 4200 1484 4252 quam
1557 4185 1720 4240 iactis
1776 4187 2100 4252 relucentia,

523 4274 783 4330 omnibus
816 4277 1110 4343 patefacta,
1144 4278 1210 4327 ah
1239 4278 1500 4331 omnibus
1530 4276 1700 4330 videri
1739 4288 1992 4348 possunt.

597 4369 673 4418 Ab
734 4368 1092 4434 increpatione
1126 4375 1238 4431 tua,
1279 4367 1517 4421 Domine.
1576 4368 1698 4422 "me
1733 4380 1915 4423 autem
1960 4372 2099 4424 facta

2281 3453 2387 3508 Kal
2415 3451 2806 3518 ἀνεκαλύερθη
2837 3449 2911 3502 τὰ
2965 3448 3211 3516 θεμέλια
3243 3446 3352 3515 τῆς
3407 3446 3788 3515 οἰκουμένης.

2204 3547 2268 3600 ΟΞ
2302 3547 2454 3600 αὐτοὶ
2476 3546 2568 3598 καὶ
2609 3542 2838 3613 θεμέλια
2895 3542 2995 3607 τῆς
3029 3541 3380 3610 οἰκουμένης,
3428 3540 3505 3600 ὡς
3574 3540 3790 3608 πρῶτοι

2204 3637 2619 3698 πιστεύσαντες,
2672 3635 2768 3687 καὶ
2807 3634 3156 3694 ὑποτιθέντες
3210 3631 3372 3703 ἕδραν
3425 3632 3664 3693 πίστεως
3721 3635 3788 3700 τῇ

2206 3731 2500 3802 οἰκουμένῃ
2540 3729 2767 3797 στερεὰν
2801 3728 2899 3780 καὶ
2935 3725 3364 3795 ἀπερίτρεπτον,
3393 3725 3476 3790 ἐφ’
3585 3726 3790 3787 πάντες

2209 3823 2714 3892 ἐποικοδομοῦνται.
2757 3819 3240 3888 ’Δνεκαλύφθησαν
3293 3818 3349 3872 δὲ
3405 3818 3493 3870 δια
3543 3819 3638 3885 τῆς
3689 3817 3789 3870 τοῦ

2211 3918 2328 3990 βίου
2365 3916 2736 3987 μαρμαρυγῆς
2765 3915 2860 3965 καὶ
2881 3913 2982 3981 τῆς
3009 3911 3116 3963 τῶν
3148 3910 3585 3978 ἐπιτελουμένων
3620 3928 3791 3980 τερα-

2210 4009 2372 4062 στίων
2396 4004 2802 4076 λαμπρότητος.
2833 4004 2943 4056 Καὶ
2967 4003 3078 4055 τῶν
3136 4001 3237 4070 μὲν
3273 4002 3450 4055 ἄλλων
3497 4003 3797 4072 οἰκοδομη-

2211 4102 2397 4170 μάτων
2432 4100 2488 4149 ἐν
2511 4101 2575 4168 τῇ
2609 4100 2678 4166 γῇ
2703 4095 3010 4165 κέκρυπται
3040 4095 3107 4148 τὰ
3140 4093 3362 4162 θεμέλια
3389 4111 3402 4126 ⁶
3439 4095 3506 4149 τὰ
3565 4095 3621 4148 δὲ
3685 4098 3795 4162 τῆς

2212 4192 2465 4253 πίστεω·,
2504 4189 2835 4245 τούναντίον.
2874 4189 3014 4257 ὑπὲρ
3068 4191 3172 4256 γῆς
3205 4188 3460 4256 ἐφαίνετο
3501 4187 3654 4248 πᾶσι,
3693 4189 3795 4242 καὶ

2211 4283 2407 4352 πράξει
2440 4281 2534 4332 καὶ
2557 4282 2700 4350 λόγῳ
2735 4280 3065 4350 λάμπονται.

2289 4373 2421 4426 Ἀπὸ
2451 4372 2848 4440 smn/uiderim
2886 4389 3024 4434 σου,
3065 4373 3263 4439 Κύριε.
3289 4370 3478 4425 Ταῦτα
3514 4370 3570 4424 δέ
3625 4371 3794 4439 γέγο-

525 4467 677 4521 sunt,
729 4459 989 4526 quoniam
1028 4468 1081 4509 tu
1136 4458 1438 4526 increpasli
1473 4459 1772 4527 dmntones,
1804 4471 1858 4516 et
1907 4463 2101 4517 timore

2210 4489 2315 4535 νεν,
2354 4471 2790 4540 ἐπιτιμηθέντων
2822 4471 2927 4522 ὑπὸ
2968 4467 3087 4535 σοῦ,
3116 4470 3212 4523 καὶ
3270 4469 3624 4538 φοϐηθέντων
3672 4469 3799 4522 τῶν

523 4567 619 4602 eos
649 4550 889 4600 maximo
924 4549 1274 4616 percussisti.

597 4643 674 4696 Ab
705 4643 1058 4710 inspiratione
1093 4646 1318 4711 spiritus
1356 4646 1454 4700 ira’
1480 4655 1605 4702 tnw.
1641 4645 1723 4702 Ira
1759 4649 1870 4720 igni
1908 4651 2105 4710 similis

525 4740 629 4785 est.
686 4732 933 4786 Accensa
991 4734 1263 4802 siquidem
1323 4745 1488 4805 atque
1535 4739 1794 4807 excitata,
1847 4755 2102 4810 vaporem

525 4823 680 4892 quasi
712 4839 988 4878 summum
1037 4827 1262 4892 emittit,
1295 4836 1350 4880 et
1387 4844 1488 4897 per
1519 4830 1643 4885 irati
1677 4832 1914 4888 hominis
1945 4850 2106 4891 nares

527 4917 581 4967 in
615 4931 792 4970 aerem
826 4918 1018 4984 spirat.
1082 4918 1239 4974 Unde
1286 4930 1340 4975 et
1374 4923 1607 4992 spiritus
1651 4925 1742 4978 irze
1775 4926 1999 4993 dicitur,
2055 4935 2110 4983 et

525 5025 620 5063 eos
654 5011 745 5078 qui
777 5009 935 5064 valde
980 5011 1104 5066 irati
1141 5024 1271 5066 sttnt
1320 5015 1456 5069 iram
1493 5019 1704 5086 spirare
1761 5020 1935 5075 aiunt.
1990 5020 2102 5076 llac

527 5104 694 5175 igitur
721 5103 1086 5160 similitudine
1107 5115 1316 5161 motum
1343 5109 1438 5163 ira:
1460 5110 1784 5180 signiﬁcavit
1805 5112 2100 5183 PrOpheta,

529 5197 770 5250 humano
811 5212 961 5252 more
987 5199 1238 5268 loquens.
1278 5200 1456 5266 Adeo,
1487 5203 1685 5274 inquit,
1724 5216 1803 5271 tu,
1849 5204 2096 5269 Domine,

529 5291 704 5344 iratus
733 5305 877 5351 eras,
918 5298 972 5342 ttt
1009 5291 1241 5360 spiratio
1275 5292 1369 5363 (ut
1400 5294 1473 5348 ita
1505 5296 1723 5367 dicam)
1751 5297 1977 5366 Spiritus
2007 5297 2099 5350 ira:

529 5391 636 5436 ture
669 5385 721 5436 in
754 5399 882 5438 acre
912 5395 1078 5445 esset,
1119 5395 1172 5438 et
1207 5386 1466 5442 inimicos
1494 5390 1814 5460 dissiparet.

604 5474 765 5531 Vens.
802 5478 887 5531 17.
923 5479 1070 5531 Misit
1115 5481 1178 5531 de
1227 5496 1428 5537 tnmmo
1480 5493 1528 5536 et
1583 5485 1782 5550 accepit
1836 5500 1931 5538 me.
1969 5481 2100 5549 Quze

531 5579 837 5633 sequuntur
881 5570 946 5622 de
997 5586 1054 5624 se
1088 5568 1207 5638 ipso
1243 5567 1506 5640 Pwpheta
1553 5574 1814 5644 loquitur,
1875 5574 1939 5628 ad
1981 5589 2124 5628 scr--

610 5745 652 5774 ὀ
693 5743 852 5797 Joan.
889 5763 981 5806 χιι,
1020 5747 1109 5800 ‘28.

2203 4565 2494 4632 δαιμόνων.

2276 4658 2424 4714 Ἀπὸ
2455 4658 2844 4727 ἐμπνεύσεως
2873 4655 3214 4723 πνεύματος
3241 4653 3426 4722 ὀργῆς
3477 4671 3615 4709 σου.
3645 4655 3800 4726 Πυρὶ

2204 4747 2380 4799 ἔοικεν
2411 4749 2442 4816 ἡ
2483 4747 2621 4816 ὀργή
2650 4761 2662 4774 ·
2695 4746 2786 4797 καὶ
2815 4745 3204 4814 ἀναπτομένης
3225 4743 3530 4797 ἀναδίδοται
3567 4747 3805 4798 καπνώ-

2204 4839 2300 4906 δης
2345 4838 2536 4906 ἁτμδς,
2589 4838 2682 4889 καὶ
2738 4835 2826 4891 διὰ
2873 4835 2983 4889 τῶν
3051 4835 3348 4904 μυκτήρων
3377 4836 3673 4904 ἐμπνεῖται
3710 4835 3804 4906 τῷ

2209 4933 2357 5001 ἀέρι.
2389 4929 2479 4982 Διὸ
2515 4930 2612 4982 καὶ
2649 4929 2868 4996 πνεῦμα
2907 4928 3082 4997 ὀργῆς
3113 4928 3359 4996 λέγεται,
3394 4930 3490 4980 καὶ
3520 4929 3658 4990 ’τοὺς
3697 4930 3802 4999 ὀρ-

2207 5023 2532 5092 γιζομένους
2567 5021 2730 5088 ἄγαν,
2763 5020 2937 5088 θυμοῦ
2968 5020 3152 5073 πνέειν
3189 5020 3390 5090 φαμέν.
3446 5020 3545 5073 Διὰ
3591 5020 3800 5072 τούτου

2205 5115 2285 5179 δὲ,
2304 5115 2400 5184 τὴν
2430 5113 2644 5183 κίνησιν
2673 5112 2773 5181 ’τῆς
2792 5113 2962 5184 ὀργῆς
2987 5111 3206 5184 ᾐνίξατο
3231 5113 3546 5182 Προφήτης,
3572 5112 3805 5178 ἀνθρω-

2209 5206 2510 5278 ποπρεπῶς
2538 5205 2668 5275 περὶ
2699 5207 2868 5274 αὐτῆς
2896 5203 3158 5277 εἰρηκώς.
3180 5205 3265 5267 Ἐς
3287 5204 3563 5269 τοσοῦτον,
3595 5203 3806 5273 φησιν,

2207 5299 2504 5369 ὠργίσθης,
2538 5297 2612 5358 ὡς
2659 5299 2958 5367 ἕμπνευσιν
2997 5298 3304 5368 πνεύματος
3353 5297 3524 5367 ὀργῆς
3554 5295 3634 5366 τῷ
3662 5297 3807 5368 ἀέρι

2209 5390 2486 5458 γενέσθαι,
2517 5389 2975 5452 διασκεδαζουσαν
3005 5392 3130 5452 τοὺς
3154 5389 3403 5461 ἐχθρούς.

2292 5483 2716 5546 Ἐξα;εέστει.1ε
2748 5483 2816 5545 ἐξ
2846 5482 3066 5550 ὕψους,
3095 5481 3193 5532 καί
3237 5478 3419 5532 ἔλαϐέ
3452 5480 3688 5548 μεηΤὰ
3716 5481 3809 5533 ἐν·

2209 5574 2399 5630 τεῦθεν
2426 5573 2548 5643 περὶ
2587 5572 2781 5626 ἑαυτοῦ
2817 5589 2983 5643 φησιν
3007 5575 3032 5628 ὁ
3055 5573 3372 5643 Προφήτης,
3399 5573 3478 5636 εἰς
3515 5571 3608 5626 τὸν
3673 5572 3811 5640 εἱρ-
