4110 6210
372 296 478 362 283

1528 297 1929 358 COMMENT.
1962 296 2047 358 IN
2080 293 2447 356 PSALMOS.

3524 292 3632 356 23l

378 411 477 480 μὸν
507 410 913 482 ὲπαναδραμὼν
951 412 1045 466 τοῦ
1071 412 1253 481 λόγου.
1297 410 1682 477 Ἐξαπέστειλε
1718 413 1849 481 γὰρ,
1879 410 1958 466 εἶ-

2071 412 2249 467 monis
2298 412 2382 467 sui
2416 413 2638 478 seriem,
2708 428 2984 467 reversus.
3040 411 3185 466 Misit
3227 411 3395 476 enim,
3436 410 3633 481 inquit,

379 521 500 565 πεν,
537 507 566 558 ὁ
594 505 728 569 Θεὸς
765 506 822 571 ἐξ
854 506 1087 575 οὐρανοῦ
1116 506 1394 577 βοήθειαν,
1424 506 1521 559 καὶ
1556 506 1829 578 ὲερῤύσατό
1864 524 1954 576 με.

446 596 861 663 Προσελάϐετό
883 614 959 666 με
987 599 1055 661 ἐξ
1089 598 1327 651 ὑδάτων
1355 598 1623 651 πολλῶν.
1675 599 1757 651 τὰ
1788 598 1957 651 ὕδατα

374 684 531 755 παρά
558 687 625 755 τῇ
652 685 773 756 θείᾳ
805 687 996 756 Γραφῇ
1020 687 1153 740 ποτὲ
1189 689 1288 758 μὲν
1314 690 1393 750 εἰς
1414 688 1682 757 κάθαρσιν
1704 689 1797 742 καὶ
1821 690 1958 741 ἀνα-

374 776 552 847 ψυχὴν
583 776 980 847 λαμϐάνονται,
1022 780 1280 849 καθάπερ
1319 781 1448 835 ὅταν
1477 780 1646 834 ὕδατα
1674 783 1960 851 νοήσωμεν

374 866 473 934 τὴν
500 866 855 919 διδασκαλίαν
882 884 896 896 ⁸
932 869 1063 921 ποτὲ
1096 870 1153 923 δὲ
1196 870 1640 940 καταποντισμὶν
1690 871 1783 922 καὶ
1844 868 1962 921 ὄλε-

377 955 530 1027 Θρον,
594 958 670 1020 ὡς
720 958 815 1010 ἐπὶ
860 959 956 1012 τοῦ
1021 961 1313 1031 παρόντος.
1376 960 1613 1031 Τοιαύτη
1647 960 1755 1031 γὰρ
1794 961 1960 1031 ἡτῶν

377 1048 592 1102 ὑδάτων
628 1049 791 1117 φύσις
827 1065 839 1077 ·
877 1051 939 1102 τὸ
976 1052 1097 1121 μὲν,
1130 1038 1476 1123 καθαίρουσα
1509 1070 1523 1084 ’
1555 1053 1617 1105 τὸ
1668 1054 1748 1117 δὲ,
1825 1054 1956 1105 am.

374 1139 668 1209 πνιγουσα,
718 1141 813 1195 καὶ
871 1143 1074 1213 μᾶλλον
1122 1145 1251 1199 ὅταν
1307 1147 1391 1216 εἴη
1446 1146 1615 1199 πολλὰ
1640 1146 1735 1198 καὶ
1766 1145 1955 1214 βαθέα.

376 1231 501 1300 Χρὴ
535 1232 718 1284 τοίνυν
754 1232 922 1286 ὕδατα
968 1236 1142 1288 πολλὰ
1169 1236 1413 1307 νομίζειν
1468 1237 1531 1289 τὸ
1586 1235 1789 1306 πλῆθος
1849 1235 1959 1287 τῶν

380 1322 699 1393 συμφορῶν,
734 1323 765 1392 ἢ
807 1325 917 1379 τῶν
966 1327 1197 1397 ἐχθρῶν.
1251 1328 1667 1395 Προσελάϐετο
1701 1328 1782 1393 δὲ,
1835 1328 1960 1381 ἀντὶ

374 1413 495 1477 τοῦ,
526 1416 764 1486 ἐξήγαγέ
796 1435 865 1485 με
898 1418 1034 1490 πρὸς
1069 1420 1259 1473 ἑαυτόν
1285 1437 1299 1449 °
1344 1421 1371 1472 ὁ
1410 1424 1519 1491 γὰρ
1568 1421 1783 1489 ἐξάγων
1808 1420 1954 1483 τινὰ,

370 1507 509 1576 πρὸς
540 1509 732 1563 ἑαυτὸν
759 1511 941 1563 ἑλκύει
971 1512 1160 1565 τοῦτον
1187 1514 1754 1585 ἀντιλαμϐανόμενος.

461 1686 721 1741 Ρύσεταί
742 1707 818 1754 με
841 1692 910 1756 ἐξ
930 1694 1161 1762 ἐχθρῶν
1190 1714 1312 1763 μου
1344 1696 1641 1753 δυνατῶν.
1690 1697 1816 1769 Ἑχο
1828 1700 1955 1769 ρους

2062 502 2327 556 Dominus
2346 502 2412 555 de
2438 503 2577 556 coelo
2606 503 2873 556 auxilium
2907 514 2959 556 et
3001 503 3203 570 eripuit
3234 516 3339 555 me.

2132 594 2429 661 Assumpsit
2463 610 2542 646 mc
2566 594 2628 646 de
2662 596 2812 663 «quis
2837 594 3041 649 multis.
3088 595 3257 661 Aqua:
3300 607 3441 661 apnu
3488 592 3635 645 Scri-

2060 693 2277 754 pturam
2313 700 2416 755 pro
2460 685 2789 755 purgatione
2818 698 3167 755 quacumque
3203 693 3297 737 aut
3346 683 3667 751 τάπιδα-σέ

2059 776 2209 830 tione
2235 777 2609 845 accipiuntur,
2661 776 3125 845 quemadmodum
3154 788 3279 829 cum
3328 790 3502 844 aquas
3542 791 3639 844 pro

2060 866 2310 920 doctrina
2346 867 2649 936 accipimus
2682 866 2828 939 [quae
2883 876 2938 920 et
2983 864 3271 935 refrigerat
3305 875 3358 919 et
3392 863 3635 936 purgat],

2061 957 2397 1028 quandoque
2438 973 2540 1027 pro
2572 958 2925 1012 demersione
2970 972 3033 1010 ac
3071 958 3404 1027 perditione,
3435 968 3496 1011 ut
3530 958 3641 1012 hic.

2059 1048 2185 1102 Hrec
2221 1048 2391 1104 etiam
2431 1050 2581 1103 enim
2617 1062 2890 1119 aquarum
2933 1057 3152 1114 natura,
3181 1056 3241 1102 ut
3268 1056 3323 1101 et
3361 1047 3547 1102 abluat
3586 1059 3643 1101 et

2062 1137 2373 1209 refrigeret,
2407 1148 2463 1192 et
2493 1138 2751 1203 suﬂ‘ocet,
2788 1138 3069 1209 praecipue
3113 1138 3157 1193 si
3193 1138 3361 1192 multa
3394 1152 3538 1209 aqua
3572 1138 3647 1193 sit

2058 1238 2113 1284 et
2143 1229 2443 1299 profunda.
2477 1230 2583 1285 Per
2618 1232 2821 1285 multas
2846 1230 3035 1300 itaque
3067 1245 3242 1301 aquas
3268 1231 3642 1287 calamitatum

2060 1330 2154 1373 aut
2206 1322 2556 1377 inimicorum
2596 1321 3008 1377 multitudinem
3043 1322 3312 1394 intelligo.
3349 1324 3645 1391 Assumpsit

2059 1424 2241 1467 autem
2269 1431 2373 1479 me,
2406 1417 2507 1470 hoc
2536 1401 2645 1482 est,
2678 1416 2743 1467 ad
2782 1429 2843 1469 se
2874 1430 2959 1468 me
2991 1414 3202 1470 eduxit.
3234 1416 3372 1471 Nam
3404 1417 3499 1487 qui
3542 1416 3645 1469 ali-

2062 1523 2224 1575 quem
2294 1510 2558 1579 adjuvans
2596 1525 2626 1564 e
2666 1510 2914 1579 periculo
2969 1510 3177 1577 educit,
3222 1511 3289 1565 ad
3327 1526 3387 1566 se
3420 1510 3642 1565 trahere

2062 1599 2216 1653 illum
2250 1601 2408 1655 solet.

2136 1690 2298 1747 Vens.
2345 1694 2429 1749 18.
2461 1694 2665 1763 Eripis!
2702 1711 2782 1747 me
2809 1695 2873 1749 de
2906 1694 3135 1749 inimicis
3164 1696 3291 1749 meis
3314 1690 3640 1762 potentibus.

365 1776 631 1841 δυνατοὺς
668 1784 907 1837 ἐνταῦθα
946 1788 1075 1850 τοὺς
1114 1789 1381 1858 δαίμονας
1427 1791 1793 1859 ὑποληπτέον,
1857 1792 1954 1844 καὶ

2071 1781 2319 1839 Potentes
2342 1785 2547 1839 inimici
2576 1787 2664 1839 hic
2692 1782 2973 1840 daemones
3002 1781 3338 1855 intelligendi
3364 1796 3520 1848 sunt,
3545 1784 3641 1852 qui

368 1879 624 1950 φανερῶς
659 1880 755 1933 καὶ
784 1879 1012 1948 ἀφανῶς
1043 1880 1441 1950 πολεμοῦντας,
1471 1885 1566 1937 καὶ
1603 1886 1826 1954 νεκτωρ
1862 1887 1955 1936 καὶ

369 1972 490 2038 μεθ’
521 1974 765 2044 ἡμέραν,
794 1973 891 2024 διαὶ⁸
924 1972 1012 2024 διὰ.
1048 1972 1232 2042 πάσης
1265 1972 1602 2044 αἰσθήσεως,
1642 1976 1737 2028 καὶ
1796 1976 1959 2042 φύσιν

368 2062 594 2131 ἔχοντας
653 2066 944 2134 ἀκάματον
988 2067 1046 2117 ὲν
1088 2064 1295 2133 μάχαις
1332 2082 1347 2096 ⁸
1400 2069 1691 2135 πνεύματα
1733 2069 1860 2137 γάρ.
1903 2071 1963 2121 ’0

370 2151 506 2216 γοῦν
565 2155 629 2205 ὲκ
648 2153 756 2205 τῶν
829 2154 1107 2223 αἰσθητῶν
1170 2172 1238 2224 με
1282 2157 1585 2225 ῥυσάμενος
1622 2157 1776 2220 Θεὸς,
1806 2159 1966 2222 αὐτὸς

381 2242 609 2308 ῥύσεταί
637 2262 703 2313 με
727 2246 821 2297 καὶ
854 2247 919 2297 ὲκ
954 2245 1062 2298 τῶν
1089 2246 1297 2316 νοητῶν
1324 2248 1559 2317 ἐχθρῶν,
1598 2250 1706 2301 τῶν
1727 2251 1966 2304 δυνατῶν

383 2335 463 2387 εἰς
499 2336 768 2405 πονηρίαν
800 2339 894 2389 καὶ
926 2337 1169 2408 ὄλεθρον.

441 2618 555 2672 Kal
586 2620 654 2672 ἐκ
686 2619 805 2674 τῶν
830 2624 1179 2691 μισούντων
1217 2642 1316 2693 με,
1370 2624 1461 2679 ὅτι
1503 2626 1962 2696 ἐστερεώθησαν

372 2711 529 2778 ὑπὲρ
553 2712 677 2783 ἐμέ.
709 2714 771 2767 Οἱ
806 2716 917 2786 γὰρ
942 2717 1097 2769 αὐτοι⁵
1127 2716 1506 2791 μισάνθρωποι
1527 2720 1704 2786 ὄντες,
1742 2722 1962 2793 μισοῦσι

373 2802 542 2872 κάμὲ,
568 2804 663 2855 καὶ
688 2804 929 2873 μάλιστα
956 2805 1327 2876 βοηθούμενον
1351 2809 1453 2861 ὑπὸ
1481 2811 1643 2866 Θεοῦ.
1674 2814 1773 2867 Διὰ
1805 2815 1965 2868 τοῦτο

377 2894 437 2947 ἑὲ
465 2895 696 2964 ῥύσεταί
734 2914 801 2967 με
828 2898 886 2964 ἐξ
908 2900 1089 2953 αὐτῶν
1117 2903 1144 2953 ὁ
1179 2901 1405 2973 Κύριος,
1453 2904 1589 2958 διότι
1626 2912 1963 2964 συνεσκευά-

375 2984 610 3054 σθησαν,
638 2986 735 3039 καὶ
764 2989 1235 3059 συνησπίσθησαν,
1278 2992 1309 3062 ἢ
1339 2991 1540 3060 μᾶλλον
1608 2996 1805 3061 εἰπεῖν,
1840 3014 1967 3049 συν-

2062 1877 2241 1943 palam
2273 1886 2327 1931 et
2359 1877 2526 1942 clam,
2560 1876 2655 1929 diu
2708 1887 3009 1947 noctuque,
3046 1893 3112 1931 ac
3146 1892 3243 1945 per
3274 1891 3467 1930 omnes
3507 1889 3642 1929 sen-

2063 1983 2161 2023 sus
2202 1981 2303 2019 nos
2358 1976 2731 2035 oppugnant:
2767 1967 2934 2020 veluti
2988 1967 3080 2034 qui
3137 1973 3418 2034 potentem
3480 1973 3644 2034 atque

2066 2057 2402 2113 indefessam
2435 2058 2491 2111 in
2522 2058 2823 2126 pugnando
2856 2066 3111 2110 naturam
3137 2057 3367 2110 habent.
3405 2056 3649 2125 Spiritus

2068 2151 2218 2203 enim
2255 2157 2407 2203 sunt.
2462 2148 2559 2201 Ille
2594 2147 2783 2217 igitur,
2814 2147 3017 2217 inquit,
3058 2146 3346 2211 Dominus,
3378 2148 3472 2216 qui
3506 2162 3593 2201 me
3620 2162 3650 2199 a

2067 2242 2425 2297 sensibilibns
2456 2257 2519 2295 ac
2547 2238 2846 2294 mundanis
2894 2240 3149 2295 hostibus
3205 2238 3337 2292 olim
3376 2237 3650 2305 liberavit,

2069 2334 2327 2389 liberabit
2357 2333 2521 2387 etiam
2547 2331 2618 2384 ab
2653 2332 3128 2385 intellectualibus
3160 2338 3327 2399 atque
3357 2328 3656 2383 invisibtli-

2063 2427 2168 2480 bus
2205 2424 2443 2478 inimicis
2473 2462 2488 2484 ,
2515 2423 2609 2491 qui
2662 2421 2730 2475 ad
2786 2421 3125 2490 perdendum
3186 2428 3353 2489 atque
3397 2420 3463 2473 ad
3498 2417 3649 2473 mali-

2063 2516 2341 2587 gnandum
2376 2525 2629 2585 potentes
2658 2524 2805 2569 sunt.

2135 2632 2204 2685 Et
2227 2632 2290 2683 tle
2324 2630 2405 2683 his
2458 2630 2549 2699 qui
2610 2628 2835 2681 oderunt
2895 2643 2997 2691 me,
3050 2626 3299 2695 quoniam
3343 2625 3651 2693 conﬁrmati

2064 2734 2189 2776 sunt
2233 2738 2393 2792 super
2420 2712 2535 2774 me.
2573 2720 2680 2789 Ipsi
2726 2720 2875 2773 enim
2919 2720 3198 2773 dazmoncs
3230 2718 3323 2787 qui
3359 2720 3652 2774 universos

2066 2814 2300 2867 oderunt
2329 2811 2604 2872 homines,
2630 2809 2871 2863 oderunt
2893 2817 2947 2859 et
2981 2821 3091 2870 me,
3121 2821 3188 2859 eo
3225 2806 3465 2861 maxime
3502 2807 3652 2876 quod

2068 2919 2097 2958 a
2123 2902 2237 2958 Deo
2263 2902 2491 2972 adjutus
2516 2914 2662 2955 sum.
2706 2896 2976 2953 Dominus
3004 2907 3187 2950 autem
3218 2911 3281 2950 ea
3312 2912 3398 2951 me
3434 2898 3655 2952 ratione

2070 2995 2137 3048 ab
2171 2994 2251 3047 eis
2279 2991 2554 3054 liberabit,
2589 2989 2850 3058 quoniam
2882 3004 2987 3041 una
3026 2985 3267 3041 insidiati
3301 2994 3431 3041 sunt
3456 2987 3654 3041 adver-

380 3076 624 3146 ἠσπισαν
654 3080 747 3132 καὶ
782 3080 1236 3150 ἑκραταιώθῃσαν
1267 3084 1411 3155 ὑπὲρ
1461 3084 1583 3155 ἐμὲ,
1627 3086 1702 3158 μὴ
1727 3087 1965 3156 φυλαξάο

2071 3100 2325 3148 summe,
2355 3090 2408 3137 et
2439 3081 2601 3135 simul
2636 3079 2811 3150 juncti
2844 3095 2858 3143 ;
2902 3081 3012 3134 imo
3047 3092 3180 3133 vero
3206 3076 3288 3149 (ut
3340 3078 3539 3134 melius
3571 3079 3656 3135 dic

374 3185 542 3239 μενον
570 3172 683 3233 τοῖς
716 3170 904 3235 ὅπλοις
952 3173 1047 3242 τῆς
1084 3173 1311 3243 ἀρετῆς,
1372 3176 1447 3239 ὡς
1506 3172 1574 3248 ἦν
1618 3179 1787 3244 εἰκὸς,
1847 3179 1962 3232 ἀλλ’

375 3259 923 3330 ὑπομαλακισθὲντα.
951 3262 1025 3315 "ll
1050 3266 1144 3316 καὶ
1170 3263 1252 3316 ὅτι
1311 3266 1359 3317 oi
1398 3266 1497 3335 μὲν
1528 3268 1689 3336 φύσιν
1746 3270 1961 3339 ἔχουσιν

371 3348 559 3410 ἇῢέον,
594 3351 687 3402 καὶ
720 3348 964 3419 ὁρῶντες
1001 3350 1319 3419 βάλλουσιν*
1369 3353 1481 3422 ἐγὼ
1506 3355 1563 3408 δὲ
1597 3356 1815 3429 ὑλικὴν,
1860 3361 1960 3430 οὐχ

371 3439 485 3508 ὁρῶ
514 3441 642 3504 τοὺς
671 3441 1107 3512 τιτρώσκοντας.

2069 3176 2239 3247 eam),
2264 3177 2392 3245 quia
2427 3175 2685 3229 fortiores
2718 3174 2843 3227 facti
2869 3180 3020 3240 sunt,
3049 3183 3102 3230 et
3124 3173 3533 3243 praevalnerunt
3560 3189 3657 3229 su-

2073 3281 2168 3337 per
2198 3281 2305 3319 me.
2341 3259 2478 3317 Cum
2502 3278 2606 3333 ego
2639 3265 2909 3318 virtutum
2946 3265 3140 3327 armis,
3175 3272 3233 3317 ut
3285 3263 3654 3333 oportuisset,

2075 3361 2321 3415 munitus
2374 3376 2481 3413 non
2537 3369 2745 3425 essent;
2792 3359 2886 3413 sed
2927 3358 3108 3413 mollis
3152 3358 3342 3428 potius
3381 3372 3559 3412 essent
3593 3369 3658 3408 ac

2069 3455 2293 3518 debilis,
2328 3456 2406 3508 vel
2438 3455 2566 3522 quia
2610 3451 2895 3508 daemones
2946 3461 3202 3506 naturam
3251 3450 3455 3505 habent
3501 3451 3654 3504 omni

374 3542 656 3588 carentem
683 3533 934 3599 materia,
963 3544 1018 3588 et
1050 3536 1200 3589 illum
1266 3536 1524 3594 facillime
1564 3539 1772 3607 vident,
1822 3558 1982 3612 quem
2019 3544 2184 3600 ferire
2218 3546 2404 3599 volunt
2437 3562 2450 3599 :
2483 3560 2584 3615 ego
2647 3560 2777 3599 vero
2835 3544 2924 3614 qui
2980 3551 3233 3597 n'sturam
3307 3540 3546 3596 materia:
3594 3554 3661 3595 ac

386 3627 609 3695 corpori
661 3626 958 3683 admistam
1020 3628 1219 3695 habeo,
1260 3629 1519 3687 ferientes
1553 3649 1640 3687 me
1672 3634 1795 3690 illos
1844 3651 1951 3690 non
1992 3638 2172 3691 video.

462 3719 868 3787 Προέφθασάν
886 3737 962 3790 με
990 3722 1058 3773 ἐν
1086 3722 1277 3790 ἡμέρᾳ
1333 3724 1655 3791 κακώσεώς
1688 3744 1831 3795 μου.
1902 3729 1977 3780 Τὸ

375 3808 753 3874 προφθάνειν
806 3808 871 3861 οὐ
935 3811 1173 3863 πάντοτε
1208 3811 1469 3880 σημαίνει
1517 3815 1578 3865 τὸ
1635 3816 1979 3882 προλαμϐά-

376 3914 513 3952 νειν
543 3916 556 3929 ·
593 3898 707 3951 ἀλλ’
738 3898 890 3953 ἐστιν
914 3901 1004 3954 ὅτε
1039 3900 1135 3953 καὶ
1167 3902 1228 3951 τὸ
1254 3901 1508 3968 φθάνειν
1536 3903 1744 3969 ἁπλῶς,
1794 3904 1890 3955 καὶ
1916 3905 1976 3955 τὸ

377 3991 773 4054 ἐπιτίθεσθαι,
800 3992 1057 4063 καθάπερ
1082 3991 1180 4045 καὶ
1208 3992 1307 4045 νῦν
1330 4002 1348 4020 '
1374 3993 1668 4047 Ἐπέθεντο
1714 3998 1846 4064 γὰρ,
1876 4013 1980 4066 φη-

380 4084 495 4147 σιν,
530 4084 581 4135 oi
619 4082 802 4153 ἐχθροί
838 4101 966 4152 μου,
1002 4085 1115 4135 εἴτε
1156 4083 1208 4136 oi
1241 4082 1453 4152 ὀρατοὶ,
1488 4082 1599 4136 εἴτε
1634 4085 1685 4137 oi
1730 4086 1976 4155 ἀόρατοι,

377 4174 442 4226 ἰν
469 4172 650 4243 καιρῷ
682 4172 980 4237 κακώσεώς
1022 4191 1148 4242 μου,
1187 4172 1490 4241 τουτέστιν,
1525 4174 1818 4240 ἀσθενείας
1866 4178 1979 4231 τῶν

378 4267 704 4336 πολεμικῶν
737 4268 1128 4337 παρασκευῶν,
1165 4269 1278 4322 εἴτε
1318 4268 1428 4322 τῶν
1468 4270 1704 4340 ὁρατῶν,
1741 4271 1851 4324 εἴτε
1876 4272 1986 4325 τῶν

2150 3728 2318 3782 Vens.
2355 3728 2441 3780 l9.
2476 3723 2852 3779 Prwvenerunt
2888 3740 2968 3775 me
2991 3724 3047 3775 in
3076 3724 3161 3775 die
3188 3721 3485 3790 afﬂictionis
3510 3735 3661 3777 mete.

2077 3816 2314 3869 Verbum
2347 3815 2656 3879 prwvenire,
2688 3824 2799 3865 non
2829 3826 3045 3880 semper
3077 3806 3353 3881 significat
3380 3826 3661 3878 prwaccu-

2080 3916 2237 3973 pa‘re,
2289 3903 2385 3957 sed
2446 3902 2745 3970 aliquando
2793 3917 3052 3969 occupare
3096 3900 3442 3970 simpliciter,
3501 3912 3665 3973 atque

2082 3994 2313 4058 adoriri,
2344 4003 2401 4047 ut
2426 3994 2478 4046 iu
2501 3992 2812 4063 prasentia.
2847 3994 2904 4045 In
2929 4000 3175 4060 tempore
3195 3998 3379 4045 autem
3412 3992 3665 4048 afﬂictio-

2082 4084 2172 4139 nis
2207 4099 2363 4149 meae,
2431 4082 2535 4137 hoc
2589 4090 2697 4146 est,
2763 4078 2818 4136 in
2876 4092 3125 4150 tempore
3188 4081 3552 4151 infirmitatis,
3615 4095 3663 4140 et

2082 4179 2304 4249 quando
2337 4178 2531 4233 bellica
2563 4192 2713 4231 arma
2754 4177 2996 4233 nondum
3039 4190 3495 4246 prazparaveram,
3534 4181 3659 4250 qui-

2081 4273 2184 4327 bus
2216 4271 2483 4326 adversus
2512 4270 2754 4325 visibiles
2783 4280 2877 4324 aut
2915 4270 3221 4324 invisibiles
3252 4268 3513 4325 inimicus
3562 4289 3665 4341 pn-

388 4358 648 4427 ἀοράτων
681 4372 695 4386 ⁸
731 4357 1070 4413 ἀσθενοῦντα
1101 4359 1210 4431 γάρ
1236 4377 1304 4429 με
1343 4360 1653 4429 βλέποντες,
1686 4364 1803 4416 τότε
1853 4364 1966 4434 pax

2085 4381 2331 4434 gnarem.
2368 4362 2525 4419 Tunc
2548 4361 2696 4418 enim
2730 4361 2804 4418 illi
2831 4364 3109 4433 praecipue
3132 4360 3313 4417 adorti
3351 4371 3505 4429 sunt,
3540 4379 3666 4418 cum

381 4447 482 4501 λον
541 4451 876 4505 ἐπετίθεντο.

2092 4476 2179 4515 me
2215 4460 2493 4514 infirmum
2532 4460 2805 4515 viderunt.

461 4544 569 4596 Καὶ
611 4543 851 4613 ἐγένετο
892 4546 1106 4615 Κύριος
1154 4548 1593 4619 ἁντιστήριγμά
1635 4564 1776 4620 μου.
1831 4552 1966 4605 Meit-

2159 4544 2228 4605 Et
2253 4553 2428 4621 fartus
2469 4564 2544 4606 est
2580 4547 2838 4607 Dominus
2871 4553 3267 4622 ﬁrmamentum
3299 4568 3494 4608 meum.
3524 4554 3664 4609 Cum

385 4636 578 4700 λοντος
608 4640 966 4699 καταπεσεῖν,
997 4639 1338 4709 ἀντέρεισμα
1366 4641 1585 4707 ἐγένετο
1618 4646 1683 4712 τῇ
1726 4643 1979 4713 ἀσθενείᾳ

387 4744 520 4799 μου.
547 4731 899 4801 Στηριγμὸς,
929 4733 1051 4785 ἀντὶ
1082 4732 1281 4803 ῥάϐδου
1311 4733 1733 4805 ὑπερειδούσης.

479 5000 763 5071 Ἐξήγαγέ
809 5016 885 5071 με
938 5005 1018 5069 εις
1086 5006 1469 5073 πλατυσμόν.
1543 5003 1674 5055 Ἀπὸ
1722 5005 1821 5073 τῆς
1864 5005 1977 5057 τῶν

388 5092 633 5161 θλίψεων
668 5094 993 5166 στενότητος
1037 5097 1117 5157 εἰς
1168 5096 1514 5166 εὐφροσύνην
1590 5096 1701 5166 (64)
1748 5098 1974 5162 πλάτος,

387 5190 513 5258 ἦτοι
535 5188 804 5256 διάλυσιν,
830 5192 969 5243 κατᾶ
1004 5191 1064 5243 τό
1095 5205 1111 5221 ⁸
1143 5192 1242 5243 Ἑν
1268 5192 1471 5259 θλίψει
1504 5189 1852 5261 ἐπλάτυνᾴς
1868 5209 1943 5261 με
1965 5206 1977 5220 ·

386 5282 423 5347 ἧ
467 5280 561 5331 καὶ
599 5279 684 5333 ὅτι
714 5280 1180 5350 περικυκλοῦντες
1228 5282 1277 5334 οἱ
1323 5279 1529 5351 ἐχθροὶ,
1587 5281 1835 5334 στενοῦσι
1890 5282 1982 5334 τὸν

489 5457 530 5491 ³⁸
560 5459 711 5516 Psal.
735 5477 811 5527 tv,
834 5462 892 5513 2.

2083 4643 2329 4700 futurum
2355 4655 2503 4701 esset
2531 4654 2588 4699 ut
2618 4647 2897 4709 caderem,
2930 4647 3217 4702 sustinens
3253 4662 3317 4701 ac
3345 4647 3667 4704 suffulciens

2087 4752 2174 4791 me
2228 4735 2537 4802 Dominus,
2605 4736 2783 4793 factus
2859 4745 2945 4793 est
3011 4738 3315 4793 infirmitati
3370 4755 3504 4795 mea:
3574 4743 3667 4796 ﬁr-

2091 4839 2449 4896 mamentum,
2515 4840 2571 4883 et
2617 4831 2775 4900 quasi
2829 4829 3064 4886 baculus
3122 4833 3349 4903 quidam
3396 4834 3484 4889 cui
3526 4834 3668 4890 inni-

2084 4926 2254 4974 terer.

2162 5009 2328 5066 Vens.
2360 5013 2451 5067 2t).
2491 5010 2560 5066 Et
2584 5015 2764 5066 eduxit
2797 5030 2878 5067 me
2928 5014 2980 5067 in
3012 5015 3372 5073 latitudinem.
3409 5017 3670 5072 Aﬂlictio-

2089 5120 2220 5159 num
2251 5105 2502 5174 angustia
2538 5122 2816 5172 pressum,
2848 5110 2905 5162 in
2938 5108 3135 5164 laetitiae.
3162 5110 3527 5171 latitudinem,
3566 5107 3671 5160 hoc

2091 5205 2177 5250 est
2215 5197 2267 5251 in
2294 5198 2527 5251 effusam
2556 5200 2987 5257 exsultationem
3018 5204 3227 5259 emisit.
3272 5202 3437 5256 Juxta
3491 5198 3663 5267 quod,

2094 5288 2224 5341 alibi
2260 5288 2495 5359 legimus
2528 5305 2540 5343 :
2577 5287 2637 5344 In
2672 5291 3017 5348 tribulatione
3062 5294 3310 5348 dilatastt
3340 5305 3420 5342 me
3463 5288 3532 5341 “.
3576 5286 3670 5343 Vel

1763 5596 1963 5664 Varia:
1994 5602 2320 5672 lectiones.

474 5723 583 5796 (64)
618 5724 706 5781 ῑσ.
737 5722 1099 5797 εὐφροσύνης.

740 5821 1007 5884 ΡΑιοιιοι..
1054 5824 1171 5886 ϐε.
1216 5815 1553 5885 CXXVIII.
