4110 6210
484 263 593 326 235
1698 255 2079 316 EUTHYMII
2121 256 2475 317 ZlGABENI
3616 265 3725 332 236

474 373 601 452 quia
655 378 722 433 ab
775 375 1013 431 inimicis
1057 374 1209 444 prius
1267 372 1552 434 obsessus,
1607 376 1698 443 qui
1741 391 2022 430 eumomn

2152 375 2649 445 ἐναπειλημμένον.
2685 378 2810 431 Ὅτε
2839 378 2894 431 δὲ
2942 379 3146 450 ἐξαχθῇ
3178 380 3404 446 τούτων,
3459 382 3732 438 ἀπολαύει

476 469 744 540 praecluso
785 467 934 520 aditu
969 468 1021 518 in
1058 466 1348 534 angustias
1375 465 1749 534 conjecerant,
1791 476 1845 520 et
1893 476 2025 520 atro-

2152 468 2517 538 εὐρυχωρίας,
2545 469 2744 538 μηκέτι
2782 473 3158 541 στενούμενος.

473 565 629 617 cibus
664 563 825 614 minis
871 558 1160 628 urgebant,
1198 558 1252 610 in
1282 565 1493 612 arctutn
1533 557 1940 626 quodammodo
1969 558 2149 611 locum
2183 563 2303 628 cogi
2381 559 2668 620 videbatur
2703 579 2715 614 :
2787 578 2929 615 nunc
2991 579 3020 616 e
3093 563 3262 619 tantis
3304 564 3542 620 eductus
3592 565 3726 619 ditii-

474 655 793 718 cultatibus,
822 655 959 708 latos
990 668 1051 704 ac
1079 653 1352 722 spatiosos
1370 668 1595 721 campos
1615 653 1716 706 sibi
1744 668 2039 706 excurrere
2077 654 2313 707 videtur.

547 747 744 814 Eripiet
781 761 861 797 me
894 745 1142 814 quoniam
1194 743 1356 798 voluit
1409 760 1506 798 me.
1556 745 1697 798 Deus
1747 745 1838 812 qui
1891 753 2025 796 tant:

2235 744 2504 798 Ῥύσεταί
2535 764 2631 814 με,
2663 747 2752 800 ὅτι
2786 749 3051 815 ἠθέλησέ
3077 765 3172 817 με.
3211 749 3270 802 Ὁ
3290 750 3544 821 τοιαύτης
3573 753 3734 816 ἁξιὼο

464 831 557 895 me
589 854 720 893 cura
761 853 826 890 ac
881 837 1065 890 studio
1121 849 1223 888 suo
1253 837 1483 904 dignum
1519 834 1668 900 fecit,
1705 836 1757 889 in
1800 834 2022 888 futurun

2149 854 2245 900 σας
2277 838 2622 908 κηδεμονίας,
2652 840 2745 893 καὶ
2776 841 2856 902 είς
2914 841 2974 893 τὸ
3017 841 3209 909 μέλλον
3255 859 3321 910 με
3359 845 3576 895 πάντων
3633 846 3729 914 p6-

469 936 634 988 etiam
670 931 737 984 ab
773 929 1036 983 omnibus
1066 928 1410 982 irruentibus
1444 929 1497 980 in
1534 943 1618 982 mc
1651 929 1808 984 tna'lis
1843 928 2025 983 libera

2150 945 2319 983 σεται.
2368 929 2624 1000 Ἠοέλησε
2658 932 2764 1000 γάρ
2817 949 2904 1001 με,
2943 935 3240 998 τουτέστιν,
3294 935 3576 1000 tamam
3633 955 3722 1004 με.

473 1029 571 1081 bit.
612 1023 785 1078 Voluit
809 1023 952 1076 enim
991 1038 1092 1086 me,
1126 1021 1229 1076 hoc
1269 1030 1354 1076 est
1382 1022 1546 1090 elegit
1571 1037 1678 1076 me.
2869 1012 2880 1023 ’

537 1117 702 1170 Vens.
738 1116 828 1169 ΕΗ.
873 1113 935 1167 Et
969 1114 1220 1168 retribuet
1262 1114 1393 1166 nti/ti
1425 1112 1684 1168 Dominus
1747 1114 2040 1169 secundum

456 1211 729 1278 justitiam
763 1224 953 1259 meam.
988 1207 1344 1261 lnsidiatores
1398 1222 1551 1262 mcos
1588 1207 1736 1261 nulla
1795 1225 2038 1278 unquam

466 1301 665 1369 injuria
702 1299 878 1362 alTeci,
916 1309 1080 1370 atque
1113 1300 1236 1353 ideo
1268 1301 1350 1353 eis
1375 1302 1938 1371 comparatnsjustus
1964 1305 2040 1356 vi-

464 1394 638 1447 debor
673 1410 684 1445 :
727 1393 877 1446 unde
920 1401 972 1446 et
1016 1391 1430 1446 retributionem
1478 1393 1638 1447 etiam
1678 1394 1972 1464 suscipiam
2009 1409 2038 1449 a

463 1481 716 1536 Domino.
789 1479 939 1533 llanc
997 1480 1143 1533 enim
1216 1480 1288 1533 ob
1340 1494 1609 1543 causam,
1679 1497 1841 1537 suum
1901 1484 2035 1537 mihi

2218 1113 2328 1165 Kal
2369 1112 2784 1166 ἀνταποδώσω
2811 1131 2914 1181 μοι
2941 1114 3158 1180 Κύριος
3188 1113 3339 1168 κατὰ
3368 1113 3717 1182 rip-limato-

2145 1196 2346 1270 σύνην
2369 1221 2508 1272 μου.
2537 1203 2630 1274 Μὴ
2663 1205 2933 1274 ἀδικήσας
2986 1205 3094 1275 γὰρ
3147 1205 3272 1266 τοὺς
3335 1205 3734 1273 ἐχθραίνοντάςι

2148 1312 2261 1366 μοι,
2291 1299 2384 1350 καὶ
2409 1297 2616 1360 δίκαιος
2660 1297 2795 1359 τέως
2823 1314 2886 1365 γε
2913 1297 3050 1368 πρὸς
3075 1297 3274 1360 αὐτοὺς
3307 1298 3519 1366 φανεὶς,
3577 1298 3722 1350 κατά

2141 1388 2304 1442 τοῦτο
2331 1388 2591 1458 τεύξομαι
2618 1392 2771 1459 παρὰ
2797 1389 2932 1442 Θεοῦ
2962 1391 3062 1456 τῆς
3105 1391 3341 1460 ἀμοιϐῆς
3378 1406 3391 1419 ⁸
3424 1390 3546 1442 ἀντὶ
3596 1388 3721 1440 τού-

2141 1496 2234 1532 του
2286 1479 2556 1533 ἀποδώσει
2595 1497 2712 1550 μοι,
2771 1480 3023 1552 καθάπερ
3078 1483 3316 1552 ὀφειλὴν,
3374 1481 3472 1551 τὴν
3525 1479 3718 1536 ἑαυτοῦ

461 1574 726 1627 auxilium
765 1573 819 1626 in
871 1583 1150 1642 posterum
1206 1583 1466 1640 tanquam
1521 1574 1763 1630 debitum
1805 1587 2025 1646 pr:csta-

2144 1570 2419 1642 βοήθειαν.

461 1667 562 1720 bit.

532 1755 597 1809 Et
630 1753 912 1808 secundum
935 1754 1218 1822 puritatem
1243 1771 1495 1809 manuum
1520 1772 1757 1810 mearum
1780 1759 2034 1813 retribuet

462 1849 608 1902 mihi.
637 1846 773 1899 Dum
808 1861 1070 1899 manuum
1107 1847 1399 1915 puritatem
1439 1846 1593 1913 dicit,
1626 1849 1805 1918 qualis
1832 1865 1928 1904 sua
1966 1852 2036 1904 sit

452 1921 671 2009 justitia
701 1939 949 2008 exponit.
983 1937 1101 1992 Non
1131 1939 1303 2005 enim,
1336 1939 1538 2008 inquit,
1579 1941 1759 2010 rapui,
1793 1956 1903 1997 non
1929 1942 2033 1995 ali-

459 2051 619 2106 quem
654 2033 1020 2097 circumvcni,
1059 2050 1165 2086 non
1217 2033 1508 2088 insidiatus
1538 2051 1654 2088 sum
1690 2037 1755 2089 iis
1781 2038 1873 2107 qui
1905 2039 2032 2091 insi-

455 2129 750 2182 diabantur
781 2126 914 2180 milii
947 2143 961 2179 :
1001 2126 1142 2180 unde
1168 2126 1213 2179 si
1246 2125 1596 2180 inimicorum
1627 2129 1881 2183 manibus
1915 2145 2030 2182 tua-

453 2235 560 2274 nus
626 2233 759 2272 mea)
808 2227 1222 2286 comparentur,
1272 2219 1594 2286 purissimas
1667 2235 1768 2288 ego
1814 2236 1908 2274 eas
1963 2223 2033 2274 ob

452 2313 602 2366 omni
633 2310 1018 2380 inquiuatione
1043 2324 1332 2362 conservo.
1365 2307 1462 2364 Vel
1491 2326 1584 2378 per
1614 2325 1828 2371 manus,
1856 2313 2030 2365 actio-

453 2417 549 2456 ncs
613 2411 779 2469 atque
842 2401 1197 2468 Operatioues
1233 2411 1364 2450 suas
1400 2396 1749 2466 significavit,
1783 2411 1849 2450 eo
1884 2400 2029 2465 qunti

453 2509 548 2561 per
587 2507 680 2546 eas
707 2503 875 2556 opera
911 2487 1024 2540 ﬁeri
1054 2488 1286 2541 soleant.

525 2582 692 2636 Vsus.
732 2579 821 2632 29..
861 2577 999 2642 Quia
1025 2578 1292 2630 custodivi
1321 2577 1430 2636 vias
1490 2577 1722 2642 Domini,
1749 2595 1840 2632 nec
1874 2579 2029 2644 impie

453 2677 588 2748 gessi
627 2692 657 2727 ο
691 2673 796 2728 Deo
821 2687 957 2724 meo.
992 2670 1107 2725 lloc
1139 2673 1319 2741 ponit,
1383 2681 1438 2725 ut
1491 2686 1718 2725 causam
1771 2671 2029 2740 puritatis

449 2781 713 2823 manuum
745 2778 992 2818 suarum.
1032 2761 1250 2816 Mundtn
1287 2765 1434 2817 enim
1463 2771 1644 2824 erant,
1672 2762 1868 2832 inquit,
1899 2763 2026 2832 quia

450 2857 727 2913 custodiri
785 2856 903 2910 vias
964 2852 1208 2920 Domini,
1251 2855 1356 2908 lioc
1409 2864 1514 2918 εει,
1553 2854 1674 2921 ejus
1731 2855 2022 2915 mandata;

2209 1751 2319 1806 Καὶ
2375 1752 2524 1806 κατὰ
2575 1751 2690 1821 τὴν
2738 1754 3113 1823 καθαρότητα
3151 1755 3272 1808 τῶν
3329 1757 3546 1826 χειρῶν
3595 1776 3715 1827 μου

2137 1841 2553 1895 ἀνταποδώσει
2571 1861 2694 1911 μοι.
2727 1844 2792 1896 'll
2821 1844 3132 1915 καθαρότης
3161 1845 3272 1900 τῶν
3301 1848 3520 1919 χειρῶν,
3545 1851 3715 1918 ἐφερ-

2140 1938 2503 2008 μηνευκτικύν
2555 1941 2671 1992 ἐστι
2713 1940 2809 2010 τῆς
2857 1941 3243 2012 δικαιοσύνης·
3289 1941 3415 1996 οὔτε
3473 1943 3580 2014 γὰρ
3612 1944 3714 2012 ἧρ-

2138 2029 2458 2096 πασα,οὒτε
2513 2031 2949 2103 ἐπλεονέκτησα,
3010 2033 3137 2087 οὔτε
3181 2035 3555 2089 ἐπεϐούλευσα
3600 2038 3712 2098 τοῖς

2137 2123 2604 2190 ἐπιϐουλεύουσιν,
2641 2125 2778 2178 ἀλλὰ
2804 2125 3056 2196 καθαρὰς
3084 2126 3195 2197 ἔχω
3237 2127 3334 2191 τὰς
3363 2130 3552 2197 χεῖρας
3603 2129 3711 2182 ἀπὸ

2137 2217 2335 2280 παντὸς
2383 2217 2682 2286 μολυσμοῦ,
2719 2220 3151 2288 συγκρινομένας
3179 2219 3314 2290 πρὸς
3353 2220 3453 2283 τὰς
3507 2220 3708 2274 αὐτῶν.

2139 2309 2206 2358 Ἤ
2235 2311 2328 2360 καὶ
2357 2309 2442 2359 διὰ
2475 2309 2583 2360 τῶν
2615 2310 2836 2380 χειρῶν,
2867 2312 2966 2372 τὰς
3000 2311 3228 2380 πράξεις
3264 2311 3449 2376 ἁπλῶς
3507 2313 3707 2383 ἐδήλω-

2135 2419 2226 2454 σεν
2257 2419 2269 2432 ⁸
2305 2403 2427 2454 ἐπεὶ
2459 2401 2552 2454 καὶ
2580 2401 2668 2453 διὰ
2694 2401 2894 2471 χειρῶν
2927 2406 3263 2473 πράττομεν.

2205 2582 2322 2635 ’Ότι
2353 2581 2630 2649 ἐφύλαξα
2663 2582 2769 2646 τὰς
2791 2581 2970 2648 ὁδοὺς
3012 2583 3258 2650 Κυρίου,
3288 2598 3388 2635 και
3428 2585 3538 2635 οὐκ
3567 2581 3706 2647 ἠσέ-

2132 2676 2288 2741 6mm
2323 2674 2440 2729 ἀπὸ
2464 2674 2566 2727 τοῦ
2597 2674 2748 2728 Θεοῦ
2770 2693 2913 2743 μου.
2949 2675 3136 2729 Ταῦτα
3169 2676 3320 2728 αἴτια
3373 2675 3554 2742 τίθησι
3605 2673 3705 2736 τῆς

2132 2765 2502 2834 καθαρότητος
2566 2763 2677 2817 τῶν
2743 2765 2967 2834 χειρῶν.
3036 2764 3399 2833 Ἐκαοὰρευον
3431 2763 3580 2830 ’γάρ,
3624 2763 3704 2813 ὅτι

2129 2857 2369 2925 ἐφύλαξα
2400 2856 2497 2918 τὰς
2525 2856 2699 2919 ὁδοὺς,
2750 2856 2868 2926 ἤτοι
2900 2855 2997 2918 τὰς
3049 2855 3273 2917 ἐντολὰς
3328 2853 3557 2921 Κυρίου,
3609 2854 3702 2906 καὶ

449 2967 627 3024 neque
663 2950 809 3005 enim
849 2948 1148 3017 impiorum
1187 2962 1341 3001 more
1396 2946 1467 3002 ab
1521 2947 1603 3000 eis
1645 2962 1882 3016 unquam
1943 2962 2025 3001 re—

2134 2948 2224 3016 οὺχ
2255 2947 2328 3009 ὡς
2355 2946 2556 3016 ἀσεϐὴς
2586 2945 2831 3014 ἀπέστην
2859 2946 2953 2998 ἀπ’
2986 2945 3176 2998 αὐτοῦ.
3218 2945 3279 2996 '0
3305 2944 3362 2997 δέ
3386 2943 3558 2994 ταῦτα
3603 2959 3702 3011 τη-

449 3045 614 3098 ccssi.
646 3040 748 3107 Qui
803 3055 933 3092 vero
980 3038 1166 3091 divina
1207 3037 1463 3092 observat
1509 3048 1797 3107 pt'mcepta,
1832 3052 1895 3090 ac
1931 3053 2022 3106 per

446 3152 508 3190 ea
541 3134 810 3203 graditur,
841 3130 1152 3186 necessario
1175 3131 1339 3184 etiam
1379 3131 1615 3186 mundus
1640 3142 1742 3185 est.

522 3219 686 3277 Vens.
722 3220 812 3273 25.
853 3219 1120 3284 Quoniam
1174 3220 1353 3272 omnia
1378 3218 1585 3288 judicia
1633 3221 1746 3288 ejus
1778 3221 1830 3275 in
1866 3238 2020 3275 com-

448 3325 600 3384 pectu
645 3329 784 3376 meo,
814 3321 862 3365 et
883 3311 1299 3381 justiﬁcatt’ones
1332 3312 1444 3379 ejus
1489 3329 1592 3365 non
1639 3323 1960 3367 recesserunt
1990 3331 2022 3366 a

449 3423 548 3461 me.
589 3407 744 3459 Aliud
769 3414 854 3459 est
883 3405 994 3466 lex,
1020 3403 1168 3458 aliud
1197 3404 1541 3470 mandatum,
1576 3405 1725 3459 aliud
1765 3408 2016 3461 testimo-

451 3504 628 3564 nium,
665 3499 812 3554 aliud
849 3499 1145 3567 judicium,
1209 3508 1266 3553 et
1321 3499 1466 3552 aliud
1511 3501 1854 3570 justiticatio.
1912 3502 2020 3558 Lex

448 3593 594 3646 cuitu
621 3591 710 3645 illa
743 3590 968 3652 dicitur,
1002 3604 1126 3660 qua:
1170 3589 1354 3644 omnia
1388 3589 1444 3645 in
1500 3593 1818 3646 universum
1849 3594 2026 3648 conti-

449 3694 542 3740 net
589 3683 843 3739 mandata
911 3682 1162 3755 [qnteque
1211 3683 1376 3736 vitam
1434 3698 1498 3739 ac
1547 3687 2019 3741 conversationem

447 3779 705 3847 optimam
747 3777 968 3831 ordinat
1024 3791 1090 3831 ac
1127 3775 1493 3850 moderatur],
1560 3777 2020 3848 quemadmodum

448 3878 530 3923 est
569 3869 657 3922 lex
693 3882 790 3938 per
845 3868 1085 3938 Moysem
1122 3867 1271 3922 data.
1307 3867 1623 3926 Mandatum
1680 3887 1813 3927 vero
1866 3874 2019 3940 illud,

445 3960 614 4027 quod,
647 3975 768 4028 quae
803 3960 1012 4028 agenda
1046 3968 1178 4014 sunt
1225 3959 1467 4032 [Domini
1501 3978 1568 4015 ac
1609 3961 1774 4032 Regis
1820 3965 1872 4018 in
1906 3981 2023 4019 mo—

450 4047 590 4120 rem]
631 4060 723 4102 aut
759 4050 905 4102 aliud
935 4049 1062 4118 quid
1116 4052 1487 4119 particulatim
1512 4054 1708 4120 jubet;
1744 4063 1802 4107 ut
1832 4055 1960 4108 illud
2004 4074 2019 4110 :

452 4139 574 4192 Non
609 4141 853 4204 occides;
885 4157 986 4193 non
1015 4141 1254 4207 futurum
1299 4141 1460 4208 [acies
1488 4143 1533 4174 “
1561 4160 1580 4196 :
1607 4153 1660 4197 et
1683 4159 2022 4214 qumounque

449 4233 552 4284 alia
588 4233 691 4285 lioc
739 4240 900 4300 pacto
958 4231 1011 4284 iu
1074 4231 1254 4300 specie
1288 4231 1570 4300 jubentur.
1626 4232 2020 4291 Testimonium

2135 3042 2263 3110 ρέῖιν,
2294 3040 2385 3093 καὶ
2417 3040 2484 3091 δι’
2517 3039 2697 3092 αὐτῶν
2741 3039 2962 3106 ὁδεύων,
3017 3038 3332 3107 ἀναγκαίως
3387 3036 3704 3106 καθαρεύει.

2203 3224 2332 3277 ’Ότι
2406 3223 2602 3276 πάντα
2640 3221 2711 3275 τὰ
2757 3222 3010 3290 κρίματα
3045 3221 3234 3276 αὑτοῦ
3282 3219 3542 3276 ἐνώπιόν
3559 3237 3701 3288 μοι’,

2128 3320 2227 3374 καὶ
2280 3321 2350 3372 τὰ
2411 3317 2774 3388 δικαιώματα
2824 3317 3013 3372 αὐτοῦ
3076 3319 3188 3372 οὐκ
3218 3315 3581 3382 ἀπέστησαν
3601 3313 3702 3367 ἀπ’

2130 3413 2298 3483 ἐμοῦ.
2332 3412 2558 3480 Ἕτερον
2587 3410 2774 3477 νόμος,
2823 3408 2918 3460 καὶ
2940 3407 3131 3476 ἕτερον
3163 3403 3402 3473 ἐντολή·
3439 3402 3533 3455 καὶ
3591 3401 3709 3452 ἐτε-

2135 3524 2227 3578 ρον
2267 3503 2593 3574 μαρτύριον,
2622 3503 2719 3555 καὶ
2749 3500 2878 3554 ἄλλο
2906 3503 3102 3572 κρῖμα,
3173 3497 3270 3551 καὶ
3322 3495 3451 3551 ἄλλο
3487 3493 3704 3548 δικαίω-

2134 3614 2232 3670 μα.
2275 3597 2457 3666 Νόμος
2492 3597 2615 3664 μὲν,
2652 3595 2680 3647 ὁ
2710 3593 2942 3648 καθόλου
2992 3589 3340 3660 περιεκτικὸς
3388 3587 3496 3641 τῶν
3554 3587 3698 3638 ἐντο·

2129 3689 2260 3756 λῶν,
2289 3688 2364 3750 ὡς
2391 3689 2471 3749 τὸ,
2507 3687 2566 3738 '0
2598 3685 2761 3755 νόμος
2787 3683 2876 3737 διὰ
2910 3681 3156 3745 Μωσέως
3180 3680 3359 3748 ἐδόθη·
3386 3677 3598 3732 ἐντολαὶ
3622 3677 3698 3739 δὲ,

2128 3783 2185 3834 αἱ
2209 3780 2351 3834 κατὰ
2376 3779 2563 3850 μέρος,
2594 3772 2724 3842 οἷον,
2760 3778 2841 3830 οὐ
2872 3775 3213 3844 φονεύσεις,
3237 3774 3311 3826 οὺ
3330 3770 3703 3840 μοιχεύσεις.

2130 3875 2224 3923 καὶ
2250 3869 2350 3921 ὅσα
2382 3867 2500 3921 κατ’
2543 3863 2683 3928 εἶδος
2730 3866 2944 3936 εἴρηται
2979 3880 2991 3892 '
3037 3861 3340 3933 μαρτύριον
3384 3860 3440 3914 δὲ
3483 3861 3619 3930 ὅπερ
3674 3862 3704 3910 ὁ

2131 3961 2428 4032 νομοθέτης
2465 3959 2606 4030 μετά
2636 3975 2783 4020 τινος
2811 3955 3212 4027 διαμαρτυρίας
3264 3954 3560 4024 παρεγγυᾷ
3591 3955 3703 4013 τοῖς

2130 4052 2446 4113 ἀκούουσιν,
2467 4052 2542 4114 ὡς
2568 4051 2697 4104 ὅταν
2723 4051 2750 4102 ὁ
2781 4047 3204 4118 Μωῦσῆςίλέγει
3253 4047 3391 4116 πρὸς
3416 4046 3509 4098 τὸν
3550 4044 3700 4103 λαὸν,

2129 4147 2212 4199 ὅτι
2266 4145 2393 4197 Ἐὰν
2450 4143 2575 4198 τάδε
2628 4143 2724 4196 καὶ
2756 4141 2881 4195 τάδε
2918 4140 3210 4210 ποιήσητε,
3249 4136 3702 4208 διαμαρτύρομαι

2131 4239 2260 4307 ὑμῖν
2289 4239 2528 4306 σήμερον
2550 4234 2641 4288 τὸν
2673 4234 2903 4304 οὐρανὸν
2941 4235 3035 4286 καὶ
3061 4231 3161 4302 τὴν
3195 4233 3320 4301 γῆν,
3343 4231 3426 4286 ὅτι
3458 4227 3704 4297 ἀπωλείᾳ

451 4340 578 4380 vero
618 4325 783 4381 etiam
814 4325 982 4396 [quod
1019 4335 1335 4393 peccatores
1371 4334 1730 4388 contestatur.
1757 4340 1809 4382 et
1846 4338 2024 4384 trans-

2134 4306 2419 4381 ἀπολεῖσθε
2446 4343 2458 4356 ·
2501 4325 2747 4395 κρίματα
2789 4323 2865 4386 δὲ,
2918 4322 3021 4376 ὅσα
3079 4319 3202 4374 τοῦ·
3235 4318 3369 4380 Θεοῦ
3422 4318 3705 4388 κρίνοντος

450 4417 792 4484 grcssionum
831 4432 1022 4483 ρωπος
1059 4414 1246 4486 docet]
1290 4416 1546 4484 quodque
1589 4418 1869 4488 legislator
1894 4437 2024 4490 qua-

450 4508 574 4557 dam
603 4522 731 4560 cum
754 4506 1104 4559 attestatiouc
1129 4520 1192 4558 ac
1239 4507 1654 4562 conﬁrmatione
1679 4511 2024 4565 audientibus

451 4599 748 4652 mandabat
800 4615 815 4653 :
860 4599 1026 4650 veluti
1077 4614 1200 4651 cum
1255 4597 1468 4667 Moyses
1526 4600 1741 4655 dicebat
1775 4621 1788 4655 :
1825 4604 1879 4656 Si
1909 4603 2024 4658 haec

449 4699 540 4739 aut
594 4688 682 4740 illa
739 4688 1002 4750 feceritis,
1063 4697 1237 4741 testor
1273 4689 1427 4743 vobis
1461 4691 1658 4744 ccelutu
1691 4700 1744 4745 ct
1799 4702 2022 4758 terram,

450 4781 597 4848 quod
654 4789 829 4834 morte
893 4781 1227 4835 moriemini.
1286 4781 1559 4837 Judicium
1607 4794 1805 4851 autem,
1847 4785 1898 4838 id
1943 4797 2026 4841 cst

449 4874 595 4943 quod
655 4875 982 4929 sententiam
1036 4876 1131 4930 Dei
1170 4877 1512 4930 tletnmistrat
1559 4875 1648 4948 [ac
1693 4878 1854 4933 docet
1885 4895 2024 4948 quae-

463 4983 588 5020 nam
629 4968 768 5022 bona
814 4969 861 5023 is
911 4979 1321 5024 consecuturus
1357 4971 1448 5029 sit.
1497 4971 1590 5039 qui
1632 4971 1890 5026 mandata
1929 4970 2024 5027 Dei

450 5061 853 5124 observaverit,
885 5071 939 5116 et
969 5062 1232 5115 similiter
1272 5077 1393 5130 quze
1424 5076 1583 5130 pmna
1641 5072 2023 5136 transgresso-

454 5165 545 5204 rrs
601 5161 843 5217 maneat,
908 5162 965 5205 ut
999 5163 1128 5206 sunt
1162 5170 1502 5224 qua-cunque
1565 5154 1804 5224 iudicata
1857 5155 2026 5211 fuisse

447 5241 784 5296 tratluutura
811 5242 943 5314 Deo]
969 5261 983 5296 :
1018 5245 1176 5313 quale
1204 5255 1306 5312 est,
1334 5247 1481 5316 quod
1510 5247 1578 5301 de
1609 5247 2024 5318 blaspltemante

449 5338 754 5391 timendum
794 5337 882 5391 Dei
919 5355 1117 5394 nomen
1152 5342 1414 5410 scriptum
1447 5340 1675 5412 legimus
1705 5328 1770 5406 θ,
1803 5344 2024 5412 quando

448 5427 962 5499 Moysesjudieium
1008 5432 1061 5485 in
1100 5431 1264 5486 Deum
1313 5434 1518 5499 retulit,
1572 5443 1626 5488 et
1677 5434 1818 5489 Deus
1857 5436 2022 5506 jussit

451 5519 732 5590 lapidari:
777 5525 925 5594 quod
971 5525 1238 5594 judicium
1269 5544 1370 5598 pro
1415 5537 1565 5583 certa
1610 5529 1727 5598 lege
1780 5541 2024 5599 postmo-

481 5700 530 5734 ιι
557 5699 726 5756 Exod.
751 5704 1072 5770 xx,12,13.
1130 5705 1364 5790 ἒιιιενίι.
1407 5723 1554 5776 xxiv,
1586 5708 1652 5762 10
1680 5724 1842 5780 seqq.

2133 4422 2372 4490 ἐγράφη,
2409 4418 2667 4487 καθάπερ
2689 4417 2784 4469 ἐπὶ
2812 4415 2906 4468 τοῦ
2937 4413 3436 4484 βλασφημήσαντος
3490 4410 3554 4463 τὸ
3601 4425 3703 4477 φοι

2133 4515 2295 4586 ϐερδν
2343 4513 2514 4582 ὄνομα
2549 4527 2564 4541 ⁸
2602 4511 2846 4578 Μωῦσῆς
2879 4509 2978 4577 μὲν
3005 4507 3116 4577 γὰρ
3141 4506 3234 4558 ἐπὶ
3285 4504 3374 4556 τὸν
3427 4501 3559 4554 Θεὸν
3605 4499 3704 4568 τὴν

2134 4607 2314 4677 κρίσιν
2343 4605 2641 4674 ἀνέφερενυ
2697 4602 2909 4654 ἐκείνου
2956 4599 3013 4652 δὲ
3049 4595 3466 4664 λιθοϐοληοῆναι
3514 4591 3703 4645 τοῦτον

2133 4698 2518 4758 κελεύσαντος,
2554 4691 2911 4764 κρῖμα,τοῦτο
2934 4690 3027 4744 καὶ
3051 4689 3178 4759 ὄρος
3209 4687 3353 4740 κατὰ
3385 4686 3490 4766 τῶν
3526 4684 3706 4738 ἄλλων

2135 4791 2496 4863 βλασφημιῶν
2526 4791 2784 4857 γέγονεν·
2835 4783 3186 4852 δικαιώματα
3229 4781 3306 4843 δὲ,
3362 4779 3430 4831 τὰ
3478 4775 3703 4830 τοιαῦτα

2133 4883 2552 4953 προστάγματα,
2599 4873 2733 4942 οἷον,
2767 4876 2912 4929 Ἐὰν
2936 4872 3132 4940 κτήσῃ
3181 4869 3361 4924 παῖδα
3417 4864 3703 4934 Ἐὄραῒον,

2131 4977 2200 5040 ἐξ
2229 4977 2331 5042 ἔτη
2362 4972 2683 5026 δουλεύσει
2711 4985 2832 5034 σοι,
2865 4967 2961 5022 καὶ
3020 4967 3089 5021 τὰ
3127 4965 3255 5034 ἑξῆς
3285 4980 3300 4996 ο
3367 4961 3542 5015 ταῦτα
3593 4960 3705 5026 γὰρ

2132 5063 2477 5133 δικαιοσύνης
2514 5062 2630 5115 ἐστὶ
2661 5061 2855 5129 μεστά.
2879 5060 3044 5128 Καλὴ
3075 5059 3174 5128 μὲν
3201 5056 3466 5124 διαίρεσις
3523 5050 3706 5104 αὐτῶν

2133 5157 2378 5223 τοιαύτη.
2435 5154 2825 5222 Ὀνομάζονται
2873 5151 2930 5203 δέ
2959 5149 3217 5210 πολλάκις
3257 5147 3431 5201 ταῦτα
3462 5147 3575 5207 τοῖς
3609 5143 3708 5196 ἀλ-

2133 5248 2309 5317 λήλων
2332 5247 2580 5315 ὀνόμασι,
2616 5245 2710 5296 καὶ
2741 5241 2940 5314 μᾶλλον
2968 5244 3025 5294 ἐν
3059 5241 3136 5311 τῷ
3181 5246 3287 5312 ριη¹
3315 5237 3516 5308 ψαλμῷ
3537 5253 3550 5267 ·
3585 5244 3587 5246 ’
3616 5237 3710 5287 ἐν-

2131 5341 2304 5393 ταῦθα
2331 5340 2409 5403 δὲ,
2438 5338 2515 5407 τῷ
2546 5339 2772 5408 ὀνόματι
2822 5335 2932 5388 τῶν
2985 5333 3272 5404 χριμάτων
3315 5333 3409 5384 καὶ
3469 5329 3579 5382 τῶν
3631 5328 3707 5380 δι-

2133 5433 2486 5503 καιωμάτων,
2525 5431 2652 5492 ὅλας
2687 5430 2787 5492 τὰς
2817 5427 3038 5491 ἐντολὰς
3070 5425 3418 5496 περιέλαϐεν.
3453 5423 3563 5478 ἀπὸ
3607 5421 3706 5490 μέ-

2137 5544 2262 5596 ρους
2287 5526 2349 5579 τὸ
2381 5528 2487 5578 πᾶν
2525 5539 2538 5554 ·
2589 5524 2768 5577 Πᾶσαι
2816 5522 2946 5593 γὰρ,
2999 5523 3187 5593 φησὶν,
3241 5518 3456 5574 ἐντολαὶ
3517 5512 3706 5580 αὑτοῦ,
