4054 6210
416 193 527 254 Q39

1620 180 2005 241 EU'I'HYMU
2049 182 2413 241 ZIGABENI

3567 176 3675 245 240

414 319 551 372 quas
585 300 636 353 in
688 313 780 353 eos
809 296 1091 351 immittas.
1142 293 1234 346 Vel
1270 309 1365 362 per
1399 292 1662 362 pupulum
1711 292 1990 358 humilem,

2109 295 2361 364 πημάτων
2391 294 2542 347 κάτω
2591 296 2766 348 νεύειν
2826 295 3294 364 ἀναγκαζόμενον.
3359 294 3680 366 Ὑπερηφά-

414 396 669 467 gentilem
697 391 954 462 populum
983 388 1246 457 intelligo,
1271 387 1362 457 qui
1387 396 1730 456 peccatorum
1755 385 1996 454 pondere

413 490 734 557 depressus,
795 495 997 537 terram
1050 485 1299 549 aspicere
1367 495 1574 548 pronus
1628 478 1934 546 cogebatur
1980 493 1993 529 :

2104 402 2226 443 νου,
2255 384 2337 447 δὲ,
2377 385 2467 437 τὸν
2516 386 2784 440 Ἰουδαίων
2815 387 2957 456 (ϐὗ),
2987 386 3447 457 ἀλαζονευόμενον
3495 391 3588 442 ἐπί
3620 407 3679 442 τε

2101 477 2180 546 τῷ
2215 479 2393 549 νόμῳ,
2429 479 2661 542 καὶτοῖς
2700 481 3010 548 προγόνοις.

415 593 512 647 per
543 574 807 643 superbos
848 586 996 633 vero,
1028 561 1247 622 Iudaeos
1282 569 1603 638 gloriantes,
1629 579 1675 622 et
1713 566 1989 635 jaetantes
2028 566 2263 635 seipsos,
2300 580 2409 622 tam
2443 568 2512 624 de
2546 569 2661 640 lege
2698 568 2814 635 Dei,
2840 585 3003 640 quam
3072 571 3141 626 de
3206 571 3445 642 propriis
3487 587 3677 642 proge-

413 671 705 724 nitoribus.

491 764 655 816 Vsns.
725 760 815 812 ἓξ).
881 759 1152 823 Quoniam
1218 769 1270 807 tu
1335 754 1664 808 illuminabis
1722 755 1993 807 lucernam

417 875 583 910 meam
610 853 850 911 Domine,
879 851 1013 903 Dens
1040 846 1552 909 meus,illuminabis
1578 846 1817 900 tenebras
1832 861 1994 899 meas.

418 949 732 1004 Intellectus
785 945 840 997 iu
910 945 1070 995 nobis
1113 950 1197 994 est
1245 940 1468 1009 quidam
1517 940 1714 993 anima:
1768 939 1992 1003 oculus;

415 1043 610 1097 oculus
660 1045 843 1091 autem
881 1051 988 1086 non
1036 1033 1312 1086 immerito
1356 1033 1578 1086 lucerna
1621 1031 1730 1086 dici
1790 1039 1992 1100 potest,

417 1153 541 1189 eum
579 1133 744 1186 veluti
770 1132 878 1184 dux
930 1129 984 1180 in
1018 1127 1267 1180 tenebris
1318 1128 1460 1178 viam
1498 1125 1858 1179 demonstret.
1893 1122 1996 1177 Per

418 1234 614 1281 animae
639 1238 770 1277 vero
797 1220 1077 1279 tenebras,
1114 1217 1248 1269 iram
1280 1225 1339 1269 et
1366 1216 1878 1284 concupiscentiam
1913 1216 1994 1269 in-

420 1314 734 1381 telligimus.
756 1307 859 1371 Tu,
885 1306 1135 1369 Domine,
1160 1304 1360 1371 inquit,
1390 1303 1719 1356 intellectum
1749 1320 1811 1356 ac
1840 1318 1994 1358 men-

419 1418 528 1460 tem
572 1416 747 1458 meam
782 1399 963 1454 divina
997 1399 1115 1449 lure
1148 1411 1212 1448 ac
1259 1395 1552 1463 splendore
1601 1395 1936 1448 illmninabis
1978 1412 1991 1446 :

419 1498 566 1569 quod
601 1495 809 1549 faciens
844 1488 1180 1544 illuminabis
1210 1487 1416 1556 pariter
1459 1495 1511 1540 et
1549 1488 1806 1541 tenebras
1847 1501 1996 1540 meas

422 1589 572 1660 [nam
599 1584 763 1640 simul
798 1597 921 1636 cum
957 1579 1257 1638 intellectu,
1305 1585 1513 1630 craterae
1564 1577 1758 1628 auium
1816 1585 1997 1643 partes

421 1693 484 1731 ac
523 1675 780 1747 potentiae
817 1666 1150 1740 proﬁcient].
1190 1664 1252 1716 Et
1293 1665 1394 1718 hoc
1435 1674 1515 1718 est
1558 1662 1703 1731 quod
1741 1662 1996 1713 Salvator

2109 1673 2262 1740 φύσιν
2311 1672 2418 1724 τῶν
2454 1673 2820 1743 πραγμάτιον,
2869 1673 2986 1738 φῶς
3019 1689 3033 1703 ·

419 1776 474 1825 iu
508 1765 808 1835 Evangelio
842 1762 1056 1814 dicebat
1096 1776 1108 1810 :
1143 1757 1200 1811 Si
1254 1757 1450 1816 lumen,
1507 1758 1642 1824 quod
1691 1756 1742 1807 in
1798 1765 1845 1807 te
1895 1763 1994 1816 est,

421 1862 646 1917 tenebrw
680 1859 832 1926 ﬁant,
873 1853 1094 1906 tencbnr
1123 1861 1332 1918 quantae
1363 1859 1515 1901 erunt
1537 1847 1580 1877 ”
1605 1848 1627 1899 ?
1661 1846 1774 1901 Hoc
1803 1856 1909 1906 cst,
1939 1842 1996 1898 Si

422 1955 733 2010 intellectus
772 1947 1164 2002 obtenebratus
1215 1943 1308 2002 sit,
1348 1941 1517 1994 multo
1550 1940 1722 2008 magis
1767 1949 1821 1991 et
1873 1940 2000 1992 reli-

422 2065 543 2117 quze
588 2044 785 2098 anima:
841 2047 1027 2107 partes
1087 2034 1332 2088 tenebris
1383 2033 1754 2084 involvcutur.
1811 2030 2000 2084 Dicere

423 2138 590 2191 etiam
638 2142 956 2201 possumus,
1008 2126 1190 2194 ipsum
1239 2122 1605 2182 intellectum,
1651 2123 1826 2175 lucem
1878 2136 2000 2175 esse

422 2229 629 2298 pariter
674 2235 726 2277 et
761 2220 1041 2274 tenebras.
1095 2215 1229 2267 Nam
1264 2214 1308 2267 si
1342 2213 1407 2266 ad
1441 2221 1691 2266 naturam
1745 2215 2000 2266 materia-

425 2327 554 2378 lium
581 2335 762 2375 rerum
788 2323 1162 2385 COIIl'pnl'clltl',
1191 2313 1282 2363 lux
1309 2310 1438 2374 erit,
1462 2311 1507 2363 si
1541 2324 1674 2363 vero
1704 2310 1770 2363 ad
1807 2310 2000 2375 Deum,

423 2417 662 2472 tenebrae
701 2431 714 2466 :
747 2427 810 2465 eo
840 2407 1009 2478 quod,
1035 2407 1103 2457 ah
1126 2421 1192 2458 eo
1226 2403 1370 2457 Deus
1397 2404 1641 2472 conspici
1679 2419 1788 2455 non
1827 2403 2002 2472 possit

425 2510 624 2582 [neque
661 2505 806 2558 illius
841 2500 991 2571 lex];
1027 2499 1108 2552 vel
1143 2513 1238 2566 per
1274 2496 1556 2550 lucernam
1589 2496 1676 2549 hic
1709 2496 2000 2551 Mosaicam

425 2605 599 2670 legem
653 2595 921 2663 intelligo.
974 2606 1096 2661 qua:
1147 2591 1404 2642 lectorem
1462 2589 1529 2640 ad
1567 2597 1768 2641 rectam
1817 2587 2005 2657 dirigit

423 2696 653 2756 callem;
694 2703 789 2758 per
823 2684 1074 2740 tenebras
1111 2695 1264 2745 vero,
1296 2679 1476 2734 velum
1528 2678 1628 2747 ipsi
1669 2678 1770 2748 legi
1811 2693 2005 2746 super-

426 2786 765 2855 impositum,
795 2777 944 2847 quod
981 2774 1376 2828 obscuritatem
1415 2779 1641 2842 generat
1672 2786 1686 2823 :
1719 2771 1880 2841 cujus
1908 2787 2003 2826 oc-

425 2879 593 2938 eulta,
627 2877 820 2928 beatus
853 2868 1025 2922 David
1067 2883 1212 2920 nunc
1244 2863 1607 2919 illuminanda
1640 2878 1763 2919 esse
1805 2863 2004 2935 pracdi-

429 2971 504 3025 cit
557 2977 609 3022 et
672 2963 985 3026 rei-clauda,
1050 2960 1338 3012 incarnato
1408 2955 1666 3008 nimirum
1724 2953 1854 3010 Deo.
1910 2952 2004 3009 Vel

427 3067 675 3122 lucerna,
715 3054 992 3124 Evangelii
1030 3060 1114 3104 cst
1155 3048 1492 3119 prmdieatio,
1528 3048 1674 3102 clare
1724 3063 1786 3102 ac
1821 3049 2001 3105 lucide

428 3154 687 3209 omnibus
721 3149 944 3213 tradita,
993 3154 1046 3199 et
1077 3160 1105 3196 a
1139 3142 1374 3198 Domino
1405 3141 1679 3195 declarata
1715 3158 1729 3194 :
1762 3143 2001 3196 tenebrae

426 3261 559 3301 vero
605 3243 876 3298 idolorum
913 3252 1091 3301 error,
1132 3250 1194 3289 ac
1220 3242 1382 3287 recta:
1410 3233 1532 3287 tidei
1568 3233 1862 3302 ignoratio.
1905 3231 2000 3287 Vel

421 3342 650 3394 lucerna
690 3333 936 3405 quidem,
982 3328 1298 3383 intellectus
1329 3333 1432 3388 est,
1471 3325 1564 3394 qui
1603 3324 1879 3379 hominem
1911 3325 1998 3379 di-

2177 752 2302 802 Ὂτι
2337 749 2420 802 σὺ
2445 747 2679 818 φωτιεῖς
2734 751 2968 820 λύχνον
3009 769 3152 820 μου,
3201 753 3378 821 Κύριε
3426 755 3461 806 ὁ
3514 756 3680 820 Θεὸς,

2103 845 2342 912 φωτιεῙς
2373 844 2439 896 τὸ
2473 846 2696 910 σκότος
2720 863 2858 913 μου.
2915 844 3027 915 Τῆς
3075 845 3256 916 ψυχῆς
3313 846 3614 918 ὀφθαλμὸς,
3656 853 3682 900 ὁ

2103 938 2228 998 νοῦς
2269 955 2282 966 ο
2312 940 2340 990 6
2373 938 2427 990 δὲ
2457 938 2759 1007 ὀφθαλμὸς,
2785 939 2878 990 καὶ
2907 937 3124 1007 λύχνος,
3154 938 3230 1002 ὡς
3261 938 3472 1009 ὁδηγῶν
3503 955 3517 970 '
3554 941 3685 993 σκό-

2097 1049 2188 1092 τος
2218 1033 2274 1083 δὲ
2300 1032 2491 1100 αὐτῆς,
2520 1033 2547 1084 6
2571 1030 2766 1101 Θυμὺς,
2802 1031 2895 1082 καὶ⁵
2920 1031 2953 1101 ἡ
2981 1030 3267 1101 ἐπιθυμία.
3319 1033 3482 1100 Λέγει
3527 1033 3681 1100 γοῦν,

2097 1123 2180 1177 ὅτι
2216 1123 2478 1185 Φωτίσεις
2509 1123 2601 1175 τὸν
2659 1122 2784 1174 νοῦν
2819 1139 2923 1192 μου
2964 1124 3083 1185 ταῖς
3141 1123 3317 1185 θείαις
3360 1123 3680 1195 vespam.

2099 1213 2304 1268 Τοῦτον
2351 1213 2406 1266 δὲ
2462 1212 2737 1282 φωτίζων,
2783 1211 3041 1281 φωτίσεις
3091 1213 3187 1266 καὶ
3233 1214 3296 1266 τὸ
3326 1214 3518 1276 σκότος
3553 1232 3680 1284 μου.

2105 1309 2166 1360 El
2198 1306 2372 1360 οὖντὸ
2393 1308 2450 1358 ὲν
2484 1307 2564 1357 σοὶ
2590 1305 2648 1357 τὺ
2674 1305 2790 1372 φῶς
2827 1306 3019 1368 σκότῖς
3059 1307 3197 1368 ἐστὶ,
3232 1307 3292 1358 τὸ
3350 1307 3545 1369 σκότος
3587 1308 3684 1360 πό-

2106 1417 2198 1451 σον
2223 1415 2237 1460 ;
2270 1399 2575 1463 τουτέστιν,
2610 1398 2657 1448 εί
2689 1398 2717 1449 ὁ
2745 1396 2869 1458 νοῦς
2899 1399 3290 1466 ἐσκοτισμένος
3320 1401 3460 1460 ἐστὶ,
3505 1400 3685 1470 πολλῴ

2105 1489 2268 1540 πλέον
2295 1491 2352 1541 αἱ
2399 1489 2581 1556 ἄλογοι
2619 1489 2713 1556 τῆς
2745 1488 2921 1558 ψυχῆς
2953 1489 3236 1558 δυνάμεις.
3305 1492 3460 1543 Ἔστι
3509 1493 3554 1544 δ’
3602 1495 3684 1544 εί-

2105 1583 2230 1633 πεῖν
2258 1581 2350 1632 τὸν
2390 1580 2537 1647 νοῦν,
2568 1582 2662 1634 καὶ
2693 1581 2831 1650 φῶς,
2871 1581 2964 1634 καὶ
3007 1580 3198 1643 σκότος
3219 1598 3232 1611 ⁸
3271 1582 3406 1650 πρὸς
3461 1583 3559 1650 μὲν
3583 1584 3686 1650 τὴν

3095 1674 3230 1742 πρὸς
3275 1674 3331 1726 δὲ
3386 1677 3474 1728 τὸν
3529 1675 3683 1738 Θεὸν,

2105 1764 2314 1828 σκότος,
2347 1764 2580 1834 ἀόρατον
2607 1764 2758 1832 αὐτῷ
2779 1765 3142 1834 τυγχάνοντα.
3164 1767 3235 1818 Ἢ
3266 1765 3458 1835 λύχνος
3493 1767 3618 1836 μὲν,
3657 1769 3686 1817 ὁ

2103 1855 2401 1919 Μιυσαῖκὸς
2431 1857 2616 1926 νόμος,
2649 1855 2863 1926 ὁδηγῶν
2895 1857 2990 1908 ἐπὶ
3015 1857 3083 1910 τὰ
3118 1858 3262 1912 καλά
3305 1861 3432 1922 τοὺς
3485 1863 3683 1928 ἀναγι-

2103 1948 2454 2013 νώσκοντας·
2509 1951 2701 2014 σκότος
2757 1950 2839 2012 δὲ,
2891 1951 2952 2002 τὺ
2986 1952 3340 2022 ἐπικείμενον
3380 1953 3532 2022 αὐτῷ
3585 1955 3684 2006 κά-

2103 2039 2293 2107 λυμμα
2330 2039 2431 2109 τῆς
2452 2039 2740 2108 ἀσαφείας,
2774 2030 2835 2091 οὗ
2862 2042 2931 2092 τὰ
2964 2043 3322 2111 κεκρυμμένα
3348 2044 3682 2112 προφητεύει

2103 2131 2270 2184 Δαὸὶδ
2324 2131 2699 2200 φωτισθῆναι,
2747 2131 2842 2183 καὶ
2901 2131 3389 2201 ἀνακαλυφοῆναι,
3442 2133 3687 2203 δηλονῖτι

2106 2222 2486 2292 σαρκωοέντος
2514 2222 2650 2276 Θεοῦ
2683 2241 2696 2253 ·
2735 2223 2767 2293 ἢ
2796 2223 2994 2294 λύχνος
3022 2225 3144 2294 μὲν,
3188 2225 3249 2278 τὸ
3288 2226 3555 2296 κήρυγμα
3588 2225 3685 2278 τοῦ

2108 2313 2464 2381 Εὑαγγελίου,
2517 2315 2786 2382 φωτισοὲν
2838 2316 2932 2367 καὶ
2986 2316 3288 2384 γνωρισοὲν
3355 2319 3486 2388 ἡμῖν
3532 2320 3686 2387 παρὰ

2105 2404 2202 2458 τοῦ
2245 2407 2498 2476 Σωτῆρος
2559 2405 2757 2458 αὐτοῦ’
2826 2410 3015 2470 σκότος
3072 2409 3151 2474 δὲ,
3209 2411 3242 2478 ἡ
3287 2410 3396 2464 τῶν
3450 2412 3686 2464 εἰδώλων

2107 2498 2308 2569 πλάνη,
2351 2499 2510 2568 καὶὴ
2557 2499 2751 2567 ἄλογος
2801 2501 2996 2568 ἄγνοια
3051 2502 3152 2573 τῆς
3200 2504 3367 2576 ὀρθῆς
3425 2507 3682 2567 πίστεως.

2112 2592 2181 2645 Ἣ
2213 2592 2404 2661 λύχνος
2432 2592 2551 2660 μὲν,
2576 2595 2604 2645 6
2625 2592 2771 2656 νοῦς,
2794 2593 3006 2664 ὁδηγῶν
3026 2595 3117 2646 τὸν
3143 2596 3431 2665 ἄνθρωπον
3449 2614 3462 2627 ⁸
3495 2598 3686 2659 σκότος

2105 2683 2183 2746 δὲ,
2214 2684 2275 2735 τὸ
2303 2683 2484 2753 σῶμα,
2507 2684 2596 2737 διὰ
2629 2683 2727 2756 τὴν
2759 2687 3185 2758 ὲπιπρόσθησιν,
3223 2690 3318 2742 καὶ
3373 2691 3684 2760 παχύτητα.

2106 2777 2546 2846 Φωτισθήσονται
2584 2777 2642 2830 δὲ
2681 2778 2886 2846 ἄμφω·
2937 2781 2965 2832 ὁ
3022 2782 3143 2850 μὲν,
3188 2785 3308 2845 ταῖς
3367 2783 3542 2846 Θείαις
3600 2783 3688 2835 ἑλ-

2109 2869 2351 2938 λάμψεσι
2377 2886 2389 2899 ·
2415 2867 2476 2920 τὸ
2497 2868 2575 2934 δὲ,
2618 2872 2684 2938 τῇ
2710 2870 3002 2941 καθάρσει.
3037 2871 3195 2936 Τινὲς
3234 2873 3292 2926 δὲ
3326 2873 3546 2941 λέγουσι
3590 2873 3686 2924 λύο

2111 2978 2234 3030 χνον
2281 2960 2516 3014 ἐνταῦθα
2559 2959 2831 3031 κληθῆναι
2883 2963 2976 3018 τὸν
3017 2965 3081 3017 ἐκ
3142 2965 3459 3036 σπέρματος
3523 2966 3689 3017 Δαῶδ

2127 3050 2362 3121 Ἰησοῦν,
2423 3051 2483 3103 ὃν
2530 3051 2798 3120 ἐφώτισεν
2851 3054 2880 3105 6
2917 3053 3091 3120 Λόγος
3131 3055 3354 3118 ἑνωθεὶς
3375 3055 3547 3125 αὐτῷ,
3590 3055 3689 3107 καὶ

2111 3143 2390 3212 παρέσχεν
2409 3143 2746 3209 ἀφιέναιτὰς
2769 3145 2996 3208 ἀκτίνας
3020 3146 3360 3216 ἁπανταχοῦ,
3387 3148 3520 3217 φησὶ
3537 3147 3644 3214 γάρ
3668 3164 3681 3176 ·

2123 3235 2270 3305 Ἐγώ
2291 3237 2404 3304 ειμι
2432 3237 2498 3288 τὸ
2524 3237 2650 3304 φῶς
2666 3238 2773 3291 τοῦ
2805 3239 3038 3305 κόσμου
3063 3255 3077 3270 ·
3100 3240 3292 3303 σκότος
3311 3240 3390 3304 δὲ,
3437 3242 3536 3310 τὴν
3557 3241 3690 3311 σάρ-

2111 3346 2181 3380 κα
2208 3328 2342 3399 (66).
2373 3367 2388 3380 .
2416 3367 2430 3382 .
2459 3328 2814 3399 προσλαϐὼν,
2842 3331 3046 3386 ὲθέωσε
3075 3335 3171 3387 καὶ
3207 3333 3578 3404 ὲλάμπρυνεν.

427 3433 600 3502 rigit:
648 3429 886 3482 tenebrat
917 3426 1095 3493 ipsum
1130 3434 1350 3487 corpus,
1409 3417 1555 3484 quod
1587 3416 1996 3487 quodammodo
2037 3430 2167 3474 ante
2226 3421 2422 3477 oculos
2475 3422 2794 3478 intellectus
2877 3425 3151 3490 consistit,
3219 3437 3275 3480 et
3322 3427 3691 3481 crassitudine

427 3542 528 3580 sua
559 3522 808 3575 umbram
845 3515 1003 3588 quasi
1034 3521 1346 3583 generatae
1381 3509 1634 3564 tenebras
1664 3525 1677 3562 :
1711 3517 2005 3580 utrumque
2045 3524 2225 3568 autem
2273 3513 2694 3580 illuminabitur,
2760 3516 3074 3572 intellectus
3119 3517 3402 3578 nimirum.
3484 3520 3690 3576 divinis

428 3616 835 3690 splendoribus,
874 3625 1074 3680 corpus
1103 3622 1232 3661 vero
1280 3604 1660 3674 puriﬁcatione
1690 3614 1746 3658 et
1778 3606 2072 3664 iuttnditia.
2144 3607 2380 3673 Quidam
2448 3625 2579 3664 vero
2669 3625 2768 3680 per
2833 3611 3116 3665 lucernam
3164 3611 3454 3666 Dominum
3502 3612 3694 3668 Jesum

428 3715 761 3781 intelligunt.
795 3719 984 3762 natum
1022 3707 1089 3759 de
1118 3704 1328 3757 semine
1384 3699 1576 3766 David,
1629 3700 1722 3771 qui
1753 3714 1785 3756 τι
1817 3699 1996 3756 Verbo
2037 3704 2127 3758 Dei
2155 3705 2498 3760 illuminatus
2526 3713 2645 3770 est;
2707 3705 2796 3759 illa
2875 3704 3137 3759 nimirum
3215 3706 3398 3760 divina
3468 3708 3690 3769 unione,

438 3821 562 3876 qua:
598 3804 674 3857 illi
703 3801 938 3872 praebuit
991 3806 1050 3851 ut
1086 3795 1398 3866 splendoris
1457 3793 1640 3848 radios
1695 3809 2022 3865 quocunque
2060 3799 2379 3864 emitteret;
2417 3800 2562 3854 unde
2615 3800 2682 3853 de
2728 3801 2912 3869 seipso
2963 3799 3180 3853 dicebat
3213 3816 3226 3853 :
3261 3800 3369 3870 Ego
3399 3817 3515 3853 sum
3593 3801 3691 3854 lux

433 3898 615 3950 mundi
648 3895 733 3957 ‘6;
786 3907 882 3961 per
930 3889 1190 3945 tenebras
1223 3902 1352 3940 vero
1387 3901 1608 3940 carnem
1670 3895 1884 3940 tantum
1925 3899 2286 3959 assumptum,
2318 3907 2482 3961 quam
2571 3892 2826 3948 Christus
2891 3891 3245 3958 illuminavit,
3315 3907 3378 3946 ac
3452 3894 3695 3948 divinam

431 3989 690 4049 reildid-l.

503 4086 667 4140 Vens.
705 4083 794 4139 ⁸50.
839 4083 1105 4149 Quoniam
1140 4082 1193 4134 in
1225 4090 1272 4135 te
1300 4081 1502 4150 eripiar
1525 4095 1558 4131 a
1589 4079 1896 4132 tentatione.
1937 4107 2004 4118 —

432 4180 498 4235 In
531 4191 598 4244 te,
634 4180 736 4232 hoc
771 4185 875 4240 est,
915 4191 1010 4245 per
1045 4182 1119 4229 te.
1154 4174 1194 4224 Α
1224 4175 1514 4227 ten-talione
1538 4180 1718 4226 autem
1757 4179 1868 4224 tam
1901 4169 2002 4221 ho-

430 4272 638 4327 minum
665 4283 828 4340 quam
857 4265 1190 4319 daemonum.

503 4447 565 4501 Et
593 4450 645 4502 in
685 4445 792 4499 Deo
824 4459 936 4495 meo
1006 4437 1374 4508 transgrediar
1419 4453 1644 4487 mnrmn.
1705 4437 1814 4492 Deo
1859 4451 2004 4498 meo.

430 4540 632 4608 inquit,
649 4536 779 4589 mihi
803 4532 1078 4600 adiutore.
1099 4543 1201 4598 ego
1222 4535 1443 4598 peccata
1468 4527 1677 4589 omnia,
1703 4528 1846 4580 viam
1871 4528 2004 4580 mihi

430 4633 496 4684 ad
532 4630 719 4687 Deum,
755 4622 921 4676 veluti
952 4636 1080 4688 sepe
1108 4617 1346 4688 quadam
1387 4617 1765 4677 obstruentia,
1799 4618 2006 4670 transi-

431 4724 584 4774 liam.
657 4716 712 4767 In
769 4714 876 4767 illis
929 4712 1130 4780 quippe
1188 4709 1332 4762 vires
1389 4722 1521 4760 suas
1575 4716 1737 4759 antea
1771 4706 2007 4760 Satanas

432 4807 693 4868 habebat,
729 4819 791 4857 ac
829 4818 924 4872 per
958 4816 1021 4855 ea
1055 4800 1263 4852 aditum
1303 4797 1433 4850 mihi
1476 4797 1542 4850 ad
1581 4799 1785 4850 caelum
1820 4797 2006 4868 [quasi

431 4914 590 4955 muro
621 4893 884 4967 quodam]
912 4891 1287 4962 praeluserat.
1315 4886 1410 4942 Vel
1469 4890 1700 4943 teutatio
1746 4904 1844 4958 pro
1900 4891 2006 4942 vita

429 4988 852 5055 hominisjuxta
919 4981 1119 5036 Jobum
1153 4980 1195 5010 ³⁷
1229 4980 1580 5051 intelligenda
1645 4990 1750 5042 est,
1790 4981 1842 5033 in
1900 4995 2008 5049 qua

429 5083 603 5136 multa
629 5071 782 5143 esca,
810 5088 865 5132 et
897 5076 1082 5129 multae
1123 5081 1253 5128 sunt
1297 5073 1644 5141 voluptatum
1708 5073 2005 5138 illecebrae,

428 5175 587 5230 multi
614 5173 811 5228 mortis
847 5169 1051 5240 laquei,
1093 5175 1146 5220 et
1180 5166 1363 5220 multm
1395 5166 1562 5218 etiam
1596 5165 1900 5220 visibilium
1952 5177 2006 5221 et

508 5358 551 5391 δι’
584 5356 774 5412 Matth.
809 5370 885 5420 νι,
917 5350 1008 5406 25.
1067 5349 1114 5380 ⁸⁸
1139 5345 1301 5404 Joan.
1332 5359 1450 5408 vui,
1487 5342 1570 5399 ιε.
1632 5345 1673 5375 ⁸⁷
1715 5344 1818 5401 Job
1849 5364 1945 5413 vn,
1993 5349 2046 5402 l.

2181 4077 2410 4129 ’Ὀτιεν
2440 4076 2538 4129 σοι
2555 4075 2949 4144 ,ὀυσθήσομαι
3005 4074 3126 4128 ἀπὸ
3186 4077 3595 4144 πειρατηρίων.
3623 4108 3692 4117 -

2127 4169 2230 4220 Ἐν
2255 4168 2356 4221 σοι
2395 4168 2516 4242 μὲν,
2543 4169 2662 4236 ἦτοι
2711 4169 2802 4220 διὰ
2838 4167 2934 4220 σοῦ
2958 4185 2972 4198 ο
3010 4169 3399 4236 πειρατηρίου
3428 4170 3501 4230 δὲ,
3533 4187 3687 4223 τουτ-

2115 4258 2232 4309 ἐστι
2269 4258 2604 4327 πειρασμοῦ,
2641 4259 2794 4329 παρὰ
2819 4257 3149 4330 ἀνθρώπων,
3187 4259 3223 4329 ἦ
3279 4260 3550 4330 δαιμόνων
3597 4261 3696 4314 ὲπ-

2116 4349 2411 4416 αγομένευ.

2182 4441 2290 4493 Καὶ
2316 4441 2385 4493 ἐν
2418 4441 2495 4507 τῷ
2539 4442 2660 4506 Θεῷ
2713 4461 2834 4511 μου
2881 4444 3300 4512 ὑπερϐήσομαι
3349 4445 3564 4512 τεῖχος.
3601 4445 3694 4513 Τῷ

2116 4530 2237 4601 Θεῷ
2273 4549 2375 4600 μου
2443 4532 2832 4601 βοηθούμενος,
2902 4534 3278 4602 ὑπερπηδήσω
3309 4535 3376 4587 τὰ
3408 4536 3694 4601 ἀποφράτ-

2115 4622 2280 4676 τοντά
2307 4639 2397 4691 μοι
2435 4625 2536 4692 τὴν
2562 4627 2696 4693 πρός
2731 4625 2896 4677 αὐτὸν
2957 4625 3075 4677 ὁδὸν
3129 4627 3512 4696 ἁμαρτήματα
3536 4642 3548 4654 ’
3605 4622 3692 4688 οἷς

2117 4712 2229 4780 ἔχει
2261 4714 2358 4784 τὴν
2397 4714 2551 4783 ἰσχὺν
2581 4717 2608 4766 6
2636 4716 2902 4776 Σατανὶς.
2963 4717 3057 4767 καὶ
3109 4715 3176 4766 δι’
3219 4711 3293 4769 ῶν
3343 4715 3545 4768 κωλύει
3594 4719 3694 4783 τὴν

2120 4803 2199 4861 εἰς
2231 4801 2497 4869 οὐρανοὺς
2521 4802 2730 4854 ἄνοδον.
2763 4802 2829 4855 Ἥ
2891 4806 3249 4875 πειρατήριον
3310 4805 3428 4875 μὲν,
3480 4808 3508 4857 6
3553 4804 3694 4875 βίος,

2121 4895 2261 4944 κατὰ
2290 4893 2380 4944 τὸν
2396 4892 2540 4959 Ἰὼϐ,
2559 4896 2617 4948 ἐν
2631 4889 2671 4962 ᾧ
2695 4895 2919 4948 δελέατα
2939 4895 3154 4966 ἡδονῆς,
3173 4899 3264 4950 καὶ
3289 4897 3510 4967 παγίδες
3530 4898 3697 4952 (lavd-

2120 4999 2237 5047 του,
2291 4986 2384 5036 καὶ
2425 4986 2598 5056 λόχοι,
2639 4988 2735 5040 καὶ
2763 4987 3037 5057 πολέμιοι,
3067 4992 3248 5058 νοητο“ι
3282 4992 3377 5042 καὶ
3412 4990 3694 5059 αἰσθητοίο

2122 5077 2300 5143 τεῖχος
2331 5076 2410 5138 δὲ,
2447 5077 2505 5130 τὺ
2531 5078 2713 5148 σῶμα,
2742 5079 3189 5151 προϐεϐλημένον
3218 5082 3319 5149 τῆς
3365 5083 3565 5152 ψυχῆς,
3604 5086 3700 5136 καὶ

2121 5169 2473 5239 ἀποφράττον
2507 5171 2678 5242 αὐτὴν
2710 5171 2809 5236 τὰς
2836 5172 2992 5238 Θείας
3023 5173 3200 5243 αὐγάς
3225 5189 3240 5205 ⁸
3284 5174 3318 5243 ἦ
3350 5175 3444 5228 καὶ
3494 5176 3698 5244 τεῖχος,

1782 5459 1990 5521 Variae
2025 5459 2359 5528 lectiones.

505 5571 616 5639 (65)
640 5567 791 5622 Adde
818 5566 1012 5639 δῆμον,
1044 5562 1128 5618 vel
1157 5561 1335 5639 scribe
1374 5560 1650 5639 Ἰουδαῖον.

492 5629 613 5701 ι’ϐϋ)
650 5629 980 5707 ιὶιιροιιοῆν,
1011 5633 1202 5704 quani;
1225 5640 1280 5686 ut
1313 5631 1510 5709 legisse
1538 5631 1753 5688 videtur
1772 5629 2002 5688 Latinus
2036 5631 2328 5702 interpres.
