4110 6210
492 274 601 339 247

1711 284 2097 346 EUTHYMII
2136 285 2506 351 ZIGABENI

3638 288 3750 353 248

481 392 729 461 quinimo
758 408 888 449 eum
909 394 1231 452 inobediens
1255 413 1304 454 ei
1337 398 1501 453 etiam
1523 397 1709 462 fuerit,
1741 407 1795 451 et
1838 404 2060 452 contra-

2188 400 2266 454 ιὲν
2311 401 2517 468 αὐτῶν,
2562 406 2903 475 περιτρέψας
2952 405 3141 469 αὐτοῖς
3196 403 3289 458 τὸν
3337 403 3595 468 θάνατον,
3650 406 3751 459 καὶ

484 482 707 549 dixerit,
750 499 816 539 ac
848 485 1069 540 tandem
1098 502 1224 542 eum
1265 488 1553 552 occiderit,
1582 488 1849 542 liberatus
1877 487 1946 541 ah
1978 488 2061 544 eis

483 574 655 632 fuisse
680 577 901 645 dicitur,
935 586 991 634 et
1020 589 1243 651 ereptus
1267 598 1331 636 ea
1381 582 1592 635 ratione
1624 595 1639 633 :
1671 581 1797 649 quia
1829 592 2055 637 amorte

481 680 603 733 quae
662 664 768 721 illis
799 670 1068 738 permissa
1101 671 1299 738 fuerat,
1335 672 1658 737 resurrexit,
1699 680 1863 741 atque
1894 687 1924 725 a
1955 690 2052 728 cu-

2170 492 2434 563 άναστὰς,
2465 498 2559 551 καὶ
2587 496 2761 563 οὕτως
2777 498 3000 570 διαδρὰς
3022 498 3223 561 αὐτοὺς
3254 495 3752 566 κατασφαλισαμέ-

2166 603 2291 650 νους
2319 591 2410 642 τὸν
2439 591 2610 659 τάφον
2639 609 2652 622 ο
2678 594 2758 656 εἰς
2779 592 2849 646 τὰ
2876 592 3005 663 ἔθνη
3027 592 3084 646 δὲ
3103 591 3447 655 ἐϐασίλευσε,
3467 590 3567 659 τὴν
3593 589 3756 643 ἑκούιι

2160 694 2274 732 σεον
2310 683 2587 756 ὑποταγὴν
2606 685 2810 739 τούτων
2830 686 3139 756 δεξάμενοςο

482 758 702 814 ειοὰιιηι
754 762 1016 829 manibus
1071 765 1327 835 sepulcro
1358 765 1739 821 assistentium
1767 766 1983 819 evasit:
2016 776 2070 822 et
2109 783 2509 843 consequenter
2545 794 2714 849 super
2762 790 2951 850 gentes
3018 778 3307 850 regnavit:
3350 778 3757 835 voluntariam-

481 868 589 922 que
611 868 802 910 eorum
836 858 1237 928 subjectionem
1272 864 1541 931 suscepit.

554 944 730 1001 Vens.
762 949 853 1004 45.
919 949 1154 1020 Populus
1209 969 1361 1022 quem
1405 970 1509 1006 non
1563 955 1803 1024 cognovi,
1859 957 2066 1010 servivit

2237 962 2396 1028 Λαύς
2437 964 2511 1017 ὃν
2539 965 2651 1018 οὐκ
2708 964 2924 1034 ἔγνων,
2976 963 3313 1019 ἐδούλευσέ
3358 981 3483 1033 μοι.
3531 964 3679 1027 Aab:
3724 966 3756 1019 6

483 1038 634 1091 milii.
661 1039 909 1109 Populus
946 1044 1205 1097 nimirum
1239 1062 1303 1099 ex
1322 1046 1581 1116 gentibus
1612 1047 1706 1115 qui
1739 1047 1869 1100 mihi
1907 1056 2068 1103 antea

2198 1054 2226 1118 ξ
2273 1055 2443 1108 ἐθνῶν
2503 1056 2870 1126 ἀγνοούμενός
2920 1073 3010 1127 μοι
3067 1056 3218 1126 πρὶν,
3256 1055 3332 1117 ὡς
3389 1054 3605 1123 ἀγνοῶν
3640 1069 3750 1127 με’

483 1131 706 1200 ignotus
740 1141 861 1187 erat
904 1152 918 1188 :
954 1136 1119 1189 veluti
1171 1137 1269 1206 qui
1319 1153 1404 1191 me
1433 1145 1592 1190 antea
1620 1138 1929 1207 ignorabat.
1955 1139 2068 1195 ,Co-

480 1238 746 1292 gnoscere
778 1227 921 1280 enim
953 1227 1076 1283 illos
1123 1236 1336 1282 tantum
1396 1229 1601 1284 die-itur
1630 1232 1793 1297 Deus,
1824 1234 1916 1301 qui
1944 1250 2068 1287 eum

481 1327 844 1386 cognoscunt.

557 1410 625 1464 In
657 1410 905 1466 auditum
951 1414 1100 1467 auris
1136 1412 1361 1468 obedivit
1409 1415 1560 1469 mihi.
1599 1418 1714 1470 Hoc
1752 1426 1837 1472 est
1882 1418 1936 1472 in
1973 1424 2070 1473 a'u—

485 1503 602 1559 ditu
631 1505 784 1561 auris
811 1521 925 1561 sum
952 1522 1135 1561 meum
1173 1508 1418 1578 suscepit
1448 1508 1820 1579 Evangelium.

561 1593 729 1650 Vnus.
794 1597 881 1652 46.
923 1596 1055 1652 Filii
1113 1599 1278 1652 alieni
1311 1601 1521 1654 mentiti
1558 1611 1681 1655 sunt
1729 1603 1881 1656 mihi.
1918 1602 2073 1657 Hunc

488 1686 827 1742 versiculum
861 1689 1137 1758 prolatum
1168 1692 1665 1761 esseintelligimus
1689 1709 1751 1746 ex
1780 1693 2071 1764 Propheta:

493 1792 737 1845 persona.
789 1782 1067 1850 carpentis
1124 1779 1346 1837 Iudaeos
1378 1800 1390 1835 :
1422 1784 1567 1853 quod
1614 1785 1848 1855 patrium
1901 1801 2076 1856 genus

488 1871 701 1925 mentiti
737 1873 846 1926 sint
878 1891 891 1925 :
925 1874 1129 1943 quippe
1176 1875 1269 1942 qui
1303 1876 1672 1931 inscriberent
1728 1876 1989 1933 habuisse
2020 1894 2078 1932 se

486 1972 749 2031 parentes
775 1965 1050 2021 Abraham
1075 1978 1129 2022 et
1154 1967 1346 2033 David,
1376 1976 1429 2022 et
1472 1977 1654 2023 tamen
1683 1969 1965 2023 contraria
1998 1969 2072 2022 illi

488 2056 674 2109 studia
733 2057 844 2110 sint
899 2058 1113 2113 sectati.
1160 2058 1227 2113 Et
1271 2060 1413 2114 filios
1445 2060 1665 2128 quidem
1692 2074 1791 2114 eos
1820 2061 2074 2129 appellat,

490 2163 616 2204 cum
661 2149 730 2204 ab
755 2148 876 2219 ipso
906 2148 1309 2207 descenderent
1342 2168 1354 2203 :
1391 2150 1603 2206 alienos
1658 2166 1809 2215 vero,
1859 2159 2079 2221 propter

488 2256 702 2297 morum
738 2256 802 2296 ac
838 2242 1148 2299 studiorum
1177 2243 1720 2300 dissimilitudinem.

558 2330 697 2387 Filii
747 2334 910 2388 alieni
956 2336 1234 2389 inveterati
1286 2344 1432 2399 sunt,
1464 2345 1516 2389 et
1566 2337 1998 2390 clnudicaverunt
2045 2355 2078 2390 α

486 2423 690 2476 semitis
743 2424 879 2477 suis.
912 2424 1080 2479 Pauci
1120 2440 1183 2478 ac
1220 2426 1425 2480 nullius
1452 2427 1609 2494 pretii
1638 2426 1895 2481 a'stimati
1925 2437 2076 2489 sunt,

489 2521 654 2582 atque
689 2514 915 2568 inutiles
942 2514 1142 2580 effecti,
1176 2531 1432 2571 vasorum
1464 2527 1705 2597 veterum
1738 2519 1931 2573 instar.
1968 2518 2079 2575 Hoc

492 2612 672 2660 autem
703 2605 921 2659 illorum
958 2608 1170 2662 scelere
1208 2607 1460 2663 ell‘ectum
1489 2618 1595 2665 est.
1632 2610 2079 2666 Claudicareruut

491 2692 663 2760 enim,
691 2694 796 2749 hoc
827 2702 936 2762 est,
994 2710 1253 2764 perverse
1301 2699 1487 2754 aversi
1516 2711 1643 2754 sunt
1670 2717 1701 2754 a
1736 2702 1820 2755 via
1857 2702 2080 2755 manda-

488 2795 669 2840 torum
693 2785 809 2852 Dei,
853 2802 959 2857 qua
989 2788 1349 2858 gradiendum
1382 2792 1463 2846 eis
1503 2807 1627 2847 esse
1658 2792 1916 2849 Dominus
1939 2812 2078 2866 pra:-

491 2889 733 2947 ceperat.
792 2878 1127 2935 Claudorum
1180 2882 1328 2937 enim
1395 2899 1620 2954 gressus
1671 2885 1878 2956 obliqui
1952 2898 2080 2942 Sttnl.

492 2966 564 3024 ob
601 2970 984 3041 campaginum
1018 2972 1419 3042 obliquitatem.

2170 1147 2429 1214 γινώσκει
2465 1148 2577 1218 γάρ
2610 1151 2815 1221 Κύριος
2842 1150 2969 1214 τοὺς
3000 1150 3165 1203 αὑτὸν
3194 1148 3598 1218 γινώσκοντας.

2250 1411 2353 1475 Sic
2405 1410 2604 1477 ἀκοὴν
2660 1410 2837 1463 ὠτίου
2888 1408 3205 1474 ὑπήκουσὲ
3267 1427 3407 1477 μου.
3468 1408 3557 1462 Ἐν
3621 1409 3758 1480 ἀκοῇ

2180 1501 2345 1553 ὠτίου
2391 1502 2731 1573 παρεδέξατὸ
2760 1521 2861 1572 μου
2892 1503 2953 1555 τὸ
2986 1503 3340 1570 Εὑαγγέλιον.

2258 1596 2379 1650 Υἱοὶ
2429 1597 2737 1665 ἀλλότριοι
2781 1597 3133 1665 ἐψεύσαντο
3163 1612 3285 1663 μοι.
3318 1594 3483 1646 Τουτὶ
3508 1593 3569 1646 τὸ
3593 1594 3763 1664 ῥητὸν

2180 1692 2288 1744 ἀπὸ
2333 1689 2428 1744 τοῦ
2512 1692 2797 1760 Προφήτου
2849 1690 3140 1758 νοήσομεν,
3201 1686 3619 1756 καθαπτομένου
3650 1685 3763 1739 τῶν

2192 1782 2467 1836 Ἰουδαίων
2500 1783 2562 1834 τὸ
2603 1782 2781 1849 γένος.
2825 1781 3255 1851 Ἐπιγράφοντες
3289 1782 3397 1849 γάρ
3426 1779 3642 1839 ἑαυτοῖς
3670 1778 3763 1830 τὸν

2181 1877 2393 1946 πατέρα
2421 1876 2511 1930 τὸν
2550 1876 2820 1945 Ἀϐραὰμ,
2851 1874 2946 1927 καὶ
2968 1875 3057 1927 τὸν
3083 1871 3268 1935 Δασὶδ,
3290 1870 3510 1924 ἐναντία
3537 1868 3753 1931 τούτοις

2180 1972 2529 2040 ἐπετήδευον.
2561 1972 2672 2024 Καὶ
2718 1970 2868 2031 υἱοὺς
2902 1969 2999 2039 μὲν
3048 1966 3246 2029 αὐτοὺς
3276 1965 3448 2033 λέγει,
3481 1964 3569 2017 διὰ
3611 1964 3671 2016 τὸ
3701 1962 3763 2029 ἐξ

2180 2064 2346 2117 αὑτοῦ
2375 2063 2715 2130 κατάγεσθαι
2741 2077 2754 2089 ·
2784 2059 3099 2127 ἀλλοτρίους
3130 2058 3209 2123 δὲ,
3240 2057 3330 2111 διὰ
3359 2057 3460 2126 τὴν
3503 2055 3612 2108 τῶν
3639 2056 3762 2124 τρὸο

2179 2176 2299 2212 πων
2330 2159 2709 2227 ἀνομοιότητα.

2260 2339 2378 2393 Υιοι
2429 2340 2735 2406 ἀλλότριοι
2764 2334 3252 2401 ἐπαλαιώθησιιν,
3294 2331 3393 2385 καὶ
3445 2329 3763 2397 excolam

2180 2431 2298 2485 ἀπὸ
2350 2430 2469 2484 τῶν
2521 2429 2737 2497 τρίϐων
2783 2425 3003 2482 αὐτῶν.
3052 2423 3456 2493 Ἦτιμώθησαν,
3498 2420 3761 2489 ἄχρηστοι

2182 2524 2465 2591 γεγόνασι,
2535 2522 2691 2594 δίκην
2734 2521 2943 2574 σκευῶν
2998 2516 3492 2587 πεπαλαιωμένων,
3535 2513 3623 2567 διὰ
3658 2511 3764 2573 τάς

2183 2618 2448 2687 πονηρίας
2506 2614 2706 2669 αὐτῶν.
2785 2614 3128 2681 Ἐχώλαναν
3172 2610 3248 2674 δὲ,
3295 2607 3594 2667 τουτέστ.ν,
3645 2603 3764 2671 ἡτι-

2184 2709 2448 2779 μώθησαν
2488 2710 2580 2760 καὶ
2629 2707 3066 2778 παρετράπησαν
3125 2703 3232 2756 άπὸ
3264 2702 3362 2771 τῆς
3403 2699 3492 2753 διὰ
3532 2696 3642 2749 τῶν
3680 2696 3764 2749 ὲν·

2180 2802 2352 2856 τολῶν
2393 2800 2707 2871 ὁρισθείσης
2772 2798 2954 2861 αὐτοῖς
3003 2793 3146 2849 ὁδοῦ.
3196 2794 3302 2847 Τοῦ
3356 2788 3535 2863 χωλοῦ
3565 2789 3675 2855 γὰρ
3725 2787 3761 2854 ἡ

2183 2896 2401 2967 πορεία,
2443 2889 2974 2963 παρατετραμμένη,
3004 2888 3092 2942 διὰ
3126 2887 3225 2959 τὴν
3255 2882 3619 2954 παρατροπὴν
3651 2880 3762 2933 τῶν

2182 2987 2483 3057 ἁρμονιῶν.

565 3063 733 3119 Vens.
763 3066 853 3121 47.
905 3065 1037 3122 Vivit
1077 3067 1356 3124 Dominus.
1395 3070 1518 3125 llaec
1555 3081 1641 3126 est
1678 3075 1958 3142 prophetia
2011 3074 2075 3131 de

2252 3079 2339 3147 Ζῇ
2385 3079 2621 3145 Κύριος.
2680 3073 2853 3129 Τοῦτο
2881 3074 3010 3143 περὶ
3035 3074 3136 3139 τῆς
3181 3068 3534 3128 ἀναστάσεως
3571 3068 3596 3117 ὁ
3649 3065 3758 3116 Δα-

491 3156 900 3211 resurrcctionc
928 3157 1164 3223 Domini,
1189 3177 1353 3230 quam
1386 3163 1640 3230 prtedixit
1671 3166 1865 3220 beatus
1903 3166 2071 3223 David

495 3245 570 3301 ad
600 3246 917 3303 Iudaeorum
949 3251 1165 3304 illorum
1199 3253 1644 3320 instructionem,
1673 3258 1765 3326 qui
1790 3258 2073 3314 Christum

497 3351 779 3396 mortuum
800 3341 979 3397 adhuc
1002 3359 1124 3398 esse
1160 3345 1482 3410 credebant,
1507 3348 1753 3403 clamans
1788 3351 2077 3407 Dominum

494 3433 706 3501 vivere,
740 3449 807 3489 eo
834 3435 981 3503 quod
1010 3438 1338 3491 resurrexit.

574 3523 642 3578 Et
670 3526 971 3580 benedictus
1002 3526 1161 3583 Dens.
1195 3528 1397 3600 Dignus
1423 3538 1509 3587 est
1536 3531 1804 3602 siquidem
1836 3536 2082 3593 benedici

495 3628 551 3673 et
582 3617 818 3672 laudari.

568 3710 637 3766 Et
667 3713 931 3768 exaltetur
961 3714 1098 3768 Deus
1129 3714 1322 3769 salutis
1354 3732 1501 3772 mete.
1533 3716 1795 3774 Oratione
1825 3736 1889 3775 ac
1937 3723 2081 3777 votis

2182 3174 2265 3225 ϐἰδ
2315 3171 2703 3242 προαναφωνεῖ
2781 3169 2893 3230 τοῖς
2969 3162 3423 3231 ὑπολαμϐάνουσι
3500 3155 3762 3210 τεθνάναι

2181 3265 2272 3317 τὸν
2332 3262 2570 3333 Χριστὸν
2644 3259 2943 3323 Ἰουδαίοις,
3015 3256 3175 3328 βοῶν,
3232 3255 3315 3308 ὅτι
3384 3251 3451 3322 ζῇ
3480 3269 3496 3282 ο
3558 3250 3760 3318 ἀνέστη

2182 3357 2311 3425 γάρ.

2253 3531 2599 3599 Εὐλογητὸς
2662 3533 2695 3583 ὁ
2735 3528 2900 3594 Θεός.
2946 3525 3129 3590 ’Ἄξιος
3173 3542 3198 3576 ε
3269 3522 3609 3590 εὐλογεῖσθαι
3669 3520 3767 3573 καὶ
3864 3570 3867 3571 ,

2187 3623 2584 3692 εὖφημεῖσθαι.

2264 3713 2588 3781 ’Υψωθήτω
2613 3716 2646 3766 ό
2668 3713 2812 3777 Θεὸς
2840 3712 2949 3780 τῆς
2972 3711 3271 3778 σωτηρίας
3286 3727 3427 3777 μου.
3462 3706 3767 3761 Ἐπωπεύ-

498 3806 616 3861 suis
646 3806 916 3876 Propheta
981 3806 1261 3862 Christum
1318 3808 1386 3863 ad
1418 3811 1813 3866 Ascensionem
1873 3816 2075 3869 accele-

2188 3809 2261 3861 δει
2294 3805 2456 3860 αὐτὸν
2488 3807 2566 3867 εἰς
2618 3804 2720 3876 τὴν
2762 3804 3053 3872 ἀνάληψιν,
3079 3804 3228 3865 ὅπως
3258 3800 3535 3863 ἀπελθὼν,
3571 3798 3767 3868 πέμψῃ

498 3900 1081 3963 rat,utParacletum
1134 3901 1201 3954 ad
1259 3902 1541 3970 apostolos
1594 3906 1829 3970 mittat,
1881 3909 1970 3976 qui
2028 3908 2075 3960 in

2188 3904 2276 3953 τὸν
2300 3897 2661 3969 Παράκλητον
2688 3898 2800 3958 τοῖς
2832 3895 3175 3958 ἀποστόλοις,
3246 3894 3529 3960 μέλλουσιν
3559 3890 3770 3943 ὁδεύειν

499 3989 773 4060 Evangelii
808 3991 1258 4061 praedicationem
1295 3993 1426 4047 ituri
1463 4003 1643 4051 erant.
1692 3997 1893 4051 Verum
1948 3998 2075 4051 olim

2188 3990 2280 4042 ἐπὶ
2297 3990 2358 4041 τὸ
2394 3989 2661 4058 κήρυγμα
2691 4005 2704 4017 ’
2731 3986 2866 4039 ἀλλὰ
2898 3986 3068 4040 πάλαι
3121 3986 3219 4055 μὲν
3253 3982 3321 4055 ἦν
3370 3986 3399 4037 ὁ
3463 3982 3590 4041 Υἱὸς
3633 3980 3770 4042 Θεδς

498 4082 694 4147 Filius,
727 4081 1025 4137 creationis
1063 4081 1228 4146 Deus,
1256 4099 1400 4138 nunc
1430 4094 1613 4141 autem
1647 4094 1701 4141 et
1726 4087 2075 4143 reformatio-

2188 4082 2442 4142 πλάσεως
2466 4100 2480 4114 ο
2508 4081 2602 4132 νῦν
2623 4081 2703 4146 δὲ,
2738 4080 2870 4143 Θεὸς
2896 4080 3277 4143 άναπλάσεως,
3313 4079 3432 4150 ἦτοι
3470 4075 3765 4145 σωτηρίας.

499 4174 587 4228 nis
621 4172 761 4229 Deus
794 4183 899 4239 est,
929 4174 980 4228 id
1006 4183 1110 4238 est,
1144 4175 1358 4231 salutis.
1398 4177 1670 4247 Apposuit
1729 4179 1895 4233 etiam
1946 4179 2075 4233 Pro.

2188 4176 2299 4245 Τὴν
2311 4175 2366 4226 δὲ
2376 4172 2496 4243 μοῦ
2512 4173 2721 4225 ἀντωνυ
2731 4172 2859 4240 μίαν
2871 4170 3176 4239 προσέθηκε
3186 4214 3198 4232 ,
3208 4166 3464 4222 κοινωνού
3472 4183 3630 4235 μενος
3644 4167 3770 4217 ἐαυ-

501 4263 663 4333 pbeta
692 4279 993 4333 pronomen
1023 4279 1152 4317 mete
1182 4303 1197 4328 ,
1227 4272 1287 4317 ut
1347 4265 1450 4320 sibi
1509 4266 1825 4319 communia
1882 4264 2075 4322 facerel

2188 4266 2265 4335 τῷ
2281 4265 2351 4318 τὰ
2382 4265 2648 4335 ἡμέτερα.
2672 4263 2830 4316 ’Ἐστι
2854 4262 2910 4314 δὲ
2935 4264 3027 4315 καὶ
3052 4261 3226 4324 ἄλλως
3246 4259 3386 4314 κατὰ
3420 4260 3522 4327 τὴν
3546 4257 3636 4310 τοῦ
3664 4259 3766 4310 Δα-

499 4372 619 4426 ιιιιέ
654 4364 842 4411 nostra
871 4364 1021 4410 sunt.
1055 4355 1353 4411 Possumus
1391 4365 1445 4409 et
1500 4357 1657 4410 aliter
1715 4372 1779 4412 es
1843 4374 2075 4429 persona

2190 4357 2277 4411 διδ
2311 4355 2571 4409 ὑπόθεσιν
2600 4356 2799 4417 εἰπεῖν,
2823 4355 2905 4406 ὅτι
2940 4351 3026 4419 Ζῇ
3065 4353 3300 4419 Κύριος,
3334 4349 3633 4410 τουτέστιν,
3677 4348 3768 4453 of-

502 4446 789 4515 Propheta:
824 4444 1131 4513 intelligere
1187 4462 1200 4497 :
1276 4443 1415 4499 Vivit
1451 4445 1706 4502 Dominus
1737 4488 1752 4512 ,
1810 4450 1912 4504 hoc
1959 4459 2075 4515 estl

2188 4448 2300 4511 διός
2339 4449 2511 4507 ἐστιν,
2542 4448 2677 4515 μήτε
2711 4443 2885 4515 ἀρχὴν
2938 4444 3074 4513 μήτε
3131 4441 3305 4512 πέρας
3340 4439 3503 4509 ἔχων,
3552 4437 3667 4491 ἀλλ’
3692 4435 3771 4490 ὥν

504 4541 872 4607 sempiternus
896 4546 1001 4596 est.
1024 4551 1124 4589 nec
1150 4536 1484 4607 principium
1512 4539 1741 4605 habens,
1776 4558 1873 4596 nec
1901 4544 2085 4609 linem,

507 4630 603 4683 sed
633 4644 847 4699 semper
873 4627 1169 4684 exsistens.
1201 4628 1483 4684 Admiseet
1555 4645 1791 4700 namque
1812 4633 2084 4702 Propheta

506 4734 887 4797 smpenumem
904 4720 1155 4788 dogmata
1178 4721 1523 4775 sernmnibus
1549 4723 1667 4778 suis
1691 4724 1757 4777 ad
1783 4724 2077 4794 legentium

508 4811 819 4864 utilitatem.
847 4810 1159 4865 Benedictus
1182 4821 1363 4866 autem
1405 4822 1624 4883 propter
1653 4813 1740 4867 illa
1765 4815 2083 4871 admiranda

503 4918 624 4971 quae
654 4904 798 4956 fecit.
841 4902 1122 4956 Exaltetur
1154 4918 1305 4969 vero,
1355 4902 1406 4957 id
1432 4913 1517 4961 est
1559 4921 1787 4977 magnus
1841 4922 1870 4960 a
1926 4908 2084 4962 nobis

505 4995 869 5049 existimetur.

584 5085 749 5141 Vens.
782 5088 871 5142 48.
913 5088 1050 5142 Deus
1076 5090 1165 5157 qui
1194 5090 1288 5143 dat
1317 5091 1576 5145 vindictas
1607 5092 1753 5155 mihi,
1778 5101 1827 5146 et
1858 5093 2082 5162 subjecit

505 5180 730 5248 populos
768 5182 862 5230 sub
918 5196 1018 5235 me.
1070 5180 1342 5236 Vindictas
1394 5181 1461 5235 de
1512 5182 1752 5237 inimicis
1804 5184 2081 5237 nimirum.

510 5269 749 5337 Populos
775 5277 957 5324 autem
986 5284 1124 5338 quos
1161 5272 1417 5340 aubjecit,
1445 5272 1686 5339 intellige
1717 5271 1956 5337 Iudaeos,
1992 5276 2084 5343 qui

513 5364 676 5418 simul
702 5379 825 5419 cum
861 5363 1025 5417 Saule
1056 5364 1349 5419 adversum
1381 5363 1560 5432 ipsum
1590 5367 1910 5434 pugnabant
1938 5389 1947 5420 :
1991 5370 2083 5435 qui

519 5456 732 5509 tandem
766 5455 849 5510 vel
877 5455 1031 5509 inviti
1068 5456 1116 5509 ci
1163 5456 1572 5510 succubuerunt
1601 5464 1657 5509 ut
1692 5458 1828 5526 regi.
1858 5456 2011 5522 Quod
2039 5460 2082 5512 si

2186 4542 2275 4594 ἀεί
2298 4558 2312 4572 υ
2346 4538 2728 4609 παραμίγνυσι.
2754 4538 2866 4606 γὰρ
2896 4534 3044 4589 ἔστιν
3073 4527 3134 4587 οὗ
3166 4534 3260 4586 καὶ
3299 4534 3476 4602 δόγμα
3514 4532 3631 4592 τοῖς
3686 4530 3771 4581 λό-

2185 4651 2303 4704 γοις
2338 4633 2366 4684 ὁ
2391 4631 2710 4700 Προφήτης,
2740 4626 2832 4681 διὰ
2858 4626 2957 4696 τὴν
2995 4627 3104 4679 τῶν
3150 4623 3591 4693 ἐντυγχανόντων
3625 4620 3771 4687 ὠφέ-

2193 4726 2361 4777 λειαν.
2455 4717 2805 4788 Εὐλογητὸς
2894 4718 2972 4783 δὲ,
3022 4718 3089 4771 δι’
3142 4716 3178 4770 ὰ
3245 4714 3503 4784 ἐποίησεν
3555 4712 3771 4782 θαύμα-

2197 4835 2306 4870 σια.
2381 4810 2695 4882 Ύψωθήτω
2757 4809 2837 4875 δὲ,
2886 4811 3006 4869 ἀντὶ
3060 4808 3177 4874 τοῦ,
3221 4807 3399 4878 μέγας
3463 4804 3771 4874 λογισθήτω

2195 4912 2347 4980 ἡμῖν.

2277 5092 2331 5144 Ὀ
2365 5092 2509 5157 Θεὸς
2540 5094 2572 5144 ὁ
2600 5090 2801 5154 διδους
2842 5086 3183 5155 ἐκδικήσει(
3216 5086 3368 5154 ἐμοὶ,
3406 5082 3504 5137 καί
3544 5078 3770 5135 ὐποτὰσ

2196 5186 2306 5250 ξας
2337 5184 2526 5248 λαοὺς
2556 5184 2657 5237 ὑπ’
2689 5182 2811 5251 ἐμὲ.
2858 5181 3196 5247 Ἐκδικήσεις
3216 5177 3358 5232 κατὰ
3391 5177 3501 5229 τῶν
3524 5174 3737 5245 ἐχθρῶν
3759 5190 3771 5199 ·

2198 5277 2469 5343 ὑποτάξας
2507 5277 2564 5328 δὲ
2609 5277 2737 5338 τοὺς
2803 5274 2891 5327 διὰ
2924 5274 3016 5325 τὸν
3048 5273 3222 5326 Σαοὺλ
3284 5267 3660 5336 πολεμοῦντάς
3706 5282 3773 5330 με

2210 5367 2497 5427 Ἰουδαίους
2523 5364 2660 5434 (68),
2685 5360 2795 5416 οἷον
2826 5367 2920 5417 καὶ¹
2950 5363 3179 5424 ἄκοντες
3238 5360 3356 5425 νῦν,
3419 5357 3494 5418 ὡς
3562 5351 3774 5425 βασιλεί

2202 5477 2313 5527 μοι,
2357 5456 2667 5525 ὑπέκυψαν.
2713 5456 2834 5507 Ἐπὶ
2866 5455 2920 5507 δὲ
2950 5454 3046 5506 τοῦ
3083 5451 3324 5525 Χριστοῦ
3374 5445 3596 5518 ’νοήσεις
3630 5445 3773 5497 ἐκδι-

1851 5638 2048 5701 Variaa
2081 5640 2391 5708 lectiones

582 5731 693 5806 (68)
728 5734 799 5790 ἴσ.
835 5737 905 5792 οἵ.
