  <div class='ocr_page' id='page_1' title='image "/cluster/home/n/w/nwhite01/storage/ocr_20150623/128/hvd.32044073502403/130.png"; bbox 0 0 4054 6210; ppageno 0'>
   <div class='ocr_carea' id='block_1_1' title="bbox 248 343 342 407">
    <p class='ocr_par' dir='ltr' id='par_1_1' title="bbox 248 343 342 407">
     <span class='ocr_line' id='line_1_1' title="bbox 248 343 342 407; baseline -0.021 0"><span class='ocrx_word' id='word_1_1' title='bbox 248 343 342 407; x_wconf 67' lang='grc'><strong>249</strong></span> 
     </span>
    </p>
   </div>
   <div class='ocr_carea' id='block_1_2' title="bbox 1439 348 2328 415">
    <p class='ocr_par' dir='ltr' id='par_1_2' title="bbox 1439 348 2328 415">
     <span class='ocr_line' id='line_1_2' title="bbox 1439 348 2328 415; baseline -0.001 0"><span class='ocrx_word' id='word_1_2' title='bbox 1439 349 1829 415; x_wconf 80' lang='lat' dir='ltr'><strong>COMMENT.</strong></span> <span class='ocrx_word' id='word_1_3' title='bbox 1850 348 1934 409; x_wconf 85' lang='lat' dir='ltr'><strong>IN</strong></span> <span class='ocrx_word' id='word_1_4' title='bbox 1957 350 2328 415; x_wconf 80' lang='lat' dir='ltr'><strong>PSALMUS.</strong></span> 
     </span>
    </p>
   </div>
   <div class='ocr_carea' id='block_1_3' title="bbox 3384 360 3493 424">
    <p class='ocr_par' dir='ltr' id='par_1_3' title="bbox 3384 360 3493 424">
     <span class='ocr_line' id='line_1_3' title="bbox 3384 360 3493 424; baseline 0.037 -5"><span class='ocrx_word' id='word_1_5' title='bbox 3384 360 3493 424; x_wconf 67' lang='lat'><strong>230</strong></span> 
     </span>
    </p>
   </div>
   <div class='ocr_carea' id='block_1_4' title="bbox 246 464 1826 548">
    <p class='ocr_par' dir='ltr' id='par_1_4' title="bbox 246 464 1819 542">
     <span class='ocr_line' id='line_1_4' title="bbox 246 464 1819 542; baseline 0.003 -25"><span class='ocrx_word' id='word_1_6' title='bbox 246 467 427 535; x_wconf 75' lang='grc' dir='ltr'>κήσεις</span> <span class='ocrx_word' id='word_1_7' title='bbox 476 464 578 535; x_wconf 80' lang='grc' dir='ltr'><strong>μὲν</strong></span> <span class='ocrx_word' id='word_1_8' title='bbox 633 467 775 520; x_wconf 81' lang='grc' dir='ltr'>κατὰ</span> <span class='ocrx_word' id='word_1_9' title='bbox 830 466 940 521; x_wconf 83' lang='grc' dir='ltr'>τῶν</span> <span class='ocrx_word' id='word_1_10' title='bbox 987 468 1281 538; x_wconf 75' lang='grc' dir='ltr'>Ἐϐραίων,</span> <span class='ocrx_word' id='word_1_11' title='bbox 1328 469 1819 542; x_wconf 77' lang='grc' dir='ltr'>ἐξολοθρευθέντων</span> 
     </span>
    </p>
   </div>
   <div class='ocr_carea' id='block_1_5' title="bbox 1929 464 3500 548">
    <p class='ocr_par' dir='ltr' id='par_1_5' title="bbox 1929 474 3500 548">
     <span class='ocr_line' id='line_1_5' title="bbox 1929 474 3500 548; baseline 0.001 -19"><span class='ocrx_word' id='word_1_12' title='bbox 1929 475 1990 529; x_wconf 85' lang='lat' dir='ltr'><strong>de</strong></span> <span class='ocrx_word' id='word_1_13' title='bbox 2016 474 2239 530; x_wconf 77' lang='lat' dir='ltr'><strong>Christo</strong></span> <span class='ocrx_word' id='word_1_14' title='bbox 2271 475 2562 546; x_wconf 83' lang='lat' dir='ltr'><strong>intelligas,</strong></span> <span class='ocrx_word' id='word_1_15' title='bbox 2595 492 2691 545; x_wconf 83' lang='lat' dir='ltr'><strong>per</strong></span> <span class='ocrx_word' id='word_1_16' title='bbox 2717 477 2986 531; x_wconf 84' lang='lat' dir='ltr'><strong>vindictas</strong></span> <span class='ocrx_word' id='word_1_17' title='bbox 3007 493 3066 531; x_wconf 81' lang='lat' dir='ltr'><strong>ra</strong></span> <span class='ocrx_word' id='word_1_18' title='bbox 3092 478 3353 543; x_wconf 69' lang='lat' dir='ltr'><strong>intellige,</strong></span> <span class='ocrx_word' id='word_1_19' title='bbox 3378 495 3500 548; x_wconf 62' lang='lat' dir='ltr'><strong>qua;</strong></span> 
     </span>
    </p>
   </div>
   <div class='ocr_carea' id='block_1_6' title="bbox 245 556 1820 632">
    <p class='ocr_par' dir='ltr' id='par_1_6' title="bbox 245 556 1820 632">
     <span class='ocr_line' id='line_1_6' title="bbox 245 556 1820 632; baseline 0.002 -20"><span class='ocrx_word' id='word_1_20' title='bbox 245 556 343 612; x_wconf 77' lang='grc' dir='ltr'><strong>ὖπδ</strong></span> <span class='ocrx_word' id='word_1_21' title='bbox 382 558 676 629; x_wconf 70' lang='grc' dir='ltr'>Ῥωμαίων</span> <span class='ocrx_word' id='word_1_22' title='bbox 706 574 721 588; x_wconf 83' lang='grc'><strong>⁸</strong></span> <span class='ocrx_word' id='word_1_23' title='bbox 785 559 1068 631; x_wconf 77' lang='grc' dir='ltr'><strong>ὑποταγὴν</strong></span> <span class='ocrx_word' id='word_1_24' title='bbox 1114 560 1171 613; x_wconf 76' lang='grc' dir='ltr'><strong>δὲ</strong></span> <span class='ocrx_word' id='word_1_25' title='bbox 1226 561 1394 626; x_wconf 85' lang='grc' dir='ltr'>λαῶν,</span> <span class='ocrx_word' id='word_1_26' title='bbox 1449 563 1547 632; x_wconf 72' lang='grc' dir='ltr'><strong>τὴν</strong></span> <span class='ocrx_word' id='word_1_27' title='bbox 1596 562 1706 617; x_wconf 82' lang='grc' dir='ltr'><strong>τῶν</strong></span> <span class='ocrx_word' id='word_1_28' title='bbox 1759 561 1820 627; x_wconf 75' lang='grc' dir='ltr'><strong>ἑξ</strong></span> 
     </span>
    </p>
   </div>
   <div class='ocr_carea' id='block_1_7' title="bbox 242 652 631 729">
    <p class='ocr_par' dir='ltr' id='par_1_7' title="bbox 242 652 631 729">
     <span class='ocr_line' id='line_1_7' title="bbox 242 652 631 729; baseline 0.01 -25"><span class='ocrx_word' id='word_1_29' title='bbox 242 652 429 706; x_wconf 70' lang='grc' dir='ltr'>ἐθνῶν.</span> <span class='ocrx_word' id='word_1_30' title='bbox 630 724 631 729; x_wconf 16' lang='grc' dir='ltr'><strong>η</strong></span> 
     </span>
    </p>
   </div>
   <div class='ocr_carea' id='block_1_8' title="bbox 315 730 1825 817">
    <p class='ocr_par' dir='ltr' id='par_1_8' title="bbox 315 730 1825 817">
     <span class='ocr_line' id='line_1_8' title="bbox 315 730 1825 817; baseline 0.002 -19"><span class='ocrx_word' id='word_1_31' title='bbox 315 745 380 798; x_wconf 90' lang='grc'><strong>⁸0</strong></span> <span class='ocrx_word' id='word_1_32' title='bbox 402 730 642 812; x_wconf 73' lang='grc' dir='ltr'>,ὀύστηζ-</span> <span class='ocrx_word' id='word_1_33' title='bbox 670 763 789 815; x_wconf 85' lang='grc' dir='ltr'><strong>μου</strong></span> <span class='ocrx_word' id='word_1_34' title='bbox 850 746 920 811; x_wconf 79' lang='grc' dir='ltr'><strong>ἐξ</strong></span> <span class='ocrx_word' id='word_1_35' title='bbox 966 746 1199 816; x_wconf 81' lang='grc' dir='ltr'><strong>ἐχθρῶν</strong></span> <span class='ocrx_word' id='word_1_36' title='bbox 1231 766 1351 817; x_wconf 87' lang='grc' dir='ltr'>μου</span> <span class='ocrx_word' id='word_1_37' title='bbox 1391 749 1664 817; x_wconf 72' lang='grc' dir='ltr'>ὀργίλων.</span> <span class='ocrx_word' id='word_1_38' title='bbox 1718 748 1825 801; x_wconf 81' lang='grc' dir='ltr'><strong>Εὐ-</strong></span> 
     </span>
    </p>
   </div>
   <div class='ocr_carea' id='block_1_9' title="bbox 241 837 1821 912">
    <p class='ocr_par' dir='ltr' id='par_1_9' title="bbox 241 837 1821 912">
     <span class='ocr_line' id='line_1_9' title="bbox 241 837 1821 912; baseline 0.004 -23"><span class='ocrx_word' id='word_1_39' title='bbox 241 837 495 906; x_wconf 76' lang='grc' dir='ltr'>χαριστεα</span> <span class='ocrx_word' id='word_1_40' title='bbox 519 837 694 891; x_wconf 85' lang='grc' dir='ltr'>ταῦτα</span> <span class='ocrx_word' id='word_1_41' title='bbox 719 839 857 909; x_wconf 82' lang='grc' dir='ltr'>πρὸς</span> <span class='ocrx_word' id='word_1_42' title='bbox 890 840 1026 893; x_wconf 80' lang='grc' dir='ltr'>Θεὸν</span> <span class='ocrx_word' id='word_1_43' title='bbox 1062 840 1260 904; x_wconf 78' lang='grc' dir='ltr'>πάντα,</span> <span class='ocrx_word' id='word_1_44' title='bbox 1311 843 1392 903; x_wconf 69' lang='grc' dir='ltr'>εἰς</span> <span class='ocrx_word' id='word_1_45' title='bbox 1449 841 1665 895; x_wconf 76' lang='grc' dir='ltr'>εὐθεῖαν</span> <span class='ocrx_word' id='word_1_46' title='bbox 1721 841 1821 912; x_wconf 78' lang='grc' dir='ltr'><strong>μὲν</strong></span> 
     </span>
    </p>
   </div>
   <div class='ocr_carea' id='block_1_10' title="bbox 243 929 1816 1002">
    <p class='ocr_par' dir='ltr' id='par_1_10' title="bbox 243 929 1816 1002">
     <span class='ocr_line' id='line_1_10' title="bbox 243 929 1816 1002; baseline 0.006 -22"><span class='ocrx_word' id='word_1_47' title='bbox 243 929 856 998; x_wconf 67' lang='grc' dir='ltr'>μεταχηματισθέντα,</span> <span class='ocrx_word' id='word_1_48' title='bbox 894 930 1165 1002; x_wconf 76' lang='grc' dir='ltr'>κλητικῆς</span> <span class='ocrx_word' id='word_1_49' title='bbox 1214 933 1269 985; x_wconf 80' lang='grc' dir='ltr'><strong>δὲ</strong></span> <span class='ocrx_word' id='word_1_50' title='bbox 1325 933 1557 1002; x_wconf 79' lang='grc' dir='ltr'>δύναμιν</span> <span class='ocrx_word' id='word_1_51' title='bbox 1605 934 1816 1002; x_wconf 76' lang='grc' dir='ltr'>ἔχοντα.</span> 
     </span>
    </p>
   </div>
   <div class='ocr_carea' id='block_1_11' title="bbox 248 1019 1818 1093">
    <p class='ocr_par' dir='ltr' id='par_1_11' title="bbox 248 1019 1818 1093">
     <span class='ocr_line' id='line_1_11' title="bbox 248 1019 1818 1093; baseline 0.004 -22"><span class='ocrx_word' id='word_1_52' title='bbox 248 1019 510 1089; x_wconf 79' lang='grc' dir='ltr'>Ἐχθροὺς</span> <span class='ocrx_word' id='word_1_53' title='bbox 540 1020 596 1074; x_wconf 75' lang='grc' dir='ltr'><strong>δὲ</strong></span> <span class='ocrx_word' id='word_1_54' title='bbox 623 1020 875 1092; x_wconf 78' lang='grc' dir='ltr'>ὀργίλους</span> <span class='ocrx_word' id='word_1_55' title='bbox 892 1023 1042 1089; x_wconf 80' lang='grc' dir='ltr'>λέγει</span> <span class='ocrx_word' id='word_1_56' title='bbox 1099 1026 1224 1086; x_wconf 79' lang='grc' dir='ltr'>τοὺς</span> <span class='ocrx_word' id='word_1_57' title='bbox 1276 1024 1424 1093; x_wconf 75' lang='grc' dir='ltr'><strong>ἀμφὶ</strong></span> <span class='ocrx_word' id='word_1_58' title='bbox 1466 1026 1558 1079; x_wconf 80' lang='grc' dir='ltr'><strong>τὸν</strong></span> <span class='ocrx_word' id='word_1_59' title='bbox 1618 1026 1818 1091; x_wconf 84' lang='grc' dir='ltr'>Σαοὺλ,</span> 
     </span>
    </p>
   </div>
   <div class='ocr_carea' id='block_1_12' title="bbox 240 1106 1819 1186">
    <p class='ocr_par' dir='ltr' id='par_1_12' title="bbox 240 1106 1819 1186">
     <span class='ocr_line' id='line_1_12' title="bbox 240 1106 1819 1186; baseline 0.009 -29"><span class='ocrx_word' id='word_1_60' title='bbox 240 1106 510 1173; x_wconf 76' lang='grc' dir='ltr'>μηδέποτε</span> <span class='ocrx_word' id='word_1_61' title='bbox 540 1107 636 1177; x_wconf 79' lang='grc' dir='ltr'>τὴν</span> <span class='ocrx_word' id='word_1_62' title='bbox 665 1108 835 1179; x_wconf 85' lang='grc' dir='ltr'>ὀργὴν</span> <span class='ocrx_word' id='word_1_63' title='bbox 863 1110 1296 1175; x_wconf 73' lang='grc' dir='ltr'><strong>ἀπολελοιπότας</strong></span> <span class='ocrx_word' id='word_1_64' title='bbox 1338 1114 1446 1178; x_wconf 76' lang='grc' dir='ltr'>ἕως</span> <span class='ocrx_word' id='word_1_65' title='bbox 1494 1117 1773 1186; x_wconf 77' lang='grc' dir='ltr'>περίησαν</span> <span class='ocrx_word' id='word_1_66' title='bbox 1802 1132 1819 1148; x_wconf 78' lang='grc'><strong>⁸</strong></span> 
     </span>
    </p>
   </div>
   <div class='ocr_carea' id='block_1_13' title="bbox 237 1197 720 1269">
    <p class='ocr_par' dir='ltr' id='par_1_13' title="bbox 237 1197 720 1269">
     <span class='ocr_line' id='line_1_13' title="bbox 237 1197 720 1269; baseline 0.012 -21"><span class='ocrx_word' id='word_1_67' title='bbox 237 1197 267 1264; x_wconf 83' lang='grc' dir='ltr'>ἦ</span> <span class='ocrx_word' id='word_1_68' title='bbox 294 1199 421 1261; x_wconf 65' lang='grc' dir='ltr'>τοὺς</span> <span class='ocrx_word' id='word_1_69' title='bbox 438 1198 720 1269; x_wconf 81' lang='grc' dir='ltr'>δαίμονας.</span> 
     </span>
    </p>
   </div>
   <div class='ocr_carea' id='block_1_14' title="bbox 226 1308 1822 1391">
    <p class='ocr_par' dir='ltr' id='par_1_14' title="bbox 226 1308 1822 1391">
     <span class='ocr_line' id='line_1_14' title="bbox 226 1308 1822 1391; baseline 0.004 -26"><span class='ocrx_word' id='word_1_70' title='bbox 226 1308 229 1311; x_wconf 53' lang='grc'><strong>⁷</strong></span> <span class='ocrx_word' id='word_1_71' title='bbox 318 1313 457 1366; x_wconf 76' lang='grc' dir='ltr'><strong>Ἀπὸ</strong></span> <span class='ocrx_word' id='word_1_72' title='bbox 512 1314 631 1368; x_wconf 81' lang='grc' dir='ltr'><strong>τῶν</strong></span> <span class='ocrx_word' id='word_1_73' title='bbox 679 1315 1179 1387; x_wconf 73' lang='grc' dir='ltr'><strong>ἐπανισταμένων</strong></span> <span class='ocrx_word' id='word_1_74' title='bbox 1232 1320 1326 1373; x_wconf 76' lang='grc' dir='ltr'><strong>ἐπ’</strong></span> <span class='ocrx_word' id='word_1_75' title='bbox 1395 1321 1499 1389; x_wconf 77' lang='grc' dir='ltr'><strong>ἐμὲ</strong></span> <span class='ocrx_word' id='word_1_76' title='bbox 1553 1321 1822 1391; x_wconf 54' lang='lat' dir='ltr'><strong>ﬁgi-(30&#39;s,;-</strong></span> 
     </span>
    </p>
   </div>
   <div class='ocr_carea' id='block_1_15' title="bbox 230 1407 1824 1487">
    <p class='ocr_par' dir='ltr' id='par_1_15' title="bbox 230 1407 1824 1487">
     <span class='ocr_line' id='line_1_15' title="bbox 230 1407 1824 1487; baseline 0.006 -28"><span class='ocrx_word' id='word_1_77' title='bbox 230 1422 328 1474; x_wconf 82' lang='grc' dir='ltr'><strong>με.</strong></span> <span class='ocrx_word' id='word_1_78' title='bbox 359 1409 425 1460; x_wconf 74' lang='grc' dir='ltr'><strong>Ἀ</strong></span> <span class='ocrx_word' id='word_1_79' title='bbox 462 1409 747 1476; x_wconf 74' lang='grc' dir='ltr'>προλαϐὼν</span> <span class='ocrx_word' id='word_1_80' title='bbox 779 1407 924 1475; x_wconf 76' lang='grc' dir='ltr'>εἷπε,</span> <span class='ocrx_word' id='word_1_81' title='bbox 955 1411 1133 1464; x_wconf 86' lang='grc' dir='ltr'>ταῦτα</span> <span class='ocrx_word' id='word_1_82' title='bbox 1180 1412 1344 1466; x_wconf 84' lang='grc' dir='ltr'>πάλιν</span> <span class='ocrx_word' id='word_1_83' title='bbox 1406 1416 1560 1484; x_wconf 72' lang='grc' dir='ltr'>φησὶ,</span> <span class='ocrx_word' id='word_1_84' title='bbox 1615 1415 1824 1487; x_wconf 79' lang='grc' dir='ltr'>χαίρων</span> 
     </span>
    </p>
   </div>
   <div class='ocr_carea' id='block_1_16' title="bbox 234 1498 1537 1577">
    <p class='ocr_par' dir='ltr' id='par_1_16' title="bbox 234 1498 1537 1577">
     <span class='ocr_line' id='line_1_16' title="bbox 234 1498 1537 1577; baseline 0.009 -28"><span class='ocrx_word' id='word_1_85' title='bbox 234 1498 658 1554; x_wconf 76' lang='grc' dir='ltr'>ὲπανακυκλοῦν</span> <span class='ocrx_word' id='word_1_86' title='bbox 687 1502 852 1568; x_wconf 82' lang='grc' dir='ltr'>αὐτὰ,</span> <span class='ocrx_word' id='word_1_87' title='bbox 895 1505 1072 1575; x_wconf 82' lang='grc' dir='ltr'>χαρᾶς</span> <span class='ocrx_word' id='word_1_88' title='bbox 1111 1504 1243 1559; x_wconf 76' lang='grc' dir='ltr'>ὄντα</span> <span class='ocrx_word' id='word_1_89' title='bbox 1274 1506 1537 1577; x_wconf 79' lang='grc' dir='ltr'>πρόξενα.</span> 
     </span>
    </p>
   </div>
   <div class='ocr_carea' id='block_1_17' title="bbox 321 1676 1824 1752">
    <p class='ocr_par' dir='ltr' id='par_1_17' title="bbox 321 1676 1824 1752">
     <span class='ocr_line' id='line_1_17' title="bbox 321 1676 1824 1752; baseline 0.006 -21"><span class='ocrx_word' id='word_1_90' title='bbox 321 1676 467 1731; x_wconf 78' lang='grc' dir='ltr'><strong>Ἀπὸ</strong></span> <span class='ocrx_word' id='word_1_91' title='bbox 488 1677 710 1746; x_wconf 77' lang='grc' dir='ltr'><strong>ἀνδρὸς</strong></span> <span class='ocrx_word' id='word_1_92' title='bbox 747 1680 963 1735; x_wconf 79' lang='grc' dir='ltr'><strong>ἀδίκου</strong></span> <span class='ocrx_word' id='word_1_93' title='bbox 1002 1682 1189 1749; x_wconf 71' lang='grc' dir='ltr'>ῥύσαι</span> <span class='ocrx_word' id='word_1_94' title='bbox 1214 1701 1313 1752; x_wconf 78' lang='grc' dir='ltr'><strong>με.</strong></span> <span class='ocrx_word' id='word_1_95' title='bbox 1352 1684 1419 1736; x_wconf 87' lang='lat' dir='ltr'><strong>Ei’</strong></span> <span class='ocrx_word' id='word_1_96' title='bbox 1454 1702 1595 1748; x_wconf 84' lang='grc' dir='ltr'>τινες</span> <span class='ocrx_word' id='word_1_97' title='bbox 1624 1686 1824 1740; x_wconf 76' lang='grc' dir='ltr'>ἐπανα-</span> 
     </span>
    </p>
   </div>
   <div class='ocr_carea' id='block_1_18' title="bbox 1919 565 3497 638">
    <p class='ocr_par' dir='ltr' id='par_1_18' title="bbox 1919 565 3497 638">
     <span class='ocr_line' id='line_1_18' title="bbox 1919 565 3497 638; baseline 0.004 -17"><span class='ocrx_word' id='word_1_98' title='bbox 1919 565 2119 621; x_wconf 67' lang='lat' dir='ltr'><strong>Judaais</strong></span> <span class='ocrx_word' id='word_1_99' title='bbox 2152 567 2470 623; x_wconf 88' lang='lat' dir='ltr'><strong>acciderunt</strong></span> <span class='ocrx_word' id='word_1_100' title='bbox 2501 585 2528 621; x_wconf 90' lang='lat' dir='ltr'><strong>a</strong></span> <span class='ocrx_word' id='word_1_101' title='bbox 2558 568 2818 623; x_wconf 77' lang='lat' dir='ltr'><strong>Romanis</strong></span> <span class='ocrx_word' id='word_1_102' title='bbox 2844 585 2859 624; x_wconf 85' lang='lat'><strong>:</strong></span> <span class='ocrx_word' id='word_1_103' title='bbox 2887 578 2939 621; x_wconf 90' lang='lat' dir='ltr'><strong>et</strong></span> <span class='ocrx_word' id='word_1_104' title='bbox 2970 586 3062 638; x_wconf 86' lang='lat' dir='ltr'><strong>per</strong></span> <span class='ocrx_word' id='word_1_105' title='bbox 3093 571 3497 637; x_wconf 77' lang='lat' dir='ltr'><strong>subiectionem</strong></span> 
     </span>
    </p>
   </div>
   <div class='ocr_carea' id='block_1_19' title="bbox 1922 658 3330 730">
    <p class='ocr_par' dir='ltr' id='par_1_19' title="bbox 1922 658 3330 730">
     <span class='ocr_line' id='line_1_19' title="bbox 1922 658 3330 730; baseline 0.006 -21"><span class='ocrx_word' id='word_1_106' title='bbox 1922 658 2268 730; x_wconf 87' lang='lat' dir='ltr'><strong>populormn,</strong></span> <span class='ocrx_word' id='word_1_107' title='bbox 2300 659 2712 715; x_wconf 79' lang='lat' dir='ltr'><strong>conversionem</strong></span> <span class='ocrx_word' id='word_1_108' title='bbox 2751 661 2995 729; x_wconf 87' lang='lat' dir='ltr'><strong>gentium</strong></span> <span class='ocrx_word' id='word_1_109' title='bbox 3031 661 3097 715; x_wconf 92' lang='lat' dir='ltr'><strong>ad</strong></span> <span class='ocrx_word' id='word_1_110' title='bbox 3147 663 3330 718; x_wconf 85' lang='lat' dir='ltr'><strong>Iidem.</strong></span> 
     </span>
    </p>
   </div>
   <div class='ocr_carea' id='block_1_20' title="bbox 1991 752 3500 813">
    <p class='ocr_par' dir='ltr' id='par_1_20' title="bbox 1991 752 3500 813">
     <span class='ocr_line' id='line_1_20' title="bbox 1991 752 3500 813; baseline 0.003 -7"><span class='ocrx_word' id='word_1_111' title='bbox 1991 752 2268 808; x_wconf 87' lang='lat' dir='ltr'><strong>Liberator</strong></span> <span class='ocrx_word' id='word_1_112' title='bbox 2295 769 2435 807; x_wconf 85' lang='lat' dir='ltr'><strong>meus</strong></span> <span class='ocrx_word' id='word_1_113' title='bbox 2467 752 2530 806; x_wconf 83' lang='lat' dir='ltr'><strong>de</strong></span> <span class='ocrx_word' id='word_1_114' title='bbox 2552 754 2778 807; x_wconf 83' lang='lat' dir='ltr'><strong>inimicis</strong></span> <span class='ocrx_word' id='word_1_115' title='bbox 2834 756 2961 807; x_wconf 86' lang='lat' dir='ltr'><strong>meis</strong></span> <span class='ocrx_word' id='word_1_116' title='bbox 3018 756 3311 808; x_wconf 82' lang='lat' dir='ltr'><strong>iracundis.</strong></span> <span class='ocrx_word' id='word_1_117' title='bbox 3377 755 3500 813; x_wconf 79' lang='lat' dir='ltr'><strong>ll:rc</strong></span> 
     </span>
    </p>
   </div>
   <div class='ocr_carea' id='block_1_21' title="bbox 1920 844 3496 914">
    <p class='ocr_par' dir='ltr' id='par_1_21' title="bbox 1920 844 3496 914">
     <span class='ocr_line' id='line_1_21' title="bbox 1920 844 3496 914; baseline 0.002 -16"><span class='ocrx_word' id='word_1_118' title='bbox 1920 846 2107 899; x_wconf 85' lang='lat' dir='ltr'><strong>Omnia</strong></span> <span class='ocrx_word' id='word_1_119' title='bbox 2141 845 2206 899; x_wconf 85' lang='lat' dir='ltr'><strong>ad</strong></span> <span class='ocrx_word' id='word_1_120' title='bbox 2244 844 2411 900; x_wconf 85' lang='lat' dir='ltr'><strong>Deum</strong></span> <span class='ocrx_word' id='word_1_121' title='bbox 2443 845 2589 900; x_wconf 88' lang='lat' dir='ltr'><strong>dicta</strong></span> <span class='ocrx_word' id='word_1_122' title='bbox 2622 854 2751 900; x_wconf 91' lang='lat' dir='ltr'><strong>sunt</strong></span> <span class='ocrx_word' id='word_1_123' title='bbox 2776 845 2829 897; x_wconf 89' lang='lat' dir='ltr'><strong>in</strong></span> <span class='ocrx_word' id='word_1_124' title='bbox 2854 848 3154 914; x_wconf 89' lang='lat' dir='ltr'><strong>gratiarum</strong></span> <span class='ocrx_word' id='word_1_125' title='bbox 3184 848 3453 900; x_wconf 86' lang='lat' dir='ltr'><strong>actionem</strong></span> <span class='ocrx_word' id='word_1_126' title='bbox 3481 865 3496 901; x_wconf 93' lang='lat'><strong>:</strong></span> 
     </span>
    </p>
   </div>
   <div class='ocr_carea' id='block_1_22' title="bbox 1920 938 3499 1006">
    <p class='ocr_par' dir='ltr' id='par_1_22' title="bbox 1920 938 3499 1006">
     <span class='ocr_line' id='line_1_22' title="bbox 1920 938 3499 1006; baseline 0.003 -17"><span class='ocrx_word' id='word_1_127' title='bbox 1920 953 2041 1006; x_wconf 69' lang='lat' dir='ltr'><strong>qua:</strong></span> <span class='ocrx_word' id='word_1_128' title='bbox 2074 938 2199 993; x_wconf 91' lang='lat' dir='ltr'><strong>licet</strong></span> <span class='ocrx_word' id='word_1_129' title='bbox 2226 952 2324 1006; x_wconf 91' lang='lat' dir='ltr'><strong>per</strong></span> <span class='ocrx_word' id='word_1_130' title='bbox 2355 946 2563 991; x_wconf 88' lang='lat' dir='ltr'><strong>rectum</strong></span> <span class='ocrx_word' id='word_1_131' title='bbox 2600 939 2809 1006; x_wconf 87' lang='lat' dir='ltr'><strong>prolata</strong></span> <span class='ocrx_word' id='word_1_132' title='bbox 2842 938 2972 1000; x_wconf 84' lang='lat' dir='ltr'><strong>sint,</strong></span> <span class='ocrx_word' id='word_1_133' title='bbox 3004 942 3111 991; x_wconf 87' lang='lat' dir='ltr'><strong>vim</strong></span> <span class='ocrx_word' id='word_1_134' title='bbox 3163 950 3343 994; x_wconf 73' lang='lat' dir='ltr'><strong>tamen</strong></span> <span class='ocrx_word' id='word_1_135' title='bbox 3398 943 3499 993; x_wconf 81' lang='lat' dir='ltr'><strong>ha-</strong></span> 
     </span>
    </p>
   </div>
   <div class='ocr_carea' id='block_1_23' title="bbox 1921 1029 3501 1093">
    <p class='ocr_par' dir='ltr' id='par_1_23' title="bbox 1921 1029 3501 1093">
     <span class='ocr_line' id='line_1_23' title="bbox 1921 1029 3501 1093; baseline -0.001 -8"><span class='ocrx_word' id='word_1_136' title='bbox 1921 1031 2049 1085; x_wconf 87' lang='lat' dir='ltr'><strong>bent</strong></span> <span class='ocrx_word' id='word_1_137' title='bbox 2088 1030 2345 1084; x_wconf 83' lang='lat' dir='ltr'><strong>vocativi.</strong></span> <span class='ocrx_word' id='word_1_138' title='bbox 2406 1031 2505 1085; x_wconf 82' lang='lat' dir='ltr'><strong>Per</strong></span> <span class='ocrx_word' id='word_1_139' title='bbox 2538 1029 2785 1084; x_wconf 84' lang='lat' dir='ltr'><strong>inimicos</strong></span> <span class='ocrx_word' id='word_1_140' title='bbox 2811 1040 2989 1083; x_wconf 89' lang='lat' dir='ltr'><strong>autem</strong></span> <span class='ocrx_word' id='word_1_141' title='bbox 3021 1032 3333 1093; x_wconf 85' lang='lat' dir='ltr'><strong>iracundos,</strong></span> <span class='ocrx_word' id='word_1_142' title='bbox 3365 1034 3501 1085; x_wconf 66' lang='lat' dir='ltr'><strong>Sau-</strong></span> 
     </span>
    </p>
   </div>
   <div class='ocr_carea' id='block_1_24' title="bbox 1922 1118 3499 1189">
    <p class='ocr_par' dir='ltr' id='par_1_24' title="bbox 1922 1118 3499 1189">
     <span class='ocr_line' id='line_1_24' title="bbox 1922 1118 3499 1189; baseline -0.002 -14"><span class='ocrx_word' id='word_1_143' title='bbox 1922 1122 2025 1177; x_wconf 90' lang='lat' dir='ltr'><strong>lem</strong></span> <span class='ocrx_word' id='word_1_144' title='bbox 2094 1120 2391 1189; x_wconf 87' lang='lat' dir='ltr'><strong>intelligit,</strong></span> <span class='ocrx_word' id='word_1_145' title='bbox 2473 1119 2565 1187; x_wconf 92' lang='lat' dir='ltr'><strong>qui</strong></span> <span class='ocrx_word' id='word_1_146' title='bbox 2620 1118 2756 1172; x_wconf 88' lang='lat' dir='ltr'><strong>iram</strong></span> <span class='ocrx_word' id='word_1_147' title='bbox 2822 1135 3100 1188; x_wconf 81' lang='lat' dir='ltr'><strong>nunquam</strong></span> <span class='ocrx_word' id='word_1_148' title='bbox 3175 1122 3499 1185; x_wconf 66' lang='lat' dir='ltr'><strong>remittebat,</strong></span> 
     </span>
    </p>
   </div>
   <div class='ocr_carea' id='block_1_25' title="bbox 1920 1215 3105 1287">
    <p class='ocr_par' dir='ltr' id='par_1_25' title="bbox 1920 1215 3105 1287">
     <span class='ocr_line' id='line_1_25' title="bbox 1920 1215 3105 1287; baseline -0.007 -14"><span class='ocrx_word' id='word_1_149' title='bbox 1920 1218 2095 1274; x_wconf 84' lang='lat' dir='ltr'><strong>donec</strong></span> <span class='ocrx_word' id='word_1_150' title='bbox 2130 1223 2481 1287; x_wconf 75' lang='lat' dir='ltr'><strong>superasset:</strong></span> <span class='ocrx_word' id='word_1_151' title='bbox 2521 1216 2606 1270; x_wconf 82' lang='lat' dir='ltr'><strong>vel</strong></span> <span class='ocrx_word' id='word_1_152' title='bbox 2639 1215 2786 1285; x_wconf 90' lang='lat' dir='ltr'><strong>ipsos</strong></span> <span class='ocrx_word' id='word_1_153' title='bbox 2811 1215 3105 1270; x_wconf 69' lang='lat' dir='ltr'><strong>daemones.</strong></span> 
     </span>
    </p>
   </div>
   <div class='ocr_carea' id='block_1_26' title="bbox 1992 1329 3495 1399">
    <p class='ocr_par' dir='ltr' id='par_1_26' title="bbox 1992 1329 3495 1399">
     <span class='ocr_line' id='line_1_26' title="bbox 1992 1329 3495 1399; baseline -0.001 -15"><span class='ocrx_word' id='word_1_154' title='bbox 1992 1331 2163 1390; x_wconf 71' lang='lat' dir='ltr'><strong>Vens.</strong></span> <span class='ocrx_word' id='word_1_155' title='bbox 2195 1330 2284 1384; x_wconf 64' lang='lat'><strong>49.</strong></span> <span class='ocrx_word' id='word_1_156' title='bbox 2312 1329 2377 1382; x_wconf 84' lang='lat' dir='ltr'><strong>Et</strong></span> <span class='ocrx_word' id='word_1_157' title='bbox 2402 1329 2465 1382; x_wconf 86' lang='lat' dir='ltr'><strong>ab</strong></span> <span class='ocrx_word' id='word_1_158' title='bbox 2491 1330 2881 1399; x_wconf 74' lang='lat' dir='ltr'><strong>insurgentibus</strong></span> <span class='ocrx_word' id='word_1_159' title='bbox 2912 1331 2965 1383; x_wconf 88' lang='lat' dir='ltr'><strong>in</strong></span> <span class='ocrx_word' id='word_1_160' title='bbox 2998 1348 3078 1384; x_wconf 86' lang='lat' dir='ltr'><strong>me</strong></span> <span class='ocrx_word' id='word_1_161' title='bbox 3104 1330 3371 1384; x_wconf 74' lang='lat' dir='ltr'><strong>exultabis</strong></span> <span class='ocrx_word' id='word_1_162' title='bbox 3400 1347 3495 1383; x_wconf 84' lang='lat' dir='ltr'><strong>me.</strong></span> 
     </span>
    </p>
   </div>
   <div class='ocr_carea' id='block_1_27' title="bbox 1926 1421 3498 1493">
    <p class='ocr_par' dir='ltr' id='par_1_27' title="bbox 1926 1421 3498 1493">
     <span class='ocr_line' id='line_1_27' title="bbox 1926 1421 3498 1493; baseline -0.002 -15"><span class='ocrx_word' id='word_1_163' title='bbox 1926 1424 2125 1478; x_wconf 86' lang='lat' dir='ltr'><strong>Eadem</strong></span> <span class='ocrx_word' id='word_1_164' title='bbox 2163 1423 2380 1491; x_wconf 81' lang='lat' dir='ltr'><strong>repetit,</strong></span> <span class='ocrx_word' id='word_1_165' title='bbox 2415 1437 2535 1491; x_wconf 64' lang='lat' dir='ltr'><strong>quae</strong></span> <span class='ocrx_word' id='word_1_166' title='bbox 2554 1421 2812 1489; x_wconf 86' lang='lat' dir='ltr'><strong>superius</strong></span> <span class='ocrx_word' id='word_1_167' title='bbox 2840 1422 3000 1488; x_wconf 79' lang='lat' dir='ltr'><strong>dixit,</strong></span> <span class='ocrx_word' id='word_1_168' title='bbox 3028 1422 3271 1493; x_wconf 78' lang='lat' dir='ltr'><strong>gaudens</strong></span> <span class='ocrx_word' id='word_1_169' title='bbox 3300 1439 3358 1475; x_wconf 68' lang='lat' dir='ltr'><strong>ea</strong></span> <span class='ocrx_word' id='word_1_170' title='bbox 3396 1439 3498 1475; x_wconf 72' lang='lat' dir='ltr'><strong>sae-</strong></span> 
     </span>
    </p>
   </div>
   <div class='ocr_carea' id='block_1_28' title="bbox 1923 1514 3500 1589">
    <p class='ocr_par' dir='ltr' id='par_1_28' title="bbox 1923 1514 3500 1589">
     <span class='ocr_line' id='line_1_28' title="bbox 1923 1514 3500 1589; baseline -0.004 -17"><span class='ocrx_word' id='word_1_171' title='bbox 1923 1520 2044 1589; x_wconf 90' lang='lat' dir='ltr'><strong>pius</strong></span> <span class='ocrx_word' id='word_1_172' title='bbox 2070 1517 2348 1572; x_wconf 82' lang='lat' dir='ltr'><strong>revolvere</strong></span> <span class='ocrx_word' id='word_1_173' title='bbox 2383 1524 2548 1584; x_wconf 88' lang='lat' dir='ltr'><strong>atque</strong></span> <span class='ocrx_word' id='word_1_174' title='bbox 2585 1514 2944 1581; x_wconf 79' lang='lat' dir='ltr'><strong>iugemiuare,</strong></span> <span class='ocrx_word' id='word_1_175' title='bbox 2976 1529 3096 1582; x_wconf 62' lang='lat' dir='ltr'><strong>qua:</strong></span> <span class='ocrx_word' id='word_1_176' title='bbox 3125 1514 3230 1566; x_wconf 81' lang='lat' dir='ltr'><strong>sibi</strong></span> <span class='ocrx_word' id='word_1_177' title='bbox 3259 1514 3500 1566; x_wconf 69' lang='lat' dir='ltr'><strong>laztitiam</strong></span> 
     </span>
    </p>
   </div>
   <div class='ocr_carea' id='block_1_29' title="bbox 1923 1612 2285 1665">
    <p class='ocr_par' dir='ltr' id='par_1_29' title="bbox 1923 1612 2285 1665">
     <span class='ocr_line' id='line_1_29' title="bbox 1923 1612 2285 1665; baseline -0.003 0"><span class='ocrx_word' id='word_1_178' title='bbox 1923 1612 2285 1665; x_wconf 78' lang='lat' dir='ltr'><strong>adduxerant.</strong></span> 
     </span>
    </p>
   </div>
   <div class='ocr_carea' id='block_1_30' title="bbox 1993 1694 3503 1768">
    <p class='ocr_par' dir='ltr' id='par_1_30' title="bbox 1993 1694 3503 1768">
     <span class='ocr_line' id='line_1_30' title="bbox 1993 1694 3503 1768; baseline -0.007 -13"><span class='ocrx_word' id='word_1_179' title='bbox 1993 1703 2034 1755; x_wconf 85' lang='grc' dir='ltr'><em>Α</em></span> <span class='ocrx_word' id='word_1_180' title='bbox 2073 1703 2184 1755; x_wconf 85' lang='lat' dir='ltr'><strong>viro</strong></span> <span class='ocrx_word' id='word_1_181' title='bbox 2209 1700 2386 1768; x_wconf 82' lang='lat' dir='ltr'><strong>iniquo</strong></span> <span class='ocrx_word' id='word_1_182' title='bbox 2432 1697 2619 1766; x_wconf 79' lang='lat' dir='ltr'><strong>eripies</strong></span> <span class='ocrx_word' id='word_1_183' title='bbox 2649 1713 2749 1750; x_wconf 89' lang='lat' dir='ltr'><strong>me.</strong></span> <span class='ocrx_word' id='word_1_184' title='bbox 2790 1694 2845 1749; x_wconf 88' lang='lat' dir='ltr'><strong>Si</strong></span> <span class='ocrx_word' id='word_1_185' title='bbox 2877 1695 3043 1763; x_wconf 82' lang='lat' dir='ltr'><strong>aliqui</strong></span> <span class='ocrx_word' id='word_1_186' title='bbox 3082 1695 3135 1747; x_wconf 87' lang='lat' dir='ltr'><strong>in</strong></span> <span class='ocrx_word' id='word_1_187' title='bbox 3172 1709 3256 1747; x_wconf 90' lang='lat' dir='ltr'><strong>me</strong></span> <span class='ocrx_word' id='word_1_188' title='bbox 3312 1695 3503 1747; x_wconf 86' lang='lat' dir='ltr'><strong>insur-</strong></span> 
     </span>
    </p>
   </div>
   <div class='ocr_carea' id='block_1_31' title="bbox 235 1769 1826 1873">
    <p class='ocr_par' dir='ltr' id='par_1_31' title="bbox 235 1769 1818 1844">
     <span class='ocr_line' id='line_1_31' title="bbox 235 1769 1818 1844; baseline 0.006 -24"><span class='ocrx_word' id='word_1_189' title='bbox 235 1769 538 1839; x_wconf 76' lang='grc' dir='ltr'>στήσονται</span> <span class='ocrx_word' id='word_1_190' title='bbox 608 1789 720 1841; x_wconf 86' lang='grc' dir='ltr'>μοι,</span> <span class='ocrx_word' id='word_1_191' title='bbox 744 1774 887 1827; x_wconf 83' lang='grc' dir='ltr'>κατὰ</span> <span class='ocrx_word' id='word_1_192' title='bbox 913 1775 1041 1837; x_wconf 77' lang='grc' dir='ltr'>τοὺς</span> <span class='ocrx_word' id='word_1_193' title='bbox 1072 1774 1413 1844; x_wconf 84' lang='grc' dir='ltr'>θεράποντας</span> <span class='ocrx_word' id='word_1_194' title='bbox 1475 1775 1571 1829; x_wconf 90' lang='grc' dir='ltr'><strong>τοῦ</strong></span> <span class='ocrx_word' id='word_1_195' title='bbox 1621 1779 1818 1842; x_wconf 80' lang='grc' dir='ltr'>Σαοὺλ,</span> 
     </span>
    </p>
   </div>
   <div class='ocr_carea' id='block_1_32' title="bbox 1929 1769 3506 1873">
    <p class='ocr_par' dir='ltr' id='par_1_32' title="bbox 1929 1786 3506 1857">
     <span class='ocr_line' id='line_1_32' title="bbox 1929 1786 3506 1857; baseline -0.01 -7"><span class='ocrx_word' id='word_1_196' title='bbox 1929 1794 2185 1857; x_wconf 80' lang='lat' dir='ltr'><strong>rexerint,</strong></span> <span class='ocrx_word' id='word_1_197' title='bbox 2217 1802 2274 1846; x_wconf 92' lang='lat' dir='ltr'><strong>ut</strong></span> <span class='ocrx_word' id='word_1_198' title='bbox 2306 1791 2434 1845; x_wconf 93' lang='lat' dir='ltr'><strong>olim</strong></span> <span class='ocrx_word' id='word_1_199' title='bbox 2469 1788 2652 1843; x_wconf 84' lang='lat' dir='ltr'><strong>Saulis</strong></span> <span class='ocrx_word' id='word_1_200' title='bbox 2689 1788 2893 1841; x_wconf 87' lang='lat' dir='ltr'><strong>milites</strong></span> <span class='ocrx_word' id='word_1_201' title='bbox 2929 1800 2991 1839; x_wconf 87' lang='lat' dir='ltr'><strong>ac</strong></span> <span class='ocrx_word' id='word_1_202' title='bbox 3051 1787 3183 1840; x_wconf 84' lang='lat' dir='ltr'><strong>socii</strong></span> <span class='ocrx_word' id='word_1_203' title='bbox 3234 1786 3506 1851; x_wconf 78' lang='lat' dir='ltr'><strong>fecerunt,</strong></span> 
     </span>
    </p>
   </div>
   <div class='ocr_carea' id='block_1_33' title="bbox 189 1860 1821 1936">
    <p class='ocr_par' dir='ltr' id='par_1_33' title="bbox 189 1860 1821 1936">
     <span class='ocr_line' id='line_1_33' title="bbox 189 1860 1821 1936; baseline 0.006 -23"><span class='ocrx_word' id='word_1_204' title='bbox 189 1905 207 1926; x_wconf 82' lang='grc'><strong>,</strong></span> <span class='ocrx_word' id='word_1_205' title='bbox 234 1860 514 1931; x_wconf 81' lang='grc' dir='ltr'><strong>ἀνώτερον</strong></span> <span class='ocrx_word' id='word_1_206' title='bbox 545 1861 733 1932; x_wconf 79' lang='grc' dir='ltr'>θήσεις</span> <span class='ocrx_word' id='word_1_207' title='bbox 762 1881 828 1931; x_wconf 84' lang='grc' dir='ltr'>με</span> <span class='ocrx_word' id='word_1_208' title='bbox 848 1865 1030 1918; x_wconf 83' lang='grc' dir='ltr'>αὐτῶν</span> <span class='ocrx_word' id='word_1_209' title='bbox 1055 1881 1071 1898; x_wconf 68' lang='grc' dir='ltr'>θ</span> <span class='ocrx_word' id='word_1_210' title='bbox 1094 1866 1190 1919; x_wconf 71' lang='grc' dir='ltr'>καὶ</span> <span class='ocrx_word' id='word_1_211' title='bbox 1218 1867 1270 1919; x_wconf 74' lang='grc' dir='ltr'>εἴ</span> <span class='ocrx_word' id='word_1_212' title='bbox 1292 1884 1375 1930; x_wconf 86' lang='grc' dir='ltr'><strong>τις</strong></span> <span class='ocrx_word' id='word_1_213' title='bbox 1399 1867 1549 1921; x_wconf 72' lang='grc' dir='ltr'>ἔσται</span> <span class='ocrx_word' id='word_1_214' title='bbox 1578 1870 1821 1936; x_wconf 61' lang='lat' dir='ltr'><strong>petituri:</strong></span> 
     </span>
    </p>
   </div>
   <div class='ocr_carea' id='block_1_34' title="bbox 238 1952 1822 2032">
    <p class='ocr_par' dir='ltr' id='par_1_34' title="bbox 238 1952 1822 2032">
     <span class='ocr_line' id='line_1_34' title="bbox 238 1952 1822 2032; baseline 0.006 -27"><span class='ocrx_word' id='word_1_215' title='bbox 238 1952 413 2005; x_wconf 73' lang='grc' dir='ltr'>Σαοὺλ</span> <span class='ocrx_word' id='word_1_216' title='bbox 447 1952 649 2018; x_wconf 80' lang='grc' dir='ltr'><strong>ἀδίκως</strong></span> <span class='ocrx_word' id='word_1_217' title='bbox 681 1955 1055 2010; x_wconf 73' lang='grc' dir='ltr'>ἐπιϐουλεύων</span> <span class='ocrx_word' id='word_1_218' title='bbox 1108 1956 1186 2029; x_wconf 83' lang='grc' dir='ltr'>τῷ</span> <span class='ocrx_word' id='word_1_219' title='bbox 1228 1957 1477 2022; x_wconf 81' lang='grc' dir='ltr'>σώζοντι,</span> <span class='ocrx_word' id='word_1_220' title='bbox 1538 1961 1700 2031; x_wconf 77' lang='grc' dir='ltr'>ρύσαι</span> <span class='ocrx_word' id='word_1_221' title='bbox 1754 1978 1822 2032; x_wconf 83' lang='grc' dir='ltr'>με</span> 
     </span>
    </p>
   </div>
   <div class='ocr_carea' id='block_1_35' title="bbox 241 2045 689 2103">
    <p class='ocr_par' dir='ltr' id='par_1_35' title="bbox 241 2045 689 2103">
     <span class='ocr_line' id='line_1_35' title="bbox 241 2045 689 2103; baseline 0.011 -6"><span class='ocrx_word' id='word_1_222' title='bbox 241 2045 337 2098; x_wconf 73' lang='grc' dir='ltr'><strong>καὶ</strong></span> <span class='ocrx_word' id='word_1_223' title='bbox 374 2048 438 2099; x_wconf 76' lang='grc' dir='ltr'>ἐκ</span> <span class='ocrx_word' id='word_1_224' title='bbox 473 2047 689 2103; x_wconf 86' lang='grc' dir='ltr'>τούτου.</span> 
     </span>
    </p>
   </div>
   <div class='ocr_carea' id='block_1_36' title="bbox 309 2178 1818 2257">
    <p class='ocr_par' dir='ltr' id='par_1_36' title="bbox 309 2178 1818 2257">
     <span class='ocr_line' id='line_1_36' title="bbox 309 2178 1818 2257; baseline 0.008 -26"><span class='ocrx_word' id='word_1_225' title='bbox 309 2178 415 2232; x_wconf 79' lang='grc' dir='ltr'><strong>Διὰ</strong></span> <span class='ocrx_word' id='word_1_226' title='bbox 464 2180 643 2235; x_wconf 86' lang='grc' dir='ltr'>τοῦτο</span> <span class='ocrx_word' id='word_1_227' title='bbox 728 2181 1258 2256; x_wconf 74' lang='grc' dir='ltr'>ἐξομολοτήσομαί</span> <span class='ocrx_word' id='word_1_228' title='bbox 1311 2201 1413 2241; x_wconf 83' lang='grc' dir='ltr'><strong>σοι</strong></span> <span class='ocrx_word' id='word_1_229' title='bbox 1473 2188 1545 2242; x_wconf 75' lang='grc' dir='ltr'><strong>ἐν</strong></span> <span class='ocrx_word' id='word_1_230' title='bbox 1593 2188 1818 2257; x_wconf 76' lang='grc' dir='ltr'>ἔθνεσι,</span> 
     </span>
    </p>
   </div>
   <div class='ocr_carea' id='block_1_37' title="bbox 241 2270 1818 2350">
    <p class='ocr_par' dir='ltr' id='par_1_37' title="bbox 241 2270 1818 2350">
     <span class='ocr_line' id='line_1_37' title="bbox 241 2270 1818 2350; baseline 0.008 -28"><span class='ocrx_word' id='word_1_231' title='bbox 241 2270 437 2337; x_wconf 80' lang='grc' dir='ltr'>Κύριε.</span> <span class='ocrx_word' id='word_1_232' title='bbox 466 2271 611 2325; x_wconf 75' lang='grc' dir='ltr'>Διὸτι</span> <span class='ocrx_word' id='word_1_233' title='bbox 650 2273 895 2337; x_wconf 85' lang='grc' dir='ltr'>τοιοῦτος</span> <span class='ocrx_word' id='word_1_234' title='bbox 929 2270 999 2340; x_wconf 74' lang='grc' dir='ltr'><strong>εἴ,</strong></span> <span class='ocrx_word' id='word_1_235' title='bbox 1030 2275 1140 2330; x_wconf 71' lang='grc' dir='ltr'>οἷον</span> <span class='ocrx_word' id='word_1_236' title='bbox 1158 2278 1290 2348; x_wconf 77' lang='grc' dir='ltr'><strong>ἐμὸς</strong></span> <span class='ocrx_word' id='word_1_237' title='bbox 1320 2277 1594 2349; x_wconf 77' lang='grc' dir='ltr'>ὲξύμνησε</span> <span class='ocrx_word' id='word_1_238' title='bbox 1638 2281 1818 2350; x_wconf 79' lang='grc' dir='ltr'>λόγος,</span> 
     </span>
    </p>
   </div>
   <div class='ocr_carea' id='block_1_38' title="bbox 242 2361 1821 2443">
    <p class='ocr_par' dir='ltr' id='par_1_38' title="bbox 242 2361 1821 2443">
     <span class='ocr_line' id='line_1_38' title="bbox 242 2361 1821 2443; baseline 0.009 -30"><span class='ocrx_word' id='word_1_239' title='bbox 242 2361 628 2432; x_wconf 79' lang='grc' dir='ltr'>εύχαριστήσω</span> <span class='ocrx_word' id='word_1_240' title='bbox 657 2382 741 2419; x_wconf 88' lang='grc' dir='ltr'><strong>σοι</strong></span> <span class='ocrx_word' id='word_1_241' title='bbox 763 2367 820 2421; x_wconf 81' lang='grc' dir='ltr'>ὲν</span> <span class='ocrx_word' id='word_1_242' title='bbox 857 2369 994 2421; x_wconf 81' lang='grc' dir='ltr'>πᾶσι</span> <span class='ocrx_word' id='word_1_243' title='bbox 1044 2372 1156 2434; x_wconf 80' lang='grc' dir='ltr'>τοῖς</span> <span class='ocrx_word' id='word_1_244' title='bbox 1214 2371 1431 2424; x_wconf 78' lang='grc' dir='ltr'>ἔθνεσι·</span> <span class='ocrx_word' id='word_1_245' title='bbox 1487 2373 1582 2426; x_wconf 78' lang='grc' dir='ltr'><strong>καὶ</strong></span> <span class='ocrx_word' id='word_1_246' title='bbox 1637 2375 1821 2443; x_wconf 84' lang='grc' dir='ltr'>μέντοι</span> 
     </span>
    </p>
   </div>
   <div class='ocr_carea' id='block_1_39' title="bbox 239 2452 1819 2536">
    <p class='ocr_par' dir='ltr' id='par_1_39' title="bbox 239 2452 1819 2536">
     <span class='ocr_line' id='line_1_39' title="bbox 239 2452 1819 2536; baseline 0.01 -32"><span class='ocrx_word' id='word_1_247' title='bbox 239 2452 401 2506; x_wconf 82' lang='grc' dir='ltr'>τοῦτο</span> <span class='ocrx_word' id='word_1_248' title='bbox 421 2457 689 2527; x_wconf 75' lang='grc' dir='ltr'>πεποίηκε</span> <span class='ocrx_word' id='word_1_249' title='bbox 720 2458 811 2512; x_wconf 81' lang='grc' dir='ltr'><strong>διὰ</strong></span> <span class='ocrx_word' id='word_1_250' title='bbox 840 2459 939 2529; x_wconf 83' lang='grc' dir='ltr'>τῆς</span> <span class='ocrx_word' id='word_1_251' title='bbox 967 2460 1151 2529; x_wconf 74' lang='grc' dir='ltr'>βίϐλου</span> <span class='ocrx_word' id='word_1_252' title='bbox 1186 2463 1295 2515; x_wconf 83' lang='grc' dir='ltr'><strong>τῶν</strong></span> <span class='ocrx_word' id='word_1_253' title='bbox 1317 2464 1535 2518; x_wconf 76' lang='grc' dir='ltr'>οἰκείων</span> <span class='ocrx_word' id='word_1_254' title='bbox 1550 2465 1819 2536; x_wconf 77' lang='grc' dir='ltr'>Ψαλμῶν,</span> 
     </span>
    </p>
   </div>
   <div class='ocr_carea' id='block_1_40' title="bbox 242 2544 1249 2623">
    <p class='ocr_par' dir='ltr' id='par_1_40' title="bbox 242 2544 1249 2623">
     <span class='ocr_line' id='line_1_40' title="bbox 242 2544 1249 2623; baseline 0.012 -28"><span class='ocrx_word' id='word_1_255' title='bbox 242 2544 300 2595; x_wconf 72' lang='grc' dir='ltr'>ὲν</span> <span class='ocrx_word' id='word_1_256' title='bbox 335 2546 474 2598; x_wconf 75' lang='grc' dir='ltr'>πᾶσι</span> <span class='ocrx_word' id='word_1_257' title='bbox 502 2547 713 2601; x_wconf 72' lang='grc' dir='ltr'>ἔθνεσιν</span> <span class='ocrx_word' id='word_1_258' title='bbox 735 2549 1249 2623; x_wconf 77' lang='grc' dir='ltr'>ἀναπτυσσομένης.</span> 
     </span>
    </p>
   </div>
   <div class='ocr_carea' id='block_1_41' title="bbox 312 2658 1822 2735">
    <p class='ocr_par' dir='ltr' id='par_1_41' title="bbox 312 2658 1822 2735">
     <span class='ocr_line' id='line_1_41' title="bbox 312 2658 1822 2735; baseline 0.007 -25"><span class='ocrx_word' id='word_1_259' title='bbox 312 2658 425 2711; x_wconf 77' lang='grc' dir='ltr'><strong>Καὶ</strong></span> <span class='ocrx_word' id='word_1_260' title='bbox 446 2659 527 2723; x_wconf 83' lang='grc' dir='ltr'>τῷ</span> <span class='ocrx_word' id='word_1_261' title='bbox 561 2660 809 2730; x_wconf 77' lang='grc' dir='ltr'>ὀνόματί</span> <span class='ocrx_word' id='word_1_262' title='bbox 833 2677 952 2717; x_wconf 85' lang='grc' dir='ltr'>σου</span> <span class='ocrx_word' id='word_1_263' title='bbox 977 2662 1175 2731; x_wconf 75' lang='grc' dir='ltr'>ψαλῶ.</span> <span class='ocrx_word' id='word_1_264' title='bbox 1194 2662 1406 2735; x_wconf 76' lang='grc' dir='ltr'><strong>Δηλαδὴ</strong></span> <span class='ocrx_word' id='word_1_265' title='bbox 1430 2664 1535 2730; x_wconf 77' lang='grc' dir='ltr'>σοὶ,</span> <span class='ocrx_word' id='word_1_266' title='bbox 1566 2664 1706 2720; x_wconf 78' lang='grc' dir='ltr'>κατὰ</span> <span class='ocrx_word' id='word_1_267' title='bbox 1722 2667 1782 2720; x_wconf 82' lang='grc' dir='ltr'>τό</span> <span class='ocrx_word' id='word_1_268' title='bbox 1806 2682 1822 2698; x_wconf 72' lang='grc' dir='ltr'><strong>ο</strong></span> 
     </span>
    </p>
   </div>
   <div class='ocr_carea' id='block_1_42' title="bbox 247 2750 906 2825">
    <p class='ocr_par' dir='ltr' id='par_1_42' title="bbox 247 2750 906 2825">
     <span class='ocr_line' id='line_1_42' title="bbox 247 2750 906 2825; baseline 0.009 -20"><span class='ocrx_word' id='word_1_269' title='bbox 247 2750 431 2809; x_wconf 71' lang='grc' dir='ltr'><strong>Ψαλῶ</strong></span> <span class='ocrx_word' id='word_1_270' title='bbox 468 2769 568 2807; x_wconf 88' lang='grc' dir='ltr'><strong>σοι</strong></span> <span class='ocrx_word' id='word_1_271' title='bbox 597 2754 667 2807; x_wconf 82' lang='grc' dir='ltr'><strong>ἐν</strong></span> <span class='ocrx_word' id='word_1_272' title='bbox 694 2757 906 2825; x_wconf 80' lang='grc' dir='ltr'><strong>κιθάρᾳ</strong></span> 
     </span>
    </p>
   </div>
   <div class='ocr_carea' id='block_1_43' title="bbox 310 2839 1643 2915">
    <p class='ocr_par' dir='ltr' id='par_1_43' title="bbox 310 2839 1643 2915">
     <span class='ocr_line' id='line_1_43' title="bbox 310 2839 1643 2915; baseline 0.009 -25"><span class='ocrx_word' id='word_1_273' title='bbox 310 2839 688 2908; x_wconf 75' lang='grc' dir='ltr'>Μεγαλύνων</span> <span class='ocrx_word' id='word_1_274' title='bbox 720 2844 826 2910; x_wconf 85' lang='grc' dir='ltr'>τὰς</span> <span class='ocrx_word' id='word_1_275' title='bbox 856 2846 1157 2913; x_wconf 76' lang='grc' dir='ltr'><strong>σωτηρίας</strong></span> <span class='ocrx_word' id='word_1_276' title='bbox 1182 2845 1291 2900; x_wconf 88' lang='grc' dir='ltr'><strong>τοῦ</strong></span> <span class='ocrx_word' id='word_1_277' title='bbox 1314 2847 1643 2915; x_wconf 75' lang='grc' dir='ltr'>βασιλέως.</span> 
     </span>
    </p>
   </div>
   <div class='ocr_carea' id='block_1_44' title="bbox 1928 1875 3509 1950">
    <p class='ocr_par' dir='ltr' id='par_1_44' title="bbox 1928 1875 3509 1950">
     <span class='ocr_line' id='line_1_44' title="bbox 1928 1875 3509 1950; baseline -0.004 -16"><span class='ocrx_word' id='word_1_278' title='bbox 1928 1894 1982 1935; x_wconf 81' lang='grc' dir='ltr'><strong>ιιι</strong></span> <span class='ocrx_word' id='word_1_279' title='bbox 2015 1880 2354 1950; x_wconf 91' lang='lat' dir='ltr'><strong>superiorem</strong></span> <span class='ocrx_word' id='word_1_280' title='bbox 2391 1894 2475 1931; x_wconf 90' lang='lat' dir='ltr'><strong>me</strong></span> <span class='ocrx_word' id='word_1_281' title='bbox 2511 1876 2617 1929; x_wconf 88' lang='lat' dir='ltr'><strong>illis</strong></span> <span class='ocrx_word' id='word_1_282' title='bbox 2652 1875 2867 1929; x_wconf 79' lang='lat' dir='ltr'><strong>facies:</strong></span> <span class='ocrx_word' id='word_1_283' title='bbox 2930 1884 2985 1929; x_wconf 89' lang='lat' dir='ltr'><strong>et</strong></span> <span class='ocrx_word' id='word_1_284' title='bbox 3048 1876 3094 1928; x_wconf 90' lang='lat' dir='ltr'><strong>si</strong></span> <span class='ocrx_word' id='word_1_285' title='bbox 3154 1875 3278 1944; x_wconf 86' lang='lat' dir='ltr'><strong>quis</strong></span> <span class='ocrx_word' id='word_1_286' title='bbox 3334 1876 3509 1928; x_wconf 83' lang='lat' dir='ltr'><strong>instar</strong></span> 
     </span>
    </p>
   </div>
   <div class='ocr_carea' id='block_1_45' title="bbox 1930 1967 3506 2039">
    <p class='ocr_par' dir='ltr' id='par_1_45' title="bbox 1930 1967 3506 2039">
     <span class='ocr_line' id='line_1_45' title="bbox 1930 1967 3506 2039; baseline -0.004 -14"><span class='ocrx_word' id='word_1_287' title='bbox 1930 1972 2111 2026; x_wconf 82' lang='lat' dir='ltr'><strong>Saulis</strong></span> <span class='ocrx_word' id='word_1_288' title='bbox 2144 1969 2403 2039; x_wconf 88' lang='lat' dir='ltr'><strong>iujustus,</strong></span> <span class='ocrx_word' id='word_1_289' title='bbox 2439 1968 2670 2022; x_wconf 83' lang='lat' dir='ltr'><strong>insidias</strong></span> <span class='ocrx_word' id='word_1_290' title='bbox 2702 1967 2832 2019; x_wconf 91' lang='lat' dir='ltr'><strong>mihi</strong></span> <span class='ocrx_word' id='word_1_291' title='bbox 2865 1968 3162 2020; x_wconf 78' lang='lat' dir='ltr'><strong>tetenderit</strong></span> <span class='ocrx_word' id='word_1_292' title='bbox 3192 2006 3207 2029; x_wconf 93' lang='lat'><strong>,</strong></span> <span class='ocrx_word' id='word_1_293' title='bbox 3240 1976 3295 2019; x_wconf 88' lang='lat' dir='ltr'><strong>tu</strong></span> <span class='ocrx_word' id='word_1_294' title='bbox 3340 1967 3506 2020; x_wconf 61' lang='lat' dir='ltr'><strong>otium</strong></span> 
     </span>
    </p>
   </div>
   <div class='ocr_carea' id='block_1_46' title="bbox 1928 2056 2984 2132">
    <p class='ocr_par' dir='ltr' id='par_1_46' title="bbox 1928 2056 2984 2132">
     <span class='ocr_line' id='line_1_46' title="bbox 1928 2056 2984 2132; baseline -0.006 -15"><span class='ocrx_word' id='word_1_295' title='bbox 1928 2064 1996 2117; x_wconf 89' lang='lat' dir='ltr'><strong>ab</strong></span> <span class='ocrx_word' id='word_1_296' title='bbox 2024 2060 2337 2132; x_wconf 72' lang='lat' dir='ltr'><strong>huiusmodi</strong></span> <span class='ocrx_word' id='word_1_297' title='bbox 2372 2058 2593 2113; x_wconf 89' lang='lat' dir='ltr'><strong>homine</strong></span> <span class='ocrx_word' id='word_1_298' title='bbox 2640 2073 2728 2112; x_wconf 90' lang='lat' dir='ltr'><strong>me</strong></span> <span class='ocrx_word' id='word_1_299' title='bbox 2758 2056 2984 2126; x_wconf 86' lang='lat' dir='ltr'><strong>eripies.</strong></span> 
     </span>
    </p>
   </div>
   <div class='ocr_carea' id='block_1_47' title="bbox 2000 2171 3509 2244">
    <p class='ocr_par' dir='ltr' id='par_1_47' title="bbox 2000 2171 3509 2244">
     <span class='ocr_line' id='line_1_47' title="bbox 2000 2171 3509 2244; baseline -0.007 -13"><span class='ocrx_word' id='word_1_300' title='bbox 2000 2179 2168 2233; x_wconf 72' lang='lat' dir='ltr'><strong>Vsus.</strong></span> <span class='ocrx_word' id='word_1_301' title='bbox 2201 2177 2289 2233; x_wconf 83' lang='lat'><strong>50.</strong></span> <span class='ocrx_word' id='word_1_302' title='bbox 2332 2174 2615 2244; x_wconf 77' lang='lat' dir='ltr'><strong>Propterea</strong></span> <span class='ocrx_word' id='word_1_303' title='bbox 2644 2172 2929 2239; x_wconf 84' lang='lat' dir='ltr'><strong>conﬁtebor</strong></span> <span class='ocrx_word' id='word_1_304' title='bbox 2956 2171 3047 2224; x_wconf 86' lang='lat' dir='ltr'><strong>tibi</strong></span> <span class='ocrx_word' id='word_1_305' title='bbox 3096 2171 3149 2224; x_wconf 89' lang='lat' dir='ltr'><strong>in</strong></span> <span class='ocrx_word' id='word_1_306' title='bbox 3180 2171 3509 2227; x_wconf 74' lang='lat' dir='ltr'><strong>nationibus.</strong></span> 
     </span>
    </p>
   </div>
   <div class='ocr_carea' id='block_1_48' title="bbox 1932 2263 3511 2334">
    <p class='ocr_par' dir='ltr' id='par_1_48' title="bbox 1932 2263 3511 2334">
     <span class='ocr_line' id='line_1_48' title="bbox 1932 2263 3511 2334; baseline -0.006 -9"><span class='ocrx_word' id='word_1_307' title='bbox 1932 2270 2172 2325; x_wconf 84' lang='lat' dir='ltr'><strong>Domine.</strong></span> <span class='ocrx_word' id='word_1_308' title='bbox 2208 2267 2475 2334; x_wconf 81' lang='lat' dir='ltr'><strong>Quoniam</strong></span> <span class='ocrx_word' id='word_1_309' title='bbox 2511 2275 2567 2320; x_wconf 92' lang='lat' dir='ltr'><strong>tu</strong></span> <span class='ocrx_word' id='word_1_310' title='bbox 2599 2265 2723 2320; x_wconf 87' lang='lat' dir='ltr'><strong>talis</strong></span> <span class='ocrx_word' id='word_1_311' title='bbox 2756 2278 2839 2325; x_wconf 85' lang='lat' dir='ltr'><strong>es.</strong></span> <span class='ocrx_word' id='word_1_312' title='bbox 2864 2263 3080 2331; x_wconf 90' lang='lat' dir='ltr'><strong>qualem</strong></span> <span class='ocrx_word' id='word_1_313' title='bbox 3111 2277 3363 2316; x_wconf 75' lang='lat' dir='ltr'><strong>sermone</strong></span> <span class='ocrx_word' id='word_1_314' title='bbox 3390 2276 3511 2315; x_wconf 81' lang='lat' dir='ltr'><strong>lltt‘O</strong></span> 
     </span>
    </p>
   </div>
   <div class='ocr_carea' id='block_1_49' title="bbox 1930 2352 3509 2427">
    <p class='ocr_par' dir='ltr' id='par_1_49' title="bbox 1930 2352 3509 2427">
     <span class='ocr_line' id='line_1_49' title="bbox 1930 2352 3509 2427; baseline -0.007 -12"><span class='ocrx_word' id='word_1_315' title='bbox 1930 2359 2146 2415; x_wconf 82' lang='lat' dir='ltr'><strong>laudavi</strong></span> <span class='ocrx_word' id='word_1_316' title='bbox 2180 2398 2196 2421; x_wconf 91' lang='lat'><strong>,</strong></span> <span class='ocrx_word' id='word_1_317' title='bbox 2243 2357 2448 2427; x_wconf 77' lang='lat' dir='ltr'><strong>gratias</strong></span> <span class='ocrx_word' id='word_1_318' title='bbox 2478 2372 2636 2426; x_wconf 88' lang='lat' dir='ltr'><strong>agam</strong></span> <span class='ocrx_word' id='word_1_319' title='bbox 2675 2355 2767 2408; x_wconf 86' lang='lat' dir='ltr'><strong>tibi</strong></span> <span class='ocrx_word' id='word_1_320' title='bbox 2823 2354 2875 2406; x_wconf 94' lang='lat' dir='ltr'><strong>in</strong></span> <span class='ocrx_word' id='word_1_321' title='bbox 2928 2353 3184 2407; x_wconf 88' lang='lat' dir='ltr'><strong>omnibus</strong></span> <span class='ocrx_word' id='word_1_322' title='bbox 3232 2352 3509 2419; x_wconf 73' lang='lat' dir='ltr'><strong>gentibus.</strong></span> 
     </span>
    </p>
   </div>
   <div class='ocr_carea' id='block_1_50' title="bbox 1930 2444 3510 2520">
    <p class='ocr_par' dir='ltr' id='par_1_50' title="bbox 1930 2444 3510 2520">
     <span class='ocr_line' id='line_1_50' title="bbox 1930 2444 3510 2520; baseline -0.006 -14"><span class='ocrx_word' id='word_1_323' title='bbox 1930 2451 2084 2520; x_wconf 88' lang='lat' dir='ltr'><strong>Quod</strong></span> <span class='ocrx_word' id='word_1_324' title='bbox 2117 2465 2249 2506; x_wconf 85' lang='lat' dir='ltr'><strong>sane</strong></span> <span class='ocrx_word' id='word_1_325' title='bbox 2283 2450 2490 2519; x_wconf 86' lang='lat' dir='ltr'><strong>optime</strong></span> <span class='ocrx_word' id='word_1_326' title='bbox 2523 2447 2776 2517; x_wconf 81' lang='lat' dir='ltr'><strong>perfecit,</strong></span> <span class='ocrx_word' id='word_1_327' title='bbox 2814 2447 2919 2499; x_wconf 92' lang='lat' dir='ltr'><strong>hoc</strong></span> <span class='ocrx_word' id='word_1_328' title='bbox 2946 2445 3283 2515; x_wconf 81' lang='lat' dir='ltr'><strong>psalmorum</strong></span> <span class='ocrx_word' id='word_1_329' title='bbox 3320 2444 3458 2498; x_wconf 89' lang='lat' dir='ltr'><strong>libro</strong></span> <span class='ocrx_word' id='word_1_330' title='bbox 3492 2483 3510 2509; x_wconf 89' lang='lat'><strong>,</strong></span> 
     </span>
    </p>
   </div>
   <div class='ocr_carea' id='block_1_51' title="bbox 1931 2537 2940 2617">
    <p class='ocr_par' dir='ltr' id='par_1_51' title="bbox 1931 2537 2940 2617">
     <span class='ocr_line' id='line_1_51' title="bbox 1931 2537 2940 2617; baseline -0.007 -18"><span class='ocrx_word' id='word_1_331' title='bbox 1931 2545 2023 2617; x_wconf 88' lang='lat' dir='ltr'><strong>qui</strong></span> <span class='ocrx_word' id='word_1_332' title='bbox 2050 2546 2102 2598; x_wconf 92' lang='lat' dir='ltr'><strong>in</strong></span> <span class='ocrx_word' id='word_1_333' title='bbox 2136 2541 2397 2598; x_wconf 87' lang='lat' dir='ltr'><strong>omnibus</strong></span> <span class='ocrx_word' id='word_1_334' title='bbox 2427 2539 2682 2608; x_wconf 77' lang='lat' dir='ltr'><strong>gentibus</strong></span> <span class='ocrx_word' id='word_1_335' title='bbox 2721 2537 2940 2607; x_wconf 82' lang='lat' dir='ltr'><strong>legitur.</strong></span> 
     </span>
    </p>
   </div>
   <div class='ocr_carea' id='block_1_52' title="bbox 2004 2650 3507 2729">
    <p class='ocr_par' dir='ltr' id='par_1_52' title="bbox 2004 2650 3507 2729">
     <span class='ocr_line' id='line_1_52' title="bbox 2004 2650 3507 2729; baseline -0.007 -14"><span class='ocrx_word' id='word_1_336' title='bbox 2004 2665 2073 2715; x_wconf 81' lang='lat' dir='ltr'><strong>Et</strong></span> <span class='ocrx_word' id='word_1_337' title='bbox 2098 2658 2330 2729; x_wconf 78' lang='lat' dir='ltr'><strong>psallam</strong></span> <span class='ocrx_word' id='word_1_338' title='bbox 2355 2656 2556 2711; x_wconf 76' lang='lat' dir='ltr'><strong>nomini</strong></span> <span class='ocrx_word' id='word_1_339' title='bbox 2576 2666 2687 2709; x_wconf 86' lang='lat' dir='ltr'><strong>tuo.</strong></span> <span class='ocrx_word' id='word_1_340' title='bbox 2715 2655 2828 2709; x_wconf 85' lang='lat' dir='ltr'><strong>Hoc</strong></span> <span class='ocrx_word' id='word_1_341' title='bbox 2852 2662 2933 2708; x_wconf 90' lang='lat' dir='ltr'><strong>est</strong></span> <span class='ocrx_word' id='word_1_342' title='bbox 2962 2652 3059 2707; x_wconf 85' lang='lat' dir='ltr'><strong>tibi</strong></span> <span class='ocrx_word' id='word_1_343' title='bbox 3091 2670 3104 2706; x_wconf 88' lang='lat'><strong>:</strong></span> <span class='ocrx_word' id='word_1_344' title='bbox 3129 2652 3284 2722; x_wconf 75' lang='lat' dir='ltr'><strong>juxta</strong></span> <span class='ocrx_word' id='word_1_345' title='bbox 3323 2650 3456 2704; x_wconf 90' lang='lat' dir='ltr'><strong>illud</strong></span> <span class='ocrx_word' id='word_1_346' title='bbox 3494 2667 3507 2704; x_wconf 92' lang='lat'>:</span> 
     </span>
    </p>
   </div>
   <div class='ocr_carea' id='block_1_53' title="bbox 1931 2748 2699 2810">
    <p class='ocr_par' dir='ltr' id='par_1_53' title="bbox 1931 2748 2699 2810">
     <span class='ocr_line' id='line_1_53' title="bbox 1931 2748 2699 2810; baseline -0.012 0"><span class='ocrx_word' id='word_1_347' title='bbox 1931 2753 2167 2810; x_wconf 83' lang='lat' dir='ltr'><strong>Psallam</strong></span> <span class='ocrx_word' id='word_1_348' title='bbox 2194 2751 2289 2805; x_wconf 84' lang='lat' dir='ltr'><strong>tibi</strong></span> <span class='ocrx_word' id='word_1_349' title='bbox 2318 2752 2372 2803; x_wconf 86' lang='lat' dir='ltr'><strong>in</strong></span> <span class='ocrx_word' id='word_1_350' title='bbox 2393 2750 2598 2802; x_wconf 82' lang='lat' dir='ltr'><strong>cithara</strong></span> <span class='ocrx_word' id='word_1_351' title='bbox 2630 2748 2699 2801; x_wconf 80' lang='lat'><strong>“.</strong></span> 
     </span>
    </p>
   </div>
   <div class='ocr_carea' id='block_1_54' title="bbox 2004 2834 3508 2911">
    <p class='ocr_par' dir='ltr' id='par_1_54' title="bbox 2004 2834 3508 2911">
     <span class='ocr_line' id='line_1_54' title="bbox 2004 2834 3508 2911; baseline -0.011 -11"><span class='ocrx_word' id='word_1_352' title='bbox 2004 2848 2171 2901; x_wconf 75' lang='lat' dir='ltr'><strong>Vsus.</strong></span> <span class='ocrx_word' id='word_1_353' title='bbox 2200 2845 2288 2899; x_wconf 81' lang='lat'><strong>5|.</strong></span> <span class='ocrx_word' id='word_1_354' title='bbox 2326 2841 2678 2911; x_wconf 79' lang='lat' dir='ltr'><strong>Magniﬁcam</strong></span> <span class='ocrx_word' id='word_1_355' title='bbox 2708 2838 2907 2892; x_wconf 81' lang='lat' dir='ltr'><strong>salutes</strong></span> <span class='ocrx_word' id='word_1_356' title='bbox 2938 2837 3094 2907; x_wconf 85' lang='lat' dir='ltr'><strong>regis.</strong></span> <span class='ocrx_word' id='word_1_357' title='bbox 3131 2834 3508 2908; x_wconf 78' lang='lat' dir='ltr'><strong>[Subaudieu-</strong></span> 
     </span>
    </p>
   </div>
   <div class='ocr_carea' id='block_1_55' title="bbox 241 2926 3495 3010">
    <p class='ocr_par' dir='ltr' id='par_1_55' title="bbox 241 2926 3495 3010">
     <span class='ocr_line' id='line_1_55' title="bbox 241 2926 3495 3010; baseline -0.001 -30"><span class='ocrx_word' id='word_1_358' title='bbox 241 2926 371 2981; x_wconf 87' lang='lat' dir='ltr'><strong>dum</strong></span> <span class='ocrx_word' id='word_1_359' title='bbox 401 2940 505 2995; x_wconf 88' lang='lat' dir='ltr'><strong>est,</strong></span> <span class='ocrx_word' id='word_1_360' title='bbox 539 2945 574 2985; x_wconf 85' lang='grc' dir='ltr'><strong>ο</strong></span> <span class='ocrx_word' id='word_1_361' title='bbox 604 2930 829 2989; x_wconf 86' lang='lat' dir='ltr'><strong>Domine</strong></span> <span class='ocrx_word' id='word_1_362' title='bbox 862 2953 876 2990; x_wconf 88' lang='lat'><strong>:</strong></span> <span class='ocrx_word' id='word_1_363' title='bbox 911 2943 970 2991; x_wconf 87' lang='lat' dir='ltr'><strong>ut</strong></span> <span class='ocrx_word' id='word_1_364' title='bbox 996 2938 1067 2992; x_wconf 87' lang='lat' dir='ltr'><strong>sit</strong></span> <span class='ocrx_word' id='word_1_365' title='bbox 1098 2950 1291 2991; x_wconf 89' lang='lat' dir='ltr'><strong>sensus</strong></span> <span class='ocrx_word' id='word_1_366' title='bbox 1319 2953 1333 2990; x_wconf 90' lang='lat'><strong>:</strong></span> <span class='ocrx_word' id='word_1_367' title='bbox 1362 2934 1470 3004; x_wconf 84' lang='lat' dir='ltr'><strong>Tu,</strong></span> <span class='ocrx_word' id='word_1_368' title='bbox 1503 2953 1536 2993; x_wconf 93' lang='grc' dir='ltr'><strong>ο</strong></span> <span class='ocrx_word' id='word_1_369' title='bbox 1563 2937 1812 3007; x_wconf 88' lang='lat' dir='ltr'><strong>Domine,</strong></span> <span class='ocrx_word' id='word_1_370' title='bbox 1854 2953 2084 3010; x_wconf 85' lang='lat' dir='ltr'><strong>magnas</strong></span> <span class='ocrx_word' id='word_1_371' title='bbox 2116 2936 2252 2991; x_wconf 81' lang='lat' dir='ltr'><strong>lacis</strong></span> <span class='ocrx_word' id='word_1_372' title='bbox 2286 2936 2493 2991; x_wconf 80' lang='lat' dir='ltr'><strong>salutes</strong></span> <span class='ocrx_word' id='word_1_373' title='bbox 2544 2946 2718 2986; x_wconf 89' lang='lat' dir='ltr'><strong>meas.</strong></span> <span class='ocrx_word' id='word_1_374' title='bbox 2754 2931 3068 2998; x_wconf 83' lang='lat' dir='ltr'><strong>Per-regem</strong></span> <span class='ocrx_word' id='word_1_375' title='bbox 3125 2928 3267 2983; x_wconf 87' lang='lat' dir='ltr'><strong>enim</strong></span> <span class='ocrx_word' id='word_1_376' title='bbox 3345 2928 3495 2995; x_wconf 79' lang='lat' dir='ltr'><strong>seip-</strong></span> 
     </span>
    </p>
   </div>
   <div class='ocr_carea' id='block_1_56' title="bbox 243 3022 723 3099">
    <p class='ocr_par' dir='ltr' id='par_1_56' title="bbox 243 3022 723 3099">
     <span class='ocr_line' id='line_1_56' title="bbox 243 3022 723 3099; baseline 0.008 -24"><span class='ocrx_word' id='word_1_377' title='bbox 243 3036 365 3075; x_wconf 85' lang='lat' dir='ltr'><strong>sunt</strong></span> <span class='ocrx_word' id='word_1_378' title='bbox 399 3022 677 3095; x_wconf 77' lang='lat' dir='ltr'><strong>intelligit.</strong></span> <span class='ocrx_word' id='word_1_379' title='bbox 706 3025 723 3099; x_wconf 78' lang='lat' dir='ltr'><strong>j</strong></span> 
     </span>
    </p>
   </div>
   <div class='ocr_carea' id='block_1_57' title="bbox 324 3106 1826 3199">
    <p class='ocr_par' dir='ltr' id='par_1_57' title="bbox 324 3120 1822 3199">
     <span class='ocr_line' id='line_1_57' title="bbox 324 3120 1822 3199; baseline 0.006 -26"><span class='ocrx_word' id='word_1_380' title='bbox 324 3120 391 3174; x_wconf 91' lang='lat'><strong>&#39;0</strong></span> <span class='ocrx_word' id='word_1_381' title='bbox 419 3122 610 3175; x_wconf 75' lang='grc' dir='ltr'>ποιῶν</span> <span class='ocrx_word' id='word_1_382' title='bbox 635 3123 809 3192; x_wconf 76' lang='grc' dir='ltr'>ἕλεος</span> <span class='ocrx_word' id='word_1_383' title='bbox 835 3123 916 3189; x_wconf 80' lang='grc' dir='ltr'>τῷ</span> <span class='ocrx_word' id='word_1_384' title='bbox 942 3126 1167 3195; x_wconf 85' lang='grc' dir='ltr'>χριστῷ</span> <span class='ocrx_word' id='word_1_385' title='bbox 1187 3127 1396 3183; x_wconf 85' lang='grc' dir='ltr'>αὐτοῦ.</span> <span class='ocrx_word' id='word_1_386' title='bbox 1420 3127 1513 3199; x_wconf 83' lang='grc' dir='ltr'><strong>Τῷ</strong></span> <span class='ocrx_word' id='word_1_387' title='bbox 1545 3127 1822 3199; x_wconf 80' lang='grc' dir='ltr'>χρισθέντι</span> 
     </span>
    </p>
   </div>
   <div class='ocr_carea' id='block_1_58' title="bbox 1929 3106 3514 3199">
    <p class='ocr_par' dir='ltr' id='par_1_58' title="bbox 2003 3106 3514 3189">
     <span class='ocr_line' id='line_1_58' title="bbox 2003 3106 3514 3189; baseline -0.011 -11"><span class='ocrx_word' id='word_1_388' title='bbox 2003 3124 2070 3178; x_wconf 80' lang='lat' dir='ltr'><strong>Et</strong></span> <span class='ocrx_word' id='word_1_389' title='bbox 2089 3120 2289 3189; x_wconf 77' lang='lat' dir='ltr'><strong>faciens</strong></span> <span class='ocrx_word' id='word_1_390' title='bbox 2320 3112 2738 3170; x_wconf 85' lang='lat' dir='ltr'><strong>misericordiam</strong></span> <span class='ocrx_word' id='word_1_391' title='bbox 2780 3109 2978 3164; x_wconf 80' lang='lat' dir='ltr'><strong>christo</strong></span> <span class='ocrx_word' id='word_1_392' title='bbox 3004 3123 3122 3163; x_wconf 80' lang='lat' dir='ltr'><strong>suo.</strong></span> <span class='ocrx_word' id='word_1_393' title='bbox 3144 3106 3387 3168; x_wconf 83' lang='lat' dir='ltr'><strong>Christo.</strong></span> <span class='ocrx_word' id='word_1_394' title='bbox 3411 3106 3514 3161; x_wconf 89' lang='lat' dir='ltr'><strong>hoc</strong></span> 
     </span>
    </p>
   </div>
   <div class='ocr_carea' id='block_1_59' title="bbox 243 3212 1360 3289">
    <p class='ocr_par' dir='ltr' id='par_1_59' title="bbox 243 3212 1360 3289">
     <span class='ocr_line' id='line_1_59' title="bbox 243 3212 1360 3289; baseline 0.01 -26"><span class='ocrx_word' id='word_1_395' title='bbox 243 3212 350 3264; x_wconf 72' lang='grc' dir='ltr'><strong>ὑπὸ</strong></span> <span class='ocrx_word' id='word_1_396' title='bbox 388 3215 640 3281; x_wconf 83' lang='grc' dir='ltr'><strong>σεαυτοῦ,</strong></span> <span class='ocrx_word' id='word_1_397' title='bbox 668 3216 873 3288; x_wconf 84' lang='grc' dir='ltr'><strong>δηλάδη</strong></span> <span class='ocrx_word' id='word_1_398' title='bbox 918 3219 1216 3289; x_wconf 81' lang='grc' dir='ltr'>προστάξει</span> <span class='ocrx_word' id='word_1_399' title='bbox 1243 3236 1360 3274; x_wconf 85' lang='grc' dir='ltr'>σου.</span> 
     </span>
    </p>
   </div>
   <div class='ocr_carea' id='block_1_60' title="bbox 313 3302 1823 3383">
    <p class='ocr_par' dir='ltr' id='par_1_60' title="bbox 313 3302 1823 3383">
     <span class='ocr_line' id='line_1_60' title="bbox 313 3302 1823 3383; baseline 0.01 -26"><span class='ocrx_word' id='word_1_400' title='bbox 313 3302 409 3368; x_wconf 81' lang='grc' dir='ltr'><strong>Τῷ</strong></span> <span class='ocrx_word' id='word_1_401' title='bbox 431 3306 635 3370; x_wconf 79' lang='grc' dir='ltr'>Δαϐιὸ,</span> <span class='ocrx_word' id='word_1_402' title='bbox 654 3308 855 3375; x_wconf 77' lang='grc' dir='ltr'>καὶτῷ</span> <span class='ocrx_word' id='word_1_403' title='bbox 885 3312 1181 3381; x_wconf 82' lang='grc' dir='ltr'>σπέρματι</span> <span class='ocrx_word' id='word_1_404' title='bbox 1211 3314 1418 3382; x_wconf 80' lang='grc' dir='ltr'>αὑτοῦ,</span> <span class='ocrx_word' id='word_1_405' title='bbox 1449 3314 1560 3380; x_wconf 76' lang='grc' dir='ltr'>ἕως</span> <span class='ocrx_word' id='word_1_406' title='bbox 1583 3314 1823 3383; x_wconf 73' lang='grc' dir='ltr'>αἰῶνος.</span> 
     </span>
    </p>
   </div>
   <div class='ocr_carea' id='block_1_61' title="bbox 244 3396 1825 3478">
    <p class='ocr_par' dir='ltr' id='par_1_61' title="bbox 244 3396 1825 3478">
     <span class='ocr_line' id='line_1_61' title="bbox 244 3396 1825 3478; baseline 0.009 -30"><span class='ocrx_word' id='word_1_407' title='bbox 244 3396 431 3449; x_wconf 74' lang='grc' dir='ltr'>Εἰπὼν</span> <span class='ocrx_word' id='word_1_408' title='bbox 463 3398 712 3467; x_wconf 80' lang='grc' dir='ltr'><strong>βασιλέα,</strong></span> <span class='ocrx_word' id='word_1_409' title='bbox 754 3397 875 3456; x_wconf 71' lang='grc' dir='ltr'>εἷτα</span> <span class='ocrx_word' id='word_1_410' title='bbox 896 3403 1141 3474; x_wconf 81' lang='grc' dir='ltr'>χριστὸν,</span> <span class='ocrx_word' id='word_1_411' title='bbox 1167 3405 1417 3476; x_wconf 75' lang='grc' dir='ltr'>ἐπήγαγε</span> <span class='ocrx_word' id='word_1_412' title='bbox 1442 3407 1500 3460; x_wconf 84' lang='grc' dir='ltr'>τὸ</span> <span class='ocrx_word' id='word_1_413' title='bbox 1525 3406 1719 3478; x_wconf 78' lang='grc' dir='ltr'>ὄνομα.</span> <span class='ocrx_word' id='word_1_414' title='bbox 1752 3407 1825 3461; x_wconf 81' lang='grc' dir='ltr'><strong>Τὸ</strong></span> 
     </span>
    </p>
   </div>
   <div class='ocr_carea' id='block_1_62' title="bbox 248 3485 1826 3569">
    <p class='ocr_par' dir='ltr' id='par_1_62' title="bbox 248 3485 1826 3569">
     <span class='ocr_line' id='line_1_62' title="bbox 248 3485 1826 3569; baseline 0.009 -29"><span class='ocrx_word' id='word_1_415' title='bbox 248 3487 347 3557; x_wconf 70' lang='grc' dir='ltr'><strong>μὲν</strong></span> <span class='ocrx_word' id='word_1_416' title='bbox 372 3485 467 3544; x_wconf 79' lang='grc' dir='ltr'><strong>οῦν</strong></span> <span class='ocrx_word' id='word_1_417' title='bbox 492 3491 678 3545; x_wconf 82' lang='grc' dir='ltr'>θεόθεν</span> <span class='ocrx_word' id='word_1_418' title='bbox 709 3493 1001 3561; x_wconf 74' lang='grc' dir='ltr'>ἐλεεῖσθαι,</span> <span class='ocrx_word' id='word_1_419' title='bbox 1039 3498 1421 3568; x_wconf 78' lang='grc' dir='ltr'><strong>προσαρμόσει</strong></span> <span class='ocrx_word' id='word_1_420' title='bbox 1472 3502 1587 3562; x_wconf 83' lang='grc' dir='ltr'>τοῖς</span> <span class='ocrx_word' id='word_1_421' title='bbox 1636 3502 1701 3553; x_wconf 73' lang='grc' dir='ltr'><strong>ἐκ</strong></span> <span class='ocrx_word' id='word_1_422' title='bbox 1730 3499 1826 3569; x_wconf 80' lang='grc' dir='ltr'><strong>γέ-</strong></span> 
     </span>
    </p>
   </div>
   <div class='ocr_carea' id='block_1_63' title="bbox 246 3581 1827 3659">
    <p class='ocr_par' dir='ltr' id='par_1_63' title="bbox 246 3581 1827 3659">
     <span class='ocr_line' id='line_1_63' title="bbox 246 3581 1827 3659; baseline 0.009 -28"><span class='ocrx_word' id='word_1_423' title='bbox 246 3597 371 3644; x_wconf 81' lang='grc' dir='ltr'>νους</span> <span class='ocrx_word' id='word_1_424' title='bbox 410 3581 506 3634; x_wconf 86' lang='grc' dir='ltr'><strong>τοῦ</strong></span> <span class='ocrx_word' id='word_1_425' title='bbox 533 3584 701 3638; x_wconf 75' lang='grc' dir='ltr'><strong>Δαῦὶδ</strong></span> <span class='ocrx_word' id='word_1_426' title='bbox 727 3585 1116 3654; x_wconf 83' lang='grc' dir='ltr'>βασιλεύσασιν</span> <span class='ocrx_word' id='word_1_427' title='bbox 1166 3589 1443 3654; x_wconf 76' lang='grc' dir='ltr'>Ἰουδαίοις</span> <span class='ocrx_word' id='word_1_428' title='bbox 1467 3607 1481 3623; x_wconf 90' lang='grc'><strong>·</strong></span> <span class='ocrx_word' id='word_1_429' title='bbox 1511 3591 1572 3646; x_wconf 71' lang='grc' dir='ltr'>τὸ</span> <span class='ocrx_word' id='word_1_430' title='bbox 1599 3593 1678 3654; x_wconf 73' lang='grc' dir='ltr'><strong>δὲ,</strong></span> <span class='ocrx_word' id='word_1_431' title='bbox 1713 3592 1827 3659; x_wconf 76' lang='grc' dir='ltr'>ἕως</span> 
     </span>
    </p>
   </div>
   <div class='ocr_carea' id='block_1_64' title="bbox 247 3669 1827 3755">
    <p class='ocr_par' dir='ltr' id='par_1_64' title="bbox 247 3669 1827 3755">
     <span class='ocr_line' id='line_1_64' title="bbox 247 3669 1827 3755; baseline 0.006 -29"><span class='ocrx_word' id='word_1_432' title='bbox 247 3669 482 3739; x_wconf 70' lang='grc' dir='ltr'>αἰῶνος,</span> <span class='ocrx_word' id='word_1_433' title='bbox 516 3675 786 3730; x_wconf 82' lang='grc' dir='ltr'>ἀνοίκειόν</span> <span class='ocrx_word' id='word_1_434' title='bbox 809 3678 947 3734; x_wconf 77' lang='grc' dir='ltr'>ἐστι.</span> <span class='ocrx_word' id='word_1_435' title='bbox 980 3679 1137 3733; x_wconf 78' lang='grc' dir='ltr'>Μετὰ</span> <span class='ocrx_word' id='word_1_436' title='bbox 1168 3679 1276 3751; x_wconf 80' lang='grc' dir='ltr'><strong>γὰρ</strong></span> <span class='ocrx_word' id='word_1_437' title='bbox 1318 3680 1418 3752; x_wconf 83' lang='grc' dir='ltr'><strong>τὴν</strong></span> <span class='ocrx_word' id='word_1_438' title='bbox 1447 3682 1827 3755; x_wconf 74' lang='grc' dir='ltr'>αἰχμαλωσίας</span> 
     </span>
    </p>
   </div>
   <div class='ocr_carea' id='block_1_65' title="bbox 250 3765 1830 3842">
    <p class='ocr_par' dir='ltr' id='par_1_65' title="bbox 250 3765 1830 3842">
     <span class='ocr_line' id='line_1_65' title="bbox 250 3765 1830 3842; baseline 0.008 -27"><span class='ocrx_word' id='word_1_439' title='bbox 250 3765 528 3829; x_wconf 68' lang='grc' dir='ltr'>ἐπάνοδον,</span> <span class='ocrx_word' id='word_1_440' title='bbox 564 3767 724 3835; x_wconf 81' lang='grc' dir='ltr'>μόνος</span> <span class='ocrx_word' id='word_1_441' title='bbox 767 3769 1077 3839; x_wconf 72' lang='grc' dir='ltr'>Ζοροϐάϐελ</span> <span class='ocrx_word' id='word_1_442' title='bbox 1122 3772 1518 3842; x_wconf 76' lang='grc' dir='ltr'>ἡγεμονεύσας,</span> <span class='ocrx_word' id='word_1_443' title='bbox 1572 3774 1634 3826; x_wconf 84' lang='grc' dir='ltr'><strong>ού</strong></span> <span class='ocrx_word' id='word_1_444' title='bbox 1698 3791 1830 3828; x_wconf 84' lang='grc' dir='ltr'>κατ·</span> 
     </span>
    </p>
   </div>
   <div class='ocr_carea' id='block_1_66' title="bbox 251 3853 1830 3931">
    <p class='ocr_par' dir='ltr' id='par_1_66' title="bbox 251 3853 1830 3931">
     <span class='ocr_line' id='line_1_66' title="bbox 251 3853 1830 3931; baseline 0.005 -26"><span class='ocrx_word' id='word_1_445' title='bbox 251 3853 401 3906; x_wconf 72' lang='grc' dir='ltr'>ίλιπε</span> <span class='ocrx_word' id='word_1_446' title='bbox 468 3855 837 3926; x_wconf 80' lang='grc' dir='ltr'>κληρονόμους</span> <span class='ocrx_word' id='word_1_447' title='bbox 872 3859 975 3928; x_wconf 81' lang='grc' dir='ltr'>τῆς</span> <span class='ocrx_word' id='word_1_448' title='bbox 1022 3860 1830 3931; x_wconf 73' lang='grc' dir='ltr'>ἡγεμονίας.Λειπεταιτοινυν</span> 
     </span>
    </p>
   </div>
   <div class='ocr_carea' id='block_1_67' title="bbox 250 3946 1831 4022">
    <p class='ocr_par' dir='ltr' id='par_1_67' title="bbox 250 3946 1831 4022">
     <span class='ocr_line' id='line_1_67' title="bbox 250 3946 1831 4022; baseline 0.006 -26"><span class='ocrx_word' id='word_1_449' title='bbox 250 3946 340 3997; x_wconf 74' lang='grc' dir='ltr'>τὸν</span> <span class='ocrx_word' id='word_1_450' title='bbox 409 3946 620 4015; x_wconf 78' lang='grc' dir='ltr'>Ἰησοῦν</span> <span class='ocrx_word' id='word_1_451' title='bbox 664 3949 901 4019; x_wconf 82' lang='grc' dir='ltr'>Χριστὸν</span> <span class='ocrx_word' id='word_1_452' title='bbox 966 3950 1189 4022; x_wconf 80' lang='grc' dir='ltr'>σπέρμα</span> <span class='ocrx_word' id='word_1_453' title='bbox 1228 3952 1323 4006; x_wconf 82' lang='grc' dir='ltr'><strong>τοῦ</strong></span> <span class='ocrx_word' id='word_1_454' title='bbox 1371 3952 1534 4007; x_wconf 64' lang='lat' dir='ltr'><strong>Aemo</strong></span> <span class='ocrx_word' id='word_1_455' title='bbox 1594 3952 1831 4006; x_wconf 74' lang='grc' dir='ltr'>ἐνταῦθα</span> 
     </span>
    </p>
   </div>
   <div class='ocr_carea' id='block_1_68' title="bbox 247 4035 1832 4113">
    <p class='ocr_par' dir='ltr' id='par_1_68' title="bbox 247 4035 1832 4113">
     <span class='ocr_line' id='line_1_68' title="bbox 247 4035 1832 4113; baseline 0.005 -26"><span class='ocrx_word' id='word_1_456' title='bbox 247 4035 530 4103; x_wconf 72' lang='grc' dir='ltr'>λέγεσθαι.</span> <span class='ocrx_word' id='word_1_457' title='bbox 568 4038 656 4091; x_wconf 68' lang='grc' dir='ltr'><strong>διὰ</strong></span> <span class='ocrx_word' id='word_1_458' title='bbox 713 4041 774 4092; x_wconf 77' lang='grc' dir='ltr'><strong>τὸ</strong></span> <span class='ocrx_word' id='word_1_459' title='bbox 809 4042 874 4092; x_wconf 82' lang='grc' dir='ltr'><strong>ὲκ</strong></span> <span class='ocrx_word' id='word_1_460' title='bbox 917 4040 1082 4094; x_wconf 75' lang='grc' dir='ltr'><strong>Δαὸὶδ</strong></span> <span class='ocrx_word' id='word_1_461' title='bbox 1104 4042 1439 4110; x_wconf 82' lang='grc' dir='ltr'>κατάγεσθαι</span> <span class='ocrx_word' id='word_1_462' title='bbox 1484 4041 1587 4113; x_wconf 82' lang='grc' dir='ltr'><strong>τὴν</strong></span> <span class='ocrx_word' id='word_1_463' title='bbox 1617 4042 1832 4112; x_wconf 77' lang='grc' dir='ltr'>μητέρα</span> 
     </span>
    </p>
   </div>
   <div class='ocr_carea' id='block_1_69' title="bbox 253 4127 1833 4204">
    <p class='ocr_par' dir='ltr' id='par_1_69' title="bbox 253 4127 1833 4204">
     <span class='ocr_line' id='line_1_69' title="bbox 253 4127 1833 4204; baseline 0.005 -22"><span class='ocrx_word' id='word_1_464' title='bbox 253 4132 441 4193; x_wconf 72' lang='grc' dir='ltr'>αὐτοῦ,</span> <span class='ocrx_word' id='word_1_465' title='bbox 494 4127 557 4185; x_wconf 75' lang='grc' dir='ltr'>οὗ</span> <span class='ocrx_word' id='word_1_466' title='bbox 588 4134 690 4202; x_wconf 72' lang='grc' dir='ltr'>τῆς</span> <span class='ocrx_word' id='word_1_467' title='bbox 735 4133 1015 4204; x_wconf 77' lang='grc' dir='ltr'>βασιλεῐας</span> <span class='ocrx_word' id='word_1_468' title='bbox 1040 4136 1139 4189; x_wconf 83' lang='grc' dir='ltr'><strong>οὐκ</strong></span> <span class='ocrx_word' id='word_1_469' title='bbox 1172 4135 1324 4189; x_wconf 84' lang='grc' dir='ltr'>ἔσται</span> <span class='ocrx_word' id='word_1_470' title='bbox 1370 4134 1544 4199; x_wconf 79' lang='grc' dir='ltr'>τέλος.</span> <span class='ocrx_word' id='word_1_471' title='bbox 1568 4138 1659 4189; x_wconf 77' lang='grc' dir='ltr'><strong>Διὸ</strong></span> <span class='ocrx_word' id='word_1_472' title='bbox 1690 4136 1783 4190; x_wconf 60' lang='grc' dir='ltr'><strong>καὶ⁵</strong></span> <span class='ocrx_word' id='word_1_473' title='bbox 1805 4138 1833 4190; x_wconf 85' lang='grc' dir='ltr'>ὁ</span> 
     </span>
    </p>
   </div>
   <div class='ocr_carea' id='block_1_70' title="bbox 255 4225 1833 4299">
    <p class='ocr_par' dir='ltr' id='par_1_70' title="bbox 255 4225 1833 4299">
     <span class='ocr_line' id='line_1_70' title="bbox 255 4225 1833 4299; baseline 0.006 -24"><span class='ocrx_word' id='word_1_474' title='bbox 255 4225 649 4292; x_wconf 76' lang='grc' dir='ltr'>εύαγγελιστὴς</span> <span class='ocrx_word' id='word_1_475' title='bbox 693 4227 956 4298; x_wconf 72' lang='grc' dir='ltr'><strong>εἴρηκεν⁸</strong></span> <span class='ocrx_word' id='word_1_476' title='bbox 1017 4229 1237 4294; x_wconf 76' lang='grc' dir='ltr'>Βίϐλος</span> <span class='ocrx_word' id='word_1_477' title='bbox 1292 4228 1587 4299; x_wconf 75' lang='grc' dir='ltr'>γενέσεως</span> <span class='ocrx_word' id='word_1_478' title='bbox 1630 4230 1833 4297; x_wconf 86' lang='grc' dir='ltr'>Ἰησοῦ</span> 
     </span>
    </p>
   </div>
   <div class='ocr_carea' id='block_1_71' title="bbox 255 4316 1815 4390">
    <p class='ocr_par' dir='ltr' id='par_1_71' title="bbox 255 4316 1815 4390">
     <span class='ocr_line' id='line_1_71' title="bbox 255 4316 1815 4390; baseline 0.004 -22"><span class='ocrx_word' id='word_1_479' title='bbox 255 4316 515 4384; x_wconf 79' lang='grc' dir='ltr'>Χριστοῦ</span> <span class='ocrx_word' id='word_1_480' title='bbox 568 4318 704 4372; x_wconf 78' lang='grc' dir='ltr'>υἱοῦ</span> <span class='ocrx_word' id='word_1_481' title='bbox 778 4319 974 4373; x_wconf 76' lang='grc' dir='ltr'><strong>Δαϐίδ.</strong></span> <span class='ocrx_word' id='word_1_482' title='bbox 1034 4320 1212 4374; x_wconf 82' lang='grc' dir='ltr'>Ποιῶν</span> <span class='ocrx_word' id='word_1_483' title='bbox 1285 4322 1342 4373; x_wconf 79' lang='grc' dir='ltr'><strong>δὲ</strong></span> <span class='ocrx_word' id='word_1_484' title='bbox 1392 4320 1544 4390; x_wconf 85' lang='grc' dir='ltr'>αύτῷ</span> <span class='ocrx_word' id='word_1_485' title='bbox 1607 4322 1755 4385; x_wconf 75' lang='grc' dir='ltr'>ἕλεος</span> <span class='ocrx_word' id='word_1_486' title='bbox 1787 4326 1815 4376; x_wconf 86' lang='grc' dir='ltr'>ὁ</span> 
     </span>
    </p>
   </div>
   <div class='ocr_carea' id='block_1_72' title="bbox 259 4408 1831 4481">
    <p class='ocr_par' dir='ltr' id='par_1_72' title="bbox 259 4408 1831 4481">
     <span class='ocr_line' id='line_1_72' title="bbox 259 4408 1831 4481; baseline 0.006 -22"><span class='ocrx_word' id='word_1_487' title='bbox 259 4408 425 4475; x_wconf 66' lang='grc' dir='ltr'>Δζγος</span> <span class='ocrx_word' id='word_1_488' title='bbox 461 4409 557 4461; x_wconf 73' lang='grc' dir='ltr'><strong>καὶ</strong></span> <span class='ocrx_word' id='word_1_489' title='bbox 603 4408 755 4476; x_wconf 70' lang='grc' dir='ltr'>Θεὸς,</span> <span class='ocrx_word' id='word_1_490' title='bbox 822 4410 851 4462; x_wconf 84' lang='grc' dir='ltr'><strong>ὁ</strong></span> <span class='ocrx_word' id='word_1_491' title='bbox 896 4410 1174 4481; x_wconf 79' lang='grc' dir='ltr'>ἡνωμένος</span> <span class='ocrx_word' id='word_1_492' title='bbox 1204 4410 1354 4481; x_wconf 83' lang='grc' dir='ltr'>αύτῴ</span> <span class='ocrx_word' id='word_1_493' title='bbox 1411 4414 1506 4466; x_wconf 70' lang='grc' dir='ltr'><strong>καὶ</strong></span> <span class='ocrx_word' id='word_1_494' title='bbox 1522 4412 1831 4477; x_wconf 84' lang='grc' dir='ltr'>τεθεωκώς.</span> 
     </span>
    </p>
   </div>
   <div class='ocr_carea' id='block_1_73' title="bbox 572 4673 1577 4745">
    <p class='ocr_par' dir='ltr' id='par_1_73' title="bbox 572 4673 1577 4745">
     <span class='ocr_line' id='line_1_73' title="bbox 572 4673 1577 4745; baseline 0 -17"><span class='ocrx_word' id='word_1_495' title='bbox 572 4677 677 4741; x_wconf 61' lang='lat' dir='ltr'><strong>Eli;</strong></span> <span class='ocrx_word' id='word_1_496' title='bbox 699 4675 769 4728; x_wconf 84' lang='grc' dir='ltr'>τὸ</span> <span class='ocrx_word' id='word_1_497' title='bbox 791 4675 966 4741; x_wconf 75' lang='grc' dir='ltr'>τέλος</span> <span class='ocrx_word' id='word_1_498' title='bbox 986 4674 1233 4745; x_wconf 68' lang='grc' dir='ltr'><strong>ψαλμὸς</strong></span> <span class='ocrx_word' id='word_1_499' title='bbox 1258 4674 1339 4740; x_wconf 87' lang='grc' dir='ltr'>τῷ</span> <span class='ocrx_word' id='word_1_500' title='bbox 1376 4673 1577 4729; x_wconf 78' lang='grc' dir='ltr'><strong>Δασίδ.</strong></span> 
     </span>
    </p>
   </div>
   <div class='ocr_carea' id='block_1_74' title="bbox 857 4765 1291 4822">
    <p class='ocr_par' dir='ltr' id='par_1_74' title="bbox 857 4765 1291 4822">
     <span class='ocr_line' id='line_1_74' title="bbox 857 4765 1291 4822; baseline 0.007 -3"><span class='ocrx_word' id='word_1_501' title='bbox 857 4768 1153 4821; x_wconf 82' lang='grc' dir='ltr'><strong>ΨΛΛΜΟΣ</strong></span> <span class='ocrx_word' id='word_1_502' title='bbox 1182 4765 1291 4822; x_wconf 73' lang='grc' dir='ltr'><strong>ιη’.</strong></span> 
     </span>
    </p>
   </div>
   <div class='ocr_carea' id='block_1_75' title="bbox 327 4854 1837 4931">
    <p class='ocr_par' dir='ltr' id='par_1_75' title="bbox 327 4854 1837 4931">
     <span class='ocr_line' id='line_1_75' title="bbox 327 4854 1837 4931; baseline 0 -20"><span class='ocrx_word' id='word_1_503' title='bbox 327 4858 426 4925; x_wconf 63' lang='lat' dir='ltr'><strong>Eli;</strong></span> <span class='ocrx_word' id='word_1_504' title='bbox 451 4859 517 4913; x_wconf 86' lang='grc' dir='ltr'>τὸ</span> <span class='ocrx_word' id='word_1_505' title='bbox 541 4860 719 4922; x_wconf 74' lang='grc' dir='ltr'>τέλος</span> <span class='ocrx_word' id='word_1_506' title='bbox 746 4860 842 4913; x_wconf 66' lang='grc' dir='ltr'><strong>καὶ</strong></span> <span class='ocrx_word' id='word_1_507' title='bbox 889 4854 1046 4921; x_wconf 70' lang='grc' dir='ltr'>οὗτος</span> <span class='ocrx_word' id='word_1_508' title='bbox 1100 4861 1130 4912; x_wconf 81' lang='grc' dir='ltr'><strong>ὁ</strong></span> <span class='ocrx_word' id='word_1_509' title='bbox 1180 4859 1415 4929; x_wconf 81' lang='grc' dir='ltr'>ψαλμδς,</span> <span class='ocrx_word' id='word_1_510' title='bbox 1471 4861 1555 4912; x_wconf 83' lang='grc' dir='ltr'>ὅτι</span> <span class='ocrx_word' id='word_1_511' title='bbox 1605 4859 1837 4931; x_wconf 75' lang='grc' dir='ltr'>γηραιὸς</span> 
     </span>
    </p>
   </div>
   <div class='ocr_carea' id='block_1_76' title="bbox 269 4950 1837 5022">
    <p class='ocr_par' dir='ltr' id='par_1_76' title="bbox 269 4950 1837 5022">
     <span class='ocr_line' id='line_1_76' title="bbox 269 4950 1837 5022; baseline 0.001 -21"><span class='ocrx_word' id='word_1_512' title='bbox 269 4952 572 5019; x_wconf 74' lang='grc' dir='ltr'>γενόμενος,</span> <span class='ocrx_word' id='word_1_513' title='bbox 603 4951 794 5005; x_wconf 84' lang='grc' dir='ltr'>τοῦτον</span> <span class='ocrx_word' id='word_1_514' title='bbox 825 4951 1141 5015; x_wconf 79' lang='grc' dir='ltr'>συνέταξεν,</span> <span class='ocrx_word' id='word_1_515' title='bbox 1186 4953 1265 5013; x_wconf 81' lang='grc' dir='ltr'><strong>εἰς</strong></span> <span class='ocrx_word' id='word_1_516' title='bbox 1317 4951 1471 5014; x_wconf 79' lang='grc' dir='ltr'>τέλος</span> <span class='ocrx_word' id='word_1_517' title='bbox 1531 4950 1679 5021; x_wconf 80' lang='grc' dir='ltr'>ζωῆς</span> <span class='ocrx_word' id='word_1_518' title='bbox 1733 4950 1837 5022; x_wconf 73' lang='grc' dir='ltr'><strong>ἤδη</strong></span> 
     </span>
    </p>
   </div>
   <div class='ocr_carea' id='block_1_77' title="bbox 272 5042 1840 5117">
    <p class='ocr_par' dir='ltr' id='par_1_77' title="bbox 272 5042 1840 5117">
     <span class='ocr_line' id='line_1_77' title="bbox 272 5042 1840 5117; baseline 0.001 -20"><span class='ocrx_word' id='word_1_519' title='bbox 272 5042 474 5107; x_wconf 70' lang='grc' dir='ltr'>βλέπων</span> <span class='ocrx_word' id='word_1_520' title='bbox 508 5061 523 5075; x_wconf 76' lang='grc'><em>³</em></span> <span class='ocrx_word' id='word_1_521' title='bbox 559 5046 594 5115; x_wconf 83' lang='grc' dir='ltr'>ἢ</span> <span class='ocrx_word' id='word_1_522' title='bbox 630 5045 713 5098; x_wconf 85' lang='grc' dir='ltr'>ὅτι</span> <span class='ocrx_word' id='word_1_523' title='bbox 743 5049 1129 5117; x_wconf 66' lang='grc' dir='ltr'>προαναιεωνετ</span> <span class='ocrx_word' id='word_1_524' title='bbox 1157 5047 1388 5117; x_wconf 82' lang='grc' dir='ltr'>πρᾶγμα</span> <span class='ocrx_word' id='word_1_525' title='bbox 1414 5046 1494 5108; x_wconf 79' lang='grc' dir='ltr'><strong>εἰς</strong></span> <span class='ocrx_word' id='word_1_526' title='bbox 1526 5043 1675 5108; x_wconf 78' lang='grc' dir='ltr'>τέλος</span> <span class='ocrx_word' id='word_1_527' title='bbox 1704 5046 1840 5098; x_wconf 80' lang='grc' dir='ltr'>ἀπο·</span> 
     </span>
    </p>
   </div>
   <div class='ocr_carea' id='block_1_78' title="bbox 272 5136 1841 5211">
    <p class='ocr_par' dir='ltr' id='par_1_78' title="bbox 272 5136 1841 5211">
     <span class='ocr_line' id='line_1_78' title="bbox 272 5136 1841 5211; baseline 0.001 -19"><span class='ocrx_word' id='word_1_528' title='bbox 272 5136 566 5209; x_wconf 72' lang='grc' dir='ltr'>θησόμενον</span> <span class='ocrx_word' id='word_1_529' title='bbox 585 5182 601 5195; x_wconf 91' lang='grc'><strong>.</strong></span> <span class='ocrx_word' id='word_1_530' title='bbox 634 5141 1010 5209; x_wconf 80' lang='grc' dir='ltr'>Ἐπιστομίςει</span> <span class='ocrx_word' id='word_1_531' title='bbox 1038 5142 1149 5211; x_wconf 74' lang='grc' dir='ltr'><strong>γὰρ</strong></span> <span class='ocrx_word' id='word_1_532' title='bbox 1179 5141 1277 5209; x_wconf 78' lang='grc' dir='ltr'>τὴν</span> <span class='ocrx_word' id='word_1_533' title='bbox 1305 5139 1608 5209; x_wconf 80' lang='grc' dir='ltr'>μέλλουσαν</span> <span class='ocrx_word' id='word_1_534' title='bbox 1648 5138 1841 5193; x_wconf 80' lang='grc' dir='ltr'>ὰθεῒαν</span> 
     </span>
    </p>
   </div>
   <div class='ocr_carea' id='block_1_79' title="bbox 272 5230 1639 5302">
    <p class='ocr_par' dir='ltr' id='par_1_79' title="bbox 272 5230 1639 5302">
     <span class='ocr_line' id='line_1_79' title="bbox 272 5230 1639 5302; baseline 0.004 -22"><span class='ocrx_word' id='word_1_535' title='bbox 272 5230 371 5283; x_wconf 77' lang='grc' dir='ltr'><strong>τῶν</strong></span> <span class='ocrx_word' id='word_1_536' title='bbox 401 5232 714 5302; x_wconf 74' lang='grc' dir='ltr'>ληρούντων</span> <span class='ocrx_word' id='word_1_537' title='bbox 741 5232 1027 5302; x_wconf 84' lang='grc' dir='ltr'>αὐτόματα</span> <span class='ocrx_word' id='word_1_538' title='bbox 1056 5230 1312 5300; x_wconf 77' lang='grc' dir='ltr'>γενέσθαι</span> <span class='ocrx_word' id='word_1_539' title='bbox 1343 5231 1412 5284; x_wconf 81' lang='grc' dir='ltr'><strong>τὰ</strong></span> <span class='ocrx_word' id='word_1_540' title='bbox 1438 5230 1639 5285; x_wconf 75' lang='grc' dir='ltr'>πάντα.</span> 
     </span>
    </p>
   </div>
   <div class='ocr_carea' id='block_1_80' title="bbox 334 5410 1838 5481">
    <p class='ocr_par' dir='ltr' id='par_1_80' title="bbox 334 5410 1838 5481">
     <span class='ocr_line' id='line_1_80' title="bbox 334 5410 1838 5481; baseline 0 -18"><span class='ocrx_word' id='word_1_541' title='bbox 334 5414 394 5463; x_wconf 79' lang='lat' dir='ltr'><strong>(ll</strong></span> <span class='ocrx_word' id='word_1_542' title='bbox 451 5412 694 5479; x_wconf 74' lang='grc' dir='ltr'>οὐρανοὶ</span> <span class='ocrx_word' id='word_1_543' title='bbox 747 5412 1093 5481; x_wconf 76' lang='grc' dir='ltr'>διηγοῦνται</span> <span class='ocrx_word' id='word_1_544' title='bbox 1153 5411 1342 5473; x_wconf 75' lang='grc' dir='ltr'>δόξαν</span> <span class='ocrx_word' id='word_1_545' title='bbox 1403 5410 1573 5467; x_wconf 81' lang='grc' dir='ltr'>Θεοῦ.</span> <span class='ocrx_word' id='word_1_546' title='bbox 1651 5411 1838 5476; x_wconf 79' lang='grc' dir='ltr'>Αὐτοὶ,</span> 
     </span>
    </p>
   </div>
   <div class='ocr_carea' id='block_1_81' title="bbox 278 5500 1839 5572">
    <p class='ocr_par' dir='ltr' id='par_1_81' title="bbox 278 5500 1839 5572">
     <span class='ocr_line' id='line_1_81' title="bbox 278 5500 1839 5572; baseline 0.001 -21"><span class='ocrx_word' id='word_1_547' title='bbox 278 5500 450 5567; x_wconf 72' lang='grc' dir='ltr'>φησὶν,</span> <span class='ocrx_word' id='word_1_548' title='bbox 477 5504 526 5554; x_wconf 72' lang='grc' dir='ltr'>οἱ</span> <span class='ocrx_word' id='word_1_549' title='bbox 561 5502 789 5569; x_wconf 83' lang='grc' dir='ltr'>ούρανοὶ</span> <span class='ocrx_word' id='word_1_550' title='bbox 820 5503 1053 5554; x_wconf 79' lang='grc' dir='ltr'>πάντοτε</span> <span class='ocrx_word' id='word_1_551' title='bbox 1112 5501 1557 5572; x_wconf 69' lang='grc' dir='ltr'>ἀνακηρύττωσι</span> <span class='ocrx_word' id='word_1_552' title='bbox 1577 5500 1637 5552; x_wconf 78' lang='grc' dir='ltr'>τὸ</span> <span class='ocrx_word' id='word_1_553' title='bbox 1666 5518 1839 5570; x_wconf 81' lang='grc' dir='ltr'>μεγα-</span> 
     </span>
    </p>
   </div>
   <div class='ocr_carea' id='block_1_82' title="bbox 276 5589 1838 5664">
    <p class='ocr_par' dir='ltr' id='par_1_82' title="bbox 276 5589 1838 5664">
     <span class='ocr_line' id='line_1_82' title="bbox 276 5589 1838 5664; baseline 0.004 -25"><span class='ocrx_word' id='word_1_554' title='bbox 276 5589 407 5643; x_wconf 76' lang='grc' dir='ltr'>λεῖον</span> <span class='ocrx_word' id='word_1_555' title='bbox 436 5591 529 5643; x_wconf 81' lang='grc' dir='ltr'><strong>τοῦ</strong></span> <span class='ocrx_word' id='word_1_556' title='bbox 554 5591 715 5656; x_wconf 74' lang='grc' dir='ltr'>Θεοῦ,</span> <span class='ocrx_word' id='word_1_557' title='bbox 750 5595 903 5663; x_wconf 78' lang='grc' dir='ltr'>φωνῇ</span> <span class='ocrx_word' id='word_1_558' title='bbox 928 5594 1206 5662; x_wconf 73' lang='grc' dir='ltr'>χρώμενοι</span> <span class='ocrx_word' id='word_1_559' title='bbox 1248 5595 1316 5662; x_wconf 81' lang='grc' dir='ltr'>τῇ</span> <span class='ocrx_word' id='word_1_560' title='bbox 1372 5592 1515 5661; x_wconf 70' lang='grc' dir='ltr'>ὄψει.</span> <span class='ocrx_word' id='word_1_561' title='bbox 1580 5592 1676 5647; x_wconf 79' lang='grc' dir='ltr'><strong>Ἐκ</strong></span> <span class='ocrx_word' id='word_1_562' title='bbox 1730 5593 1838 5664; x_wconf 73' lang='grc' dir='ltr'>γὰρ</span> 
     </span>
    </p>
   </div>
   <div class='ocr_carea' id='block_1_83' title="bbox 341 5765 1415 5832">
    <p class='ocr_par' dir='ltr' id='par_1_83' title="bbox 341 5765 1415 5832">
     <span class='ocr_line' id='line_1_83' title="bbox 341 5765 1415 5832; baseline 0 -9"><span class='ocrx_word' id='word_1_563' title='bbox 341 5766 383 5801; x_wconf 80' lang='lat'>&quot;</span> <span class='ocrx_word' id='word_1_564' title='bbox 420 5766 561 5823; x_wconf 79' lang='lat' dir='ltr'><strong>Psal.</strong></span> <span class='ocrx_word' id='word_1_565' title='bbox 614 5783 739 5831; x_wconf 73' lang='lat' dir='ltr'><strong>us,</strong></span> <span class='ocrx_word' id='word_1_566' title='bbox 765 5767 857 5820; x_wconf 66' lang='lat'><strong>29..</strong></span> <span class='ocrx_word' id='word_1_567' title='bbox 974 5768 1020 5798; x_wconf 75' lang='grc' dir='ltr'><strong>δ’</strong></span> <span class='ocrx_word' id='word_1_568' title='bbox 1052 5767 1251 5821; x_wconf 77' lang='lat' dir='ltr'><strong>Matth.</strong></span> <span class='ocrx_word' id='word_1_569' title='bbox 1282 5782 1323 5832; x_wconf 82' lang='grc' dir='ltr'><strong>ι,</strong></span> <span class='ocrx_word' id='word_1_570' title='bbox 1361 5765 1415 5823; x_wconf 85' lang='lat' dir='ltr'><strong>I.</strong></span> 
     </span>
    </p>
   </div>
   <div class='ocr_carea' id='block_1_84' title="bbox 1931 3199 3285 3273">
    <p class='ocr_par' dir='ltr' id='par_1_84' title="bbox 1931 3199 3285 3273">
     <span class='ocr_line' id='line_1_84' title="bbox 1931 3199 3285 3273; baseline -0.018 -1"><span class='ocrx_word' id='word_1_571' title='bbox 1931 3223 2015 3271; x_wconf 90' lang='lat' dir='ltr'><strong>est</strong></span> <span class='ocrx_word' id='word_1_572' title='bbox 2042 3218 2230 3273; x_wconf 92' lang='lat' dir='ltr'><strong>uncto,</strong></span> <span class='ocrx_word' id='word_1_573' title='bbox 2266 3223 2297 3261; x_wconf 92' lang='lat' dir='ltr'><strong>a</strong></span> <span class='ocrx_word' id='word_1_574' title='bbox 2329 3216 2379 3260; x_wconf 89' lang='lat' dir='ltr'><strong>te</strong></span> <span class='ocrx_word' id='word_1_575' title='bbox 2418 3204 2701 3266; x_wconf 88' lang='lat' dir='ltr'><strong>nimirum,</strong></span> <span class='ocrx_word' id='word_1_576' title='bbox 2734 3200 2838 3254; x_wconf 90' lang='lat' dir='ltr'><strong>hoc</strong></span> <span class='ocrx_word' id='word_1_577' title='bbox 2866 3208 2951 3253; x_wconf 88' lang='lat' dir='ltr'><strong>est</strong></span> <span class='ocrx_word' id='word_1_578' title='bbox 2975 3199 3133 3266; x_wconf 89' lang='lat' dir='ltr'><strong>jussu</strong></span> <span class='ocrx_word' id='word_1_579' title='bbox 3170 3204 3285 3250; x_wconf 92' lang='lat' dir='ltr'><strong>tuo.</strong></span> 
     </span>
    </p>
   </div>
   <div class='ocr_carea' id='block_1_85' title="bbox 2000 3288 3501 3368">
    <p class='ocr_par' dir='ltr' id='par_1_85' title="bbox 2000 3288 3501 3368">
     <span class='ocr_line' id='line_1_85' title="bbox 2000 3288 3501 3368; baseline -0.011 -10"><span class='ocrx_word' id='word_1_580' title='bbox 2000 3301 2165 3358; x_wconf 84' lang='lat' dir='ltr'><strong>David</strong></span> <span class='ocrx_word' id='word_1_581' title='bbox 2191 3344 2206 3368; x_wconf 92' lang='lat'><strong>,</strong></span> <span class='ocrx_word' id='word_1_582' title='bbox 2245 3310 2295 3355; x_wconf 83' lang='lat' dir='ltr'><strong>et</strong></span> <span class='ocrx_word' id='word_1_583' title='bbox 2347 3295 2532 3352; x_wconf 82' lang='lat' dir='ltr'><strong>semini</strong></span> <span class='ocrx_word' id='word_1_584' title='bbox 2568 3295 2681 3363; x_wconf 85' lang='lat' dir='ltr'><strong>ejus</strong></span> <span class='ocrx_word' id='word_1_585' title='bbox 2728 3306 2889 3361; x_wconf 76' lang='lat' dir='ltr'><strong>usque</strong></span> <span class='ocrx_word' id='word_1_586' title='bbox 2927 3291 2980 3343; x_wconf 85' lang='lat' dir='ltr'><strong>in</strong></span> <span class='ocrx_word' id='word_1_587' title='bbox 3026 3289 3300 3342; x_wconf 73' lang='lat' dir='ltr'><strong>stecttlunt.</strong></span> <span class='ocrx_word' id='word_1_588' title='bbox 3361 3288 3501 3342; x_wconf 90' lang='lat' dir='ltr'><strong>Cum</strong></span> 
     </span>
    </p>
   </div>
   <div class='ocr_carea' id='block_1_86' title="bbox 1925 3378 3503 3467">
    <p class='ocr_par' dir='ltr' id='par_1_86' title="bbox 1925 3378 3503 3467">
     <span class='ocr_line' id='line_1_86' title="bbox 1925 3378 3503 3467; baseline -0.016 -16"><span class='ocrx_word' id='word_1_589' title='bbox 1925 3397 2125 3467; x_wconf 77' lang='lat' dir='ltr'><strong>Regem</strong></span> <span class='ocrx_word' id='word_1_590' title='bbox 2152 3400 2205 3448; x_wconf 90' lang='lat' dir='ltr'><strong>et</strong></span> <span class='ocrx_word' id='word_1_591' title='bbox 2226 3389 2504 3446; x_wconf 85' lang='lat' dir='ltr'><strong>Christum</strong></span> <span class='ocrx_word' id='word_1_592' title='bbox 2546 3384 2743 3439; x_wconf 76' lang='lat' dir='ltr'><strong>dixerit</strong></span> <span class='ocrx_word' id='word_1_593' title='bbox 2774 3423 2788 3447; x_wconf 91' lang='lat'><strong>,</strong></span> <span class='ocrx_word' id='word_1_594' title='bbox 2828 3388 3103 3453; x_wconf 85' lang='lat' dir='ltr'><strong>postremo</strong></span> <span class='ocrx_word' id='word_1_595' title='bbox 3131 3378 3283 3432; x_wconf 85' lang='lat' dir='ltr'><strong>addit</strong></span> <span class='ocrx_word' id='word_1_596' title='bbox 3310 3386 3365 3433; x_wconf 89' lang='lat' dir='ltr'><strong>et</strong></span> <span class='ocrx_word' id='word_1_597' title='bbox 3397 3394 3503 3431; x_wconf 80' lang='lat' dir='ltr'><strong>no-</strong></span> 
     </span>
    </p>
   </div>
   <div class='ocr_carea' id='block_1_87' title="bbox 1927 3470 3519 3551">
    <p class='ocr_par' dir='ltr' id='par_1_87' title="bbox 1927 3470 3519 3551">
     <span class='ocr_line' id='line_1_87' title="bbox 1927 3470 3519 3551; baseline -0.013 -6"><span class='ocrx_word' id='word_1_598' title='bbox 1927 3504 2049 3545; x_wconf 89' lang='lat' dir='ltr'><strong>men</strong></span> <span class='ocrx_word' id='word_1_599' title='bbox 2098 3484 2285 3541; x_wconf 80' lang='lat' dir='ltr'><strong>David.</strong></span> <span class='ocrx_word' id='word_1_600' title='bbox 2344 3483 2446 3549; x_wconf 89' lang='lat' dir='ltr'><strong>Qui</strong></span> <span class='ocrx_word' id='word_1_601' title='bbox 2499 3481 2665 3551; x_wconf 78' lang='lat' dir='ltr'><strong>igitur</strong></span> <span class='ocrx_word' id='word_1_602' title='bbox 2715 3474 3146 3531; x_wconf 73' lang='lat' dir='ltr'><strong>misericordiam</strong></span> <span class='ocrx_word' id='word_1_603' title='bbox 3208 3487 3268 3527; x_wconf 83' lang='lat' dir='ltr'><strong>se</strong></span> <span class='ocrx_word' id='word_1_604' title='bbox 3319 3486 3347 3523; x_wconf 89' lang='lat' dir='ltr'><strong>a</strong></span> <span class='ocrx_word' id='word_1_605' title='bbox 3410 3470 3519 3525; x_wconf 78' lang='lat' dir='ltr'><strong>Deo</strong></span> 
     </span>
    </p>
   </div>
   <div class='ocr_carea' id='block_1_88' title="bbox 1927 3560 3516 3639">
    <p class='ocr_par' dir='ltr' id='par_1_88' title="bbox 1927 3560 3516 3639">
     <span class='ocr_line' id='line_1_88' title="bbox 1927 3560 3516 3639; baseline -0.014 -2"><span class='ocrx_word' id='word_1_606' title='bbox 1927 3586 2280 3638; x_wconf 88' lang='lat' dir='ltr'><strong>consecutum</strong></span> <span class='ocrx_word' id='word_1_607' title='bbox 2310 3589 2432 3630; x_wconf 88' lang='lat' dir='ltr'><strong>esse</strong></span> <span class='ocrx_word' id='word_1_608' title='bbox 2457 3571 2590 3626; x_wconf 89' lang='lat' dir='ltr'><strong>dicit</strong></span> <span class='ocrx_word' id='word_1_609' title='bbox 2618 3609 2634 3633; x_wconf 85' lang='lat'><strong>,</strong></span> <span class='ocrx_word' id='word_1_610' title='bbox 2672 3567 2912 3639; x_wconf 88' lang='lat' dir='ltr'><strong>posteris</strong></span> <span class='ocrx_word' id='word_1_611' title='bbox 2948 3564 3091 3619; x_wconf 88' lang='lat' dir='ltr'><strong>beati</strong></span> <span class='ocrx_word' id='word_1_612' title='bbox 3138 3560 3308 3615; x_wconf 85' lang='lat' dir='ltr'><strong>David</strong></span> <span class='ocrx_word' id='word_1_613' title='bbox 3361 3570 3516 3615; x_wconf 77' lang='lat' dir='ltr'><strong>recto</strong></span> 
     </span>
    </p>
   </div>
   <div class='ocr_carea' id='block_1_89' title="bbox 1929 3655 3511 3737">
    <p class='ocr_par' dir='ltr' id='par_1_89' title="bbox 1929 3655 3511 3737">
     <span class='ocr_line' id='line_1_89' title="bbox 1929 3655 3511 3737; baseline -0.013 -9"><span class='ocrx_word' id='word_1_614' title='bbox 1929 3668 2273 3727; x_wconf 89' lang='lat' dir='ltr'><strong>accomodari</strong></span> <span class='ocrx_word' id='word_1_615' title='bbox 2294 3674 2495 3737; x_wconf 86' lang='lat' dir='ltr'><strong>potest.</strong></span> <span class='ocrx_word' id='word_1_616' title='bbox 2520 3662 2672 3729; x_wconf 89' lang='lat' dir='ltr'><strong>Quod</strong></span> <span class='ocrx_word' id='word_1_617' title='bbox 2707 3675 2837 3715; x_wconf 87' lang='lat' dir='ltr'><strong>vero</strong></span> <span class='ocrx_word' id='word_1_618' title='bbox 2861 3659 2936 3712; x_wconf 85' lang='lat' dir='ltr'><strong>ait</strong></span> <span class='ocrx_word' id='word_1_619' title='bbox 2966 3671 3126 3726; x_wconf 84' lang='lat' dir='ltr'><strong>usque</strong></span> <span class='ocrx_word' id='word_1_620' title='bbox 3150 3655 3205 3709; x_wconf 87' lang='lat' dir='ltr'><strong>in</strong></span> <span class='ocrx_word' id='word_1_621' title='bbox 3238 3655 3511 3709; x_wconf 56' lang='lat' dir='ltr'><strong>sccalum.</strong></span> 
     </span>
    </p>
   </div>
   <div class='ocr_carea' id='block_1_90' title="bbox 1930 3744 3517 3833">
    <p class='ocr_par' dir='ltr' id='par_1_90' title="bbox 1930 3744 3517 3833">
     <span class='ocr_line' id='line_1_90' title="bbox 1930 3744 3517 3833; baseline -0.015 -15"><span class='ocrx_word' id='word_1_622' title='bbox 1930 3763 2230 3833; x_wconf 86' lang='lat' dir='ltr'><strong>improprie</strong></span> <span class='ocrx_word' id='word_1_623' title='bbox 2259 3759 2469 3813; x_wconf 87' lang='lat' dir='ltr'><strong>dictum</strong></span> <span class='ocrx_word' id='word_1_624' title='bbox 2503 3762 2609 3809; x_wconf 90' lang='lat' dir='ltr'><strong>est.</strong></span> <span class='ocrx_word' id='word_1_625' title='bbox 2641 3751 2776 3804; x_wconf 84' lang='lat' dir='ltr'><strong>Nam</strong></span> <span class='ocrx_word' id='word_1_626' title='bbox 2826 3758 2951 3819; x_wconf 89' lang='lat' dir='ltr'><strong>post</strong></span> <span class='ocrx_word' id='word_1_627' title='bbox 2984 3747 3217 3801; x_wconf 88' lang='lat' dir='ltr'><strong>reditum</strong></span> <span class='ocrx_word' id='word_1_628' title='bbox 3256 3761 3286 3799; x_wconf 89' lang='lat' dir='ltr'><strong>e</strong></span> <span class='ocrx_word' id='word_1_629' title='bbox 3341 3744 3517 3811; x_wconf 85' lang='lat' dir='ltr'><strong>capti-</strong></span> 
     </span>
    </p>
   </div>
   <div class='ocr_carea' id='block_1_91' title="bbox 1932 3836 3521 3910">
    <p class='ocr_par' dir='ltr' id='par_1_91' title="bbox 1932 3836 3521 3910">
     <span class='ocr_line' id='line_1_91' title="bbox 1932 3836 3521 3910; baseline -0.014 -2"><span class='ocrx_word' id='word_1_630' title='bbox 1932 3857 2104 3910; x_wconf 81' lang='lat' dir='ltr'><strong>vitate</strong></span> <span class='ocrx_word' id='word_1_631' title='bbox 2142 3852 2295 3906; x_wconf 87' lang='lat' dir='ltr'><strong>squs</strong></span> <span class='ocrx_word' id='word_1_632' title='bbox 2323 3845 2625 3902; x_wconf 89' lang='lat' dir='ltr'><strong>Zorobabel</strong></span> <span class='ocrx_word' id='word_1_633' title='bbox 2678 3841 2963 3910; x_wconf 80' lang='lat' dir='ltr'><strong>regnavit,</strong></span> <span class='ocrx_word' id='word_1_634' title='bbox 3013 3836 3180 3892; x_wconf 91' lang='lat' dir='ltr'><strong>nullis</strong></span> <span class='ocrx_word' id='word_1_635' title='bbox 3242 3836 3298 3888; x_wconf 91' lang='lat' dir='ltr'><strong>in</strong></span> <span class='ocrx_word' id='word_1_636' title='bbox 3350 3849 3521 3905; x_wconf 86' lang='lat' dir='ltr'><strong>regno</strong></span> 
     </span>
    </p>
   </div>
   <div class='ocr_carea' id='block_1_92' title="bbox 1934 3927 3517 4002">
    <p class='ocr_par' dir='ltr' id='par_1_92' title="bbox 1934 3927 3517 4002">
     <span class='ocr_line' id='line_1_92' title="bbox 1934 3927 3517 4002; baseline -0.016 0"><span class='ocrx_word' id='word_1_637' title='bbox 1934 3941 2363 4002; x_wconf 86' lang='lat' dir='ltr'><strong>successoribus</strong></span> <span class='ocrx_word' id='word_1_638' title='bbox 2396 3936 2627 3992; x_wconf 86' lang='lat' dir='ltr'><strong>relictis.</strong></span> <span class='ocrx_word' id='word_1_639' title='bbox 2663 3934 2925 4002; x_wconf 88' lang='lat' dir='ltr'><strong>Superest</strong></span> <span class='ocrx_word' id='word_1_640' title='bbox 2952 3930 3119 3999; x_wconf 81' lang='lat' dir='ltr'><strong>igitur</strong></span> <span class='ocrx_word' id='word_1_641' title='bbox 3144 3935 3203 3980; x_wconf 90' lang='lat' dir='ltr'><strong>ut</strong></span> <span class='ocrx_word' id='word_1_642' title='bbox 3234 3927 3517 3981; x_wconf 86' lang='lat' dir='ltr'><strong>Christum</strong></span> 
     </span>
    </p>
   </div>
   <div class='ocr_carea' id='block_1_93' title="bbox 1933 4015 3522 4094">
    <p class='ocr_par' dir='ltr' id='par_1_93' title="bbox 1933 4015 3522 4094">
     <span class='ocr_line' id='line_1_93' title="bbox 1933 4015 3522 4094; baseline -0.016 1"><span class='ocrx_word' id='word_1_643' title='bbox 1933 4039 2001 4094; x_wconf 90' lang='lat' dir='ltr'><strong>de</strong></span> <span class='ocrx_word' id='word_1_644' title='bbox 2028 4034 2235 4093; x_wconf 89' lang='lat' dir='ltr'><strong>semine</strong></span> <span class='ocrx_word' id='word_1_645' title='bbox 2269 4028 2438 4085; x_wconf 89' lang='lat' dir='ltr'><strong>David</strong></span> <span class='ocrx_word' id='word_1_646' title='bbox 2481 4027 2583 4081; x_wconf 90' lang='lat' dir='ltr'><strong>hoc</strong></span> <span class='ocrx_word' id='word_1_647' title='bbox 2630 4024 2683 4078; x_wconf 91' lang='lat' dir='ltr'><strong>in</strong></span> <span class='ocrx_word' id='word_1_648' title='bbox 2728 4025 2850 4077; x_wconf 88' lang='lat' dir='ltr'><strong>loco</strong></span> <span class='ocrx_word' id='word_1_649' title='bbox 2894 4021 3261 4089; x_wconf 81' lang='lat' dir='ltr'><strong>intelligamus</strong></span> <span class='ocrx_word' id='word_1_650' title='bbox 3291 4056 3307 4080; x_wconf 91' lang='lat'><strong>,</strong></span> <span class='ocrx_word' id='word_1_651' title='bbox 3360 4015 3522 4084; x_wconf 75' lang='lat' dir='ltr'><strong>cuius</strong></span> 
     </span>
    </p>
   </div>
   <div class='ocr_carea' id='block_1_94' title="bbox 1935 4109 3521 4191">
    <p class='ocr_par' dir='ltr' id='par_1_94' title="bbox 1935 4109 3521 4191">
     <span class='ocr_line' id='line_1_94' title="bbox 1935 4109 3521 4191; baseline -0.018 -5"><span class='ocrx_word' id='word_1_652' title='bbox 1935 4127 2241 4186; x_wconf 77' lang='lat' dir='ltr'><strong>materfuit</strong></span> <span class='ocrx_word' id='word_1_653' title='bbox 2271 4140 2337 4180; x_wconf 79' lang='lat' dir='ltr'><strong>ex</strong></span> <span class='ocrx_word' id='word_1_654' title='bbox 2372 4119 2635 4191; x_wconf 85' lang='lat' dir='ltr'><strong>progenie</strong></span> <span class='ocrx_word' id='word_1_655' title='bbox 2665 4114 2834 4169; x_wconf 87' lang='lat' dir='ltr'><strong>David</strong></span> <span class='ocrx_word' id='word_1_656' title='bbox 2871 4153 2886 4178; x_wconf 90' lang='lat'><strong>,</strong></span> <span class='ocrx_word' id='word_1_657' title='bbox 2923 4124 2975 4167; x_wconf 86' lang='lat' dir='ltr'><strong>et</strong></span> <span class='ocrx_word' id='word_1_658' title='bbox 3005 4112 3166 4180; x_wconf 85' lang='lat' dir='ltr'><strong>cujus</strong></span> <span class='ocrx_word' id='word_1_659' title='bbox 3208 4109 3357 4181; x_wconf 88' lang='lat' dir='ltr'><strong>regni</strong></span> <span class='ocrx_word' id='word_1_660' title='bbox 3410 4122 3521 4160; x_wconf 91' lang='lat' dir='ltr'><strong>non</strong></span> 
     </span>
    </p>
   </div>
   <div class='ocr_carea' id='block_1_95' title="bbox 1938 4200 3519 4278">
    <p class='ocr_par' dir='ltr' id='par_1_95' title="bbox 1938 4200 3519 4278">
     <span class='ocr_line' id='line_1_95' title="bbox 1938 4200 3519 4278; baseline -0.016 0"><span class='ocrx_word' id='word_1_661' title='bbox 1938 4225 2044 4278; x_wconf 90' lang='lat' dir='ltr'><strong>erit</strong></span> <span class='ocrx_word' id='word_1_662' title='bbox 2071 4220 2216 4276; x_wconf 84' lang='lat' dir='ltr'><strong>linis.</strong></span> <span class='ocrx_word' id='word_1_663' title='bbox 2275 4216 2385 4271; x_wconf 85' lang='lat' dir='ltr'><strong>IIac</strong></span> <span class='ocrx_word' id='word_1_664' title='bbox 2411 4214 2479 4269; x_wconf 90' lang='lat' dir='ltr'><strong>de</strong></span> <span class='ocrx_word' id='word_1_665' title='bbox 2523 4225 2690 4267; x_wconf 86' lang='lat' dir='ltr'><strong>causa</strong></span> <span class='ocrx_word' id='word_1_666' title='bbox 2741 4207 2903 4263; x_wconf 87' lang='lat' dir='ltr'><strong>etiam</strong></span> <span class='ocrx_word' id='word_1_667' title='bbox 2955 4204 3292 4275; x_wconf 85' lang='lat' dir='ltr'><strong>evangelista</strong></span> <span class='ocrx_word' id='word_1_668' title='bbox 3341 4200 3519 4254; x_wconf 81' lang='lat' dir='ltr'><strong>dixit:</strong></span> 
     </span>
    </p>
   </div>
   <div class='ocr_carea' id='block_1_96' title="bbox 1939 4290 3526 4382">
    <p class='ocr_par' dir='ltr' id='par_1_96' title="bbox 1939 4290 3526 4382">
     <span class='ocr_line' id='line_1_96' title="bbox 1939 4290 3526 4382; baseline -0.014 -14"><span class='ocrx_word' id='word_1_669' title='bbox 1939 4313 2095 4368; x_wconf 90' lang='lat' dir='ltr'><strong>Liber</strong></span> <span class='ocrx_word' id='word_1_670' title='bbox 2140 4306 2493 4382; x_wconf 83' lang='lat' dir='ltr'><strong>generationis</strong></span> <span class='ocrx_word' id='word_1_671' title='bbox 2524 4302 2654 4357; x_wconf 75' lang='lat' dir='ltr'><strong>Iesu</strong></span> <span class='ocrx_word' id='word_1_672' title='bbox 2687 4301 2887 4355; x_wconf 86' lang='lat' dir='ltr'><strong>Christi</strong></span> <span class='ocrx_word' id='word_1_673' title='bbox 2923 4298 3030 4368; x_wconf 88' lang='lat' dir='ltr'><strong>ﬁlii</strong></span> <span class='ocrx_word' id='word_1_674' title='bbox 3079 4293 3246 4348; x_wconf 79' lang='lat' dir='ltr'><strong>David</strong></span> <span class='ocrx_word' id='word_1_675' title='bbox 3300 4294 3367 4346; x_wconf 79' lang='lat'><strong>&quot;.</strong></span> <span class='ocrx_word' id='word_1_676' title='bbox 3406 4290 3526 4382; x_wconf 10' lang='lat' dir='ltr'><strong>Alll’e</strong></span> 
     </span>
    </p>
   </div>
   <div class='ocr_carea' id='block_1_97' title="bbox 1948 4380 3525 4471">
    <p class='ocr_par' dir='ltr' id='par_1_97' title="bbox 1948 4380 3525 4471">
     <span class='ocr_line' id='line_1_97' title="bbox 1948 4380 3525 4471; baseline -0.015 -12"><span class='ocrx_word' id='word_1_677' title='bbox 1948 4414 2124 4459; x_wconf 88' lang='lat' dir='ltr'><strong>autem</strong></span> <span class='ocrx_word' id='word_1_678' title='bbox 2142 4380 2247 4471; x_wconf 28' lang='lat' dir='ltr'><strong>vqui</strong></span> <span class='ocrx_word' id='word_1_679' title='bbox 2286 4398 2414 4453; x_wconf 89' lang='lat' dir='ltr'><strong>huic</strong></span> <span class='ocrx_word' id='word_1_680' title='bbox 2451 4394 2649 4452; x_wconf 81' lang='lat' dir='ltr'><strong>semini</strong></span> <span class='ocrx_word' id='word_1_681' title='bbox 2678 4391 2902 4447; x_wconf 85' lang='lat' dir='ltr'><strong>Christo</strong></span> <span class='ocrx_word' id='word_1_682' title='bbox 2940 4384 3376 4442; x_wconf 87' lang='lat' dir='ltr'><strong>misericordiam</strong></span> <span class='ocrx_word' id='word_1_683' title='bbox 3398 4380 3525 4435; x_wconf 81' lang='lat' dir='ltr'><strong>fecit</strong></span> 
     </span>
    </p>
   </div>
   <div class='ocr_carea' id='block_1_98' title="bbox 1875 4468 3527 4557">
    <p class='ocr_par' dir='ltr' id='par_1_98' title="bbox 1875 4468 3527 4557">
     <span class='ocr_line' id='line_1_98' title="bbox 1875 4468 3527 4557; baseline -0.015 -5"><span class='ocrx_word' id='word_1_684' title='bbox 1875 4468 1919 4522; x_wconf 66' lang='grc' dir='ltr'>Β</span> <span class='ocrx_word' id='word_1_685' title='bbox 1952 4468 2188 4551; x_wconf 80' lang='lat' dir='ltr'><strong>Verbum</strong></span> <span class='ocrx_word' id='word_1_686' title='bbox 2226 4492 2367 4547; x_wconf 89' lang='lat' dir='ltr'><strong>Deus</strong></span> <span class='ocrx_word' id='word_1_687' title='bbox 2397 4499 2513 4552; x_wconf 85' lang='lat' dir='ltr'><strong>est,</strong></span> <span class='ocrx_word' id='word_1_688' title='bbox 2546 4487 2651 4557; x_wconf 88' lang='lat' dir='ltr'><strong>ipsi</strong></span> <span class='ocrx_word' id='word_1_689' title='bbox 2680 4484 2874 4540; x_wconf 87' lang='lat' dir='ltr'><strong>semini</strong></span> <span class='ocrx_word' id='word_1_690' title='bbox 2924 4482 3136 4535; x_wconf 87' lang='lat' dir='ltr'><strong>unitqu</strong></span> <span class='ocrx_word' id='word_1_691' title='bbox 3166 4492 3229 4531; x_wconf 85' lang='lat' dir='ltr'><strong>ac</strong></span> <span class='ocrx_word' id='word_1_692' title='bbox 3265 4475 3428 4531; x_wconf 83' lang='lat' dir='ltr'><strong>Deum</strong></span> <span class='ocrx_word' id='word_1_693' title='bbox 3464 4474 3527 4527; x_wconf 66' lang='lat' dir='ltr'><strong>ilo</strong></span> 
     </span>
    </p>
   </div>
   <div class='ocr_carea' id='block_1_99' title="bbox 1939 4586 2299 4643">
    <p class='ocr_par' dir='ltr' id='par_1_99' title="bbox 1939 4586 2299 4643">
     <span class='ocr_line' id='line_1_99' title="bbox 1939 4586 2299 4643; baseline -0.014 0"><span class='ocrx_word' id='word_1_694' title='bbox 1939 4588 2030 4643; x_wconf 88' lang='lat' dir='ltr'><strong>lud</strong></span> <span class='ocrx_word' id='word_1_695' title='bbox 2067 4586 2299 4642; x_wconf 81' lang='lat' dir='ltr'><strong>faciens.</strong></span> 
     </span>
    </p>
   </div>
   <div class='ocr_carea' id='block_1_100' title="bbox 2276 4663 3192 4745">
    <p class='ocr_par' dir='ltr' id='par_1_100' title="bbox 2276 4663 3192 4745">
     <span class='ocr_line' id='line_1_100' title="bbox 2276 4663 3192 4745; baseline -0.019 -14"><span class='ocrx_word' id='word_1_696' title='bbox 2276 4675 2343 4731; x_wconf 84' lang='lat' dir='ltr'><strong>In</strong></span> <span class='ocrx_word' id='word_1_697' title='bbox 2376 4674 2531 4745; x_wconf 82' lang='lat' dir='ltr'><strong>ﬁnem</strong></span> <span class='ocrx_word' id='word_1_698' title='bbox 2568 4671 2820 4726; x_wconf 83' lang='lat' dir='ltr'><strong>Psalm&#39;us</strong></span> <span class='ocrx_word' id='word_1_699' title='bbox 2862 4668 2963 4735; x_wconf 85' lang='lat' dir='ltr'><strong>ipsi</strong></span> <span class='ocrx_word' id='word_1_700' title='bbox 2996 4663 3192 4719; x_wconf 72' lang='lat' dir='ltr'><strong>Dat-id.</strong></span> 
     </span>
    </p>
   </div>
   <div class='ocr_carea' id='block_1_101' title="bbox 2448 4756 3024 4817">
    <p class='ocr_par' dir='ltr' id='par_1_101' title="bbox 2448 4756 3024 4817">
     <span class='ocr_line' id='line_1_101' title="bbox 2448 4756 3024 4817; baseline -0.01 -1"><span class='ocrx_word' id='word_1_701' title='bbox 2448 4759 2774 4817; x_wconf 81' lang='lat' dir='ltr'><strong>PSALMUS</strong></span> <span class='ocrx_word' id='word_1_702' title='bbox 2840 4756 3024 4811; x_wconf 71' lang='lat' dir='ltr'><strong>XVIII.</strong></span> 
     </span>
    </p>
   </div>
   <div class='ocr_carea' id='block_1_102' title="bbox 2010 4843 3527 4919">
    <p class='ocr_par' dir='ltr' id='par_1_102' title="bbox 2010 4843 3527 4919">
     <span class='ocr_line' id='line_1_102' title="bbox 2010 4843 3527 4919; baseline -0.012 -5"><span class='ocrx_word' id='word_1_703' title='bbox 2010 4861 2111 4915; x_wconf 78' lang='lat' dir='ltr'><strong>Hie</strong></span> <span class='ocrx_word' id='word_1_704' title='bbox 2137 4859 2391 4915; x_wconf 84' lang='lat' dir='ltr'><strong>Psalmus</strong></span> <span class='ocrx_word' id='word_1_705' title='bbox 2409 4856 2572 4910; x_wconf 89' lang='lat' dir='ltr'><strong>etiam</strong></span> <span class='ocrx_word' id='word_1_706' title='bbox 2603 4855 2657 4907; x_wconf 84' lang='lat' dir='ltr'><strong>in</strong></span> <span class='ocrx_word' id='word_1_707' title='bbox 2694 4851 2849 4919; x_wconf 84' lang='lat' dir='ltr'><strong>ﬁnem</strong></span> <span class='ocrx_word' id='word_1_708' title='bbox 2884 4845 3235 4907; x_wconf 87' lang='lat' dir='ltr'><strong>inscribitur,</strong></span> <span class='ocrx_word' id='word_1_709' title='bbox 3266 4843 3397 4913; x_wconf 87' lang='lat' dir='ltr'><strong>quia</strong></span> <span class='ocrx_word' id='word_1_710' title='bbox 3434 4857 3527 4897; x_wconf 80' lang='lat' dir='ltr'><strong>se-</strong></span> 
     </span>
    </p>
   </div>
   <div class='ocr_carea' id='block_1_103' title="bbox 1936 4933 3626 5018">
    <p class='ocr_par' dir='ltr' id='par_1_103' title="bbox 1936 4933 3626 5018">
     <span class='ocr_line' id='line_1_103' title="bbox 1936 4933 3626 5018; baseline -0.014 -11"><span class='ocrx_word' id='word_1_711' title='bbox 1936 4968 2043 5007; x_wconf 85' lang='lat' dir='ltr'><strong>nex</strong></span> <span class='ocrx_word' id='word_1_712' title='bbox 2077 4959 2195 5006; x_wconf 86' lang='lat' dir='ltr'><strong>erat</strong></span> <span class='ocrx_word' id='word_1_713' title='bbox 2228 4950 2421 5004; x_wconf 88' lang='lat' dir='ltr'><strong>beatus</strong></span> <span class='ocrx_word' id='word_1_714' title='bbox 2452 4944 2648 5008; x_wconf 85' lang='lat' dir='ltr'><strong>David,</strong></span> <span class='ocrx_word' id='word_1_715' title='bbox 2686 4950 2743 4997; x_wconf 89' lang='lat' dir='ltr'><strong>et</strong></span> <span class='ocrx_word' id='word_1_716' title='bbox 2774 4940 2841 4995; x_wconf 91' lang='lat' dir='ltr'><strong>ad</strong></span> <span class='ocrx_word' id='word_1_717' title='bbox 2879 4940 3037 4994; x_wconf 84' lang='lat' dir='ltr'><strong>linem</strong></span> <span class='ocrx_word' id='word_1_718' title='bbox 3069 4937 3193 4991; x_wconf 77' lang='lat' dir='ltr'><strong>vitae</strong></span> <span class='ocrx_word' id='word_1_719' title='bbox 3224 4952 3336 4990; x_wconf 70' lang='lat' dir='ltr'><strong>sua:</strong></span> <span class='ocrx_word' id='word_1_720' title='bbox 3385 4933 3536 5003; x_wconf 84' lang='lat' dir='ltr'><strong>aspi-</strong></span> <span class='ocrx_word' id='word_1_721' title='bbox 3615 5010 3626 5018; x_wconf 37' lang='lat' dir='ltr'><strong>I</strong></span> 
     </span>
    </p>
   </div>
   <div class='ocr_carea' id='block_1_104' title="bbox 1939 5027 3525 5112">
    <p class='ocr_par' dir='ltr' id='par_1_104' title="bbox 1939 5027 3525 5112">
     <span class='ocr_line' id='line_1_104' title="bbox 1939 5027 3525 5112; baseline -0.015 -13"><span class='ocrx_word' id='word_1_722' title='bbox 1939 5046 2144 5108; x_wconf 85' lang='lat' dir='ltr'><strong>ciebat,</strong></span> <span class='ocrx_word' id='word_1_723' title='bbox 2171 5040 2395 5112; x_wconf 88' lang='lat' dir='ltr'><strong>quando</strong></span> <span class='ocrx_word' id='word_1_724' title='bbox 2423 5053 2548 5092; x_wconf 90' lang='lat' dir='ltr'><strong>eum</strong></span> <span class='ocrx_word' id='word_1_725' title='bbox 2588 5032 2943 5103; x_wconf 80' lang='lat' dir='ltr'><strong>conscripsit.</strong></span> <span class='ocrx_word' id='word_1_726' title='bbox 2998 5028 3135 5095; x_wconf 89' lang='lat' dir='ltr'><strong>Vel,</strong></span> <span class='ocrx_word' id='word_1_727' title='bbox 3190 5027 3318 5096; x_wconf 85' lang='lat' dir='ltr'><strong>quia</strong></span> <span class='ocrx_word' id='word_1_728' title='bbox 3363 5027 3525 5112; x_wconf 76' lang='lat' dir='ltr'><strong>linem</strong></span> 
     </span>
    </p>
   </div>
   <div class='ocr_carea' id='block_1_105' title="bbox 1940 5110 3525 5197">
    <p class='ocr_par' dir='ltr' id='par_1_105' title="bbox 1940 5110 3525 5197">
     <span class='ocr_line' id='line_1_105' title="bbox 1940 5110 3525 5197; baseline -0.016 -7"><span class='ocrx_word' id='word_1_729' title='bbox 1940 5110 2304 5191; x_wconf 77' lang='lat' dir='ltr'><strong>consecutura</strong></span> <span class='ocrx_word' id='word_1_730' title='bbox 2334 5136 2510 5193; x_wconf 88' lang='lat' dir='ltr'><strong>erant,</strong></span> <span class='ocrx_word' id='word_1_731' title='bbox 2543 5141 2663 5197; x_wconf 80' lang='lat' dir='ltr'><strong>quae</strong></span> <span class='ocrx_word' id='word_1_732' title='bbox 2699 5126 2751 5179; x_wconf 93' lang='lat' dir='ltr'><strong>in</strong></span> <span class='ocrx_word' id='word_1_733' title='bbox 2794 5139 2858 5177; x_wconf 89' lang='lat' dir='ltr'><strong>eo</strong></span> <span class='ocrx_word' id='word_1_734' title='bbox 2901 5121 3298 5193; x_wconf 68' lang='lat' dir='ltr'><strong>praedicuntur.</strong></span> <span class='ocrx_word' id='word_1_735' title='bbox 3356 5110 3525 5167; x_wconf 82' lang='lat' dir='ltr'><strong>Futu-</strong></span> 
     </span>
    </p>
   </div>
   <div class='ocr_carea' id='block_1_106' title="bbox 1940 5204 3525 5294">
    <p class='ocr_par' dir='ltr' id='par_1_106' title="bbox 1940 5204 3525 5294">
     <span class='ocr_line' id='line_1_106' title="bbox 1940 5204 3525 5294; baseline -0.016 -11"><span class='ocrx_word' id='word_1_736' title='bbox 1940 5244 2053 5283; x_wconf 90' lang='lat' dir='ltr'><strong>ram</strong></span> <span class='ocrx_word' id='word_1_737' title='bbox 2083 5225 2227 5281; x_wconf 90' lang='lat' dir='ltr'><strong>enim</strong></span> <span class='ocrx_word' id='word_1_738' title='bbox 2273 5220 2638 5294; x_wconf 86' lang='lat' dir='ltr'><strong>quorumdam</strong></span> <span class='ocrx_word' id='word_1_739' title='bbox 2693 5217 3029 5287; x_wconf 87' lang='lat' dir='ltr'><strong>impietatem</strong></span> <span class='ocrx_word' id='word_1_740' title='bbox 3087 5212 3385 5281; x_wconf 86' lang='lat' dir='ltr'><strong>reprobat,</strong></span> <span class='ocrx_word' id='word_1_741' title='bbox 3432 5204 3525 5272; x_wconf 87' lang='lat' dir='ltr'><strong>qui</strong></span> 
     </span>
    </p>
   </div>
   <div class='ocr_carea' id='block_1_107' title="bbox 1938 5296 3525 5377">
    <p class='ocr_par' dir='ltr' id='par_1_107' title="bbox 1938 5296 3525 5377">
     <span class='ocr_line' id='line_1_107' title="bbox 1938 5296 3525 5377; baseline -0.015 -4"><span class='ocrx_word' id='word_1_742' title='bbox 1938 5316 2133 5373; x_wconf 88' lang='lat' dir='ltr'><strong>dicturi</strong></span> <span class='ocrx_word' id='word_1_743' title='bbox 2165 5325 2321 5370; x_wconf 86' lang='lat' dir='ltr'><strong>erant</strong></span> <span class='ocrx_word' id='word_1_744' title='bbox 2348 5353 2363 5377; x_wconf 90' lang='lat'><strong>,</strong></span> <span class='ocrx_word' id='word_1_745' title='bbox 2397 5328 2527 5367; x_wconf 89' lang='lat' dir='ltr'><strong>casu</strong></span> <span class='ocrx_word' id='word_1_746' title='bbox 2562 5325 2627 5366; x_wconf 86' lang='lat' dir='ltr'><strong>ac</strong></span> <span class='ocrx_word' id='word_1_747' title='bbox 2674 5308 2901 5364; x_wconf 74' lang='lat' dir='ltr'><strong>fortuito</strong></span> <span class='ocrx_word' id='word_1_748' title='bbox 2932 5303 3116 5359; x_wconf 84' lang='lat' dir='ltr'><strong>omnia</strong></span> <span class='ocrx_word' id='word_1_749' title='bbox 3153 5301 3325 5355; x_wconf 81' lang='lat' dir='ltr'><strong>fuisse</strong></span> <span class='ocrx_word' id='word_1_750' title='bbox 3361 5296 3525 5349; x_wconf 76' lang='lat' dir='ltr'><strong>facta.</strong></span> 
     </span>
    </p>
   </div>
   <div class='ocr_carea' id='block_1_108' title="bbox 2012 5386 3527 5470">
    <p class='ocr_par' dir='ltr' id='par_1_108' title="bbox 2012 5386 3527 5470">
     <span class='ocr_line' id='line_1_108' title="bbox 2012 5386 3527 5470; baseline -0.016 -8"><span class='ocrx_word' id='word_1_751' title='bbox 2012 5407 2179 5462; x_wconf 75' lang='lat' dir='ltr'><strong>Vens.</strong></span> <span class='ocrx_word' id='word_1_752' title='bbox 2203 5407 2258 5461; x_wconf 68' lang='lat'><strong>3.</strong></span> <span class='ocrx_word' id='word_1_753' title='bbox 2293 5405 2694 5460; x_wconf 73' lang='lat' dir='ltr'><strong>Caelienarrant</strong></span> <span class='ocrx_word' id='word_1_754' title='bbox 2716 5399 2945 5470; x_wconf 89' lang='lat' dir='ltr'><strong>gloriam</strong></span> <span class='ocrx_word' id='word_1_755' title='bbox 2974 5394 3092 5448; x_wconf 89' lang='lat' dir='ltr'><strong>Dei.</strong></span> <span class='ocrx_word' id='word_1_756' title='bbox 3125 5390 3229 5459; x_wconf 88' lang='lat' dir='ltr'><strong>Ipsi</strong></span> <span class='ocrx_word' id='word_1_757' title='bbox 3257 5428 3272 5453; x_wconf 92' lang='lat'><strong>,</strong></span> <span class='ocrx_word' id='word_1_758' title='bbox 3325 5386 3527 5455; x_wconf 90' lang='lat' dir='ltr'><strong>inquit,</strong></span> 
     </span>
    </p>
   </div>
   <div class='ocr_carea' id='block_1_109' title="bbox 1946 5483 3525 5569">
    <p class='ocr_par' dir='ltr' id='par_1_109' title="bbox 1946 5483 3525 5569">
     <span class='ocr_line' id='line_1_109' title="bbox 1946 5483 3525 5569; baseline -0.014 -15"><span class='ocrx_word' id='word_1_759' title='bbox 1946 5501 2067 5556; x_wconf 69' lang='lat' dir='ltr'><strong>caeli</strong></span> <span class='ocrx_word' id='word_1_760' title='bbox 2100 5501 2302 5569; x_wconf 87' lang='lat' dir='ltr'><strong>ubique</strong></span> <span class='ocrx_word' id='word_1_761' title='bbox 2335 5496 2428 5553; x_wconf 89' lang='lat' dir='ltr'><strong>Dei</strong></span> <span class='ocrx_word' id='word_1_762' title='bbox 2481 5491 2941 5565; x_wconf 79' lang='lat' dir='ltr'><strong>magniﬁcentiam</strong></span> <span class='ocrx_word' id='word_1_763' title='bbox 2994 5483 3295 5556; x_wconf 68' lang='lat' dir='ltr'><strong>praedicant</strong></span> <span class='ocrx_word' id='word_1_764' title='bbox 3325 5517 3341 5544; x_wconf 83' lang='lat'><strong>,</strong></span> <span class='ocrx_word' id='word_1_765' title='bbox 3392 5493 3525 5547; x_wconf 88' lang='lat' dir='ltr'><strong>pro-</strong></span> 
     </span>
    </p>
   </div>
   <div class='ocr_carea' id='block_1_110' title="bbox 1948 5572 3569 5663">
    <p class='ocr_par' dir='ltr' id='par_1_110' title="bbox 1948 5572 3569 5663">
     <span class='ocr_line' id='line_1_110' title="bbox 1948 5572 3569 5663; baseline -0.017 -13"><span class='ocrx_word' id='word_1_766' title='bbox 1948 5593 2176 5663; x_wconf 83' lang='lat' dir='ltr'><strong>prioque</strong></span> <span class='ocrx_word' id='word_1_767' title='bbox 2202 5602 2426 5661; x_wconf 83' lang='lat' dir='ltr'><strong>aspectu</strong></span> <span class='ocrx_word' id='word_1_768' title='bbox 2463 5590 2528 5643; x_wconf 87' lang='lat' dir='ltr'><strong>ad</strong></span> <span class='ocrx_word' id='word_1_769' title='bbox 2565 5589 2616 5643; x_wconf 85' lang='lat' dir='ltr'><strong>iJ</strong></span> <span class='ocrx_word' id='word_1_770' title='bbox 2641 5592 2868 5640; x_wconf 87' lang='lat' dir='ltr'><strong>utuntur</strong></span> <span class='ocrx_word' id='word_1_771' title='bbox 2927 5593 3024 5650; x_wconf 92' lang='lat' dir='ltr'><strong>pro</strong></span> <span class='ocrx_word' id='word_1_772' title='bbox 3059 5589 3213 5632; x_wconf 85' lang='lat' dir='ltr'><strong>voce.</strong></span> <span class='ocrx_word' id='word_1_773' title='bbox 3249 5574 3291 5629; x_wconf 77' lang='grc' dir='ltr'>Α</span> <span class='ocrx_word' id='word_1_774' title='bbox 3319 5572 3528 5642; x_wconf 73' lang='lat' dir='ltr'><strong>magni-</strong></span> <span class='ocrx_word' id='word_1_775' title='bbox 3566 5616 3569 5621; x_wconf 81' lang='grc'>.</span> 
     </span>
    </p>
   </div>
  </div>
