4110 6210
527 302 648 371 251

1772 305 1980 365 EUTH
1993 306 2159 365 ΥΜἸΙ
2209 305 2383 364 ZIGA
2398 305 2582 364 BENI’

3673 310 3786 373 9.52

545 421 730 475 tudine
757 423 901 476 enim
960 436 1023 475 ac
1080 421 1490 491 pulchritudine
1537 429 1843 478 creatarnm
1886 437 2105 484 rerum,

2224 423 2492 492 μεγεθους
2519 421 2615 474 καὶ
2635 421 2922 490 καλλονῆς,
2961 418 3118 490 φησὶ,
3149 418 3486 486 κτισμάτων,
3505 419 3789 486 ἀναλόγως

543 513 697 581 quasi
730 514 1076 581 proportione
1103 515 1365 583 quadam.
1403 532 1592 570 earum
1621 516 1817 571 artifex
1859 516 2112 570 conside-

544 609 714 668 ratur,
748 603 879 654 Nam
907 602 996 671 qui
1027 604 1150 658 coeli
1188 604 1619 674 magnitudinem
1651 615 1881 674 Spectat,
1905 614 1960 658 et
1988 607 2109 674 pul-

541 690 933 756 chritudinem,
968 702 1024 748 et
1065 693 1318 754 (oratam.
1349 705 1399 746 et
1430 695 1622 754 situm,
1655 702 1709 748 et
1756 704 1952 748 caetera
2010 694 2113 746 hn-

536 781 774 848 jusmodi
803 823 817 844 ,
871 783 1107 854 visuque
1139 786 1302 841 veluti
1360 785 1587 840 doctore
1618 785 1854 854 quodam
1895 785 2068 840 utitur
2097 825 2112 847 ,

543 873 629 926 hic
663 871 919 927 facillime
976 890 1248 944 summun
1295 875 1384 930 Dei
1439 876 1782 940 potentia'n,
1838 875 2112 944 etdigno-

538 974 674 1028 seut,
708 977 760 1020 et
789 966 973 1021 credet
1001 983 1017 1018 :
1056 983 1150 1035 per
1179 968 1350 1022 cmlos
1380 983 1528 1031 vero,
1563 968 1740 1036 ipsum
1787 969 1989 1022 cmlum
2025 967 2114 1022 in-

437 1075 444 1085 ι
539 1055 726 1124 telligii
753 1095 768 1116 ,
801 1057 946 1125 quod
977 1065 1059 1112 est
1092 1073 1258 1127 supra
1327 1058 1749 1120 (irritamentum,
1777 1059 1980 1127 plurali
2013 1075 2113 1112 nu-

549 1163 700 1199 mero
732 1166 866 1204 usus
895 1150 1247 1204 Hebraeorum
1286 1166 1462 1214 llltll’t‘,
1498 1151 1589 1218 qui
1626 1159 1686 1204 ut
1725 1150 1980 1218 pleraque
2007 1152 2112 1204 alia

538 1239 733 1305 plurali
768 1257 995 1297 numero
1024 1243 1321 1312 aliquando
1355 1285 1372 1309 ,
1400 1253 1452 1298 et
1484 1245 1781 1312 aliquando
1843 1243 2110 1312 singulari

535 1328 715 1395 ipsum
758 1334 957 1387 cmlom
987 1334 1264 1401 appellant
1302 1351 1314 1390 :
1375 1335 1518 1402 quod
1549 1337 1764 1389 tametsi
1814 1336 1943 1388 latet
1971 1374 1986 1393 .
2046 1351 2108 1389 ex

534 1421 654 1487 ipso
684 1433 862 1477 tamen
900 1425 1246 1478 firmamento
1282 1425 1644 1492 dignoscitur.
1688 1427 1783 1480 Vel
1854 1427 2111 1482 fortassis

534 1513 709 1566 solum
740 1516 916 1583 ipsum
948 1518 1348 1571 ﬁrmamentum
1388 1521 1556 1574 oculos
1595 1520 1887 1589 appellavit
1921 1560 1936 1582 ,
1983 1535 2106 1573 cum

2207 518 2237 568 6
2275 514 2657 583 γενεσιουργδς
2709 513 2893 567 αὐτῶν
2942 511 3252 580 θεωρεῖται.
3312 510 3425 564 Καὶ
3480 511 3590 572 πᾶς
3649 513 3793 581 ὁρῶν

2208 606 2442 676 οὐρανοῦ
2477 605 2729 674 μέγεθος.
2750 606 2844 658 καὶ
2875 604 3086 672 σχῆμα,
3119 601 3215 654 καὶ⁸
3241 601 3458 663 κάλλος,
3495 603 3590 655 καὶ
3617 601 3790 670 θέσιν,

2211 701 2305 753 καὶ
2328 701 2397 752 τὰ
2447 696 2698 757 τοιαῦτα,
2764 697 3051 764 μονονουχὶ
3102 693 3425 749 διδάσκαλον
3495 695 3638 762 ἔχων
3691 696 3794 765 τὴν

2211 791 2361 854 θέαν,
2399 788 2648 842 πιστεύει
2679 787 2807 858 περὶ
2852 789 2951 856 τῆς
2985 787 3267 855 δυνάμεως
3300 784 3393 838 τοῦ
3425 785 3580 837 Θεοῦ.
3610 788 3793 854 οὐρα-

2211 882 2336 944 νοῦς
2365 881 2421 933 δὲ
2480 880 2630 948 λέγει
2652 879 2742 932 τὴν
2777 879 2918 948 ὑπὲρ
2968 879 3028 930 τὸ
3068 877 3380 945 στερέωμα,
3439 877 3794 948 πληθυντικῷ

2213 967 2529 1037 χαρακτῆρι
2589 968 2960 1038 χρησάμενος,
3028 965 3152 1018 ἀντὶ
3227 963 3434 1028 ἑνικοῦ,
3491 966 3634 1018 κατά
3690 969 3794 1035 τὴν

2222 1059 2484 1126 Ἐϐραῖδα
2511 1059 2818 1121 διάλεκτον,
2852 1059 2980 1113 ποτὲ
3010 1058 3108 1126 μὲν
3139 1056 3543 1124 πληθυντικῶς,
3584 1059 3707 1111 ποτὲ
3729 1061 3786 1112 δὲ

2211 1148 2408 1210 ἑνικῶς
2428 1147 2788 1215 ·ὀνομάζουσα
2817 1149 2909 1200 τὸν
2938 1149 3188 1215 οὐρανόν.
3230 1148 3291 1199 Εἰ
3319 1149 3426 1216 γὰρ
3451 1149 3546 1200 καὶ
3577 1149 3786 1217 ἀφανής

2211 1241 2594 1302 ἐστιν,ἀλλ⁶ὲκ
2620 1241 2713 1294 τοῦ
2748 1239 3128 1310 στερεὼματος
3169 1242 3433 1296 κάκεῖνον
3474 1240 3791 1304 συλλογιζόο

2216 1335 2377 1402 μεθα.
2412 1336 2484 1386 ’Ἡ
2518 1334 2612 1385 καὶ
2643 1333 2806 1398 μόνον
2835 1334 2894 1385 τδ
2922 1334 3214 1402 στερέωμά
3266 1351 3452 1402 φησιν,
3497 1333 3572 1394 ὡς
3628 1335 3790 1402 μόνον

2209 1428 2509 1494 ὁρώμενον,
2541 1425 2616 1486 ὡς
2639 1420 2779 1477 εἶναι
2811 1423 2901 1478 τὸν
2924 1423 3180 1496 δεύτερον
3214 1425 3398 1495 στίχον
3443 1425 3540 1477 τοῦ
3569 1423 3789 1495 πρώτου

2213 1518 2630 1585 σαφηνιστικόν.

536 1606 712 1663 solum
741 1608 916 1676 ipsum
945 1613 1034 1675 sit,
1062 1614 1206 1680 quod
1231 1612 1483 1667 videatur
1518 1629 1533 1671 ;
1572 1614 1725 1682 juxta
1773 1628 1933 1682 quem
1966 1629 2187 1668 sensum
2221 1612 2560 1680 subsequens
2630 1609 2939 1664 versiculus
2968 1651 2984 1675 ,
3057 1612 3343 1680 prmsentis
3432 1612 3538 1666 crit
3621 1613 3792 1665 inter-

533 1702 788 1770 prolatio,

609 1796 673 1846 Et
697 1809 852 1862 Opera
913 1812 1167 1850 manuum
1214 1799 1328 1867 ejus
1377 1801 2096 1870 annuntiatﬁrmamentum.

2274 1796 2526 1862 Ποίησιν
2548 1795 2622 1858 ,δὲ
2638 1794 2851 1863 χειρῶν
2894 1796 3082 1849 αὐτοῦ
3131 1796 3494 1864 ἀναγγέλλει
3549 1796 3616 1850 τὸ
3653 1814 3791 1853 στε-

534 1883 590 1938 Si
628 1884 772 1937 hunc
800 1887 1128 1941 versiCnIum
1185 1891 1384 1956 prioris
1410 1891 1804 1959 expositionem
1850 1909 1974 1948 esse
2011 1897 2100 1948 in-

537 1974 770 2042 telligas,
798 1976 944 2043 quod
975 1977 1084 2032 illic
1131 1980 1301 2033 cmlos
1331 1979 1465 2032 dixit
1493 2020 1507 2042 ,
1553 1981 1647 2042 hic
1704 1981 2101 2038 ﬁrmamentum

531 2074 692 2119 vovet
717 2075 798 2120 :et
827 2068 970 2134 quod
1005 2069 1079 2122 illi
1113 2080 1361 2132 narrant,
1386 2073 1816 2148 hieaununtiat;
1852 2075 2107 2145 quodque

531 2157 646 2210 illic
678 2158 927 2224 gloriam,
959 2159 1046 2213 hic
1081 2176 1245 2228 opera
1284 2178 1584 2228 manuum;
1620 2173 1675 2220 et
1705 2165 1772 2219 ad
1831 2181 2100 2219 summam

531 2266 727 2304 sensus
756 2262 861 2311 est.
895 2254 1035 2319 quovl
1073 2255 1271 2307 coelum
1306 2255 1448 2308 istud
1484 2266 1694 2310 tantum
1749 2259 1894 2327 quod
1948 2259 2102 2313 vidc—

532 2349 640 2402 Iur.
675 2344 948 2398 sumi-iens
977 2353 1057 2398 est
1096 2355 1260 2414 atque
1284 2347 1516 2402 idoneus
1538 2350 1753 2414 doctor,
1784 2351 1848 2403 ad
1879 2350 2104 2405 demono

529 2434 814 2486 strondam
856 2433 1077 2488 factoris
1140 2436 1222 2488 sui
1273 2437 1779 2503 magnificentiam:
1826 2457 1990 2510 quam
2047 2452 2104 2496 et

528 2524 757 2591 gloriam
790 2523 901 2586 Dei,
936 2537 993 2579 et
1022 2541 1185 2594 opera
1227 2541 1484 2582 manuum
1524 2529 1642 2598 ejus
1675 2532 1986 2600 appellavit.

603 2699 766 2753 \‘lzns.
797 2700 831 2753 3
869 2700 990 2754 Dies
1023 2702 1131 2754 diei
1157 2713 1360 2758 eructat
1379 2706 1608 2760 verbum.
1641 2707 1697 2763 Si
1725 2721 1880 2768 casu.
1909 2711 2106 2777 inquit,

529 2806 593 2844 ac
621 2801 818 2860 sponte
871 2809 966 2848 sua
995 2796 1233 2850 mundus
1259 2807 1564 2867 regeretur,
1611 2799 1728 2853 dies
1785 2811 2102 2870 noctesque,

526 2897 659 2936 suos
686 2894 868 2940 certos
903 2887 1166 2941 terminos
1197 2902 1302 2942 non
1355 2900 1644 2944 servarent
1680 2909 1694 2944 :
1725 2908 1910 2946 verum
1951 2904 2101 2950 tanta

528 2972 731 3040 ubique
785 2982 933 3043 patet
965 2978 1018 3030 in
1056 2987 1168 3032 toto
1200 2980 1334 3032 orhe
1378 2981 1550 3050 ipsius
1594 2983 1684 3038 Dei
1738 2985 2100 3053 providentia,

528 3073 587 3116 nt
625 3083 688 3120 ex
718 3075 829 3119 tam
873 3078 1072 3124 exacto
1100 3085 1166 3125 ac
1194 3071 1444 3142 diligenti
1479 3091 1660 3130 rerum
1707 3078 1923 3143 ordine,
1951 3083 2104 3148 prior

529 3155 648 3211 dies
681 3158 932 3213 videatur
960 3161 1393 3233 subsequentem
1421 3181 1480 3219 se
1507 3166 1651 3220 diem
1684 3169 1887 3224 docere
1919 3170 2102 3222 deter-

527 3249 890 3302 minationem
925 3250 1074 3306 illius
1107 3253 1315 3307 ordinis
1351 3256 1441 3322 qni
1473 3257 1520 3310 ei
1578 3258 1918 3315 olwenturus
1971 3275 2052 3318 est
2083 3283 2098 3330 ;

528 3335 745 3392 videtur
778 3339 926 3392 enim
961 3342 1367 3416 quodammodo
1399 3346 1518 3414 ipsa
1553 3347 1672 3402 dies
1701 3354 2095 3417 eructare,hoc

525 3435 634 3494 est,
678 3431 990 3494 signiﬁcare
1017 3433 1241 3488 verhum
1273 3452 1288 3488 :
1327 3437 1427 3492 hoc
1457 3447 1565 3502 est,
1609 3440 1924 3496 mandatum
1983 3443 2100 3507 Dei,

527 3519 676 3586 quod
709 3519 778 3576 de
810 3521 1122 3590 hujusmodi
1149 3525 1406 3582 nimirum
1428 3528 1626 3585 ordine
1648 3530 1716 3584 ab
1737 3545 1805 3586 eo
1834 3537 2106 3590 eonstit-u-
2195 3582 2200 3586 .

524 3620 638 3664 tum
673 3621 782 3667 est.

599 3702 669 3756 Et
697 3721 803 3758 nea:
833 3709 973 3760 nocti
998 3711 1285 3765 annuntiat
1331 3714 1634 3770 scientiam.
1673 3716 1786 3772 lloc
1845 3720 2011 3776 etiam
2051 3722 2104 3776 in

527 3793 809 3860 noctibus,
872 3795 1068 3865 inquit,
1128 3799 1317 3856 videre
1360 3803 1509 3859 licet.
1559 3805 1855 3865 Scientiam
1902 3821 2106 3878 autem,

532 3884 636 3939 hoc
663 3895 747 3939 est
770 3886 1079 3943 doctrinam
1117 3892 1182 3946 de
1223 3896 1626 3953 constitutione
1688 3901 1948 3956 nimirum
1998 3904 2098 3959 hu-

518 3974 764 4042 josmodi
794 3978 1035 4046 ordinis,
1070 3983 1165 4051 qui
1213 3992 1364 4039 tanta
1415 4003 1539 4043 cum
1570 3992 1754 4059 regula
1788 3994 2106 4051 moderatus

521 4077 609 4120 est
643 4075 702 4120 ut
733 4078 924 4126 tractes
952 4087 1017 4128 ac
1061 4073 1181 4130 dies
1208 4087 1403 4132 nmtno
1451 4096 1560 4134 non
1593 4083 1859 4137 laedantur
1908 4102 1925 4144 :
1972 4088 2104 4156 quin

524 4157 634 4212 imo
679 4167 788 4214 tam
822 4173 970 4218 recte
997 4168 1182 4221 omnia
1223 4169 1484 4239 disposita
1517 4183 1666 4236 sunt,
1717 4183 1774 4228 ut
1820 4177 1985 4232 certis
2023 4179 2102 4232 vi-

522 4248 680 4304 cibus
726 4253 887 4308 modo
923 4255 1068 4311 diem
1102 4274 1232 4320 nox,
1287 4262 1450 4317 modo
1485 4272 1700 4317 noctem
1752 4267 1890 4329 dies,
1923 4269 2100 4340 longi-

523 4338 714 4395 tudine
752 4353 1016 4412 snperet,
1101 4356 1158 4400 et
1212 4350 1374 4404 modo
1393 4351 1593 4421 !:equis
1645 4354 1806 4409 etiam
1857 4338 2102 4426 partibus

2210 1889 2428 1956 ρέωμα.
2454 1887 2515 1939 Εἰ
2546 1886 2639 1939 τοῦ
2669 1887 2884 1957 πρώτου
2933 1886 3118 1956 στίχου
3175 1886 3266 1938 τὸν
3317 1886 3568 1956 δεύτερον
3621 1888 3791 1961 λάϐῃς

2217 1976 2706 2044 ὲφερμηνευτικὺν,
2754 1976 2813 2028 ὃν
2839 1977 2896 2027 ὲν
2934 1976 3130 2046 ἐκείνῳ
3186 1977 3456 2045 κέκληκεν
3489 1968 3784 2046 οὐρανοὺς,

2212 2069 2368 2120 τοῦτο
2400 2064 2552 2119 εἶπεν
2595 2069 2653 2120 ὲν
2695 2069 2870 2138 τούτῳ
2918 2071 3206 2138 στερέωμα
3230 2084 3243 2098 ’
3263 2074 3357 2123 καὶ
3384 2071 3412 2122 ὃ
3445 2071 3784 2139 διηγοῦνται,

2210 2160 2370 2213 τοῦτο
2397 2161 2718 2227 ἀναγγέλλει
2748 2177 2764 2193 ’
2797 2161 2931 2214 καὶό
2968 2161 3129 2226 δόξαν
3160 2163 3361 2224 ἐκεῖνο,
3388 2161 3548 2215 τοῦτο
3570 2163 3789 2231 ποίησιν

2218 2251 2439 2323 χειρῶν,
2469 2253 2589 2322 ἤτοι
2620 2251 2905 2321 ἐργασίαν.
2929 2252 3224 2321 Συντόμως
3281 2251 3338 2304 δὲ
3386 2253 3581 2313 εἰπεῖν,
3631 2251 3790 2303 τοῦτό

2215 2360 2402 2412 φησιν,
2453 2343 2535 2394 ὅτι
2593 2342 2822 2410 οὐρανὸς
2879 2343 3042 2411 μόνον
3114 2341 3461 2411 φαινόμενος,
3509 2341 3791 2410 αὐτάρκης

2214 2431 2671 2494 ὲστὶδιόἀσκαλος
2721 2431 2816 2485 τοῦ
2871 2431 3238 2500 πεποιηκότος
3290 2431 3454 2484 αὐτὸν
3494 2430 3634 2483 Θεοῦ
3686 2431 3786 2498 τῆς

2221 2521 2631 2590 μεγαλουργίας
2661 2538 2676 2551 ⁸
2701 2521 2910 2591 ταύτην
2938 2521 3045 2591 γὰρ
3071 2521 3324 2591 ὠνόμασε
3357 2521 3651 2585 καὶδόξαν,
3688 2521 3786 2572 καὶ

2216 2615 2436 2683 ποίησιν
2462 2613 2680 2683 χειρῶν.

2296 2704 2513 2772 Ἡμέρα
2537 2703 2610 2770 τῇ
2639 2703 2828 2771 ἡμέρᾳ
2854 2701 3157 2770 ἐρεύγεται
3171 2700 3358 2770 ῥῆμα.
3387 2701 3450 2755 Ei
3475 2699 3790 2770 αὐτόματσς

2211 2798 2240 2847 6
2279 2795 2482 2863 κόσμος
2527 2795 2786 2864 ἐφέρετο,
2832 2792 2932 2845 οὐκ
2985 2793 3053 2846 ἂν
3099 2793 3330 2863 ἐτήρουν
3375 2793 3505 2854 τοὺς
3547 2792 3788 2854 οἰκείους

2211 2889 2369 2958 ὄρους
2408 2889 2464 2940 αἱ
2517 2887 2720 2956 ἡμέραι
2758 2885 2850 2938 καὶ
2898 2886 2956 2938 αἱ
2988 2882 3204 2946 νύκτες.
3261 2883 3378 2937 Νῦν
3421 2884 3478 2937 δὲ
3513 2881 3788 2947 ,τοσοῦτον

2213 2981 2520 3048 προνοητής
2562 2980 2678 3030 ἐστι
2708 2977 2804 3029 τοῦ
2849 2979 3074 3041 παντὸς,
3107 2975 3182 3039 ὡς
3226 2975 3332 3028 ὑπὸ
3371 2977 3471 3045 τῆς
3502 2975 3643 3041 ἄγαν
3686 2977 3783 3027 εὐ-

2211 3071 2401 3135 ταξίας
2438 3071 2615 3124 δοκεῖν
2645 3071 2746 3138 τὴν
2778 3069 3002 3139 πρώτην
3043 3069 3259 3139 ἡμέραν
3285 3069 3372 3120 ἀεὶ
3417 3067 3515 3137 τὴν
3556 3067 3682 3135 ἑξῆς
3706 3066 3785 3118 δι-

2203 3165 2428 3216 δάσκειν
2462 3162 2710 3231 περὶτοῦ
2754 3164 2882 3232 ὅρου
2921 3161 3020 3226 τῆς
3052 3161 3546 3230 ἀποκληρωθείσης
3585 3161 3782 3221 αὑταῖς

2203 3255 2432 3319 τάξεως.
2468 3255 2681 3324 Τρόπον
2722 3253 2828 3325 γάρ
2856 3271 2976 3306 τινα
3005 3252 3296 3324 ἐρεύγεται
3333 3253 3492 3321 αὐτῇ,
3534 3252 3780 3303 τουτέστι

2208 3347 2404 3418 μηνύει
2435 3349 2585 3417 ῥῆμα
2607 3363 2619 3376 ·
2673 3347 2792 3418 ἦτοι
2840 3345 2902 3398 τὸ
2930 3347 3060 3415 περὶ
3097 3346 3288 3426 τούτου
3322 3345 3656 3414 πρόσταγμα
3686 3343 3782 3395 τοῦ

2205 3439 2366 3494 Θεοῦ.

2280 3713 2384 3769 Καὶ
2411 3712 2526 3778 νὺξ
2550 3712 2722 3766 νυκτὶ
2747 3716 3107 3781 ἀναγγελλει
3137 3711 3377 3781 γνῶσιν.
3409 3711 3580 3764 Τοῦτο
3609 3712 3660 3764 δὲ
3688 3713 3783 3763 καὶ

2208 3806 2440 3860 ἐπὶτῶν
2484 3805 2694 3858 νυκτῶν
2728 3804 2877 3857 ἔστιν
2928 3805 3078 3856 ἰδεῖν·
3141 3804 3343 3870 γνῶσιν
3392 3803 3471 3867 δὲ,
3530 3806 3649 3874 ἦτοι
3680 3805 3783 3872 τὴν

2205 3898 2558 3953 διδασκαλίαν
2601 3897 2730 3967 περὶ
2760 3896 2854 3950 τοῦ
2891 3898 3019 3967 ὅρου
3057 3896 3159 3965 τῆς
3189 3897 3421 3962 τάξεως,
3462 3896 3538 3958 ὡς
3581 3897 3655 3966 μὴ
3689 3896 3785 3948 ἀλ-

2207 3991 2397 4060 λήλαις
2432 3987 2814 4058 λυμαίνεσθαι,
2847 3987 2986 4040 ἀλλὰ
3011 3987 3106 4040 καὶ
3135 3985 3286 4050 τάξει
3317 3986 3444 4047 τινὶ,
3475 3987 3634 4040 τοῦτο
3679 3988 3782 4054 μὲν

2207 4081 2305 4144 τὰς
2342 4081 2554 4152 ἡμέρας
2583 4079 2951 4143 πλεονεκτεῖν,
2981 4078 3140 4131 τοῦτο
3168 4077 3226 4131 δὲ
3253 4079 3352 4140 τὰς
3372 4077 3597 4138 νύκτας,
3622 4077 3786 4130 τοῦτο

2205 4173 2249 4226 δ’
2287 4171 2713 4242 ἶσομοιρεῖν,καὶ
2745 4168 2832 4222 διὰ
2856 4169 3072 4222 πάντων
3102 4169 3485 4241 εὐαρμοστεῖν.
3526 4170 3592 4221 Ἥ
3622 4169 3783 4238 ἐρεύ-

2205 4280 2363 4330 γεται
2407 4255 2581 4332 ῥῆμα,
2620 4263 2714 4314 καὶ
2739 4259 3062 4329 ἀναγγέλλει
3099 4261 3322 4329 γνῶσιν,
3359 4262 3444 4314 ὅτι
3489 4263 3607 4313 ἐστὶ

2205 4371 2325 4408 νοια
2351 4354 2507 4407 Θεοῦ·
2531 4352 2685 4418 τάξις
2711 4353 2839 4422 γὰρ,
2875 4352 3134 4419 προνοίας
3165 4352 3505 4414 διδάσκαλος.
3546 4351 3782 4410 Ἄλλως·

497 4439 774 4486 .contenta
825 4434 958 4501 sint,
1021 4447 1077 4492 et
1137 4439 1191 4491 in
1253 4443 1512 4498 omnibus
1565 4454 1746 4501 tamen
1806 4451 2096 4504 maximam

2214 4447 2429 4516 Ἥμέρα
2463 4447 2582 4515 μὲν,
2618 4447 2646 4498 6
2684 4446 2901 4516 Πατήρ*
2943 4447 3127 4515 ἡμέρα
3173 4446 3252 4508 δὲ,
3289 4445 3382 4496 καὶ
3433 4445 3460 4495 6
3512 4446 3657 4508 Υἱὸς,
3691 4444 3788 4496 διὰ

522 4524 949 4579 concinnitatem
997 4537 1050 4582 et
1075 4535 1512 4589 convenientiam
1534 4537 1936 4598 deinonstreut.
1971 4541 2089 4605 Vel,

516 4623 720 4668 eructat
751 4619 961 4672 verbum
993 4629 1048 4674 et
1109 4627 1394 4678 annuntiat
1445 4630 1743 4695 scientiam,
1795 4633 1863 4687 de
1918 4637 2100 4702 provi-

2201 4541 2302 4609 τὴν
2336 4539 2532 4608 αἴγλην
2567 4537 2659 4607 τῆς
2687 4537 2964 4605 θεότητος.
2998 4537 3166 4604 Λέγει
3189 4537 3246 4589 δὲ
3269 4537 3297 4588 6
3329 4536 3521 4604 Πατὴρ
3549 4535 3624 4604 τῷ
3653 4536 3784 4603 Γἱῴ-

2215 4629 2312 4682 καὶ
2346 4628 2453 4696 γάρ
2487 4644 2672 4697 φησιν·
2715 4627 2866 4696 Ἐγὼ
2912 4627 2981 4689 ἐξ
3015 4627 3277 4695 ἐμαυτοῦ
3305 4629 3420 4680 οὐκ
3460 4626 3736 4691 ἐλάλησα
3765 4666 3783 4690 ,

519 4701 713 4758 ‘dentia
773 4706 892 4762 Dei.
926 4710 1046 4778 Ipse
1067 4715 1213 4768 enim
1245 4715 1402 4779 ordo,
1433 4721 1828 4786 providentiam
1866 4701 1955 4778 Dei
1976 4740 2101 4780 esse

2209 4722 2335 4776 ἀλλ’
2391 4724 2424 4774 ὀ
2483 4720 2724 4787 πέμψας
2753 4737 2830 4787 με
2881 4718 3104 4784 Πατὴρ,
3158 4720 3340 4783 αὑτός
3380 4737 3481 4785 μοι
3519 4718 3787 4781 ἐντολὴν

521 4808 626 4847 nos
683 4798 867 4852 docet.
898 4799 996 4856 Vel
1027 4805 1210 4869 aliter,
1249 4808 1368 4862 dies
1425 4810 1535 4864 diei
1601 4822 1780 4879 potest
1819 4813 1997 4878 Pater.
2046 4824 2102 4869 el

515 4885 638 4942 dies
695 4888 888 4959 Filius,
956 4911 1051 4964 per
1107 4912 1452 4956 communem
1503 4905 1720 4973 utrique
1791 4906 2097 4961 divinitatis

505 4981 1386 5063 splendorem.[Ernctatigitur,
1420 4997 1526 5052 hoc
1553 4997 1686 5070 est,]
1739 4997 1874 5052 dicit
1930 4997 2093 5052 Pater

516 5073 654 5127 Filio
691 5079 954 5145 verbnm,‘
990 5083 1144 5150 juxta
1182 5086 1313 5139 illud
1362 5104 1376 5141 :
1426 5088 1537 5156 Ego
1593 5106 1625 5142 ιι
1665 5106 1744 5142 me
1796 5090 1908 5158 ipso
1940 5090 2088 5144 locu-

2190 4813 2415 4866 δέδωκε
2458 4812 2514 4864 τι
2535 4810 2702 4871 εἴπω,
2745 4812 2842 4864 καὶ
2873 4811 2928 4863 τί
2953 4809 3231 4879 λαλήσω.
3275 4810 3390 4876 Νὺξ
3446 4810 3504 4862 δὲ
3555 4808 3715 4862 πάλιν
3753 4811 3788 4859 6

2205 4903 2442 4973 Χριστὸς
2464 4941 2478 4962 ,
2510 4900 2650 4953 κατὰ
2682 4900 2782 4966 τὴν
2815 4901 3215 4970 ἀνθρωπὸτητα
3240 4939 3254 4960 ,
3312 4901 3448 4973 apii;
3491 4901 3788 4970 σύγκρισιν

2205 4995 2304 5062 τῆς
2335 4992 2608 5061 θεότητος,
2661 4993 2756 5044 uati.
2809 4990 3136 5058 ἀναγγέλλει
3189 4994 3256 5061 τῇ
3313 4993 3490 5056 νυκτὶ,
3509 4990 3788 5057 τουτέστι,

2195 5089 2309 5148 τοῖς
2341 5083 2650 5156 ἀνθρώποις
2689 5082 3042 5150 θεογνωσίαν.

518 5177 598 5222 tus
630 5188 746 5226 sum
777 5175 931 5240 nihil,
969 5179 1061 5231 sed
1081 5181 1170 5247 qui
1196 5181 1336 5235 misit
1359 5199 1438 5236 me
1461 5181 1642 5250 Pater,
1683 5185 1773 5238 ille
1801 5185 1932 5239 milii
1973 5182 2286 5238 nuntiatum
2313 5179 2478 5246 dedit,
2535 5177 2663 5249 quid
2682 5177 2879 5243 dicam,
2910 5187 2960 5232 et
3001 5179 3128 5248 quid
3188 5179 3376 5247 loquar
3404 5177 3468 5230 ⁵³.
3530 5176 3593 5229 Et
3658 5190 3778 5229 rur-

516 5273 613 5314 sus
647 5279 754 5318 nox
804 5265 1060 5322 Christus
1085 5278 1194 5334 est,
1225 5273 1532 5328 secundum
1583 5276 2005 5339 humanitatem,
2076 5291 2103 5330 ε

2216 5274 2434 5328 vinitati
2505 5280 2877 5341 comparetur,
2924 5287 3047 5341 qua:
3089 5288 3196 5328 nox
3261 5271 3555 5326 annuntiat
3603 5273 3782 5346 nocti,

518 5355 621 5409 hoc
653 5367 738 5413 est
775 5361 896 5413 aliis
926 5361 1263 5430 hominibus,
1289 5367 1604 5433 scientiam,
1635 5377 1690 5423 ct
1715 5369 2084 5439 cognitionem
2127 5367 2195 5425 de
2214 5367 2344 5421 Deo.

598 5447 715 5504 VEB
732 5467 778 5505 ε.
804 5451 860 5505 ι.
893 5453 1014 5509 Non
1044 5467 1168 5511 sunt
1208 5459 1429 5529 loquela:
1453 5480 1614 5524 neque
1664 5482 1929 5519 sermones
1951 5480 2084 5534 quo-

519 5552 638 5592 rum
675 5557 779 5596 nou
806 5546 1097 5602 audiuntur
1122 5568 1268 5607 vaces
1318 5556 1549 5609 eorum?
1588 5555 1722 5610 Cum
1783 5556 2085 5624 interroga-

599 5719 642 5750 ⁵³
665 5716 824 5795 Joan.
870 5737 968 5782 xu.
1000 5724 1084 5780 l9.

2268 5463 2390 5514 Οὐκ
2414 5461 2535 5514 εἰσὶ
2572 5460 2780 5514 ,καλιαί
2806 5461 2951 5515 οὐδὲ
2979 5463 3150 5530 λόγοι
3177 5456 3264 5514 ὧν
3294 5461 3429 5530 οὐχὶ
3455 5461 3784 5517 ἀκούονται

2197 5557 2253 5608 αἱ
2311 5553 2498 5621 φωναὶ
2548 5552 2788 5618 (turrim;
2843 5553 3306 5624 Ἐρωτηματικῶς
3362 5553 3776 5621 ἀναγνωστέον,
