4054 6210
416 254 528 319 255

1671 256 2061 321 EUTHYMI’I
2103 254 2475 316 ZIGABENI

3560 257 3685 321 258.

417 366 501 421 sol
536 373 594 418 et
612 361 866 425 decorus,
903 362 1525 436 radiorumtulgcntium
1559 362 1875 435 splendore,
1906 363 1990 417 in-

2118 363 2168 433 Gl
2196 363 2386 416 κάλλει
2411 361 2521 416 τῶν
2548 362 2984 432 ἀστραπτουσῶν
3032 362 3289 428 ἀκτίνων,
3344 364 3504 435 δίκην
3535 385 3670 439 νυμ-

417 467 537 511 Star
570 455 759 525 sponsi
800 455 1056 529 exeuntis
1088 470 1118 510 a
1164 458 1433 512 thalamo.

492 542 801 597 Exsultabit
844 552 900 596 ut
936 542 1098 614 Gigas
1120 546 1189 599 ad
1244 547 1562 601 currendum
1606 547 1764 601 viam.
1796 545 1911 601 Hoc
1941 546 1994 599 in

418 636 541 689 loco
571 636 734 689 etiam
769 645 985 704 tempus
1010 638 1249 707 positum
1287 649 1372 693 est
1400 654 1498 709 pro
1524 648 1790 708 tempore,
1824 649 1884 691 ut
1915 639 2001 691 fu-

422 739 606 783 turum
668 730 880 783 scilicet
929 746 1028 798 pro
1081 732 1358 800 praesenti.
1412 732 1625 786 Gaudet
1675 733 1877 801 quippe
1935 746 2001 784 ac

425 821 641 874 laetatur
697 821 777 874 sol
806 823 1165 876 constitutum
1216 823 1323 878 sibi
1388 824 1492 878 iter
1535 839 1883 893 percurrens,
1938 838 2001 877 ac

422 911 580 979 quasi
630 911 782 980 gigas
805 914 1043 981 propriis
1084 912 1295 968 viribus
1348 913 1659 969 fretuszac
1723 916 1769 970 si
1829 915 2000 976 dicat,

425 1003 740 1058 indefessus
774 1019 989 1071 semper
1039 1013 1124 1060 est
1157 1006 1262 1069 sol,
1296 1007 1508 1063 tametsi
1556 1009 1669 1078 jam
1715 1016 1797 1062 tot
1846 1008 2004 1060 annis

425 1094 686 1148 mandato
715 1094 807 1148 Dei
841 1082 1126 1151 inserviat.

493 1185 764 1239 Asummo
812 1186 939 1239 caelo
996 1188 1223 1256 egressio
1274 1188 1428 1257 ejus,
1476 1197 1525 1241 et
1582 1203 1832 1242 occursus
1888 1187 2003 1255 ejus

428 1294 593 1346 usque
618 1279 686 1331 ad
709 1296 973 1334 summum
1005 1282 1143 1344 cwli,
1191 1280 1445 1352 Egressio
1482 1296 1577 1335 seu
1609 1281 1792 1335 exitus
1846 1280 2000 1341 solis,

429 1378 514 1423 est
544 1372 756 1436 oriens,
781 1372 1083 1427 secundum
1102 1389 1263 1443 quem
1280 1374 1609 1429 matutinum
1641 1382 1804 1442 atque
1819 1373 2005 1428 orien-

430 1461 594 1514 talem
632 1462 974 1518 horizontem
1039 1464 1307 1519 ascendit.
1354 1466 1460 1517 Per
1509 1480 1804 1519 occursum
1852 1481 2003 1531 vero,

429 1564 687 1605 occasum
716 1552 835 1620 ejus
861 1553 1240 1624 intelligimus,
1263 1556 1562 1609 secundum
1597 1572 1758 1623 quem
1785 1571 2007 1624 vesper-

433 1645 608 1696 tinum
643 1643 986 1700 horizontem
1005 1646 1173 1711 subit,
1190 1648 1353 1701 unico
1371 1646 1459 1701 die
1474 1646 1762 1718 dimidium
1782 1649 2006 1718 splmrze

2101 454 2224 523 (ρίου
2255 452 2647 523 προὸαίνοντος
2680 454 2789 506 ἀπὸ
2819 454 2916 505 τοῦ
2948 453 3221 523 θαλάμου.

2184 544 2641 615 Ἀγαλλιάσεται
2677 546 2757 611 ὡς
2811 548 2979 615 γίγας
3034 546 3280 616 δραμεῖν
3316 546 3478 602 ὁδόν.
3530 550 3675 603 Κάν-

2100 635 2279 689 ταῦθα
2305 638 2644 706 νενοήκαμεν
2674 635 3039 705 ἀντιχρονίαν’
3082 636 3265 705 χαίρει
3299 638 3407 707 γὰρ
3440 638 3672 707 δραμεῖν

2102 729 2204 795 τὴν
2247 726 2794 796 ἀποκεκληρωμένην
2822 726 2972 796 αύτῷ
3019 728 3270 796 πορείαν,
3303 730 3378 791 ὡς
3412 731 3575 797 γίγας
3604 735 3669 800 τῇ

2102 818 2330 886 δυνάμει
2369 815 2751 886 τεθαρρηκὼς,
2787 819 3087 881 τουτέστιν,
3121 819 3343 882 ἀκάμας
3383 821 3535 872 ἐστὶν
3562 821 3670 884 ἀεὶ,

2103 910 2390 973 τοσούτους
2440 909 2720 971 ἐνιαυτοὺς
2747 910 3011 962 δουλεύων
3052 910 3139 980 τῷ
3168 911 3262 964 τοῦ
3312 911 3449 965 Θεοῦ
3490 929 3667 981 προσ-

2104 1020 2368 1071 ταγματμ

2188 1185 2316 1238 Ἀπ’
2350 1184 2536 1253 ἄκρου
2562 1185 2668 1237 τοῦ
2716 1184 2977 1251 οὐρανοῦ
3004 1185 3042 1251 ἡ
3083 1183 3295 1250 ἔξοδος
3324 1186 3533 1250 αὑτοῦ,
3574 1188 3685 1239 και

2105 1278 2173 1330 τὸ
2225 1276 2572 1347 κατάντημα
2623 1279 2810 1331 αὐτοῦ
2866 1277 2974 1342 ἕως
3027 1277 3213 1344 ἄκρου
3252 1278 3358 1331 τοῦ
3390 1279 3671 1345 οἰφανοῦ.

2110 1370 2329 1435 Ἔξοδος
2378 1370 2499 1438 μὲν,
2529 1371 2563 1439 ή
2607 1369 2861 1439 ἀνατολὴ,
2917 1369 3040 1423 καθ’
3091 1370 3159 1438 ἢν
3211 1370 3531 1441 ὑπερϐαίνει
3582 1372 3675 1423 τὸν

2107 1463 2243 1533 ἑῷον
2272 1462 2551 1533 ὁρίζοντα·
2591 1462 2913 1533 κατάντημα
2942 1463 3075 1532 δὲ,ή
3118 1461 3291 1526 δύσις,
3329 1463 3451 1515 καθ’
3484 1465 3548 1534 ἥν
3591 1466 3683 1526 είς

2106 1555 2197 1608 τὸν
2243 1555 2812 1626 ἑσπερινὸνμὸρίξοντα
2850 1553 3203 1617 καταδύεται,
3260 1555 3353 1607 καὶ
3405 1554 3490 1606 διὰ
3546 1555 3675 1623 μιᾶς

2108 1646 2320 1718 ἡμέρας
2357 1647 2419 1699 τὸ
2446 1647 2811 1717 ἡμισφαίριον
2849 1646 2970 1699 ὅλον
3021 1646 3296 1716 διατρέχει
3332 1661 3348 1675 ·
3394 1648 3442 1698 εὶ
3495 1645 3675 1715 βούλει

434 1737 954 1803 percurrenszquin
990 1737 1098 1791 imo
1149 1747 1204 1792 et
1253 1747 1419 1792 totam
1474 1739 1745 1809 sphaeram
1794 1741 2003 1809 integro

2118 1708 2182 1804 5E,
2210 1708 2279 1791 δι’
2302 1708 2430 1801 γὲνδς
2463 1708 2839 1807 ήμερονύκτου
2872 1738 2966 1790 τὸν
3000 1708 3293 1805 σύμπαντα
3318 1708 3541 1805 κόσμον.

434 1826 699 1881 nimirum
732 1829 820 1883 die
843 1845 907 1884 ac
931 1839 1111 1885 nocte.

510 1913 621 1969 Nec
653 1920 845 1988 estqui
879 1920 1167 1973 abscondat
1192 1937 1301 1974 sea
1355 1922 1530 1977 calore
1569 1923 1705 1991 ejus.
1758 1922 1876 1977 Non
1923 1930 2008 1977 est

435 2008 601 2062 homo
632 2009 1069 2080 aliquis,inquit,
1109 2012 1404 2077 autlocus,
1438 2015 1512 2067 ita
1563 2024 1622 2068 ut
1676 2032 1769 2083 per
1827 2017 2005 2069 locum

435 2101 734 2162 elementa,
788 2117 885 2170 per
936 2102 1209 2157 hominem
1273 2106 1571 2159 animantia
1629 2106 1811 2160 omnia
1861 2122 2010 2160 coms

438 2186 870 2254 prehendantur.
930 2188 1047 2243 Hoc
1091 2191 1295 2245 ctenim
1353 2194 1587 2248 maxima
1649 2196 2011 2250 admiratione

438 2279 660 2345 dignum
697 2289 801 2345 est,
840 2281 987 2348 quod
1016 2289 1167 2334 tanto
1206 2300 1234 2337 a
1268 2285 1428 2339 nobis
1476 2286 1555 2340 sol
1588 2286 1801 2341 distans
1843 2288 2011 2342 inter-

438 2370 604 2431 vallo,
659 2369 930 2425 illumiuet
962 2380 1016 2427 et
1074 2374 1378 2429 calefaciat.
1434 2376 1578 2445 Ignis
1638 2379 1841 2448 quippe
1910 2380 2014 2435 iste

440 2459 689 2521 inferior,
723 2462 913 2529 procul
964 2462 1181 2532 quidem
1232 2465 1526 2528 illuminat,
1563 2468 1656 2522 sed
1702 2485 1810 2522 non
1864 2471 2014 2524 cale-

444 2550 591 2615 l‘aeit,
621 2553 723 2605 nisi
757 2554 822 2607 ad
870 2554 1015 2606 illum
1048 2557 1371 2612 accesseris.
1408 2557 1550 2613 Solis
1580 2568 1840 2629 praeterea
1894 2562 2014 2630 pul-

443 2641 833 2708 chritudinem,
872 2645 1060 2708 robur,
1095 2662 1317 2701 cursum
1355 2659 1408 2701 et
1456 2650 1745 2707 utilitatem
1788 2653 2014 2709 laudans

445 2733 742 2801 Propheta,
815 2736 1157 2805 magnificam
1208 2753 1272 2792 ac
1332 2740 1607 2796 liberalem
1667 2743 1757 2797 Dei
1828 2755 2018 2812 polen-

446 2822 577 2875 tiam
632 2825 890 2880 omnibus
926 2826 1263 2883 manifestat.
1295 2831 1469 2899 Atque
1502 2832 1616 2886 haec
1657 2835 1879 2903 quidem
1933 2846 2017 2891 est

446 2922 593 2967 rerta
630 2915 921 2969 verborum
987 2919 1383 2989 interpretatio.
1438 2921 1672 2988 Quidam
1724 2939 1853 2980 vero
1887 2929 2017 2981 alle-

446 3003 632 3075 gorice
660 3005 773 3060 lucc
800 3021 1136 3077 exponentes
1175 3010 1366 3064 dicunt
1417 3029 1511 3083 per
1572 3017 1743 3071 cmlos
1794 3020 2013 3086 quidem

450 3097 703 3152 caelestes
734 3107 898 3168 atque
945 3103 1301 3172 incorporeas
1348 3105 1571 3161 ordines
1638 3108 1886 3177 intelligi,
1923 3112 2015 3179 qui

455 3186 624 3241 Deum
657 3188 875 3244 assidue
907 3190 1155 3256 laudant,
1219 3204 1269 3247 ut
1307 3194 1476 3249 Isaias
1532 3207 1585 3251 et
1631 3196 1875 3254 Ezechiel
1910 3210 2020 3254 tra-

452 3277 611 3343 dunt,
640 3279 977 3347 quiaudisse
1012 3299 1072 3337 se
1122 3284 1248 3339 illos
1309 3285 1583 3350 referunt;
1630 3288 1710 3342 Vel
1772 3290 2019 3348 homines

449 3370 596 3435 illos,
626 3371 717 3447 qui
765 3382 978 3427 terrena
1010 3376 1485 3442 transcendentes,
1514 3380 1919 3451 prophetizeque
1957 3399 2021 3439 ac

452 3463 899 3531 contemplationi
948 3465 1038 3519 Dei
1097 3467 1478 3521 incumbentes
1535 3470 1588 3522 in
1644 3470 1843 3524 caelum
1905 3482 2023 3527 ten-

452 3552 595 3606 dunt
631 3567 644 3607 :
677 3564 731 3608 et
757 3571 849 3624 per
878 3556 1284 3612 ﬁrmamentum
1347 3574 1442 3613 eos
1474 3562 1724 3616 homines
1752 3564 1843 3632 qui
1873 3565 2019 3619 circa

452 3644 640 3698 mundi
673 3646 917 3700 actiones
939 3646 1169 3703 stabiles
1210 3664 1274 3701 ac
1305 3658 1627 3705 constantes
1650 3661 1803 3715 sunt,
1833 3663 1888 3707 et
1954 3653 2020 3707 ad

453 3750 648 3789 omnes
683 3737 1057 3792 calamitatum
1086 3739 1322 3807 impetus
1354 3738 1591 3807 infracti,
1643 3752 1697 3795 et
1742 3759 1838 3812 per
1881 3744 2020 3798 diem

454 3838 673 3887 rursus,
702 3827 992 3896 praeclaras
1019 3828 1141 3883 illas
1183 3830 1434 3885 caelestes
1477 3840 1638 3901 atque
1671 3833 2024 3902 incorporeas

459 3925 774 3981 potestates,
807 3933 927 3987 quae
964 3921 1204 3976 secunda
1236 3921 1495 3975 dicuntur
1536 3924 1768 3989 lumina;
1799 3941 2026 3994 qumque

458 4011 647 4063 divina
691 4014 946 4066 mandata
996 4014 1098 4068 sibi
1127 4014 1264 4084 ipsis
1309 4026 1500 4069 mutuo
1551 4016 1826 4075 deferunt.
1857 4026 1911 4070 et
1948 4033 2028 4072 re-

460 4102 760 4156 nuntiant:
795 4119 891 4172 per
944 4113 1155 4159 noctem
1194 4122 1343 4169 vero,
1406 4107 1679 4160 hominem
1717 4110 1915 4176 ipsum,
1957 4111 2027 4162 ob

458 4193 697 4248 carnalis
726 4195 982 4248 nimirum
1013 4197 1398 4252 crassitudinis
1426 4198 1735 4267 caliginem,
1766 4214 1885 4267 quzc
1911 4200 2025 4252 ani-

461 4300 603 4338 mam
631 4286 953 4342 circumdat.
1009 4287 1075 4339 Et
1118 4303 1236 4355 qua:
1288 4298 1593 4356 sequuntur
1632 4298 2029 4358 consequenter

2185 1919 2307 1968 Οὐκ
2337 1917 2511 1968 ἐστιν
2539 1913 2608 1981 ὃς
2647 1914 3130 1981 ἀποκρυϐιὶσεται
3166 1914 3274 1983 τῆς
3325 1917 3544 1984 θέρμης
3566 1916 3677 1967 oti)-

2109 2008 2237 2062 τοῦ.
2277 2010 2372 2068 '0;
2400 2008 2587 2073 τόπος,
2614 2007 2646 2076 ἢ
2678 2008 2735 2069 ὃς
2766 2008 3049 2079 ἄνθρωπος
3076 2024 3089 2036 ·
3125 2009 3219 2061 καὶ
3262 2008 3350 2060 διά
3386 2008 3480 2059 τοῦ
3511 2009 3695 2059 τόπους

2113 2100 2233 2168 μὲν,
2261 2099 2329 2152 τά
2351 2099 2500 2164 ὄντα,
2544 2099 2633 2151 διὰ
2660 2099 2754 2150 τοῦ
2786 2098 3076 2168 ἀνορώπου
3107 2099 3185 2162 δὲ,
3211 2100 3279 2152 τὰ
3329 2096 3507 2161 ζῶντα
3542 2115 3683 2165 συμ-

2111 2191 2406 2261 περιέλαϐε
2432 2208 2443 2220 ·
2486 2191 2644 2244 τοῦτο
2702 2191 2812 2261 γὰρ
2859 2190 2923 2243 τὸ
2960 2191 3431 2262 θαυμασιώτατον,
3480 2191 3561 2243 ὃτι
3600 2189 3698 2257 τῷ.
3774 2230 3779 2233 ,

2112 2281 2258 2350 αὐτῷ
2297 2281 2646 2349 ἀποστήματι
2699 2279 2794 2331 καὶ
2838 2279 3065 2347 φωτίζει
3127 2278 3219 2331 καὶ
3260 2277 3583 2348 θερμαίνει·
3616 2276 3701 2329 τὸν

2111 2375 2169 2428 δὲ
2204 2373 2334 2444 παρ’
2366 2375 2498 2443 ἡμῖν
2556 2372 2669 2442 πῦρ
2705 2372 2932 2441 φωτίζει
2970 2372 3068 2441 μὲν
3101 2371 3383 2442 πόρρωθεν
3408 2410 3423 2435 ,
3456 2371 3517 2422 ού
3556 2370 3681 2437 θερ-

2116 2467 2298 2538 μαίνει
2327 2467 2407 2532 δὲ,
2443 2467 2493 2517 εί
2546 2465 2621 2535 μὴ
2656 2466 2999 2535 πλησιάσεις.
3043 2464 3228 2529 Οὕτως
3253 2464 3543 2526 ἐπαινέσας
3581 2463 3693 2517 καὶ

2113 2558 2173 2612 τὸ
2198 2556 2393 2620 κάλλος
2445 2558 2642 2621 αὐτοῦ,
2689 2556 2779 2610 καὶ
2820 2557 2918 2626 τὴν
2957 2555 3170 2627 ῥώμην,
3223 2556 3315 2609 καὶ
3362 2556 3453 2607 τὸν
3478 2553 3685 2622 δρόμον»

2119 2651 2307 2715 αὐτοῦ,
2341 2650 2439 2704 καὶ
2466 2650 2564 2721 τὴν
2604 2650 2815 2720 χρείαν,
2849 2649 3092 2701 δείκνυσι
3137 2646 3431 2702 κάντεῦθεν
3466 2646 3559 2698 τοῦ
3587 2663 3683 2697 πει

2116 2744 2407 2812 ποιηκὸτος
2455 2741 2619 2795 αὑτὸν
2651 2744 2752 2812 τὴν
2794 2742 3079 2810 φιλότιμον
3117 2741 3290 2809 ἰσχύν.
3340 2739 3478 2792 Ἀλλ’
3507 2741 3540 2807 ή
3580 2740 3689 2806 μὲν.

2119 2837 2279 2900 εὐθὺς
2303 2837 2413 2905 (70}
2453 2835 2716 2903 ἐξήγησις
2744 2834 2853 2885 τῶν
2881 2833 3083 2903 ῥητῶν,
3125 2831 3290 2898 αῦτη.
3326 2830 3481 2893 Τινὲς
3520 2829 3576 2881 δὲ
3601 2831 3683 2890 sic

2119 2928 2448 2997 ἀλληγορίαν
2487 2924 2851 2997 ἐμϐάλλοντες
2881 2923 3040 2988 αύτά,
3082 2923 3245 2991 φασὶν
3289 2921 3551 2993 οὐρανοὺς
3583 2919 3689 2986 μὲν

2120 3016 2259 3072 εἶναι
2286 3021 2355 3073 τὰ
2391 3018 2622 3088 οὐράνια
2645 3016 2755 3069 τῶν
2792 3016 3101 3083 ἀσωμάτων
3131 3012 3405 3080 τάγματα,
3442 3010 3527 3062 διά
3550 3027 3688 3061 παν-

2118 3112 2208 3173 τὸς
2240 3112 2329 3163 τὸν
2362 3110 2495 3162 Θεὸν
2521 3107 2833 3171 δοξάζοντα,
2878 3107 2953 3168 ῶς
3007 3104 3269 3173 Ἱεζεκιὴλ
3320 3106 3415 3155 καὶ
3452 3101 3681 3160 Ἦσαῖας

2119 3204 2383 3272 ἥκουσαν·
2416 3201 2448 3268 ἢ
2476 3202 2603 3261 τοὺς
2630 3197 3064 3267 ὑπερκειμένους
3093 3196 3204 3248 τῶν
3232 3196 3438 3263 γήῖνων
3474 3191 3688 3257 ἀνθρώ-

2121 3311 2279 3355 πους,
2311 3293 2404 3343 καὶ
2430 3292 2518 3342 διὰ
2553 3290 2653 3357 τῆς
2685 3288 3026 3357 θεωρητικῆς
3054 3286 3373 3355 φιλοσοφίας
3410 3285 3487 3345 εἰς
3519 3282 3687 3351 οὐρα.

2120 3385 2245 3447 νοὸς
2278 3378 2737 3448 ἀνατεταμένους·
2773 3380 3063 3448 στερέωμα
3091 3378 3169 3443 δὲ,
3198 3378 3324 3438 τοὺς
3357 3372 3690 3443 στερεουμέ-

2121 3491 2245 3537 νους
2272 3474 2359 3525 διά
2386 3472 2484 3539 τῆς
2518 3469 2826 3537 πρακτικῆς
2850 3468 3071 3538 ἄνδρας,
3115 3468 3207 3520 καὶ
3231 3466 3539 3536 ἀρρήκτους
3569 3464 3687 3522 ταῖς

2121 3566 2230 3619 τῶν
2266 3563 2593 3634 πειρασμῶν
2641 3561 2989 3630 προσϐολαῖς·
3029 3561 3242 3630 ἡμέραν
3276 3558 3333 3611 δὲ
3366 3556 3550 3620 πάλιν,
3588 3554 3688 3616 τὰς

2123 3658 2391 3728 φωτεινάς
2424 3656 2682 3726 δυνάμεις
2709 3654 2818 3706 τῶν
2847 3654 3176 3724 ἀσωμάτων,
3212 3651 3365 3720 φῶτα
3396 3651 3502 3718 γάρ
3540 3639 3688 3700 οὗτοι

2122 3750 2352 3818 δεύτερα
2401 3749 2687 3815 λέγονται,
2744 3744 3255 3815 διαπορθμευούσας
3302 3742 3561 3808 ἀλλήλαις
3620 3738 3692 3790 τὰ

2127 3842 2243 3894 θεῖα
2270 3839 2688 3910 προστάγματα“
2725 3837 2893 3891 νύκτα
2924 3837 3001 3899 δὲ,
3055 3836 3180 3897 τοὺς
3231 3832 3574 3903 ἀνθρώπους,
3604 3831 3694 3881 διὰ

2126 3934 2218 3987 τὸν
2280 3931 2718 3999 ἐπιπροσθοῦντα
2771 3932 2834 3998 τῇ
2882 3930 3029 3998 ψυχῇ
3081 3928 3245 3996 ζόφον
3281 3926 3375 3993 τῆς
3423 3923 3694 3991 σαρκικῆς

2129 4023 2461 4092 παχύτητος⁸
2495 4022 2587 4072 καὶ
2612 4020 2679 4073 τά
2704 4019 2827 4087 ἑξῆς
2858 4017 3191 4078 ἀκολούθως.
3225 4017 3298 4067 Τὸ
3334 4016 3408 4077 δὲ,
3440 4015 3541 4076 Εἰς
3584 4010 3698 4062 πᾶς

2128 4132 2249 4169 σαν
2279 4114 2393 4181 τὴν
2418 4112 2534 4180 γῆν
2565 4112 2824 4179 ἐξῆλθεν
2850 4114 2880 4162 ό
2906 4111 3162 4177 φθόγγος
3206 4104 3427 4171 αὐτῶν,
3456 4103 3482 4153 ὁ
3522 4103 3697 4171 μέγας

2132 4205 2342 4264 Παῦλος
2371 4206 2427 4254 ἐν
2459 4206 2523 4271 τῇ
2564 4203 2700 4271 πρὸς
2755 4200 3045 4271 Ἐᾶραίους
3088 4197 3378 4265 Ἐπιστολῇ
3423 4196 3700 4263 εὐκαίρως

2132 4295 2223 4347 ἐπὶ
2257 4295 2383 4355 τοὺς
2416 4292 2810 4360 εὐαγγελιστάς
2836 4291 2928 4344 καὶ
2966 4288 3294 4347 ἀποστόλους
3323 4285 3418 4337 τοῦ
3458 4281 3699 4352 Χριστοῦ

462 4376 735 4444 przcdictis
769 4384 1071 4444 exponunt.
1108 4375 1284 4429 Verba
1312 4386 1495 4431 autem
1550 4378 1637 4430 illa
1676 4397 1688 4429 :
1729 4378 1791 4431 In
1819 4396 2017 4433 omnem

2134 4386 2409 4453 μετήγαγε
2461 4385 2556 4436 καὶ
2625 4384 3003 4453 προσήρμοσε.
3052 4380 3126 4432 Τὸ
3173 4378 3229 4429 δὲ
3300 4379 3395 4428 Ἐν
3438 4374 3514 4439 τῷ
3548 4375 3703 4441 ἡλίῳ

462 4477 655 4520 terram
696 4468 862 4520 exivit
887 4483 1045 4519 sonus
1073 4483 1277 4526 eorum,
1312 4482 1538 4536 magnus
1570 4466 1774 4523 Paulus
1818 4473 1870 4523 in
1902 4470 2028 4541 Epi-

460 4558 600 4613 stola
638 4558 703 4611 ad
739 4558 993 4612 Hebraeos
1014 4559 1079 4623 “,
1111 4572 1354 4627 congrue
1385 4558 1448 4611 ad
1484 4559 1843 4629 evangelistas
1869 4571 2031 4631 atque

464 4647 529 4701 ad
556 4648 836 4717 apostolos
878 4649 1178 4711 transtulit,
1234 4657 1397 4717 atque
1441 4649 1521 4703 cis
1580 4653 2028 4710 accommodavit.

464 4736 559 4789 Illa
596 4752 726 4790 vero
760 4752 773 4789 :
818 4736 882 4790 In
914 4738 1023 4791 sole
1073 4741 1249 4807 posuit
1280 4738 1677 4793 tabernaculum
1729 4743 1860 4805 illic,
1929 4746 2033 4799 hoc

466 4835 627 4894 pacto
688 4843 778 4894 per
836 4831 1055 4884 eosdem
1118 4839 1486 4899 exponuntur,
1540 4833 1834 4889 dicentes:
1888 4841 2029 4908 quod

470 4917 719 4975 Christus
752 4922 806 4977 in
851 4923 1071 4978 homine
1126 4924 1365 4987 habitat;
1409 4926 1461 4979 in
1498 4942 1584 4991 eo,
1639 4928 1878 4998 inquam,
1933 4935 2037 4987 ho-

472 5011 638 5075 mine,
674 5014 766 5083 qui
794 5015 1056 5070 virtutum
1111 5016 1281 5071 radiis
1296 5022 1690 5076 coruscaverit.
1725 5020 1835 5091 Ego
1862 5025 2032 5089 enim,

469 5103 668 5171 inquit,
699 5106 747 5159 et
794 5106 955 5161 Pater
1016 5107 1083 5160 ad
1135 5122 1251 5160 eum
1290 5108 1569 5173 reuiemus,
1616 5119 1664 5163 et
1713 5114 2034 5167 mansionem

472 5194 613 5259 apud
660 5213 776 5250 eum
804 5197 1060 5266 faciemus
1089 5196 1158 5249 ⁸⁸.
1199 5196 1289 5249 Vel
1343 5194 1543 5250 Christi
1596 5199 2032 5263 tabernaculum,

472 5294 555 5339 est
583 5297 861 5358 assumpta
894 5286 1207 5342 humanitas
1236 5301 1250 5339 :
1285 5301 1445 5356 quam
1477 5302 1598 5341 cum
1654 5289 1764 5344 illic
1814 5290 2030 5344 habita-

541 5455 583 5490 "
612 5457 741 5522 lmo,
777 5456 933 5513 Boni.
984 5475 1036 5525 κ,
1080 5458 1162 5513 18.
1240 5460 1285 5491 ⁸⁵
1314 5458 1470 5515 Joan.
1506 5476 1611 5525 xiv,
1646 5460 1739 5516 ‘25.

2129 4474 2298 4528 ἔθετο
2334 4476 2396 4528 τὸ
2434 4474 2728 4543 σκήνωμα
2765 4474 2975 4533 αὐτοῦ,
2998 4470 3429 4537 τοιουτοτρόπως
3464 4465 3701 4532 ἀλληγο-

2129 4565 2332 4638 ροῦσιν,
2391 4564 2466 4628 ὡς
2498 4568 2525 4617 ὁ
2566 4565 2798 4632 Χριστὸς
2855 4566 2912 4615 ὲν
2968 4562 3045 4631 τῷ
3099 4559 3371 4629 ἀνθρώπῳ
3416 4557 3584 4619 οἰκεῖ,
3618 4554 3701 4621 τῷ

2126 4658 2394 4728 λάμποντι
2445 4659 2563 4718 ταῖς
2621 4656 2729 4708 τῶν
2780 4654 2991 4722 ἀρετῶν
3045 4654 3284 4705 ἀκτῖσιν.
3352 4648 3500 4715 Ἐγὼ
3549 4649 3697 4716 γὰρ,

2127 4747 2280 4815 φησι,
2314 4744 2411 4798 καί
2434 4747 2465 4797 ὀ
2498 4743 2698 4811 Πατὴρ
2731 4743 3123 4809 ἐλευσόμεθα,
3174 4739 3270 4791 καί
3308 4735 3507 4806 μονὴν
3558 4735 3701 4801 παρ’

2126 4836 2285 4900 αὐτῷ
2323 4837 2675 4903 ποιήσομεν.
2713 4835 2781 4885 Ἢ
2818 4836 2911 4886 καὶ
2938 4833 3203 4899 σκήνωμα
3229 4828 3322 4881 τοῦ
3355 4825 3590 4897 Χριστοῦ
3618 4867 3632 4889 ,
3664 4816 3702 4895 ἦ

2126 4926 2536 4996 προσληφθεῖσα
2588 4925 2965 4992 ἀνθρωπὸτης,
3022 4924 3087 4990 ἦν
3140 4921 3391 4988 οἰκήσας,
3456 4917 3609 4969 ἔθετο
3643 4916 3704 4965 ἐν

2127 5016 2204 5085 τῷ
2226 5015 2388 5083 φωτὶ,
2418 5015 2832 5083 πολιτευόμενος
2859 5013 2962 5065 ὑπὸ
2996 5013 3084 5064 τὸν
3116 5011 3289 5080 ἥλιον,
3322 5010 3414 5062 καὶ
3448 5006 3703 5075 φανερῶς

2128 5104 2260 5174 βιῶν
2295 5105 2388 5157 καὶ
2426 5102 2589 5166 αὐτὸς
2620 5103 2693 5166 ὡς
2749 5103 3000 5172 νυμφίος.
3055 5100 3282 5168 Ὠραῖος
3338 5097 3467 5167 γὰρ.
3523 5094 3696 5163 φησὶ.

2128 5196 2340 5250 κάλλει
2377 5195 2534 5263 παρὰ
2577 5195 2717 5260 τοὺς
2747 5194 2911 5260 viain;
2954 5192 3072 5245 τῶν
3099 5191 3442 5258 ἀνθρώπων,
3472 5180 3560 5239 οἷά
3592 5202 3701 5254 περ

2125 5286 2609 5358 λελαμπρισμένος
2637 5287 2757 5349 ταῖς
2787 5284 2895 5338 τῶν
2946 5283 3156 5353 ἀρετῶν
3189 5278 3492 5348 ἀκτῖσιν,νῆ
3542 5276 3704 5351 χάριο

1760 5546 1956 5608 Variae
1997 5546 2320 5612 lectiones,

548 5644 658 5714 (1'0)
694 5662 779 5711 γρ.
813 5645 1015 5699 εὐθεῖα.
