4054 6210
273 297 368 360 257
1453 300 1852 363 'COMMENT.
1903 302 1982 360 IN
2019 298 2377 361 PSALMOS.
3394 307 3506 373 258

277 425 369 463 σιν.
401 410 493 472 Ὃς
528 412 624 462 καὶ
659 410 1030 480 ἠγαλλιάσατο
1079 412 1312 483 δραμεῖν
1360 412 1505 483 ὑπὲρ
1539 414 1698 482 ἡμῶν
1738 414 1825 482 τὴν

1948 423 2050 473 rel,
2083 416 2264 481 pusui‘t
2295 413 2346 464 iu
2381 415 2522 475 luce,
2562 414 2764 482 degens
2825 415 2928 469 sub
2984 414 3122 479 sole,
3160 415 3264 470 hoc
3302 422 3410 482 est,
3462 417 3521 471 in

279 500 357 552 ἐπὶ
379 500 454 569 τῷ
484 501 722 569 θανάτῳ.
773 503 894 557 Ἀπ’
924 505 1098 575 ἄκρου
1133 504 1190 556 δὲ
1213 503 1310 556 τοῦ
1337 503 1573 574 οὐρανοῦ
1604 503 1825 568 κατιὼν,

1945 513 2134 572 aperto
2175 519 2238 556 ac
2275 505 2451 572 palam
2478 504 2686 559 vivens.
2719 506 2783 559 Et
2808 505 2924 576 ipse
2953 514 3211 576 tanquam
3230 521 3518 576 sponsus:

279 593 346 653 είς
366 592 496 645 αὐτὸ
526 594 689 647 πάλιν
723 594 1054 662 ἐπανῆλθεν.
1079 595 1273 656 Οὐδεὶς
1302 595 1359 647 δὲ
1392 594 1825 664 ἀποκρυϐήσεται

1940 593 2221 658 Speciosus
2279 595 2446 657 cuitu,
2506 596 2702 665 inquit,
2780 597 2956 666 [arma
3015 614 3126 666 prae
3179 599 3305 667 filiis
3345 599 3521 653 homi-

281 681 363 749 τῆς
385 680 596 752 Θέρμης
633 683 745 736 τῶν
767 684 944 752 λόγων
974 685 1165 737 αὐτοῦ’
1205 686 1302 738 καὶ⁵
1323 685 1374 737 οἱ
1405 685 1527 754 μὲν,
1559 684 1825 752 καλυφθή·

1936 700 2058 737 num
2090 686 2157 751 ³⁸⁵,
2211 685 2516 740 illustratus
2581 688 2840 742 nimirum
2897 681 3160 744 virtutum
3213 690 3382 745 radiis
3455 705 3520 745 ac

282 785 468 836 σονται,
508 773 645 826 οίδὲ
673 775 1048 844 «καυθήσονται
1085 776 1222 845 (Ἡ),
1253 776 1334 827 ὅτι
1358 773 1508 845 αὐτῷ
1539 772 1668 829 Πᾶν
1687 775 1825 844 τόη

1936 776 2338 844 multiplicibus
2385 777 2781 831 charismatum
2837 781 2998 836 donis
3038 798 3052 834 :
3089 781 3182 850 qui
3215 780 3376 834 etiam
3424 795 3523 835 ex-

279 859 502 928 κάμψει,
531 865 675 916 κατὰ
708 865 801 917 τὸν
837 865 1183 922 Ἀπόστολον.

1936 865 2163 918 sultavit
2191 876 2247 918 ιιι
2281 881 2378 934 pro
2444 866 2605 920 nobis
2637 878 2888 923 curreret
2931 871 3075 924 viam
3131 870 3198 923 ad
3253 877 3512 924 mortem.

280 964 426 1019 alque
458 970 486 1007 a
517 969 734 1008 summo
761 957 902 1012 coelo
955 958 1294 1011 descendens
1350 957 1405 1010 in
1441 955 1573 1010 illud
1617 969 1842 1009 rursum
1884 970 2140 1011 reversus
2168 965 2272 1011 est.
2339 955 2608 1010 Praeterea
2644 959 2807 1012 etiam
2859 975 3019 1014 nemo
3085 975 3146 1014 se
3220 959 3520 1019 absconde:

279 1045 494 1099 acalore
520 1061 838 1100 sermomun
867 1047 1012 1114 ejus,
1035 1048 1161 1116 quia
1217 1049 1309 1102 alii
1343 1048 1564 1117 quidem
1595 1060 1724 1101 vere
1748 1044 2015 1107 caleﬂent,
2045 1045 2137 1098 alii
2168 1059 2296 1100 vero
2323 1046 2409 1099 vel
2437 1045 2572 1100 illud
2639 1047 2836 1101 saltem
2895 1048 3200 1114 addiscent,
3255 1045 3404 1116 quod
3466 1053 3519 1106 ei

279 1155 410 1192 omne
443 1157 573 1208 genu
591 1139 825 1204 ﬂectitur
855 1142 1170 1211 [calestium
1215 1146 1544 1197 terrestrium
1589 1152 1638 1196 et
1665 1138 2016 1208 infernarum]
2049 1147 2107 1191 ιιι
2137 1139 2276 1192 dixit
2308 1140 2602 1207 Apostolus
2641 1140 2710 1194 ".

347 1231 406 1283 '0
434 1233 619 1300 νόμος
648 1234 868 1300 Κυρίου
898 1234 1157 1304 ἄμωμος,
1195 1234 1572 1304 ἐπιστρέφων
1604 1232 1825 1302 ψυχάς.

2004 1229 2167 1285 Vens.
2201 1230 2258 1284 8.
2289 1231 2392 1285 Lex
2415 1232 2629 1284 Domini
2667 1231 3136 1300 irrepreltensibilis
3163 1271 3179 1295 ,
3217 1238 3516 1285 convertens

285 1318 478 1392 Ἀρκεῖ,
527 1325 714 1392 φησὶν,
770 1327 846 1388 εἰς
899 1325 1256 1380 διδασκαλίαν
1306 1325 1639 1393 θεογνωσίας
1670 1324 1768 1377 καὶ
1807 1325 1825 1376 ἐ

1931 1321 2159 1374 animas.
2216 1319 2522 1386 Suliiceret,
2581 1321 2779 1388 inquit,
2824 1322 2892 1374 ad
2940 1320 3301 1389 praestandam
3357 1321 3518 1376 nobis

273 1415 506 1484 ἄγραφος
535 1417 721 1484 νόμος,
743 1415 834 1468 διὰ
872 1418 1168 1486 μεγέθους,
1205 1419 1300 1471 καὶ
1333 1416 1590 1482 κάλλους,
1624 1417 1717 1468 καὶ
1743 1414 1825 1468 ε-ὐ-

1935 1413 2306 1484 cognitionem
2339 1411 2405 1466 de
2433 1412 2562 1474 Deo,
2598 1413 2717 1481 ipsa
2773 1413 2858 1468 lex
2899 1423 3130 1478 naturae,
3163 1428 3285 1481 qua:
3308 1413 3518 1483 magni-

272 1506 448 1569 ταξίας
475 1509 586 1560 τῶν
628 1511 947 1578 κτισμάτων
974 1509 1174 1562 λαλῶνο
1211 1509 1308 1562 νῦν
1343 1509 1398 1562 δὲ
1466 1509 1561 1562 καὶ
1591 1507 1825 1578 γραπτὸν

1938 1504 2210 1566 tudinem,
2247 1503 2714 1574 pulchritudinem
2747 1511 2803 1556 et
2838 1501 3088 1557 ordinem
3143 1517 3328 1558 rerum
3397 1517 3518 1572 quae

271 1597 477 1660 δέδωκε,
498 1598 567 1650 δι’
596 1591 657 1650 οὗ
682 1601 990 1668 καταμάθοι
1019 1618 1103 1662 τις
1131 1601 1232 1671 τὴν
1262 1599 1427 1654 αὑτοῦ
1453 1601 1546 1652 καὶ
1573 1599 1825 1668 πρόνοιαν

1935 1604 2136 1650 create
2165 1605 2313 1657 sunt,
2346 1608 2538 1647 omnes
2580 1593 2828 1647 homines
2891 1592 3117 1658 docuit;
3190 1607 3378 1645 verum
3414 1592 3520 1645 hoc

272 1689 356 1739 καὶ
386 1689 602 1754 σοφίαν.
659 1690 948 1759 Διαφόροις
981 1690 1038 1743 δὲ
1071 1691 1302 1760 ὀνόμασι
1331 1691 1423 1744 τὸν
1462 1690 1626 1760 νόμον
1653 1689 1825 1742 καλεῖ·

1942 1687 2051 1741 Deo
2081 1685 2216 1739 satis
2256 1699 2364 1738 non
2403 1683 2626 1747 fuit,sed
2645 1683 2908 1752 scriptam
2934 1682 3100 1736 etiam
3145 1682 3314 1751 legem
3351 1681 3516 1736 nobis

271 1776 419 1844 νόμος
456 1778 554 1844 μὲν
597 1778 730 1847 γὰρ,
768 1778 842 1841 ὡς
890 1778 1172 1848 ῥυθμίζων
1205 1781 1304 1850 τὴν
1337 1781 1643 1834 πολιτείαν
1689 1797 1825 1850 μαρε

1943 1776 2186 1837 tradidit,
2222 1789 2324 1844 per
2349 1789 2512 1843 quam
2539 1775 2605 1828 de
2633 1774 2818 1828 divina
2839 1771 3191 1827 Providentia
3211 1787 3274 1826 ac
3304 1771 3520 1841 sapien-

268 1842 416 1936 suria
443 1842 521 1928 δὲ.
552 1842 629 1930 die
657 1842 784 1932 ’ἑοὺς
814 1842 1237 1942 ἁμαρτάνοντας
1259 1842 1825 1942 διαμαρτυρούμενος·

1939 1869 2010 1920 tia
2069 1842 2240 1920 etiam
2302 1842 2650 1920 doceremur.
2714 1863 2893 1919 Variis
2949 1872 3131 1920 autem
3196 1862 3519 1918 nominibus

267 1961 606 2031 δικαιώματα
639 1965 720 2029 δὲ,
761 1965 838 2028 ὡς
870 1966 1140 2020 διδάσκων
1168 1967 1230 2018 τὺ
1254 1967 1500 2020 δίκαιον·
1532 1967 1720 2035 ἐντολὴ
1743 1965 1825 2029 δὲ,

1937 1958 2110 2028 legem
2159 1964 2339 2012 vocat.
2381 1956 2516 2010 Nam
2549 1966 2604 2011 et
2645 1957 2818 2026 legem
2869 1956 3128 2025 appellat,
3161 1955 3328 2009 veluti
3393 1969 3518 2024 quae

265 2053 333 2114 ὼς
358 2054 417 2104 τὸ
451 2055 724 2124 πρακτέον
754 2055 1135 2125 ἐντελλόμενος
1163 2072 1176 2084 ·
1221 2055 1384 2122 φόϐος
1415 2055 1492 2118 δὲ,
1523 2055 1598 2117 ὼς
1623 2055 1825 2107 ἀδυσώ-

1936 2048 2418 2103 conversationem
2459 2049 2584 2102 vitae
2631 2047 2934 2100 concinnat
2989 2055 3042 2098 et
3091 2045 3381 2100 constituit
3411 2061 3430 2104 :_
3466 2055 3525 2098 et

268 2163 448 2214 πητος·
484 2147 755 2218 κρίματα,
792 2149 866 2212 ὡς
915 2148 1133 2219 ψήφους
1191 2149 1465 2220 ἐκφέρων,
1515 2147 1590 2210 ὡς
1637 2146 1825 2215 προλα-

1937 2141 2336 2206 tcstimonium,
2413 2140 2543 2208 quia
2598 2146 2924 2207 peccatores
3001 2145 3344 2190 contestatur
3393 2152 3409 2189 :
3463 2145 3521 2189 et

261 2235 443 2300 ϐόντες
473 2240 778 2308 εἰρήκαμεν
810 2239 1148 2310 πλατύτερον
1177 2241 1235 2292 ὲν
1267 2239 1342 2308 τῷ
1385 2237 1449 2302 ιζ’
1484 2237 1705 2306 ψαλμῷ.

254 2330 598 2396 mandatum,
660 2334 787 2401 quin
816 2349 935 2403 quae
962 2332 1170 2403 agenda
1207 2343 1335 2388 sunt
1396 2332 1646 2402 praecipit
1703 2348 1718 2384 :

1931 2232 2411 2301 justilicationem,
2463 2227 2594 2298 quia
2623 2227 2777 2298 quod
2811 2225 3026 2293 justum
3087 2236 3172 2280 est
3210 2225 3370 2280 docet
3402 2241 3416 2278 :
3461 2233 3518 2278 et

1769 2340 1832 2383 et
1873 2328 2150 2391 timorem,
2182 2325 2352 2380 veluti
2398 2307 2796 2378 inexorabilem
2833 2329 2932 2376 :ct
2993 2318 3290 2388 judicium,
3353 2317 3517 2388 quasi

267 2423 586 2476 sententiam
617 2421 1162 2494 feratetsuﬂ‘ragium
1187 2425 1648 2494 quemadmodum
1666 2422 1832 2476 latius
1864 2419 2108 2474 diximus
2141 2417 2197 2470 in
2222 2417 2436 2484 psalmo
2468 2430 2601 2468 xvu.

338 2513 393 2564 '0
423 2514 608 2582 νόμος
639 2516 863 2582 Κυρίου
895 2515 1154 2584 ἄμωμος,
1184 2514 1580 2583 ὑποστρέφων
1631 2511 1836 2581 ψυχάς

2006 2508 2116 2562 Lex
2147 2505 2363 2559 Domini
2395 2501 2899 2573 irrepreltensibilis,
2949 2510 2999 2555 et
3066 2511 3368 2556 convertens
3399 2503 3519 2555 ani-

265 2605 328 2656 Τί
377 2606 488 2674 γὰρ
547 2605 616 2659 ἂν
678 2606 794 2675 ἔχοι
846 2623 932 2668 τις
990 2605 1157 2658 αὐτοῦ
1225 2603 1587 2674 μέμψασθαι;
1643 2604 1703 2665 ὃς
1769 2618 1825 2668 γε

1932 2615 2068 2651 tuas.
2102 2596 2242 2663 Quid
2259 2597 2403 2650 enim
2430 2597 2482 2650 in
2503 2610 2563 2649 ea
2587 2604 2694 2659 est,
2717 2594 2862 2663 quod
2894 2595 3142 2648 accusari
3165 2593 3362 2663 possit,
3391 2607 3518 2648 cum

266 2698 356 2749 καὶ
379 2696 493 2765 (72)
517 2697 854 2768 ἐπιστροφὴν
883 2697 1074 2766 ψυχῶν
1110 2697 1292 2767 ἐτέθη,
1337 2696 1426 2749 διά
1480 2695 1588 2748 τῶν
1623 2692 1825 2763 μικρῶν

1931 2694 1984 2740 et
2004 2688 2074 2741 ad
2106 2687 2410 2740 animarqu
2449 2686 2863 2740 conversionem
2893 2682 2966 2736 sit
2999 2682 3196 2752 posita,
3221 2693 3275 2738 ct
3307 2698 3372 2737 ex
3393 2699 3518 2752 par-

261 2790 325 2840 τά
361 2785 535 2856 μείζω
564 2787 857 2840 διδάσκων.

339 2875 411 2930 Ἥ
431 2879 727 2946 μαρτυρία
757 2879 998 2946 Κυρίου,
1031 2877 1243 2943 πιστὴ,
1263 2873 1597 2944 σοφίζουσα
1626 2873 1832 2940 νήπια.

273 2967 633 3032 Ἀξιόπιστος,
663 2968 787 3020 ἐπεὶ
817 2971 914 3021 καὶ
949 2968 1104 3038 παρὰ
1127 2967 1264 3019 Θεοῦ
1289 2983 1302 2996 ο
1330 2969 1500 3036 νήπια
1530 2965 1606 3028 δὲ,
1651 2966 1681 3033 ἢ
1713 2964 1839 3017 καθ’

1933 2779 2017 2831 vis
2046 2777 2252 2845 majora
2281 2776 2500 2829 doceat.

2009 2867 2387 2921 Testimonium
2421 2866 2635 2920 Domini
2664 2866 2838 2934 fidele,
2881 2867 3195 2933 sapientiam
3254 2876 3517 2935 prwstans

1932 2960 2191 3029 parvulis.
2247 2958 2380 3014 Fide
2440 2960 2604 3030 digna
2636 2960 2910 3014 sunthaec
2979 2959 3293 3014 testimonia
3339 2963 3519 3031 :quia

261 3059 496 3128 ἡλικίαν,
524 3059 714 3131 ὥσπερ
739 3062 831 3113 τδν
856 3060 1080 3129 Δανιὴλ,
1117 3059 1211 3111 καὶ
1244 3058 1371 3119 τοὺς
1413 3058 1535 3110 κατ’
1569 3055 1762 3118 αὑτὸν,
1801 3055 1825 3124 ἦ

1933 3066 1961 3104 a
1996 3051 2226 3104 Domino
2249 3060 2377 3104 sunt
2417 3066 2431 3102 :
2466 3049 2726 3104 Parvulos
2785 3061 2964 3104 autent
3016 3050 3100 3104 vel
3155 3057 3316 3105 aetate
3359 3052 3516 3116 dicit,

259 3153 402 3205 κατὰ
427 3153 671 3222 ἀμαθίαν
698 3152 1052 3223 ἀνθρωπίνης
1085 3151 1302 3220 σοφίας,
1333 3150 1364 3220 ἢ
1400 3147 1541 3202 κατὰ
1571 3146 1831 3199 ἀκακίαν.

1930 3144 2394 3215 quemadmodum
2421 3143 2668 3196 videmus
2703 3143 2980 3196 accidisse
3035 3142 3090 3196 in
3150 3142 3342 3196 Daniel
3398 3141 3512 3213 [cui

256 3260 426 3314 puero
457 3246 640 3302 adhuc
668 3247 796 3302 data
819 3256 905 3303 est
933 3246 1250 3318 sapientia],
1308 3254 1404 3298 aut
1437 3245 1512 3299 ob
1572 3243 1823 3297 humana:
1863 3241 2148 3311 sapientia:
2189 3240 2575 3310 ignorantiam,
2597 3239 2882 3292 autetiam
2916 3237 2990 3291 ob
3058 3252 3330 3292 summam
3383 3239 3518 3294 sim-

257 3344 576 3413 plicitatem.
609 3342 900 3414 [Omnibus
925 3344 1070 3397 enim
1105 3346 1188 3398 his
1235 3342 1412 3397 modis
1441 3341 1702 3410 parvulus
1752 3341 1876 3409 quis
1913 3339 2020 3393 dici
2056 3346 2259 3406 potest.

331 3437 408 3487 Τὰ
440 3432 803 3503 δικαιώματα
865 3431 1106 3500 Κυρίου,
1151 3431 1331 3486 εὐθέα
1355 3469 1370 3494 ,
1432 3433 1825 3499 εὐφραίνοντο

2017 3425 2185 3481 Vlns.
2218 3427 2270 3480 9.
2295 3425 2716 3494 Justiﬁcationes
2745 3422 2954 3477 Domini
2981 3431 3156 3486 recite,
3187 3422 3527 3492 lwtiﬁcantes

255 3523 530 3591 καρδίαν.
563 3524 749 3592 Μηδὲν
780 3522 993 3576 σκολιὸν
1040 3523 1256 3591 ἔχοντα,
1311 3522 1515 3590 μᾶλλον
1564 3522 1687 3573 νοῦν
1735 3521 1825 3574 καὶ

1939 3519 2126 3573 corda.
2177 3517 2322 3572 Nihil
2372 3526 2681 3572 tortuosum
2736 3525 2836 3571 aut
2900 3515 3183 3585 obliquum
3246 3515 3445 3572 habent
3496 3530 3512 3569 :

255 3617 342 3669 διὰ
371 3617 465 3669 τοῦ
497 3616 773 3670 διδάσκειν
797 3616 894 3677 τὰς
924 3616 1105 3678 αἰτίας
1136 3614 1524 3684 εὐφραίνοντα.
1555 3615 1625 3666 Ἦ
1648 3614 1828 3679 εὐθέα,

257 3709 329 3770 ὡς
360 3708 660 3777 εὐθύτητος
688 3707 1024 3777 δημιουργά.

322 3970 435 4024 Καὶ
492 3970 712 4036 ἐντολὴ
776 3970 1028 4037 Κυρίου,
1088 3969 1436 4037 τηλαυγὴς,
1495 3965 1830 4036 φωτίζουσα

252 4063 625 4131 ὀφθαλμούς.
657 4062 798 4124 Τοὺς
817 4062 913 4130 τῆς
945 4060 1144 4130 ψυχῆς·
1174 4061 1240 4112 δι’
1267 4059 1446 4112 αὐτῶν
1472 4059 1551 4124 δὲ,
1581 4061 1676 4112 καὶ⁹
1702 4059 1828 4120 τοὺς

251 4153 348 4207 τοῦ
382 4153 661 4224 σώματος·
681 4151 828 4205 ’ὥστε
857 4153 935 4223 μὴ
967 4152 1178 4222 βαίνειν
1207 4151 1326 4204 ὁδὸν
1367 4151 1632 4221 πονηράν.

328 4332 401 4388 ὀ
446 4335 632 4403 φόϐος
659 4331 878 4398 Κυρίου
927 4331 1133 4399 ἁγνός.
1189 4328 1303 4398 (-75)
1339 4327 1534 4396 Ἀγνὺς
1570 4325 1693 4396 μὲν,
1747 4327 1829 4379 ὅτι

248 4427 396 4494 μετὰ
435 4424 706 4493 κάθαρσιν
723 4422 1057 4488 ἐπιγίνεται·
1088 4419 1361 4486 διαμένων
1389 4418 1468 4483 δὲ,
1499 4418 1584 4470 ὅτι
1618 4417 1828 4481 ἐκεῖνος

251 4517 355 4584 μὲν
424 4519 556 4586 ἄχρι
608 4513 930 4584 καθάρσεως
980 4511 1200 4581 φθάνων
1252 4508 1573 4563 ἐκϐάλλεται
1608 4509 1697 4562 διὰ
1733 4511 1825 4580 τῆς

245 4608 495 4677 ἀγάπης.
535 4601 704 4666 Οὗτο;
731 4603 785 4657 δὲ
813 4601 1212 4672 ἁντεισαχθεὶς,
1245 4601 1660 4664 συνδιαιωνίζει.

1932 3611 2178 3679 quiuimo
2225 3623 2437 3664 summa
2489 3609 2766 3662 hominem
2833 3605 3019 3660 lmtitia
3080 3602 3506 3666 aﬂiciunt,dum

1934 3717 2134 3756 Causas
2167 3701 2390 3754 dot-ent.
2421 3697 2518 3752 Vel
2571 3709 2752 3752 rectas
2805 3697 3042 3766 appellat
3087 3695 3513 3764 justilicationes

1937 3791 2173 3856 Domini,
2202 3792 2362 3860 quasi
2393 3805 2516 3858 quae
2551 3788 2941 3843 rertitudinem
2984 3788 3039 3840 in
3073 3786 3332 3840 omnibus
3375 3797 3512 3852 ope-

1932 3890 2146 3934 rantur.

2007 3969 2332 4039 Prwceptunt
2393 3969 2603 4024 Domini
2640 3968 2892 4033 lucidum,
2951 3965 3266 4020 illuminam
3306 3963 3508 4018 oculos.

1934 4060 2145 4114 Anima:
2179 4063 2374 4116 oculos
2419 4061 2664 4131 intelligo
2698 4074 2796 4127 per
2853 4073 2992 4128 quos
3046 4055 3296 4127 corporis
3342 4057 3508 4111 etiam

1935 4152 2131 4207 oculos
2184 4151 2567 4207 illuminabit:
2613 4152 2688 4205 ita
2723 4158 2780 4204 ut
2835 4163 2934 4218 per
2990 4162 3184 4218 pravas
3235 4147 3352 4203 vias
3395 4159 3510 4202 non

1933 4245 2217 4300 incedant.

2004 4337 2171 4392 Vens.
2224 4338 2310 4392 10.
2352 4337 2531 4392 Timor
2572 4335 2787 4390 Domini
2820 4333 3065 4396 mundus,
3111 4346 3420 4400 permanens
3450 4331 3508 4383 in

1929 4430 2177 4482 swculum
2209 4428 2409 4482 menti.
2441 4425 2678 4482 Mundus
2708 4423 2876 4479 veluti
2940 4423 3033 4492 qui
3091 4421 3340 4477 accusari
3395 4435 3504 4476 non

1933 4523 2128 4590 possit,
2153 4531 2248 4575 aut
2296 4518 2620 4587 vituperari.
2653 4515 2940 4571 liumanus
2969 4513 3113 4568 enim
3145 4515 3307 4568 timor
3338 4527 3505 4568 accu-

1931 4612 2041 4664 sari
2091 4612 2232 4664 solet
2275 4596 2346 4664 ct
2381 4607 2807 4677 pusillanimitas
2863 4606 3188 4675 appellatur.
3223 4603 3502 4659 Timorem

244 4711 436 4756 autem
475 4703 566 4755 hic
598 4717 720 4755 eum
751 4698 1001 4770 intelligit
1060 4698 1322 4768 propheta
1375 4697 1466 4767 qui
1507 4697 1886 4767 perfectiorem
1928 4702 2202 4760 hominem
2243 4705 2442 4768 reddit,
2480 4704 2684 4774 quique
2723 4717 2896 4773 purus
2946 4709 3027 4754 est
3077 4714 3142 4752 ac
3192 4697 3430 4754 mundus
3485 4715 3498 4753 :

250 4814 422 4866 quem
448 4798 668 4868 quoties
697 4797 820 4864 quis
867 4796 1054 4860 habet,
1099 4809 1127 4846 a
1164 4793 1544 4847 benevolentia
1581 4791 1674 4846 Dei
1711 4809 1992 4865 nunquam
2018 4801 2244 4855 excidit.

324 4894 626 4959 Διαμένων
650 4894 737 4956 εις
754 4888 939 4943 ultima
965 4887 1198 4951 αἰῶνος.
1238 4887 1426 4954 Ἀγνὸς
1452 4888 1528 4950 ὼς
1579 4887 1822 4959 καθαρὸς

1994 4892 2225 4949 initialis
2297 4904 2475 4948 autem
2550 4891 2711 4945 timor
2769 4887 3006 4942 mundus
3053 4900 3161 4942 non
3216 4893 3321 4947 est.
3369 4885 3499 4954 quia

254 4981 505 5054 διαϐολῆς
533 5000 545 5013 ·
597 4985 626 5035 ὁ
655 4982 762 5052 γὰρ
815 4977 1158 5051 ἀνθρώπινος
1193 4979 1356 5048 φόϐος
1430 4978 1780 5050 διαϐέϐληται
1806 5023 1819 5047 ,

253 5075 426 5131 δειλία
476 5074 831 5146 καλούμενος.
876 5073 945 5126 Ἥ
973 5072 1139 5142 φόϐον
1169 5070 1402 5124 ἐνταῦθα
1427 5070 1518 5124 τὸν
1543 5071 1823 5126 τελειωτι-

259 5169 355 5219 nov
381 5169 548 5236 λέγει,
579 5168 637 5228 ὃς
686 5166 845 5235 μόνος
885 5166 1002 5217 ἐστὶ
1032 5162 1292 5232 καθαρὸς,
1326 5163 1414 5216 διὰ
1449 5163 1608 5233 μόνον
1639 5164 1701 5215 τὸ
1745 5164 1820 5233 μὴ

255 5257 509 5312 ἐκπεσεῖν
562 5257 662 5324 τῆς
700 5255 795 5309 τοῦ
852 5254 990 5308 Θεοῦ
1023 5254 1350 5318 οίκειὼσεως
1404 5255 1817 5325 συνιστάμενος.

309 5438 356 5467 ⁸⁸
384 5435 530 5492 Psal.
555 5450 678 5490 xmv
727 5433 783 5487 3.
845 5434 890 5465 ⁵⁷
913 5431 1142 5501 Philipp.
1191 5446 1251 5495 tt,
1287 5429 1374 5482 10.

1926 5001 1995 5042 ex
2028 4987 2270 5055 propriis
2309 4984 2558 5040 nascitur
2622 4981 2886 5051 peccatis.
2944 4976 3042 5032 Vel
3093 4980 3330 5033 mundus
3375 4978 3497 5030 ideo

1928 5077 2128 5130 dicitur
2170 5076 2260 5130 hic
2319 5077 2503 5136 timor.
2555 5074 2681 5144 quia
2741 5071 3027 5128 munditia:
3078 5078 3164 5124 est
3220 5083 3407 5129 causa,
3444 5077 3499 5121 et

1929 5165 2165 5221 mundos
2189 5165 2439 5220 homines
2474 5164 2676 5219 reddit.
2725 5163 3020 5236 [Praeterea
3076 5159 3178 5212 alia
3217 5166 3302 5213 est
3334 5157 3497 5223 hujus

1928 5259 2142 5316 timoris
2172 5258 2239 5313 ad
2269 5259 2406 5313 alios
2433 5241 2744 5314 diﬂere‘ntia
2812 5273 2826 5309 :
2867 5256 3140 5310 humanus
3177 5250 3359 5314 timor,
3397 5257 3495 5304 aut

1559 5543 1617 5604 Ὗ
1631 5540 1776 5603 ariae
1809 5539 2134 5604 lectiones.

325 5651 384 5723 (Ἰ
399 5652 443 5723 Ι)
471 5656 554 5709 ia’.
587 5649 1041 5723 καμφθείιιιιοντςιλ.⁸
1163 5715 1174 5723 ι
1195 5681 1202 5684 .

327 5715 447 5794 (ἷῖ)
483 5715 931 5783 Δάύρηὶίιιιιιέίς,
962 5716 1045 5772 γει
1072 5715 1227 5786 πρός,

1930 5707 1951 5762 ι
2007 5638 2121 5708 (75)
2153 5636 2282 5692 Haec
2320 5636 2534 5694 inverso
2561 5632 2752 5689 ordine
2781 5631 2982 5700 legisse
3023 5625 3237 5684 videtur
3266 5626 3494 5685 Latinus

1957 5719 2228 5762 ttternrcs.

1957 5723 2228 5779 tttcrprcs.
