4054 6210
541 290 652 357 263

1836 288 2228 355 EUTHYMII
2272 288 2641 358 ZlGABENI

3718 292 3823 361 284

545 417 709 478 pacto
745 405 793 461 ei
832 404 1003 459 locuti
1037 415 1193 471 sunt,
1245 402 1495 460 dicentes
1542 418 1559 457 :
1590 401 1715 457 Dies
1769 403 2131 460 tribulationis

2244 406 2336 461 τοῦ
2371 408 2510 479 πρὸς
2563 410 2811 478 Ἡσαΐαν,
2866 412 3040 476 οὕτως
3091 412 3417 482 εἰρήκασιν
3458 409 3669 481 Ἡμέρα
3698 414 3823 471 θλί-

546 512 705 570 atqae
729 499 1029 568 improperii
1064 498 1131 552 ⁸⁵.

620 592 874 661 Protegat
932 601 980 644 te
1034 608 1225 645 nomen
1278 590 1377 646 Dei
1404 590 1596 647 Iacob.
1628 593 1786 658 Quod
1828 591 1953 661 negl
1989 600 2137 645 ctum

547 680 712 731 modo
752 688 857 744 est,
905 690 959 734 et
994 679 1434 751 blasphematum
1466 682 1533 736 ab
1586 683 1850 754 Assyriis.
1891 681 2139 736 Meminit

548 782 732 824 autem
772 771 1103 840 patriarcha:
1133 771 1328 839 Iacob,
1364 773 1493 840 quia
1520 784 1572 829 et
1599 773 1763 828 illein
1797 778 2011 845 magnis
2040 791 2137 829 ca-

549 862 894 917 lamitatibus
941 875 1197 920 versatus
1232 873 1320 919 est
1356 874 1411 920 et
1446 866 1733 936 periculis,
1770 874 1825 923 et
1859 870 1928 921 ab
1959 867 2139 923 omni-

547 956 653 1011 bus
692 956 909 1010 tandem
953 959 1044 1013 Dei
1082 958 1288 1013 auxilio
1317 959 1608 1015 liberatus.

621 1048 786 1103 Vsus.
821 1051 877 1104 5.
916 1049 1139 1105 Emittet
1163 1051 1261 1105 tibi
1294 1052 1559 1105 auxilium
1613 1052 1677 1107 de
1736 1065 1947 1109 sancto.
1998 1053 2141 1108 San-

546 1148 723 1201 ctum,
751 1140 1013 1209 templum
1044 1141 1396 1212 appellabant
1418 1144 1654 1214 antiqui,
1676 1145 1821 1214 quod
1844 1146 2139 1200 adventare

548 1226 681 1281 illuc
716 1227 881 1282 Deum
912 1232 1238 1286 credebant.

618 1317 689 1371 Et
719 1320 785 1374 tle
818 1319 951 1375 Sion
984 1331 1202 1376 tueatur
1234 1335 1302 1380 te.
1340 1325 1499 1381 Mons
1536 1324 1670 1381 Sion
1702 1325 1993 1381 dedicatus
2018 1334 2139 1381 erat

544 1407 800 1467 Domino.
830 1412 894 1467 Et
933 1429 1132 1470 sensus
1167 1429 1252 1471 est
1289 1434 1302 1471 :
1341 1418 1485 1473 Deus
1509 1419 1602 1489 qui
1645 1419 1853 1474 habitat
1896 1420 1951 1473 in
1981 1419 2135 1483 Sion,

544 1501 697 1557 illinc
722 1507 903 1559 veniet
936 1506 985 1558 in
1021 1508 1284 1562 auxilium
1321 1519 1497 1564 tuum.

621 1593 785 1650 Vsus.
809 1597 863 1650 4.
895 1595 1105 1653 Memor
1126 1600 1195 1653 sit
1230 1603 1404 1655 omnis
1424 1604 1684 1671 sacriﬁcii
1712 1604 1811 1656 tui.
1840 1601 2135 1667 Quodcun-

2238 503 2397 569 ψεως
2424 501 2522 556 καί
2558 504 2824 574 όνειδισρ
2834 504 2927 560 οῦ.

2328 594 2769 664 ’Υπερασπίσαι
2798 606 2915 651 σου
2954 598 3020 650 τὸ
3054 597 3245 667 ὄνομα
3285 596 3393 651 τοῦ
3420 598 3570 652 Θεοῦ
3607 598 3821 654 Ἰακώϐ.

2241 685 2315 738 Τὸ
2348 687 2707 752 ὲξουδενωθὲν
2744 690 2840 741 καὶ
2875 688 3133 759 ὑϐρισθὲν
3194 688 3299 741 ὑπὸ
3334 688 3443 740 τῶν
3480 689 3782 758 Ἀσσυρίων
3805 706 3818 721 ⁸

2239 778 2332 830 τοῦ
2370 778 2563 833 Ἰακώϐ
2580 779 2638 833 δὲ
2664 780 3091 849 ἐμνημόνευσεν,
3111 780 3185 840 ὡ;
3215 779 3468 833 κάκείνου
3495 784 3819 851 πειρασμοῖς

2221 868 2600 942 ’ὁμιλήσαντος
2660 872 2917 942 μεγάλοις
2964 873 3059 925 καὶ
3110 872 3321 941 φόϐοις,
3376 872 3469 925 καὶ
3530 871 3822 943 ρυσϐέντος

2239 963 2460 1016 πάντων
2496 963 2586 1016 διὰ
2620 963 2781 1017 Θεοῦ.

2312 1057 2775 1121 Ἔξαποστείλαι
2804 1072 2901 1113 σοι
2920 1056 3212 1123 ,ϐοήθειαν
3230 1058 3300 1123 ἐξ
3318 1058 3518 1128 ἁγίου.
3550 1059 3740 1126 ’Δγιον
3790 1060 3818 1112 6

2241 1149 2365 1213 ναὸς
2390 1150 2728 1221 ὠνομάζετο,
2750 1152 2809 1204 ὸν
2830 1147 2873 1220 ᾧ
2906 1153 3100 1222 φοιτᾷν
3127 1151 3418 1205 ἐπίστευον
3444 1152 3538 1204 τὸν
3574 1150 3726 1206 θεόν.

2310 1322 2418 1376 Kal
2446 1322 2515 1376 ἐκ
2550 1323 2707 1377 Σιὼν
2764 1324 3144 1379 ἀντιλάϐοιτό
3172 1339 3313 1378 σου.
3351 1323 3411 1376 Ἢ
3444 1323 3583 1376 Σιὼν
3611 1322 3719 1394 γὰρ
3746 1321 3821 1391 τῷ

2238 1414 2357 1483 Θεῴ
2386 1415 2664 1468 ἀνέκειτοσ
2695 1419 2723 1469 6
2772 1416 2926 1481 Θεὸς,
2986 1419 3013 1470 6
3051 1418 3108 1469 ὲν
3142 1420 3208 1488 τῇ
3266 1414 3405 1469 Σιὼν
3440 1414 3539 1481 ὢν,
3572 1414 3629 1480 ἐξ
3655 1415 3825 1483 αὑτῆς

2238 1507 2390 1560 κινού
2399 1526 2580 1577 μενος,
2622 1508 2892 1580 βοηθήσοι
2918 1528 2999 1563 σοι

2308 1602 2622 1669 Μνησθειή
2664 1581 3138 1670 πάσηςηὶυσίας
3155 1619 3298 1658 σου.
3338 1603 3440 1659 Ἦν
3464 1604 3521 1655 ἑν
3551 1602 3629 1674 τῷ
3649 1602 3825 1672 καιρῷ

544 1699 654 1753 que
690 1688 907 1743 scilicet
941 1692 993 1744 in
1021 1693 1172 1761 pacis
1206 1703 1453 1761 tempore
1490 1704 1550 1748 ut
1588 1696 1711 1765 pius
1746 1709 1810 1749 ac
1844 1695 2131 1765 religiosus

2244 1692 2338 1761 τῆς
2372 1695 2594 1763 εἰρήνης
2633 1696 2929 1765 προσῆγες,
2967 1695 3385 1760 θεοσεϐέστατος
3410 1694 3508 1751 ὧν.

543 1778 593 1829 ci
629 1778 908 1834 obtuliSIi.

623 1870 691 1923 Et
732 1872 1101 1927 holocaustum
1136 1882 1286 1926 tuum
1342 1876 1535 1945 pingue
1585 1876 1699 1945 ﬁat.
1734 1876 1838 1931 Per
1872 1877 2137 1933 holocau-

546 1973 694 2018 stum
728 1963 1009 2016 victimam
1062 1965 1339 2033 intelligit,
1367 1981 1534 2035 quam
1566 1975 1733 2020 totam
1788 1977 1955 2038 atque
1996 1970 2137 2024 inte-

541 2068 695 2124 gram
724 2064 841 2107 erat
879 2054 1193 2110 oblaturus.
1226 2056 1374 2121 llarc,
1418 2058 1615 2126 inquit,
1652 2060 1872 2113 victima
1907 2063 2137 2131 pingue-

539 2155 681 2199 scat.
713 2145 832 2200 Fiet
857 2157 1042 2200 autem
1076 2147 1316 2218 pinguis,
1348 2149 1391 2203 si
1425 2150 1594 2205 libera
1627 2153 1676 2205 ei
1711 2166 1914 2221 pascua
1949 2156 2136 2209 dimit-

542 2246 752 2303 tantur,
791 2239 941 2308 quod
972 2238 1099 2302 erit,
1134 2240 1405 2294 dissoluta
1434 2241 1745 2297 obsidione.
1770 2242 1872 2300 Per
1899 2247 2133 2302 victima:

541 2330 730 2399 itaque
782 2330 1197 2400 pinguedinem,
1235 2331 1551 2388 obsidionis
1585 2336 1750 2388 etiam
1807 2336 2133 2395 dissolutio-

541 2436 668 2475 nem
732 2421 848 2475 tieri
886 2429 1062 2487 Optat.
1106 2420 1225 2487 Vel,
1262 2423 1580 2493 piugueﬁat,
1631 2424 1734 2479 boe
1778 2436 1885 2494 est,
1928 2429 2129 2500 pingue

540 2522 833 2583 reputetur
866 2524 921 2567 et
952 2522 1266 2584 acceptum.
1307 2515 1711 2571 Holocaustum
1747 2516 1936 2575 Graeca
1963 2523 2132 2577 dictio

539 2616 647 2671 est,
680 2622 747 2660 ex
783 2607 1026 2661 nominis
1065 2609 1396 2678 etymologia
1454 2609 1534 2664 sic
1566 2610 1798 2677 dictum,
1836 2616 1982 2685 quod
2044 2627 2127 2672 to-

541 2711 657 2753 tum
702 2700 1079 2754 comburatur.
1100 2698 1511 2755 Sacriﬁciorum
1532 2705 1676 2757 enim
1723 2705 1829 2760 alia
1863 2708 2129 2777 totaliter,

539 2786 645 2838 alia
683 2798 866 2840 autem
902 2790 956 2841 iu
990 2800 1154 2858 parte
1184 2790 1690 2848 comburebantur:
1726 2796 1894 2850 veluti
1936 2813 2129 2854 omen-

542 2886 686 2940 tum,
711 2892 898 2942 renes,
933 2888 989 2933 et
1016 2879 1208 2951 adeps,
1240 2891 1296 2935 et
1345 2883 1452 2937 alia
1483 2882 1825 2954 huiusmodi,
1861 2898 1919 2942 ut
1960 2891 2128 2945 babe-

542 2977 632 3022 tur
669 2968 723 3023 in
758 2967 1020 3026 Levitico.

2308 1869 2418 1924 Kal
2454 1870 2521 1923 τὸ
2576 1871 2969 1940 ὁλοκαύτωμὰ
3017 1889 3135 1926 σου
3174 1873 3463 1927 «tardem.
3510 1876 3576 1928 Ὃ
3612 1875 3827 1946 μέλλεις

2237 1964 2631 2033 προσενεγκεῖν
2690 1964 2768 2025 είς
2834 1964 3220 2034 ὁλοκὰρπωσιν
3287 1964 3456 2035 θῦμα,
3528 1965 3821 2035 πιανθείηο

2236 2054 2602 2124 πιανῡήσεται
2642 2054 2722 2118 δὲ,
2757 2055 2931 2125 νομῆς
2962 2055 3259 2125 ἐλευθέρας
3296 2055 3593 2111 ἀπολαῦον.
3626 2057 3822 2109 Ἔσται

2234 2146 2292 2200 δὲ
2320 2147 2498 2210 τοῦτο,
2525 2146 2785 2217 λυθείσης
2820 2148 2951 2201 ποτὲ
3000 2147 3102 2218 τῆς
3155 2148 3476 2219 πολιορκίας
3501 2164 3515 2178 °
3551 2148 3693 2202 ὥστε
3734 2143 3825 2201 διὰ

2234 2241 2333 2307 τῆς
2356 2238 2612 2308 πιότητος
2630 2239 2723 2292 τοῦ
2758 2238 3022 2309 θύματος,
3054 2240 3153 2310 τὴν
3178 2240 3334 2294 λύσιν
3363 2242 3467 2310 τῆς
3500 2241 3819 2311 πολιορκίας

2236 2332 2268 2398 ή
2304 2328 2438 2399 εὐχὴ
2472 2329 2746 2399 βούλεται.
2770 2330 2838 2383 Ἢ
2868 2330 3161 2395 Πιανάτω,
3181 2332 3302 2385 ἀντὶ
3330 2330 3447 2395 τοῦ,
3478 2331 3625 2385 Πῖον
3675 2332 3825 2401 ήγηι

2234 2416 2464 2482 σάσθω,
2499 2418 2593 2471 καὶ
2621 2418 3007 2474 εὐαπόδεκτον.
3039 2422 3433 2491 Ὀλοκαύτωμα
3463 2422 3520 2475 δὲ
3546 2422 3820 2487 ἐκαλεῖτο,

2232 2508 2368 2561 διότι
2397 2510 2519 2563 ὅλον
2552 2511 2771 2564 ἐκαίετο
2793 2527 2806 2541 ·
2862 2514 2958 2565 καὶ
2995 2513 3103 2584 γὰρ
3138 2514 3245 2567 τῶν
3275 2514 3536 2583 Θυμάτων
3584 2514 3650 2568 τὰ
3720 2514 3823 2584 μὲν

2231 2600 2639 2656 ὼ).οκαυτοῦντο
2660 2619 2673 2632 ⁸
2724 2604 2834 2657 τῶν
2860 2604 2917 2657 δὲ
2972 2605 3136 2676 μόριά
3169 2623 3290 2659 τινα
3320 2607 3664 2670 κατεκαίετο,
3702 2609 3828 2659 snio

2232 2692 2423 2756 πλους,
2451 2697 2545 2747 καὶ
2569 2696 2781 2765 νεφροὶ,
2818 2695 2912 2749 καὶ
2934 2697 3121 2769 στέαρ,
3150 2698 3246 2752 καὶ
3281 2697 3415 2751 ἄλλα
3439 2696 3685 2764 τοιαῦτα,
3724 2715 3825 2750 καθ

2234 2783 2341 2847 Orio;
2370 2785 2432 2838 τὸ
2463 2786 2750 2841 Λευιτικὸν
2780 2788 3005 2856 ἐδίδαξε.

619 3058 781 3116 Vnus.
804 3062 857 3117 ὃ.
881 3061 1099 3120 Tribuat
1126 3068 1223 3123 tibi
1255 3069 1510 3126 Dominus
1537 3073 1824 3127 secundum
1843 3090 1935 3129 cor
1957 3084 2128 3132 tuum.

2305 3056 2432 3124 Δώη
2452 3071 2554 3110 σοι
2596 3057 2813 3125 Κύριος
2863 3056 3014 3111 κατὰ
3039 3056 3155 3125 τὴν
3177 3057 3434 3127 καρδίαν
3477 3070 3614 3111 σου.
3647 3055 3739 3120 Ὠς
3786 3058 3822 3127 ή

544 3148 614 3205 lit
649 3164 920 3209 cortuunt
955 3168 1131 3228 optat.
1180 3162 1291 3217 Cor
1321 3175 1507 3219 autem
1541 3166 1816 3237 Propheta
1855 3182 2001 3237 smpe
2036 3183 2134 3238 po-

540 3244 624 3299 nit
666 3262 765 3316 pro
792 3249 999 3316 anima,
1036 3266 1104 3306 eo
1129 3255 1275 3323 quod
1317 3271 1429 3325 prae
1453 3260 1672 3315 caeteris
1696 3260 1819 3315 aliis
1870 3261 2133 3317 membris

538 3345 640 3384 cor
681 3333 750 3386 ab
784 3335 966 3389 anima
1001 3339 1327 3408 inspiretur.
1363 3343 1455 3398 Sic
1482 3346 1647 3401 etiam
1667 3348 1798 3402 alibi
1835 3350 2129 3420 accipitur:

537 3421 645 3477 Cor
674 3442 847 3480 meum
872 3438 921 3482 et
945 3446 1072 3485 caro
1113 3450 1227 3488 mea
1268 3438 1670 3494 exsultaverunt
1729 3442 1782 3495 in
1837 3441 2005 3497 Deum
2056 3446 2135 3498 vi.

540 3522 738 3566 t-enlem
748 3554 761 3569 .

622 3604 691 3658 Et
728 3624 879 3663 omne
902 3613 1184 3667 consilium
1238 3625 1390 3669 tuum
1456 3620 1692 3688 impleat.
1751 3620 2132 3698 Quodcunque

539 3699 759 3755 scilicet
788 3715 1000 3759 rectum
1032 3723 1095 3761 ac
1132 3708 1349 3778 justum
1387 3712 1577 3769 fuerit.

614 3789 780 3848 Vsus.
812 3796 865 3849 6.
892 3795 1227 3853 La’tabintur
1253 3802 1307 3857 in
1335 3806 1565 3860 salutari
1630 3817 1740 3863 tuo.
1801 3808 2126 3883 Speremus,

536 3882 733 3951 inquit,
774 3889 918 3955 quod
945 3887 1088 3946 Deus
1124 3907 1279 3948 suam
1316 3896 1389 3950 ob
1425 3882 1959 3969 clementiam,etob
1980 3916 2127 3961 tuam

536 3974 899 4040 probitatem,
944 3983 1293 4049 praestiturus
1325 3987 1426 4041 tibi
1462 3990 1535 4043 sit
1560 3991 1821 4057 salutem,
1849 4002 2009 4063 teque
2046 3998 2132 4050 in-

536 4067 909 4135 superabilem
929 4070 1273 4139 redditurus,
1293 4092 1402 4146 quo
1431 4079 1698 4137 beneflcio
1721 4091 1776 4139 et
1814 4100 1917 4141 nos
1947 4096 2127 4143 tecum

536 4158 746 4225 pariter
769 4159 1035 4218 fruemur.

616 4248 684 4302 Et
715 4252 768 4304 in
837 4256 1048 4309 nomine
1090 4257 1189 4313 Dei
1223 4262 1393 4315 nostri
1452 4266 1934 4336 magniﬁcabimur.
1991 4266 2127 4325 Nam

2236 3149 2436 3220 καρδία
2475 3166 2571 3202 σου
2632 3150 2905 3219 βούλεται.
2950 3150 3195 3221 Καρδίαν
3239 3151 3292 3203 δὲ
3328 3149 3428 3222 τήν
3480 3150 3661 3220 ψυχὴν
3687 3151 3825 3203 πολ-

2235 3241 2393 3305 λάκις
2420 3244 2446 3295 6
2468 3242 2763 3313 Προφήτης
2794 3243 2965 3310 λέγει,
3002 3244 3091 3296 διὰ
3116 3244 3176 3295 τὸ
3206 3241 3439 3313 ὲξῆφθαι
3466 3241 3671 3311 ταύτην
3718 3242 3825 3309 τῆς

2233 3334 2434 3405 ψυχῆς,
2466 3335 2703 3405 μάλιστα
2751 3334 2859 3387 τῶν
2887 3334 3065 3389 ἄλλων
3106 3335 3307 3405 μελῶν,
3345 3333 3421 3397 ὡς
3450 3335 3510 3387 τό
3530 3350 3543 3363 ⁶
3590 3333 3652 3384 Ἦ
3681 3350 3827 3403 καρ-

2233 3429 2319 3481 δία
2356 3444 2457 3496 μοιδ
2511 3429 2603 3481 καὶ
2655 3430 2687 3497 ή
2726 3427 2863 3499 σάρξ
2911 3445 3013 3499 μου
3084 3428 3489 3497 ἡγαλλιάσαντο
3540 3428 3635 3480 ἐπὶ
3680 3425 3821 3480 Θεὸν

2235 3521 2434 3586 ζῶντα.

2302 3614 2411 3669 Kal
2445 3613 2654 3669 πᾶσαν
2683 3613 2798 3681 τὴν
2822 3613 3071 3680 βουλήν
3113 3630 3229 3667 σου
3267 3612 3606 3682 πληρώσαι.
3651 3614 3827 3679 Ἀγα-

2235 3705 2336 3776 Οὴν
2363 3707 2459 3759 καὶ
2492 3706 2709 3761 δικαίαν
2740 3703 2928 3762 οὖσαν.

2307 3798 2367 3852 Ἀ
2378 3800 2822 3868 γαλλιασόμεθα
2842 3798 2941 3852 ἐπὶ
2982 3796 3062 3863 τῷ
3082 3798 3352 3867 σωτηρίῳ
3376 3814 3514 3853 σου,
3544 3796 3827 3850 “ancilla-

2236 3911 2336 3964 μεν
2373 3895 2453 3948 ὅτι
2476 3894 2564 3947 διὰ
2591 3892 2689 3963 τήν
2725 3893 2889 3946 αὐτοῦ
2920 3895 3288 3963 χρηστότητα,
3330 3891 3427 3946 καὶ
3452 3892 3551 3967 τήν
3576 3891 3677 3960 σὴν
3718 3906 3831 3944 κα-

2231 3988 2543 4057 λοκαρδίαν,
2575 3987 2604 4039 6
2641 3986 2772 4048 Θεὸς
2797 3986 2892 4057 τὴν
2924 3986 3198 4057 σωτηρίαν
3230 3986 3466 4054 ποιήσει,
3510 3984 3603 4038 καὶ
3646 3986 3830 4037 ἀκατα

2232 4081 2533 4149 αγὼνιστον
2564 4080 2717 4149 θήσει
2743 4094 2823 4142 σε,
2862 4074 2931 4150 ἧς
2963 4081 3055 4132 καὶ
3084 4080 3245 4149 ἡμεῖς
3272 4079 3672 4145 ἀπολαύσομεν.

2313 4256 2419 4312 Ἕν
2448 4256 2526 4323 τῷ
2575 4258 2819 4327 ὀνόματι
2860 4258 3084 4327 Κυρίου
3116 4257 3266 4313 Θεοῦ
3300 4257 3470 4328 ἡμῶν
3511 4261 3825 4328 narrum"

534 4339 583 4395 si
610 4340 861 4399 inimicos
900 4346 1044 4401 Deus
1098 4354 1361 4417 conterit,
1391 4353 1764 4413 formidabilis
1790 4361 1953 4413 etiam
2022 4366 2129 4417 erit

2244 4351 2560 4420 9ησόμεθα.
2590 4352 2649 4403 Ei
2676 4352 2786 4421 γὰρ
2819 4353 3094 4422 συντρίϐει
3130 4355 3257 4408 τοὺς
3292 4352 3541 4422 ἐχθροὺς,
3582 4351 3826 4420 φοϐερὸς

539 4435 821 4501 gentibus,
850 4436 953 4490 hoc
978 4437 1098 4491 solo
1142 4443 1367 4497 nomine
1403 4444 1550 4499 Deus
1581 4446 1749 4503 Israel
1779 4450 2068 4506 invocatus
2106 4470 2123 4509 :

535 4538 635 4591 per
688 4525 839 4591 quod
889 4542 1090 4581 notuen
1135 4541 1187 4583 et
1249 4547 1352 4587 nos
1402 4539 1905 4607 magnificabimur,
1962 4542 2127 4598 veluti

534 4615 800 4668 exaudita
833 4617 1186 4677 invocatione
1238 4631 1455 4679 nostra.

609 4703 777 4762 Vens.
809 4707 860 4763 7.
885 4708 1115 4779 Impleat
1149 4715 1408 4773 Dominus
1440 4736 1617 4776 omnes
1668 4723 1946 4792 petitiones
1978 4737 2123 4785 tuas.

533 4794 784 4852 Orationi
819 4800 1088 4859 insistunt
1131 4819 1185 4863 et
1225 4811 1505 4879 precibus,
1551 4816 1621 4871 ob
1678 4817 1994 4876 diuturnam
2060 4838 2125 4879 ac

534 4897 886 4989 constantem
952 4901 1346 4958 contritionem
1400 4915 1567 4978 atque
1614 4909 1978 4968 humilitatem
2041 4931 2126 4970 re-

602 5072 762 5129 Nunc
784 5084 1000 5151 cognovi
1031 5087 1284 5153 quoniam
1306 5090 1511 5145 saluum
1533 5094 1656 5161 fecit
1688 5094 1944 5151 Dominus
1967 5099 2123 5154 Chri-

530 5175 872 5227 stumsuum.
906 5174 1033 5232 lla-c
1074 5184 1233 5248 quasi
1259 5182 1326 5236 ab
1350 5200 1686 5255 unoquoque
1739 5204 1926 5244 eorum
1989 5204 2121 5250 tunc

533 5262 743 5327 pariter
767 5272 1243 5336 comprecantium
1277 5274 1425 5329 dicta
1452 5284 1601 5342 sunt,
1634 5280 1967 5344 ccrtitudine
1987 5302 2093 5354 qua
2111 5318 2124 5329 -

532 5348 661 5403 dam
703 5353 902 5410 salutis
924 5357 1111 5413 habita
1143 5376 1173 5413 a
1207 5375 1402 5420 saneto
1442 5364 1672 5438 Spiritu.
1701 5372 1983 5429 Christum
2004 5348 2118 5431 uan-

533 5443 863 5526 tetn'Regem
902 5454 1142 5523 appellat
1171 5465 1227 5511 ut
1267 5468 1513 5517 unctum.

605 5537 871 5599 Exaudict
896 5546 1047 5606 illum
1086 5551 1151 5606 de
1174 5555 1304 5611 coelo
1334 5566 1520 5615 sancto
1547 5576 1667 5617 suo.
1689 5560 1747 5618 ln
1785 5563 1928 5620 coelo
1952 5563 2113 5621 habi-

602 5722 652 5756 ⁸⁸
687 5727 800 5783 lsa.
838 5746 1044 5802 xxxvu,
1082 5736 1139 5794 5.

2232 4446 2384 4498 ἔσται
2415 4449 2522 4508 τοῖς
2570 4444 2772 4512 ἔθνεσι,
2812 4446 2907 4499 καὶ
2945 4446 3106 4515 μόνον
3155 4445 3560 4515 ὀνομαζόμενος
3595 4446 3624 4497 6
3677 4444 3826 4509 Θεὸς

2226 4538 2318 4590 τοῦ
2358 4538 2573 4609 Ἰσραήλ
2594 4557 2608 4571 ο
2641 4539 2728 4592 διὰ
2752 4539 2808 4591 δὲ
2842 4539 2935 4591 τοῦ
2968 4538 3213 4592 τοιούτου
3249 4539 3513 4609 ὀνόματος
3542 4539 3827 4608 καὶήμεῖς

2230 4630 2768 4701 μεγαλυνθησόμεϐα
2807 4632 3314 4702 συνεξακουόμενοι.

2296 4722 2619 4791 Πληρὼσαι
2668 4724 2886 4791 Κύριος
2939 4724 3136 4778 πάντα
3191 4725 3262 4778 τὰ
3305 4722 3603 4795 ιιίτήματά
3667 4740 3825 4779 σου.

2239 4821 2586 4890 Ἐπιμένουσι
2613 4822 2677 4891 τῇ
2708 4821 2864 4891 εὐχῇ,
2894 4821 2982 4875 διὰ
3011 4823 3113 4893 τὴν
3143 4823 3404 4894 ἐπίμονον
3424 4823 3517 4877 τοῦ
3544 4822 3831 4894 βασιλέως

2226 4912 2518 4984 συντριδὴν
2547 4914 2643 4968 καὶ
2666 4916 3023 4978 ταπείνωσιν.

2295 5094 2428 5149 Νῦν
2474 5096 2690 5166 ἔγνων,
2724 5096 2814 5151 ὅτι
2864 5098 3065 5151 ἔσωσε
3115 5099 3330 5166 Κύριος
3381 5098 3488 5153 τὸν
3550 5099 3829 5167 Χριστὸν

2224 5187 2624 5242 αὺτοῦ.Τοῦτο
2657 5188 2731 5252 ὼς
2759 5191 2852 5258 ἀφ’
2880 5190 3117 5243 ἑκάστου
3147 5192 3256 5243 τῶν
3288 5190 3621 5260 εὐχομένων,
3656 5207 3829 5260 τηνι-
3930 5210 3951 5239 ξ

2224 5282 2401 5334 καῦτα
2438 5282 2814 5353 πληροφορίαν
2850 5282 2973 5335 τινὰ
3004 5284 3317 5352 δεξαμένων
3352 5282 3502 5353 παρὰ
3523 5281 3618 5332 τοῦ
3646 5282 3821 5349 ἁγίου

2222 5376 2565 5445 Πνεύματος.
2624 5376 2859 5443 Χριστὸς
2906 5377 3012 5446 γὰρ
3067 5378 3094 5426 6
3149 5375 3430 5446 βασιλεὺς,
3474 5374 3551 5435 ὠς
3586 5374 3831 5444 χριόμε-

2218 5485 2330 5531 νος.

2287 5562 2713 5616 Ἐπακούσεται
2746 5560 2934 5616 αὑτοῦ
2970 5560 3039 5627 ἐξ
3069 5560 3332 5629 οὐρανοῦ
3392 5559 3567 5629 ἁγίου
3594 5560 3825 5620 αὑτοῦ.
