4110 6210
393 309 499 372 265

390 515 602 576 σκέαςε.
632 511 726 565 Διό
755 529 884 565 ποτε
914 512 1013 582 μὲν
1041 513 1106 565 ἐκ
1138 511 1231 565 τοῦ
1265 511 1421 577 ναοῦ,
1460 513 1591 566 ποτὲ
1623 512 1680 566 δὲ
1711 512 1769 580 ἐξ
1800 513 1970 582 οὐρα-

388 610 480 662 νοῦ
505 606 694 662 τοῦτον
724 609 1087 679 παρεκάλουν.
1129 607 1330 677 ’Δγὶου
1351 606 1430 674 δὲ,
1459 606 1554 660 τοῦ
1585 607 1971 678 ἀφωρισμένον

390 698 558 769 αὐτῷ.

459 791 564 843 Ἐν
596 787 984 855 δυναστείαις
1011 788 1050 856 ἡ
1087 789 1353 857 σωτηρία
1382 788 1494 857 τῆς
1522 786 1726 854 δεξιᾶς
1764 789 1970 846 αὑτοῦ.

404 879 491 931 Ἐν
521 879 797 951 ὑπερϐολῇ
831 880 1116 950 δυνάμεως
1159 883 1193 952 ὴ
1252 880 1405 951 παρᾶ
1460 880 1562 951 τῆς
1605 880 1758 944 θείας
1793 879 1974 944 δεξιᾶς

389 971 654 1040 γινομένη
693 973 801 1024 τινὶ
828 973 1073 1042 σωτηρία
1092 990 1105 1003 '
1139 973 1220 1027 διὸ
1258 972 1364 1044 χρὴ
1395 973 1638 1044 θαρρεῖν,
1669 973 1763 1026 καὶ
1789 972 1862 1042 μὴ
1891 972 1976 1024 δε-

392 1066 569 1118 διέναι
626 1066 726 1134 τὴν
771 1067 1038 1121 δοκοῦσαν
1095 1067 1470 1122 ἀνυπόστατον
1527 1068 1636 1122 τῶν
1697 1065 1974 1136 πολεμίων

394 1157 775 1225 παρασκευήν.

473 1364 645 1423 Οὗτοι
679 1369 749 1421 ἐν
795 1371 1038 1436 ἅρμασι,
1085 1369 1183 1424 καὶ
1208 1365 1371 1426 οὗτοι
1412 1370 1481 1424 ἐν
1510 1371 1734 1438 ἵπποις.
1777 1374 1838 1426 Οἱ
1875 1392 1972 1427 κυ-

392 1459 705 1523 κλώσαντες
735 1463 882 1530 ἡμᾶς
915 1463 974 1515 ὲν
1006 1461 1215 1532 ἅρμασι
1247 1462 1338 1516 καὶ
1369 1462 1557 1527 ἵπποις
1587 1466 1714 1531 εἰσὶ,
1755 1466 1849 1518 καὶ
1880 1483 1974 1518 πει

390 1554 643 1606 ποξθασιν
662 1572 674 1582 ·
705 1547 852 1608 οὗτοι
873 1555 926 1608 δὲ
954 1556 1049 1609 καὶ
1071 1550 1236 1622 οὗτοι,
1267 1557 1316 1608 οἱ
1339 1557 1527 1611 αὐτοί·
1555 1559 1648 1612 καὶ
1677 1559 1837 1612 τοῦτο
1863 1561 1971 1630 γὰρ

389 1645 584 1714 ἰδέωμα
608 1646 708 1714 τῆς
745 1645 1021 1716 Ἑϐραΐδος
1047 1647 1350 1703 διαλέκτου.

467 1843 666 1913 Ἡμεῖς
696 1845 765 1899 δὲ
793 1848 861 1900 ἐν
908 1848 1150 1915 ὀνόματι
1188 1850 1408 1917 Κυρίου
1449 1850 1600 1905 Θεοῦ
1652 1853 1822 1921 ἡμῶν
1853 1854 1964 1924 (76)

381 1939 984 2007 μεγαλυνθησόμεθα.
1048 1941 1240 2009 Ἡμεῖς
1278 1942 1334 1993 δὲ
1364 1944 1421 1994 ὲν
1467 1944 1694 2012 ὀνόματι
1735 1946 1966 2015 Κυρίου,

388 2027 500 2096 (77)
529 2027 587 2080 th
609 2027 965 2092 ἐξονειδισθὲν
999 2030 1151 2099 παρὰ
1179 2029 1290 2082 τῶν
1318 2031 1550 2100 ἐχθρῶν,
1599 2035 1678 2096 εἰς
1717 2033 1970 2103 βοήθειαν

391 2119 869 2188 ἐπικαλεσόμεθα·
901 2121 933 2188 ἢ
989 2120 1077 2172 διὰ
1114 2121 1174 2173 τὸ
1207 2120 1378 2190 ὄνομα
1431 2124 1661 2192 Κυρίου,
1717 2127 1778 2178 τὸ
1817 2126 1970 2196 ὑϐρι-

397 2209 545 2274 σθὲν,
582 2212 1022 2282 ὲπικαλεσόμεθα
1043 2213 1132 2266 τὸν
1159 2214 1363 2283 Κύριον
1401 2215 1620 2286 βοηθόν.

459 2411 633 2465 Αὐτοὶ
659 2411 1215 2479 συνεποδίσθησαν,
1259 2415 1359 2467 καὶ
1383 2416 1610 2470 ἔπεσον
1629 2435 1641 2446 ο
1678 2421 1845 2487 ἡμεῖς
1877 2422 1966 2490 δέ,

391 2501 750 2570 ἁνέστημεν,
778 2505 874 2558 καὶ
898 2505 1344 2575 ἀνωρθώθημεν.
1383 2510 1460 2563 Τὰ
1497 2511 1597 2579 μὲν
1625 2513 1967 2582 προλαϐόντα

391 2591 552 2660 ῥητὰ,
611 2593 752 2648 κατὰ
782 2594 873 2647 τὸν
904 2596 1093 2667 καιρὸν
1139 2593 1278 2668 ἦσαν
1311 2597 1406 2651 τοῦ
1433 2599 1633 2670 Θρήνου
1683 2607 1773 2656 καὶ
1803 2623 1967 2659 κοπε-

390 2683 516 2736 τοῦ·
549 2687 617 2737 τὰ
644 2687 752 2754 γὰρ
781 2686 1052 2750 ἐντεῦθεν,
1100 2689 1240 2758 μετὰ
1274 2689 1372 2759 τὴν
1403 2691 1635 2760 ἀόρατον
1683 2695 1966 2766 ἀναίρεσιν

388 2776 498 2828 τῶν
518 2778 821 2848 Ἀσσυρίων
877 2781 1139 2847 ἐγίνοντο,
1189 2781 1442 2852 λυθείσης
1489 2785 1590 2854 τῆς
1623 2787 1962 2859 πολιορκίας,

391 2867 482 2920 καὶ
507 2870 805 2938 χαιρόντων
836 2871 1074 2937 πάντων,
1099 2874 1191 2926 καὶ
1220 2873 1310 2927 τὸν
1334 2875 1464 2927 Θεὸν
1493 2877 1844 2946 δοξαζόντων,
1873 2883 1966 2936 καὶ

390 2959 659 3028 λεγόντων
700 2963 906 3016 ταῦτα·
944 2965 1413 3036 Συνεποδίσθησαν
1453 2971 1562 3040 γὰρ
1600 2974 1666 3041 τῇ
1718 2973 1838 3045 θεὶᾳ
1880 2974 1968 3028 δυ·-

388 3053 574 3122 νάμει,
608 3055 704 3108 καὶ
734 3057 1155 3128 κατηνέχθησαν
1207 3065 1412 3131 πτῶμα
1440 3063 1771 3129 θανάσιμονο
1808 3068 1968 3137 ἡμεῖς

392 3143 449 3196 δὲ
481 3148 830 3211 πεπτωκότες
854 3151 928 3219 τῷ
956 3150 1086 3214 δέει,
1118 3151 1430 3222 ἀνέστημεν
1462 3153 1538 3224 τῷ
1565 3157 1894 3227 φρονήματι.

459 3457 656 3526 Κύριε,
717 3457 924 3512 σῶσον
978 3463 1084 3514 τὸν
1129 3462 1415 3527 βασιλέα,
1458 3466 1556 3518 καὶ
1613 3465 1961 3523 ἐπάκουσον

390 3548 581 3618 ἡμῶν,
610 3553 680 3604 ἐν
704 3544 742 3620 ᾖ
761 3550 838 3604 ἂν
862 3551 1047 3620 ἡμέρᾳ
1081 3553 1567 3625 ἐπικαλεσώμεθά
1603 3575 1695 3612 σε.
1751 3560 1962 3633 ’Ὠσπερ

390 3643 487 3694 νῦν
509 3643 718 3707 έσωσας
756 3644 918 3696 αὑτὸν
945 3646 1008 3698 ὲκ
1035 3648 1215 3718 χειρὸς
1249 3647 1482 3718 ἐχθρῶν,
1515 3649 1657 3703 οὕτω
1676 3653 1768 3705 καὶ
1799 3655 1879 3717 εἰς
1902 3655 1963 3706 τὸ

389 3729 520 3801 ἑξῆς
562 3731 694 3803 (78),
723 3732 1014 3798 ἄξιονὸντα
1044 3735 1334 3802 σώζεσθαι,
1359 3737 1448 3790 διὰ
1485 3737 1583 3808 τὴν
1629 3741 1829 3811 ἀρετὴν
1869 3743 1968 3794 αὑ-

386 3819 484 3874 τοῦ
511 3838 524 3850 ·
563 3823 866 3877 ἐπάκουσον
902 3819 1056 3887 αὖθις
1080 3825 1262 3895 ἡμῶν,
1287 3826 1362 3888 ὡς
1398 3828 1492 3879 καὶ
1523 3827 1642 3892 νῦν,
1675 3829 1867 3891 ὁσάκις
1898 3831 1966 3882 ἂν

387 3902 848 3986 ἐπικαλεσὼμεθά
877 3935 956 3976 σε,
1006 3919 1066 3972 '0
1096 3917 1197 3986 μὲν
1221 3913 1314 3970 οὖν
1336 3917 1569 3985 ψαλμδς,
1619 3921 1698 3980 εἰς
1726 3921 1794 3972 τὰ
1827 3919 1970 3972 κατὰ

384 4009 480 4062 τὸν
515 4009 764 4072 Ἐζεκίαν
810 4009 1136 4081 ἡρμηνεύθη
1178 4009 1275 4062 καὶ
1309 4009 1522 4080 ἥρμοσε
1545 4025 1558 4042 ·
1595 4011 1743 4074 τινὲς
1772 4010 1849 4076 δὲ,
1893 4009 1970 4081 τῷ

386 4100 556 4154 Δαὸὶδ
616 4102 780 4155 αὑτὸν
827 4103 1086 4174 ἁρμόζειν
1140 4101 1441 4172 βιάζονται,
1502 4101 1968 4174 παραταττομένῳ

389 4191 528 4261 πρὸς
559 4193 812 4256 ἐπιόντας
843 4195 1090 4264 ἐχθροὺς,
1124 4192 1217 4247 καί
1249 4209 1434 4262 φασιν,
1462 4193 1537 4256 ὡς
1567 4193 1728 4257 αὐτὸς
1758 4195 1786 4247 ὁ
1805 4194 1970 4248 Δαϐὶδ

389 4287 730 4356 ἐσχημάτισε
781 4286 870 4340 τὸν
899 4287 1113 4357 ψαλμὸν
1158 4287 1238 4349 εις
1271 4288 1339 4340 τὰ
1379 4285 1647 4355 πρόσωπα
1687 4286 1796 4341 τῶν
1840 4288 1969 4359 ’περὶ⁷

386 4378 552 4430 αὑτὸν
604 4378 858 4449 ἑταίρων.
907 4377 1195 4448 Ἀρμόσειε
1237 4376 1282 4430 δ’
1335 4377 1402 4430 ἂν
1452 4378 1548 4430 καὶ
1588 4378 1752 4430 παντὶ
1791 4378 1968 4449 πιστῷ

390 4473 864 4541 παραταττομένῳ
883 4471 1025 4524 κατὰ
1040 4470 1146 4524 τῶν
1171 4470 1462 4540 δαιμόνων,
1485 4464 1574 4522 οἷα
1597 4470 1690 4523 τοῦ
1715 4469 1969 4541 σώματος

1545 311 1942 372 COMMENT.
1991 312 2071 371 IN
2100 312 2460 374 PSALMOS.

391 424 502 476 Kal.
528 423 586 474 ὲν
621 421 872 492 οὐρανοῖς
913 420 1022 491 γὰρ
1065 419 1323 490 κατῴκει,
1381 421 1475 473 καὶ
1505 421 1562 472 ὲν
1595 421 1674 492 τῷ
1703 420 1816 490 ναῷ
1847 421 1968 472 ἑπε-

2080 422 2252 488 tabat,
2281 429 2334 478 et
2363 421 2418 476 in
2451 422 2649 494 templo
2685 420 3052 478 obumbrabat

1993 3137 2039 3198 C
2073 3142 2266 3210 cipites
2298 3143 2462 3198 delati

3541 309 3648 374 26‘3

3110 438 3123 473 :
3169 426 3331 490 atque
3394 419 3518 476 ideo
3551 423 3653 476 ali-

2075 513 2300 582 quando
2335 529 2366 569 e
2402 515 2626 584 templo,
2669 513 2972 584 aliquando
3006 528 3134 569 vero
3174 514 3360 570 ecoelo
3381 513 3531 568 illum
3557 513 3653 567 ad-

2074 605 2361 660 vocabant.
2384 603 2638 660 Sanctum
2667 621 2795 662 vero
2857 607 3061 660 cmlum
3101 605 3336 675 appellat
3354 605 3509 675 quasi
3528 621 3653 660 san-

2078 698 2375 754 ctiﬁcatum
2414 699 2524 755 Deo
2560 716 2623 755 ac
2656 701 2991 757 dedicatum.

2153 789 2220 844 In
2258 793 2616 860 potentatibus
2664 794 2810 848 salus
2855 795 3090 849 dexterw
3134 795 3274 864 ejus.
3318 793 3484 848 Salus
3536 795 3650 860 illa,

2075 897 2196 952 qua:
2230 884 2457 940 obvenit
2481 900 2512 940 a
2542 887 2718 956 gratia
2754 884 2870 951 Dei,
2908 887 3133 940 fundata
3161 895 3248 941 est
3283 886 3337 940 in
3373 886 3653 940 abundan-

2076 975 2150 1028 tia
2181 976 2416 1046 quadam
2451 985 2616 1046 atque
2646 992 2878 1032 excessu
2922 978 3120 1032 divina?
3151 977 3408 1048 potentiae
3441 993 3456 1042 ;
3492 988 3654 1047 alque

2079 1063 2202 1118 ideo
2227 1080 2327 1120 nos
2346 1068 2620 1122 conlidere
2643 1077 2859 1137 oportet
2878 1077 2929 1122 et
2955 1067 3303 1123 inimicorum
3325 1075 3652 1138 apparatum

2075 1171 2180 1211 non
2218 1159 2765 1228 timere,quanquam
2835 1161 3138 1215 immensus
3169 1159 3459 1215 admodum
3494 1169 3656 1231 atque

2075 1248 2453 1304 intolerandus
2481 1252 2752 1306 videatur.

2149 1359 2315 1417 Vens.
2347 1362 2398 1416 8.
2435 1362 2506 1416 Ili
2537 1365 2591 1418 in
2618 1366 2946 1430 curribus,et
2973 1366 3096 1420 Itiin
3130 1367 3306 1437 equis.
3331 1368 3397 1423 Hi
3431 1369 3524 1436 qui
3545 1368 3655 1424 cir-

2075 1449 2340 1505 cumdant
2377 1468 2501 1518 nos,
2537 1455 2592 1508 in
2627 1458 2887 1512 curribus
2920 1457 3056 1512 etin
3080 1459 3239 1528 equis
3265 1469 3415 1524 sunt,
3454 1461 3509 1515 in
3539 1461 3657 1530 qui-

2075 1543 2180 1598 bus
2211 1545 2518 1600 conﬁdunt.
2577 1545 2809 1604 Eosdem
2847 1548 2992 1604 enim
3049 1551 3307 1606 inimicos
3361 1552 3656 1622 utrobique

2075 1632 2350 1704 intelligit,
2378 1634 2622 1706 [tametsi
2649 1647 2856 1707 repetat
2883 1639 3228 1712 articulum].
3293 1649 3488 1711 estque
3551 1645 3652 1697 hoc

2074 1726 2240 1779 etiam
2272 1725 2552 1783 Ilebraiete
2583 1729 2783 1801 linguae
2816 1731 3041 1787 idioma.

2125 1835 2240 1891 Nos
2265 1849 2442 1894 autem
2464 1843 2516 1894 in
2555 1844 2763 1896 nomine
2812 1844 2904 1899 Dei
2924 1849 3096 1901 nostri
3145 1849 3520 1907 invocabimus.
3543 1851 3653 1908 Nos

2077 1936 2287 1993 autem,
2328 1933 2528 2000 inquit,
2555 1934 2689 1989 illud
2723 1935 2816 1989 Dei
2864 1952 3084 2004 nomen,
3131 1943 3272 2010 quod
3305 1944 3374 1998 ab
3416 1945 3656 2001 inimicis

2078 2022 2470 2087 exprobratum
2491 2037 2554 2076 ac
2573 2027 2904 2080 contumelia
2923 2028 3175 2082 alI‘ectum
3193 2041 3296 2096 est,
3321 2034 3372 2084 in
3391 2035 3655 2088 auxilium

2080 2117 2330 2163 nostrum
2351 2111 2768 2167 invocabimus:
2801 2113 2912 2179 vel,
2932 2122 3161 2184 propter
3183 2131 3382 2171 nomen
3416 2118 3654 2183 Domini,

2080 2201 2230 2269 quod
2265 2202 2332 2256 ab
2368 2203 2478 2258 illis
2528 2214 2772 2274 spretum
2809 2213 2893 2262 est
2942 2207 3322 2266 invocabimus
3366 2211 3656 2268 Dominum

2079 2294 2403 2362 adjutorem.

2154 2406 2313 2460 Vens.
2335 2405 2387 2459 9.
2423 2404 2537 2472 Ipsi
2561 2407 2780 2478 obligati
2821 2417 2944 2463 sunt
2973 2419 3023 2464 et
3045 2411 3368 2479 ceciderunt,
3410 2431 3506 2468 nos
3556 2432 3656 2468 au-

2076 2506 2177 2548 tem
2209 2497 2540 2552 surreximus
2567 2507 2617 2552 et
2641 2501 2800 2553 erecti
2841 2517 3045 2556 sumus.
3109 2500 3404 2573 Superiora
3463 2507 3652 2573 verba,

2074 2586 2488 2644 lamentationis
2506 2603 2570 2644 ac
2600 2591 2853 2659 planctus
2887 2599 3132 2664 tempore
3154 2596 3362 2664 prolata
3389 2596 3609 2652 fuerunt
3635 2619 3649 2653 :

2072 2694 2196 2749 qua:
2231 2692 2534 2750 sequuntur
2571 2691 2693 2752 post
2727 2684 3652 2759 invisibilemAssyriorumcaedem

2073 2771 2220 2825 dicta
2254 2782 2407 2836 sunt,
2460 2774 2757 2831 obsidione
2796 2777 3008 2832 scilicet
3051 2779 3345 2846 dissoluta,
3395 2783 3654 2837 omnibus

2075 2866 2438 2937 gaudentibus
2474 2877 2528 2923 et
2556 2867 2724 2923 Deum
2753 2869 3214 2940 glorilicantibus,
3248 2881 3410 2942 atque
3465 2875 3656 2943 hujus-

2080 2957 2226 3010 IIlOdi
2253 2957 2420 3012 verba
2447 2957 2783 3014 dicentibus.
2812 2959 3052 3030 Obligati
3107 2962 3251 3015 enim
3290 2973 3419 3017 sunt
3467 2971 3521 3018 et
3549 2964 3654 3017 im-

2076 3049 2243 3118 pediti
2267 3051 2514 3120 potentia
2543 3051 2656 3117 Dei,
2685 3061 2850 3122 atque
2879 3054 2932 3108 in
2968 3055 3224 3110 Ietlialem
3251 3057 3466 3112 ruinam
3510 3074 3652 3129 pra:-

2513 3159 2666 3200 :nos
2690 3155 2868 3199 autem
2933 3147 3024 3216 qui
3090 3149 3142 3202 in
3205 3149 3372 3204 multo
3429 3166 3650 3208 eramus

2077 3235 2296 3303 timore,
2334 3239 2698 3305 surreximus,
2727 3241 3083 3312 animumque
3120 3253 3173 3298 et
3200 3242 3452 3299 ﬁduciam
3495 3259 3650 3300 rece-

2076 3342 2280 3396 pimus.

2146 3440 2312 3499 Vens.
2353 3445 2435 3501 IO.
2473 3447 2932 3517 Domine,salvum
2961 3451 3048 3521 fac
3085 3468 3252 3522 regem
3281 3492 3298 3519 ,
3344 3465 3394 3510 et
3453 3460 3651 3513 exaudi

2071 3554 2165 3593 nos
2191 3539 2244 3593 in
2273 3557 2578 3612 quacunque
2617 3543 2701 3597 die
2731 3545 3144 3600 invocaverimus
3174 3556 3246 3600 te.
3277 3546 3648 3612 Quemadmo-

2071 3630 2200 3684 dum
2257 3647 2404 3687 nunc
2440 3633 2507 3688 de
2547 3649 2710 3688 manu
2753 3636 3102 3690 inimicorum
3158 3652 3338 3705 regem
3399 3639 3646 3705 salvasti,

2072 3722 2153 3777 sic
2183 3730 2237 3775 et
2273 3722 2328 3776 in
2361 3722 2608 3776 futurum
2637 3725 2869 3791 salvato,
2897 3742 3021 3780 cum
3049 3728 3118 3781 ob
3164 3728 3421 3796 proprias
3475 3730 3648 3784 virtu-

2075 3820 2177 3873 tes,
2217 3811 2412 3880 dignus
2443 3814 2536 3876 sit,
2564 3815 2656 3882 qui
2689 3829 2719 3867 a
2750 3823 2801 3868 te
2832 3817 3066 3870 salutem
3103 3826 3482 3887 consequatur
3530 3837 3544 3873 :
3597 3831 3650 3876 ct

2075 3916 2177 3955 nos
2209 3917 2428 3957 rursum
2464 3905 2628 3958 etiam
2661 3906 2884 3968 exaudi,
2913 3911 3170 3975 quotiens
3202 3916 3256 3963 te
3303 3910 3649 3968 invocaveri-

2076 4008 2217 4057 mus,
2240 3994 2699 4063 quemadmodum
2740 4012 2883 4052 nunc
2911 3999 3259 4053 exaudimur.
3325 4000 3512 4072 Itaque
3569 4004 3652 4059 sic

2073 4085 2261 4151 dictis,
2291 4089 2584 4158 prasentis
2617 4087 2812 4157 psalmi
2844 4089 3243 4160 expositionem
3296 4091 3364 4146 de
3413 4092 3648 4149 Ezecliia

2073 4177 2427 4248 perfecimus.
2475 4177 2707 4245 Quidam
2735 4194 3044 4249 congruere
3067 4195 3192 4234 eum
3234 4180 3423 4236 dicunt
3487 4184 3648 4241 beato

2072 4268 2266 4336 David,
2319 4286 2446 4326 cum
2489 4274 2542 4327 in
2562 4273 2680 4328 acie
2711 4273 2980 4331 adversus
3011 4273 3266 4330 inimicos
3293 4275 3646 4346 consisteret,

2072 4369 2128 4414 et
2154 4362 2535 4432 conscriptum
2573 4365 2641 4418 ab
2681 4379 2748 4420 eo
2797 4359 2920 4420 esse
2957 4381 3023 4421 ex
3066 4365 3342 4422 sociorum
3391 4384 3646 4437 persona,

2071 4454 2320 4524 quicum
2385 4470 2449 4509 eo
2480 4455 2730 4512 aderant.
2785 4455 3052 4528 Congruit
3113 4459 3278 4513 etiam
3349 4461 3647 4532 unicuique

388 4564 829 4635 ὑπερευχομένου
857 4564 953 4632 τῆς
975 4564 1171 4633 ψυχῆς.
1201 4564 1312 4616 Καὶ
1332 4563 1380 4615 οἱ
1409 4563 1663 4633 δαίμονες
1687 4563 1796 4635 γὰρ
1820 4562 1964 4628 ἐξου-

2074 4546 2219 4603 ﬁdeli
2253 4549 2512 4603 adversus
2548 4550 2826 4604 daemones
2853 4549 3177 4618 decertanti,
3226 4552 3341 4620 ipso
3383 4553 3644 4608 nimirum

385 4658 628 4711 δένωσαν
656 4659 717 4711 τὸ
750 4657 920 4727 ὄνομα
955 4657 1049 4710 τοῦ
1081 4656 1239 4711 Θεοῦ.
1274 4656 1466 4724 Ἀγιον
1491 4656 1547 4708 δὲ
1579 4657 1818 4726 νοήσεις,
1874 4657 1968 4709 καὶ

2074 4656 2321 4713 corpore,
2369 4657 2472 4712 pro
2504 4643 2685 4698 anima
2719 4657 2909 4712 preces
2934 4643 3272 4712 porrigente.
3305 4643 3436 4698 Nam
3457 4655 3510 4700 et
3533 4647 3646 4702 da:-

389 4749 552 4814 Σιὼν,
588 4749 679 4803 τὸν
716 4750 966 4819 οὐρανὸν,
994 4749 1069 4813 ὡς
1101 4751 1408 4819 εἰρήκαμεν
1432 4747 1710 4810 πολλάκις.
1735 4747 1968 4818 Χριστὸς

2074 4749 2261 4790 mones
2291 4749 2486 4789 nomen
2532 4733 2627 4788 Dei
2658 4743 3066 4802 contempsere.
3108 4731 3214 4788 Per
3239 4748 3490 4790 sanctum
3551 4755 3648 4793 au-

388 4841 444 4894 δὲ
477 4842 643 4895 αὑτοῦ
672 4843 768 4896 καὶ
799 4841 1076 4912 βασιλεὺς,
1099 4843 1124 4894 ὁ
1152 4839 1497 4911 Χριστιανὸς,
1526 4839 1603 4902 ὡς
1624 4838 1968 4909 προείρηται.

2074 4835 2202 4891 tem,
2269 4836 2324 4880 et
2360 4841 2452 4896 per
2485 4825 2640 4891 Sion,
2672 4825 2873 4880 ccelum
2933 4826 3226 4897 intelliges,
3276 4836 3332 4881 ut
3387 4844 3531 4898 saepe
3566 4831 3646 4881 di-

402 4933 498 4988 Ἐν
531 4934 742 5004 ἅρμασι
795 4935 851 4987 δὲ
881 4935 975 4987 καὶ
1006 4935 1065 4985 ἐν
1115 4933 1324 4997 ἵπποις,
1365 4931 1414 4983 οἱ
1465 4930 1736 4999 δαίμονες,
1788 4928 1877 4982 διὰ
1910 4928 1968 4981 τὸ

2074 4929 2216 4972 ctum
2257 4927 2362 4973 est.
2398 4917 2502 4971 Per
2558 4915 2839 4971 Christum
2873 4931 3002 4974 vero
3040 4925 3093 4972 et
3116 4934 3318 4989 regem,
3347 4920 3648 4988 quemlibet

390 5026 579 5094 τάχος,
612 5027 704 5079 καὶ
735 5027 833 5095 τὴν
882 5030 940 5080 ὲν
973 5025 1231 5095 πολέμοις
1267 5022 1644 5093 παρασκευήν.
1679 5020 1904 5088 Λέγοιτο
1925 5020 1968 5073 δ’

2076 5011 2474 5071 Christianum,
2549 5017 2607 5061 ut
2666 5007 2791 5062 alibi
2847 5009 3220 5077 praediximus.
3278 5011 3336 5063 ln
3393 5009 3647 5088 curribus

394 5115 461 5168 ἂν
511 5116 542 5168 ὁ
594 5115 804 5186 ψαλμδς
857 5134 1014 5179 ουτος
1073 5115 1215 5168 κατὰ
1266 5114 1374 5166 τῶν
1428 5111 1703 5186 αἰσθητῶν
1754 5110 1966 5181 ἐχθρῶν

2076 5107 2331 5156 autemet
2367 5101 2420 5154 in
2448 5101 2606 5168 equis
2638 5099 2915 5158 daemones
2947 5101 3202 5158 incedere
3249 5101 3530 5160 dicuntur,
3579 5099 3648 5149 ob

393 5207 572 5274 ἡμῶν,
605 5208 713 5261 τῶν
747 5208 1070 5278 Βαρϐάρων,
1097 5208 1187 5260 καὶ
1211 5205 1350 5274 ὑπὲρ
1374 5204 1466 5257 τοῦ
1499 5202 1764 5273 βασιλέως
1784 5201 1961 5272 ἡμῶν.

2074 5210 2261 5252 eorum
2283 5193 2630 5248 velocitatem
2655 5203 2708 5247 ct
2725 5192 2795 5248 ob
2830 5208 3105 5248 summum
3131 5194 3255 5248 belli
3296 5195 3647 5262 apparatum.

395 5300 510 5354 Dici
585 5305 749 5354 etiam
802 5276 978 5372 potest
1031 5301 1117 5356 hic
1177 5299 1418 5370 psalmus
1477 5297 1742 5353 adversus
1792 5295 2048 5351 inimicos
2092 5298 2313 5346 nostros
2353 5287 2646 5353 Barbaros,
2687 5297 2740 5342 et
2800 5302 2900 5356 pro
2969 5287 3188 5356 regibus
3245 5281 3449 5336 nostris
3525 5276 3653 5331 lide-

395 5394 560 5450 libus.

1737 5565 1931 5626 Variae
1965 5562 2294 5626 lectiones.

468 5708 584 5780 (76)
620 5723 711 5780 πο.
745 5694 1205 5780 ἑπιΑκ-αλεσρμεθα.

464 5770 579 5853 (77}
608 5770 693 5834 εδ.
722 5776 800 5845 τῷ
830 5770 1257 5836 ιξονειδισθέντι.

743 5876 1011 5935 Ρλτιιοι..
1056 5870 1171 5930 Gn.
1217 5862 1542 5927 CXXVIII.

2157 5691 2273 5762 (78)
2308 5687 2480 5753 Adde,
2519 5684 2602 5739 vel
2634 5678 2865 5738 subaudi
2900 5673 3116 5735 σώσεις.

3177 5828 3211 5888 9
