4054 6210
313 874 324 919 ι

311 941 323 989 l

360 332 450 396 260

1495 326 1882 389 COMMENT.
1932 326 2012 386 IN
2053 326 2414 387 PSALMOS.
2490 368 2501 377 .

3483 336 3587 398 2'0

423 446 612 506 Δόξαν
652 448 752 499 καὶ
780 439 1307 511 μεγαλοπρέπειαν
1355 442 1631 511 ἐπιθήσει
1678 442 1773 496 ἐπ’
1805 444 1913 497 αὐ-

2089 440 2329 495 Glorinm
2358 451 2406 495 et
2446 458 2687 510 magnum
2722 441 2959 496 decorem
2995 443 3227 513 iurpones
3273 461 3429 514 super
3450 465 3587 504 cum.

360 543 473 595 τόν.
522 533 633 591 Kal.
685 534 767 589 ἔτι
811 533 1005 587 τοῦτον
1044 531 1312 597 δοξάσεις,
1351 532 1447 588 καὶ
1487 531 1712 602 μείζονα
1753 531 1915 602 ποιή-

363 648 485 697 σεις,
514 628 609 683 διὰ
632 627 732 698 τὴν
762 624 1088 697 εὐεργεσίαν
1115 623 1307 680 αὑτοῦ.

422 814 547 865 Ὀτι
596 809 753 877 δῴης
797 806 957 872 αὐτῷ
1002 805 1313 874 εὐλογίαν,
1337 806 1423 869 εις
1450 803 1633 858 αἰῶνα
1678 803 1914 871 αἰῶνος.

370 908 429 961 Ἡ
455 904 697 973 εὐλογία,
726 904 857 956 ποτὲ
891 902 991 972 μὲν
1018 900 1277 972 σημαίνει
1300 901 1398 971 τὴν
1423 898 1719 971 εὐφημίαν,
1739 899 1813 963 ὡς
1837 899 1916 952 td-

357 1000 617 1068 Εῠλόγει.
668 999 707 1066 ἠ
756 995 927 1065 ψυχή
967 993 1241 1063 μου,τὸν
1267 997 1519 1059 Κύριονσ
1562 994 1692 1046 ποτὲ
1724 992 1779 1045 δὲ
1818 992 1919 1065 τὴν

360 1091 533 1161 χάριν,
569 1089 645 1150 ὡς
680 1088 772 1140 τό·
815 1085 1214 1156 Προέςοθασας
1260 1085 1449 1139 αὐτὸν
1496 1086 1566 1140 ἐν
1615 1084 1919 1155 εὐλογίαις

360 1183 761 1254 χρηστότητος
784 1197 798 1212 ⁸
836 1179 918 1233 ἔτι
945 1180 999 1232 δὲ
1030 1179 1125 1232 καὶ
1154 1179 1256 1249 τὴν
1307 1179 1597 1248 μετάδοσιν
1628 1178 1723 1232 τοῦ
1757 1179 1918 1247 ἁγια-

359 1274 508 1345 σμοῦ,
538 1272 613 1336 ὡς
648 1275 742 1326 ἐπὶ
774 1271 869 1325 τοῦ
931 1272 1225 1339 παρόντος.
1263 1262 1422 1322 Ἔστι
1466 1268 1511 1321 δ’
1564 1268 1653 1322 ὅτε
1687 1270 1783 1323 καὶ
1821 1268 1921 1338 τὴν

358 1365 723 1436 βλασφημίαν,
760 1364 947 1427 ὠςτόο
994 1365 1060 1416 Et
1099 1362 1184 1430 μὴ
1236 1363 1323 1426 εις
1369 1360 1697 1429 πρόσωπόν
1720 1375 1795 1415 σε
1824 1363 1921 1415 εὐ-

357 1455 601 1526 λογήσει
626 1470 640 1484 ·
674 1455 764 1508 ναὶ
799 1452 905 1523 μὴν
926 1452 1022 1504 καὶ
1056 1451 1154 1521 τὴν
1176 1449 1637 1521 προσαγόρευσιν,
1672 1450 1747 1515 ὡς
1774 1452 1831 1504 ἐν
1854 1453 1918 1523 τῇ

355 1548 588 1621 τετάρτῃ
613 1546 726 1600 τῶν
747 1543 1050 1598 Βασιλειῶν
1066 1542 1551 1613 φησινἙλισσαῖος
1569 1541 1707 1611 προς
1733 1539 1916 1604 Γιεζῆ·

367 1641 503 1696 Ἐὰν
547 1640 731 1708 εὕρῃς
770 1636 981 1706 ἄνδρα,
1034 1637 1145 1690 οὐκ
1179 1633 1543 1703 εὐλογήσεις
1571 1633 1779 1695 αὐτὸν.
1822 1633 1921 1687 και

352 1732 453 1786 ἐὰν
475 1730 790 1801 εὐλογήσῃ
816 1746 890 1784 σε
918 1727 1097 1795 ἀνὴρ,
1127 1729 1239 1782 οὐκ
1259 1725 1641 1797 ἁποκριθήσῃ
1666 1724 1921 1793 αὑτῷ.-

356 1823 509 1891 Δῴης
542 1798 786 1888 suam
812 1820 929 1889 τοῦ,
962 1819 1189 1885 Δὼσεις,
1223 1819 1477 1873 εὐκτικὸν
1510 1819 1631 1872 ἀντὶ
1667 1819 1761 1872 τοῦ
1793 1820 1916 1890 μέλα
1955 1798 1995 1852 θ

351 1930 554 1980 Αοντος.

418 2007 754 2079 Εὐφραγεῖς
784 2008 972 2064 αὐτὸν
1002 2009 1072 2063 ἐν
1110 2007 1264 2077 χαρᾷ
1282 2008 1435 2078 μετὰ
1468 2006 1573 2061 τοῦ
1596 2005 1922 2075 προσώπου

343 2116 477 2158 σου.
526 2101 591 2156 ὀ
638 2100 935 2172 Σύμμαχος
993 2102 1362 2173 ήρμήνευσεν,
1405 2102 1524 2156 ἀπὸ
1578 2099 1685 2155 τοῦ
1737 2115 1925 2167 προσ-

346 2194 506 2251 ώπου
534 2210 679 2259 σου,
714 2196 964 2248 τουτέστι
1009 2195 1098 2249 διὰ
1140 2197 1240 2265 τῆς
1275 2198 1374 2264 σῆς
1420 2193 1765 2262 ὲπισκοπῆςο
1806 2194 1925 2245 ὲπιο

348 2286 570 2358 Gildas;
600 2287 712 2360 γὰρ
740 2288 819 2352 εἰς
848 2286 1035 2353 αὑτὸν,
1060 2287 1156 2341 καὶ
1180 2288 1357 2358 χαρᾶς
1385 2285 1783 2357 πλησθήσεται.

408 2551 535 2606 Ὀτι
567 2551 937 2618 όβασιλεὺς
955 2551 1177 2611 ἐλπίζει
1202 2552 1302 2605 ἐπὶ
1341 2552 1583 2619 Κύριον,
1615 2550 1710 2605 καὶ
1745 2549 1815 2603 ἐν
1844 2547 1926 2613 τῷ

338 2644 486 2700 ἐλέει
507 2644 629 2700 τοῦ
656 2644 953 2713 ’Υψθίστου
980 2646 1051 2700 οὐ
1076 2646 1156 2711 μὴ
1186 2642 1479 2711 σαλευθῇ.
1502 2644 1617 2697 Οὐκ
1644 2642 1737 2696 ἐπὶ
1760 2658 1926 2712 στρα-

340 2735 645 2807 τεύμασιν,
683 2734 806 2788 οὐδὲ
833 2734 927 2787 ἐπὶ
958 2734 1175 2805 πλούτῳ
1213 2732 1497 2795 πέποιθεν,
1532 2733 1565 2803 ἦ
1599 2749 1715 2786 τισι
1746 2732 1925 2786 τοιού-

2022 536 2288 604 Ampliori
2330 536 2529 598 adhuc,
2567 535 2767 604 inquit,
2820 536 2992 605 gloria
3050 537 3202 592 illum
3239 540 3495 607 donabis,
3536 553 3588 597 ct

1944 692 1951 697 _
2021 629 2231 698 majora
2264 628 2506 693 ciﬁcics,
2548 646 2671 682 cum
2708 630 2777 684 ob
2822 642 3162 699 perspectam
3214 636 3267 687 in
3321 644 3374 689 te
3422 638 3588 690 animi

2019 720 2137 786 ejus
2163 720 2526 786 voluntatem,
2573 730 2861 791 pergratus
2905 724 3001 777 tibi
3046 740 3108 778 ac
3141 726 3464 782 carissimus
3498 731 3594 784 sit.

2093 814 2259 869 Vens.
2291 815 2340 870 '7.
2374 815 2641 881 Quoniam
2677 815 2831 869 dabis
2879 817 3293 873 benedictionem
3330 820 3381 874 in
3426 838 3594 876 scaeu-

2022 907 2125 961 lum
2151 908 2353 962 sa'culi.
2386 908 2702 962 Benedictio
2729 907 3029 978 aliquando
3056 910 3270 964 laudem
3299 911 3593 982 signiﬁca,

2024 1008 2083 1053 ιιι
2115 1000 2245 1053 illud
2278 1020 2289 1054 :
2318 999 2563 1062 Benedic,
2586 1001 2766 1053 anima
2796 1016 2929 1066 mea,
2955 1001 3177 1054 Domino
3196 1003 3263 1059 ⁸9.
3283 1003 3595 1072 Aliquando

2022 1091 2251 1161 gratiam
2303 1107 2399 1145 seu
2446 1091 2805 1156 beneficium,
2835 1105 2890 1146 ιιι
2925 1092 3053 1145 illud
3084 1112 3098 1147 :
3131 1092 3446 1149 Pra‘t‘enisti
3478 1113 3593 1150 eum

2024 1184 2076 1236 in
2111 1183 2560 1238 benedictionibus
2592 1186 2845 1239 bonitatis
2871 1187 2937 1240 ‘°.
2964 1186 3274 1256 Aliquando
3301 1191 3597 1259 participa-

2025 1276 2233 1329 tionem
2270 1276 2752 1342 sanctiﬁcationis,
2779 1285 2836 1330 ut
2865 1278 2971 1331 hic.
3006 1278 3319 1347 Aliquando
3343 1280 3596 1349 blasphe-

1996 1367 2193 1420 -miam
2226 1380 2289 1419 ac
2321 1366 2759 1420 maledictionem
2797 1376 2853 1420 ut
2886 1368 3029 1436 apud
3072 1366 3175 1423 Job
3211 1388 3223 1423 :
3269 1368 3392 1425 Nisi
3426 1374 3478 1424 in
3507 1372 3594 1439 fa-

2023 1460 2100 1511 cie
2134 1456 2454 1512 benedizrerit
2494 1458 2589 1511 tibi
2613 1459 2679 1511 °'.
2719 1457 2797 1512 Ad
2834 1459 2947 1514 haec
2969 1501 2982 1525 ,
3011 1471 3063 1514 et
3096 1462 3481 1518 salutationem
3519 1464 3595 1519 si-

2023 1551 2271 1620 gniﬁcat.
2298 1560 2354 1603 ut
2388 1550 2443 1603 in
2474 1556 2671 1618 quarto
2700 1549 2927 1618 Regum,
2952 1552 3174 1622 quando
3199 1550 3427 1608 Elismus
3460 1555 3598 1609 dix’t

2024 1640 2092 1696 ad
2129 1639 2281 1695 Giczi
2312 1656 2324 1693 :
2351 1640 2415 1697 Si
2448 1640 2706 1695 inveneris
2741 1641 3023 1706 hominem,
3077 1659 3181 1696 non
3228 1645 3494 1699 benedices
3527 1648 3595 1709 ei,

2023 1744 2070 1787 et
2104 1734 2148 1786 si
2182 1734 2505 1788 benedixerit
2537 1734 2629 1788 tibi
2659 1735 2758 1798 vir,
2786 1751 2889 1789 non
2918 1734 3255 1804 respondebis
3282 1738 3330 1791 ei
3354 1739 3415 1792 ".

2098 1997 2420 2067 Lartiﬁcabis
2452 2014 2569 2051 eum
2606 1999 2657 2051 in
2690 1999 2887 2068 gaudio
2922 2015 3040 2054 cum
3064 2002 3212 2054 vultu
3272 2012 3380 2057 tuo.
3438 2003 3600 2076 Sym-

2030 2091 2257 2145 machus
2291 2106 2324 2143 a
2356 2090 2506 2143 vultu
2543 2098 2657 2158 tuo,
2710 2088 2815 2145 hoc
2859 2098 2943 2145 est
2988 2107 3016 2145 a
3053 2096 3396 2161 protectione
3428 2106 3482 2151 et
3514 2112 3601 2151 cu-

2028 2180 2207 2235 stodia
2255 2188 2369 2235 tua.
2423 2179 2673 2249 Aspicies
2701 2180 2846 2234 enim
2880 2181 2933 2235 in
2977 2197 3125 2248 eum,
3166 2191 3219 2237 et
3271 2186 3470 2255 gaudio
3513 2204 3599 2242 re-

2030 2274 2289 2343 plebitur.
2320 2272 2442 2345 [Vel
2465 2288 2572 2327 non
2610 2272 2935 2342 simpliciter
2962 2274 3206 2330 lanitium
3241 2276 3480 2347 habebit,
3506 2282 3598 2335 sed

2017 2366 2195 2443 simul
2229 2380 2351 2419 cum
2380 2364 2764 2419 benevolentia
2802 2374 2917 2421 tua.
2949 2365 3015 2419 Et
3042 2382 3266 2422 causam
3306 2371 3554 2436 adjuiixit
3585 2393 3596 2427 ε

2028 2456 2162 2522 Quia
2190 2457 2464 2511 sinceram
2496 2455 2712 2511 scilicet
2746 2456 2910 2511 habet
2941 2457 2998 2512 in
3034 2468 3083 2512 te
3115 2476 3292 2530 spem.

2102 2545 2266 2599 Vens.
2297 2547 2350 2601 8.
2390 2544 2652 2613 Quoniam
2706 2562 2797 2600 rex
2854 2558 3030 2616 sperat
3070 2551 3121 2602 in
3157 2550 3404 2616 Domino,
3438 2563 3486 2605 et
3549 2557 3600 2606 in

2028 2636 2397 2693 misericordia
2451 2637 2715 2692 Altissimi
2757 2656 2860 2694 non
2907 2642 3342 2698 commovebitur.
3383 2644 3504 2700 Non
3547 2649 3598 2701 in

2027 2728 2273 2784 exercitu
2312 2728 2550 2798 amplius
2584 2738 2678 2783 aut
2716 2731 2768 2784 in
2809 2730 3020 2788 divitiis
3053 2735 3300 2800 conﬁdit,
3334 2752 3511 2806 neque
3546 2740 3597 2792 in

338 2842 452 2891 τοις
470 2843 488 2857 ·
521 2823 655 2879 ἀλλ’
686 2824 782 2877 ἐπὶ
812 2823 963 2895 μόνῳ
986 2822 1066 2894 τῷ
1090 2822 1376 2894 βοηθοῦντι
1398 2820 1520 2893 Θεῷ
1540 2837 1555 2855 ο
1578 2821 1660 2875 διὸ
1686 2821 1746 2874 οὐ
1770 2838 1926 2891 περι-

336 2935 363 2970 τ
371 2919 521 2988 ραπή
532 2933 721 2971 σεται.

400 3009 707 3077 Εὐρεθείη
738 3008 777 3075 ἠ
809 3008 938 3076 χείρ
969 3021 1090 3061 σου
1130 3004 1283 3061 πᾶσι
1336 3005 1461 3072 τοῖς
1503 3005 1737 3075 ἐχθροῖς
1781 3022 1920 3062 σου.

332 3099 469 3153 Θεοῦ
509 3100 671 3172 χεὶρ,
727 3099 761 3169 ἡ
796 3097 917 3150 θεία
949 3097 1204 3168 δύναμις,
1265 3089 1300 3169 ᾖ
1337 3098 1659 3165 περιπεσεῖν
1701 3095 1921 3167 εὔχεται
1950 3137 1991 3194 C

332 3193 543 3257 πᾶν-τας
592 3192 727 3253 τοὺς
773 3190 867 3244 τὸν
914 3189 1049 3244 Θεὸν
1114 3187 1613 3259 βλασφημοῦντας⁰
1656 3188 1919 3262 Εὑρεθείη

329 3285 540 3353 αὐτοῖς,
576 3284 779 3356 φησὶν,
810 3285 890 3346 εις
921 3282 1220 3354 τιμωρίαν.

414 3376 479 3432 Ἠ
508 3374 698 3439 δεξιά
717 3389 836 3430 σου
861 3375 1010 3443 εὕρῃ
1038 3373 1270 3440 πάντας
1292 3373 1435 3440 τοὺς
1462 3374 1799 3443 μισοῦντας
1826 3390 1920 3430 σε.

330 3469 766 3541 Καταλήψαιτο.

398 3560 534 3617 Ὀτι
582 3561 804 3630 θήσεις
845 3559 1069 3627 αὐτοὺς
1121 3561 1202 3627 ὠς
1238 3561 1533 3615 κλίϐανον
1580 3559 1793 3629 πυρὸς,
1838 3561 1924 3625 εις

328 3656 549 3722 καιρὸν
575 3652 699 3708 τοῦ
727 3652 1055 3720 προσώπου
1075 3668 1213 3708 σου.
1252 3652 1592 3722 Ἐμπρήσεις
1625 3651 1823 3715 αὐτοὺς
1848 3650 1927 3721 τῷ

332 3745 464 3816 πυρὶ
494 3745 610 3816 τῆς
643 3743 817 3813 ὀργῆς
848 3759 965 3797 σου.
1010 3743 1311 3797 κλίϐανον
1339 3743 1393 3795 δὲ
1426 3743 1639 3811 πυρὸς,
1668 3742 1728 3796 τὸ
1754 3742 1923 3796 ὀπτα-

327 3841 470 3892 νεῖον
490 3839 620 3893 τῶν
644 3836 844 3905 ἄρτων.
866 3839 971 3903 Εἰς
996 3836 1213 3905 καιρὸν
1226 3835 1283 3891 δὲ
1311 3835 1417 3890 τοῦ
1439 3835 1767 3905 προσώπου
1784 3849 1924 3898 σου,

325 3930 446 3983 ἀντὶ
477 3930 618 3998 τοῦ,
669 3929 758 3983 Ἑν
787 3929 866 4001 τῷ
896 3927 1074 4000 καιρῷ
1132 3927 1237 3997 τῆς
1267 3928 1576 3997 ἐπισκοπῆς
1626 3944 1747 3992 σου,
1795 3927 1927 3981 ὅταν

322 4022 523 4096 ﬁnias);
584 4021 801 4085 αὐτοὺς
857 4021 1156 4092 δυσμενὲς’
1193 4021 1530 4089 Πρόσωπον
1581 4019 1713 4090 γὰρ,
1756 4019 1923 4090 φησὶ,

325 4116 558 4183 Κυρίου
590 4112 702 4167 ἐπὶ
731 4111 1058 4178 ποιοῦντας
1088 4114 1264 4176 κακὰ,
1314 4110 1409 4164 τοῦ
1445 4108 1823 4181 ἑξολοθρεῦσαι
1862 4111 1927 4164 ἑκ

319 4206 425 4277 γῆς
454 4211 522 4261 τὸ
555 4207 927 4279 μνημόσυνον
953 4204 1160 4259 αὐτῶν.

2027 2820 2156 2876 aliis
2195 2821 2452 2875 humanis
2490 2821 2720 2887 viribus,
2761 2822 2856 2876 sed
2906 2824 2955 2877 in
3005 2826 3126 2880 solo
3155 2827 3404 2896 adjutore
3448 2830 3597 2897 Deo;

2029 2922 2194 2980 atque
2226 2911 2349 2966 ideo
2383 2927 2493 2966 non
2526 2913 2967 2969 commovebitur
2991 2932 3092 2970 nec
3119 2917 3429 2973 iluctualiit.

2101 3001 2269 3057 Vens.
2310 3004 2365 3059 9.
2394 3001 2717 3057 Inveniatur
2750 3021 2937 3060 manus
2970 3017 3061 3061 tua
3093 3009 3336 3064 omnibus
3368 3013 3598 3067 inimiris

2029 3095 2150 3150 tuis.
2187 3095 2381 3152 Manus
2414 3096 2504 3152 Dei
2540 3095 2724 3151 divina
2757 3108 2839 3153 est
2873 3099 3135 3167 potentia,
3175 3101 3227 3154 in
3255 3118 3417 3171 quam
3459 3105 3601 3160 inci-

2027 3191 2154 3242 dere
2178 3203 2370 3244 omnes
2405 3203 2499 3245 eos
2535 3197 2687 3260 optat
2720 3233 2733 3255 ,
2767 3191 2858 3260 qui
2888 3192 3001 3246 Deo
3036 3193 3372 3248 maledicunt
3402 3212 3417 3248 :
3450 3196 3619 3251 lnvn:

2027 3279 2233 3344 niatnr,
2271 3284 2470 3350 Inquit,
2514 3282 2583 3336 ab
2618 3283 2726 3336 illis
2759 3284 2824 3337 ad
2862 3284 3135 3353 supplicia
3188 3296 3242 3339 et
3283 3287 3348 3341 ad
3385 3303 3595 3357 poenas.

2101 3372 2326 3426 Dextera
2369 3384 2459 3425 tua
2490 3373 2722 3427 inveniat
2762 3390 2938 3428 omnes
2968 3376 3058 3443 qui
3103 3385 3151 3430 te
3176 3376 3416 3432 oderunt.
3453 3379 3604 3434 Inve-

2027 3464 2162 3528 niat,
2192 3463 2291 3519 hoc
2316 3472 2422 3530 est,
2456 3465 2915 3532 comprehendat.

2105 3557 2264 3611 Vens.
2304 3557 2392 3621 10,
2420 3557 2509 3611 Η.
2552 3556 2815 3623 Quoniam
2876 3574 3037 3626 pones
3076 3576 3163 3614 eos
3215 3570 3273 3613 ut
3331 3563 3599 3617 clibanum

2026 3650 2167 3718 ignis
2196 3651 2251 3702 in
2278 3659 2505 3718 tempore
2536 3650 2712 3704 vultus
2759 3652 2858 3705 tui.
2892 3651 3222 3717 Combures,
3263 3653 3464 3724 inquit,
3505 3672 3600 3712 eos

2030 3743 2153 3811 igne
2217 3742 2308 3795 ira:
2333 3751 2476 3796 tum:
2511 3758 2605 3811 per
2636 3742 2917 3797 Clibanum
2952 3746 3108 3814 ignis,
3139 3745 3362 3798 furuum
3402 3748 3602 3801 intelli-

2031 3836 2129 3903 git,
2162 3832 2216 3886 in
2256 3848 2366 3902 quo
2393 3834 2555 3903 coqui
2583 3835 2723 3888 solet
2778 3835 2957 3903 panis.
3014 3834 3077 3888 In
3136 3845 3364 3905 tempore
3419 3852 3598 3894 autem

2027 3925 2202 3977 vultus
2235 3925 2334 3986 tui,
2390 3923 2493 3977 hoc
2542 3933 2649 3987 est,
2707 3924 2760 3979 in
2797 3933 3044 3994 tempore
3097 3927 3434 3982 visitationis
3469 3937 3597 3998 tum,

2029 4015 2251 4084 quando
2284 4014 2548 4069 nimirum
2583 4014 2637 4068 in
2676 4029 2771 4071 eos
2806 4029 2997 4071 severe
3044 4031 3107 4070 ac
3142 4027 3295 4072 torve
3341 4020 3598 4088 aspicies.

2044 4106 2228 4161 Vultus
2261 4107 2427 4173 enim,
2458 4107 2655 4177 inquit,
2682 4106 2893 4162 Domini
2915 4123 3075 4177 super
3094 4107 3349 4178 facientes
3374 4112 3513 4166 mala
3533 4114 3605 4178 “,

2031 4209 2087 4254 ut
2125 4200 2317 4269 perdat
2354 4199 2422 4255 de
2455 4206 2601 4255 terra
2640 4200 2958 4254 memoriam
3000 4217 3213 4257 eorum.

392 4300 641 4366 Κύριος
672 4295 743 4349 ἐν
765 4293 912 4364 ὀργῇ
931 4295 1120 4350 αὑτοῦ
1152 4294 1517 4363 συνταράξει
1546 4294 1767 4360 αὐτοὺς
1789 4337 1803 4360 ,
1828 4293 1927 4347 καὶ

2099 4292 2360 4347 Dominus
2386 4296 2437 4348 in
2469 4297 2553 4349 ira
2581 4312 2682 4349 sua
2731 4295 3068 4350 conturbabit
3101 4313 3210 4362 eos,
3243 4311 3286 4349 et
3329 4299 3600 4353 decumbit

318 4389 760 4459 καταφάγεται
788 4387 1011 4454 αὐτοὺς
1035 4386 1176 4455 πῦρ,
1200 4388 1308 4441 τὸν
1334 4386 1568 4455 καρπὸν
1588 4387 1787 4441 αὐτῶν
1805 4385 1925 4441 ἀπὸ

2027 4403 2117 4441 eos
2141 4387 2299 4455 ignis.
2324 4387 2532 4457 fructus
2557 4404 2739 4441 eorum
2772 4405 2804 4441 a
2832 4399 2972 4442 terra
3012 4382 3217 4458 perdes,
3243 4399 3291 4443 et
3318 4407 3489 4444 semen
3513 4407 3606 4444 eo»

322 4481 433 4547 τῆς
470 4481 603 4552 γῆς
648 4476 921 4547 ἀπολεῖς,
985 4479 1085 4532 καὶ
1141 4480 1206 4532 τὸ
1264 4478 1505 4547 σπέρμα
1551 4478 1772 4543 αὐτῶν,
1807 4478 1926 4533 ἀπὸ

2032 4493 2149 4531 rum
2209 4495 2241 4531 a
2298 4480 2431 4547 ﬁliis
2469 4479 2765 4533 hominum.
2820 4480 3190 4535 Perditionem
3248 4481 3599 4538 inimicorum

323 4572 479 4629 υἱῶν
532 4572 906 4640 ἀνθρώπων.
954 4571 1349 4641 Προαναφωνεί
1402 4570 1501 4640 τὴν
1548 4569 1658 4623 τῶν
1715 4568 1929 4640 ἐχθρῶν

2029 4570 2273 4626 futuram
2307 4572 2575 4642 praedicit,
2629 4579 2683 4626 et
2727 4585 3017 4641 pinnarum
3053 4574 3266 4642 species
3300 4588 3603 4628 connume-

319 4655 656 4728 ἁκεέἰλειαν,
685 4664 783 4717 καὶ
810 4662 1248 4733 ἑπαριθμοῦνται
1267 4660 1336 4715 τὰ
1366 4662 1481 4732 εῐδη
1507 4662 1615 4714 τῶν
1648 4661 1928 4732 τιμωριῶν

2028 4672 2117 4720 rat
2147 4681 2159 4718 :
2191 4666 2335 4734 quod
2361 4666 2579 4721 scilicet
2607 4665 2675 4720 ab
2708 4667 2789 4719 ira
2837 4666 2928 4720 Dei
2991 4666 3270 4722 molesuati
3303 4670 3601 4722 conturba-

324 4760 542 4821 αὐτῶν,
580 4760 674 4812 ὅτι
713 4756 1110 4827 πειρασοέντες
1131 4755 1228 4824 τῆς
1259 4754 1409 4818 Θείας
1434 4754 1628 4825 ὀργῆς,
1661 4770 1929 4823 συνταρα-

2029 4757 2259 4821 buntnr,
2290 4757 2607 4812 dubitantes
2636 4773 2698 4812 ex
2739 4757 2886 4811 omni
2934 4759 3104 4812 latere
3137 4777 3149 4812 :
3181 4759 3436 4828 quodque
3477 4760 3601 4827 igne

320 4849 653 4919 χθήσονται
687 4847 978 4910 πάντοθεν,
1014 4845 1481 4915 ἐξαπορούμενοι,
1518 4846 1613 4900 καὶ
1651 4844 1927 4915 πυρπολη-

2028 4848 2191 4901 etiam
2238 4849 2649 4913 cremabuntur,
2675 4856 2731 4902 et
2786 4847 2996 4904 fructus
3056 4864 3313 4918 agrorum
3352 4851 3598 4921 ipsorum

324 4938 636 5009 θήσονται,
670 4939 768 4991 καὶ
808 4940 838 4991 ὁ
882 4938 1096 5006 καρπὸς
1126 4937 1235 4989 τῶν
1278 4936 1567 5007 γεωργιῶν
1601 4937 1778 4990 αὐτῶν
1816 4936 1929 4999 δια-

2029 4939 2194 4992 etiam
2219 4947 2642 5008 corrumpentur
2674 4953 2688 4993 :
2721 4947 2776 4993 ct
2810 4940 2956 5009 quod
2986 4949 3097 4995 tota
3134 4940 3374 5010 denique
3407 4957 3598 4998 eorum

327 5031 887 5103 φθαρήσεται,καὶ,
917 5029 1107 5092 ἁπλῶς
1158 5030 1355 5093 εἰπεῖν,
1409 5028 1739 5081 ἀπολοῦνται
1791 5042 1929 5094 παγ-

2029 5028 2309 5100 gencratio
2335 5028 2552 5097 peribit,
2582 5036 2640 5082 ut
2672 5029 2807 5085 satis
2864 5031 3112 5085 indicant
3145 5033 3237 5086 illa
3266 5035 3426 5085 vcrlta
3469 5051 3483 5086 :
3532 5033 3598 5085 Iit

325 5128 493 5195 τενῆ.
525 5124 722 5179 Τοῦτο
753 5125 862 5192 γὰρ
890 5126 1094 5177 νοεῖται
1131 5123 1192 5175 τὸ
1227 5123 1451 5192 σπέρμα
1480 5121 1593 5175 νῦν.
1619 5121 1791 5186 Υιοὺς
1822 5122 1929 5189 γὰρ

2030 5135 2204 5174 semen
2235 5134 2413 5173 eorum
2443 5135 2473 5171 a
2498 5117 2628 5187 ﬁliis
2651 5119 2942 5176 hominum.
2976 5124 3081 5177 Per
3114 5124 3253 5178 ﬁlios
3285 5136 3463 5177 autem
3501 5125 3600 5176 ho-

321 5219 710 5287 ἀνθρώπων,
748 5215 810 5267 τὸ
844 5218 1063 5287 σπέρμα
1094 5214 1202 5267 τῶν
1233 5213 1538 5285 ἀνθρώπων
1575 5212 1857 5267 ἐκάλεσεν.

2030 5212 2240 5265 minum
2266 5211 2560 5266 humanam
2595 5214 3003 5281 generationem
3036 5215 3329 5283 significat.

398 5312 543 5364 Ὅτι
574 5310 845 5363 ἔκλιναν
863 5310 947 5374 εις
966 5307 1041 5361 σὲ
1070 5306 1246 5361 κακά.
1261 5306 1450 5360 Ταῦτα
1472 5306 1776 5371 πείσονται,
1793 5305 1928 5358 διότι

2104 5302 2270 5356 Vens.
2324 5300 2411 5356 12.
2478 5300 2744 5366 Quoniam
2786 5301 3175 5356 declinaverunt
3230 5302 3282 5354 in
3337 5311 3384 5353 te
3427 5300 3593 5353 mala.

322 5405 724 5471 κεκινήκασιν
780 5403 861 5463 εἰς
908 5400 969 5451 σὲ
1006 5398 1177 5463 κακὰ,
1217 5397 1666 5469 βλασφημοῦντες
1728 5397 1788 5449 τὸ
1839 5397 1929 5449 σὺν

2030 5395 2226 5449 Omnia
2259 5408 2390 5448 vero
2420 5393 2538 5448 hare
2589 5394 2892 5464 patientur,
2926 5395 3053 5463 quia
3113 5406 3403 5447 moverunt
3456 5394 3595 5447 tuala

322 5496 539 5566 ὗνομα,
600 5492 712 5547 καὶ
760 5494 873 5556 τοῖς
931 5493 1043 5555 σοῖς
1106 5490 1317 5554 δούλοις
1351 5489 1799 5551 ἐπιϐουλεύοντες
1839 5491 1929 5541 καὶ

2033 5485 2325 5541 adversum
2357 5493 2433 5551 te,
2459 5492 2514 5539 et
2542 5486 2668 5556 quia
2701 5499 2899 5539 nomen
2937 5498 3084 5538 tuum
3115 5485 3519 5554 blasphcmaut,
3544 5496 3598 5537 cl

2033 5579 2208 5634 servis
2240 5578 2346 5633 tuis
2379 5579 2613 5634 insidias
2641 5578 2897 5641 tendunt,
2936 5576 3236 5647 multisque
3261 5593 3355 5632 eos
3382 5579 3597 5633 damnis

2036 5687 2099 5726 ac
2123 5673 2282 5728 malis
2314 5672 2575 5727 alliciunt.

2102 5785 2146 5820 "
2177 5782 2243 5838 lV
2296 5783 2428 5854 Reg.
2474 5798 2546 5851 tv,
2578 5783 2632 5839 4.
2710 5780 2758 5816 ⁸⁸
2783 5781 2921 5838 Psal.
2957 5796 3128 5849 xxxn,
3168 5781 3252 5837 ΓΙ.

326 5587 812 5649 κακοπαθοῦντες.

396 5797 448 5831 ³⁸
505 5791 683 5874 ιῖεαι.
739 5805 831 5856 cn,
884 5790 933 5858 Ι,
967 5789 1023 5844 2.
1103 5790 1147 5822 ⁸⁵
1189 5786 1334 5844 l’sal.
1375 5803 1467 5851 xx,
1504 5787 1557 5842 ι.
1632 5783 1801 5840 "Job
1835 5799 1874 5848 I,
1912 5783 1999 5839 il.
