4054 6210
454 298 559 365 271

1665 297 2051 359 EUTUYMII
2101 296 2462 357 ZIGABENI

3583 307 3687 368 272

520 417 894 482 (Inqitaeernut
930 413 1150 464 consilia
1181 412 1232 463 in
1264 412 1448 481 quibus
1491 410 1677 466 sistere
1710 429 1811 465 non
1838 424 2022 480 potue-

2199 414 2627 482 Διελογίσαντο
2678 412 2936 478 βουλὰς,
3001 406 3095 478 αἷς
3148 414 3219 467 οὺ
3261 414 3345 482 μὴ
3405 415 3703 475 δύνωνται

451 522 593 563 rtmt.
633 509 784 562 Licet
825 510 1016 568 multa,
1071 498 1297 572 inquit,~
1329 505 1595 559 adversus
1640 514 1689 557 te
1731 519 1793 557 ac
1833 519 2027 559 servos

451 613 573 651 tuos
610 596 993 663 cogitaverim,
1031 594 1343 662 hujusmodi
1382 602 1564 648 tamen
1593 595 2029 662 cogitationibus

455 688 739 744 immorari
767 697 929 755 atque
955 686 1211 739 insistere
1239 700 1344 739 non
1379 692 1697 752 potuerunt.
1724 683 2027 740 Destruen-
2068 690 2079 701 '

453 795 539 835 tur
568 783 714 835 enim
748 794 937 833 eorum
968 777 1225 831 consilia.

522 873 689 926 Vens.
728 872 813 924 15.
856 870 1119 935 Quoniam
1160 884 1317 936 pones
1366 884 1453 921 eos
1508 868 1747 920 dorsum.
1791 867 2025 921 Dorsum

449 967 576 1038 poni
606 965 808 1018 dicitur
840 962 935 1032 qui
972 962 1106 1033 fugit
1139 976 1202 1015 ac
1225 968 1378 1031 terga
1409 961 1522 1014 dat.
1543 960 1694 1013 Nihil
1714 960 1856 1014 enim
1882 959 2029 1013 aliud

450 1058 704 1128 corporis
741 1056 860 1125 ejus
888 1064 1017 1109 tunc
1041 1095 1054 1119 ,
1094 1069 1257 1123 quam
1289 1053 1541 1118 dorsum,
1575 1052 1678 1107 hoc
1718 1061 1823 1116 est,
1865 1066 2027 1121 quam

452 1162 661 1221 tergum
694 1149 869 1203 videri
907 1156 1110 1218 potest.

527 1250 591 1302 In
628 1248 864 1317 reliquiis
909 1257 1055 1297 tuum
1084 1241 1416 1311 pra'parabis
1448 1240 1647 1294 vultum
1679 1257 1883 1294 eorum.
1919 1242 2033 1294 Hoc

452 1360 548 1412 per
586 1340 932 1412 hyperbaton
966 1338 1193 1407 ﬁguram
1230 1332 1666 1388 construendum
1700 1341 1804 1394 est,
1830 1332 1873 1386 si
1911 1348 2033 1386 sen-

456 1437 643 1489 tentia!
681 1444 925 1487 tenorem
951 1443 1175 1484 scrvare
1198 1427 1557 1488 voluerimus,
1587 1425 1688 1479 hoc
1728 1434 1887 1494 pacto
1924 1444 1935 1478 :
1972 1426 2029 1480 ln

454 1527 708 1594 reliquiis
760 1538 952 1579 eormn
1005 1518 1345 1589 praeparabis
1392 1518 1601 1571 vultum
1657 1526 1847 1583 tuum;
1883 1533 1946 1572 ac
1986 1518 2030 1571 si

455 1621 622 1681 dicat,
657 1616 802 1685 quod
837 1627 1016 1682 neque
1043 1611 1206 1663 etiam
1246 1609 1279 1661 ii
1335 1608 1696 1660 salvabuntur
1727 1608 1820 1674 qui
1855 1606 2031 1660 relicti

455 1719 584 1762 Sunt
614 1718 665 1761 ct
706 1703 1105 1775 superfuerunt
1134 1714 1161 1752 a
1201 1708 1383 1767 strage
1418 1698 1566 1762 belli,
1615 1705 1669 1751 et
1705 1698 1795 1766 qui
1857 1698 1910 1750 in
1944 1694 2034 1747 fu-

453 1820 575 1875 gam
610 1798 861 1855 conversi
892 1803 1041 1858 sunt,
1072 1792 1166 1848 sed
1196 1802 1387 1845 contra
1419 1805 1513 1845 eos
1540 1790 1730 1854 etiam,
1767 1789 2034 1843 visitatio-

455 1912 576 1950 nem
620 1904 769 1947 tuam
805 1888 1162 1961 prmparabis,
1217 1884 1354 1939 adeo
1397 1892 1453 1937 ut
1480 1900 1587 1938 non
1623 1885 1837 1952 possint
1900 1897 2030 1937 eva-

2134 502 2374 571 στῆναι.
2400 504 2459 556 Εί
2486 503 2595 574 γὰρ
2618 505 2714 557 καλ⁵
2741 505 2911 557 πολλὰ
2950 506 3093 559 κατὰ
3128 508 3223 558 σοῦ
3252 508 3346 559 καὶ
3373 509 3480 561 τῶν
3501 511 3705 565 δούλων

2134 614 2228 649 σου
2254 596 2619 665 ἐμελέτησαν,
2657 596 2773 649 ἀλλ’
2822 594 2914 650 οὖν
2953 599 3053 651 οὐκ
3106 600 3419 668 ἰσχύσουσιν
3445 603 3704 673 ἐμμεῖναι

2131 689 2243 749 τοῖς
2284 688 2667 757 δεδογμένοιςο
2712 688 3219 759 περιτραπήσονται
3259 690 3367 761 γὰρ
3403 692 3459 743 al
3499 693 3704 746 τούτων

2136 777 2347 846 βουλαί.

2204 871 2325 922 Ὅτι
2391 870 2603 935 θήσεις
2667 870 2891 936 αὐτοὺς
2946 872 3159 924 νῶτον.
3195 870 3386 934 Νῶτος
3418 873 3627 939 γίνεται
3682 874 3710 926 ὁ

2134 961 2355 1029 φεύγων
2380 980 2391 991 ·
2428 962 2579 1015 οὐδὲν
2612 962 2720 1031 γὰρ
2751 962 2938 1033 ἕτερον
2966 963 3130 1015 αὐτοῦ
3162 964 3435 1031 φαίνεται,
3470 965 3502 1035 ἢ
3547 966 3709 1035 μόνον

2135 1054 2161 1105 ὁ
2204 1053 2393 1117 νῶτος.

2216 1241 2311 1292 Ἑν
2343 1240 2465 1304 τοῖς
2492 1241 2866 1307 περιλοίποις
2897 1255 3013 1293 σου
3059 1240 3401 1309 ἐτοιμάσεις
3428 1245 3492 1296 τό
3521 1247 3709 1311 πρόσ-

2133 1345 2297 1385 ωπον
2331 1330 2549 1384 αὐτῶν.
2594 1330 2768 1384 Τοῦτο
2806 1332 2930 1385 καθ’
2987 1333 3301 1403 ὑπερϐατὸν
3355 1335 3707 1404 συντάξομεν,

2135 1428 2182 1476 εἰ
2220 1424 2513 1494 μέλλοιμεν
2552 1428 2891 1495 συντηρῆσαι
2922 1424 3022 1494 τὴν
3076 1426 3399 1479 ἀκολουθίαν
3452 1429 3551 1497 τῆς
3591 1429 3710 1481 δια-

2135 1516 2304 1578 νοίας.
2347 1512 2472 1568 Οῖον
2508 1517 2563 1567 ἐν
2598 1520 2711 1579 τοῖς
2744 1517 3090 1586 περιλοίποις
3141 1519 3353 1584 αὐτῶν,
3395 1521 3708 1587 ἐτοιμάσεις

2135 1607 2196 1659 τὸ
2232 1609 2529 1676 πρόσωπόν
2562 1626 2679 1669 σου.
2708 1610 3014 1672 τουτέστιν,
3047 1610 3157 1662 οὐδ’
3181 1611 3231 1662 ol
3269 1610 3712 1678 περιλειφθέντες

2138 1700 2245 1751 ἀπὸ
2279 1700 2379 1768 τῆς
2415 1702 2471 1752 ἐν
2506 1700 2583 1771 τῷ
2621 1701 2843 1771 πολέμῳ
2879 1703 3113 1770 σφαγῆς,
3149 1702 3246 1754 καὶ
3277 1703 3355 1764 εἰς
3380 1704 3558 1772 φυγὴν
3592 1720 3715 1772 τρα-

2140 1791 2410 1857 πήσονται
2434 1808 2445 1821 ·
2476 1792 2613 1843 ἀλλὰ
2645 1794 2741 1845 καὶ
2770 1793 2892 1845 κατ’
2920 1793 3098 1845 αὐτῶν
3139 1794 3448 1864 ἐπισκοπὴν
3482 1795 3580 1863 τὴν
3615 1797 3713 1859 σὴν

2138 1883 2503 1953 εὑτρεπίσεις,
2539 1885 2680 1938 ὥστε
2709 1885 2785 1952 μὴ
2819 1884 3104 1951 διαφυγεῖν
3137 1884 3354 1946 αὐτούς.

461 1994 604 2047 iere.
640 1986 727 2057 [Et
762 1986 848 2036 hic
876 1980 1092 2050 quidem
1126 1978 1231 2031 erit
1286 1991 1481 2031 scnSus
1520 1976 1565 2030 si
1595 1976 1783 2044 legas:
1822 1973 1886 2027 In
1928 1974 2165 2042 reliquiis
2220 1985 2392 2043 tuum,
2450 1990 2557 2031 etc.
2612 1974 2815 2030 Verum
2894 1981 3022 2048 quia
3095 1979 3263 2033 dietio
3344 1978 3532 2033 Graeca
3613 1994 3708 2045 σοῦ

452 2091 635 2154 potest
696 2074 950 2143 intelligi,
990 2084 1047 2126 ut
1081 2070 1351 2124 referatur
1400 2069 1467 2122 ad
1519 2068 1907 2138 praecedentia,
1947 2067 2019 2119 ita
2062 2076 2117 2121 ut
2151 2070 2223 2122 sit
2250 2069 2448 2124 lectio:
2494 2069 2559 2123 In
2591 2070 2827 2139 reliquiis
2857 2072 2983 2136 tuis,
3014 2079 3147 2133 etc.,
3211 2072 3370 2141 juxta
3441 2072 3579 2127 hanc
3632 2075 3713 2128 le-

454 2179 717 2237 ctionem,
758 2170 921 2239 paulo
967 2174 1093 2236 post
1124 2165 1420 2220 secundam
1479 2163 1672 2233 psalmi
1722 2164 2121 2231 expositionem
2165 2167 2586 2237 tractabimus.j

534 2268 701 2321 Vens.
747 2266 834 2318 Η.
879 2262 1160 2321 Exaltare,
1218 2260 1457 2323 Domine,
1518 2260 1569 2312 in
1623 2261 1855 2325 potentia
1919 2268 2031 2314 tua.

457 2365 514 2415 la
555 2359 765 2429 psalmo
804 2372 876 2409 vn
909 2352 1317 2408 declaravimus
1356 2351 1483 2420 quid
1515 2350 2034 2419 signiticetverbum

461 2457 563 2507 hoc
603 2468 616 2504 :
660 2448 939 2502 Exallare.
977 2444 1245 2499 Eunulcm
1282 2442 1426 2495 enim
1458 2457 1677 2495 sensum
1737 2442 1896 2495 habet
1951 2442 2040 2494 hic

458 2544 791 2607 versimtlus,
819 2556 981 2610 quem
1019 2537 1090 2589 ibi
1125 2535 1259 2589 ille:
1320 2533 1387 2586 Et
1444 2534 1686 2587 exaltare
1751 2534 1803 2585 in
1846 2532 2038 2599 ﬁnibus

457 2638 793 2692 inimicorum
826 2642 1037 2685 tuorum
1064 2628 1126 2680 ⁵⁵.

528 2726 877 2781 Cautabintus
910 2733 957 2775 et
989 2721 1280 2788 psallemus
1313 2726 1616 2783 potentatus
1646 2728 1785 2772 tuos.
1823 2718 1879 2773 ln
1937 2720 2041 2775 line

462 2820 659 2891 psalmi
722 2832 820 2880 xtl,
885 2814 1294 2867 declaravimus
1356 2810 1487 2877 quid
1554 2809 1865 2879 signiﬁcent
1922 2810 2039 2863 haec

461 2911 629 2966 verba
672 2916 895 2961 cantare
926 2913 979 2957 et
1009 2902 1254 2969 psallere.
1331 2901 1511 2969 Aliqui
1563 2902 1707 2955 hunc
1769 2900 2037 2970 psalmum

460 3014 763 3072 congruere
780 3006 1032 3053 asserunt
1059 2996 1159 3063 ipsi
1182 2994 1339 3047 beato
1370 2992 1557 3055 David,
1591 2992 1858 3055 dicentes,
1892 2991 2034 3060 quod

463 3111 561 3165 pro
597 3094 781 3163 scipso
814 3090 966 3145 illum
1030 3087 1251 3141 cecinit.
1311 3085 1466 3151 Quod
1527 3085 1571 3137 si
1629 3084 2033 3153 susceperimus

460 3186 785 3247 (nihilenim
829 3182 1099 3252 impedit),
1141 3180 1338 3249 exponi
1411 3180 1634 3248 poterit,
1679 3185 1734 3229 ut
1773 3176 2036 3245 subjicie-

460 3297 603 3336 mus.
641 3277 798 3345 Quod
825 3278 992 3346 igitur
1023 3277 1075 3327 in
1114 3273 1389 3341 principio
1430 3269 1621 3340 psalmi
1651 3269 1729 3323 ait
1762 3286 1775 3321 :
1832 3267 1897 3321 In
1938 3285 2033 3336 po-

461 3374 625 3429 tentia
666 3381 757 3425 tua
791 3368 1085 3430 laztabitur,
1114 3373 1163 3416 et
1223 3364 1276 3415 in
1311 3362 1545 3416 salutari
1585 3372 1673 3413 tuo
1727 3360 2032 3424 exsultabit,

462 3465 836 3533 intelligemus
866 3460 1009 3513 dicta
1042 3456 1212 3510 fuisse
1254 3462 1479 3524 propter
1525 3453 1805 3507 Christum
1861 3453 2037 3521 quiet

463 3556 703 3628 potentia
741 3553 833 3606 Dei
866 3558 970 3613 est,
1021 3556 1074 3602 et
1135 3546 1372 3607 dicitur,
1401 3545 1553 3613 juxta
1610 3545 1932 3613 Apostolum
1968 3545 2032 3607 ⁸⁸,

461 3660 516 3706 ct.
551 3649 827 3703 Salvator.
866 3642 988 3709 Ipse
1024 3641 1195 3704 enim,
1221 3646 1280 3691 ut
1315 3639 1389 3691 ait
1416 3638 1759 3707 Evangelista
1784 3677 1797 3700 ,
1841 3636 2035 3691 Salva-

462 3746 532 3797 ln't
557 3741 807 3811 populant
831 3753 984 3791 suum
1014 3735 1081 3787 “.
1122 3732 1201 3785 Ad
1233 3731 1448 3784 Patrem
1484 3732 1669 3800 itaque
1715 3731 1848 3784 dicit
1904 3730 2037 3784 I’ro-

461 3836 625 3903 pheta
664 3847 676 3883 :
714 3828 937 3882 Domine
968 3824 1285 3892 inpotentia
1334 3830 1449 3885 tua,
1488 3830 1543 3875 et
1586 3821 1654 3875 ad
1696 3820 1932 3875 Filium:
1968 3819 2035 3873 1η

460 3923 693 3980 salutari
730 3931 841 3985 tuo,
875 3919 978 3971 hoc
1006 3927 1090 3972 est
1125 3916 1180 3969 in
1234 3928 1295 3969 ea
1334 3915 1532 3976 salute,
1566 3928 1687 3982 quae
1718 3927 1813 3982 per
1844 3920 1897 3966 te
1932 3912 2035 3965 hu-

462 4032 620 4072 mano
649 4012 835 4085 generi
868 4012 993 4065 data
1024 4025 1126 4064 eet.
1157 4007 1269 4061 lloc
1305 4016 1463 4076 pacto
1518 4008 1681 4060 etiam
1713 4007 1764 4058 in
1799 4020 2034 4074 sequen-

445 4113 609 4177 tibus
640 4107 746 4160 alia
782 4105 847 4158 ad
888 4103 1126 4166 Patrem,
1180 4108 1234 4155 et.
1292 4100 1396 4151 alia
1466 4096 1531 4151 ad
1592 4097 1786 4151 Filium
1844 4096 2034 4149 referri

463 4202 680 4253 debent.
703 4197 841 4251 Vere
872 4205 1055 4249 autem
1122 4194 1316 4246 beatus
1374 4190 1564 4254 David,
1624 4197 1745 4259 pest
1805 4196 2034 4242 mortem

463 4306 616 4344 suam
657 4289 871 4341 laetatus
925 4294 1031 4347 est,
1092 4290 1256 4348 atque
1310 4280 1624 4343 exsultavit,
1690 4292 1921 4332 cernens
1972 4290 2035 4329 ac

460 4380 841 4447 contemplans
875 4374 1077 4427 divina:
1103 4370 1499 4424 incarnationis
1531 4369 1872 4438 mysterium.
1897 4367 2030 4421 Nam

462 4474 505 4527 si
549 4471 678 4524 dum
729 4467 906 4519 adhuc
957 4461 1199 4517 tenebris
1261 4460 1511 4513 humanm
1564 4461 1746 4514 carnis
1812 4459 2035 4512 indutus

459 4573 599 4622 erat,
637 4557 832 4610 anima:
866 4563 1046 4608 tamen
1075 4566 1139 4604 ac
1173 4551 1373 4604 mentis
1426 4549 1605 4603 oculis
1672 4548 1853 4602 futura
1913 4562 2037 4617 pro-

461 4649 751 4722 Spieiebat,
789 4645 958 4699 multo
995 4642 1170 4711 magis
1200 4639 1520 4721 huiusmodi
1581 4640 1828 4708 corporis
1884 4648 2035 4695 tene-

458 4742 572 4795 bris
611 4731 1242 4805 depositis,credendum
1293 4736 1378 4784 est
1430 4744 1552 4782 eum
1590 4729 1781 4799 purius
1818 4744 1881 4783 ac
1913 4745 2037 4799 per-

459 4831 698 4885 lueidius
728 4827 913 4880 omnia
938 4822 1276 4894 speculatum
1313 4836 1455 4875 esse.
1518 4819 1581 4873 Et
1635 4830 2032 4889 consequenter

460 4926 527 4981 ad
571 4924 853 4995 praedicta,
884 4937 981 4992 per
1036 4918 1219 4973 cordis
1268 4917 1600 4971 desiderium
1658 4916 2032 4985 intelligemus

458 5020 793 5075 desiderium
838 5012 1058 5068 videndi
1119 5009 1559 5064 incarnationem
1598 5006 1737 5060 hanc
1763 5006 2031 5069 divinam,

460 5115 619 5181 cujus
661 5119 845 5180 typum
873 5122 936 5161 ac
988 5106 1215 5175 ﬁgurant
1250 5100 1463 5157 viderat
1494 5118 1507 5166 ;
1540 5106 1595 5154 et
1656 5115 1751 5169 per
1786 5102 2036 5151 volunta-

461 5216 568 5260 tem
599 5203 890 5265 labiorum,
931 5197 1253 5253 iudesinens
1283 5210 1345 5249 ac
1388 5205 1710 5265 perpetuum
1748 5193 1879 5246 illud
1917 5204 2031 5246 stu-

459 5300 608 5353 dium
645 5293 877 5349 cauendi
914 5307 976 5346 ac
1040 5288 1297 5345 laudandi
1356 5287 1547 5350 Deum,
1607 5301 1714 5355 quo
1756 5284 2026 5339 desiderio

459 5400 735 5457 nunquam
768 5385 1070 5438 frustratus
1100 5390 1201 5434 est.
1240 5377 1398 5433 Canit
1426 5378 1625 5445 quippe
1648 5374 1752 5427 Deo
1783 5374 2023 5438 assidue,

462 5480 700 5532 ﬁdelium
732 5476 975 5528 omnium
1016 5486 1109 5524 ore
1144 5478 1305 5523 utens
1330 5483 1391 5520 ac
1425 5466 1605 5520 labiis.
1630 5465 1807 5517 Vitam
1844 5474 2024 5517 autem

462 5570 614 5640 petiit
648 5583 677 5620 a
710 5566 841 5630 Deo.
873 5573 925 5619 et
952 5560 1183 5631 accepit,
1218 5575 1340 5613 cum
1362 5559 1416 5612 in
1449 5557 1679 5612 summis
1706 5569 1848 5623 saepe
1882 5553 2029 5623 peri-

511 5747 553 5777 “
587 5744 729 5803 P53],
762 5761 853 5811 vn,
892 5745 943 5799 7.
1021 5743 1065 5775 ⁸⁸
1090 5739 1109 5793 Ι
1135 5739 1263 5794 Cor.
1300 5756 1338 5803 1,
1372 5738 1462 5792 9.5.
1504 5737 1549 5767 ⁸⁸
1590 5735 1779 5790 Matth.
1824 5751 1861 5802 ι,
1893 5736 1984 5790 21.

2222 2259 2534 2329 Ὑψώθητι,
2599 2264 2796 2328 Κύριε,
2848 2262 2917 2315 ἐν
2970 2261 3043 2328 τῇ
3106 2262 3353 2330 δυνάμει
3420 2278 3559 2316 σου.
3625 2264 3713 2314 Ἐν

2134 2352 2213 2420 τῷ
2279 2354 2494 2423 ὲϐδῦμῳ
2549 2352 2752 2422 ψαλμῷ
2824 2355 3248 2421 σεσαφήνισται,
3320 2354 3371 2405 τί
3451 2355 3711 2423 σημαίνει

2136 2445 2215 2505 τὸ,
2295 2445 2589 2512 ’Υψὼθητι
2628 2461 2639 2473 ·
2709 2446 2768 2496 τὸ
2825 2447 2999 2515 παρίν
3082 2446 3190 2515 γὰρ
3271 2448 3452 2515 ρητὶν,
3521 2448 3716 2498 ταυτῖν

2137 2539 2361 2591 δῦναται
2418 2539 2496 2607 τῷ
2565 2537 2866 2606 ’Υψὼθητι
2913 2540 2984 2592 ὲν
3024 2539 3149 2592 κεῖτ’
3182 2538 3400 2606 πέρασι
3447 2539 3563 2592 τῶν
3610 2540 3713 2606 ἐχ-

2141 2630 2296 2699 θρῶν
2333 2649 2448 2685 σου
2460 2670 2472 2683 .

2214 2722 2495 2789 ’ᾼσωμεν
2549 2723 2643 2775 καὶ
2676 2723 2991 2792 ψαλοῖνμεν
3029 2724 3134 2786 τὰς
3166 2724 3527 2789 δυναστείας
3572 2741 3714 2781 σοι’.

2151 2813 2239 2865 Ἐν
2273 2813 2350 2881 τῷ
2410 2814 2555 2866 τέλει
2601 2815 2692 2867 τοῦ
2744 2812 2808 2882 ιβ’
2861 2814 3080 2884 ψαλμοῦ
3140 2815 3589 2883 προδιελὲιῆομε·.ι,
3658 2817 3717 2867 τί

2140 2905 2389 2973 βούλεται
2415 2905 2495 2969 τὸ,
2523 2905 2670 2972 ᾇσω,
2706 2910 2797 2958 καὶ
2834 2907 2913 2967 τὸ,
2967 2904 3163 2974 ψαλῶ.
3230 2906 3386 2968 Τινὲς
3416 2906 3471 2958 δὲ
3504 2908 3597 2957 καὶ
3623 2907 3717 2958 τὸν

2142 2998 2623 3068 παρόνταψαλμὸν
2676 2999 2751 3068 τῷ
2820 2999 2985 3052 Δαόὶδ
3049 2998 3369 3069 ἁρμόζουσι,
3439 3000 3714 3065 λέγοντες,

2142 3090 2280 3157 ὑπὲρ
2314 3090 2507 3141 ἑαυτοῦ
2544 3090 2731 3142 τοῦτον
2769 3086 2918 3160 ᾆσαι.
2974 3091 3033 3143 El
3096 3090 3152 3141 δὲ
3208 3088 3368 3142 τοῦτο
3425 3090 3712 3158 δεξιῧμεοα,

2138 3183 2337 3235 κωλύει
2377 3183 2483 3250 γὰρ
2524 3183 2698 3243 οὐδὲν,
2739 3183 3280 3251 μεθερμηνεύσωμεν
3312 3185 3377 3235 τὰ
3422 3182 3711 3251 ρητὰ.Κςιὶ

2136 3274 2245 3341 γὰρ
2276 3273 2473 3325 αὐτίκα
2504 3274 2583 3335 τὸ,
2634 3274 2734 3325 Ἐγ
2770 3271 2839 3339 τῇ
2872 3272 3117 3340 δυνάμει
3152 3288 3267 3325 σου
3306 3273 3717 3340 suppetat-(imre-

2138 3381 2249 3426 ται,
2276 3364 2374 3416 καὶ
2402 3363 2497 3415 ἐπὶ
2530 3361 2611 3426 τῷ
2641 3378 2734 3415 σω
2749 3362 2931 3430 τηρίῳ
2970 3379 3086 3415 σου
3138 3362 3591 3429 ἀγαλλιάσεται,
3621 3363 3716 3413 ἐπὶ

2138 3456 2229 3508 τὸν
2264 3453 2503 3523 Χριστὸν
2533 3453 2785 3523 εἰρῆσθαι
2857 3453 3149 3521 νοήσομεν.
3197 3452 3350 3505 Ἐπεὶ
3394 3454 3499 3523 γὰρ
3530 3455 3555 3504 ὁ
3582 3453 3719 3521 Χρι-

2139 3546 2397 3607 στὸς,καὶ
2441 3543 2578 3596 Θεοῦ
2610 3545 2727 3596 ἐστι
2779 3542 3034 3610 δύναμις,
3104 3544 3238 3611 φησὶ
3302 3544 3408 3611 γὰρ
3462 3546 3489 3595 ὁ
3539 3544 3717 3611 μέγας

2141 3639 2350 3700 Παῦλος
2384 3652 2396 3665 ’
2433 3638 2687 3704 Χριστὸς
2718 3638 2864 3690 Θεοῦ
2899 3636 3151 3705 δύναμις
3173 3651 3187 3666 ⁸
3225 3638 3318 3689 καὶ
3354 3636 3517 3690 πάλιν
3551 3638 3715 3699 αὐτὸς

2141 3730 2236 3782 καὶ
2261 3729 2451 3799 Σωτήρ
2483 3730 2598 3780 ἐστι
2620 3745 2633 3759 ο
2674 3729 2805 3797 φησὶ
2851 3726 2958 3797 γὰρ
2988 3729 3015 3780 ὁ
3051 3728 3441 3798 εὖαγγελιστής
3480 3745 3495 3759 ’
3521 3730 3713 3793 Αὐτός

2136 3825 2246 3889 γὰρ
2277 3818 2461 3873 σώσει
2494 3820 2599 3871 τὸν
2623 3820 2776 3871 ,λαὶν
2804 3819 2992 3871 αὐτοῦ
3015 3835 3027 3847 ⁸
3073 3820 3209 3886 πρδς
3245 3820 3342 3888 μὲν
3376 3819 3467 3871 τὸν
3492 3822 3715 3888 Πατέρα

2137 3908 2288 3964 εἶπεν
2315 3929 2327 3941 ·
2357 3913 2552 3977 Κύριε,
2579 3908 2741 3976 ἐντῇ
2795 3909 3049 3978 δυνάμει
3095 3926 3211 3962 σου
3246 3926 3259 3939 ·
3305 3909 3441 3979 πρὸς
3514 3910 3568 3962 δὲ
3622 3912 3717 3962 τὸν

2137 4003 2266 4055 Υἱόν
2296 4019 2307 4031 ·
2333 4006 2435 4057 Καὶ
2467 4003 2563 4055 ἐπὶ
2591 4002 2665 4067 τῷ
2696 4004 2966 4068 morm.qu
2996 4019 3133 4065 σου,
3164 4004 3437 4067 τουτέστι,
3470 4006 3531 4071 τῇ
3558 4006 3715 4067 παρὰ

2139 4094 2232 4147 σοῦ
2269 4096 2528 4165 γινομένῃ
2564 4095 2807 4164 σωτηρίᾳ
2832 4093 2940 4145 τῶν
2979 4094 3303 4159 ἀνθρώπων.
3344 4093 3498 4146 Οὕτω
3526 4095 3579 4146 δὲ
3616 4098 3713 4147 καὶ

2137 4185 2206 4236 τὰ
2236 4186 2381 4253 ἑξῆς,
2404 4188 2471 4238 τὰ
2507 4186 2606 4253 μὲν
2646 4185 2782 4255 πρὸς
2814 4186 2906 4237 τὸν
2930 4187 3174 4255 Πατέρα,
3208 4185 3273 4237 τὰ
3321 4186 3377 4237 δὲ
3437 4185 3571 4255 πρὸς
3618 4186 3711 4237 τὸν

2141 4273 2269 4325 Υίδν
2296 4274 2492 4339 λέγοιτ’
2525 4276 2610 4327 ἄν.
2649 4276 2756 4328 Καὶ
2786 4276 2957 4338 ὅντως
3024 4276 3336 4346 ηὑςράνϋη,
3394 4277 3484 4328 καὶ
3538 4277 3712 4344 ἠγαλ-

2070 4400 2111 4454 D
2138 4362 2363 4417 λιάσατο
2394 4365 2580 4428 Δαόὶδ,
2609 4364 2948 4435 Θεασάμενος
2986 4370 3079 4419 καὶ
3106 4369 3245 4435 μετὰ
3278 4365 3504 4420 θάνατον
3532 4366 3591 4418 τὸ
3615 4368 3712 4435 τῆς

2139 4455 2289 4516 θείας
2313 4456 2783 4526 ὲνανθρωπήσεως
2822 4460 3144 4528 μυστήριον.
3184 4459 3246 4511 Εἰ
3274 4459 3382 4528 γὰρ
3414 4459 3511 4528 τὴν
3540 4458 3711 4526 ἀχλὺν

2136 4546 2237 4614 τῆς
2265 4549 2461 4617 σαρκὸς
2492 4549 2881 4619 περικείμενος
2912 4550 3143 4615 ἔτι,τοῖς
3175 4554 3272 4620 τῆς
3304 4550 3478 4620 ψυχῆς
3510 4551 3711 4618 ὀφθαλ-

2140 4640 2262 4708 μοῖς
2293 4633 2433 4690 εἶδεν
2462 4640 2529 4691 τὰ
2559 4640 2845 4708 μέλλοντα,
2882 4641 3064 4711 πολλῷ
3099 4641 3302 4709 μᾶλλον
3338 4643 3537 4711 ταύτην
3562 4644 3709 4694 ἀπο-

2139 4730 2367 4800 θέμενος
2434 4732 2820 4801 καθαρώτερον
2877 4734 3023 4804 ἐώρα
3091 4735 3185 4786 καὶ
3250 4715 3709 4803 τηλαυγέστερον.

2150 4821 2482 4884 Ἀκολούῦως
2526 4823 2581 4875 δὲ
2611 4823 2706 4877 καὶ¹
2738 4823 3037 4891 ἐπιθυμίαν
3066 4823 3292 4893 καρδίας
3325 4823 3713 4893 ὑποληψόμεθα

2133 4917 2224 4968 τὸν
2267 4916 2431 4968 πόθον
2464 4917 2558 4968 τοῦ
2591 4917 2719 4969 ἰδεῖν
2754 4918 2849 4987 τὴν
2881 4916 2975 4969 τοῦ
3006 4919 3256 4988 Σωτῆρος
3275 4918 3710 4988 ὲνανθρώττησιν,

2132 5004 2199 5081 ἦς
2230 5011 2447 5079 προεῖδε
2472 5009 2561 5061 τὸν
2595 5009 2785 5062 τύπον.
2820 5010 3052 5076 Θέλησιν
3085 5011 3141 5063 δὲ
3190 5011 3299 5062 τῶν
3340 5011 3590 5079 χειλέων,
3651 5012 3713 5062 τὸ

2135 5101 2312 5153 Θέλειν
2347 5101 2434 5153 διὰ
2466 5101 2677 5163 πανπδς
2708 5101 2857 5171 ᾄδειν
2887 5102 3006 5171 Θεῷ
3040 5118 3054 5133 ·
3090 5102 3183 5155 καὶ
3211 5103 3399 5171 μέντοι
3456 5101 3549 5153 καὶ
3593 5101 3711 5169 ᾄδει

2136 5191 2391 5256 πάντοτε,
2424 5194 2535 5254 τοῖς
2572 5193 2678 5243 τῶν
2708 5194 2914 5244 πιστῶν
2940 5192 3143 5262 χείλεσι
3186 5193 3487 5263 χρώμενος.
3553 5192 3711 5260 Ζωὴν

2134 5284 2191 5336 δὲ
2216 5285 2477 5353 ᾐτήσατο,
2512 5286 2605 5336 καὶ
2636 5284 2819 5350 ἔλαϐε,
2851 5285 3113 5348 πολλάκις
3161 5285 3514 5345 κινδυνεύσας
3569 5284 3711 5335 ἁπο-

2139 5376 2322 5427 Θανείν
2354 5376 2444 5427 ὑπ’
2492 5377 2723 5445 ἐχθρῶν,
2761 5380 2853 5429 καὶ
2884 5378 2951 5430 δι’
2990 5377 3156 5446 εὐχῆς
3193 5375 3539 5447 περισωθείς.
3591 5378 3706 5427 Με-

2137 5468 2290 5534 Tqu
2308 5466 2374 5519 δὲ
2398 5467 2435 5532 ή
2470 5467 2620 5531 δόξα
2655 5468 2843 5522 αὐτοῦ
2886 5469 2955 5522 ἐν
2984 5467 3062 5533 τῷ
3089 5470 3358 5535 σωτηρίῳ
3389 5482 3528 5529 σου,
3548 5482 3709 5518 τουτ-

2139 5545 2277 5622 έστι,
2311 5560 2396 5613 διὰ
2423 5560 2521 5631 τὴν
2557 5560 2705 5631 παρὰ
2733 5561 2827 5615 σοῦ
2863 5562 3137 5632 σωτηρίαν
3173 5580 3185 5592 ·
3246 5559 3506 5630 ἐδοξάσθη
3595 5557 3706 5629 γὰρ
