4054 6210
325 297 425 361 2Ἰ3

1443 309 1833 376 COMMEN'I‘.
1871 314 1951 374 1N
1989 313 2346 377 PSALMOS.

3446 326 3556 387 ‘27!

323 408 550 477 ἀληθῶς,
582 411 664 462 ὅτι
690 412 755 465 ἐκ
786 412 885 481 τῆς
918 414 1075 485 ῥίζης
1109 417 1276 469 αὐτοῦ
1341 423 1371 489 η
1430 423 1675 492 σωτηρία
1724 423 1881 492 ἡμῶν

1985 429 2123 483 culis
2154 429 2318 482 fuerit
2351 444 2414 482 ac
2447 432 2606 483 morti
2638 429 2941 499 proximus,
2971 440 3023 485 et
3045 438 3265 487 dctnum
3299 438 3557 503 precibus

323 500 635 571 ἐϐλάστησε,
693 504 787 556 καὶ
841 505 1016 573 μέγας
1079 508 1326 576 γέγονεν,
1386 512 1480 564 καὶ
1539 514 1881 584 περιϐόητος.

321 593 647 659 Εὐφρανεῖς
686 594 745 647 δὲ
779 597 969 651 αὑτὸν
1016 598 1086 652 ἐν
1115 602 1267 672 χαρᾷ
1284 601 1435 671 μετὰ
1490 603 1596 658 τοῦ
1653 607 1885 672 προσώ-

321 696 434 735 που
463 700 602 749 σου,
632 686 753 743 ἀντὶ
798 688 945 751 τοῦρ
980 690 1216 760 Τέρψεις
1259 693 1422 747 αὑτὸν
1474 695 1561 748 διὰ
1602 697 1697 750 τοῦ
1751 697 1882 751 Υἱοῦ

324 790 436 828 σου.
499 776 800 846 Πρόσωπον
858 780 968 851 γὰρ
1018 784 1252 855 Πατρὸς,
1302 786 1429 849 Υἱός
1460 803 1472 817 ’
1535 789 1668 855 φησι
1730 790 1835 861 γάρ
1866 807 1881 822 ο

333 866 392 919 ’0
444 867 719 937 ἑωρακὼς
743 872 868 941 ἐμὲ,
893 873 1113 942 ἑώρακε
1145 878 1253 931 τὸν
1295 879 1548 948 Πατέρα.
1625 883 1885 953 Ἐχθροὺς

316 955 370 1009 δὲ
399 956 491 1009 τοῦ
525 958 662 1012 Θεοῦ
693 964 911 1031 νοήσεις
954 968 1083 1028 τοὺς
1141 970 1526 1040 μισοχρίστους
1575 974 1882 1039 Ἰουδαίους,

318 1039 397 1109 οἷς
430 1050 524 1099 καὶ
570 1049 642 1103 τὰ
700 1050 979 1125 δεινότερα
1040 1039 1336 1126 ἐπαρᾶται,
1394 1064 1487 1115 καὶ
1550 1065 1884 1134 προφητεύει

316 1136 412 1190 ὅσα
460 1142 554 1192 καὶ
610 1146 967 1211 πεπόνθασιν,
1031 1141 1107 1202 ὧν
1136 1150 1197 1203 τὸ
1259 1152 1479 1223 σπέρμα
1536 1155 1884 1228 πανωλεθρίᾳ

316 1228 603 1301 διεφθάρη,
638 1233 843 1306 δηλαδὴ
886 1237 996 1289 τῶν
1047 1242 1482 1310 σταυρωσάντων
1510 1243 1602 1295 τὸν
1659 1245 1881 1315 Κύριον.

314 1321 373 1373 οι
403 1321 510 1392 γὰρ
542 1323 600 1377 ἐν
630 1327 752 1386 ταῖς
790 1327 1135 1399 διασποραῖς,
1186 1332 1620 1401 διαπεφεύγασιν
1674 1336 1884 1391 ἐκεῖνον

310 1411 399 1465 τὸν
426 1412 674 1483 ὄλεθρον.
719 1418 938 1486 Θήσεις
967 1421 1023 1473 δὲ
1055 1423 1281 1487 αὐτοὺς
1315 1425 1396 1491 ὡς
1436 1427 1729 1480 κλίϐανον
1766 1444 1883 1483 πυ-

305 1503 411 1570 ρὸς
436 1506 508 1559 ἐν
533 1505 611 1573 τῷ
647 1508 826 1578 καιρῷ
852 1512 958 1565 τοῦ
992 1514 1318 1583 προσώπου
1354 1534 1493 1580 σου,
1525 1518 1727 1589 δηλαδὴ
1782 1521 1879 1575 τοῦ

315 1596 440 1650 Υίοῦ
469 1613 589 1663 σου,
632 1601 815 1665 καθὼς
849 1605 1177 1675 εἰρήκαμεν.
1204 1608 1359 1662 Μετά
1412 1611 1519 1681 γὰρ
1557 1611 1656 1682 τὴν
1691 1613 1884 1681 ἐπιδηι

316 1690 443 1759 μίαν
481 1692 653 1745 αὐτοῦ
688 1694 784 1746 τοῦ
837 1696 1075 1767 Χριστοῦ
1121 1700 1445 1766 πεπόνθασι,
1501 1704 1595 1756 καὶ
1624 1704 1872 1774 ἤρξαντο

310 1785 424 1836 κατ’
444 1785 630 1838 αὐτῶν
649 1785 883 1854 φύεσθαι
916 1790 985 1842 τὰ
1018 1789 1189 1858 δεινὰ,
1224 1792 1317 1862 ἀφ’
1347 1788 1407 1848 οὗ
1440 1795 1677 1864 Χριστὸς
1724 1793 1880 1849 εἶπεν

304 1876 486 1939 αὐτοῖς
508 1893 522 1907 ·
566 1878 910 1946 Ἀρθήσεται
932 1881 1032 1950 ἀφ’
1058 1883 1221 1952 ὑμῶν
1249 1886 1288 1953 ὴ
1322 1886 1637 1950 βασιλεία.
1676 1920 1743 1931 ~—
1773 1891 1884 1943 Ἐν

302 1966 368 2021 δὲ
397 1969 521 2033 τοῖς
552 1973 929 2039 περιλοίποις
957 1991 1095 2042 σου,
1143 1978 1392 2031 τουτέστι
1440 1982 1554 2042 τοῖς
1593 1981 1655 2045 ἐξ
1702 1983 1884 2035 αὐτῶν

305 2062 739 2115 πεπιστευκόσιν
768 2066 848 2127 εἰς
885 2064 942 2117 σὲ
974 2065 1071 2118 τὸν
1120 2067 1272 2133 Υίδν,
1303 2070 1398 2121 καὶ
1453 2070 1878 2143 ὑπολειφθεῖσιν.

316 2148 705 2219 Ἑτοιμάσεις,
763 2154 930 2224 ἦγοον
971 2157 1294 2228 κοσμήσεις,
1369 2159 1466 2213 καὶ
1525 2161 1770 2229 δοξάσεις
1823 2163 1883 2216 τὸ

1989 523 2107 577 suis
2148 522 2213 575 ad
2250 521 2415 576 Dcum
2443 523 2910 577 intercedentibus
2944 523 3013 579 ab
3041 540 3106 582 eo
3171 525 3413 581 salvatus
3462 527 3555 581 sit.

1984 609 2178 680 Magna
2208 625 2285 666 est
2308 613 2478 680 gloria
2534 614 2648 681 ejus
2719 614 2772 667 in
2827 614 3060 667 salutari
3100 623 3240 669 tuo:
3296 616 3400 671 hoc
3450 629 3555 681 est,

1987 710 2212 770 propter
2242 704 2471 758 salutem
2527 704 2697 768 illam,
2758 720 2880 774 quas
2938 720 2967 758 a
3035 715 3087 761 te
3137 714 3242 762 est.
3309 707 3554 778 Magnam

1986 789 2186 859 quippe
2223 791 2448 861 gloriam
2485 800 2773 848 assecutus
2802 801 2887 847 est
2910 795 3101 849 beatus
3132 792 3320 861 David,
3348 812 3471 850 cum
3490 813 3555 850 es

1986 880 2104 950 ejus
2157 881 2343 937 radice
2371 882 2523 938 salus
2558 893 2743 938 nostra
2783 884 3129 953 pullulaverit
3160 902 3174 939 :
3210 885 3354 940 unde
3381 887 3557 954 major

1987 989 2051 1028 ac
2081 974 2357 1030 celebrior
2395 976 2536 1045 apud
2605 991 2796 1030 omnes
2825 975 3050 1031 effectus
3079 984 3181 1031 est.
3218 975 3557 1046 {Lmtiﬁcabis

1985 1075 2166 1121 autem
2197 1083 2317 1120 eum
2341 1068 2395 1120 in
2421 1068 2613 1138 gaudio
2643 1084 2760 1120 cum
2790 1069 2934 1121 vultu
2961 1076 3089 1137 tuo;
3130 1068 3233 1122 hoc
3264 1078 3371 1133 est,
3405 1069 3556 1124 dele—

1984 1156 2159 1211 ctahis
2198 1170 2322 1210 eum
2356 1172 2450 1226 per
2501 1155 2700 1210 Filium
2754 1167 2929 1211 tuum.
3000 1156 3203 1212 Vultus
3247 1159 3391 1213 enim
3459 1176 3556 1213 seu

1988 1248 2154 1302 facies
2185 1246 2382 1312 Patris,
2411 1246 2582 1302 Filius
2645 1249 2848 1303 dicitur
2882 1267 2895 1303 :
2964 1248 3066 1313 Qui
3109 1251 3248 1303 enim
3285 1252 3411 1304 vidit
3455 1268 3559 1315 me,

1986 1339 2186 1406 inquit,
2218 1338 2348 1392 vidit
2372 1348 2421 1392 et
2447 1337 2664 1393 Patrem
2686 1356 2858 1393 meum
2884 1341 2949 1392 ⁸⁷.
2974 1340 3080 1394 Per
3101 1341 3356 1397 inimicos
3377 1354 3557 1397 autem

1987 1430 2080 1486 Dei
2140 1430 2359 1488 Judmos
2419 1432 2683 1501 intellige,
2744 1433 2952 1488 Christi
3012 1434 3290 1500 inimicos,
3355 1435 3558 1505 quibus

1982 1528 2171 1596 gravia
2205 1528 2545 1598 imprccatur
2585 1529 2877 1597 l’rOpheta,
2932 1527 3239 1598 praedicens
3269 1527 3373 1582 hoc
3401 1537 3561 1596 pacto

1983 1635 2328 1689 qumcunque
2379 1630 2566 1688 postea
2599 1621 2818 1689 passuri
2851 1626 3037 1686 erant;
3087 1629 3141 1673 et
3183 1634 3422 1689 quorum
3467 1634 3553 1671 se-

1986 1726 2108 1765 men
2147 1710 2260 1780 jam
2296 1726 2526 1779 prorsus
2565 1711 2807 1767 deletum
2845 1721 2929 1768 est
2966 1730 2980 1779 ;
3013 1726 3205 1767 eorum
3266 1712 3410 1775 dico,
3468 1710 3560 1779 qui

1984 1800 2260 1855 Christum
2293 1803 2710 1860 crucifixcrnnt.
2751 1804 2885 1861 Nam
2946 1810 3040 1878 qui
3097 1816 3254 1863 erant
3296 1809 3409 1875 jam
3468 1822 3564 1876 per

1984 1892 2174 1946 orbem
2210 1893 2479 1964 dispersi,
2517 1896 2596 1951 illi
2634 1895 3011 1953 Romanorum
3054 1900 3326 1970 flagellum
3375 1914 3564 1954 evase-

1981 1994 2132 2040 runt.
2169 1986 2336 2041 Panes
2370 1987 2537 2042 etiam
2571 2004 2659 2043 eos
2689 2000 2743 2042 ut
2776 1990 3042 2044 clibanum
3070 1993 3207 2061 ignis
3237 1993 3293 2045 in
3327 2000 3559 2058 tempore

1981 2077 2157 2132 uultus
2197 2081 2297 2143 tui,
2326 2079 2426 2133 hoc
2457 2087 2562 2142 est,
2594 2080 2646 2133 111
2681 2087 2928 2149 tempore
3000 2082 3123 2137 Filii
3185 2083 3287 2147 tui,
3340 2090 3399 2135 ut
3445 2081 3558 2149 jam

1981 2168 2254 2225 diximus:
2292 2184 2413 2239 quae
2441 2186 2529 2226 res
2562 2180 2685 2241 post
2713 2171 3004 2228 adventum
3045 2173 3263 2229 Christi
3330 2172 3557 2228 accidit.

302 2239 452 2307 γένος
476 2242 668 2296 αὐτῶν
708 2258 723 2274 '
769 2246 896 2312 δοῦξα
941 2248 1049 2319 γὰρ
1100 2251 1212 2313 τοῖς
1273 2250 1551 2322 Ἑϐραίοις
1595 2254 1752 2317 τέως,
1796 2255 1880 2308 ὅτι

1985 2259 2057 2313 Ex
2082 2261 2174 2314 illo
2193 2261 2338 2315 enim
2360 2239 2610 2332 tempore
2632 2278 2742 2332 quo
2756 2264 2891 2319 dixit
2913 2265 3174 2320 Dominus
3191 2265 3258 2320 ad
3296 2263 3514 2319 Judaeos
3546 2283 3559 2318 :

303 2333 541 2404 πατέρες
570 2336 681 2388 τῶν
715 2339 1035 2392 ἀποστόλων
1067 2341 1381 2408 γεγόνασιν,
1409 2346 1456 2397 εἰ
1488 2346 1583 2398 καὶ
1606 2346 1730 2398 καθ’
1752 2348 1881 2399 ἐαυ-

301 2426 420 2486 τοὺς
453 2427 767 2492 ἀδοξοίείσι
793 2431 887 2484 καὶ
907 2433 1152 2499 φευκτοί.
1225 2433 1568 2506 Ἀρμόζομεν
1612 2437 1703 2490 τὸν
1746 2438 1881 2507 ψαλ-

300 2522 393 2591 μδν
417 2526 617 2581 τοῦτον
642 2529 738 2582 καὶ
762 2528 841 2600 τῷ
871 2529 1084 2601 βασιλεῖ
1115 2532 1274 2604 ἡμῶν
1321 2534 1465 2589 κατὰ
1516 2535 1626 2589 τῶν
1666 2537 1882 2604 Βαρϐά-

299 2629 422 2683 ρων,
462 2618 546 2682 ὼς
579 2621 674 2673 καὶ
709 2621 802 2675 τὸν
826 2623 934 2691 πρὸ
955 2624 1173 2680 τούτου.

1980 2352 2264 2407 Tolletura
2293 2353 2432 2408 vobis
2467 2370 2684 2424 regnum
2741 2356 2807 2420 ⁸⁸,
2859 2365 2989 2421 etc.,
3050 2357 3238 2428 gravia
3282 2352 3564 2411 adversus

1978 2459 2075 2500 eos
2129 2446 2181 2498 in
2216 2444 2338 2501 dies
2388 2456 2676 2517 cceperunt
2729 2448 2862 2501 oriri
2921 2447 3156 2517 ﬂagella.
3207 2446 3274 2502 In
3326 2448 3562 2516 reliquiis

1981 2539 2110 2601 tuis,
2144 2538 2248 2592 hoc
2300 2547 2384 2593 est
2446 2539 2499 2592 in
2568 2538 2634 2593 iis
2663 2537 2889 2602 ludatis.
2938 2540 3030 2609 qui
3096 2538 3450 2593 crediderunt
3507 2536 3563 2589 in

1982 2638 2034 2683 te
2099 2627 2296 2682 Filium
2328 2629 2449 2693 Dei,
2480 2638 2533 2684 et
2568 2632 2660 2701 qui
2695 2631 2792 2685 tibi
2834 2630 3014 2686 relicti
3049 2641 3177 2685 sunt
3234 2640 3294 2684 ut
3351 2629 3563 2687 ﬁdeles.

294 2710 665 2778 Pm’parabis,
707 2714 812 2770 hoc
846 2719 1228 2785 est,ornabis,
1257 2729 1309 2774 et
1342 2720 1679 2790 gloriﬁcabis
1704 2736 1878 2793 genus
1916 2735 2133 2776 eorum.
2169 2722 2398 2776 Summa
2438 2723 2641 2793 quippe
2673 2723 2847 2792 gloria
2888 2723 3055 2777 etiam
3123 2723 3394 2778 hactenus
3469 2721 3566 2775 Ju—

296 2808 421 2863 daeis
448 2819 570 2873 est,
602 2812 749 2881 quod
814 2822 1002 2883 patres
1066 2817 1446 2886 apostolorum
1510 2818 1766 2874 fuerint:

1852 2820 2073 2875 tametsi
2134 2819 2239 2890 ipsi
2299 2832 2398 2889 per
2457 2833 2518 2873 se
2584 2819 2799 2888 iuglorii
2868 2819 2980 2874 sint
3034 2826 3089 2872 et
3146 2818 3564 2874 abominabiles-

295 2902 606 2964 Possumus
661 2918 718 2963 et
769 2910 918 2966 hunc
979 2913 1256 2981 psalmum
1318 2913 1429 2985 regi
1488 2923 1684 2970 nostro
1735 2914 1880 2969 lideli
1954 2914 2398 2977 accommodare,
2478 2921 2533 2967 et
2583 2913 2850 2968 adversus
2938 2911 3187 2967 infideles
3267 2912 3565 2982 Barbaros,

295 2998 763 3065 quemadmodum
842 3003 1084 3061 diximus
1155 3007 1403 3077 proxime
1480 3007 1877 3076 praecedentem
1918 3008 2083 3062 etiam
2108 3005 2510 3062 accommodari
2545 3019 2725 3073 posse.

289 3090 384 3156 εις
412 3091 480 3145 τὸ
509 3091 695 3161 τέλος
722 3096 873 3171 ὑπὲρ
906 3098 1019 3165 τῆς
1048 3099 1432 3171 ἀντιλήψεως
1486 3100 1599 3171 τῆς·
1628 3099 1878 3168 ἑωθινῆς

1989 3100 2054 3155 111
2089 3102 2247 3170 ﬁnem
2273 3116 2369 3170 pro
2392 3098 2598 3153 auxilio
2638 3099 2901 3152 matutino
2951 3097 3199 3152 Psalmus
3240 3097 3342 3166 ipsi
3377 3096 3566 3151 David.

795 3169 1041 3237 ψαλμύς
1077 3170 1157 3233 τῷ
1181 3170 1381 3223 Δασίδ.

866 3260 1168 3314 ΨΑΛΜΟΣ
1199 3263 1333 3315 KA'.

372 3344 428 3398 '0
446 3345 679 3415 ψαλμὺς
701 3341 860 3412 οὗτος
896 3352 1153 3423 φανερῶς
1191 3356 1271 3417 είς
1318 3353 1553 3423 Χριστὸν
1574 3354 1839 3423 ἀνάγεται
1864 3370 1878 3385 °

292 3437 739 3507 προαναγορεύει
773 3441 881 3511 γὰρ
916 3442 988 3495 τὰ
1028 3444 1122 3496 τοῦ
1150 3444 1612 3516 προσλήμματος,
1666 3449 1759 3500 καὶ
1814 3448 1883 3500 τὰ

290 3527 379 3580 τοῦ
423 3530 713 3599 σωτηρίου
765 3533 974 3597 πάθους
1028 3536 1221 3601 αὑτοῦ,
1279 3536 1315 3592 ἃ
1358 3538 1510 3603 τέλος
1573 3540 1882 3610 εἰλήφασιν.

303 3617 469 3687 Ὑπὲρ
505 3619 631 3687 τῆς
654 3622 1040 3693 ἀντιλήψεως
1088 3626 1145 3679 δὲ
1181 3628 1614 3700 ἐπιγέγραπται,
1679 3631 1768 3685 διὰ
1823 3631 1884 3684 τὸ

295 3713 583 3783 περιέχειν
618 3713 851 3781 ίκεσίαν,
884 3716 1027 3786 ὑπὲρ
1056 3717 1151 3771 τοῦ
1177 3718 1352 3771 ἐλθεῖν
1385 3721 1536 3792 αὑτῷ
1591 3722 1742 3793 παρὰ
1784 3720 1881 3774 τοῦ

294 3805 502 3875 Πατρός
536 3807 609 3859 ὲν
639 3804 718 3876 τῷ
764 3808 946 3878 καιρῷ
1002 3810 1097 3862 τοῦ
1166 3811 1395 3876 πάθους,
1430 3816 1537 3877 ,εἰς
1595 3814 1884 3883 ἀντίληψιν

289 3895 660 3964 ὲνισχύουσαν
686 3913 701 3928 ⁸
735 3896 850 3964 τῆς
880 3899 1131 3966 ἑωθινῆς
1159 3902 1214 3955 δὲ
1250 3905 1606 3974 πρόσκειται,
1633 3906 1755 3958 ἀντί
1784 3907 1885 3974 τῆς

288 3986 375 4039 τοῦ
402 3987 683 4060 Χριστοῦ.
711 3989 947 4061 Ὀρθρος
977 3992 1087 4062 γὰρ
1113 3985 1270 4056 οὗτος
1302 3993 1651 4065 ὀνομάζεται,
1684 3998 1713 4051 ὅ
1736 3998 1886 4051 ἐστιν

287 4078 501 4148 ἡμέρας
539 4081 719 4151 ἀρχή.
768 4082 980 4145 Ὄντως
1032 4084 1141 4154 γὰρ
1196 4086 1475 4140 ἀνέτειλεν
1500 4088 1634 4157 ἡμῖν
1679 4092 1795 4152 τοῖς
1826 4091 1887 4143 ἐν

288 4170 465 4224 σκότει
493 4173 608 4242 τῆς
638 4171 850 4242 πλάνης
916 4175 1256 4245 καθημένοις
1310 4179 1466 4249 ἥλιος
1509 4181 1884 4251 δικαιοσύνης,

286 4263 375 4314 καὶ
405 4264 529 4331 φῶς
559 4266 844 4330 γνώσεως.
888 4267 1126 4323 ’ἱκέτευε
1152 4269 1208 4322 δὲ
1265 4270 1344 4334 ὠς
1395 4270 1705 4342 ἄνθρωπος,
1736 4275 1886 4328 διδά-

289 4369 429 4407 σκων
460 4354 738 4426 εῦχεσθαι
764 4358 906 4412 κατὰ
929 4359 1022 4414 τὸν
1049 4360 1145 4414 τοῦ
1183 4362 1421 4417 θανάτου
1454 4365 1672 4437 καιρόν.
1721 4367 1886 4420 Φύσει

2548 3256 2867 3316 ΡεΑωιυε
2895 3255 3041 3311 XXI.

2056 3352 2306 3408 Praesens
2332 3350 2587 3407 Psalmus
2652 3349 3101 3406 manifestissime
3158 3351 3224 3404 ad
3286 3348 3567 3405 Christum

1985 3444 2312 3500 referendus
2342 3453 2449 3508 est,
2486 3450 2541 3497 et
2566 3444 2739 3496 multa
2769 3441 3041 3512 praedicit,
3077 3456 3200 3512 quae
3230 3440 3299 3495 ad
3352 3455 3568 3495 assum-

1985 3548 2131 3608 ptam
2156 3553 2381 3594 carnem
2408 3544 2462 3592 et
2482 3536 2547 3592 ad
2580 3535 2881 3590 salutarem
2929 3535 3051 3603 eius
3077 3534 3387 3603 passionem
3447 3550 3572 3603 pcr-

1986 3632 2262 3696 tinent,et
2284 3629 2395 3699 jam
2456 3628 2618 3682 tinem
2673 3642 2831 3682 suum
2906 3634 3205 3681 consecuta
3254 3633 3406 3680 sunt.
3463 3624 3570 3678 Pro

1985 3722 2184 3775 auxilio
2221 3733 2402 3774 autem
2459 3718 2584 3774 ideo
2613 3718 2942 3787 inscriptum
2977 3723 3081 3777 est.
3117 3715 3247 3786 quia
3281 3714 3567 3784 supplica-

1984 3814 2191 3867 tionem
2221 3811 2430 3867 Christi
2491 3813 2763 3873 continet,
2818 3824 2925 3878 qua
2982 3808 3262 3877 passionis
3319 3817 3569 3876 tempore

1988 3919 2016 3956 a
2060 3901 2225 3956 Patre
2252 3901 2518 3955 auxilium
2547 3900 2724 3970 petiit.
2753 3898 3077 3953 Matutinum
3095 3913 3229 3953 vero
3253 3914 3349 3953 seu
3379 3900 3567 3965 etiam,

1988 4005 2047 4049 ut
2074 3995 2262 4050 Graeca
2325 3992 2496 4047 dictio
2553 3999 2735 4056 sonat,
2781 3990 3049 4046 orientale
3112 3990 3378 4045 auxilium
3433 3991 3570 4042 Pro-

1987 4088 2148 4158 pheta
2179 4086 2459 4142 Christum
2498 4083 2813 4155 appellavit,
2848 4081 2942 4152 qui
2978 4097 3138 4136 maue
3171 4089 3338 4152 atque
3383 4081 3568 4135 oriens

1987 4186 2241 4240 vocatur,
2274 4175 2375 4231 hoc
2404 4183 2486 4230 est
2515 4173 2623 4228 diei
2651 4172 3010 4244 principium.
3041 4170 3182 4226 Vere
3212 4172 3361 4226 enim
3413 4170 3572 4240 nobis

1990 4268 2279 4332 Dominus,
2311 4267 2636 4322 sedentibus
2663 4266 2718 4320 in
2754 4265 2949 4319 umbra
2983 4264 3206 4327 mortis,
3241 4278 3350 4317 non
3406 4278 3569 4318 secus-

1992 4376 2054 4414 ac
2079 4359 2163 4415 sol
2186 4357 2412 4428 quidam
2434 4356 2666 4427 iustitiae
2688 4363 2847 4411 ortus
2874 4361 2982 4419 est,
3015 4370 3112 4410 seu
3136 4354 3322 4407 lumen
3382 4354 3567 4408 scien-

286 4442 391 4513 γὰρ
422 4444 557 4498 τότε
587 4446 682 4498 καὶ
710 4447 738 4499 ὁ
766 4446 911 4501 πάνυ
941 4449 1176 4515 δίκαιος,
1209 4451 1385 4523 δειλιᾷ
1429 4454 1489 4509 τὸ
1553 4456 1742 4510 καινὸν
1783 4459 1880 4528 τῆς

1988 4455 2096 4509 tim.
2126 4452 2283 4519 Quod
2315 4460 2497 4507 autem
2527 4450 2820 4521 supplicat,
2856 4447 2986 4502 facit
3048 4455 3311 4517 tanquam
3380 4446 3566 4508 homo,

287 4534 651 4602 διαζεύξεως.
686 4540 848 4604 Τινὲς
878 4541 934 4595 δὲ
956 4543 1208 4608 νοοῦντες
1242 4546 1503 4617 πρόθεσιν
1529 4549 1652 4602 ἀντὶ
1678 4551 1883 4621 προθέ-

290 4642 446 4691 σεως.
483 4629 619 4691 ἔθος
667 4630 779 4702 γὰρ
824 4633 921 4687 καὶ
957 4635 1119 4689 τοῦτο
1173 4639 1285 4701 τοῖς
1331 4638 1585 4704 παλαιοῖς
1627 4642 1763 4710 φασὶ
1796 4644 1888 4697 τὸν

287 4716 501 4787 ψαλμὸν
524 4719 725 4775 τοῦτον
756 4718 899 4778 εἶναι
929 4726 1061 4794 περί
1098 4728 1210 4781 τῶν
1238 4730 1429 4783 παθῶν
1468 4731 1564 4785 τοῦ
1621 4733 1666 4786 Χ
1677 4734 1887 4804 ριστοῦ.

287 4808 460 4864 ταῦτα
482 4812 603 4881 γάρ
632 4815 786 4868 ἐστιν
816 4816 1050 4888 ἑωθεινὴ
1069 4818 1379 4890 ἀντίληψις,
1422 4822 1504 4877 ὅτι
1532 4823 1657 4878 τότε
1689 4824 1891 4894 μᾶλλον

290 4896 632 4954 ἀντελάϐετο
661 4901 822 4973 ἡμῶν
849 4905 877 4957 ό
896 4903 1161 4983 δηλωθεις
1175 4907 1392 4978 δρθρος,
1428 4909 1457 4962 ὅ
1483 4910 1600 4963 ἐστι
1628 4910 1887 4981 Χριστὸς,

288 4991 507 5065 θανάτῳ
541 4996 784 5066 νικήσας
819 4996 911 5050 τὸν
943 4998 1005 5051 τὸ
1030 5000 1239 5070 κράτος
1271 5000 1469 5071 ἔχοντα
1490 5002 1589 5056 τοῦ
1625 5002 1887 5057 θανάτου.

1982 4554 2173 4601 11111οε
2192 4559 2354 4600 orare
2409 4543 2656 4610 doceret,
2695 4540 2749 4595 in
2781 4539 2978 4595 mortis
3039 4548 3286 4608 tempore
3327 4556 3342 4593 :
3394 4553 3574 4607 quau-

1983 4635 2281 4707 doquidem
2309 4636 2355 4689 is
2385 4634 2552 4690 etiam
2607 4634 2701 4704 qui
2751 4640 2947 4687 natura
3044 4631 3161 4700 ipsa
3227 4629 3572 4698 iustissimus

1984 4736 2090 4792 est,
2117 4735 2343 4797 propter
2378 4726 2650 4781 insuetam
2685 4724 2883 4779 anima:
2942 4737 3005 4777 ac
3045 4721 3295 4789 corporis
3360 4720 3569 4789 disjun-

1985 4819 2223 4875 ctionem
2259 4827 2393 4873 tunc
2423 4817 2690 4887 temporis
2740 4813 2997 4868 formidat
3056 4827 3120 4867 ac
3177 4811 3567 4883 perhorrescit.

1987 4910 2221 4978 Quidam
2258 4924 2388 4964 vero
2423 4906 2870 4979 praepositionem
2897 4920 3019 4975 pro,
3051 4904 3172 4958 loco
3224 4903 3569 4974 praepositio-

1993 5007 2082 5058 nis
2113 5001 2200 5067 de,
2234 5000 2472 5071 positam
2503 5013 2629 5054 esse
2698 4998 3071 5068 intelligentes
3136 4995 3219 5066 (ut
3270 4994 3401 5049 alibi
3453 4991 3570 5061 ple-

288 5102 525 5161 rumque
560 5092 883 5164 reperitur),
921 5095 1078 5151 aiunt
1141 5097 1414 5165 psalmum
1476 5081 1626 5156 hunc
1702 5101 1772 5157 de
1853 5100 2059 5156 Christi
2119 5098 2469 5169 passionibus
2522 5097 2900 5168 conscriptum
2964 5110 3107 5151 esse.
3161 5091 3365 5148 Christi
3422 5088 3564 5142 enim

288 5184 587 5246 passiones
654 5184 955 5255 significari
1017 5186 1232 5253 dicunt,
1303 5205 1400 5260 per
1470 5193 1735 5248 auxilium
1793 5193 2174 5260 matutinum;
2257 5190 2384 5261 quia
2468 5198 2896 5245 commemorato
2967 5185 3243 5259 passionis
3318 5191 3567 5251 tempore

292 5288 473 5339 ’πθηθο
506 5274 674 5344 “md.
706 5287 875 5349 atque
920 5279 1129 5347 oriens.
1154 5284 1302 5353 quod
1330 5286 1597 5352 diximus.
1624 5290 1732 5347 hoc
1765 5300 1871 5347 est.
1913 5289 2169 5345 Christus
2200 5305 2215 5355 ;
2247 5287 2542 5343 maximum
2580 5285 2740 5342 nobis
2771 5285 3038 5340 auxilium
3125 5277 3400 5352 praestitit.
3468 5276 3571 5331 δι’·

290 5364 435 5420 victo
463 5382 569 5436 per
604 5378 836 5424 mortem
871 5373 1167 5442 propriam,
1201 5377 1295 5433 illo
1330 5388 1563 5448 tyranno
1588 5385 1685 5452 qui
1723 5386 1918 5439 mortis
1940 5392 2103 5437 antea
2135 5382 2423 5453 imperium
2462 5385 2852 5451 occupaverat.

367 5461 426 5513 '0
463 5461 647 5527 Θεὸς,
682 5467 716 5518 ό
746 5466 892 5532 Θεός
912 5484 1054 5535 μου,
1084 5472 1354 5540 πρόσχες
1374 5493 1503 5543 μοι,
1557 5479 1717 5533 ίνατι
1779 5479 1879 5548 ἐγ-

293 5548 627 5615 κατέλιπές
651 5568 761 5621 με’
814 5555 1030 5620 Δειλίας
1084 5558 1183 5627 μὲν
1234 5558 1583 5633 ἀνθρωπίνης
1619 5566 1647 5617 δ
1677 5564 1834 5632 λόγος
1865 5582 1880 5598 ο

365 5729 410 5761 ⁸⁷
450 5727 626 5785 Joan.
674 5747 789 5802 xlv,
839 5736 893 5791 9.
973 5737 1020 5769 “
1056 5738 1254 5797 Matth.
1310 5756 1427 5808 xxi,
1470 5741 1563 5796 45.

2061 5476 2228 5534 Vens.
2259 5477 2313 5531 2.
2352 5477 2494 5533 Deus
2525 5493 2672 5531 meus
2713 5474 2916 5543 respice
2939 5472 2993 5525 iu
3032 5484 3113 5522 me
3141 5481 3305 5535 quare
3348 5479 3429 5517 me
3477 5462 3569 5515 de-

1994 5565 2290 5637 reliquisti?
2321 5565 2585 5622 Humana:
2619 5572 2700 5622 est
2734 5560 3044 5619 formidinis
3078 5570 3285 5619 sermo,
3314 5567 3426 5625 quo
3452 5566 3571 5608 ma-
