4054 6210
323 221 414 281 277
1438 223 1833 287 COMMENT.
1876 224 1954 285 IN
1987 224 2349 285 PSALMOS.

3443 224 3546 288 ἴέῗέ

380 324 454 377 Σὺ
477 324 542 376 δὲ
565 324 634 376 ἐν
652 325 798 393 ἁγίῳ
821 328 1134 395 κατοικεῖς,
1155 331 1187 383 δ
1203 329 1451 395 ἔπαινος
1474 330 1581 385 τοῦ
1601 328 1872 399 Ἰσραήλ.

2055 325 2218 383 Vens.
2251 330 2303 382 ὁ.
2340 329 2415 383 Tu
2449 339 2648 394 autent,
2696 328 2934 387 Domine.
2973 333 3025 384 in
3080 341 3265 384 sancto
3316 333 3548 401 habitas,

318 419 492 483 Ἀγιον
528 417 688 471 καλεῖ
709 419 801 472 τὸν
854 421 1137 489 ἡνωμένον
1161 423 1337 493 ἐαυτῷ
1369 424 1493 477 Υἱὸν
1550 426 1645 478 καὶ
1715 425 1868 478 Θεόν.

316 511 416 563 Καὶ
442 512 495 560 ἐν
515 509 931 581 τῷθεύαγγελξῳ
952 512 1030 575 δὲ,
1064 515 1229 583 φησιν
1250 532 1263 546 ο
1301 515 1447 585 Ἐγὼ
1470 516 1539 569 ἐν
1561 516 1640 569 τῶ
1667 515 1868 585 Harp),

312 604 400 657 καὶ
428 607 457 656 ό
478 602 680 668 Πατὴρ
698 604 770 656 ἐν
789 605 941 672 ἐμοί.
969 606 1229 669 Ἐπαινος
1251 608 1306 661 δὲ
1326 608 1420 662 τοῦ
1458 608 1690 679 Ἰσραὴλ,
1716 610 1744 661 6
1767 610 1877 661 Πα-

311 696 431 762 τὴρ,
452 694 534 746 ὅτι
563 692 813 748 Ἰουδαῖοι
835 695 933 765 τὴν
960 695 1289 765 θεογνωσίαν
1324 702 1482 761 μόνον
1503 699 1876 768 ὲνεκαυχῶντο

314 786 382 855 μὴ
420 786 700 848 ποιοῦντες
728 789 905 855 κρῖμα
950 788 1047 839 καὶ
1081 787 1455 859 δικαιοσύνην,
1503 790 1626 860 μηδ’
1656 789 1873 861 ἔχοντες

312 878 523 948 ἀρετήν.
560 879 657 931 Διὰ
684 878 739 931 δὲ
770 878 866 931 τοῦ
898 881 1097 944 εἰπεῖν,
1118 882 1200 933 ὅτι
1234 883 1525 944 Κατοικεῖς
1555 882 1614 933 ὲν
1635 882 1711 948 τῷ
1736 880 1873 950 Υἱῷ,

311 968 520 1033 ἔδειξεν.
562 969 642 1021 ὅτι
709 969 854 1023 θέλει
897 971 990 1023 καὶ
1028 973 1057 1023 6
1092 972 1218 1035 Υἱὸς
1283 975 1381 1043 τὴν
1433 974 1710 1042 σωτηρίαν
1766 972 1876 1025 τῶν

310 1061 625 1131 ἀνθρώπων,
680 1066 775 1116 καὶ
824 1064 924 1117 οὐκ
982 1064 1300 1118 ἀποσείεται
1348 1064 1441 1118 τὸν
1500 1066 1727 1120 θάνατον
1780 1064 1875 1118 τοῦ

310 1150 770 1221 προσλήμματοςο
828 1153 890 1205 ἓν
943 1154 1055 1226 γάρ
1101 1153 1181 1223 τῷ
1239 1155 1416 1224 Πατρὶ
1469 1156 1565 1208 καὶ
1624 1153 1701 1223 τῷ
1758 1153 1876 1225 Υἱῷ

313 1241 532 1314 θέλημα.

384 1419 506 1473 Ἐπὶ
539 1420 640 1474 σοι
683 1420 959 1490 ἤλπισαν
984 1427 1040 1479 οὶ
1069 1424 1320 1494 πατέρες
1354 1425 1526 1494 ἡμῶν
1545 1442 1557 1456 '
1577 1425 1879 1496 ἤλπισαν,

307 1510 399 1564 καὶ
420 1512 650 1578 sepem»
667 1515 891 1579 αὐτούς
908 1529 927 1547 ο
947 1516 1097 1584 πρὸς
1118 1516 1193 1569 σὲ
1212 1517 1568 1585 ἐκέκραξαν,
1616 1519 1709 1572 καὶ
1728 1520 1851 1573 ἐσώ
1864 1550 1880 1560 -

311 1606 528 1667 θησαν
559 1604 767 1658 salvo!
786 1606 1083 1675 ῆῖπισαν,
1111 1607 1207 1662 καὶ
1235 1611 1308 1663 οὐ
1336 1611 1879 1680 κατῃσχύνθησιιν.

312 1697 602 1763 Ζεύγνυσιν
656 1699 972 1761 ἑαυτδντοῖς
1006 1700 1497 1771 ἑπηρεαζομένοις,
1548 1705 1640 1757 καὶ
1685 1704 1875 1772 φησιν,
1907 1685 1950 1744 Β

312 1790 381 1853 ὡς
404 1791 450 1844 οἱ
499 1791 643 1846 κατὰ
661 1794 840 1862 σάρκα
872 1795 1110 1862 πατέρες
1146 1794 1323 1866 ἡμῶν,
1351 1794 1400 1848 οἱ
1440 1796 1545 1867 πρὸ
1605 1796 1704 1865 τῆς
1732 1795 1876 1867 ίμῆς

307 1885 595 1954 ἐπιδημίας
630 1887 687 1938 ὲν
715 1887 795 1959 τῷ
818 1885 919 1959 βίῳ
968 1887 1304 1959 λάμψαντες,
1342 1890 1435 1942 ἐπὶ
1478 1892 1562 1943 σοὶ
1581 1890 1846 1962 ﬁlms-sv,

307 1977 393 2029 καὶ
421 1977 739 2048 βοήσαντες,
772 1978 1122 2051 ὲρῤύσθησαν
1143 1981 1252 2034 τῶν
1276 1980 1557 2035 κινδύνων.
1601 1981 1878 2044 Ἐκείνους

304 2066 393 2121 οὖν
417 2068 579 2137 κάγὼ
604 2070 968 2141 μιμούμενος,
1005 2072 1080 2136 ὡς
1114 2074 1301 2142 ὅμοιος
1325 2072 1530 2136 αὐτοῖς,
1560 2071 1763 2142 ὁμοίως
1783 2073 1877 2125 καὶ

310 2158 462 2222 αὐτὸς
497 2159 767 2231 ποιοῦμαι
807 2162 908 2232 τὴν
966 2162 1177 2234 δέησιν.
1230 2160 1472 2234 Σύνηθες
1514 2162 1570 2216 δὲ
1607 2162 1685 2228 τῷ
1744 2164 1880 2232 Προ-

306 2252 443 2325 φήτῃ
462 2252 568 2316 τὰς
594 2254 772 2318 λέξεις
807 2255 1069 2319 πολλάκις
1095 2256 1445 2319 ἀναδιπλοῦν,
1474 2257 1569 2309 καὶ
1600 2254 1881 2325 τριπλοῦν,

307 2345 379 2405 εἰς
406 2342 653 2413 ἔμφασιν
683 2344 775 2397 τοῦ
823 2346 980 2397 τόνου
1022 2345 1140 2419 τῆς
1178 2346 1445 2416 καρδίας.
1484 2344 1770 2415 Λύτρωσιν
1815 2344 1875 2399 δὲ

308 2434 553 2488 κινδύνου
589 2435 844 2500 λέγουσιν
871 2437 919 2489 οἱ
979 2435 1135 2505 σοφοὶ
1188 2435 1257 2489 τὰ
1308 2435 1449 2500 θεῖα,
1479 2437 1539 2488 ού
1575 2436 1734 2505 μόνον
1790 2437 1882 2489 ἐπὶ

308 2523 582 2596 σώματος,
615 2526 751 2579 ἀλλὰ
781 2526 961 2597 πολλῷ
1022 2527 1225 2596 μᾶλλον
1256 2528 1347 2581 ἐπὶ
1372 2527 1576 2597 ψυχῆς,
1604 2527 1732 2580 ὅταν
1753 2543 1881 2594 γεν-

304 2617 460 2680 ναίως
499 2619 806 2687 ἐνεγκοῦσα
825 2621 926 2683 τὰς
950 2621 1167 2686 ὀδύνας,
1209 2621 1374 2690 μηδὲν
1430 2621 1678 2674 ἐντεῦθεν
1733 2621 1880 2695 πάθῃ

1982 422 2101 476 laus
2143 422 2339 477 Israel.
2374 422 2476 479 Per
2506 432 2787 489 sanctum,
2811 424 2931 479 Filii
2962 441 3253 495 personam
3277 429 3551 498 intelligit,

1983 516 2237 571 humana:
2270 517 2628 585 conjunctam
2702 528 2933 572 natura).
2986 518 3095 587 Ego
3125 521 3293 585 enim,
3350 521 3550 591 inquit,

1982 610 2033 661 in
2072 608 2234 663 Patre
2263 622 2310 663 et
2348 608 2512 663 Pater
2546 612 2599 664 in
2630 626 2709 664 me
2737 611 2904 664 est".
2955 610 3101 666 Laus
3153 612 3314 682 igitur
3368 613 3551 684 populi

1984 700 2171 765 Israel,
2210 701 2351 757 Deus
2382 702 2546 758 Pater
2564 714 2669 769 est,
2701 704 2794 774 qui
2826 704 3036 758 habitat
3079 704 3133 758 in
3181 703 3337 759 Filio.
3375 704 3549 760 Judaei

1983 795 2209 865 quippe,
2237 795 2388 852 solos
2416 812 2475 850 se
2525 811 2863 867 cognoscere
2922 796 3094 851 Deum
3151 797 3552 868 gloriabantur,

1985 888 2200 944 tametsi
2246 889 2631 958 necjudicium
2658 889 2927 951 facerent.
2967 905 3067 947 nec
3102 890 3394 958 justitiam.
3456 906 3554 943 nec

1985 977 2248 1031 virtutum
2309 979 2536 1034 semitas
2590 988 2957 1037 sectarentur.
2990 978 3060 1034 Iis
3124 988 3307 1033 autem
3374 981 3555 1034 verbis

1985 1069 2187 1138 quibus
2245 1069 2464 1124 Patrem
2502 1073 2578 1125 ait
2625 1071 2876 1127 habitare
2910 1072 2965 1126 in
3000 1070 3162 1135 Filio,
3208 1070 3557 1127 demonstrat

1986 1160 2131 1229 quod
2166 1158 2338 1215 Filius
2370 1168 2423 1216 et
2463 1162 2697 1217 salutem
2735 1164 3020 1219 hominum
3051 1163 3343 1233 optaverit,
3380 1174 3433 1218 et
3466 1179 3554 1218 as-

1986 1252 2189 1322 sumpti
2213 1253 2466 1323 corporis
2495 1262 2727 1308 inertem
2755 1270 2864 1309 non
2889 1256 3245 1311 recusaverit.
3271 1254 3386 1311 Una
3412 1258 3556 1310 enim

1986 1354 2152 1415 atque
2183 1347 2371 1400 eadem
2391 1354 2479 1401 est
2517 1345 2665 1400 Patri
2697 1345 2949 1416 Filioque
2983 1349 3264 1403 voluntas.

2058 1435 2227 1491 Vens.
2261 1438 2315 1493 5.
2352 1436 2417 1491 1η
2455 1447 2502 1492 te
2524 1447 2868 1502 speraverant
2896 1449 3076 1508 patres
3102 1441 3291 1505 nostri,
3327 1456 3561 1508 sperave-

1989 1539 2112 1584 runt
2149 1538 2197 1583 et
2230 1530 2470 1584 [ἔθει-αειὶ
2500 1547 2613 1593 eos,
2667 1530 2737 1584 ad
2769 1541 2818 1584 te
2866 1531 3234 1585 clamauerunt
3267 1540 3316 1584 et
3368 1531 3561 1585 salvati

1988 1632 2132 1687 sunt,
2160 1623 2284 1677 inte
2332 1632 2673 1690 speraverant
2693 1632 2742 1678 et
2774 1640 2875 1678 non
2901 1631 3025 1678 sunt
3051 1623 3283 1692 confusi.
3308 1622 3557 1692 Seipsum

1983 1730 2107 1768 cum
2135 1714 2360 1769 afﬂictis
2395 1715 2705 1786 coniungit,
2733 1725 2897 1786 atque
2938 1715 3054 1775 ait:
3088 1713 3559 1781 Quemadmodum

1985 1813 2170 1873 patres
2204 1803 2378 1858 nostri
2415 1803 2721 1859 secundum
2775 1812 3020 1868 carnem,
3063 1801 3155 1872 qui
3193 1809 3322 1856 ante
3379 1815 3559 1855 meum

1986 1893 2306 1958 adventum,
2345 1893 2396 1946 in
2433 1892 2533 1946 hac
2561 1894 2672 1947 vita
2712 1893 2847 1947 clari
2885 1894 3036 1947 fuere
3086 1897 3454 1961 spcraverunt
3506 1889 3561 1941 in

1985 1992 2059 2047 te,
2093 1993 2146 2039 et
2177 1985 2478 2038 clamantes
2511 1983 2577 2038 ad
2610 1994 2661 2038 te
2684 1984 2737 2037 in
2790 1984 3072 2052 periculis,
3103 1997 3169 2036 ex
3224 1982 3292 2037 iis
3340 1980 3555 2035 liberati

1986 2084 2145 2131 sunt:
2191 2074 2266 2129 ita
2299 2090 2400 2141 ego
2430 2073 2849 2138 illosimitatus,
2880 2089 2943 2129 ac
2988 2074 3153 2127 veluti
3206 2072 3425 2127 illorum
3484 2072 3563 2123 si-

1988 2157 2395 2230 miiis,similes
2456 2166 2622 2221 etiam
2658 2166 2725 2218 ad
2758 2172 2811 2219 te
2860 2163 3140 2219 eﬂ'undam
3196 2177 3410 2234 preces.
3468 2159 3564 2212 Est

1987 2266 2170 2312 autem
2204 2257 2598 2329 prOphetarum
2631 2270 2770 2321 mos,
2799 2265 2857 2313 ut
2915 2255 2980 2309 ad
3035 2254 3299 2323 majorem
3341 2252 3565 2321 empha-

1986 2351 2113 2413 sim,
2146 2357 2311 2419 atque
2342 2359 2400 2404 ut
2426 2349 2795 2403 intensionem
2830 2347 3080 2404 cordium
3114 2361 3342 2402 suorum
3368 2341 3564 2397 melius

1986 2439 2290 2500 declarent.
2317 2438 2593 2493 dictiones
2630 2453 2693 2492 ac
2741 2437 3050 2492 sententias
3104 2435 3428 2503 plerumque
3479 2448 3565 2485 re-

1985 2540 2175 2598 petant
2205 2539 2259 2586 et
2294 2530 2597 2586 inculcent.
2634 2528 2738 2583 Per
2761 2528 3145 2583 liberationem
3180 2532 3364 2579 autem
3400 2537 3430 2576 a
3470 2538 3566 2592 pe.-

1984 2622 2197 2684 riculis,
2253 2619 2289 2674 ii
2323 2621 2413 2691 qui
2468 2620 2523 2674 in
2586 2621 2763 2676 sacris
2808 2617 3118 2688 Scriptor-is
3177 2615 3323 2670 docti
3376 2629 3439 2667 ac
3468 2611 3562 2666 diu

304 2710 426 2777 περὶ
449 2709 556 2782 τὴν
599 2710 877 2781 πρόθεσιν.
926 2713 1087 2766 Οὕτω
1128 2718 1239 2784 γὰρ
1298 2716 1348 2767 οἱ
1401 2716 1679 2787 μάρτυρες
1731 2714 1883 2767 ἁναιο

1989 2715 2178 2769 versati
2218 2720 2370 2778 sunt,
2400 2728 2507 2767 non
2550 2711 2803 2781 corporis
2864 2710 3066 2772 solum,
3122 2720 3312 2761 verum
3364 2705 3564 2759 animae

306 2800 581 2872 ρεθέντες,
615 2805 958 2875 νενικηκέναι
982 2805 1232 2874 λέγονται
1267 2806 1356 2860 διὰ
1386 2806 1447 2859 τδ
1477 2807 1752 2878 ἀήττητον
1780 2806 1881 2876 τῆς

303 2892 494 2963 ψυχῆς.

1980 2806 2159 2877 magis
2220 2805 2607 2859 liberationem
2658 2802 3009 2871 intelligunt:
3077 2797 3299 2871 quando
3355 2795 3565 2850 scilicet

1982 2900 2161 2953 anima
2204 2898 2422 2954 dolores
2460 2913 2653 2954 omnes
2679 2912 2742 2951 ac
2779 2893 3048 2963 supplicia
3092 2906 3357 2961 generose
3382 2889 3565 2951 ferens

304 2986 431 3041 nihil
483 2986 645 3042 illiue
699 2990 751 3042 in
783 3003 886 3043 suo
922 2988 1137 3044 laeditur
1184 2988 1488 3059 proposito.
1536 2986 1652 3043 iioc
1707 2997 1870 3058 pacto
1909 2996 2134 3044 sanctos
2166 2994 2464 3058 martyres.
2545 2985 2761 3040 tametsi
2809 2982 2974 3037 occisi
3041 2979 3244 3036 iuerint
3274 3019 3287 3041 ,
3361 2978 3565 3033 vicisse

302 3078 569 3144 dicimus,
604 3089 656 3133 et
686 3080 951 3136 liberatos
983 3097 1128 3144 esse,
1155 3089 1383 3150 propter
1407 3081 1668 3135 invictam
1701 3081 1963 3135 nimirum
1990 3080 2606 3135 animmfortitudinem.

382 3169 540 3239 Ἐγὼ
570 3168 637 3222 δέ
660 3172 778 3238 ειμι
808 3170 1082 3235 σκώληξ,
1123 3170 1219 3223 καὶ
1253 3171 1366 3224 οὐκ
1403 3167 1715 3237 ἅνθρωπος
1743 3168 1879 3240 (79).

2064 3169 2227 3225 Vens.
2262 3170 2315 3224 7.
2354 3167 2464 3236 Ego
2522 3176 2699 3223 autem
2760 3184 2876 3220 sum
2925 3164 3117 3219 vermis
3148 3170 3195 3216 et
3230 3176 3333 3214 non
3362 3158 3562 3211 'lzomo.

302 3262 468 3316 Τοῦτο
497 3259 657 3323 εἶπε,
686 3261 962 3315 ταπεινῶν
993 3263 1206 3317 ἑαυτόν.
1242 3263 1352 3317 Καὶ
1384 3263 1550 3316 Δαόὶδ
1572 3261 1680 3331 γάρ
1699 3265 1726 3316 6
1754 3280 1889 3331 apo—

304 3356 476 3425 φήτης
506 3356 616 3410 καὶ
647 3354 923 3426 βασιλεὺς,
957 3355 1096 3409 κῦνα
1138 3344 1445 3425 τεθνηκότα
1495 3354 1653 3409 καλεῖ
1692 3354 1886 3408 ἑαυτὸν

303 3447 357 3499 ἐν
389 3450 452 3517 τῇ
488 3446 670 3518 βίϐλῳ
705 3445 816 3499 τῶν
871 3445 1192 3500 Βασιλειῶν.
1250 3446 1310 3500 Ει
1343 3447 1387 3498 δ’
1428 3449 1456 3501 6
1503 3447 1887 3520 ἀναμάρτητος

312 3538 515 3609 Ἰησοῦς
530 3538 708 3603 οὕτως
738 3541 930 3594 ἑαυτὸν
947 3539 1147 3608 φαυλιζ
1150 3557 1220 3605 ει,
1234 3539 1288 3592 τι
1305 3539 1367 3593 ἂν
1382 3540 1539 3611 ἡμεῖς
1561 3541 1608 3592 οἱ
1628 3540 1890 3611 ἁμαρτω-

306 3628 386 3683 λοὶ
452 3633 564 3686 καὶ
598 3630 796 3697 φαῦλοι
866 3632 1187 3702 ποιήσωμεν
1213 3647 1227 3693 ;
1259 3631 1392 3683 Φασὶ
1407 3630 1462 3684 δέ
1491 3647 1656 3693 τινες,
1675 3631 1763 3684 διὰ
1788 3632 1887 3700 τὴν

303 3721 665 3776 ἀσυνδίαστον
682 3722 841 3775 τοῦτο
864 3722 1095 3793 ῥηθῆναι
1119 3722 1395 3791 γέννησιν.
1449 3721 1538 3786 Ὠς
1557 3726 1666 3793 γάρ
1687 3724 1714 3775 6
1745 3722 1888 3775 σκώ-

305 3811 399 3881 ληξ
424 3814 650 3869 ἄνωθεν
684 3812 1007 3878 ἐπελθόντος
1042 3812 1136 3866 τοῦ
1164 3813 1349 3876 ὑετοῦ,
1377 3816 1443 3884 τῇ
1462 3819 1531 3885 γῇ
1579 3814 1887 3881 κυῖσκεται,

301 3906 443 3959 οὕτω
478 3907 587 3961 καὶ
624 3909 652 3959 6
680 3906 941 3976 Χριστὸς,
966 3889 1529 3969 ἄνωθενύπελθόντος
1585 3907 1680 3960 τοῦ
1731 3907 1887 3972 animi

306 3994 438 4047 Πνεύ
448 4010 634 4065 ματος
659 3996 724 4065 τῇ
753 3994 1033 4065 Παρθένῳ,
1059 3996 1411 4066 γεγέννηται,
1436 3994 1663 4065 Σκώληξ
1691 3995 1790 4066 μὲν
1824 3997 1890 4049 ἂι.-

302 4085 515 4154 λέγοιτο
561 4085 652 4139 διὰ
680 4087 881 4140 ταῦτα·
942 4087 1230 4158 ἄνθρωπος
1283 4087 1339 4140 δὲ
1396 4088 1579 4152 πάλιν,
1638 4088 1727 4141 διά
1790 4089 1889 4160 τὴν

305 4178 574 4252 ὑπερφυῆ
608 4178 864 4248 γέννησιν
920 4179 1015 4233 καὶ
1062 4177 1349 4250 σύλληψιν.
1415 4181 1486 4233 Ἢ
1540 4181 1636 4233 καὶ
1690 4180 1889 4246 ἄλλως,

302 4266 382 4324 ὅτι
409 4273 620 4341 δέλεαρ
646 4273 759 4335 τοῖς
803 4271 1054 4342 δαίμοσιν
1102 4272 1291 4342 ἐφόρει
1340 4273 1440 4342 τὴν
1462 4272 1665 4343 σάρκα,
1703 4274 1794 4341 ὑφ’
1824 4276 1890 4344 ἣν

302 4359 362 4411 τὸ
389 4361 491 4430 τῆς
514 4360 784 4430 θεότητος
815 4360 1123 4433 ἐκρύπτετο
1174 4363 1473 4437 ἄγκιστρον
1493 4381 1505 4394 ·
1566 4363 1760 4434 δέλεαρ
1783 4367 1889 4433 γὰρ

306 4452 505 4521 ἰχθύων
537 4455 578 4506 ὁ
599 4451 1087 4523 σκώληξ.Ἐγένετο
1116 4454 1224 4524 γὰρ
1246 4454 1438 4526 δέλεαρ
1462 4457 1542 4517 εἰς
1574 4453 1778 4508 ἅλωσιν
1799 4455 1888 4508 τοῦ

1993 3263 2105 3316 Hoc
2136 3262 2300 3315 etiam
2333 3276 2395 3312 ex
2417 3273 2652 3326 persona
2683 3256 2889 3311 Christi
2913 3254 3068 3317 dicit,
3096 3251 3352 3320 seipsum
3381 3247 3566 3303 immi-

1991 3352 2173 3408 liantis
2200 3350 2333 3423 (‘79).
2357 3352 2473 3408 [Ioc
2493 3360 2655 3422 pacto
2679 3351 2871 3407 beatus
2907 3347 3071 3402 etiam
3095 3343 3286 3406 David,
3316 3342 3407 3411 qui
3434 3340 3567 3393 alio-

1989 3447 2117 3515 quin
2147 3454 2200 3499 et
2230 3444 2494 3515 propheta
2525 3452 2663 3500 erat.
2706 3448 2760 3496 et
2804 3456 2920 3503 rex,
2945 3452 3138 3495 canem
3179 3450 3239 3492 se
3284 3441 3558 3489 mortuum

1990 3534 2318 3603 appellabat,
2341 3534 2474 3589 utin
2500 3533 2660 3589 libris
2687 3531 2893 3602 Regum
2912 3529 3164 3601 legimus.
3192 3526 3351 3594 Quod
3384 3524 3429 3580 si
3459 3522 3565 3576 Do-

1991 3627 2174 3682 minus
2202 3625 2364 3681 Jesus
2394 3626 2486 3695 qui
2521 3625 2640 3680 sine
2671 3630 2897 3693 peccato
2928 3630 3069 3686 erat,
3108 3634 3165 3676 se
3198 3619 3376 3689 ipsum
3432 3616 3568 3670 adeo

1991 3718 2296 3785 vilipendlt,
2325 3716 2453 3784 quid
2490 3713 2801 3770 faciendum
2839 3712 3001 3768 nobis
3034 3719 3138 3775 est,
3167 3711 3337 3781 quiet
3369 3722 3565 3778 pecca-

1993 3818 2140 3861 tores
2170 3815 2223 3861 et
2254 3808 2388 3861 adeo
2420 3806 2645 3861 inutiles
2673 3804 2905 3861 sumus?
2930 3803 3163 3868 Quidam
3193 3809 3384 3872 putant
3404 3798 3566 3851 verba

1993 3899 2158 3967 hujus
2184 3899 2463 3962 versiculi,
2494 3898 2641 3951 dicta
2678 3911 2803 3952 esse
2832 3901 3056 3966 propter
3082 3893 3379 3947 humanam
3409 3889 3569 3944 Chri-

1994 3990 2065 4045 sti
2107 3988 2547 4058 generationem,
2574 4001 2698 4056 qure
2728 3987 2935 4054 absque
2966 3984 3080 4037 ulla
3145 3981 3247 4035 viri
3280 3981 3384 4035 fuit
3438 3995 3571 4034 con-

1991 4081 2303 4153 junctione:
2341 4089 2400 4134 ut
2428 4079 2745 4149 hujusmodi
2812 4078 2991 4131 verbis
3026 4074 3161 4129 illud
3213 4072 3372 4129 nobis
3428 4073 3571 4126 indi-

1993 4179 2175 4235 cetur,
2200 4171 2347 4243 quod
2403 4169 2867 4242 quemadmodum
2929 4166 3137 4221 vermis
3177 4180 3207 4220 c
3240 4163 3422 4234 pluvia
3476 4177 3574 4216 na-

1996 4266 2170 4319 scitur
2202 4265 2437 4334 desuper
2469 4263 2522 4317 in
2582 4271 2782 4316 terram
2808 4259 3086 4320 veniente,
3126 4258 3199 4311 ita
3235 4263 3288 4310 et
3312 4255 3570 4309 Christus

1996 4373 2238 4427 Superno
2262 4358 2440 4411 sancti
2475 4354 2714 4425 Spiritus
2747 4354 2801 4407 in
2863 4351 3142 4422 Virginem
3205 4348 3445 4402 adventu
3501 4346 3571 4399 sit

1997 4461 2310 4519 generatus.
2346 4449 2427 4504 0b
2462 4449 2601 4502 hanc
2644 4447 2805 4516 igitur
2842 4445 3108 4499 rationem
3148 4441 3425 4503 Christus,
3452 4452 3574 4492 ver-

302 4543 498 4612 νοητοῦ
526 4542 760 4613 κήτους,
811 4543 905 4596 τοῦ
950 4547 1016 4617 τῇ
1047 4544 1294 4617 θαλάσσῃ
1321 4544 1416 4598 τοῦ
1452 4546 1715 4615 παρόντος
1778 4545 1883 4616 βίοι

2005 4544 2107 4598 mis
2134 4543 2353 4606 dicitur,
2380 4542 2523 4611 quod
2558 4541 2663 4595 alia
2692 4539 2915 4609 insuper
2936 4538 3148 4591 ratione
3166 4532 3570 4593 dicituretiam,

305 4633 704 4708 ἒννηχομένου.
752 4636 841 4705 Τῷ
880 4638 981 4707 τῆς
1008 4636 1262 4708 θεότητος
1287 4637 1343 4690 δὲ
1378 4638 1661 4709 ἀγκίστρῳ
1697 4653 1889 4708 περιε-

307 4724 435 4797 τέθη
466 4728 502 4798 ἡ
537 4728 925 4797 άνθρωπότης.
963 4727 1021 4781 'O
1048 4728 1218 4799 κῆτος
1244 4728 1305 4781 τὸ
1331 4728 1527 4801 δέλεαρ
1556 4729 1889 4799 περιχανὼν,

308 4816 508 4890 ἀτελὴς
559 4819 664 4890 μὲν
694 4818 755 4872 τὸ
779 4815 938 4883 εἶδος,
963 4819 1316 4889 άφανιστικὸς
1343 4820 1400 4872 δὲ
1423 4819 1523 4888 τῆς
1569 4820 1700 4888 ὕλης
1717 4836 1733 4851 ο
1751 4818 1893 4873 οὕτω

312 4911 404 4963 καὶ
427 4911 743 4982 ὀΧριστδς,
768 4912 968 4983 ἀτελὴς
1006 4913 1104 4984 μὲν
1132 4908 1199 4984 ἦν
1222 4912 1282 4965 τδ
1305 4912 1632 4983 φαινόμενον
1651 4928 1667 4944 ο
1693 4912 1894 4981 ἀφανι-

314 5002 498 5067 στικδς
528 5003 614 5069 δὲ,
646 5001 752 5070 τῆς
774 5003 1165 5073 ἁντίκειμένης
1187 5003 1496 5074 δυνάμεως.

1997 4648 2108 4689 non
2141 4636 2329 4698 homo,
2366 4642 2587 4704 prepter
2658 4631 3080 4701 conceptionem
3118 4627 3267 4681 illam
3320 4624 3574 4678 nimirum

2001 4733 2055 4778 et
2088 4724 2496 4794 generationem
2520 4723 2640 4791 ejus
2664 4719 3158 4792 superuaturalem,
3179 4730 3301 4786 quae
3325 4716 3578 4769 humanm

1998 4816 2372 4888 generationis
2397 4814 2642 4869 ordinem
2671 4828 2777 4868 non
2806 4812 3069 4867 servavit.
3096 4809 3192 4864 Vel
3222 4809 3418 4863 aliter:
3450 4807 3577 4876 quia

2002 4924 2215 4964 vermes
2247 4908 2298 4961 in
2330 4922 2513 4964 escam
2554 4907 2801 4977 piscibus
2846 4906 2965 4958 dari
3007 4904 3215 4964 solent.
3245 4902 3335 4956 die
3368 4914 3432 4954 ea
3493 4913 3567 4951 ra-

2001 5001 2149 5055 tione
2175 4999 2459 5055 Cbristum
2486 5012 2725 5053 vermem
2760 4997 3019 5068 appellari
3058 5010 3240 5066 posse,
3293 4994 3422 5063 quia
3461 4990 3579 5059 ejus

312 5108 461 5158 caro,
513 5096 626 5150 sub
675 5109 787 5165 qua
839 5095 1099 5150 divm'rtas
1147 5095 1314 5150 veluti
1362 5093 1615 5150 occultus
1669 5093 1893 5164 quidam
1935 5091 2133 5146 bamus
2157 5090 2379 5157 latebat,
2408 5088 2586 5145 instar
2609 5089 2812 5144 vermis
2853 5089 2997 5143 facta
3026 5095 3112 5143 est
3152 5096 3301 5149 esca,
3332 5087 3383 5138 in
3451 5095 3579 5150 rap-

312 5196 493 5242 turam
529 5184 920 5243 intellecmalis
951 5184 1096 5242 iilius
1142 5188 1389 5258 eeti,qui
1445 5187 1497 5241 in
1551 5190 1685 5242 mari
1746 5186 2033 5257 pra-sentis
2068 5186 2193 5240 vita:
2230 5183 2580 5239 versabatur.
2653 5181 2790 5237 Nam
2852 5195 2976 5236 cum
3036 5187 3191 5237 cetus
3259 5175 3581 5232 oscitabun-

314 5282 416 5338 dus
470 5282 543 5337 ad
588 5282 737 5337 illam
794 5296 979 5340 escam
1028 5283 1229 5347 hiaret,
1289 5284 1479 5339 latenti
1526 5284 1636 5337 illic
1690 5284 1854 5337 hamo
1899 5281 2209 5337 divinitatis
2240 5286 2557 5351 penetratus
2587 5288 2693 5334 est.
2764 5276 2859 5333 Vel
2902 5275 3032 5349 quia
3098 5272 3298 5328 vermis
3361 5271 3578 5326 tametsi

384 5458 434 5490 ’¹
463 5457 634 5513 Joan.
667 5474 719 5523 ι,
756 5459 844 5515 38.

1648 5547 1844 5608 Varias
1874 5545 2201 5609 lectiones.

386 5650 511 5722 (79)
549 5651 738 5708 Graeca
770 5654 937 5710 verba
964 5654 1037 5708 ita
1058 5661 1256 5709 sonant
1291 5671 1305 5706 :
1336 5655 1449 5706 Hoc
1478 5651 1635 5714 dixit,
1672 5653 1896 5720 “ipsum
1936 5651 2247 5704 humilium.
