4110 6210
439 231 550 294 279

1620 239 2007 299 EUTHYMII
2045 242 2402 302 ZIGABENI

3592 244 3698 309 280

438 346 622 415 specie
644 346 873 417 exiguus
906 347 997 410 sil,
1025 348 1250 402 materia
1276 354 1455 401 tamen
1493 353 1836 403 corroucndo
1861 350 2004 405 delet
2045 362 2098 407 et
2126 369 2187 407 ac
2217 356 2415 423 perdit,
2450 356 2522 409 ita
2550 366 2602 409 et
2634 356 2889 413 Christus
2951 356 3078 410 licet
3135 365 3360 425 aspectu
3436 373 3499 412 ac
3562 374 3704 426 pne-

440 443 615 496 sentia
646 442 805 498 exilis
831 442 1129 506 videretur,
1194 444 1501 497 contrarias
1562 451 1741 497 tamen
1768 458 1828 497 ac
1862 444 1966 497 sibi
2012 447 2333 503 resistentes
2376 449 2686 503 diemonum
2720 458 2886 519 atque
2931 450 3160 503 aliorum
3226 457 3529 518 potestates
3588 453 3706 505 dis-

445 537 706 612 perdidit.

526 629 879 699 Opprobrium
932 627 1199 681 Itommum
1239 639 1288 684 et
1342 632 1596 702 negleclio
1656 590 1841 697 plebis:
1895 630 2095 692 "ch

443 723 607 780 verba
668 720 963 775 manifeste
1003 722 1377 791 praenuntiant
1430 740 1492 779 ea
1549 737 1674 792 quae
1736 722 2021 778 Passionis

443 829 693 885 tempore
725 812 901 869 Judaei
954 816 1356 870 contumeliose
1411 817 1676 870 adversus
1728 814 2021 869 Dominum

445 911 727 970 dixerunt,
758 908 1050 964 illudcntcs
1086 910 1342 963 nimirum
1369 916 1425 963 et
1442 908 1780 963 deridentes.
1807 908 2022 977 Oppro-

443 1000 624 1054 lirium
655 1006 836 1054 autem
871 999 1156 1053 hominum
1186 1009 1240 1054 et
1275 1000 1673 1069 neglectionem
1721 1000 1905 1069 populi
1940 1001 2025 1053 in-

446 1090 653 1159 tellige.
690 1098 748 1143 ut
776 1089 917 1143 idem
949 1089 1286 1160 signiﬁcent.
1319 1088 1425 1144 Per
1454 1088 1708 1145 homines
1728 1100 1911 1144 autem
1936 1090 2025 1144 hic

448 1180 727 1235 Romanos
758 1179 957 1235 milites
994 1180 1259 1250 intellige,
1289 1188 1342 1234 et
1376 1196 1471 1250 per
1496 1180 1733 1249 plebem,
1768 1180 2023 1249 populum

443 1270 467 1321 J
478 1270 778 1325 udaeorum.

522 1361 686 1415 Vens.
725 1361 778 1423 8,
824 1362 876 1415 9.
917 1361 1109 1416 Omnes
1156 1361 1386 1414 videntes
1442 1378 1522 1413 me
1569 1360 2030 1414 subsanuaveruut

448 1471 565 1518 me;
606 1454 769 1507 locuti
798 1463 920 1507 sunt
957 1454 1113 1507 labiis
1154 1462 1203 1505 et
1237 1463 1506 1505 moverunt
1541 1463 1694 1519 caput
1731 1468 1747 1504 :
1787 1453 2027 1519 Speravit

448 1545 502 1596 in
526 1543 772 1603 Domino.
798 1545 991 1612 eripiat
1019 1560 1159 1609 eum,
1179 1545 1380 1597 salvum
1411 1543 1577 1611 faciat
1602 1560 1739 1607 eum,
1778 1545 2028 1612 quoniam

448 1637 555 1688 vult
596 1652 733 1688 eum.
772 1633 894 1689 l'ltec
939 1635 1291 1704 apertissime
1338 1635 1584 1688 invenies
1624 1634 1827 1702 scripta
1888 1635 2029 1704 apud

458 1725 763 1779 Mutthaaum
797 1726 859 1781 ⁷³.
888 1726 1309 1795 Aitenimquod
1348 1725 1421 1779 illi
1469 1726 1561 1795 qui
1597 1727 2029 1799 pertransibunt,

454 1818 929 1885 blasphcmabaut,
958 1827 1240 1873 moventes
1262 1819 1438 1887 capita
1475 1832 1596 1883 sua,
1626 1826 1681 1870 et
1714 1818 1822 1872 alia
1856 1819 2033 1873 dicen-

454 1920 558 1969 tes,
595 1924 716 1977 qua:
752 1910 861 1964 illic
890 1919 1217 1980 sequuntur.

526 1999 693 2058 V'ltts.
734 2002 819 2056 10.
860 2003 1125 2067 Quoniam
1160 2015 1213 2055 tu
1238 2021 1290 2056 es
1347 2004 1436 2072 qui
1486 2005 1768 2058 extraxisti
1831 2021 1909 2059 me
1967 2006 2032 2059 de
2058 1978 2107 2037 Β

454 2098 649 2142 ventre.
680 2088 790 2142 Viri
829 2092 1025 2160 copula
1071 2090 1354 2165 virginalia
1390 2090 1598 2144 ventris
1634 2091 1875 2143 claustra
1906 2105 2033 2160 ape-

452 2180 519 2232 rit
549 2197 562 2232 :
590 2179 896 2234 immissum
916 2181 1058 2234 enim
1096 2196 1285 2235 semen
1311 2181 1638 2235 naturaliter
1672 2180 1885 2233 vulvam
1906 2196 2032 2249 ape-

452 2270 545 2336 rit,
580 2286 699 2339 qua:
731 2271 987 2342 deinceps
1008 2271 1330 2326 conclusum
1370 2272 1502 2326 illud
1555 2272 1821 2336 continet,
1857 2272 2032 2327 donec

454 2361 620 2416 foetus
659 2363 1000 2431 perﬁciatur.
1036 2364 1353 2417 Aetlemum
1383 2365 1621 2433 pondere
1651 2372 1871 2433 gravata
1912 2381 2033 2419 rur-

454 2465 577 2505 sum
604 2453 867 2522 aperitur,
901 2462 955 2508 et
981 2452 1169 2507 foetum
1204 2454 1311 2508 labi
1346 2454 1629 2524 permittit.
1656 2454 1714 2508 In
1745 2454 2032 2509 Salvatore

456 2554 637 2597 autem
670 2555 860 2600 nostro
900 2545 1366 2615 quemadmodum
1394 2548 1678 2616 conceptio
1703 2549 1908 2619 absque
1928 2551 2032 2603 ulla

458 2634 563 2689 fuit
628 2636 731 2689 viri
794 2637 1011 2707 copula,
1074 2638 1147 2691 ita
1202 2646 1256 2693 et
1290 2640 1607 2709 pregressio
1670 2640 1813 2695 fctus
1867 2656 2032 2711 supra

457 2736 709 2782 naturam
794 2728 1004 2783 exstitit
1058 2748 1071 2789 ς
1136 2729 1254 2799 ipsa
1319 2729 1531 2785 scilicet
1597 2730 1780 2786 divina
1824 2733 1875 2787 vi
1935 2734 2034 2788 lce-

465 2829 587 2875 tum
625 2820 971 2887 extrahente,
1025 2832 1078 2877 et
1113 2822 1371 2892 virgineis
1418 2823 1673 2878 claustris
1721 2825 2032 2879 nullatenus

458 2912 684 2981 apertis.

530 3002 662 3073 Spes
694 3022 808 3058 mea
838 3005 902 3058 ab
948 3005 1194 3061 uberibus
1226 3008 1412 3062 matris
1448 3022 1596 3063 metr.
1652 3008 1733 3063 Tu
1794 3008 1862 3063 ab
1891 3010 2031 3080 ipso,

459 3094 660 3166 inquit,
688 3098 828 3153 lacte
853 3098 1001 3153 fuisti
1041 3115 1169 3171 spes
1194 3116 1336 3155 mea.
1371 3102 1449 3154 Ex
1481 3101 1575 3157 illo
1609 3103 1753 3155 enim
1792 3110 2034 3173 tempore

460 3187 690 3256 cognovi
725 3203 851 3257 spes
891 3204 1041 3244 meas
1094 3206 1286 3246 omnes
1346 3192 1527 3246 inuno
1556 3193 1853 3249 collucatas
1890 3209 2030 3249 esse:

458 3276 691 3332 edoctus
716 3279 975 3333 nimirum
1016 3296 1043 3333 a
1074 3280 1361 3336 divinitate
1378 3283 1511 3337 mihi
1544 3284 1858 3352 cexijuncta.
1883 3283 2033 3338 Scri-

464 3370 541 3424 bit
563 3370 707 3423 enim
742 3369 809 3426 de
828 3370 1047 3427 Christo
1078 3372 1257 3428 Lucas
1290 3374 1333 3404 7‘
1380 3374 1523 3443 quod
1564 3389 1700 3444 puer
1731 3376 2033 3441 crescebat,

464 3470 626 3531 atque
654 3462 1025 3518 invalescebat
1047 3465 1269 3533 spiritu,
1295 3474 1349 3520 ct
1399 3466 1711 3533 replebatur
1743 3465 2034 3534 sapientia,

461 3565 515 3608 et
548 3555 721 3624 gratia
755 3555 845 3609 Dei
881 3564 999 3611 erat
1028 3572 1151 3611 cum
1178 3558 1293 3612 illo.

548 3646 712 3703 Vens.
739 3649 826 3713 ll,
857 3649 943 3704 12.
980 3648 1047 3701 In
1084 3658 1132 3703 te
1169 3649 1437 3718 projectus
1463 3667 1579 3704 sum
1613 3666 1677 3704 ex
1704 3658 1876 3705 utero.
1904 3650 2036 3705 Pro-

466 3740 747 3795 curatione
777 3750 889 3804 tua,
920 3741 1120 3809 inquit,
1142 3741 1420 3811 proiectus
1443 3757 1563 3797 sum
1589 3757 1652 3796 ex
1674 3759 1704 3796 ιι
1716 3754 1850 3809 tero,
1870 3743 2036 3798 veluti

465 3834 555 3903 qui
580 3841 783 3901 patrem
820 3834 872 3885 in
908 3840 1051 3886 terra
1087 3833 1294 3887 nullum
1320 3834 1509 3888 habui.

535 3926 577 3978 Α
607 3938 783 3979 uentre
812 3927 1002 3980 matris
1028 3942 1155 3980 mele
1195 3926 1337 3981 Deus
1370 3944 1515 3981 meus
1574 3943 1628 3981 es
1688 3937 1762 3982 tu.
1821 3928 2037 3993 S'atim,

468 4019 664 4089 inquit,
693 4028 742 4073 te
776 4020 941 4074 Deum
978 4021 1229 4086 cognovi.
1265 4021 1493 4076 edoctus
1515 4022 1582 4075 ab
1614 4022 1732 4091 ipsa
1760 4023 2044 4091 divinitate

469 4119 527 4164 ut
554 4110 873 4179 praedictum
925 4121 1028 4167 cst.
1063 4112 1100 4164 Α
1144 4121 1319 4165 υειιινε
1353 4120 1532 4165 autem
1598 4111 1756 4175 dixit,
1786 4114 1870 4165 vel
1914 4112 2041 4182 quia

469 4204 522 4257 in
551 4219 716 4259 carne
740 4214 877 4271 erat,
898 4206 978 4258 vel
1008 4206 1133 4275 quia
1163 4219 1421 4274 egressus
1454 4201 1519 4257 de
1549 4210 1737 4256 ventre
1784 4201 1921 4273 [haec
1942 4220 2041 4258 au-

2199 632 2471 698 Ὄνειὸος
2528 630 2874 698 ἀνθρώπων,
2929 630 3029 683 καὶ
3088 628 3466 696 ἐξουθένημα
3528 628 3705 681 λαοῦ.

2128 723 2301 777 Τοῦτο
2338 723 2707 794 προαγορεύει
2754 723 2960 792 σαφῶς,
2985 723 3019 775 5.
3049 725 3127 785 εἰς
3179 721 3341 774 αὐτὸν
3376 722 3708 790 πεπαρῳνή-

2130 833 2257 869 καςι
2298 816 2439 869 κατὰ
2468 816 2557 869 τὸν
2582 814 2773 885 καιρὸν
2811 815 2906 868 τοῦ
2941 814 3166 877 πάθους,
3217 814 3578 878 ἐμπαίζοντες
3616 813 3713 865 καὶ

2128 906 2500 975 χλευάζοντες.
2558 906 2667 958 Καὶ
2695 904 2890 957 ταύτὸν
2925 904 3022 973 μὲν
3053 902 3120 955 ἂν
3167 901 3255 970 εἴη
3283 899 3342 950 τὸ
3385 899 3584 961 ὄνειδος
3619 901 3713 949 ἁν-

2130 999 2399 1070 Ορὼπων,
2442 998 2555 1069 (80)
2597 999 2657 1051 τὸ
2686 996 3025 1064 ὲξουθὲνημα
3069 992 3222 1047 λαοῦ.
3271 992 3340 1045 Ἢ
3373 991 3575 1053 ὄνειδος
3613 991 3711 1061 μὲν

2130 1091 2457 1162 ἀνθρώπων,
2475 1092 2583 1142 τῶν
2613 1092 2676 1143 ὲκ
2711 1088 2929 1159 Ῥώμης
2963 1085 3313 1158 στρατιωτῶν
3332 1101 3345 1115 ·
3373 1083 3711 1151 ἑξουθένημα

2130 1186 2186 1237 δὲ
2216 1183 2368 1245 λαοῦ,
2395 1182 2503 1234 τῶν
2538 1181 2827 1235 Ίονδαῖων.

2204 1366 2436 1431 Πάντες
2492 1368 2546 1419 οὶ
2599 1362 2964 1431 θεωροῦντες
3007 1378 3104 1429 με,
3165 1357 3581 1427 ἐμυκτήρισιὶν
3615 1374 3712 1425 με,

2131 1459 2451 1526 ἐλάλησαν
2474 1459 2543 1511 ἐν
2566 1458 2864 1526 χείλεσιν,
2904 1454 3205 1519 ἐκίνησαν
3236 1452 3535 1520 κεφαλήν,
3570 1453 3715 1504 Ἦλ-

2135 1568 2319 1604 πισεν
2348 1550 2446 1603 ἐπὶ
2485 1550 2723 1617 Κύριον,
2760 1546 3058 1614 ῥυσάσθω
3078 1545 3284 1608 αὑτὸν,
3328 1542 3580 1596 σωσάτω
3614 1544 3715 1594 αὑ-

2132 1645 2261 1707 τὸν,
2291 1644 2378 1696 ὅτι
2414 1642 2575 1696 θέλει
2607 1640 2815 1694 αὐτόν.
2858 1638 3048 1691 Ταῦτα
3083 1636 3270 1704 σαφῶς
3292 1636 3545 1704 εὑρήσεις
3565 1635 3717 1703 παρὰ

2132 1737 2210 1807 τῷ
2271 1734 2535 1803 Ματοαίῳ
2601 1734 2859 1801 κείμενα·
2917 1732 3051 1800 φησί
3098 1730 3240 1798 γάρ·
3292 1730 3357 1779 Οἱ
3407 1726 3475 1779 δὲ
3525 1741 3718 1792 παρα-

2134 1828 2525 1895 πορευόμενοι
2588 1822 3029 1890 ἐόλιισφήμουν
3095 1817 3326 1883 αὑτὸν,
3403 1814 3718 1877 κινοῦντες

2136 1921 2239 1985 τὰς
2264 1916 2530 1987 κεφαλὰς
2555 1913 2777 1976 αὐτῶν,
2805 1912 2903 1966 καὶ
2930 1914 3236 1979 λέγοντες,
3268 1909 3365 1961 καὶ
3388 1905 3458 1959 τὰ
3490 1904 3643 1973 ἑξῆς.

2209 2012 2339 2064 Ὀτι
2372 2009 2451 2063 σὺ
2474 2005 2535 2062 εἷ
2558 2010 2590 2062 ό
2616 2004 2937 2067 ἐκσπὰσας
2973 2018 3044 2070 με
3068 2001 3135 2054 ἐκ
3177 1998 3455 2069 γαστρός.
3506 1993 3721 2075 Ἀνδρὸς

2144 2104 2241 2174 μὲν
2270 2101 2457 2173 ὁμιλία
2511 2097 2720 2153 διαλύει
2753 2096 2822 2149 τὰ
2857 2092 3165 2164 παρθενικὰ
3205 2091 3319 2159 (81)
3351 2088 3578 2156 κλεῖθρα
3619 2085 3720 2151 τῆς

2141 2196 2379 2265 σαρκός’
2430 2191 2859 2262 ἀκοντιζόμενον
2913 2188 2970 2241 δὲ
3020 2187 3082 2240 τὸ
3151 2185 3413 2255 σπέρμα,
3476 2179 3721 2248 φυσικῶς

2139 2288 2347 2356 ἀνοίγει
2373 2286 2471 2357 τὴν
2505 2286 2718 2356 μήτραν
2743 2300 2757 2313 ·
2786 2280 2927 2351 αὕτη
2963 2279 3020 2331 δὲ
3063 2278 3251 2331 λοιπὸν
3291 2274 3535 2344 μύσασα,
3569 2268 3723 2322 συνέ·

2140 2400 2225 2452 χει
2259 2380 2438 2441 τοῦτο,
2499 2376 2691 2447 μέχρις
2750 2374 2817 2427 ἂν
2869 2374 2949 2435 εἰς
3008 2369 3207 2441 βρέφος
3260 2360 3717 2434 τελεσιουργηῡῇ·

2142 2472 2233 2525 καὶ
2265 2470 2406 2522 οὕτω
2454 2464 2925 2536 στενοχωρηθεῖσα
2985 2462 3146 2514 πάλιν
3183 2459 3259 2529 τῷ
3299 2456 3470 2525 ὄγκῳ,
3502 2452 3719 2517 ἀνοίγε-

2140 2580 2230 2616 ται
2298 2560 2392 2614 καὶ
2454 2560 2869 2628 παραχωρεῖται
2899 2554 3074 2623 τούτῳ
3129 2548 3527 2604 διολισθαίνειν.
3598 2544 3721 2596 Ἐπὶ

2141 2652 2198 2706 δὲ
2256 2650 2349 2704 τοῦ
2407 2647 2659 2719 Σωτῆρος
2680 2688 2696 2708 ,
2728 2645 2916 2715 ὥσπερ
2950 2642 3077 2695 ἄνευ
3113 2640 3327 2710 ὁμιλίας
3365 2640 3397 2707 ἡ
3431 2633 3719 2703 σύλληψις,

2142 2744 2284 2798 οὕτω
2334 2742 2426 2796 καὶ
2464 2744 2496 2809 ἡ
2528 2738 2752 2810 πρόοδος
2806 2734 2901 2787 τοῦ
2955 2732 3193 2803 βρέφους
3255 2727 3563 2798 ὑπερφυὴς,
3618 2722 3721 2791 τῆς

2094 2853 2103 2860 ‘
2141 2836 2236 2890 τοῦ
2282 2834 2418 2887 Θεοῦ
2467 2833 2751 2901 δυνάμεως
2789 2827 3095 2897 ἑλκυσάσης
3120 2824 3269 2888 αὐτὸ,
3315 2822 3424 2874 τῶν
3452 2818 3719 2886 κλείθρων

2147 2927 2409 3000 μηδαμῶς
2466 2924 2815 2992 ἀνοιγέντων.

2223 3019 2294 3073 Ἠ
2332 3018 2507 3083 ἐλπίς
2536 3033 2655 3084 μου
2684 3013 2801 3068 ἀπὸ
2851 3011 3102 3082 μαστῶν
3140 3009 3250 3074 τῆς
3289 3004 3516 3074 μητρός
3572 3018 3715 3070 μου.

2157 3113 2217 3165 Ἡ
2249 3109 2403 3173 ἐλπίς
2471 3126 2573 3179 μου
2606 3110 2664 3173 ἐξ
2704 3105 2874 3173 αὐτῆς
2915 3104 3103 3172 θηλῆς.
3148 3100 3281 3151 Ἀπὸ
3326 3098 3447 3149 τότε
3500 3094 3608 3163 γάρ
3656 3108 3716 3143 σε

2144 3200 2461 3270 ἐγνώριζον.
2515 3198 2705 3251 ἐλπίδα
2770 3213 2871 3265 μου
2915 3191 3245 3251 συνετισθεὶς
3298 3188 3401 3239 ὑπὸ
3456 3185 3552 3251 τῆς
3586 3184 3719 3235 ἐνω-

2146 3293 2329 3360 Οείσης
2358 3308 2447 3361 μοι
2476 3289 2747 3358 Θεότητος.
2792 3286 2929 3354 Φησὶ
2960 3283 3015 3335 δὲ
3049 3282 3177 3352 περὶ
3220 3280 3410 3332 τούτου
3458 3274 3674 3334 Λουκᾶς
3701 3286 3715 3300 ⁸

2147 3386 2214 3440 Τὸ
2255 3383 2498 3437 παιδίον
2546 3381 2796 3446 ηὔξανε,
2837 3377 2934 3432 καὶ
2976 3372 3358 3444 ἐκραταιοῦτο
3409 3370 3489 3435 τῷ
3539 3367 3717 3421 πνεὺ·

2135 3494 2299 3547 ματι,
2343 3475 2768 3543 πληρούμενον
2814 3476 3057 3540 σοφίας,
3110 3466 3204 3521 καὶ
3242 3464 3413 3534 χάρις
3456 3460 3604 3516 Θεοῦ
3643 3455 3721 3528 ἦν

2142 3568 2233 3622 ἐπ’
2273 3568 2447 3621 αὐτό.
3698 3606 3729 3613 _

2228 3662 2351 3713 Ἐπὶ
2389 3661 2463 3713 σὲ
2489 3658 2818 3728 ἐπερῤίφην
2870 3657 2937 3710 ἐκ
2987 3654 3237 3721 μήτρας.
3288 3652 3367 3720 Τῇ
3418 3649 3482 3718 σῇ
3543 3645 3720 3715 σκέπῃ

2142 3751 2469 3821 ὲπερῤίφην,
2505 3743 2591 3802 οἷα
2630 3748 2704 3819 μὴ
2740 3747 2880 3817 ἔχων
2905 3746 2997 3799 ἐπὶ
3028 3745 3128 3813 γῆς
3166 3741 3399 3811 πατέρα.

2223 3932 2367 3986 Ἀπὸ
2412 3929 2671 4001 γαστρὸς
2692 3928 2913 3999 μητρός
2937 3943 3056 3995 μου
3093 3923 3236 3988 Θεός
3262 3936 3381 3989 μου
3408 3914 3467 3972 εἴ
3485 3917 3589 3970 σύ.
3619 3914 3722 3967 Εὐ-

2143 4024 2235 4086 οὺς
2266 4024 2321 4076 σὲ
2359 4025 2490 4077 Θεὸν
2544 4023 2810 4090 ἐπέγνων,
2853 4016 3208 4081 συνετισοεὶς,
3236 4014 3311 4077 ὠς
3371 4010 3718 4082 προείρηται.

2144 4116 2217 4169 Τὸ
2250 4117 2292 4169 δ’
2324 4117 2442 4169 ἀπὸ
2474 4119 2754 4186 γαστρός,
2786 4116 2817 4184 ἢ
2855 4115 2935 4167 ὅτι
2971 4114 3027 4165 ἐν
3057 4114 3122 4181 τῇ
3154 4108 3355 4179 γαστρὶ⁵
3408 4104 3519 4175 (82)
3551 4101 3647 4167 ὢν,
3686 4100 3719 4169 ἦ

2142 4208 2221 4261 ὅτι
2247 4208 2347 4278 τῆς
2384 4210 2620 4281 γαστρὸς
2644 4207 2893 4273 ἐξελθών.

471 4302 576 4349 tem
610 4309 672 4348 ex
710 4294 921 4351 Christi
979 4309 1214 4364 persona
1264 4294 1404 4347 dicta
1460 4300 1606 4346 sunt.
1664 4291 1794 4361 Ego.
1848 4293 2043 4364 inquit,
2080 4292 2223 4354 Deus
2254 4302 2471 4369 quidem
2494 4317 2636 4363 sum,
2668 4310 2722 4355 et
2780 4299 2922 4353 titius
2958 4306 3218 4360 aeternus,
3288 4291 3382 4347 sed
3428 4299 3718 4360 postquam

470 4386 600 4442 mihi
631 4402 853 4459 carnem
882 4388 935 4439 in
959 4396 1114 4441 utero
1143 4384 1371 4454 virginis
1388 4394 1626 4438 creatam
1654 4388 1949 4457 assumpsi,
1973 4403 2037 4443 ex
2080 4397 2282 4457 tunc,o
2317 4402 2489 4463 pater,
2525 4404 2579 4448 tu
2624 4394 2765 4447 Deus
2793 4406 2946 4445 meus
2966 4406 3045 4445 es.

548 4478 631 4533 Ne
653 4478 960 4531 discesseris
998 4493 1030 4530 a
1062 4493 1163 4541 me,
1190 4475 1438 4545 quoniam
1470 4476 1743 4531 tribulatio
1796 4481 2036 4546 proxima

2216 4485 2311 4552 Μὴ
2362 4485 2635 4552 ἀποστῇς
2679 4483 2781 4538 ἀπ’
2815 4482 2981 4551 ἐμοῦ,
3014 4479 3102 4533 ὅτι
3151 4479 3358 4547 θλίψις
3400 4476 3602 4546 ἐγγὺς,
3632 4474 3721 4526 ὅτι

468 4580 567 4636 est,
599 4571 851 4641 quoniam
885 4586 987 4622 non
1012 4570 1217 4639 est,qui
1249 4568 1458 4637 adjuvet
1492 4587 1591 4624 me.
1624 4570 1696 4625 De
1733 4571 1833 4626 hoc
1868 4573 2033 4627 etiam

466 4662 692 4717 tradunt
718 4661 1089 4731 evangelista,
1121 4661 1448 4732 quodCaepit
1498 4663 1670 4716 tristis
1714 4679 1777 4716 ac
1833 4667 2037 4719 mwstis

466 4770 597 4821 esse,
627 4766 680 4810 et
709 4770 920 4819 rursus,
944 4755 1088 4825 quod
1123 4755 1369 4824 discipuli
1391 4773 1565 4811 omnes
1598 4755 1779 4809 relicto
1813 4772 1871 4810 eo
1889 4756 2040 4827 fuge-

466 4856 612 4903 runt.

530 4940 700 4997 Vsus.
743 4942 827 4997 l5.
880 4943 1354 4999 Circumdederunt
1397 4958 1475 4997 me
1504 4942 1652 4997 vituli
1682 4943 1858 5010 multi,
1897 4947 2040 5000 tauri

468 5033 688 5105 pingues
728 5034 1043 5089 obsederunt
1080 5052 1177 5090 me.
1235 5034 1336 5089 Per
1396 5034 1593 5088 vitulos
1648 5034 1911 5102 plebeiam
1948 5037 2046 5093 Ju-

470 5124 715 5181 dazorum
750 5127 1153 5183 multitudinem
1188 5125 1466 5197 intelligit,
1499 5124 1663 5178 veluti
1701 5126 2043 5195 juventutem

470 5218 617 5273 omni
650 5234 874 5288 prorsus
940 5221 1125 5291 regula
1153 5229 1473 5275 carentem:
1506 5233 1603 5289 per
1657 5232 1843 5277 tauros
1894 5237 2045 5285 vero,

2148 4579 2257 4631 οὐκ
2283 4577 2455 4630 ἔστιν
2485 4580 2516 4631 ό
2540 4575 2784 4641 βοηθῶν
2825 4591 2945 4643 μοι.
3002 4571 3111 4625 Καὶ
3163 4571 3290 4641 περὶ
3321 4568 3513 4622 τούτου
3555 4567 3721 4635 φασιν

2147 4669 2197 4720 οἱ
2225 4669 2631 4737 εὐαγγελισταὶ,
2653 4666 2756 4731 ὃτι,
2776 4664 3026 4733 Ἠρξατο
3041 4660 3365 4716 λυπεῖσθαι
3390 4658 3724 4727 καὶζάδημο-

2146 4759 2295 4811 νεῖν.
2329 4759 2438 4812 Καὶ
2462 4756 2623 4810 πάλιν
2644 4771 2657 4785 ο
2704 4755 2841 4809 Τότε
2869 4755 2920 4806 oi
2943 4751 3201 4822 μαθηταὶ
3224 4750 3444 4817 πάντες
3465 4748 3723 4818 ἀφέντες

2146 4851 2354 4912 αὑτὸν,
2380 4850 2624 4918 ἔφυγον.

2218 4939 2718 5009 Περιεκύκλωσὰν
2745 4955 2823 5008 με
2848 4938 3071 5007 μόσχοι
3096 4935 3337 5002 πολλοὶ,
3359 4932 3560 5002 ταῦροι
3587 4933 3723 4986 πίο-

2146 5052 2249 5100 νες
2281 5032 2610 5101 περιέσχον
2636 5049 2735 5101 με.
2767 5031 3021 5099 Μόσχους
3040 5028 3195 5087 καλεῖ
3222 5027 3282 5080 τὸ
3307 5027 3551 5096 δημῶδες
3584 5025 3723 5093 πλῆ-

2146 5128 2235 5191 θος
2270 5127 2378 5179 τῶν
2436 5124 2726 5189 Ἰουδαίων,
2760 5123 2848 5177 διὰ
2896 5122 2955 5174 τὸ
3014 5120 3278 5191 νεώτερον
3320 5121 3413 5172 καὶ
3441 5119 3676 5172 ἄτακτον
3702 5135 3717 5147 ο

2146 5221 2380 5290 ταύρους
2408 5218 2486 5278 δὲ,
2514 5215 2636 5280 τοὺς
2667 5217 2942 5287 ἀρχιερεῖς
2975 5215 3070 5268 καὶ
3100 5214 3445 5284 γραμματεῖς
3464 5211 3558 5264 καὶ
3584 5226 3717 5279 πρε-

474 5312 793 5380 pontiticcs,
842 5315 1055 5370 scribas
1118 5323 1172 5369 et
1231 5314 1478 5372 seniores
1546 5315 1757 5386 papuli,
1822 5324 2036 5386 praptet

2151 5312 2445 5380 σϐυτὲρους
2467 5308 2561 5362 τοῦ
2585 5307 2736 5372 λαοῦ,
2771 5307 2860 5359 διὰ
2880 5304 2940 5359 τὸ
2974 5304 3314 5378 προϐεϐηκὸς
3349 5302 3443 5355 καλ⁸
3464 5301 3715 5372 ἔξαρχον,

542 5433 587 5465 ⁷³
624 5432 815 5487 Matth.
856 5450 1026 5497 xsvu,
1066 5436 1153 5490 59.
1242 5436 1287 5469 “
1328 5434 1460 5489 Luc.
1497 5449 1556 5499 ιι,
1590 5432 1678 5488 40.

1780 5523 1977 5587 Variae
2008 5521 2340 5584 lectiones.

555 5627 662 5690 (80)
696 5630 782 5685 ἵσ.
810 5631 907 5697 τῷ.

556 5700 664 5767 (Si)
702 5699 785 5753 ἴσ.
825 5704 1074 5771 γαστρός.

2209 5622 2319 5686 (82)
2348 5619 2535 5674 Grmce
2562 5620 2781 5688 γαστρὶ.
2817 5627 3009 5690 ventre,
3033 5634 3128 5689 pro
3156 5634 3263 5690 quo
3282 5619 3508 5674 Latinus
3532 5618 3711 5673 Inter-

2151 5708 2274 5763 pres
2306 5692 2498 5763 legisse
2536 5693 2748 5745 videtur
2775 5688 2960 5761 σαρκέ.
