4110 6210
402 298 506 366 28')

1553 304 1952 366 counsur.
1992 284 2089 364 1N
2114 303 2472 365 ussuros.

3544 309 3650 374 200

473 413 577 466 Kal
619 412 1161 480 πρνσκυνήοοοιισιν
1188 412 1444 467 ἐνώπιον
1472 415 1662 468 αὑτοῦ
1706 413 1895 469 πᾶσαι
1924 430 1972 466 at

2150 412 2221 462 Et
2257 412 2552 468 adorabunt
2586 413 2640 468 in
2669 425 2946 483 conspectu
2977 416 3091 484 ejus
3117 417 3372 473 universte
3425 422 3650 490 familia:

404 504 643 570 πατριαὶ
669 503 788 556 τῶν
812 503 1020 558 ἐθνῶν.
1046 507 1157 559 Καὶ
1179 505 1285 575 μὴν
1307 504 1432 557 οὔτε
1471 507 1647 559 πάντα
1664 507 1730 559 τὰ
1762 506 1974 575 πέρατα

399 596 496 662 τῆς
520 597 623 662 γῆς
659 595 1010 661 ἐπίστευσαν,
1038 596 1162 650 οὔτε
1216 597 1274 649 αἱ
1338 600 1572 668 πατριαὶ
1627 596 1734 649 τῶν
1780 594 1971 651 ἐθνῶν.

413 686 555 739 Ἀλλ’
593 688 714 740 ἐπεὶ
745 688 837 741 καὶ
862 690 940 752 εἰς
972 691 1153 743 πάντα
1189 691 1259 744 τὰ
1286 690 1504 759 πέρατα
1540 691 1640 759 τῆς
1694 689 1819 759 γῆς,
1880 688 1976 742 καὶ

401 778 479 838 si;
508 778 685 831 πάντα
714 779 783 832 τὰ
812 779 942 848 ἔθνη
971 781 1032 833 τὸ
1060 781 1394 849 Εὖαγγέλιον
1421 780 1683 850 ἔφθασεν,
1738 780 1851 833 ἀπὸ
1878 779 1972 834 τοῦ

400 868 523 921 ὅλου
557 868 616 920 τὸ
652 868 816 938 μέρος
860 870 1198 941 δεδήλωκεν,
1254 872 1329 934 ὡς
1384 874 1441 924 ὲν
1500 872 1682 935 ἄλλοις
1746 873 1975 926 τούναν-

398 960 535 1021 τίον,
571 959 678 1011 ἀπὸ
715 960 910 1030 μέρους
938 978 998 1013 το
1022 962 1160 1015 ὅλον.
1196 962 1405 1025 ’Λλλως
1427 979 1486 1013 τε
1508 960 1562 1015 δὲ
1598 961 1805 1031 πατριὰ
1823 980 1856 1027 ’,
1879 961 1976 1025 τὰς

404 1051 725 1118 συγγενείας
763 1051 918 1104 καλεῖ
947 1065 959 1077 '
991 1053 1153 1122 δῆλον
1188 1053 1246 1106 δὲ
1274 1053 1355 1106 ὅτι
1389 1032 1591 1116 παντὸς
1632 1054 1819 1116 ἔθνους
1844 1070 1974 1122 συγ-

405 1146 581 1210 γενεῖς
614 1144 951 1198 ἐπίστευσαν.
972 1148 1053 1208 εἰς
1079 1146 1333 1217 Χριστὸν,
1364 1149 1456 1201 καὶ
1497 1149 1564 1202 δι’
1602 1147 1769 1201 αὐτοῦ
1806 1164 1974 1217 προσ-

410 1234 678 1304 εκύνησαν
703 1237 791 1289 τὸν
826 1237 1063 1308 Πατέρα.

476 1417 600 1469 Ὅτι
632 1416 737 1469 τοῦ
768 1419 992 1485 Κυρίου
1020 1420 1056 1486 ἡ
1076 1419 1384 1483 βασιλεία,
1419 1419 1513 1473 καὶ
1539 1420 1723 1484 αὐτός
1748 1418 1973 1472 δεσπό-

400 1503 475 1563 ζει
547 1506 666 1558 τῶν
712 1507 922 1561 ἐθνῶν.
983 1504 1154 1572 Οὗτός
1200 1511 1317 1561 ἐστι
1370 1510 1464 1563 καὶ
1503 1510 1756 1578 βασιλεὺς
1794 1509 1974 1562 αὐτῶν

405 1596 496 1646 καὶ
552 1598 844 1665 Δεσπότης,
904 1600 1043 1650 κατὰ
1106 1600 1165 1651 τό
1198 1615 1212 1629 ο
1283 1599 1390 1653 Kal
1454 1598 1625 1651 δώσω
1681 1615 1783 1652 σοι
1828 1598 1972 1665 ἔθνη

395 1684 511 1752 τὴν
547 1689 949 1756 κληρονομίαν
978 1707 1118 1751 σου,
1142 1691 1239 1744 καὶ
1288 1692 1402 1759 τὴν
1433 1689 1815 1759 κατάσχεσιν
1853 1705 1971 1743 σου

398 1778 467 1830 τὰ
490 1780 712 1847 πέρατα
745 1781 856 1847 τῆς
894 1781 1002 1848 τῆς
1034 1800 1048 1812 '
1076 1784 1172 1836 καὶ
1202 1784 1290 1836 διὰ
1344 1782 1502 1835 τοῦτο
1555 1781 1969 1853 προσκυνήσου-

398 1890 480 1923 σιν
538 1873 718 1939 αὑτὸν,
767 1875 868 1943 τῆς
922 1874 1240 1943 διαϐολικῆς
1294 1875 1614 1947 τυραννίδος
1665 1873 1969 1944 ἐλευθερω-

395 1964 607 2029 θέντες.

470 2056 733 2123 Ἔραγον
763 2055 863 2109 καὶ
892 2057 1368 2124 προσεκύνησαν
1407 2056 1631 2123 πάντες
1679 2061 1733 2112 οἱ
1769 2058 1976 2121 πίονες

399 2147 511 2213 τῆς
539 2145 878 2215 rﬁcﬂiova;
900 2148 1051 2216 λέγει
1072 2149 1198 2211 τοὺς
1222 2148 1537 2213 πλουσίους,
1583 2151 1707 2213 τοὺς
1745 2149 1977 2217 πλουτή-

407 2254 609 2297 σαντας
628 2238 729 2306 τὴν
764 2238 1070 2299 εὐσέϐειαν,
1096 2238 1147 2292 οἳ
1207 2239 1472 2309 πρότερον
1524 2242 1755 2309 πένητες
1809 2235 1975 2310 ἦσαν,

407 2326 482 2390 ὡς
517 2329 944 2400 προειρήκαμεν.

481 2418 773 2472 Ἐνώπιον
838 2421 1026 2475 αὐτοῦ
1092 2424 1582 2488 προσπεσοῦνται
1643 2423 1866 2488 πάντες
1919 2424 1975 2474 οὶ

403 2513 867 2578 καταϐαίνοντες
921 2516 1010 2577 εις
1066 2512 1202 2582 γῆν.
1265 2516 1746 2586 Προσκυνησουσιν
1823 2512 1971 2584 αὐτῷ

405 2601 602 2664 πάντες
639 2603 1164 2674 οἰάποθνήσκοντες,
1206 2605 1297 2657 καὶ
1324 2608 1403 2668 εἰς
1438 2607 1539 2675 γῆν
1590 2606 1967 2676 ἀναλυόμενοι.

400 2694 553 2746 Μετὰ
580 2693 689 2765 γὰρ
742 2694 839 2762 τὴν
895 2695 1082 2766 κοινὴν
1132 2694 1452 2761 ἀνάστασιν,
1495 2696 1645 2764 αὑτῷ
1678 2699 1784 2750 πᾶν
1839 2698 1967 2763 γόνυ

402 2785 629 2854 κάμψει,
667 2788 808 2840 κατὰ
830 2786 1295 2842 τὸνἌπόστολον·
1331 2790 1428 2842 καί⁵
1468 2790 1519 2842 οξ
1583 2788 1707 2860 μὲν,
1754 2789 1970 2852 ἑκόντες

400 2880 494 2930 καὶ
521 2879 668 2949 πόθῳ
694 2896 707 2908 ·
744 2880 792 2931 οἱ
820 2878 898 2940 δὲ,
933 2879 1157 2944 ἄκοντες
1192 2882 1283 2934 καὶ
1316 2880 1489 2950 φόϐῳ.

465 2970 572 3023 Kal
599 2969 637 3036 ἡ
664 2970 833 3039 ψυχή
855 2988 975 3038 μου
1002 2971 1162 3035 αὐτῷ
1183 2970 1270 3041 ζῇ.
1309 2971 1480 3035 Αὐτός
1510 2972 1657 3025 ἐστιν
1695 2973 1724 3026 ὁ
1766 2973 1972 3042 ταύτην

2083 505 2341 569 gentium.
2385 505 2548 575 Atqui
2578 521 2676 562 nec
2709 508 2952 562 universi
3005 508 3139 563 lines
3183 517 3341 565 terra:
3385 511 3643 566 credide-

2080 602 2231 653 runt,
2267 608 2441 662 neque
2473 610 2665 651 omnes
2698 598 2943 664 gentium
2986 596 3245 664 familiae;
3300 614 3485 653 verum
3517 600 3645 670 quia

2077 683 2132 737 in
2167 698 2385 737 onmem
2422 693 2625 740 terram
2662 687 3014 759 Evangelium
3050 697 3103 742 et
3139 687 3206 741 ad
3241 702 3432 755 omnes
3455 699 3646 759 gentes

2076 779 2401 848 penetravit,
2440 794 2469 832 a
2506 789 2619 834 toto
2672 794 2876 851 partem
2930 781 3208 851 significat
3248 802 3262 837 :
3296 784 3648 851 quemadmo-

2078 869 2207 924 dum
2262 870 2388 924 alibi
2443 879 2659 936 contra,
2710 881 2881 927 totum
2929 889 2958 927 a
2985 883 3170 943 parte.
3212 874 3277 926 Et
3312 873 3471 928 atitrr
3502 890 3516 929 :
3548 871 3651 927 Per

2080 959 2311 1014 familias
2340 959 2502 1031 [quas
2526 961 2683 1032 juxta
2715 963 2887 1019 Graeci
2913 965 3151 1021 nominis
3180 965 3311 1028 vim,
3339 967 3649 1035 parentelas

2081 1051 2268 1120 potius
2326 1053 2512 1107 dicere
2565 1054 2912 1127 possumus],
2962 1058 3319 1125 cognationes
3378 1056 3647 1127 intelligit.

2075 1141 2423 1198 Manifestum
2449 1158 2577 1199 vero
2598 1147 2743 1198 enim
2776 1148 2919 1215 quod
2956 1147 3024 1201 de
3046 1150 3302 1202 omnibus
3333 1150 3650 1206 nationibus

2075 1232 2290 1301 plurimi
2315 1235 2408 1304 qui
2442 1236 2583 1289 inter
2611 1252 2671 1292 se
2697 1239 2917 1307 cognati
2948 1248 3127 1303 erant,
3153 1240 3372 1296 Christo
3401 1243 3652 1298 credide-

2077 1335 2225 1388 runt,
2258 1334 2309 1380 et
2341 1342 2437 1396 per
2463 1328 2666 1395 ipsum,
2700 1328 2914 1383 Patrem
2942 1330 3329 1385 atloraverunt.

2151 1414 2315 1471 Vens.
2350 1416 2438 1471 29.
2471 1418 2737 1483 Quoniam
2774 1417 2985 1473 Domini
3038 1431 3115 1474 est
3172 1437 3387 1490 regnum
3440 1431 3490 1476 et
3543 1425 3653 1492 ipse

2073 1507 2432 1564 (laminabitur
2454 1511 2704 1579 gentium.
2740 1510 2860 1578 Ipse
2892 1511 3038 1565 enim
3085 1526 3275 1566 eorum
3311 1513 3429 1567 Rex
3459 1524 3543 1569 est
3594 1526 3649 1568 et

2076 1600 2511 1670 Dozninusjuxta
2539 1602 2670 1656 illud
2708 1620 2720 1655 :
2758 1602 2983 1657 Postulo
3004 1620 3035 1656 α
3057 1619 3138 1656 me
3159 1614 3208 1656 et
3239 1602 3377 1656 dabo
3402 1604 3500 1659 tibi
3522 1621 3650 1674 geu-

2075 1702 2150 1745 tes
2190 1692 2554 1746 [nereditatem
2587 1704 2754 1754 tuam,
2789 1704 2836 1748 et
2857 1698 3241 1763 possessionem
3274 1706 3421 1751 tuam
3463 1700 3647 1753 termi-

2077 1788 2245 1839 minos
2280 1796 2438 1841 teri-te
2463 1787 2529 1841 ".
2558 1786 2623 1839 Et
2659 1787 2782 1842 ideo
2815 1789 3122 1843 adorabunt
3153 1805 3279 1844 eum
3310 1805 3341 1844 a
3377 1791 3645 1847 daemonis

2075 1876 2363 1945 tyrannide
2392 1876 2627 1931 liberati.

2149 2046 2321 2102 Vens.
2356 2049 2444 2101 '50.
2480 2048 2937 2102 Manducarerunt
2976 2061 3023 2103 et
3070 2052 3423 2106 adoraverunt
3469 2072 3648 2110 omnes

2077 2139 2298 2209 pingues
2323 2147 2497 2191 teme.
2532 2138 2634 2191 Per
2675 2140 2901 2210 pingues
2940 2148 3104 2195 terra!
3132 2142 3329 2197 divites
3359 2144 3648 2215 intelligit:

2080 2229 2300 2290 divites.
2328 2231 2573 2299 inquam,
2602 2228 2801 2298 pietate
2828 2240 2880 2284 et
2908 2231 3187 2301 religione,
3216 2234 3309 2303 qui
3341 2244 3497 2289 antea
3526 2251 3655 2306 pau-

2081 2336 2241 2390 peres
2272 2320 2513 2382 fuerant,
2551 2329 2604 2372 ut
2630 2320 3008 2389 praediximus.

2152 2410 2215 2464 In
2248 2425 2531 2480 conspectu
2563 2409 2676 2478 ejus
2701 2413 2892 2467 cadent
2917 2430 3096 2469 omnes
3126 2415 3222 2486 qui
3244 2415 3566 2471 descendunt
3594 2418 3649 2472 in

2074 2513 2293 2557 terram.
2337 2503 2658 2559 Adorabunt
2718 2519 2843 2558 eum
2905 2506 3165 2561 mortales
3209 2522 3402 2563 omnes
3459 2511 3547 2578 qui
3591 2512 3644 2565 in

2074 2606 2274 2651 terram
2308 2598 2662 2653 revolvuntur
2686 2616 2700 2653 :
2727 2599 2856 2667 quia
2888 2606 3007 2666 post
3029 2613 3373 2656 communem
3400 2603 3645 2656 omnium

2073 2689 2535 2743 resurrectionem
2567 2730 2582 2754 ,
2639 2706 2801 2745 omne
2848 2706 2987 2758 genu
3034 2693 3082 2745 ei
3137 2690 3385 2748 ﬂectetur
3445 2710 3649 2749 secun-

2072 2782 2201 2833 dum
2260 2781 2582 2850 Apostolnm
2616 2782 2659 2813 ⁹¹
2692 2799 2708 2849 ;
2765 2782 2856 2835 alii
2896 2782 3156 2836 nimirum
3216 2791 3415 2853 sponte
3446 2801 3544 2840 sua
3586 2801 3649 2840 ac

2076 2873 2264 2929 libenti
2296 2874 2502 2936 animo,
2549 2874 2641 2928 alii
2690 2890 2819 2929 vero
2853 2874 3011 2928 inviti
3045 2884 3098 2928 et
3129 2890 3251 2929 cum
3286 2877 3502 2932 timore.

2147 2966 2311 3021 Vsus.
2347 2966 2437 3020 51.
2487 2965 2553 3019 Et
2591 2967 2772 3019 anima
2808 2982 2921 3019 mea
2947 2967 3030 3019 illi
3058 2968 3202 3021 vivit.
3240 2965 3357 3037 Ipse
3390 2969 3537 3023 enim
3566 2976 3650 3025 est

398 3062 576 3126 ζωῶν,
603 3062 693 3114 καὶ
727 3061 803 3132 μὴ
832 3062 935 3114 ὲῶν
979 3063 1346 3131 ἀποθνήσκειν
1378 3062 1482 3115 ὑπὸ
1513 3064 1611 3133 τῆς
1654 3063 1929 3133 ἁμαρτίας
1956 3079 1970 3092 ⁸

2079 3056 2171 3125 qui
2208 3071 2326 3110 eam
2354 3058 2614 3120 viviﬁcat,
2639 3059 2843 3127 quique
2868 3072 2897 3110 a
2930 3065 3155 3126 peccato
3176 3060 3348 3114 occidi
3379 3077 3496 3115 eam
3539 3077 3646 3114 non

396 3153 557 3206 τοῦτο
595 3151 651 3205 δὲ
686 3153 783 3206 καὶ
813 3154 908 3205 ἐπὶ
943 3153 1038 3206 τοῦ
1072 3155 1284 3224 Πατρδς
1310 3156 1530 3221 νοεῖται,
1581 3156 1677 3208 καὶ
1728 3156 1822 3207 ἐπὶ
1874 3154 1969 3207 τοῦ

401 3244 549 3299 Υἱοῦ.
597 3246 707 3298 Καὶ
734 3245 909 3308 ἄλλως
932 3244 1010 3308 δὲ,
1051 3247 1126 3317 Ζῇ
1182 3245 1256 3315 τῷ
1301 3246 1441 3317 Θεῷ,
1495 3247 1679 3318 φησὶν,
1730 3250 1762 3315 ή
1821 3246 1968 3318 ψυχή

400 3354 525 3405 μου,
566 3335 643 3399 ὠς
674 3336 895 3404 ἐνεργὸς
911 3335 1048 3390 οὖσα
1074 3338 1207 3408 πρὸς
1232 3338 1413 3403 αὑτὸν,
1445 3337 1635 3410 ὥσπερ
1654 3341 1749 3392 mi.
1777 3341 1842 3395 ἐκ
1875 3337 1969 3392 τοῦ

402 3428 667 3491 ἐναντίου,
697 3426 925 3496 τέθνηκε
961 3427 1037 3497 τῷ
1066 3429 1301 3499 δαίμονι,
1326 3429 1401 3493 ὡς
1449 3429 1780 3500 ἀκινητοῦσα
1835 3430 1971 3501 πρὸς

399 3518 496 3580 τὰς
533 3517 813 3587 ὑποθήκας
848 3518 1038 3571 αὑτοῦ.

474 3690 545 3744 Τὸ
596 3688 835 3757 σπέρμα
914 3708 1032 3759 μου
1101 3691 1425 3747 δουλεύσει
1491 3694 1671 3760 αὐτῷ.
1737 3694 1969 3762 Σπέρμα

399 3783 659 3853 Χριστοῦ,
694 3786 813 3854 ἢτοι
858 3785 1046 3845 τέκνα,
1080 3785 1280 3848 πάντες
1309 3789 1359 3839 οἱ
1392 3786 1480 3839 διὰ
1508 3789 1602 3840 τοῦ
1634 3788 1970 3855 Εὐαγγε).ἰου

300 3872 317 3877 ’
400 3875 754 3947 γεννηθέντες
781 3875 952 3947 αὐτῷ,
981 3874 1075 3940 οὒς
1100 3877 1195 3928 καὶ
1221 3876 1464 3942 ὑπέταξε
1498 3878 1576 3949 τῷ
1607 3877 1808 3948 Πατρί.

482 4139 983 4209 Ἀναγγελήσεται
1015 4137 1095 4205 τῷ
1119 4139 1319 4207 Κυρίῳ
1344 4139 1522 4208 γενεὰ
1566 4140 1603 4209 ἠ
1656 4139 1973 4211 ἐρχομένη.

399 4230 842 4300 Γνωρισθήσεται
872 4230 949 4301 τῷ
975 4230 1095 4300 Θεῷ
1131 4232 1163 4302 ἡ
1202 4231 1263 4296 ἐξ
1293 4232 1465 4284 ἐθνῶν
1495 4232 1659 4300 γενεὰ
1713 4232 1821 4285 τῶν
1885 4250 1976 4287 πι-

396 4321 562 4383 στῶν,
598 4322 630 4390 ἡ
658 4320 988 4392 ὲὶευσομένη
1020 4322 1080 4375 ἐν
1107 4324 1228 4384 ταῖς
1258 4321 1496 4393 ἡμέραις
1551 4324 1653 4394 τῆς
1703 4322 1975 4395 ἑνανθρωε

398 4416 473 4480 πή
485 4429 620 4474 τέως
649 4411 744 4464 τοῦ
774 4411 927 4465 Υἱοῦ.

470 4502 579 4556 Καὶ
607 4504 1014 4573 ἀναγγελοῢσι
1047 4504 1162 4573 τὴν
1181 4504 1585 4577 δικαιοσύνην
1616 4511 1803 4565 αὐτοῦ
1846 4511 1974 4578 λαῷ

398 4594 481 4659 τῷ
504 4595 944 4664 τεχθησομένῳ.
977 4598 1038 4649 Ol
1068 4597 1157 4650 διὰ
1183 4598 1422 4662 πίστεως
1454 4601 1771 4670 τεχθέντες,
1803 4604 1975 4670 ἀναγ-

398 4685 619 4752 τελοῦσι
646 4689 761 4749 τοῖς
800 4687 1239 4758 τεχθησομὲνοις,
1291 4690 1386 4743 καὶ
1441 4690 1505 4743 τὴ
1556 4690 1797 4764 καθεξῆς
1864 4693 1974 4748 ἀεί.

2077 3148 2250 3214 sinit;
2295 3149 2396 3202 hoc
2425 3156 2603 3203 autem
2635 3157 2688 3202 et
2729 3148 2797 3203 de
2826 3148 2983 3203 Patre
3014 3148 3242 3219 intelligi
3279 3161 3457 3221 potest
3491 3158 3544 3204 et
3580 3152 3648 3206 de

2076 3238 2238 3293 Filio.
2277 3237 2366 3292 Vel
2401 3239 2601 3294 aliter:
2634 3235 2794 3302 Vivit,
2860 3239 3058 3308 inquit,
3115 3240 3297 3293 anima
3348 3254 3464 3293 mea
3512 3238 3646 3305 Deo,

2074 3331 2243 3385 veluti
2276 3347 2398 3403 qum
2422 3332 2668 3385 actiones
2724 3344 2857 3385 suas
2887 3346 3079 3387 omnes
3133 3331 3203 3386 ad
3254 3346 3380 3385 eum
3438 3331 3648 3401 dirigit,

2070 3422 2533 3492 quemadmodum
2594 3429 2789 3489 contra
2832 3437 2845 3473 :
2885 3421 3120 3477 daamoni
3161 3422 3365 3477 dicitur
3406 3431 3646 3486 mortua,

2070 3512 2289 3583 quando
2309 3513 2374 3567 ad
2392 3528 2590 3584 pravas
2622 3513 2766 3567 illius
2800 3516 3182 3585 suggestiones
3206 3513 3505 3567 immobilis
3527 3528 3651 3582 per-

2073 3612 2282 3657 manet.

2142 3691 2210 3745 Et
2230 3710 2403 3747 semen
2424 3709 2597 3746 meum
2616 3693 2806 3747 serviet
2831 3693 2956 3761 ipsi.
2997 3691 3404 3762 Semen-(8i),
3451 3691 3648 3761 inquit,

2075 3798 2251 3835 meum
2282 3785 2561 3846 Christus,
2584 3782 2729 3837 Patri
2756 3798 2879 3837 meo
2900 3785 3128 3838 serviet.
3155 3784 3262 3837 Per
3293 3798 3503 3845 semen,
3530 3796 3651 3837 om-

2078 3886 2176 3926 nes
2214 3873 2352 3927 lilios
2377 3873 2672 3942 intelligas,
2700 3873 2792 3941 qui
2832 3874 2882 3928 ei
2909 3888 3006 3943 per
3024 3874 3379 3944 Evangelium
3404 3875 3650 3947 generati

2082 3970 2232 4025 sunt,
2265 3970 2320 4017 et
2342 3978 2482 4034 quos
2524 3964 2641 4034 ipse
2673 3962 2759 4035 [ut
2791 3962 2970 4033 inquit
3017 3964 3336 4037 Apostolus]
3374 3967 3518 4021 Patri
3546 3981 3653 4023 suo

2079 4052 2335 4122 subjecit.

2160 4147 2327 4201 Vens.
2360 4144 2451 4200 32.
2487 4143 2909 4199 Aununtiabitur
2951 4142 3180 4197 Domina
3226 4149 3490 4215 generatio
3532 4166 3653 4203 ven-

2079 4254 2219 4298 tura.
2252 4239 2627 4309 Cognoscetur
2654 4252 2683 4290 a
2717 4234 2853 4299 Deo,
2880 4235 3079 4303 inquit,
3103 4236 3379 4304 generatio
3410 4240 3646 4295 fidelium

2078 4351 2143 4391 ex
2179 4331 2457 4406 gentibus,
2500 4332 2642 4398 quae
2675 4336 2907 4382 ventura
2935 4334 3021 4382 est
3058 4326 3114 4381 in
3143 4325 3338 4381 diebus
3391 4328 3653 4385 lncarna-

1998 4416 2051 4475 D
2081 4424 2243 4480 tioais
2272 4422 2393 4476 Filii
2424 4421 2568 4490 ejus.

2152 4513 2220 4568 Et
2242 4512 2635 4567 annuntiabunt
2657 4512 2936 4582 justitiam
2966 4512 3082 4582 ejus
3114 4511 3309 4582 populo
3335 4516 3425 4585 qui
3462 4533 3650 4571 nasce-

2080 4616 2186 4661 tur.
2214 4606 2253 4661 li
2285 4606 2378 4675 qui
2412 4619 2507 4675 per
2540 4603 2698 4657 ﬁdem
2755 4606 3001 4673 generati
3035 4614 3189 4668 sunt,
3246 4608 3653 4661 aminntiabunt

2078 4712 2200 4753 eam
2236 4694 2499 4768 posteris,
2523 4702 2577 4749 et
2611 4692 2663 4746 1ιί
2693 4694 3007 4748 successive
3042 4693 3188 4747 aliis.
3216 4690 3490 4748 Justitiam
3517 4710 3648 4748 vero

398 4778 809 4843 Δικαιοσύνην
847 4780 926 4841 δὲ,
960 4779 1043 4831 ὅτι
1077 4778 1295 4832 καθεῖλε
1353 4781 1446 4835 τὸν
1501 4783 1794 4839 ἀδικοῦντα
1849 4787 1972 4848 τοὺς

2077 4789 2200 4843 ideo
2229 4785 2486 4857 appellat,
2520 4783 2647 4855 quia
2692 4784 2921 4837 humani
2949 4784 3167 4853 generis
3221 4784 3499 4838 inimicum
3552 4790 3650 4840 «Ie-

401 4867 725 4940 ἀνθρώπους
766 4868 1047 4939 πολέμιον.

478 5054 588 5106 ’ον
608 5054 900 5118 ἐποίησεν
922 5057 955 5108 ό
987 5055 1221 5123 Κύριος.
1243 5087 1310 5098 -
1353 5058 1462 5110 ’ον
1490 5057 1799 5125 ἐποίησεν,
1858 5059 1978 5130 ἦτοι

411 5143 776 5211 συνεστήσατο
798 5142 924 5195 λαὸν
953 5144 1155 5214 ἑαυτῷ,
1181 5146 1448 5216 πρότερον
1486 5146 1615 5199 λαὸν
1656 5147 1809 5212 ὄντα,
1859 5148 1977 5201 ἀλλ’

403 5233 731 5302 ἀπωσμένον
758 5248 772 5262 ·
810 5232 843 5303 ἢ
874 5231 934 5286 ὃν
966 5233 1392 5305 ἐδημιούργησε.
1424 5236 1498 5289 Τὸ
1530 5237 1608 5301 δὲ,
1643 5238 1978 5308 ἀνιεῖ-τελή-

404 5338 576 5379 σεται
639 5321 719 5389 τῷ
778 5326 994 5395 Κυρίῳ,
1053 5328 1195 5390 τινὲς
1246 5327 1419 5392 ἄλλως
1478 5330 1854 5400 ήρμήνευσαν,
1894 5332 1975 5386 ὅτι

902 5444 920 5477 Ι

475 5511 524 5543 ’⁸
563 5507 709 5564 Psal.
746 5525 806 5573 tt,
845 5509 897 5563 8.
973 5506 1019 5539 ἰ
1060 5506 1294 5577 Philipp.
1350 5522 1408 5575 Il,
1446 5508 1533 5563 l0.

2080 4875 2303 4940 struxit,
2340 4873 2434 4945 qui
2485 4872 2683 4942 injuria
2727 4872 2859 4925 illud
2897 4886 3112 4940 semper
3161 4886 3224 4926 ac
3270 4873 3472 4929 damno
3522 4875 3652 4930 alie-

2080 4975 2250 5024 cerat.

2154 5057 2319 5124 Quem
2341 5056 2464 5127 fecit
2503 5054 2779 5109 Dominus.
2839 5052 2951 5109 lloc
2985 5066 3091 5123 est,
3124 5071 3287 5126 quem
3324 5056 3427 5111 sibi
3474 5067 3650 5119 popu-

2086 5151 2198 5205 lum
2223 5150 2511 5205 conStituit
2542 5161 2667 5202 cum
2703 5152 2861 5202 antea
2896 5145 2987 5202 Dei
3018 5150 3252 5218 populus
3280 5161 3386 5198 non
3433 5144 3650 5196 dit-ere-

2085 5252 2174 5296 tur
2207 5258 2220 5294 :
2256 5239 2504 5310 quinimo
2528 5237 2787 5307 repulsus
2821 5244 2940 5291 erat
2971 5244 3025 5291 et
3063 5250 3282 5291 exosus.
3318 5230 3415 5284 Vel
3445 5229 3604 5281 aliter
3632 5245 3649 5283 :

2086 5332 2250 5399 Quem
2273 5331 2416 5400 luit,
2452 5328 2555 5386 hoc
2581 5337 2684 5397 est,
2726 5343 2888 5401 quem
2913 5326 3141 5384 creavit.
3178 5323 3241 5377 Et
3266 5319 3412 5391 quod
3442 5318 3648 5374 dictum

1758 5604 1960 5665 Variae
1991 5603 2323 5666 lectiones.

479 5709 595 5784 (δι)
644 5709 957 5766 Graecorum
1017 5707 1304 5763 verborum
1358 5720 1555 5763 sensus
1600 5714 1727 5761 est:
1772 5703 1954 5760 Semen
1982 5703 2201 5770 Christi,
2228 5719 2318 5758 seu
2348 5702 2837 5771 lt‘itii,suutamnes
2868 5698 2958 5767 qui
2978 5713 3069 5768 per
3087 5696 3576 5770 Erangelium,etc.
