4054 6210
497 285 600 356 291
1688 285 2066 350 EUTHYMII
2106 290 2472 352 ZIGABENI
3646 299 3752 362 €92

501 419 583 464 est
611 427 623 462 :
655 409 1070 465 Annantiabitur
1104 407 1326 461 Domino
1373 405 1640 477 generatio
1695 414 1931 470 ventura,
1955 407 2065 470 qui-

2189 409 2498 477 προφητεία
2529 407 2686 462 τοῦτό
2719 410 2855 474 ἐστι,
2912 414 3036 483 περὶ
3088 413 3194 467 τῶν
3247 415 3303 467 ἐν
3360 413 3755 487 Ἱεροσολύμοις

500 506 626 556 dam
662 505 819 558 aliter
849 500 1507 572 exposuerunt,(liccntcs
1533 539 1546 563 ,
1585 498 1924 567 prophetiam
1968 499 2065 555 illic

2175 497 2533 569 ζητησάντων
2566 500 2694 553 ἰδεῖν
2721 503 2812 555 τὸν
2863 505 3071 574 Ἰησοῦν
3106 505 3376 574 Ἑλλήνων
3397 524 3412 539 ο
3469 526 3601 576 φησι
3650 515 3756 580 γὰρ

501 596 770 648 contineri
801 595 867 648 de
897 594 1192 662 gentilibus
1221 592 1350 651 illis,
1383 591 1475 658 qui
1510 590 1560 642 iu
1583 589 1887 644 Jerusalem
1918 606 2071 660 qua:-

506 688 722 739 rcbant-
760 685 948 739 videre
1003 684 1314 736 Dominum.
1383 680 1588 735 Scribit
1645 681 1789 734 enim
1834 679 2076 737 Joannes

502 780 806 831 accessisse
841 792 934 831 eos
971 776 1037 830 ad
1073 774 1403 844 Philippum,
1447 773 1538 842 qui
1569 781 1688 827 erat
1723 789 1751 826 a
1780 772 2072 828 Bethsaida

503 866 743 931 Galilem,
786 880 835 921 et
883 869 1254 936 interrogasse
1303 881 1452 930 eum,
1501 863 1792 920 dicentes:
1829 865 2070 930 Domine,

502 960 742 1011 volumus
779 959 950 1010 ridere
977 957 1159 1009 Jesttm
1190 957 1236 986 "
1266 971 1279 1018 ;
1314 963 1367 1007 et
1420 953 1731 1024 Philippum
1778 955 1979 1010 deinde
2020 957 2070 1010 id

500 1049 708 1102 dixisse
738 1049 1008 1102 Andreae:
1045 1059 1097 1100 ct
1134 1056 1431 1114 utrumque
1496 1061 1686 1099 eorum
1741 1047 1958 1100 demum
2017 1048 2069 1101 id

499 1142 662 1195 simul
718 1142 971 1194 retulisse
1002 1139 1067 1193 ad
1117 1139 1300 1192 Jcsum
1328 1155 1342 1202 ;
1375 1148 1423 1192 et
1460 1136 1644 1190 Jesum
1706 1139 2070 1207 respondisse,

500 1232 654 1298 Quod
716 1243 922 1285 venerat
978 1231 1107 1284 liora
1152 1243 1205 1282 nt
1259 1231 1650 1299 gloriﬁcaretur
1692 1228 1870 1283 Filius
1899 1231 2072 1284 homi-

502 1328 582 1376 nis
617 1325 682 1377 ³⁸.
721 1326 860 1378 Ecce
887 1323 1168 1393 quomodo
1199 1321 1420 1376 Christo
1459 1322 1686 1375 l-iomino
1744 1324 2066 1377 annuntiata

498 1425 584 1471 cst
627 1417 696 1471 ab
729 1417 995 1484 apostolis
1045 1415 1325 1485 generatio
1366 1415 1454 1468 illa
1506 1415 1792 1483 gentilium
1833 1432 1845 1468 :
1885 1416 1959 1469 illi
1985 1417 2069 1469 ni-

2173 591 2202 642 ὀ
2231 589 2627 660 εὐαγγελιστής
2671 593 2922 664 Ἰωάννης
2960 611 2976 627 ·
3011 593 3186 652 Οὗτοι
3233 599 3437 667 προσῆ
3454 604 3597 654 ίθον
3657 607 3749 655 Φι-

2170 681 2396 748 λίππῳ,
2426 683 2552 738 ὄντι
2584 685 2701 738 ἀπὸ
2736 687 3046 750 Βηθσάιδιι
3080 689 3192 756 τῆς
3250 693 3606 759 Γαλιλαίας,
3656 696 3753 747 καί

2171 776 2640 844 ἠρώτωναῠτὸν,
2683 783 2967 850 λέῃοντες
3020 800 3032 813 ·
3069 785 3264 852 Κύριε,
3311 785 3563 856 θέλομεν
3610 788 3757 841 ἰδεῖν

2173 871 2281 922 τὸν
2308 867 2580 936 Ἰησοῦν.
2613 874 2873 942 Ἔρχεται
2904 875 3188 938 Φίλιππος,
3224 879 3318 931 καὶ
3343 878 3490 946 λέγει
3517 880 3594 949 τῷ
3638 882 3757 935 Ἀν-

2171 959 2302 1030 δρέᾳ
2335 977 2348 990 ⁸
2380 963 2638 1032 Ἔρχεται
2681 965 2936 1034 Ἀνδρέας
2957 968 3051 1018 xxi.
3072 967 3359 1030 Φίλιππος,
3401 971 3494 1021 καὶ
3527 971 3751 1035 λέγουσι

2171 1051 2250 1120 τῷ
2278 1053 2455 1122 Ἰησοῦ
2491 1073 2503 1085 υ
2528 1057 2554 1106 ὁ
2585 1055 2638 1107 δὲ
2681 1056 3025 1125 ἀποκριθεῖς,
3071 1054 3226 1111 εἶπεν
3260 1077 3274 1090 ο
3325 1061 3664 1129 Ἐλήλυθεν
3712 1064 3750 1131 ἡ

2171 1141 2436 1209 ὣρα,ῖνα
2468 1144 2744 1215 δοξασθῇ
2780 1151 2811 1199 ό
2857 1149 2987 1213 Υἱὸς
3049 1149 3156 1202 τοῦ
3220 1151 3351 1218 ὼ·ολ
3370 1151 3576 1205 ώ.του.”
3619 1155 3750 1208 ’ἰδοὺ

2172 1234 2352 1286 τοίνυν
2381 1237 2659 1305 ἀνηγγέλη
2692 1239 2766 1306 τῷ
2793 1239 3016 1309 Χριστῷ
3049 1242 3196 1310 παρά
3245 1242 3352 1294 τῶν
3412 1246 3748 1307 ἀποστόλων,

2177 1326 2457 1380 τουτέστιν
2489 1329 2539 1380 oi
2567 1329 2850 1398 Ἕλληνες,
2884 1333 2930 1383 οἱ
2979 1331 3325 1402 ἐξερχόμενοι
3378 1338 3510 1404 πρῖς
3565 1341 3749 1404 αὖτὶν,

2176 1421 2464 1492 προοίμιον
2492 1424 2645 1490 ὄντες
2689 1428 2908 1481 πάντων
2937 1429 3048 1480 τῶν
3082 1429 3141 1494 ἐξ
3189 1430 3358 1484 ἐθνῶν
3393 1432 3747 1500 ἐληλυθότων,

497 1511 693 1562 mirum
725 1507 1040 1574 erci,qut
1095 1513 1356 1561 exeuntes
1409 1514 1462 1557 et
1519 1506 1844 1559 accedentes
1876 1506 1940 1560 ad
2000 1505 2212 1577 Jesum,
2255 1513 2543 1568 exordium
2633 1519 2788 1585 quasi
2839 1534 2901 1574 ac
2981 1520 3306 1590 principium
3395 1522 3544 1578 fuere
3617 1543 3752 1596 gen-

495 1604 672 1658 tilium
737 1602 1006 1664 omnium,
1057 1601 1148 1668 qui
1211 1601 1264 1652 in
1326 1599 1608 1653 Christum
1662 1612 1820 1657 crant
1873 1603 2158 1659 credituri.

955 1694 1210 1749 Psalmus
1261 1695 1362 1762 ipsi
1413 1693 1605 1747 David.

1013 1787 1334 1842 PSALMUS
1383 1786 1552 1840 XXII.

567 1881 723 1936 llunc
750 1880 1029 1934 Psalmum
1061 1889 1289 1935 sanctus
1343 1879 1587 1947 Spiritus
1614 1880 1772 1935 beato
1800 1880 1964 1936 David
1999 1897 2062 1936 ex

493 1987 726 2040 persona
763 1971 1003 2024 fidelium
1040 1970 1133 2040 qui
1157 1985 1220 2024 ex
1249 1969 1506 2040 gentibus
1534 1971 1684 2026 luere
1713 1973 2066 2026 conscriben-

493 2065 624 2118 dutu
661 2061 961 2115 mandavit.

566 2157 736 2213 Vens.
771 2156 822 2211 9..
854 2155 1110 2210 Dominus
1136 2155 1310 2226 pascit
1349 2171 1430 2208 me
1466 2163 1515 2208 et
1543 2154 1679 2208 nihil
1712 2155 1841 2208 milii
1874 2157 2061 2212 deerit.

491 2250 611 2321 Ipse
635 2250 780 2304 enim
815 2248 1080 2304 Dominus
1119 2249 1169 2302 in
1205 2247 1498 2317 Evangelio
1522 2247 1641 2302 ait:
1677 2245 1785 2317 Ego
1816 2263 1934 2301 sum
1969 2266 2067 2317 pa-

491 2352 603 2397 stor
643 2343 808 2396 bonus
845 2342 912 2395 ".
950 2341 1054 2406 Qui
1088 2355 1212 2394 cum
1245 2339 1455 2408 primos
1496 2339 1682 2393 ﬁdeles
1711 2355 1777 2394 ex
1813 2341 2064 2409 gentibus

492 2437 650 2506 quasi
688 2450 840 2497 oves,
871 2435 1165 2501 praeruptis
1190 2433 1244 2484 in
1276 2433 1412 2485 locis
1441 2431 1790 2485 errabundus
1820 2433 2064 2487 iuvenis-

491 2525 998 2588 sct,a.lovilesuum
1018 2523 1164 2577 duxit
1191 2536 1288 2576 eos
1309 2537 1370 2575 ac
1403 2520 1549 2590 pavit
1570 2537 1582 2573 :
1603 2537 1699 2590 pro
1725 2538 1832 2590 quo
1863 2522 2065 2576 beneﬁ-

491 2619 580 2672 cio
612 2632 800 2670 eorum
829 2616 1065 2685 quisque
1099 2629 1126 2667 a
1167 2612 1437 2681 Propheta
1472 2621 1665 2666 nostro
1697 2611 2066 2666 introducitur

493 2707 547 2762 in
580 2710 883 2778 gratiarum
921 2707 1195 2760 actionem
1235 2704 1342 2758 Deo
1374 2720 1574 2759 canere
1609 2722 1670 2759 ac
1700 2703 1884 2758 dicere
1911 2724 1923 2758 :
1955 2703 2064 2757 Do-

492 2799 668 2852 minus
700 2798 875 2864 pascit
911 2811 1010 2862 me,
1051 2805 1214 2866 atque
1248 2793 1368 2849 ideo
1393 2794 1577 2849 nullus
1603 2804 1686 2850 est
1714 2796 1846 2847 mihi
1901 2795 2064 2848 timor

489 2890 635 2960 quod
663 2889 889 2960 posthac
918 2889 1290 2942 necessarium
1337 2885 1543 2956 aliquid
1574 2897 1667 2942 aut
1693 2896 2058 2956 opportunum

490 2979 730 3036 deliciat.
795 2980 1096 3035 Sciendum
1153 2987 1238 3033 est
1306 2987 1518 3042 autem,
1583 2992 1668 3042 ea,
1727 2993 1847 3048 qua?
1903 2980 2060 3047 plane

492 3081 773 3142 perspecta
837 3070 1166 3137 habeantur,
1227 3070 1345 3124 sine
1413 3072 1648 3125 articulo
1704 3071 1892 3126 eﬂ‘erri
1931 3088 2059 3126 con~

491 3179 700 3218 suesse.

563 3252 629 3308 1η
662 3256 774 3309 loco
825 3256 1103 3328 herbarum
1141 3255 1217 3309 ibi
1250 3271 1329 3310 me
1369 3257 1668 3311 collocavit.
1717 3257 1896 3312 Locus
1943 3257 2064 3311 ber-

486 3344 680 3401 harum
706 3347 876 3400 virtus
908 3348 1143 3416 practica
1173 3364 1188 3412 ;
1224 3363 1364 3416 aqua
1396 3356 1577 3401 autem
1612 3347 1895 3418 requietis,
1929 3362 2061 3401 con-

483 3439 805 3508 templativa
839 3437 1212 3508 philosophia.
1265 3435 1569 3492 Constituit
1614 3453 1720 3502 me,
1762 3439 1962 3508 inquit,
2007 3439 2060 3493 iu

488 3531 609 3584 loco
646 3531 738 3584 ubi
773 3539 932 3584 erant
967 3530 1170 3600 Optima
1233 3530 1522 3584 herbarum
1556 3543 1781 3598 pascua.
1814 3528 2065 3585 Persistit

482 3623 627 3676 enim
655 3621 928 3692 Propheta
946 3622 998 3675 in
1022 3619 1278 3690 pascendi
1312 3620 1653 3690 metaphora.
1681 3620 1856 3675 lierha
1880 3632 2060 3676 autem

480 3727 538 3771 et
576 3731 712 3784 aqua
734 3713 800 3770 de
817 3730 920 3783 qua
957 3711 1189 3767 inferius
1220 3711 1385 3774 dicet,
1413 3713 1715 3766 ubertatem
1751 3713 1896 3784 gregi
1922 3729 2064 3782 prae-

481 3815 631 3862 stant
667 3824 680 3860 :
717 3815 772 3860 et
803 3820 1001 3861 sensus
1038 3813 1141 3870 est,
1168 3801 1315 3874 quod
1352 3798 1687 3858 uberrimum
1723 3805 1773 3859 ei
1805 3805 2059 3874 pabulum

486 3900 748 3954 Dominus
786 3895 851 3950 ad
893 3895 1224 3951 vescendum
1257 3896 1426 3952 dedit.
1463 3895 1582 3960 Vel,
1611 3912 1706 3966 per
1729 3897 1907 3952 locum
1939 3898 2062 3968 qui-

482 3993 604 4046 ἀνω
633 3990 952 4050 Ecclesiam,
989 4004 1086 4060 per
1115 3990 1314 4045 herbas
1345 4002 1477 4045 vero
1513 3991 1852 4044 virescentes
1886 3991 2058 4046 virtu-

481 4085 629 4138 tibus
667 4084 853 4138 ﬁdeles
882 4083 1168 4154 intelligit.
1207 4083 1326 4147 Vel,
1376 4096 1471 4152 per
1514 4081 1740 4136 herbam
1783 4079 2055 4136 Christia-

483 4189 680 4228 norum
716 4176 874 4231 litlem
926 4175 1190 4245 intelligo,
1243 4187 1365 4242 quae
1400 4185 1618 4240 semper
1657 4179 1951 4222 renovatur
1992 4183 2056 4222 ac

2667 1708 2905 1773 Ψαλμές
2943 1709 3023 1772 τῷ
3052 1711 3246 1766 Δαϐίδ.

2727 1799 3018 1854 ΨΛΛΜΟΣ
3061 1803 3184 1855 KB'.

2251 1889 2344 1942 Ἐκ
2381 1893 2670 1962 προσώπου
2711 1893 2820 1944 τ·Τ›ν
2850 1893 3018 1946 ἐθνῶν
3041 1895 3131 1945 τὸν
3163 1895 3406 1964 παρόντα
3437 1897 3650 1967 ψαλμὸν
3686 1899 3749 1951 τό

2171 1983 2311 2036 οεῖον
2349 1984 2572 2052 Πνεῦμα
2611 1983 2685 2054 τῷ
2716 1985 2879 2037 Διϐἲδ
2907 1985 3272 2057 ὑπηγόρευσε.

2241 2166 2452 2232 Κύριος
2479 2166 2776 2232 ποιμαίνει
2801 2182 2896 2233 με,
2939 2166 3038 2218 καὶ
3082 2167 3262 2220 οὐδέν
3288 2184 3365 2236 με
3398 2169 3746 2235 ὑστερήσει.

2167 2256 2337 2317 Αὐτὸς
2376 2256 2483 2324 γὰρ
2536 2254 2709 2326 ἐν’τῷ
2765 2255 3079 2324 Εὐαγγελίῳ
3111 2257 3306 2327 φησίν·
3353 2257 3500 2324 Ἐγώ
3554 2261 3668 2326 ειμι
3714 2262 3749 2313 ὀ

2168 2348 2393 2415 ποιμὴν
2414 2351 2446 2400 ὁ
2477 2349 2684 2411 καλός.
2727 2348 2816 2411 Ὠς
2848 2347 3090 2416 πρόϐατα
3131 2349 3243 2418 γὰρ
3294 2348 3620 2416 πλανώμενα
3652 2351 3748 2402 ἐπὶ

2166 2441 2332 2492 τόπου
2356 2439 2631 2501 ἀπωλείας
2660 2439 2784 2502 τοὺς
2806 2440 2864 2504 ἐξ
2896 2440 3064 2492 ἐθνῶν
3087 2435 3232 2510 εὗρε.
3268 2439 3363 2492 καὶ
3393 2441 3472 2502 εἷς
3502 2440 3747 2510 μάνδρας

2167 2533 2361 2603 ήγαγε,
2417 2534 2510 2586 καὶ
2543 2531 2727 2585 λοιπόν
2781 2532 3078 2600 ποιμαίνει.
3138 2532 3228 2584 aut
3259 2533 3353 2586 καὶ
3385 2532 3612 2594 ἕκαστος
3641 2533 3748 2584 αὐ-

2165 2625 2275 2676 τῶν
2303 2623 2660 2696 εὐχαριστῶν,
2689 2624 3026 2691 ἀπαγγέλλει
3049 2624 3147 2686 τὰς
3183 2624 3500 2692 εὐεργεσέας
3554 2622 3744 2686 αὐτοῦ,

2166 2716 2340 2784 λέγων
2361 2733 2375 2745 ⁸
2419 2717 2480 2769 '0
2511 2718 2724 2784 Κύριος
2759 2717 3062 2784 ποιμαίνει
3105 2733 3202 2784 με,
3235 2715 3326 2767 καὶ
3354 2716 3506 2768 οὐδέν
3542 2733 3604 2784 με
3637 2716 3750 2768 λοι-

2167 2808 2267 2861 πὶν
2321 2808 2588 2877 ἐπιλείψει
2643 2809 2752 2861 τῶν
2803 2808 3146 2878 ἐπιτηδείων.
3201 2807 3396 2861 Ἰστέον
3429 2808 3506 2872 δὲ,
3548 2808 3630 2860 ὅτι
3674 2809 3744 2860 τὰ

2168 2899 2307 2954 πάνυ
2357 2900 2674 2971 ἐγνωσμένα
2711 2901 2878 2970 χωρὶς
2925 2900 3130 2970 ἄρθρου
3183 2899 3442 2964 πολλάκις
3477 2899 3745 2968 ὲκφὲρου·

2167 3009 2278 3044 ται.

2241 3253 2340 3320 Et;
2369 3256 2558 3309 τόπον
2591 3255 2804 3323 χλόης,
2852 3255 2984 3309 ἐκεῖ
3007 3273 3082 3324 με
3118 3253 3606 3321 κατεσκήνωσεν.
3639 3254 3743 3308 T6-

2168 3366 2266 3410 πος
2302 3348 2555 3418 χλόης,ή
2611 3347 2890 3418 πρακτική
2942 3331 3144 3418 ἀρετήο
3193 3348 3338 3417 ὕδωρ
3408 3348 3463 3400 δὲ
3497 3347 3744 3401 ἀναπαύ-

2167 3454 2324 3502 σεως,
2379 3439 2414 3504 ή
2448 3437 2758 3509 θεωρητικὴ
2791 3436 3100 3506 φιλοσοφία.
3148 3439 3258 3491 Kal.
3295 3439 3413 3490 ἐκεῖ
3454 3455 3542 3507 με,
3579 3439 3740 3507 φησι.

2166 3531 2602 3598 κατεσκήνωσεν,
2641 3531 2775 3584 ὃπου
2815 3532 2977 3593 τόπος
3033 3529 3217 3600 χλόης.
3275 3529 3560 3598 Ἐπέμεινε
3589 3530 3643 3581 δὲ
3675 3532 3739 3599 τῇ

2161 3623 2336 3692 τροπῇ
2373 3620 2467 3674 τοῦ
2505 3621 2819 3690 ποιμαίνειν
2843 3636 2856 3650 ο
2917 3621 3047 3691 χλόη
3087 3622 3194 3689 γὰρ
3228 3621 3323 3675 καὶ
3365 3621 3529 3691 ὕδωρ,
3577 3621 3742 3690 εὐθη-

2159 3711 2244 3764 νία
2279 3713 2550 3783 ποιμνίου.
2583 3712 2754 3765 Τοῦτο
2780 3713 2834 3765 δὲ
2867 3712 3114 3781 βούλεται
3142 3713 3351 3782 δηλοῦν.
3383 3714 3568 3766 sum
3598 3713 3738 3766 ἀπο-

2158 3803 2348 3856 λαύσει
2379 3804 2550 3874 νομῆς
2605 3821 2673 3874 με
2729 3804 3052 3874 κατέστησε.
3095 3805 3202 3857 Καὶ
3232 3786 3408 3867 ἀλλ’ως
3455 3805 3542 3857 δέ·
3575 3804 3741 3867 τόπος

2163 3895 2262 3966 μὲν
2305 3894 2490 3964 χλόης,
2530 3897 2561 3965 ἡ
2601 3895 2936 3965 Ἐκκλησίαο
2994 3895 3123 3965 χλόη
3183 3895 3266 3960 δὲ,
3315 3897 3363 3948 οἱ
3395 3895 3598 3956 πιστοὶ,
3642 3895 3740 3948 ἀνο

2163 3986 2382 4049 Θοῦντες
2437 3987 2559 4040 κατ’
2590 3988 2809 4057 ἀρετήν.
2847 3989 2916 4041 Ἦ
2968 3991 3061 4040 καὶ
3095 3987 3282 4058 χλόην,
3315 3988 3414 4052 τὴν
3448 3987 3555 4039 τῶν
3597 3987 3738 4054 Χρι-

2163 4079 2397 4130 στιανῶν
2421 4081 2600 4132 πῖστιν
2649 4081 2884 4150 νοήσεις,
2929 4080 3225 4143 νεάζοτσαν
3251 4079 3337 4130 ἀεί
3360 4091 3376 4108 ·
3411 4080 3442 4148 ἡ
3475 4079 3584 4146 γᾶρ
3625 4076 3738 4129 τῶν

2176 4168 2466 4241 Ἑλλήνων,
2497 4170 2572 4234 ὡς
2601 4171 2793 4242 χόρτος
2823 4172 3082 4242 ἐγήρασε,
3131 4172 3226 4225 καὶ
3253 4169 3627 4240 ἀπεξηράνθη.

482 4267 724 4325 virescit.
759 4266 1015 4324 Gentium
1061 4269 1205 4322 enim
1233 4265 1370 4320 ﬁdes
1395 4262 1688 4320 consenuit
1718 4270 1774 4317 et
1820 4262 1965 4317 aruit
1993 4270 2052 4316 ut
2089 4260 2320 4317 Renum.
2367 4262 2510 4335 [Vel,
2548 4279 2644 4334 per
2680 4265 2970 4319 herbarum
3015 4280 3240 4336 pascua,
3283 4265 3514 4318 virtutes
3555 4278 3734 4318 mors-

484 4362 584 4423 les,
617 4373 712 4428 per
741 4373 938 4428 aquam
975 4373 1105 4412 vero
1137 4357 1426 4427 requietis,
1455 4354 1875 4426 pacatissimum
1904 4355 2350 4422 contemplativa:
2380 4355 2738 4424 philosOphiaz
2767 4355 3085 4426 confugium
3117 4355 3450 4428 signiﬁcat.]

552 4453 720 4510 Vsus.
745 4455 798 4507 5.
836 4454 1003 4523 Super
1038 4467 1230 4520 aquam
1262 4452 1508 4520 requietis
1531 4450 1774 4506 educavit
1807 4467 1909 4505 me.
1939 4449 2052 4503 lloc
2087 4459 2132 4512 υ

481 4557 702 4614 propter
742 4544 1000 4612 baptismi
1036 4544 1317 4597 lavacrum
1350 4543 1559 4596 dictum
1583 4550 1690 4606 est,
1717 4544 1878 4611 cujus
1907 4556 2048 4611 aqua

479 4636 760 4691 cmundati
797 4634 1044 4688 laborem
1077 4648 1292 4686 omnem
1333 4639 1388 4687 et
1423 4631 1635 4700 poodus
1703 4641 2050 4701 peccatorum

481 4725 824 4796 Droiicimus,
859 4738 922 4778 ac
948 4723 1214 4792 deinceps
1257 4721 1676 4792 τθίιυίθ⁵⁰⁵¹¹¹¹¹³⁶
1709 4721 2052 4789 Q'mpmpler

481 4818 749 4871 Dominus
783 4817 1011 4871 dicebat
1043 4831 1060 4870 :
1108 4815 1286 4869 Venite
1319 4814 1388 4867 ad
1415 4827 1495 4866 me
1519 4828 1694 4866 omnes
1721 4812 1810 4882 qui
1841 4810 2051 4865 labora-

481 4909 550 4962 tis
597 4918 646 4961 et
683 4909 888 4961 onerati
926 4907 1054 4961 estis
1087 4916 1134 4961 et
1161 4923 1252 4976 ego
1287 4905 1602 4976 requiescere
1641 4919 1725 4956 ros
1758 4902 1955 4972 faciam
1983 4902 2049 4955 θ’.

485 4999 581 5053 Vel
619 5000 805 5061 aliter,
845 5014 943 5068 per
993 5013 1189 5066 aquam
1223 4996 1426 5051 ﬂuenta
1481 4995 1572 5048 illa
1625 4994 1861 5064 iutellige
1917 4992 2052 5046 vivi-

480 5094 594 5146 lica'
622 5092 824 5147 Christi
863 5091 1149 5154 doctrinae,
1187 5089 1251 5142 de
1285 5087 1487 5157 quibus
1535 5085 1588 5138 in
1621 5085 1798 5154 primo
1842 5084 2052 5153 psalmo

477 5186 690 5239 dictum
719 5194 826 5244 cat,
861 5182 912 5236 in
949 5181 1293 5250 expositione
1343 5180 1490 5232 illius
1537 5176 1794 5231 versiculi
1850 5191 1863 5228 :
1897 5175 2051 5241 Quod

473 5279 776 5345 plantarum
807 5286 883 5329 est
920 5289 1071 5328 secus
1101 5273 1350 5325 decursus
1381 5287 1640 5339 aquarum
1665 5269 1732 5322 “.

549 5373 797 5423 Animam
832 5383 1000 5421 meam
1043 5365 1319 5420 convertit.
1353 5364 1432 5416 Ab
1467 5363 1734 5416 idolorum
1769 5375 1976 5416 errore.

551 5549 779 5602 Drduxit
802 5544 1274 5616 mesupersemitas
1287 5541 1533 5610 justitiw.
1552 5537 1652 5594 Per
1663 5537 1933 5608 justitiam
1967 5539 2053 5592 hic

2241 4450 2367 4503 Ἐπί
2391 4451 2608 4517 ὕδατος
2636 4452 3029 4519 ἀναπαύσεως
3055 4451 3336 4521 ἐξέθρεψέ
3358 4450 3632 4521 με.Τοῦτο
3647 4451 3736 4504 sia

2153 4542 2213 4595 τὸ
2245 4541 2469 4614 λουτρὸν
2495 4543 2586 4597 τοῦ
2625 4545 3035 4613 βαπτίσματοςο
3069 4546 3158 4599 διὰ
3197 4544 3290 4597 τοῦ
3326 4543 3568 4598 τοιούτου
3622 4543 3732 4613 γὰρ

2155 4633 2345 4698 ὕδατος
2377 4635 2707 4704 ρυπτόμενοι
2743 4637 3010 4706 ῥίπτομεν
3043 4635 3135 4689 τὸν
3170 4636 3329 4690 πόνον
3365 4636 3458 4688 καὶ
3484 4635 3542 4688 τὺ
3567 4636 3732 4704 βάρος

2152 4728 2250 4796 τῆς
2299 4725 2594 4795 ἁμαρτίας,
2631 4729 2723 4780 καὶ
2771 4727 2955 4781 λοιπὸν
2993 4727 3407 4795 ἀναπαυόμεοα.
3446 4727 3536 4779 Διὸ
3567 4727 3662 4778 καὶ
3705 4727 3731 4778 ό

2153 4817 2359 4887 Κύριος
2391 4817 2542 4884 ἔλεγε
2565 4835 2578 4848 ο
2614 4819 2791 4871 Δεῦτε
2815 4818 3037 4884 πάντες
3069 4822 3122 4872 οι
3148 4818 3471 4882 κοπιῶντες
3496 4819 3592 4871 καί
3627 4834 3733 4870 πει

2152 4905 2557 4976 φορτισμένοι,
2605 4908 2765 4976 κάγὼ
2802 4909 3135 4962 ἀναπαύσω
3196 4907 3371 4976 ὑμᾶς.
3413 4909 3478 4960 ‘li
3509 4907 3604 4960 καὶ
3633 4907 3732 4959 ἅλ-

2153 4996 2259 5060 λως
2283 5012 2294 5024 ’
2324 4996 2490 5067 ὕδωρ,
2522 4996 2581 5050 τὸ
2629 4998 2844 5067 (tot;pr
2881 5001 3026 5066 νᾶμα
3061 4998 3156 5067 τῆς
3187 4997 3280 5049 τοῦ
3309 4997 3546 5066 Χριστοῦ
3581 4997 3731 5049 δεδα-

2155 5089 2402 5153 σκαλὶας,
2458 5087 2529 5151 ὡς
2560 5089 2977 5159 προειρήκαμεν
3010 5090 3090 5152 είς
3119 5089 3210 5141 τὺν
3243 5089 3459 5158 πρῶτον
3486 5089 3728 5156 ψσλμίν,

2152 5177 2229 5242 τὸ,
2267 5178 2430 5247 Παρὰ
2482 5179 2585 5243 τὰς
2615 5177 2928 5244 διεξόδους
2957 5178 3076 5231 τῶν
3103 5179 3361 5244 ὑδάτων,
3392 5177 3731 5249 ἑρμηνεύον-

2158 5285 2266 5330 τες.

2237 5355 2355 5424 Τὴν
2380 5359 2594 5426 ψυχήν
2627 5375 2744 5427 μου
2770 5359 3172 5429 ἐπέστρεψεν.
3214 5360 3345 5414 Ἀπὸ
3373 5363 3471 5431 τῆς
3520 5359 3729 5430 πλάνης

2156 5451 2266 5502 τῶν
2291 5451 2543 5506 εἰδώλων.

2243 5543 2540 5613 Ὠδήγησέ
2551 5546 2730 5616 μεὲπὶ
2762 5547 2997 5614 τρίϐους
3018 5544 3430 5613 δικαιοσύνης.
3447 5545 3729 5599 Δικαιοσύ-

559 5727 608 5760 ⁹¹
640 5723 799 5783 Joan.
842 5742 938 5794 xu,
973 5723 1066 5779 Ἦ.
1140 5721 1186 5754 ’⁸
1217 5721 1352 5778 Ibid.
1408 5719 1498 5774 25.
1580 5719 1627 5754 ’⁸
1657 5717 1812 5774 Joan.
1849 5717 1936 5782 Η,
1975 5717 2057 5773 14.

2164 5719 2182 5749 ⁵
2209 5717 2398 5776 Matth.
2443 5737 2518 5786 XI,
2545 5724 2634 5778 28.
2720 5728 2766 5759 "
2823 5726 2968 5782 Psal.
3003 5743 3039 5794 ι,
3069 5725 3121 5779 5.
