4054 6210
291 165 385 229 297

1437 153 1828 217 COMMEN'I‘.
1872 153 1947 212 IN
1983 149 2342 212 PSALMOS.

3431 154 3537 215 21ὲὸ

296 281 558 352 ρύγματος
593 273 986 345 διαδραμόντες
1039 275 1165 342 ἄχρι
1212 270 1320 324 τῶν
1357 272 1609 339 περάτων
1649 271 1744 336 τῆς
1776 268 1854 320 οἰ-

1977 263 2355 318 11·;1111111;111111111
2413 260 2532 314 fidei
2571 259 2636 314 ad
2676 275 2847 331 usque
2897 269 3056 317 terra:
3102 261 3237 318 ﬁnes
3278 263 3502 320 dilatata
3527 301 3544 328 .

292 370 570 439 κουμένης,
601 367 676 427 ῶς
721 367 1082 436 προλαῦόντες
1132 368 1454 436 εἰρήκαμεν.
1492 365 1772 432 Πλήρωμα
1805 361 1859 412 δὲ

290 462 467 530 αὐτῆς,
494 463 542 512 οἱ
565 459 772 528 ταύτην
805 457 1146 528 πληροῦντες
1179 457 1480 528 ἄνθρωποι.
1524 457 1656 508 Ἀπὸ
1685 455 1741 506 δὲ
1765 451 1860 504 τοῦ

287 555 397 607 ὅλου
420 554 544 613 τοὺς
575 551 792 613 πλείους
827 549 1097 620 ἐδήλωσεν
1126 565 1138 577 '
1167 551 1229 600 οὐ
1257 551 1364 619 γὰρ
1401 551 1599 610 πάντες
1623 545 1719 599 τοῦ
1753 547 1862 596 Κυ-

289 645 395 715 ρίου
435 644 717 709 γεγόνασι.
751 641 840 710 Τῷ
871 641 1056 710 μέντοι
1094 640 1192 709 τῆς
1219 640 1324 710 γῆς
1353 640 1597 709 ὀνόματι,
1637 638 1731 690 καὶ
1764 637 1861 699 τὰς

290 737 477 804 νήσους
503 731 964 803 συμπεριέλαὸεν,
986 733 1069 785 ὅτι
1100 735 1170 803 γῆ
1203 734 1298 785 καὶ
1324 727 1504 785 αὗται.

365 908 790 979 Ἡοικουμένη,
823 911 923 964 καὶ
972 911 1194 976 πάντες
1223 914 1278 965 ol
1323 911 1750 976 κατοικοῦντες
1793 913 1862 964 ἐν

287 1002 452 1070 αὐτῇ.
485 1004 659 1056 Τοῦτο
697 1002 793 1057 τοῦ
837 1002 1248 1075 προρῤηθέντος
1282 1004 1788 1073 ἑφερμηνευτικόν·
1834 1003 1863 1056 ὃ

289 1097 388 1164 γὰρ
419 1090 573 1146 εἶπεν
609 1096 728 1147 ἐκεῖ
755 1095 879 1164 γῆν,
909 1093 1072 1148 τοῦτο
1101 1094 1337 1148 ἐνταῦθα
1373 1095 1725 1164 οἰκουμένην,
1769 1094 1864 1148 καὶ

285 1186 315 1238 ὃ
350 1189 460 1240 ἐκεῖ
490 1187 784 1256 πλήρωμα,
817 1187 976 1240 τοῦτο
1003 1187 1236 1240 ἐνταῦθα
1263 1187 1653 1250 κατοικοῦντας
1685 1189 1741 1240 ὲν
1768 1187 1865 1240 αὑ-

291 1277 368 1345 τῇ.
401 1275 512 1328 Καὶ
534 1276 709 1339 ἄλλως
753 1277 843 1330 δέ·
879 1278 926 1329 εξ
975 1277 1068 1332 καὶ
1118 1277 1194 1347 μὴ
1229 1279 1378 1330 πᾶσα
1412 1279 1508 1332 καὶ
1539 1279 1740 1342 πάντες
1766 1278 1862 1332 τοῦ

291 1367 488 1435 Κυρίου
538 1368 850 1434 γεγόνασιν,
901 1368 1017 1420 ἀλλ’
1069 1366 1162 1420 οὖν
1197 1371 1347 1440 παρᾶι
1375 1372 1487 1430 τοῖς
1534 1370 1862 1423 πιστεύσασι

289 1456 377 1509 τοῦ
407 1458 612 1528 Κυρίου
642 1458 829 1525 ἔδοξαν
852 1475 866 1488 ⁸
897 1459 1426 1531 ὲπληροφορήοησαν
1459 1461 1568 1531 γὰρ
1589 1462 1673 1514 ὅτι
1697 1461 1860 1523 αὐτὸς

290 1548 486 1603 τούτων
526 1549 754 1622 ποιητὴς
794 1551 888 1606 καὶ
914 1553 1149 1622 Κύριος.

357 1729 547 1793 Αὐτὸς
605 1728 702 1782 ἐπὶ
729 1729 1059 1784 θαλασσῶν
1098 1731 1497 1799 ἐθεμελίωσεν
1525 1733 1738 1800 αὐτὴν,
1769 1733 1867 1786 καὶ

287 1822 380 1873 ἐπὶ
415 1821 699 1891 ποταμῶν
721 1822 1054 1891 ἡτοίμασεν
1077 1827 1290 1892 αὑτήν.
1319 1828 1382 1895 Χ,
1407 1828 1440 1897 ὴ
1469 1829 1525 1879 δὲ
1555 1826 1865 1895 γινώσκειν,

289 1910 366 1962 ὅτι
389 1912 417 1963 ὁ
453 1911 628 1980 μέγας
664 1911 943 1978 Βασίλειος
972 1913 1222 1984 θεμέλιον
1251 1913 1392 1971 εἶναι
1413 1917 1510 1987 τῆς
1552 1919 1653 1988 γῆς
1706 1919 1866 1987 μόνον

290 2000 346 2052 τὸ
380 2005 717 2055 Δεσποτικὸν
756 2007 1086 2076 πρόσταγμα
1140 2007 1336 2074 λέγων,
1388 2010 1481 2061 καὶ
1536 2012 1674 2079 μήτε
1703 2009 1867 2079 ὕδωρ,

295 2094 419 2164 μήτε
448 2095 661 2166 ἕτερον,
695 2096 783 2150 διὰ
805 2099 896 2150 τοῦ
928 2101 1296 2166 προκειμένου
1325 2101 1492 2170 ῥητοῦ
1523 2102 1622 2172 τὴν
1644 2105 1700 2154 ἐν
1725 2105 1866 2174 ἀρχῇ

292 2187 381 2255 τῆς
413 2189 780 2257 κοσμογονίας
808 2190 959 2245 θέσιν
987 2191 1080 2245 τοῦ
1115 2193 1308 2256 ὓδατος
1339 2193 1632 2261 δηλοῦσθαί
1680 2209 1868 2262 φησιν,

291 2277 639 2348 ἐπικειμένου
671 2281 736 2350 τῇ
767 2283 860 2350 γῇ,
894 2281 990 2333 καὶ
1019 2275 1131 2334 οἷον
1166 2283 1579 2354 ἐπεωρημένου,
1616 2285 1711 2338 καὶ
1748 2301 1872 2336 συν-

292 2369 569 2437 εχομένου,
609 2373 702 2424 καὶ
736 2373 812 2442 μὴ
842 2373 1232 2444 ἀπορρέοντος.
1269 2375 1343 2427 Τὸ
1381 2375 1514 2430 αὐτὸ
1547 2375 1644 2428 καὶ
1673 2375 1871 2428 Θάλασ-

292 2475 382 2512 σαν
433 2461 538 2513 καὶ
591 2464 867 2532 ποταμοὺς
923 2465 1430 2536 προσαγορευθῆναι
1486 2466 1654 2532 εἰκὸς,
1699 2467 1870 2521 διὰτὸ

294 2552 519 2622 πλῆθος.
597 2555 750 2608 Ἐπεὶ
801 2557 896 2608 καὶ
951 2555 1194 2611 ἄϐυσσον
1245 2559 1273 2611 ὁ
1319 2557 1568 2629 Μωῡσῆς
1620 2558 1868 2629 ὠνόμασε

291 2641 456 2708 τοῦτο,
499 2642 592 2696 διὰ
617 2645 678 2696 τὸ
712 2645 900 2714 βάθος.
937 2647 1053 2702 Καὶ
1079 2648 1324 2718 Πνεῦμα
1366 2649 1497 2720 γὰρ,
1531 2651 1688 2721 φησὶ,
1722 2652 1871 2707 Θεοῦ

289 2733 612 2804 ἐπεφέρετο
640 2735 844 2790 ἐπάνω
876 2735 989 2808 τῆς
1017 2740 1316 2795 ἀϐύσσου.
1380 2741 1439 2792 ’0
1471 2740 1527 2793 δὲ
1559 2741 1872 2812 Χρυσόστο-

293 2842 385 2892 po;
421 2826 682 2896 Ἰωάννης
719 2829 780 2880 τὸ
813 2829 988 2902 παρὸν
1019 2830 1181 2902 ῥητὸν
1203 2831 1282 2893 εἰς
1315 2829 1574 2897 ἐπίδειξιν
1603 2830 1871 2901 λαμϐάνει

293 2917 536 2986 μάλιστα
585 2919 681 2973 τοῦ
712 2923 1036 2978 ὑποκεῖσθαι
1068 2925 1217 2995 πάσῃ
1250 2927 1318 2996 τῇ
1375 2928 1468 2996 γῇ,
1500 2925 1658 2996 δίκην
1708 2925 1872 2996 θεμε-

292 3007 432 3076 λίων,
480 3010 687 3076 ὕδατα,
734 3014 827 3067 καὶ
859 3014 1012 3068 οὐδὲν
1041 3015 1230 3070 καινόν
1251 3031 1264 3044 ·
1296 3015 1460 3080 αὐτὸς
1485 3015 1594 3087 γὰρ
1621 3018 1650 3070 ὁ
1669 3015 1876 3087 ταὺτην

293 3102 344 3152 ἐν
372 3102 528 3173 ἀρχῇ
570 3103 906 3173 θεμελιώσας
942 3121 958 3136 ο
991 3105 1195 3160 Πάντα
1227 3106 1358 3178 γὰρ,
1407 3109 1562 3178 φησὶ,
1589 3107 1664 3163 δι’
1689 3107 1877 3164 αὐτοῦ

290 3191 558 3262 ἐγένετο.
591 3193 721 3250 Εἶτα
753 3198 1095 3268 παραπλέκει
1141 3200 1238 3252 καὶ
1276 3199 1338 3252 τὺ
1364 3201 1553 3253 καινὸν
1580 3200 1682 3271 τῆς
1718 3201 1880 3271 θεμε-

289 3285 558 3351 λιώσεως,
588 3289 670 3342 ὅτι
695 3291 879 3344 ἐπάνω
907 3290 1194 3346 Θαλασσῶν
1224 3292 1321 3345 καὶ
1356 3293 1618 3360 ποταμῶν
1644 3292 1879 3363 ἧδρασεν

291 3380 472 3451 αὐτὴν.
499 3381 688 3434 Τοῦτο
724 3383 779 3435 δὲ
807 3383 956 3450 λέγει
1003 3385 1221 3448 πάντως
1253 3385 1312 3439 οὑ
1347 3385 1676 3448 καθολικῶς,
1710 3386 1743 3455 ἢ
1771 3386 1880 3455 γὰρ

291 3474 610 3545 κατώτερον
656 3471 722 3545 ἦν
755 3475 816 3528 τὸ
862 3476 1028 3546 ὕδωρ.
1077 3477 1134 3530 '0
1164 3477 1221 3530 δὲ
1273 3477 1513 3548 Metisci};
1566 3477 1880 3547 κατωτέραν

289 3559 520 3628 ἐδίδαξεν
565 3555 706 3615 εἶναι
735 3563 835 3633 τὴν
865 3564 992 3631 γῆν.
1017 3563 1186 3632 Δῆλον
1214 3560 1310 3618 οὖν
1340 3567 1422 3618 ὅτι
1452 3565 1696 3636 μερικῶς
1723 3564 1881 3618 τοῦτό

289 3669 412 3723 φησι
437 3654 618 3709 ’διότι
646 3655 702 3707 ὲν
737 3655 952 3720 πολλοῖς
982 3657 1285 3725 κοιλώμασι
1316 3658 1414 3728 τῆς
1453 3658 1558 3728 γῆς
1593 3658 1881 3728 συραγγώ-

291 3741 428 3798 δεσιν
463 3748 586 3817 (89)
645 3747 1004 3819 ὑποτρέχουσι
1055 3748 1196 3820 μέρη
1245 3752 1367 3803 τινὰ
1426 3751 1526 3818 τῆς
1576 3751 1878 3819 Θαλάσσης,

293 3832 324 3885 Ξι
355 3838 447 3890 καὶ
477 3837 770 3900 θαλάσσας
802 3838 1086 3904 ἐκάλεσεν,
1120 3840 1198 3909 τῷ
1229 3840 1322 3893 τοῦ
1354 3840 1477 3893 ὅλου
1527 3841 1879 3910 χρησάμενος

292 3925 532 3997 ὀνόματι.
560 3930 680 3988 Καὶ
701 3931 729 3982 ὁ
762 3929 1001 4000 Μωῦσῆς
1035 3947 1166 4000 φησι
1191 3948 1203 3959 ο
1243 3929 1318 3982 Τὰ
1355 3930 1719 3998 συστήματα
1766 3929 1884 3983 τῶν

292 4019 525 4075 ὑδάτων
551 4021 863 4074 ἐκάλεσεν
893 4020 1211 4087 θαλάσσας
1231 4039 1243 4051 ·
1292 4022 1421 4091 περὶ
1449 4022 1554 4091 γὰρ
1581 4021 1688 4073 τῶν
1720 4039 1886 4074 ποτα-

295 4110 429 4174 μῶν,
473 4114 531 4164 τί
556 4111 673 4183 χρὴ
702 4111 796 4164 καὶ
845 4112 1047 4180 λέγειν,
1079 4114 1229 4174 ὅπως
1274 4111 1634 4181 ὑποϐρύχιοις
1668 4112 1766 4180 τῆς
1795 4111 1887 4163 θα-

292 4203 492 4276 λάσσης
532 4206 655 4276 γὰρ
682 4206 778 4259 ὅλα
815 4209 926 4267 τοῖς
957 4206 1218 4266 τοιούτοις
1277 4205 1462 4258 ὖεασιν
1507 4203 1844 4274 ὲφήδρασται
1869 4219 1881 4234 ο

1970 366 2026 407 ut
2060 369 2224 422 supra
2257 355 2520 414 diximus,
2559 354 2846 424 plenitudo
2880 364 3059 408 autem
3102 363 3262 409 terra:
3297 355 3547 412 homines

1964 457 2114 509 sunt,
2149 449 2240 515 qui
2273 460 2392 498 cam
2426 447 2698 509 habitant,
2729 455 2784 501 et
2814 447 3063 516 implent.
3119 451 3164 503 Α
3193 457 3310 503 toto
3357 461 3544 502 autent

1965 547 2176 606 partem
2214 537 2781 607 81811111011111.Νρ(ιιιϐ
2800 540 2946 593 enim
2973 555 3165 595 onmes
3186 541 3549 598 crediderunt

1966 628 2285 698 Evangelia,
2320 643 2497 697 neque
2528 626 2733 682 Christi
2777 645 2967 682 omnes
2997 630 3172 684 eﬂ'ecti
3235 642 3386 684 sunt.
3442 632 3550 700 Ap-

1967 721 2263 790 pellatione
2299 731 2481 774 autem
2516 732 2787 774 terrarum
2832 723 3047 775 insulas
3103 737 3293 775 omnes
3340 725 3551 792 pariter

1963 813 2410 882 comprehendit.
2440 810 2576 865 Nam
2609 822 2664 867 et
2695 813 2847 882 ipsa»,
2881 821 3039 867 terra:
3075 822 3257 882 partes
3299 825 3448 868 sunt.

2040 905 2198 960 Orbis
2221 913 2486 957 terrarum
2512 945 2526 969 ,
2562 915 2612 958 et
2663 906 2896 958 universi
2921 944 2937 968 ,
2981 905 3072 974 qui
3104 905 3346 958 habitant
3379 907 3434 959 in
3467 923 3548 962 eo.

1968 999 2083 1051 Hoc
2114 1003 2180 1051 ad
2213 997 2570 1064 praecedentis
2601 995 2732 1050 dicti
2775 996 3288 1066 interpretationem
3345 1012 3546 1051 cousz

1968 1090 2178 1158 quitur.
2222 1085 2354 1142 Nam
2389 1089 2531 1158 quod
2569 1103 2735 1158 supra
2773 1098 2976 1142 terram
3018 1089 3178 1153 dixit,
3220 1089 3308 1143 liic
3358 1092 3548 1144 orbein

1970 1190 2241 1236 terrarum
2276 1181 2590 1250 appellavit,
2628 1191 2680 1236 et
2705 1182 2849 1250 quod
2883 1182 2952 1236 ibi
2976 1182 3392 1250 plenitudinem,
3420 1183 3550 1237 hinc

1971 1273 2280 1327 habitantes
2310 1274 2363 1326 in
2395 1288 2457 1328 ea
2505 1273 2664 1328 dixit.
2721 1274 2784 1326 Et
2845 1273 3225 1328 alitcrzLicet
3282 1290 3383 1330 nec
3434 1285 3550 1330 tota

1971 1377 2138 1430 terra,
2176 1381 2274 1420 nec
2310 1381 2504 1420 omnes
2536 1363 2754 1418 Domini
2783 1365 2964 1420 cﬂ‘ecti
3010 1367 3122 1420 sint
3147 1407 3162 1430 ,
3213 1383 3243 1422 a
3300 1368 3552 1425 ﬁdelibus

1970 1467 2149 1512 tamen
2181 1455 2365 1510 omnia
2409 1455 2626 1508 Domini
2661 1471 2784 1510 esse
2817 1469 3144 1526 repntantur
3176 1476 3190 1512 :
3221 1461 3312 1529 qui
3346 1461 3554 1514 certio-

1971 1564 2058 1603 res
2085 1548 2211 1602 facti
2242 1556 2372 1602 sunt
2399 1547 2718 1602 Creatorem
2755 1547 2910 1602 illum
2937 1563 3001 1602 ac
3045 1551 3334 1605 Dominum
3361 1567 3550 1607 eorum

1899 1615 1936 1670 Β
1967 1655 2114 1692 esse.

2046 1729 2206 1782 Vsus.
2239 1729 2295 1781 ‘2.
2334 1726 2453 1796 Ipse
2489 1743 2644 1796 super
2666 1729 2839 1782 maria
2878 1729 3121 1798 [undavit
3147 1749 3286 1796 eam,
3315 1743 3364 1787 et
3395 1750 3555 1804 super

1967 1822 2190 1889 ﬂumina
2223 1821 2543 1889 proaparavil
2574 1836 2715 1875 eam.
2759 1820 3060 1876 Sciendum
3103 1833 3212 1887 est,
3257 1825 3404 1894 quod
3439 1842 3557 1879 ma-

1969 1930 2110 1982 gnus
2164 1913 2404 1968 Basilius
2468 1913 2648 1967 solum
2687 1911 2908 1967 Domini
2961 1915 3248 1983 imperium
3295 1933 3390 1986 pro
3437 1919 3560 1972 fun-

1969 2004 2230 2059 damento
2265 2015 2447 2069 terrae,
2475 2021 2598 2060 esse
2617 2006 2774 2069 dixit,
2813 2022 2922 2059 non
2955 2022 3177 2075 aquam,
3206 2025 3382 2078 neque
3407 2011 3556 2066 aliud

1970 2098 2250 2166 quidpiam
2277 2114 2291 2154 :
2314 2114 2408 2167 per
2428 2108 2752 2166 praesentem
2787 2109 2971 2154 autem
2991 2101 3320 2154 versiculum
3340 2103 3558 2158 ostendi

1971 2198 2209 2255 tantum,
2238 2190 2495 2260 quisnam
2521 2191 2592 2244 ab
2621 2189 2782 2247 initio
2814 2192 3116 2247 creationis
3147 2194 3334 2249 mundi
3400 2210 3558 2263 aqua:

1972 2282 2113 2335 situs
2145 2279 2306 2335 fuerit
2333 2300 2345 2334 :
2378 2280 2524 2350 quod
2557 2283 2774 2337 scilicet
2799 2292 2962 2338 terra:
2991 2299 3132 2353 aqua
3193 2284 3432 2352 injaceat
3455 2326 3472 2347 .
3505 2295 3560 2340 et

1973 2377 2124 2445 quasi
2163 2375 2441 2430 custodiat
2479 2384 2532 2430 et
2569 2375 2871 2440 contineat,
2903 2375 3002 2430 nec
3054 2376 3123 2429 ab
3172 2375 3295 2442 ejus
3353 2375 3558 2431 deﬂuat

1973 2467 2287 2538 superﬁcie.
2326 2465 2512 2538 [Juxta
2547 2482 2712 2537 quem
2755 2481 2982 2522 sensum
3012 2469 3413 2534 congruentius
3443 2468 3558 2522 for-

1972 2559 2138 2614 tassis
2178 2559 2468 2628 legendum
2506 2565 2675 2624 esset,
2707 2558 2852 2628 quod
2885 2559 3072 2614 Grseca
3109 2560 3288 2615 littera
3323 2577 3432 2615 non
3463 2563 3562 2615 dc-

1974 2657 2172 2720 ncgat:
2201 2648 2320 2718 Ipse
2348 2649 2403 2702 in
2452 2647 2688 2701 maribus
2712 2647 2956 2715 {undavit
2982 2665 3118 2707 eum,
3161 2658 3210 2703 et
3232 2649 3288 2703 iu
3319 2650 3564 2718 [lutitqu-

1975 2739 2070 2792 bus
2108 2739 2429 2808 praeparavit
2469 2736 2642 2809 conn]
2693 2737 2868 2806 Ipsam
2920 2753 3048 2792 vero
3087 2755 3289 2809 aquam
3333 2756 3440 2794 non
3494 2743 3564 2795 ab

1978 2851 2032 2888 re
2067 2843 2121 2888 et
2157 2849 2308 2888 mare
2335 2842 2389 2888 et
2411 2833 2632 2887 ﬁumina
2657 2847 2687 2884 a
2717 2832 2989 2902 Propheta
3033 2833 3359 2901 appellatam
3391 2835 3565 2889 fuisse

1905 2963 1950 3024 Ο
1981 2935 2222 2988 constat,
2248 2923 2319 2977 ob
2350 2939 2616 2992 aquarum
2658 2923 2712 2976 in
2748 2923 2829 2977 eis
2867 2923 3286 2990 multitudines,
3337 2941 3461 2978 cum
3513 2933 3569 2978 rt

1984 3017 2244 3088 abyssum
2267 3030 2387 3070 eam
2412 3012 2626 3084 Moyses
2663 3014 3045 3084 appellaverit,
3079 3016 3152 3070 ob
3189 3016 3310 3084 ejus
3343 3017 3557 3086 profun-

1982 3108 2232 3163 ditatem.
2255 3103 2484 3173 Spiritus
2513 3104 2660 3159 enim
2679 3102 2915 3168 Domini,
2943 3105 3142 3174 inquit,
3169 3107 3442 3176 ferebatur
3471 3126 3569 3163 σας

1981 3217 2070 3269 per
2086 3200 2338 3268 abyssum
2355 3198 2421 3250 θ’.
2437 3195 2682 3252 Joannes
2701 3206 2884 3251 autem
2909 3195 3339 3268 Clirysostomus
3356 3201 3463 3256 dict
3477 3217 3568 3256 11111

1984 3293 2088 3347 hoc
2120 3293 2218 3356 ait,
2245 3289 2758 3358 illudpotissimum
2785 3288 3196 3350 demonstrare,
3227 3293 3374 3359 quod
3412 3309 3568 3361 aquae

1983 3384 2085 3438 toti
2113 3393 2272 3438 terra:
2307 3382 2632 3450 subiaceant
2663 3383 2835 3436 instar
2885 3380 3229 3438 qudamenti
3265 3400 3280 3448 ;
3331 3393 3385 3438 et
3438 3385 3568 3438 nihil

1987 3476 2185 3529 mirum
2225 3494 2238 3529 :
2301 3476 2417 3542 ipse
2451 3476 2597 3531 enim
2640 3475 2783 3528 Deus
2817 3482 2938 3535 est,
2973 3477 3063 3543 qui
3110 3476 3253 3530 lianc
3293 3478 3360 3531 ab
3412 3478 3568 3530 initio

1988 3568 2239 3624 fundavit
2269 3587 2282 3622 :
2315 3567 2512 3622 Omnia
2535 3568 2916 3636 enim,inquit,
2937 3583 3028 3636 per
3044 3571 3212 3636 ipsum
3233 3569 3380 3636 [acta
3402 3573 3569 3623 suut'.

1986 3660 2374 3717 Admirandam
2415 3667 2595 3714 autem
2631 3657 2980 3713 Iundationis
3017 3659 3286 3713 rationem
3329 3675 3564 3729 exagge-

1989 3768 2116 3806 rans
2146 3751 2440 3819 Propheta,
2481 3765 2592 3805 una
2632 3750 2749 3805 hinc
2782 3749 3140 3818 complicavit
3176 3765 3189 3812 ;
3240 3749 3388 3818 quod
3447 3749 3571 3802 tun-

1987 3843 2137 3898 davit
2164 3857 2284 3896 eam
2311 3855 2478 3910 super
2511 3840 2682 3893 maria
2713 3877 2729 3902 ,
2808 3849 2863 3892 et
2898 3837 3043 3907 quod
3094 3839 3358 3892 stabilivit
3405 3855 3572 3908 super

1991 3933 2236 3987 ﬂumina.
2270 3930 2350 3984 Tu
2391 3945 2518 3984 vero
2548 3930 2651 3984 boc
2683 3943 2791 3983 non
2832 3930 2886 3982 in
2921 3929 3242 3983 universum
3301 3930 3571 4001 intelligo.

1992 4023 2126 4075 Nam
2159 4023 2405 4090 alioquin
2437 4020 2664 4076 inferior
2694 4030 2844 4076 esset
2872 4036 3014 4090 aqua
3041 4061 3054 4083 ,
3103 4036 3295 4075 verum
3356 4023 3572 4093 Moyses

1992 4115 2306 4170 inferiorem
2343 4131 2468 4170 esse
2496 4124 2698 4168 terram
2729 4113 2921 4170 docuit
2953 4131 2967 4176 ;
3024 4116 3168 4168 unde
3215 4119 3570 4172 manifestum

1991 4216 2100 4270 est.
2129 4208 2232 4262 lmc
2265 4208 2470 4262 dictum
2490 4221 2614 4260 esse
2633 4214 2886 4276 respectu
2906 4217 3069 4261 (νει-1111
3084 4208 3256 4275 partis
3283 4223 3572 4277 aquarum.

294 4299 379 4347 καὶ
414 4299 575 4368 ὅμως
639 4298 832 4364 μένει,
885 4298 1328 4368 τεθεμελιωμένη
1386 4296 1474 4349 ἐπ’
1530 4297 1730 4361 αὐτῶν,
1788 4299 1873 4350 καὶ

1991 4301 2049 4355 111
2084 4301 2270 4355 tnnltis
2297 4315 2532 4368 namque
2571 4304 2730 4350 terra:
2761 4297 3215 4352 concavitatibus
3241 4309 3294 4352 et
3317 4315 3580 4354 caverno-

295 4394 638 4459 συνεχομένη
669 4389 746 4458 τῷ
781 4390 1167 4459 προστάγματι
1195 4390 1289 4441 τοῦ
1319 4389 1667 4460 ποιήσαντος.
1714 4388 1889 4443 Ἠτοί-

289 4500 439 4548 pace
464 4487 548 4549 δὲ,
573 4488 701 4538 ἀντὶ
720 4485 837 4550 τοῦ,
865 4486 1170 4556 ἐκόσμησε.

2002 4395 2079 4448 sis
2106 4392 2242 4446 locis
2271 4391 2464 4444 subter
2499 4398 2727 4442 currunt
2755 4396 2938 4456 partes
2957 4387 3205 4456 11111111111111
3235 4392 3575 4460 maris,quas

2007 4485 2180 4539 niaria
2213 4480 2524 4553 appellavit.
2562 4479 2637 4535 De
2667 4479 2988 4534 ﬂuminibus
3021 4479 3429 4549 apertissimum
3465 4492 3572 4555 est,

289 4579 423 4647 quod
452 4581 563 4632 sub
593 4590 743 4632 terra
766 4588 926 4649 longo
950 4580 1236 4633 intervallo
1269 4579 1537 4641 ferantur,
1561 4587 1616 4632 et
1645 4579 1865 4633 tandem
1899 4585 2207 4648 emergant.
2254 4572 2652 4629 Admirandum
2685 4587 2826 4626 .vero
2887 4581 2973 4626 est
3026 4613 3042 4637 ,
3135 4575 3415 4641 quomodo
3463 4590 3573 4630 neu

292 4678 623 4733 consideant
660 4686 809 4731 tanta
843 4687 1004 4742 terra:
1033 4677 1513 4748 pondera.0mnes
1543 4677 1689 4731 enim
1723 4689 1939 4731 montes
1969 4678 2024 4730 in
2061 4672 2380 4745 bujusmodi
2439 4671 2597 4740 aquis
2655 4669 2881 4724 stabiliti
2955 4678 3122 4736 sunt,
3171 4679 3226 4724 et
3290 4679 3469 4724 tamen
3523 4671 3576 4724 in

295 4768 374 4823 his
404 4769 643 4824 fundata
682 4780 962 4837 permanet
992 4779 1134 4823 terra
1163 4771 1278 4825 solo
1310 4769 1557 4825 Factus-is
1599 4771 1682 4822 sui
1715 4773 1974 4825 mandato
2010 4779 2285 4824 contenta.
2323 4764 2658 4831 I’ru'parovit
2691 4771 2900 4826 autem,
2929 4764 3032 4817 hoc
3063 4772 3168 4828 est,
3200 4763 3438 4818 orna-vit.

372 4867 470 4930 Τίς
502 4867 889 4933 ἀναΰήσεται
939 4867 1026 4930 εις
1065 4864 1132 4918 τὸ
1186 4865 1323 4932 ὅρος
1376 4869 1649 4933 Κυρ1’συ;
1701 4867 1739 4932 ἢ
1803 4867 1886 4930 τί(

294 4959 594 5026 στήσεται
638 4960 709 5012 ἐν
737 4959 900 5025 τόπῳ
922 4958 1078 5028 ἁγιῳ
1121 4957 1311 5012 αὐτοῦ
1351 4975 1369 5022 ;

1415 4957 1590 5012 Τοῦτο
1627 4960 1757 5029 περὶ
1787 4958 1895 5009 τῶν

299 5054 528 5124 ἱερέων,
598 5047 778 5123 οἶμαι,
846 5050 1305 5122 προσηγόρευται,
1367 5049 1696 5118 διαγράφων
1750 5049 1898 5112 οἴους

2070 4861 2237 4917 Vsus.
2284 4861 2337 4914 5.
2393 4857 2520 4922 Quis
2552 4859 2797 4910 ascendet
2832 4857 2884 4910 iu
2943 4865 3168 4910 montem
3201 4855 3439 4920 Domini,
3487 4859 3580 4909 aut

1993 4958 2109 5028 quis
2158 4953 2320 5008 stabit
2370 4951 2424 5003 in
2461 4951 2576 5004 loco
2607 4958 2788 5002 sancto
2828 4947 2994 5017 ejus?
3031 4947 3144 5002 Hoc
3191 4949 3261 5002 de
3315 4946 3578 5002 sacerdo-

1997 5050 2144 5103 tibus
2169 5053 2300 5114 puto
2329 5043 2650 5113 pradictum
2690 5040 2880 5103 fuisse,
2907 5049 2967 5094 ut
2999 5039 3360 5103 describeret,
3385 5039 3580 5108 quales

298 5146 498 5209 αὐτοὺς
550 5139 698 5198 εἶναι
753 5143 884 5214 χρή.
938 5143 1052 5194 Καὶ
1090 5141 1218 5209 ὅρος
1276 5139 1482 5210 Κυρίου
1532 5143 1747 5210 νοήσεις
1806 5141 1873 5192 τδ

1997 5154 2094 5194 eos
2145 5152 2270 5192 esse
2325 5140 2626 5204 oporteret.
2690 5131 2792 5186 Per
2847 5139 3092 5185 montem
3159 5145 3286 5184 vero
3336 5128 3577 5186 Domini,

297 5236 598 5289 reuolui-xi
672 5235 904 5288 ἕκαστον
963 5234 1123 5295 ναὸν,
1181 5232 1271 5283 διὰ
1325 5232 1387 5283 τὸ
1447 5231 1899 5302 ὑπερανεστηκὸς

367 5377 411 5403 ’⁸
439 5372 647 5425 Matth.
674 5385 865 5432 xxvut,
908 5370 991 5420 18.
1069 5369 1112 5397 9"
1141 5366 1273 5419 Gt'll.
1317 5384 1352 5425 I,
1391 5368 1442 5420 :2.

1523 5365 1729 5419 'Jotttl.
1785 5383 1821 5433 I,
1878 5366 1930 5418 5.

2001 5244 2292 5284 commune
2332 5227 2634 5295 unicuique
2667 5225 2928 5294 templum
2961 5222 3258 5291 intelligas.
3297 5220 3371 5275 ob
3423 5235 3580 5277 sun:-

1679 5503 1878 5563 Vurize
1917 5504 2246 5565 lectiones.

369 5616 481 5682 1811)
513 5613 731 5664 Mallem
772 5609 1180 5679 φαραγγιῖιὸεσι.

505 5711 785 5767 Pn‘unL.
834 5705 953 5766 Gtc.
1003 5703 1332 5762 CXXVIII.

3105 5674 3175 5735 10
