4054 6210
439 387 549 452 315

1675 390 2052 452 ΕΗΊΊΙΥΜΙΙ
2097 393 2456 453 ZIGABENI

3591 391 3696 451 336

442 502 744 557 innocentia
791 518 905 553 mea
942 501 1208 569 ingressus
1237 517 1376 554 sum.
1417 489 1658 554 Tametsi
1701 500 1908 564 omnia,
1937 500 2021 552 in-

2150 502 2364 567 πεύθην.
2395 505 2610 572 Κρῖνον,
2645 505 2814 573 ἤγουν
2847 503 3097 569 ἐξέτασον
3143 505 3244 563 ἔτι,
3295 507 3473 557 καίτοι
3513 509 3699 575 πρόει-

443 606 584 663 qntt,
614 593 854 657 noveris,
884 592 1073 658 iudica
1105 593 1236 647 mihi
1270 601 1453 646 tamen
1477 592 1658 645 adhuc
1683 592 1855 662 magis
1883 608 1896 645 :
1922 591 2025 644 hoc

450 697 553 752 cst,
583 686 832 742 examina
885 701 1110 739 causam
1158 702 1355 740 meam.
1390 685 1445 738 lu
1485 687 1586 739 hoc
1609 686 1752 739 enim
1789 683 2025 746 conﬁdo,

446 779 590 847 quod
625 779 898 834 hactenus
925 780 977 832 in
1008 779 1316 833 innocentia
1352 793 1469 832 mea
1506 784 1866 832 conversatus
1898 777 2021 829 sim.

446 872 940 926 Perinnocentiam
969 887 1098 924 vero
1122 870 1586 937 longanimitatem
1622 884 1686 922 ac
1707 867 2022 938 patientiam

449 979 605 1016 suam
642 964 919 1033 intelligit.
951 963 1130 1016 Multis
1162 963 1304 1015 enim
1337 962 1554 1025 injuriis
1583 959 1808 1015 affectus
1833 975 1952 1015 sum
1997 975 2029 1012 a

447 1053 601 1114 Saul,
636 1065 689 1107 ct
736 1066 913 1106 tamen
957 1053 1212 1119 injuriam
1251 1053 1302 1106 in
1344 1053 1551 1106 nullum
1593 1053 1774 1118 retuli,
1807 1052 2025 1105 tametsi

449 1148 651 1215 saepius
693 1147 988 1215 potuerim,
1013 1143 1476 1212 quemadmodum
1507 1159 1570 1196 ex
1613 1142 1820 1211 Regum
1855 1141 2027 1195 histo-

448 1239 530 1291 ria
571 1239 888 1306 perspicere
918 1237 1070 1290 licet.

521 1330 587 1383 Et
606 1331 658 1382 in
687 1330 912 1383 Domino
932 1345 1167 1396 sperans,
1191 1345 1294 1382 non
1321 1327 1656 1396 inﬁrmabor.
1692 1327 1758 1380 Ει
1783 1339 2034 1394 sperans,

453 1423 655 1492 inquit,
688 1423 740 1476 in
761 1421 1015 1482 Domino,
1045 1422 1114 1474 ab
1150 1421 1251 1474 hac
1280 1420 1548 1474 sententia
1590 1433 1698 1470 non
1740 1416 1985 1470 decidam
2018 1431 2029 1466 :

454 1514 1023 1580 quinimoinvalescet
1043 1528 1260 1582 semper
1289 1513 1481 1581 magis,
1522 1526 1586 1563 ac
1613 1507 2033 1563 continuabitur

451 1606 569 1659 hate
601 1620 717 1657 mea
747 1605 954 1674 opinio,
989 1605 1059 1658 ob
1095 1619 1364 1658 summam
1409 1618 1558 1671 spem
1588 1643 1602 1668 ,
1635 1617 1798 1670 quam
1831 1602 1883 1656 in
1913 1603 2033 1673 ipso

452 1697 647 1750 habeo.
685 1696 808 1751 llaec
833 1706 1016 1751 autem
1041 1697 1209 1751 verba
1237 1697 1302 1750 ad
1343 1696 1599 1750 inimicus
1623 1695 1956 1766 diriguntur.

525 1788 692 1843 Vsus.
727 1790 783 1842 2.
829 1787 1005 1841 Proba
1052 1805 1152 1852 me,
1184 1799 1232 1842 et
1266 1798 1407 1842 tenta
1448 1805 1547 1841 me.
1583 1785 1725 1850 Non,
1776 1798 1832 1840 ut
1863 1787 2038 1842 extol-

454 1882 572 1933 lens
601 1896 682 1941 se,
717 1881 819 1933 hoc
845 1880 1002 1945 dicit,
1031 1881 1126 1935 sed
1159 1881 1325 1936 veluti
1359 1881 1600 1934 duohaee
1630 1889 2034 1949 rogans,atqne

453 1971 775 2033 obsticrans,
803 1972 1021 2038 probari
1054 1972 1312 2024 nimirum
1347 1973 1414 2027 de
1446 1972 1739 2040 prteteritis
1767 1973 1891 2025 vita:
1923 1987 2037 2026 suae

454 2062 786 2125 actionibus,
850 2062 954 2116 hoc
991 2074 1096 2125 est,
1133 2065 1435 2117 examinari
1491 2071 1545 2118 et
1593 2061 2039 2132 exquiri'earum

453 2151 728 2204 rationem
772 2167 786 2215 ;
840 2161 893 2205 et
929 2153 1153 2217 tentari,
1208 2152 1311 2206 hoc
1344 2162 1450 2214 est,
1494 2155 1930 2222 experimentum
1972 2156 2043 2209 ab

451 2255 516 2294 eo
557 2241 698 2293 sumi
729 2239 782 2294 in
813 2240 1080 2301 futurum.
1116 2257 1183 2294 an
1212 2242 1285 2296 ita
1318 2256 1378 2296 se
1412 2251 1672 2312 gesturus
1701 2244 1794 2308 sit,
1815 2253 1874 2298 ut
1907 2245 2037 2300 olim

458 2341 728 2401 gesserat.

531 2421 636 2478 Ure
661 2441 807 2478 renes
829 2441 989 2484 meas.
1027 2436 1076 2480 et
1107 2443 1200 2480 cor
1223 2443 1414 2480 meum.
1438 2426 1618 2481 Renes
1639 2428 2040 2496 concupiscen-

454 2513 587 2567 tiam
650 2515 984 2583 signiﬁcant.
1039 2517 1144 2571 Per
1195 2534 1289 2572 cor
1319 2519 1455 2572 iram
1498 2517 1667 2583 :Ure,
1693 2521 1892 2589 inquit,
1933 2521 2038 2575 hoc

456 2617 542 2661 est
592 2608 784 2676 proba,
846 2623 912 2662 eo
946 2610 1207 2662 nimirum
1232 2618 1419 2679 pacto,
1448 2627 1558 2680 quo
1579 2612 1816 2666 artiﬁces
1841 2627 2034 2665 aurum

455 2699 713 2766 probant.
739 2698 930 2767 Neque
968 2701 1114 2756 enim
1154 2718 1277 2771 ego,
1317 2711 1410 2756 aut
1453 2719 1674 2773 regnum
1718 2706 2034 2775 concupiri,

460 2795 554 2840 aut
585 2787 639 2842 in
673 2787 890 2844 Sanlem
920 2791 1153 2861 injurias
1183 2793 1321 2847 ullas
1352 2793 1537 2847 retuli.

526 2966 693 3022 Vens.
729 2970 786 3025 5.
840 2969 1108 3034 Quoniam
1157 2970 1528 3025 misericordia
1570 2981 1665 3024 tua
1696 2982 1819 3026 ante
1859 2972 2038 3028 oculos

460 3072 598 3115 meos
640 3069 738 3116 est.
786 3063 865 3117 Ita
902 3063 1207 3132 dispositus
1261 3079 1405 3126 sum,
1451 3065 1648 3134 inquit,
1675 3067 1803 3135 quia
1847 3082 2035 3121 coram

2125 591 2228 653 δὼς
2262 596 2479 648 ἅπαντα
2502 612 2514 624 ο
2566 595 2752 666 θαρρῶ
2792 597 2919 665 γὰρ,
2979 597 3061 649 ὅτι
3094 595 3206 663 ἐγὼ
3241 596 3297 648 ἐν
3353 597 3560 666 ἀκακία
3595 615 3698 666 μου

2126 684 2468 764 ἐνεστράφην
2518 686 2646 755 ἄχρι
2677 687 2794 740 νῦν.
2841 686 3111 740 ’Λκπικίαν
3151 688 3209 741 δὲ
3265 687 3415 754 λέγει
3452 687 3550 757 τὴν
3587 690 3707 741 ἀνε-

2128 779 2378 843 ξικακίαν
2409 783 2504 832 καὶ
2564 779 2968 850 μακροθυμίαν.
2999 779 3178 831 Πολλὰ
3216 779 3344 847 γὰρ.
3375 781 3561 849 φησὶν,
3611 781 3706 832 ἐπὶ⁸

2127 868 2220 920 τοῦ
2259 870 2431 923 Σαοὺλ
2460 870 2757 939 ἀδικηθεὶς,
2787 860 2940 923 οὐδὲν
2989 870 3137 940 αὐτῷ
3173 871 3559 932 ἁνταπέδωκα,
3585 871 3707 924 καε-

2131 977 2214 1010 τοι
2246 961 2562 1030 δυνάμενος.
2602 961 2792 1013 Ἔστιν
2825 961 2913 1014 ὅτε
2964 961 3115 1032 καὶὴ
3151 961 3260 1015 τῶν
3289 960 3586 1015 Βασιλειῶν
3617 965 3707 1014 ἀν-

2134 1050 2375 1119 έγραψεν
2415 1052 2628 1121 βίϐλος.

2212 1321 2339 1374 Ἐπὶ
2373 1321 2453 1382 τῷ
2481 1321 2675 1390 Κυρίῳ
2708 1318 2984 1385 ἐλπίζων,
3018 1323 3090 1375 οὐ
3117 1320 3203 1389 μὴ
3232 1320 3573 1386 ἀσθενήσω.
3605 1321 3709 1372 Καὶ

2138 1411 2372 1474 ἐλπίζων
2390 1413 2482 1464 ἐπὶ
2504 1412 2580 1480 τῷ
2597 1413 2736 1483 Θεῷ,
2765 1413 2826 1464 οὐ
2848 1413 2922 1481 μὴ
2949 1412 3244 1465 καταπέσω
3268 1411 3345 1481 τῷ
3376 1414 3708 1482 φρονήματι,

2135 1503 2489 1572 ρωννυομένῳ
2506 1505 2621 1565 ταῖς
2662 1503 2746 1566 εἰς
2762 1501 2923 1556 αὐτὸν
2951 1501 3151 1556 ἐλπίσι.
3189 1501 3330 1573 Πρὸς
3342 1503 3466 1566 τοὺς
3486 1502 3711 1572 ἐχθροὺς

2131 1585 2286 1657 οὗτος
2311 1595 2339 1643 ὁ
2365 1593 2541 1662 λόγος.

2205 1777 2545 1845 Δοκίμασόν
2592 1793 2685 1843 με,
2736 1775 2935 1843 Κύριε,
2993 1773 3088 1829 καὶ
3139 1775 3434 1842 πεΙρτισόν
3477 1773 3715 1844 pall-Dx

2141 1868 2500 1939 ἐπαιρόμενος
2541 1867 2718 1921 ταῦτά
2781 1885 2981 1937 φησιν.
3021 1866 3158 1920 ἀλλὰ
3187 1866 3522 1938 παρακαλῶν
3571 1867 3716 1918 δοκι-

2146 1961 2420 2031 μασθῆναι
2460 1959 2578 2029 μὲν,
2604 1962 2882 2011 τουτέστιν
2913 1957 3278 2027 ἐξετασθῆναι
3305 1959 3400 2011 ἐπὶ
3431 1959 3543 2018 τοῖς
3581 1973 3717 2025 προ·-

2141 2050 2366 2104 λαὸοὖσι
2392 2066 2405 2080 ·
2463 2053 2836 2122 πειρασθῆναι
2870 2051 2949 2116 δὲ,
2976 2052 3144 2120 ἤγουν
3185 2052 3382 2119 πεὲραν
3409 2048 3588 2100 δοῦναι
3623 2047 3720 2100 καὶ

2144 2149 2223 2210 εἰς
2252 2146 2320 2199 τὰ
2350 2146 2641 2215 μέλλοντα,
2671 2147 2718 2198 εἰ
2748 2147 2843 2199 καὶ
2875 2143 2958 2217 μὴ
2981 2140 3137 2208 αὖθις
3163 2147 3189 2198 ὁ
3219 2143 3382 2207 αὐτος
3416 2143 3587 2195 ἔσται.

2211 2419 2500 2485 Πύρωσον
2529 2416 2670 2484 τοὺς
2719 2418 2978 2486 νεφρούς
3020 2435 3141 2484 μου
3190 2415 3288 2469 καὶ
3330 2413 3444 2479 τὴν
3472 2412 3728 2480 καρδίαν

2133 2529 2272 2580 μου.
2305 2512 2404 2564 Διὰ
2445 2512 2543 2580 μὲν
2571 2513 2680 2564 τῶν
2727 2513 2944 2580 νεφρῶν
2993 2512 3052 2564 τὺ
3100 2509 3498 2578 ἐπιθυμητικὸν
3531 2509 3716 2578 δηλοίο

2136 2604 2224 2657 διὰ
2253 2604 2310 2656 δὲ
2359 2604 2461 2671 τῆς
2497 2604 2748 2674 καρδίας,
2783 2604 2843 2656 τὸ
2874 2603 3131 2672 θυμικόν.
3171 2603 3459 2665 Πύιιωσον
3490 2601 3569 2662 δὲ,
3601 2599 3724 2652 ἀντὶ

2136 2697 2229 2749 τοῦ
2251 2733 2267 2758 ,
2289 2697 2607 2765 δοκίμασον,
2637 2697 2711 2759 ὡς
2734 2699 2782 2749 οἰ
2816 2695 3102 2766 χρυσοχόοι
3125 2694 3214 2747 διὰ
3256 2693 3427 2764 πυρὸς
3468 2693 3558 2745 τὸν
3591 2709 3721 2760 χρυ-

2137 2791 2228 2843 σάν
2247 2808 2260 2821 ·
2290 2789 2414 2841 οὗτε
2445 2789 2550 2857 γὰρ
2580 2789 2908 2858 ἐπεθύμησα
2934 2787 3035 2856 τῆς
3070 2786 3383 2855 βασιλείαςγ
3402 2783 3525 2836 οὔτε
3589 2783 3721 2834 ἀντ-

2141 2883 2401 2935 απέδωκα
2421 2882 2496 2950 τῷ
2517 2881 2711 2934 Σαούλ.

2214 2973 2434 3026 ’Ὂτιτὸ
2463 2973 2637 3038 ἔλεός
2691 2991 2807 3025 σου
2861 2971 3178 3024 κατέναντι
3233 2970 3352 3024 τῶν
3401 2968 3726 3039 ὀφθαλμῶν

2139 3068 2257 3137 μού
2287 3068 2476 3120 ἐστιν.
2515 3065 2702 3128 Οὕτως
2719 3065 2776 3118 δὲ
2797 3065 3100 3131 διάκειμαι.
3131 3065 3268 3117 διότι
3301 3065 3407 3134 προ
3430 3063 3726 3132 ὀφθαλμῶν

459 3153 641 3208 oculis
689 3155 826 3209 meis
872 3156 1309 3210 misericordiam
1360 3156 1507 3210 illam
1561 3165 1708 3216 tuam
1754 3159 2040 3227 proposui,

2151 3159 2258 3227 ἔχω
2300 3159 2360 3210 τὸ
2393 3158 2543 3227 παρὰ
2580 3157 2675 3210 σοῦ
2720 3157 2890 3218 ἕλεος.
2941 3155 2969 3208 ὃ
3002 3155 3267 3226 παρέχεις
3315 3159 3428 3219 τοῖς
3473 3156 3726 3221 ἀνεξικα-

464 3258 628 3310 quam
649 3245 906 3300 omnibus
932 3246 997 3300 iis
1040 3254 1289 3316 przrstas,
1324 3246 1414 3315 qui
1461 3248 1685 3316 patienti
1727 3249 1914 3302 animo
1944 3248 2042 3302 ad-

460 3351 617 3389 versa
644 3336 826 3389 omnia
855 3337 1158 3391 sustinent.
1854 3397 1857 3399 _

538 3427 606 3480 Et
637 3426 816 3492 placui
845 3430 896 3481 in
929 3429 1148 3482 veritate
1181 3438 1292 3484 ttta.
1329 3432 1464 3484 Cum
1503 3431 1569 3486 de
1621 3432 1838 3485 caeteris
1869 3431 2044 3483 virtu-

461 3520 608 3575 tibus
669 3520 786 3574 suis
835 3529 1080 3576 tractare
1137 3523 1409 3590 intendat,
1462 3540 1584 3593 quae
1645 3525 1697 3576 in
1751 3538 2043 3593 progressu

462 3614 659 3682 psalmi
718 3613 898 3681 ponit,
943 3614 1091 3682 prius
1145 3631 1456 3670 sermonem
1495 3625 1789 3684 temperat,
1841 3627 1895 3669 et
1937 3614 2047 3670 Deo

462 3706 667 3773 gratias
696 3706 830 3774 agit,
858 3707 1003 3775 quod
1043 3707 1095 3760 in
1147 3709 1376 3776 reliquis
1409 3709 1702 3762 virtutibus
1763 3723 1858 3776 per
1898 3707 2046 3760 illius

463 3800 753 3852 veritatem
782 3800 1102 3866 profecerit.
1131 3801 1187 3856 In
1231 3802 1343 3869 lege
1375 3801 1519 3856 enim
1561 3809 1674 3864 tua,
1720 3800 2047 3869 inquit,pol-

467 3887 652 3944 licitus
704 3905 788 3954 es,
848 3905 1040 3945 eorum
1107 3899 1160 3944 te
1216 3893 1567 3946 miserturnm
1613 3905 1757 3950 esse.
1795 3891 1886 3959 qui
1953 3891 2050 3946 tibi

466 3982 768 4050 placerent.
817 3983 1194 4039 Misericordia
1245 3985 1414 4054 igitur
1445 3994 1559 4048 tua,
1605 3992 1662 4036 et
1694 3985 1898 4038 veritas
1934 3992 2050 4047 tua,

469 4071 664 4126 borum
710 4075 956 4127 ninnium
992 4075 1261 4128 honorum
1306 4075 1435 4128 mihi
1481 4090 1646 4128 causa
1694 4076 2050 4129 exstiterunt.

469 4161 531 4213 Et
561 4162 822 4232 deinceps
850 4173 1081 4220 virtutes
1114 4167 1212 4221 bas
1244 4181 1373 4221 suas
1416 4176 1838 4223 commemorat.

542 4252 707 4312 Vitas.
741 4256 795 4309 4.
825 4254 948 4310 Non
995 4256 1108 4311 sedi
1157 4273 1279 4310 cum
1337 4258 1565 4311 concilio
1618 4259 1893 4312 ranitatis.
1938 4256 2055 4312 Hoc

467 4353 573 4410 est,
619 4363 742 4402 cum
791 4349 860 4404 iis
892 4349 987 4418 qui
1033 4349 1098 4402 ad
1137 4364 1335 4419 nugas,
1381 4362 1473 4403 aut
1521 4351 1589 4404 ad
1636 4350 2053 4420 intempestivos

469 4455 752 4495 sermones
799 4441 1228 4504 conveniebant,
1270 4451 1364 4494 aut
1407 4442 1471 4494 ad
1516 4442 1765 4496 fabulosa
1807 4442 2050 4512 eloquia.

546 4530 610 4584 Et
657 4547 776 4583 cum
827 4531 1011 4600 iniqua
1055 4531 1332 4600 agentibus
1379 4532 1632 4586 introiba.
1669 4531 1808 4586 Cum
1852 4534 1918 4586 iis
1958 4533 2050 4603 qui
2086 4545 2129 4599 ι)

473 4631 663 4674 mutuo
710 4622 855 4676 inter
895 4638 956 4675 se
997 4633 1093 4676 aut
1127 4623 1218 4692 qui
1243 4621 1509 4678 adversus
1557 4621 1776 4677 Sanlem
1822 4624 2050 4678 insidias

470 4713 798 4782 disponunt.
841 4710 1154 4768 Verisimile
1184 4723 1364 4768 autem
1397 4723 1480 4767 est
1507 4721 1772 4768 tentatum
1807 4730 2054 4784 saepenu-

475 4817 628 4855 mero
655 4816 777 4855 eum
822 4801 993 4858 fuisse
1035 4803 1104 4856 ab
1133 4803 1412 4873 aliquibus
1444 4804 1511 4858 de
1537 4802 1942 4872 conjuratione.

545 4891 710 4948 Vens.
738 4894 790 4948 5.
827 4894 931 4948 Odi
983 4895 1281 4950 Ecclesium
1323 4897 1756 4966 malignantium.
1807 4894 2055 4966 Congre-

471 4988 747 5056 gationcm
785 4995 838 5042 et
891 4998 1217 5041 conventum
1248 4989 1563 5056 [pravorum
1589 4987 1834 5042 omnium
1873 5002 1886 5039 :
1926 5000 2052 5056 pra-

477 5097 576 5135 vos
608 5079 754 5136 enim
790 5095 1177 5150 quoscunque,
1221 5082 1580 5151 malignitatis
1630 5081 1852 5135 nomine
1902 5095 2058 5134 com-

481 5174 796 5246 prehendit.

556 5264 622 5319 Et
683 5285 801 5320 cum
856 5266 1031 5332 impiis
1091 5282 1193 5319 non
1254 5264 1457 5319 sedebo.
1513 5257 1613 5319 Per
1666 5267 1865 5336 impios
1899 5304 1914 5329 ,
1950 5265 2060 5320 hic

481 5357 793 5414 Philistatos
822 5358 1098 5426 intelligit,
1128 5357 1269 5426 apud
1301 5373 1440 5424 quos
1471 5358 1623 5408 exsul
1651 5355 1748 5408 fuit
1784 5373 1797 5410 :
1824 5370 2058 5426 quorum

486 5452 909 5506 conversatione
958 5459 1140 5504 tamen
1175 5448 1507 5503 abstinebat.
1543 5446 1638 5500 Vel
1677 5446 1796 5500 Non
1853 5445 2059 5512 sedebo,

491 5539 595 5591 hoc
627 5548 736 5602 est,
775 5541 866 5594 diu
905 5558 1009 5592 non
1052 5541 1459 5594 commorabor.

561 5626 720 5683 Vens.
785 5633 838 5686 6.
896 5631 1109 5686 Lavaba
1164 5633 1304 5686 inter
1351 5633 1647 5685 innocentes
1679 5647 1864 5684 ntanus
1899 5647 2061 5684 meas.

493 5721 720 5788 Antiqui
783 5726 1004 5791 quando
1054 5724 1353 5780 contestari
1414 5725 1669 5777 Vult'l'alll
1719 5739 1778 5778 se
1834 5721 2066 5790 alicujus

491 5813 720 5870 Sceleris
771 5831 894 5871 csse
942 5816 1217 5882 innoxios,
1260 5833 1444 5872 coram
1482 5817 1832 5872 multitudine
1869 5831 2063 5869 manus

2149 3251 2324 3304 κοῦσι.

2223 3426 2336 3482 Kal
2366 3424 2752 3493 εὐηρέστησα
2781 3423 2853 3478 ἐν
2908 3424 2981 3494 τῇ
3011 3425 3262 3492 ἀληθείᾳ
3293 3441 3431 3479 σου.
3465 3425 3572 3476 Καὶ
3605 3423 3736 3492 περὶ

2148 3519 2257 3571 τῶν
2288 3519 2464 3573 ἄλλων
2493 3518 2942 3589 κατορθωμάτων
2967 3517 3135 3572 αὑτοῦ
3161 3517 3500 3589 προθέμενος
3529 3518 3740 3576 εἰπεῖν,

2148 3611 2184 3666 ἆ
2212 3611 2418 3682 προῖὼν
2468 3610 2767 3673 ἐκτίθεται,
2820 3611 3118 3680 Θεραπεύει
3155 3610 3246 3662 τὸν
3294 3611 3476 3676 λόγον,
3529 3609 3624 3662 καὶ
3655 3609 3738 3677 τῷ

2150 3703 2271 3771 Θεῷ
2317 3705 2416 3773 τὴν
2449 3704 2610 3774 χάριν
2647 3703 2994 3774 ἀνατίθησιν,
3026 3705 3109 3756 ὄτι
3143 3704 3253 3755 Καὶ
3282 3701 3416 3756 ἄλλα
3448 3701 3570 3754 τινὰ
3595 3717 3738 3752 κατ·

2151 3796 2387 3866 ώρθωσα
2423 3796 2510 3849 διὰ
2535 3795 2636 3865 τὴν
2659 3794 2757 3865 σὴν
2786 3795 3078 3862 ἀλήθειανο
3101 3794 3414 3864 ὲπηγγείλω
3442 3794 3550 3862 γὰρ
3581 3795 3640 3846 ὲν
3656 3793 3756 3863 τῷν

2152 3894 2303 3962 νόμῳ
2328 3893 2455 3954 τοὺς
2483 3890 2914 3962 εὐαρεστοῦντάς
2946 3908 3029 3945 σοι
3062 3891 3253 3944 ἐλεεῖν.
3303 3890 3378 3943 Τὸ
3431 3890 3580 3952 ἔλεός
3637 3906 3750 3941 σου-

2153 3987 2335 4040 τοίνυν
2367 3988 2461 4038 καὶ
2507 3987 2540 4054 ή
2599 3985 2826 4056 ἀλήθειά
2869 4001 2961 4038 σου
3013 3985 3162 4037 αἰτία
3203 4001 3292 4052 μοι
3347 3983 3566 4035 πάντων
3609 3983 3738 4034 τού-

2153 4095 2262 4130 των
2295 4081 2532 4144 ἐγένετο.
2571 4076 2704 4131 Εἶτα
2723 4077 2868 4146 λέγει
2895 4079 2989 4129 καὶ
3013 4079 3080 4130 τὰ
3105 4075 3514 4146 κατορθώματα

2231 4263 2352 4314 Οὐκ
2381 4260 2638 4316 ἐκάθισα
2661 4260 2813 4328 μετὰ
2841 4259 3169 4328 συνεδρίου
3189 4256 3756 4328 ματαιότητος-,Τῶν-

2159 4352 2576 4423 συνερχομένων
2610 4354 2704 4406 ἐπὶ
2755 4351 3020 4424 φλυαρίᾳ,
3075 4351 3172 4405 καὶ
3225 4350 3405 4418 λόγοις
3463 4349 3748 4417 ἀκαίροις,-

2161 4446 2253 4509 xui.
2287 4445 2542 4513 μυθικοῖς
2569 4445 2897 4514 διηγήμασι.

2229 4537 2336 4590 Καὶ
2372 4537 2522 4604 μετὰ
2550 4536 3058 4605 παρανομούντων
3102 4536 3176 4589 οὐ
3197 4533 3283 4604 μὴ
3313 4532 3589 4588 εἰσέλθω.
3617 4531 3749 4585 Τῶν

2155 4627 2616 4680 ἐπιϐουλευόντων
2647 4627 2922 4694 ἀλλήλοις,
2955 4627 2988 4698 ἦ
3013 4627 3106 4681 καὶ
3133 4628 3284 4698 αὐτῷ
3310 4629 3389 4696 τῷ
3424 4627 3598 4680 Σαούλ
3619 4643 3633 4656 ·
3664 4628 3746 4678 εἱ-

2157 4721 2250 4781 κὺς
2285 4719 2394 4787 γάρ
2419 4736 2574 4782 τινας
2607 4719 2959 4787 ἐγκαλεῖσθαι
2983 4717 3242 4780 αὑτὸνεῐς
3282 4717 3608 4788 ἀνταρσίαν.

2239 4899 2541 4966 Ἑμίσησα
2568 4898 2909 4966 ἐκκλησίαν
2929 4894 3450 4966 πονηρευομένων.
3477 4895 3589 4964 Τὴν
3615 4911 3749 4946 συν-

2159 4991 2382 5060 αγωγὴν
2415 4993 2633 5045 πάντων
2661 4991 2769 5044 τῶν
2811 4991 3065 5061 πονηρῶν
3093 5004 3106 5020 ’
3153 4990 3307 5052 ὅλους
3338 4986 3446 5057 γὰρ
3469 4987 3598 5050 τοὺς
3635 5003 3741 5038 κα-

2161 5087 2292 5147 κοὺς
2325 5087 2792 5156 συμπεριελάϐετο
2820 5085 2919 5156 τῆς
2951 5087 3217 5158 πονηρίας
3242 5085 3489 5156 ὀνόματι.

2240 5263 2345 5318 Kal
2388 5264 2539 5333 μετὰ
2597 5263 2832 5318 ἀσεϐῶν
2886 5262 2972 5332 μὴ
3003 5265 3248 5319 καθίσω.
3301 5261 3567 5316 Ἐνταῦθα
3616 5263 3752 5324 τοὺς

2165 5353 2494 5426 ἀλλοφύλους
2527 5353 2699 5425 λέγει,
2748 5353 2878 5426 παρ’
2910 5351 2990 5418 οἷς
3022 5352 3089 5425 ἦν
3125 5355 3326 5423 φυγὰς,
3377 5348 3452 5407 ὧν
3480 5353 3760 5422 ἀπείχετο

2164 5451 2262 5518 τῆς
2294 5450 2596 5511 κοινωνίας.
2633 5448 2702 5501 Ἦ
2731 5449 2984 5509 Καθίσω,
3016 5447 3098 5508 τὸ,
3133 5445 3370 5517 χρονίσω
3398 5443 3529 5499 νόει.

2239 5632 2498 5699 Νίψομίιι
2521 5630 2589 5682 ἐν
2620 5627 2832 5692 ἀθώοις
2887 5626 2992 5692 τὰς
3035 5626 3246 5694 χεῖρὰςε
3269 5643 3398 5689 μου,
3431 5625 3492 5677 Ol
3527 5623 3746 5677 παλαιοὶ

2170 5709 2641 5788 διαμαρτύρασθαι
2701 5716 2965 5777 θέλοντες,
3019 5715 3098 5768 ὅτι
3152 5713 3384 5792 ἀναίτιοί
3443 5713 3550 5765 εἰσί
3604 5727 3746 5770 τινος

2175 5813 2520 5882 πράγματος,
2550 5809 2777 5861 ἐνώπιον
2803 5807 2894 5860 τοῦ
2930 5807 3161 5876 πλήθους
3189 5805 3406 5858 ἕνιπτον
3436 5804 3529 5867 τὰς
3563 5805 3756 5872 lein-5',
