  <div class='ocr_page' id='page_1' title='image "/cluster/home/n/w/nwhite01/storage/ocr_20150623/128/hvd.32044073502403/168.png"; bbox 0 0 4110 6210; ppageno 0'>
   <div class='ocr_carea' id='block_1_1' title="bbox 309 169 436 219">
    <p class='ocr_par' dir='ltr' id='par_1_1' title="bbox 309 169 436 219">
     <span class='ocr_line' id='line_1_1' title="bbox 309 169 436 219; baseline 0.031 -4"><span class='ocrx_word' id='word_1_1' title='bbox 309 172 321 178; x_wconf 84' lang='grc'><em>”</em></span> <span class='ocrx_word' id='word_1_2' title='bbox 336 169 436 219; x_wconf 69' lang='grc' dir='ltr'><strong>Γ⁴¹75</strong></span> 
     </span>
    </p>
   </div>
   <div class='ocr_carea' id='block_1_2' title="bbox 1483 158 2416 219">
    <p class='ocr_par' dir='ltr' id='par_1_2' title="bbox 1483 158 2416 219">
     <span class='ocr_line' id='line_1_2' title="bbox 1483 158 2416 219; baseline 0.001 -3"><span class='ocrx_word' id='word_1_3' title='bbox 1483 159 1879 217; x_wconf 62' lang='lat' dir='ltr'><strong>(IDMMENT.</strong></span> <span class='ocrx_word' id='word_1_4' title='bbox 1928 158 2001 216; x_wconf 68' lang='lat' dir='ltr'><strong>IN</strong></span> <span class='ocrx_word' id='word_1_5' title='bbox 2055 158 2416 219; x_wconf 80' lang='lat' dir='ltr'><strong>PSALMOS.</strong></span> 
     </span>
    </p>
   </div>
   <div class='ocr_carea' id='block_1_3' title="bbox 3488 158 3594 220">
    <p class='ocr_par' dir='ltr' id='par_1_3' title="bbox 3488 158 3594 220">
     <span class='ocr_line' id='line_1_3' title="bbox 3488 158 3594 220; baseline 0.019 -3"><span class='ocrx_word' id='word_1_6' title='bbox 3488 158 3594 220; x_wconf 62' lang='lat'><strong>3‘46</strong></span> 
     </span>
    </p>
   </div>
   <div class='ocr_carea' id='block_1_4' title="bbox 335 261 1940 337">
    <p class='ocr_par' dir='ltr' id='par_1_4' title="bbox 335 264 1923 337">
     <span class='ocr_line' id='line_1_4' title="bbox 335 264 1923 337; baseline -0.004 -15"><span class='ocrx_word' id='word_1_7' title='bbox 335 265 695 337; x_wconf 76' lang='grc' dir='ltr'>παραμυῦίας</span> <span class='ocrx_word' id='word_1_8' title='bbox 723 269 1057 336; x_wconf 75' lang='grc' dir='ltr'>ὲστερημαι,</span> <span class='ocrx_word' id='word_1_9' title='bbox 1097 265 1192 318; x_wconf 72' lang='grc' dir='ltr'><strong>καὶ</strong></span> <span class='ocrx_word' id='word_1_10' title='bbox 1226 265 1292 317; x_wconf 83' lang='grc' dir='ltr'><strong>ού</strong></span> <span class='ocrx_word' id='word_1_11' title='bbox 1347 264 1508 334; x_wconf 78' lang='grc' dir='ltr'>μόνον</span> <span class='ocrx_word' id='word_1_12' title='bbox 1543 266 1645 334; x_wconf 74' lang='grc' dir='ltr'>τῆς</span> <span class='ocrx_word' id='word_1_13' title='bbox 1671 267 1778 318; x_wconf 81' lang='grc' dir='ltr'>ἀπὸ</span> <span class='ocrx_word' id='word_1_14' title='bbox 1813 267 1923 316; x_wconf 81' lang='grc' dir='ltr'>τῶν</span> 
     </span>
    </p>
   </div>
   <div class='ocr_carea' id='block_1_5' title="bbox 2045 261 3601 337">
    <p class='ocr_par' dir='ltr' id='par_1_5' title="bbox 2046 261 3601 332">
     <span class='ocr_line' id='line_1_5' title="bbox 2046 261 3601 332; baseline 0.001 -17"><span class='ocrx_word' id='word_1_15' title='bbox 2046 265 2154 317; x_wconf 76' lang='lat' dir='ltr'><strong>alio</strong></span> <span class='ocrx_word' id='word_1_16' title='bbox 2183 278 2409 332; x_wconf 85' lang='lat' dir='ltr'><strong>prorsus</strong></span> <span class='ocrx_word' id='word_1_17' title='bbox 2439 277 2622 328; x_wconf 86' lang='lat' dir='ltr'><strong>careo,</strong></span> <span class='ocrx_word' id='word_1_18' title='bbox 2656 270 2712 315; x_wconf 89' lang='lat' dir='ltr'><strong>ttt</strong></span> <span class='ocrx_word' id='word_1_19' title='bbox 2746 261 2830 316; x_wconf 78' lang='lat' dir='ltr'><strong>vel</strong></span> <span class='ocrx_word' id='word_1_20' title='bbox 2858 261 3070 317; x_wconf 91' lang='lat' dir='ltr'><strong>amicos</strong></span> <span class='ocrx_word' id='word_1_21' title='bbox 3105 275 3258 316; x_wconf 86' lang='lat' dir='ltr'><strong>meos</strong></span> <span class='ocrx_word' id='word_1_22' title='bbox 3290 276 3484 318; x_wconf 84' lang='lat' dir='ltr'><strong>omnes</strong></span> <span class='ocrx_word' id='word_1_23' title='bbox 3520 283 3601 316; x_wconf 78' lang='lat' dir='ltr'><strong>ta-</strong></span> 
     </span>
    </p>
   </div>
   <div class='ocr_carea' id='block_1_6' title="bbox 335 356 1919 430">
    <p class='ocr_par' dir='ltr' id='par_1_6' title="bbox 335 356 1919 430">
     <span class='ocr_line' id='line_1_6' title="bbox 335 356 1919 430; baseline -0.002 -18"><span class='ocrx_word' id='word_1_24' title='bbox 335 363 505 430; x_wconf 63' lang='grc' dir='ltr'>φίὶων</span> <span class='ocrx_word' id='word_1_25' title='bbox 534 358 874 429; x_wconf 77' lang='grc' dir='ltr'>συμμαχίαςο</span> <span class='ocrx_word' id='word_1_26' title='bbox 909 359 1112 419; x_wconf 82' lang='grc' dir='ltr'>πάντες</span> <span class='ocrx_word' id='word_1_27' title='bbox 1151 357 1258 425; x_wconf 77' lang='grc' dir='ltr'><strong>γὰρ</strong></span> <span class='ocrx_word' id='word_1_28' title='bbox 1298 356 1572 414; x_wconf 72' lang='grc' dir='ltr'><strong>δεδοίκασι</strong></span> <span class='ocrx_word' id='word_1_29' title='bbox 1609 356 1698 409; x_wconf 81' lang='grc' dir='ltr'>τὸν</span> <span class='ocrx_word' id='word_1_30' title='bbox 1727 357 1919 410; x_wconf 77' lang='grc' dir='ltr'>Σαούλ.</span> 
     </span>
    </p>
   </div>
   <div class='ocr_carea' id='block_1_7' title="bbox 423 449 1921 519">
    <p class='ocr_par' dir='ltr' id='par_1_7' title="bbox 423 449 1921 519">
     <span class='ocr_line' id='line_1_7' title="bbox 423 449 1921 519; baseline -0.003 -13"><span class='ocrx_word' id='word_1_31' title='bbox 423 453 484 506; x_wconf 87' lang='grc'><strong>’0</strong></span> <span class='ocrx_word' id='word_1_32' title='bbox 522 452 591 505; x_wconf 80' lang='grc' dir='ltr'>δὲ</span> <span class='ocrx_word' id='word_1_33' title='bbox 619 451 833 519; x_wconf 79' lang='grc' dir='ltr'>Κύριος</span> <span class='ocrx_word' id='word_1_34' title='bbox 868 449 1281 516; x_wconf 71' lang='grc' dir='ltr'>προσελάϐετό</span> <span class='ocrx_word' id='word_1_35' title='bbox 1312 466 1412 516; x_wconf 77' lang='grc' dir='ltr'><strong>με.</strong></span> <span class='ocrx_word' id='word_1_36' title='bbox 1447 449 1621 501; x_wconf 77' lang='grc' dir='ltr'>Τοῦτο</span> <span class='ocrx_word' id='word_1_37' title='bbox 1670 467 1921 519; x_wconf 86' lang='grc' dir='ltr'>παρηγο-</span> 
     </span>
    </p>
   </div>
   <div class='ocr_carea' id='block_1_8' title="bbox 340 534 1924 615">
    <p class='ocr_par' dir='ltr' id='par_1_8' title="bbox 340 534 1924 615">
     <span class='ocr_line' id='line_1_8' title="bbox 340 534 1924 615; baseline -0.004 -18"><span class='ocrx_word' id='word_1_38' title='bbox 340 545 448 615; x_wconf 83' lang='grc' dir='ltr'>ρῶν</span> <span class='ocrx_word' id='word_1_39' title='bbox 478 543 672 597; x_wconf 77' lang='grc' dir='ltr'>ἑαυτὸν</span> <span class='ocrx_word' id='word_1_40' title='bbox 707 539 862 594; x_wconf 75' lang='grc' dir='ltr'>εἶπεν</span> <span class='ocrx_word' id='word_1_41' title='bbox 893 557 907 571; x_wconf 78' lang='grc' dir='ltr'><strong>ο</strong></span> <span class='ocrx_word' id='word_1_42' title='bbox 937 534 1008 593; x_wconf 78' lang='grc' dir='ltr'>Εί</span> <span class='ocrx_word' id='word_1_43' title='bbox 1028 546 1122 593; x_wconf 73' lang='grc' dir='ltr'>καὶ</span> <span class='ocrx_word' id='word_1_44' title='bbox 1149 541 1350 601; x_wconf 79' lang='grc' dir='ltr'>πάντες</span> <span class='ocrx_word' id='word_1_45' title='bbox 1382 557 1474 609; x_wconf 83' lang='grc' dir='ltr'><strong>με,</strong></span> <span class='ocrx_word' id='word_1_46' title='bbox 1511 541 1665 609; x_wconf 77' lang='grc' dir='ltr'>φησὶ,</span> <span class='ocrx_word' id='word_1_47' title='bbox 1707 541 1924 592; x_wconf 84' lang='grc' dir='ltr'>κατέλι-</span> 
     </span>
    </p>
   </div>
   <div class='ocr_carea' id='block_1_9' title="bbox 339 632 1923 704">
    <p class='ocr_par' dir='ltr' id='par_1_9' title="bbox 339 632 1923 704">
     <span class='ocr_line' id='line_1_9' title="bbox 339 632 1923 704; baseline -0.003 -14"><span class='ocrx_word' id='word_1_48' title='bbox 339 656 463 700; x_wconf 88' lang='grc' dir='ltr'>πον,</span> <span class='ocrx_word' id='word_1_49' title='bbox 498 637 637 690; x_wconf 80' lang='grc' dir='ltr'>ἀλλὰ</span> <span class='ocrx_word' id='word_1_50' title='bbox 678 632 772 690; x_wconf 80' lang='grc' dir='ltr'>οὖν</span> <span class='ocrx_word' id='word_1_51' title='bbox 823 637 850 688; x_wconf 87' lang='grc' dir='ltr'>ὁ</span> <span class='ocrx_word' id='word_1_52' title='bbox 895 635 1097 704; x_wconf 79' lang='grc' dir='ltr'>Κύριος</span> <span class='ocrx_word' id='word_1_53' title='bbox 1147 632 1520 702; x_wconf 72' lang='grc' dir='ltr'>προσελάϐετό</span> <span class='ocrx_word' id='word_1_54' title='bbox 1569 651 1657 703; x_wconf 90' lang='grc' dir='ltr'><strong>με,</strong></span> <span class='ocrx_word' id='word_1_55' title='bbox 1704 632 1923 686; x_wconf 79' lang='grc' dir='ltr'>σκέπων</span> 
     </span>
    </p>
   </div>
   <div class='ocr_carea' id='block_1_10' title="bbox 340 732 754 801">
    <p class='ocr_par' dir='ltr' id='par_1_10' title="bbox 340 732 754 801">
     <span class='ocr_line' id='line_1_10' title="bbox 340 732 754 801; baseline -0.002 -19"><span class='ocrx_word' id='word_1_56' title='bbox 340 733 434 784; x_wconf 75' lang='grc' dir='ltr'>καὶ</span> <span class='ocrx_word' id='word_1_57' title='bbox 466 732 754 801; x_wconf 79' lang='grc' dir='ltr'><strong>ῥυόμενος.</strong></span> 
     </span>
    </p>
   </div>
   <div class='ocr_carea' id='block_1_11' title="bbox 406 813 1922 892">
    <p class='ocr_par' dir='ltr' id='par_1_11' title="bbox 406 813 1922 892">
     <span class='ocr_line' id='line_1_11' title="bbox 406 813 1922 892; baseline -0.007 -16"><span class='ocrx_word' id='word_1_58' title='bbox 406 822 830 892; x_wconf 79' lang='grc' dir='ltr'>Νομοθέτησόν</span> <span class='ocrx_word' id='word_1_59' title='bbox 883 837 958 889; x_wconf 83' lang='grc' dir='ltr'><strong>με</strong></span> <span class='ocrx_word' id='word_1_60' title='bbox 1001 820 1072 873; x_wconf 84' lang='grc' dir='ltr'>ἐν</span> <span class='ocrx_word' id='word_1_61' title='bbox 1125 817 1198 886; x_wconf 78' lang='grc' dir='ltr'>τῇ</span> <span class='ocrx_word' id='word_1_62' title='bbox 1234 815 1352 882; x_wconf 78' lang='grc' dir='ltr'>ὁδῷ</span> <span class='ocrx_word' id='word_1_63' title='bbox 1400 832 1540 871; x_wconf 84' lang='grc' dir='ltr'>σου.</span> <span class='ocrx_word' id='word_1_64' title='bbox 1601 816 1747 868; x_wconf 76' lang='grc' dir='ltr'>Ἀντὶ</span> <span class='ocrx_word' id='word_1_65' title='bbox 1790 813 1922 879; x_wconf 75' lang='grc' dir='ltr'>τοῦ,</span> 
     </span>
    </p>
   </div>
   <div class='ocr_carea' id='block_1_12' title="bbox 323 905 1922 982">
    <p class='ocr_par' dir='ltr' id='par_1_12' title="bbox 323 905 1922 982">
     <span class='ocr_line' id='line_1_12' title="bbox 323 905 1922 982; baseline -0.004 -17"><span class='ocrx_word' id='word_1_66' title='bbox 323 913 770 982; x_wconf 77' lang='grc' dir='ltr'>,Νομοθέτησον</span> <span class='ocrx_word' id='word_1_67' title='bbox 791 952 806 976; x_wconf 98' lang='grc'><strong>,</strong></span> <span class='ocrx_word' id='word_1_68' title='bbox 845 911 1180 964; x_wconf 79' lang='grc' dir='ltr'>Συνέτισον</span> <span class='ocrx_word' id='word_1_69' title='bbox 1214 905 1366 962; x_wconf 72' lang='grc' dir='ltr'>εἶπεν</span> <span class='ocrx_word' id='word_1_70' title='bbox 1397 911 1425 962; x_wconf 84' lang='grc' dir='ltr'>ὁ</span> <span class='ocrx_word' id='word_1_71' title='bbox 1471 907 1731 970; x_wconf 81' lang='grc' dir='ltr'>Ἀκύλας·</span> <span class='ocrx_word' id='word_1_72' title='bbox 1766 907 1882 976; x_wconf 76' lang='grc' dir='ltr'>ἦτοι</span> <span class='ocrx_word' id='word_1_73' title='bbox 1907 946 1922 971; x_wconf 95' lang='grc'><strong>,</strong></span> 
     </span>
    </p>
   </div>
   <div class='ocr_carea' id='block_1_13' title="bbox 341 999 1922 1075">
    <p class='ocr_par' dir='ltr' id='par_1_13' title="bbox 341 999 1922 1075">
     <span class='ocr_line' id='line_1_13' title="bbox 341 999 1922 1075; baseline -0.004 -19"><span class='ocrx_word' id='word_1_74' title='bbox 341 1007 541 1075; x_wconf 65' lang='grc' dir='ltr'>νόμους</span> <span class='ocrx_word' id='word_1_75' title='bbox 583 1021 650 1072; x_wconf 86' lang='grc' dir='ltr'><strong>με</strong></span> <span class='ocrx_word' id='word_1_76' title='bbox 703 1003 913 1067; x_wconf 76' lang='grc' dir='ltr'><strong>δίδαξον</strong></span> <span class='ocrx_word' id='word_1_77' title='bbox 986 1002 1357 1068; x_wconf 81' lang='grc' dir='ltr'>σωτηριὼδεις</span> <span class='ocrx_word' id='word_1_78' title='bbox 1428 1000 1684 1070; x_wconf 80' lang='grc' dir='ltr'>βαίνοντα</span> <span class='ocrx_word' id='word_1_79' title='bbox 1748 999 1806 1051; x_wconf 77' lang='grc' dir='ltr'>ὲν</span> <span class='ocrx_word' id='word_1_80' title='bbox 1857 1001 1922 1070; x_wconf 77' lang='grc' dir='ltr'>τῇ</span> 
     </span>
    </p>
   </div>
   <div class='ocr_carea' id='block_1_14' title="bbox 336 1091 1510 1166">
    <p class='ocr_par' dir='ltr' id='par_1_14' title="bbox 336 1091 1510 1166">
     <span class='ocr_line' id='line_1_14' title="bbox 336 1091 1510 1166; baseline -0.004 -19"><span class='ocrx_word' id='word_1_81' title='bbox 336 1097 695 1166; x_wconf 79' lang='grc' dir='ltr'><strong>πνευματικῇ</strong></span> <span class='ocrx_word' id='word_1_82' title='bbox 729 1094 855 1163; x_wconf 79' lang='grc' dir='ltr'>ὁδῷ,</span> <span class='ocrx_word' id='word_1_83' title='bbox 887 1096 953 1164; x_wconf 79' lang='grc' dir='ltr'>τῇ</span> <span class='ocrx_word' id='word_1_84' title='bbox 993 1095 1126 1163; x_wconf 85' lang='grc' dir='ltr'>πρὸς</span> <span class='ocrx_word' id='word_1_85' title='bbox 1153 1092 1210 1144; x_wconf 84' lang='grc' dir='ltr'>σὲ</span> <span class='ocrx_word' id='word_1_86' title='bbox 1248 1091 1510 1162; x_wconf 76' lang='grc' dir='ltr'><strong>φερούσῃ.</strong></span> 
     </span>
    </p>
   </div>
   <div class='ocr_carea' id='block_1_15' title="bbox 415 1183 1929 1255">
    <p class='ocr_par' dir='ltr' id='par_1_15' title="bbox 415 1183 1929 1255">
     <span class='ocr_line' id='line_1_15' title="bbox 415 1183 1929 1255; baseline -0.004 -15"><span class='ocrx_word' id='word_1_87' title='bbox 415 1187 526 1240; x_wconf 77' lang='grc' dir='ltr'><strong>Καὶ</strong></span> <span class='ocrx_word' id='word_1_88' title='bbox 555 1187 866 1255; x_wconf 72' lang='grc' dir='ltr'>όδήγησόν</span> <span class='ocrx_word' id='word_1_89' title='bbox 907 1203 983 1254; x_wconf 77' lang='grc' dir='ltr'><strong>με</strong></span> <span class='ocrx_word' id='word_1_90' title='bbox 1017 1185 1086 1237; x_wconf 81' lang='grc' dir='ltr'>ὲν</span> <span class='ocrx_word' id='word_1_91' title='bbox 1124 1185 1299 1251; x_wconf 74' lang='grc' dir='ltr'>τρίϐῳ</span> <span class='ocrx_word' id='word_1_92' title='bbox 1323 1185 1544 1249; x_wconf 76' lang='grc' dir='ltr'>εὐθείᾳ.</span> <span class='ocrx_word' id='word_1_93' title='bbox 1583 1183 1783 1254; x_wconf 81' lang='grc' dir='ltr'>Τρίὸον</span> <span class='ocrx_word' id='word_1_94' title='bbox 1831 1183 1929 1251; x_wconf 73' lang='grc' dir='ltr'>τῆς</span> 
     </span>
    </p>
   </div>
   <div class='ocr_carea' id='block_1_16' title="bbox 347 1260 1929 1346">
    <p class='ocr_par' dir='ltr' id='par_1_16' title="bbox 347 1260 1929 1346">
     <span class='ocr_line' id='line_1_16' title="bbox 347 1260 1929 1346; baseline -0.002 -18"><span class='ocrx_word' id='word_1_95' title='bbox 347 1277 646 1344; x_wconf 73' lang='grc' dir='ltr'><strong>σωτηρίας,</strong></span> <span class='ocrx_word' id='word_1_96' title='bbox 714 1277 800 1328; x_wconf 82' lang='grc' dir='ltr'>ἵνα</span> <span class='ocrx_word' id='word_1_97' title='bbox 863 1275 939 1346; x_wconf 82' lang='grc' dir='ltr'>μὴ</span> <span class='ocrx_word' id='word_1_98' title='bbox 992 1275 1302 1343; x_wconf 76' lang='grc' dir='ltr'>πλανῶμαι,</span> <span class='ocrx_word' id='word_1_99' title='bbox 1355 1274 1588 1337; x_wconf 79' lang='grc' dir='ltr'>σκολιοῖς</span> <span class='ocrx_word' id='word_1_100' title='bbox 1645 1260 1929 1344; x_wconf 77' lang='grc' dir='ltr'>λογισμὸῖς</span> 
     </span>
    </p>
   </div>
   <div class='ocr_carea' id='block_1_17' title="bbox 345 1371 666 1439">
    <p class='ocr_par' dir='ltr' id='par_1_17' title="bbox 345 1371 666 1439">
     <span class='ocr_line' id='line_1_17' title="bbox 345 1371 666 1439; baseline 0.003 -18"><span class='ocrx_word' id='word_1_101' title='bbox 345 1371 666 1439; x_wconf 79' lang='grc' dir='ltr'>ἐμπίπτων.</span> 
     </span>
    </p>
   </div>
   <div class='ocr_carea' id='block_1_18' title="bbox 415 1461 1925 1534">
    <p class='ocr_par' dir='ltr' id='par_1_18' title="bbox 415 1461 1925 1534">
     <span class='ocr_line' id='line_1_18' title="bbox 415 1461 1925 1534; baseline 0.001 -17"><span class='ocrx_word' id='word_1_102' title='bbox 415 1463 638 1517; x_wconf 74' lang='grc' dir='ltr'>Ἕνεκα</span> <span class='ocrx_word' id='word_1_103' title='bbox 666 1462 784 1516; x_wconf 82' lang='grc' dir='ltr'>τῶν</span> <span class='ocrx_word' id='word_1_104' title='bbox 824 1461 1055 1531; x_wconf 78' lang='grc' dir='ltr'><strong>ἐχθρῶν</strong></span> <span class='ocrx_word' id='word_1_105' title='bbox 1078 1480 1223 1531; x_wconf 77' lang='grc' dir='ltr'>μου,</span> <span class='ocrx_word' id='word_1_106' title='bbox 1271 1463 1358 1533; x_wconf 79' lang='grc' dir='ltr'>μὴ</span> <span class='ocrx_word' id='word_1_107' title='bbox 1410 1464 1692 1532; x_wconf 81' lang='grc' dir='ltr'>παραδῷς</span> <span class='ocrx_word' id='word_1_108' title='bbox 1725 1481 1803 1534; x_wconf 83' lang='grc' dir='ltr'><strong>με</strong></span> <span class='ocrx_word' id='word_1_109' title='bbox 1841 1467 1925 1532; x_wconf 82' lang='grc' dir='ltr'><strong>είς</strong></span> 
     </span>
    </p>
   </div>
   <div class='ocr_carea' id='block_1_19' title="bbox 333 1555 1927 1630">
    <p class='ocr_par' dir='ltr' id='par_1_19' title="bbox 333 1555 1927 1630">
     <span class='ocr_line' id='line_1_19' title="bbox 333 1555 1927 1630; baseline 0.006 -26"><span class='ocrx_word' id='word_1_110' title='bbox 333 1555 546 1623; x_wconf 63' lang='grc' dir='ltr'>ψυχὰς</span> <span class='ocrx_word' id='word_1_111' title='bbox 577 1556 906 1609; x_wconf 74' lang='grc' dir='ltr'>θλιϐόντων</span> <span class='ocrx_word' id='word_1_112' title='bbox 929 1573 1025 1624; x_wconf 78' lang='grc' dir='ltr'><strong>με.</strong></span> <span class='ocrx_word' id='word_1_113' title='bbox 1061 1557 1154 1619; x_wconf 80' lang='grc' dir='ltr'><strong>Εἰς</strong></span> <span class='ocrx_word' id='word_1_114' title='bbox 1194 1555 1373 1627; x_wconf 73' lang='grc' dir='ltr'>ψυχὰς</span> <span class='ocrx_word' id='word_1_115' title='bbox 1409 1558 1726 1625; x_wconf 76' lang='grc' dir='ltr'>θλιϐόντων,</span> <span class='ocrx_word' id='word_1_116' title='bbox 1760 1561 1927 1630; x_wconf 72' lang='grc' dir='ltr'>ἤγουν</span> 
     </span>
    </p>
   </div>
   <div class='ocr_carea' id='block_1_20' title="bbox 2028 357 3202 426">
    <p class='ocr_par' dir='ltr' id='par_1_20' title="bbox 2028 357 3202 426">
     <span class='ocr_line' id='line_1_20' title="bbox 2028 357 3202 426; baseline 0.003 -18"><span class='ocrx_word' id='word_1_117' title='bbox 2028 374 2207 419; x_wconf 71' lang='lat' dir='ltr'><strong>ventu,</strong></span> <span class='ocrx_word' id='word_1_118' title='bbox 2248 359 2338 424; x_wconf 87' lang='lat' dir='ltr'><strong>qui</strong></span> <span class='ocrx_word' id='word_1_119' title='bbox 2371 357 2553 411; x_wconf 84' lang='lat' dir='ltr'><strong>Saulis</strong></span> <span class='ocrx_word' id='word_1_120' title='bbox 2581 358 2874 426; x_wconf 87' lang='lat' dir='ltr'><strong>potentiam</strong></span> <span class='ocrx_word' id='word_1_121' title='bbox 2921 365 3202 412; x_wconf 83' lang='lat' dir='ltr'><strong>verentur.</strong></span> 
     </span>
    </p>
   </div>
   <div class='ocr_carea' id='block_1_21' title="bbox 2103 449 3599 516">
    <p class='ocr_par' dir='ltr' id='par_1_21' title="bbox 2103 449 3599 516">
     <span class='ocr_line' id='line_1_21' title="bbox 2103 449 3599 516; baseline 0.003 -16"><span class='ocrx_word' id='word_1_122' title='bbox 2103 449 2361 502; x_wconf 77' lang='lat' dir='ltr'><strong>Dominus</strong></span> <span class='ocrx_word' id='word_1_123' title='bbox 2394 460 2567 501; x_wconf 88' lang='lat' dir='ltr'><strong>autem</strong></span> <span class='ocrx_word' id='word_1_124' title='bbox 2615 454 2896 516; x_wconf 83' lang='lat' dir='ltr'><strong>assumpsit</strong></span> <span class='ocrx_word' id='word_1_125' title='bbox 2932 465 3032 501; x_wconf 84' lang='lat' dir='ltr'><strong>nte.</strong></span> <span class='ocrx_word' id='word_1_126' title='bbox 3072 449 3186 503; x_wconf 80' lang='lat' dir='ltr'><strong>Hoc</strong></span> <span class='ocrx_word' id='word_1_127' title='bbox 3242 450 3307 503; x_wconf 85' lang='lat' dir='ltr'><strong>ad</strong></span> <span class='ocrx_word' id='word_1_128' title='bbox 3359 451 3599 506; x_wconf 80' lang='lat' dir='ltr'><strong>solamen</strong></span> 
     </span>
    </p>
   </div>
   <div class='ocr_carea' id='block_1_22' title="bbox 2029 538 3597 610">
    <p class='ocr_par' dir='ltr' id='par_1_22' title="bbox 2029 538 3597 610">
     <span class='ocr_line' id='line_1_22' title="bbox 2029 538 3597 610; baseline 0.002 -18"><span class='ocrx_word' id='word_1_129' title='bbox 2029 555 2188 592; x_wconf 89' lang='lat' dir='ltr'><strong>suum</strong></span> <span class='ocrx_word' id='word_1_130' title='bbox 2217 538 2373 591; x_wconf 91' lang='lat' dir='ltr'><strong>dicit.</strong></span> <span class='ocrx_word' id='word_1_131' title='bbox 2409 538 2575 604; x_wconf 86' lang='lat' dir='ltr'><strong>Licet,</strong></span> <span class='ocrx_word' id='word_1_132' title='bbox 2608 539 2802 609; x_wconf 89' lang='lat' dir='ltr'><strong>inquit,</strong></span> <span class='ocrx_word' id='word_1_133' title='bbox 2835 554 3027 592; x_wconf 77' lang='lat' dir='ltr'><strong>omnes</strong></span> <span class='ocrx_word' id='word_1_134' title='bbox 3076 555 3163 592; x_wconf 92' lang='lat' dir='ltr'><strong>me</strong></span> <span class='ocrx_word' id='word_1_135' title='bbox 3199 538 3597 610; x_wconf 69' lang='lat' dir='ltr'><strong>dereliquerint,</strong></span> 
     </span>
    </p>
   </div>
   <div class='ocr_carea' id='block_1_23' title="bbox 2030 631 3601 702">
    <p class='ocr_par' dir='ltr' id='par_1_23' title="bbox 2030 631 3601 702">
     <span class='ocr_line' id='line_1_23' title="bbox 2030 631 3601 702; baseline 0.001 -19"><span class='ocrx_word' id='word_1_136' title='bbox 2030 632 2145 698; x_wconf 85' lang='lat' dir='ltr'><strong>ipse</strong></span> <span class='ocrx_word' id='word_1_137' title='bbox 2174 638 2356 684; x_wconf 89' lang='lat' dir='ltr'><strong>tamen</strong></span> <span class='ocrx_word' id='word_1_138' title='bbox 2394 631 2652 686; x_wconf 82' lang='lat' dir='ltr'><strong>Dominus</strong></span> <span class='ocrx_word' id='word_1_139' title='bbox 2686 632 2988 700; x_wconf 79' lang='lat' dir='ltr'><strong>assumpsit</strong></span> <span class='ocrx_word' id='word_1_140' title='bbox 3022 647 3130 694; x_wconf 88' lang='lat' dir='ltr'><strong>me,</strong></span> <span class='ocrx_word' id='word_1_141' title='bbox 3169 641 3459 702; x_wconf 82' lang='lat' dir='ltr'><strong>protegens</strong></span> <span class='ocrx_word' id='word_1_142' title='bbox 3490 637 3601 688; x_wconf 84' lang='lat' dir='ltr'><strong>sci-</strong></span> 
     </span>
    </p>
   </div>
   <div class='ocr_carea' id='block_1_24' title="bbox 2031 721 2996 790">
    <p class='ocr_par' dir='ltr' id='par_1_24' title="bbox 2031 721 2996 790">
     <span class='ocr_line' id='line_1_24' title="bbox 2031 721 2996 790; baseline 0.001 -17"><span class='ocrx_word' id='word_1_143' title='bbox 2031 722 2156 774; x_wconf 83' lang='lat' dir='ltr'><strong>licet</strong></span> <span class='ocrx_word' id='word_1_144' title='bbox 2196 731 2359 790; x_wconf 88' lang='lat' dir='ltr'><strong>atque</strong></span> <span class='ocrx_word' id='word_1_145' title='bbox 2391 721 2630 789; x_wconf 84' lang='lat' dir='ltr'><strong>eripiens</strong></span> <span class='ocrx_word' id='word_1_146' title='bbox 2658 737 2684 773; x_wconf 88' lang='lat' dir='ltr'><strong>a</strong></span> <span class='ocrx_word' id='word_1_147' title='bbox 2713 722 2996 790; x_wconf 86' lang='lat' dir='ltr'><strong>periculis.</strong></span> 
     </span>
    </p>
   </div>
   <div class='ocr_carea' id='block_1_25' title="bbox 2104 815 3598 891">
    <p class='ocr_par' dir='ltr' id='par_1_25' title="bbox 2104 815 3598 891">
     <span class='ocr_line' id='line_1_25' title="bbox 2104 815 3598 891; baseline 0.007 -25"><span class='ocrx_word' id='word_1_148' title='bbox 2104 815 2262 871; x_wconf 63' lang='lat' dir='ltr'><strong>Vens.</strong></span> <span class='ocrx_word' id='word_1_149' title='bbox 2291 818 2377 880; x_wconf 81' lang='lat' dir='ltr'><strong>Il,</strong></span> <span class='ocrx_word' id='word_1_150' title='bbox 2411 817 2499 870; x_wconf 73' lang='grc'><strong>12.</strong></span> <span class='ocrx_word' id='word_1_151' title='bbox 2537 816 2719 887; x_wconf 83' lang='lat' dir='ltr'><strong>Legem</strong></span> <span class='ocrx_word' id='word_1_152' title='bbox 2748 835 2879 887; x_wconf 86' lang='lat' dir='ltr'><strong>pone</strong></span> <span class='ocrx_word' id='word_1_153' title='bbox 2911 819 3038 872; x_wconf 85' lang='lat' dir='ltr'><strong>mihi</strong></span> <span class='ocrx_word' id='word_1_154' title='bbox 3070 821 3122 872; x_wconf 87' lang='lat' dir='ltr'><strong>in</strong></span> <span class='ocrx_word' id='word_1_155' title='bbox 3147 821 3229 873; x_wconf 89' lang='lat' dir='ltr'><strong>via</strong></span> <span class='ocrx_word' id='word_1_156' title='bbox 3259 831 3373 874; x_wconf 88' lang='lat' dir='ltr'><strong>tua.</strong></span> <span class='ocrx_word' id='word_1_157' title='bbox 3408 822 3598 891; x_wconf 75' lang='lat' dir='ltr'><strong>Aquila</strong></span> 
     </span>
    </p>
   </div>
   <div class='ocr_carea' id='block_1_26' title="bbox 2028 908 3602 977">
    <p class='ocr_par' dir='ltr' id='par_1_26' title="bbox 2028 908 3602 977">
     <span class='ocr_line' id='line_1_26' title="bbox 2028 908 3602 977; baseline 0.007 -19"><span class='ocrx_word' id='word_1_158' title='bbox 2028 923 2127 976; x_wconf 91' lang='lat' dir='ltr'><strong>pro</strong></span> <span class='ocrx_word' id='word_1_159' title='bbox 2159 908 2321 977; x_wconf 81' lang='lat' dir='ltr'><strong>legem</strong></span> <span class='ocrx_word' id='word_1_160' title='bbox 2346 925 2498 977; x_wconf 87' lang='lat' dir='ltr'><strong>pone,</strong></span> <span class='ocrx_word' id='word_1_161' title='bbox 2523 909 2760 963; x_wconf 82' lang='lat' dir='ltr'><strong>reddidit</strong></span> <span class='ocrx_word' id='word_1_162' title='bbox 2794 926 2808 962; x_wconf 89' lang='lat'><strong>:</strong></span> <span class='ocrx_word' id='word_1_163' title='bbox 2849 909 2984 963; x_wconf 80' lang='lat' dir='ltr'><strong>Doce</strong></span> <span class='ocrx_word' id='word_1_164' title='bbox 3007 928 3115 972; x_wconf 79' lang='lat' dir='ltr'><strong>me,</strong></span> <span class='ocrx_word' id='word_1_165' title='bbox 3159 913 3260 965; x_wconf 89' lang='lat' dir='ltr'><strong>hoc</strong></span> <span class='ocrx_word' id='word_1_166' title='bbox 3291 921 3411 968; x_wconf 89' lang='lat' dir='ltr'><strong>est:</strong></span> <span class='ocrx_word' id='word_1_167' title='bbox 3443 915 3602 969; x_wconf 81' lang='lat' dir='ltr'><strong>Salu-</strong></span> 
     </span>
    </p>
   </div>
   <div class='ocr_carea' id='block_1_27' title="bbox 2033 1001 3602 1072">
    <p class='ocr_par' dir='ltr' id='par_1_27' title="bbox 2033 1001 3602 1072">
     <span class='ocr_line' id='line_1_27' title="bbox 2033 1001 3602 1072; baseline 0.003 -20"><span class='ocrx_word' id='word_1_168' title='bbox 2033 1008 2178 1054; x_wconf 84' lang='lat' dir='ltr'><strong>tares</strong></span> <span class='ocrx_word' id='word_1_169' title='bbox 2200 1001 2341 1069; x_wconf 83' lang='lat' dir='ltr'><strong>leges</strong></span> <span class='ocrx_word' id='word_1_170' title='bbox 2363 1009 2485 1054; x_wconf 84' lang='lat' dir='ltr'><strong>tuas</strong></span> <span class='ocrx_word' id='word_1_171' title='bbox 2512 1003 2648 1054; x_wconf 89' lang='lat' dir='ltr'><strong>doce</strong></span> <span class='ocrx_word' id='word_1_172' title='bbox 2681 1016 2799 1065; x_wconf 90' lang='lat' dir='ltr'><strong>me;</strong></span> <span class='ocrx_word' id='word_1_173' title='bbox 2831 1016 2940 1064; x_wconf 89' lang='lat' dir='ltr'><strong>me,</strong></span> <span class='ocrx_word' id='word_1_174' title='bbox 2971 1003 3214 1070; x_wconf 82' lang='lat' dir='ltr'><strong>inquam,</strong></span> <span class='ocrx_word' id='word_1_175' title='bbox 3244 1019 3336 1072; x_wconf 86' lang='lat' dir='ltr'><strong>per</strong></span> <span class='ocrx_word' id='word_1_176' title='bbox 3354 1007 3602 1058; x_wconf 80' lang='lat' dir='ltr'><strong>semitam</strong></span> 
     </span>
    </p>
   </div>
   <div class='ocr_carea' id='block_1_28' title="bbox 2031 1093 3606 1163">
    <p class='ocr_par' dir='ltr' id='par_1_28' title="bbox 2031 1093 3606 1163">
     <span class='ocr_line' id='line_1_28' title="bbox 2031 1093 3606 1163; baseline 0.003 -17"><span class='ocrx_word' id='word_1_177' title='bbox 2031 1093 2335 1161; x_wconf 80' lang='lat' dir='ltr'><strong>spiritualis</strong></span> <span class='ocrx_word' id='word_1_178' title='bbox 2356 1093 2491 1162; x_wconf 90' lang='lat' dir='ltr'><strong>legis</strong></span> <span class='ocrx_word' id='word_1_179' title='bbox 2525 1104 2628 1159; x_wconf 73' lang='lat' dir='ltr'><strong>tua:</strong></span> <span class='ocrx_word' id='word_1_180' title='bbox 2651 1093 3010 1155; x_wconf 76' lang='lat' dir='ltr'><strong>incedentem,</strong></span> <span class='ocrx_word' id='word_1_181' title='bbox 3043 1103 3097 1146; x_wconf 87' lang='lat' dir='ltr'><strong>et</strong></span> <span class='ocrx_word' id='word_1_182' title='bbox 3117 1111 3236 1163; x_wconf 68' lang='lat' dir='ltr'><strong>qua:</strong></span> <span class='ocrx_word' id='word_1_183' title='bbox 3255 1096 3318 1148; x_wconf 84' lang='lat' dir='ltr'><strong>ad</strong></span> <span class='ocrx_word' id='word_1_184' title='bbox 3342 1106 3392 1148; x_wconf 83' lang='lat' dir='ltr'><strong>te</strong></span> <span class='ocrx_word' id='word_1_185' title='bbox 3411 1098 3606 1152; x_wconf 90' lang='lat' dir='ltr'><strong>tendit.</strong></span> 
     </span>
    </p>
   </div>
   <div class='ocr_carea' id='block_1_29' title="bbox 2107 1183 3603 1241">
    <p class='ocr_par' dir='ltr' id='par_1_29' title="bbox 2107 1183 3603 1241">
     <span class='ocr_line' id='line_1_29' title="bbox 2107 1183 3603 1241; baseline 0.003 -5"><span class='ocrx_word' id='word_1_186' title='bbox 2107 1183 2174 1236; x_wconf 82' lang='lat' dir='ltr'><strong>Et</strong></span> <span class='ocrx_word' id='word_1_187' title='bbox 2206 1183 2374 1236; x_wconf 81' lang='lat' dir='ltr'><strong>deduc</strong></span> <span class='ocrx_word' id='word_1_188' title='bbox 2399 1200 2476 1237; x_wconf 87' lang='lat' dir='ltr'><strong>me</strong></span> <span class='ocrx_word' id='word_1_189' title='bbox 2511 1184 2562 1236; x_wconf 88' lang='lat' dir='ltr'><strong>in</strong></span> <span class='ocrx_word' id='word_1_190' title='bbox 2601 1185 2844 1236; x_wconf 78' lang='lat' dir='ltr'><strong>semitam</strong></span> <span class='ocrx_word' id='word_1_191' title='bbox 2898 1195 3118 1238; x_wconf 86' lang='lat' dir='ltr'><strong>rectam.</strong></span> <span class='ocrx_word' id='word_1_192' title='bbox 3162 1185 3242 1237; x_wconf 82' lang='lat' dir='ltr'><strong>Ad</strong></span> <span class='ocrx_word' id='word_1_193' title='bbox 3276 1198 3479 1240; x_wconf 87' lang='lat' dir='ltr'><strong>rectam</strong></span> <span class='ocrx_word' id='word_1_194' title='bbox 3514 1205 3603 1241; x_wconf 83' lang='lat' dir='ltr'><strong>sa-</strong></span> 
     </span>
    </p>
   </div>
   <div class='ocr_carea' id='block_1_30' title="bbox 2031 1272 3610 1345">
    <p class='ocr_par' dir='ltr' id='par_1_30' title="bbox 2031 1272 3610 1345">
     <span class='ocr_line' id='line_1_30' title="bbox 2031 1272 3610 1345; baseline 0.004 -20"><span class='ocrx_word' id='word_1_195' title='bbox 2031 1272 2160 1326; x_wconf 91' lang='lat' dir='ltr'><strong>lutis</strong></span> <span class='ocrx_word' id='word_1_196' title='bbox 2193 1275 2468 1332; x_wconf 88' lang='lat' dir='ltr'><strong>semitam.</strong></span> <span class='ocrx_word' id='word_1_197' title='bbox 2507 1289 2574 1326; x_wconf 90' lang='lat' dir='ltr'><strong>ne</strong></span> <span class='ocrx_word' id='word_1_198' title='bbox 2600 1272 2834 1327; x_wconf 82' lang='lat' dir='ltr'><strong>seduear</strong></span> <span class='ocrx_word' id='word_1_199' title='bbox 2862 1272 2930 1326; x_wconf 87' lang='lat' dir='ltr'><strong>de</strong></span> <span class='ocrx_word' id='word_1_200' title='bbox 2964 1275 3072 1338; x_wconf 80' lang='lat' dir='ltr'><strong>via,</strong></span> <span class='ocrx_word' id='word_1_201' title='bbox 3103 1285 3157 1328; x_wconf 88' lang='lat' dir='ltr'><strong>et</strong></span> <span class='ocrx_word' id='word_1_202' title='bbox 3193 1276 3246 1328; x_wconf 92' lang='lat' dir='ltr'><strong>in</strong></span> <span class='ocrx_word' id='word_1_203' title='bbox 3281 1291 3474 1345; x_wconf 65' lang='lat' dir='ltr'><strong>pratas</strong></span> <span class='ocrx_word' id='word_1_204' title='bbox 3527 1279 3610 1332; x_wconf 90' lang='lat' dir='ltr'><strong>in-</strong></span> 
     </span>
    </p>
   </div>
   <div class='ocr_carea' id='block_1_31' title="bbox 2031 1364 2627 1431">
    <p class='ocr_par' dir='ltr' id='par_1_31' title="bbox 2031 1364 2627 1431">
     <span class='ocr_line' id='line_1_31' title="bbox 2031 1364 2627 1431; baseline 0 -13"><span class='ocrx_word' id='word_1_205' title='bbox 2031 1364 2204 1418; x_wconf 78' lang='lat' dir='ltr'><strong>cidam</strong></span> <span class='ocrx_word' id='word_1_206' title='bbox 2239 1364 2627 1431; x_wconf 79' lang='lat' dir='ltr'><strong>COgitatioues.</strong></span> 
     </span>
    </p>
   </div>
   <div class='ocr_carea' id='block_1_32' title="bbox 2101 1455 3610 1524">
    <p class='ocr_par' dir='ltr' id='par_1_32' title="bbox 2101 1455 3610 1524">
     <span class='ocr_line' id='line_1_32' title="bbox 2101 1455 3610 1524; baseline 0.004 -15"><span class='ocrx_word' id='word_1_207' title='bbox 2101 1455 2324 1524; x_wconf 85' lang='lat' dir='ltr'><strong>Propter</strong></span> <span class='ocrx_word' id='word_1_208' title='bbox 2347 1457 2587 1510; x_wconf 88' lang='lat' dir='ltr'><strong>inimicos</strong></span> <span class='ocrx_word' id='word_1_209' title='bbox 2633 1473 2774 1511; x_wconf 88' lang='lat' dir='ltr'><strong>meos</strong></span> <span class='ocrx_word' id='word_1_210' title='bbox 2815 1473 2879 1512; x_wconf 84' lang='lat' dir='ltr'><strong>ne</strong></span> <span class='ocrx_word' id='word_1_211' title='bbox 2926 1459 3112 1513; x_wconf 84' lang='lat' dir='ltr'><strong>tradas</strong></span> <span class='ocrx_word' id='word_1_212' title='bbox 3174 1476 3255 1513; x_wconf 87' lang='lat' dir='ltr'><strong>me</strong></span> <span class='ocrx_word' id='word_1_213' title='bbox 3301 1460 3356 1513; x_wconf 85' lang='lat' dir='ltr'><strong>in</strong></span> <span class='ocrx_word' id='word_1_214' title='bbox 3403 1461 3610 1516; x_wconf 84' lang='lat' dir='ltr'><strong>animos</strong></span> 
     </span>
    </p>
   </div>
   <div class='ocr_carea' id='block_1_33' title="bbox 2035 1547 3608 1607">
    <p class='ocr_par' dir='ltr' id='par_1_33' title="bbox 2035 1547 3608 1607">
     <span class='ocr_line' id='line_1_33' title="bbox 2035 1547 3608 1607; baseline 0.003 -7"><span class='ocrx_word' id='word_1_215' title='bbox 2035 1547 2398 1602; x_wconf 83' lang='lat' dir='ltr'><strong>tribulantium</strong></span> <span class='ocrx_word' id='word_1_216' title='bbox 2425 1565 2522 1602; x_wconf 87' lang='lat' dir='ltr'><strong>me.</strong></span> <span class='ocrx_word' id='word_1_217' title='bbox 2560 1548 2614 1601; x_wconf 91' lang='lat' dir='ltr'><strong>In</strong></span> <span class='ocrx_word' id='word_1_218' title='bbox 2641 1551 2855 1603; x_wconf 85' lang='lat' dir='ltr'><strong>animas</strong></span> <span class='ocrx_word' id='word_1_219' title='bbox 2879 1549 3260 1604; x_wconf 74' lang='lat' dir='ltr'><strong>tribuluntium</strong></span> <span class='ocrx_word' id='word_1_220' title='bbox 3310 1553 3608 1607; x_wconf 86' lang='lat' dir='ltr'><strong>circumlo-</strong></span> 
     </span>
    </p>
   </div>
   <div class='ocr_carea' id='block_1_34' title="bbox 339 1638 1940 1723">
    <p class='ocr_par' dir='ltr' id='par_1_34' title="bbox 339 1646 1921 1723">
     <span class='ocr_line' id='line_1_34' title="bbox 339 1646 1921 1723; baseline 0.004 -24"><span class='ocrx_word' id='word_1_221' title='bbox 339 1650 422 1709; x_wconf 77' lang='grc' dir='ltr'>εἰς</span> <span class='ocrx_word' id='word_1_222' title='bbox 454 1647 580 1709; x_wconf 72' lang='grc' dir='ltr'>τοὺς</span> <span class='ocrx_word' id='word_1_223' title='bbox 603 1646 885 1709; x_wconf 78' lang='grc' dir='ltr'>θλίϐοντας</span> <span class='ocrx_word' id='word_1_224' title='bbox 913 1665 979 1718; x_wconf 78' lang='grc' dir='ltr'><strong>με</strong></span> <span class='ocrx_word' id='word_1_225' title='bbox 1004 1649 1370 1714; x_wconf 80' lang='grc' dir='ltr'>στρατιώτας,</span> <span class='ocrx_word' id='word_1_226' title='bbox 1394 1654 1537 1705; x_wconf 80' lang='grc' dir='ltr'><strong>κατὰ</strong></span> <span class='ocrx_word' id='word_1_227' title='bbox 1569 1655 1921 1723; x_wconf 69' lang='grc' dir='ltr'>περίφρασιν.</span> 
     </span>
    </p>
   </div>
   <div class='ocr_carea' id='block_1_35' title="bbox 2045 1638 3610 1723">
    <p class='ocr_par' dir='ltr' id='par_1_35' title="bbox 2045 1638 3610 1710">
     <span class='ocr_line' id='line_1_35' title="bbox 2045 1638 3610 1710; baseline 0.005 -19"><span class='ocrx_word' id='word_1_228' title='bbox 2045 1640 2244 1708; x_wconf 73' lang='lat' dir='ltr'><strong>piendo</strong></span> <span class='ocrx_word' id='word_1_229' title='bbox 2279 1638 2438 1702; x_wconf 78' lang='lat' dir='ltr'><strong>dixit.</strong></span> <span class='ocrx_word' id='word_1_230' title='bbox 2475 1655 2594 1709; x_wconf 85' lang='lat' dir='ltr'><strong>pro,</strong></span> <span class='ocrx_word' id='word_1_231' title='bbox 2631 1640 2682 1694; x_wconf 90' lang='lat' dir='ltr'><strong>in</strong></span> <span class='ocrx_word' id='word_1_232' title='bbox 2720 1639 2869 1710; x_wconf 84' lang='lat' dir='ltr'><strong>ipsos</strong></span> <span class='ocrx_word' id='word_1_233' title='bbox 2898 1642 3228 1697; x_wconf 86' lang='lat' dir='ltr'><strong>trihulantes</strong></span> <span class='ocrx_word' id='word_1_234' title='bbox 3261 1659 3346 1698; x_wconf 86' lang='lat' dir='ltr'><strong>me</strong></span> <span class='ocrx_word' id='word_1_235' title='bbox 3390 1645 3610 1699; x_wconf 86' lang='lat' dir='ltr'><strong>milites.</strong></span> 
     </span>
    </p>
   </div>
   <div class='ocr_carea' id='block_1_36' title="bbox 345 1739 1928 1816">
    <p class='ocr_par' dir='ltr' id='par_1_36' title="bbox 345 1739 1928 1816">
     <span class='ocr_line' id='line_1_36' title="bbox 345 1739 1928 1816; baseline 0.004 -24"><span class='ocrx_word' id='word_1_236' title='bbox 345 1742 436 1808; x_wconf 66' lang='grc' dir='ltr'><strong>Μὴ</strong></span> <span class='ocrx_word' id='word_1_237' title='bbox 481 1739 734 1810; x_wconf 80' lang='grc' dir='ltr'>παραδῷς</span> <span class='ocrx_word' id='word_1_238' title='bbox 777 1757 842 1809; x_wconf 87' lang='grc' dir='ltr'><strong>με</strong></span> <span class='ocrx_word' id='word_1_239' title='bbox 876 1740 972 1793; x_wconf 78' lang='grc' dir='ltr'><strong>οὖν</strong></span> <span class='ocrx_word' id='word_1_240' title='bbox 1001 1741 1188 1804; x_wconf 71' lang='grc' dir='ltr'>αὐτοῖς</span> <span class='ocrx_word' id='word_1_241' title='bbox 1241 1743 1578 1813; x_wconf 84' lang='grc' dir='ltr'>ὑποχείριον,</span> <span class='ocrx_word' id='word_1_242' title='bbox 1627 1746 1716 1798; x_wconf 82' lang='grc' dir='ltr'><strong>ἵνα</strong></span> <span class='ocrx_word' id='word_1_243' title='bbox 1768 1745 1842 1816; x_wconf 85' lang='grc' dir='ltr'>μὴ</span> <span class='ocrx_word' id='word_1_244' title='bbox 1881 1749 1928 1798; x_wconf 84' lang='lat' dir='ltr'><strong>oi</strong></span> 
     </span>
    </p>
   </div>
   <div class='ocr_carea' id='block_1_37' title="bbox 345 1833 1931 1905">
    <p class='ocr_par' dir='ltr' id='par_1_37' title="bbox 345 1833 1931 1905">
     <span class='ocr_line' id='line_1_37' title="bbox 345 1833 1931 1905; baseline 0.003 -19"><span class='ocrx_word' id='word_1_245' title='bbox 345 1833 536 1904; x_wconf 73' lang='grc' dir='ltr'>ἐχθροί</span> <span class='ocrx_word' id='word_1_246' title='bbox 576 1850 679 1904; x_wconf 85' lang='grc' dir='ltr'><strong>μου</strong></span> <span class='ocrx_word' id='word_1_247' title='bbox 714 1834 1137 1895; x_wconf 76' lang='grc' dir='ltr'>ἀποστείλαντες</span> <span class='ocrx_word' id='word_1_248' title='bbox 1168 1834 1365 1896; x_wconf 77' lang='grc' dir='ltr'>αὐτοὺς</span> <span class='ocrx_word' id='word_1_249' title='bbox 1402 1837 1482 1897; x_wconf 85' lang='grc' dir='ltr'><strong>είς</strong></span> <span class='ocrx_word' id='word_1_250' title='bbox 1527 1837 1588 1887; x_wconf 84' lang='grc' dir='ltr'>τὸ</span> <span class='ocrx_word' id='word_1_251' title='bbox 1633 1837 1931 1905; x_wconf 75' lang='grc' dir='ltr'>συμϐαλεῖν</span> 
     </span>
    </p>
   </div>
   <div class='ocr_carea' id='block_1_38' title="bbox 349 1924 1318 1995">
    <p class='ocr_par' dir='ltr' id='par_1_38' title="bbox 349 1924 1318 1995">
     <span class='ocr_line' id='line_1_38' title="bbox 349 1924 1318 1995; baseline 0.002 -18"><span class='ocrx_word' id='word_1_252' title='bbox 349 1943 438 1992; x_wconf 85' lang='grc' dir='ltr'><strong>με,</strong></span> <span class='ocrx_word' id='word_1_253' title='bbox 464 1926 696 1995; x_wconf 75' lang='grc' dir='ltr'>χαριῦσιο</span> <span class='ocrx_word' id='word_1_254' title='bbox 735 1925 882 1992; x_wconf 74' lang='grc' dir='ltr'>λέγει</span> <span class='ocrx_word' id='word_1_255' title='bbox 914 1925 970 1976; x_wconf 77' lang='grc' dir='ltr'><strong>δὲ</strong></span> <span class='ocrx_word' id='word_1_256' title='bbox 996 1924 1086 1978; x_wconf 75' lang='grc' dir='ltr'><strong>τὸν</strong></span> <span class='ocrx_word' id='word_1_257' title='bbox 1120 1925 1318 1979; x_wconf 79' lang='grc' dir='ltr'>Σαούλ.</span> 
     </span>
    </p>
   </div>
   <div class='ocr_carea' id='block_1_39' title="bbox 421 2098 1938 2168">
    <p class='ocr_par' dir='ltr' id='par_1_39' title="bbox 421 2098 1938 2168">
     <span class='ocr_line' id='line_1_39' title="bbox 421 2098 1938 2168; baseline 0 -15"><span class='ocrx_word' id='word_1_258' title='bbox 421 2102 557 2154; x_wconf 78' lang='grc' dir='ltr'>’Ὅτι</span> <span class='ocrx_word' id='word_1_259' title='bbox 589 2099 1023 2164; x_wconf 78' lang='grc' dir='ltr'>ἑπανέστησάν</span> <span class='ocrx_word' id='word_1_260' title='bbox 1049 2116 1150 2167; x_wconf 81' lang='grc' dir='ltr'><strong>μοι</strong></span> <span class='ocrx_word' id='word_1_261' title='bbox 1191 2098 1492 2168; x_wconf 75' lang='grc' dir='ltr'>μάρτυρες</span> <span class='ocrx_word' id='word_1_262' title='bbox 1547 2100 1759 2154; x_wconf 76' lang='grc' dir='ltr'>ἄδικοι.</span> <span class='ocrx_word' id='word_1_263' title='bbox 1790 2103 1938 2154; x_wconf 84' lang='grc' dir='ltr'>Κατ-</span> 
     </span>
    </p>
   </div>
   <div class='ocr_carea' id='block_1_40' title="bbox 349 2189 1941 2262">
    <p class='ocr_par' dir='ltr' id='par_1_40' title="bbox 349 2189 1941 2262">
     <span class='ocr_line' id='line_1_40' title="bbox 349 2189 1941 2262; baseline 0 -18"><span class='ocrx_word' id='word_1_264' title='bbox 349 2191 664 2262; x_wconf 78' lang='grc' dir='ltr'>εμαρτύρει</span> <span class='ocrx_word' id='word_1_265' title='bbox 718 2194 827 2260; x_wconf 75' lang='grc' dir='ltr'>γὰρ</span> <span class='ocrx_word' id='word_1_266' title='bbox 876 2189 1044 2243; x_wconf 81' lang='grc' dir='ltr'>αὑτοῦ</span> <span class='ocrx_word' id='word_1_267' title='bbox 1095 2191 1322 2244; x_wconf 75' lang='grc' dir='ltr'>ὁΣαουλ</span> <span class='ocrx_word' id='word_1_268' title='bbox 1365 2191 1589 2256; x_wconf 74' lang='grc' dir='ltr'>ἀδίκως,</span> <span class='ocrx_word' id='word_1_269' title='bbox 1624 2191 1698 2253; x_wconf 77' lang='grc' dir='ltr'>ὡς</span> <span class='ocrx_word' id='word_1_270' title='bbox 1732 2194 1941 2245; x_wconf 72' lang='grc' dir='ltr'>ἀνελεῖν</span> 
     </span>
    </p>
   </div>
   <div class='ocr_carea' id='block_1_41' title="bbox 359 2283 910 2354">
    <p class='ocr_par' dir='ltr' id='par_1_41' title="bbox 359 2283 910 2354">
     <span class='ocr_line' id='line_1_41' title="bbox 359 2283 910 2354; baseline 0.002 -18"><span class='ocrx_word' id='word_1_271' title='bbox 359 2284 519 2336; x_wconf 76' lang='grc' dir='ltr'>αὑτὸν</span> <span class='ocrx_word' id='word_1_272' title='bbox 551 2283 910 2354; x_wconf 81' lang='grc' dir='ltr'>μελετῶντος.</span> 
     </span>
    </p>
   </div>
   <div class='ocr_carea' id='block_1_42' title="bbox 420 2459 1937 2533">
    <p class='ocr_par' dir='ltr' id='par_1_42' title="bbox 420 2459 1937 2533">
     <span class='ocr_line' id='line_1_42' title="bbox 420 2459 1937 2533; baseline 0.001 -19"><span class='ocrx_word' id='word_1_273' title='bbox 420 2459 535 2514; x_wconf 74' lang='grc' dir='ltr'><strong>Καὶ</strong></span> <span class='ocrx_word' id='word_1_274' title='bbox 571 2460 877 2528; x_wconf 76' lang='grc' dir='ltr'>ἐψεύσατο</span> <span class='ocrx_word' id='word_1_275' title='bbox 917 2460 956 2527; x_wconf 75' lang='grc' dir='ltr'>ἡ</span> <span class='ocrx_word' id='word_1_276' title='bbox 986 2460 1189 2512; x_wconf 77' lang='grc' dir='ltr'>ἀδικία</span> <span class='ocrx_word' id='word_1_277' title='bbox 1233 2459 1443 2527; x_wconf 75' lang='grc' dir='ltr'>ἑαυτῇ.</span> <span class='ocrx_word' id='word_1_278' title='bbox 1507 2462 1571 2513; x_wconf 82' lang='grc' dir='ltr'><strong>Ἦ</strong></span> <span class='ocrx_word' id='word_1_279' title='bbox 1614 2461 1670 2514; x_wconf 86' lang='grc' dir='ltr'>δὲ</span> <span class='ocrx_word' id='word_1_280' title='bbox 1711 2465 1937 2533; x_wconf 82' lang='grc' dir='ltr'>τοιαύτη</span> 
     </span>
    </p>
   </div>
   <div class='ocr_carea' id='block_1_43' title="bbox 349 2551 1935 2624">
    <p class='ocr_par' dir='ltr' id='par_1_43' title="bbox 349 2551 1935 2624">
     <span class='ocr_line' id='line_1_43' title="bbox 349 2551 1935 2624; baseline 0.001 -20"><span class='ocrx_word' id='word_1_281' title='bbox 349 2552 637 2623; x_wconf 70' lang='grc' dir='ltr'>μαρτυρία</span> <span class='ocrx_word' id='word_1_282' title='bbox 695 2551 965 2622; x_wconf 67' lang='grc' dir='ltr'>ἐψεύσατο</span> <span class='ocrx_word' id='word_1_283' title='bbox 1009 2552 1198 2620; x_wconf 80' lang='grc' dir='ltr'>ἑαυτῇ,</span> <span class='ocrx_word' id='word_1_284' title='bbox 1232 2552 1540 2617; x_wconf 84' lang='grc' dir='ltr'>τουτέστιν,</span> <span class='ocrx_word' id='word_1_285' title='bbox 1589 2552 1688 2621; x_wconf 82' lang='grc' dir='ltr'><strong>οὐχ</strong></span> <span class='ocrx_word' id='word_1_286' title='bbox 1735 2553 1935 2624; x_wconf 82' lang='grc' dir='ltr'>εὑρέθη</span> 
     </span>
    </p>
   </div>
   <div class='ocr_carea' id='block_1_44' title="bbox 355 2642 1939 2714">
    <p class='ocr_par' dir='ltr' id='par_1_44' title="bbox 355 2642 1939 2714">
     <span class='ocr_line' id='line_1_44' title="bbox 355 2642 1939 2714; baseline 0.001 -18"><span class='ocrx_word' id='word_1_287' title='bbox 355 2643 721 2714; x_wconf 81' lang='grc' dir='ltr'>ἀληθεύουσα.</span> <span class='ocrx_word' id='word_1_288' title='bbox 765 2643 934 2696; x_wconf 77' lang='grc' dir='ltr'>Οὐδὲν</span> <span class='ocrx_word' id='word_1_289' title='bbox 978 2642 1085 2710; x_wconf 81' lang='grc' dir='ltr'>γὰρ</span> <span class='ocrx_word' id='word_1_290' title='bbox 1132 2642 1296 2695; x_wconf 72' lang='grc' dir='ltr'>αὑτὸν</span> <span class='ocrx_word' id='word_1_291' title='bbox 1345 2643 1604 2713; x_wconf 77' lang='grc' dir='ltr'>ἠδίκησα,</span> <span class='ocrx_word' id='word_1_292' title='bbox 1639 2645 1687 2696; x_wconf 83' lang='grc' dir='ltr'>ει</span> <span class='ocrx_word' id='word_1_293' title='bbox 1719 2644 1792 2714; x_wconf 84' lang='grc' dir='ltr'>μὴ</span> <span class='ocrx_word' id='word_1_294' title='bbox 1843 2647 1939 2698; x_wconf 75' lang='grc' dir='ltr'><strong>καὶ</strong></span> 
     </span>
    </p>
   </div>
   <div class='ocr_carea' id='block_1_45' title="bbox 357 2732 1938 2806">
    <p class='ocr_par' dir='ltr' id='par_1_45' title="bbox 357 2732 1938 2806">
     <span class='ocr_line' id='line_1_45' title="bbox 357 2732 1938 2806; baseline -0.001 -17"><span class='ocrx_word' id='word_1_295' title='bbox 357 2737 558 2805; x_wconf 80' lang='grc' dir='ltr'>μᾶλλον</span> <span class='ocrx_word' id='word_1_296' title='bbox 581 2735 863 2806; x_wconf 71' lang='grc' dir='ltr'>ὼφέλησα.</span> <span class='ocrx_word' id='word_1_297' title='bbox 910 2732 974 2786; x_wconf 84' lang='grc' dir='ltr'><em>Ἢ</em></span> <span class='ocrx_word' id='word_1_298' title='bbox 1017 2734 1111 2786; x_wconf 78' lang='grc' dir='ltr'>καὶ</span> <span class='ocrx_word' id='word_1_299' title='bbox 1146 2734 1353 2796; x_wconf 58' lang='lat' dir='ltr'><strong>mm-</strong></span> <span class='ocrx_word' id='word_1_300' title='bbox 1389 2733 1542 2800; x_wconf 80' lang='grc' dir='ltr'>Αὕτη</span> <span class='ocrx_word' id='word_1_301' title='bbox 1586 2734 1938 2806; x_wconf 81' lang='grc' dir='ltr'>ὑποσχομένη</span> 
     </span>
    </p>
   </div>
   <div class='ocr_carea' id='block_1_46' title="bbox 357 2824 1938 2898">
    <p class='ocr_par' dir='ltr' id='par_1_46' title="bbox 357 2824 1938 2898">
     <span class='ocr_line' id='line_1_46' title="bbox 357 2824 1938 2898; baseline -0.001 -19"><span class='ocrx_word' id='word_1_302' title='bbox 357 2829 526 2898; x_wconf 79' lang='grc' dir='ltr'>ἑαυτῇ</span> <span class='ocrx_word' id='word_1_303' title='bbox 584 2827 874 2880; x_wconf 76' lang='grc' dir='ltr'>συλλαϐεῖν</span> <span class='ocrx_word' id='word_1_304' title='bbox 927 2841 1022 2892; x_wconf 89' lang='grc' dir='ltr'><strong>με,</strong></span> <span class='ocrx_word' id='word_1_305' title='bbox 1083 2826 1372 2894; x_wconf 53' lang='grc' dir='ltr'>ἐψεύσατο,</span> <span class='ocrx_word' id='word_1_306' title='bbox 1428 2826 1506 2896; x_wconf 79' lang='grc' dir='ltr'>μὴ</span> <span class='ocrx_word' id='word_1_307' title='bbox 1557 2824 1795 2896; x_wconf 81' lang='grc' dir='ltr'>τυχοῦσα</span> <span class='ocrx_word' id='word_1_308' title='bbox 1842 2825 1938 2880; x_wconf 80' lang='grc' dir='ltr'>τοῦ</span> 
     </span>
    </p>
   </div>
   <div class='ocr_carea' id='block_1_47' title="bbox 361 2937 591 2974">
    <p class='ocr_par' dir='ltr' id='par_1_47' title="bbox 361 2937 591 2974">
     <span class='ocr_line' id='line_1_47' title="bbox 361 2937 591 2974; baseline 0.009 -2"><span class='ocrx_word' id='word_1_309' title='bbox 361 2937 591 2974; x_wconf 83' lang='grc' dir='ltr'>σκοπου.</span> 
     </span>
    </p>
   </div>
   <div class='ocr_carea' id='block_1_48' title="bbox 434 3093 1942 3163">
    <p class='ocr_par' dir='ltr' id='par_1_48' title="bbox 434 3093 1942 3163">
     <span class='ocr_line' id='line_1_48' title="bbox 434 3093 1942 3163; baseline 0 -16"><span class='ocrx_word' id='word_1_310' title='bbox 434 3094 702 3148; x_wconf 81' lang='grc' dir='ltr'>Πιστεύω</span> <span class='ocrx_word' id='word_1_311' title='bbox 746 3094 846 3148; x_wconf 86' lang='grc' dir='ltr'><strong>τοῦ</strong></span> <span class='ocrx_word' id='word_1_312' title='bbox 877 3093 1026 3148; x_wconf 80' lang='grc' dir='ltr'>ίδεῖν</span> <span class='ocrx_word' id='word_1_313' title='bbox 1051 3093 1124 3148; x_wconf 83' lang='grc' dir='ltr'>τὰ</span> <span class='ocrx_word' id='word_1_314' title='bbox 1159 3093 1349 3163; x_wconf 62' lang='grc' dir='ltr'><strong>ἀγαθὰ</strong></span> <span class='ocrx_word' id='word_1_315' title='bbox 1397 3094 1642 3160; x_wconf 81' lang='grc' dir='ltr'>Κυρίου.</span> <span class='ocrx_word' id='word_1_316' title='bbox 1689 3095 1942 3148; x_wconf 85' lang='grc' dir='ltr'>Πιστεύω</span> 
     </span>
    </p>
   </div>
   <div class='ocr_carea' id='block_1_49' title="bbox 356 3183 1940 3258">
    <p class='ocr_par' dir='ltr' id='par_1_49' title="bbox 356 3183 1940 3258">
     <span class='ocr_line' id='line_1_49' title="bbox 356 3183 1940 3258; baseline -0.001 -19"><span class='ocrx_word' id='word_1_317' title='bbox 356 3185 436 3256; x_wconf 80' lang='grc' dir='ltr'>τῷ</span> <span class='ocrx_word' id='word_1_318' title='bbox 468 3187 905 3258; x_wconf 76' lang='grc' dir='ltr'>πληροφορούντί</span> <span class='ocrx_word' id='word_1_319' title='bbox 939 3203 1030 3254; x_wconf 87' lang='grc' dir='ltr'><strong>μοι</strong></span> <span class='ocrx_word' id='word_1_320' title='bbox 1069 3185 1214 3255; x_wconf 83' lang='grc' dir='ltr'>ἁγίῳ</span> <span class='ocrx_word' id='word_1_321' title='bbox 1257 3183 1560 3252; x_wconf 85' lang='grc' dir='ltr'>Πνεύματι,</span> <span class='ocrx_word' id='word_1_322' title='bbox 1589 3185 1671 3238; x_wconf 86' lang='grc' dir='ltr'><strong>ὅτι</strong></span> <span class='ocrx_word' id='word_1_323' title='bbox 1709 3187 1940 3253; x_wconf 76' lang='grc' dir='ltr'>νικήσω,</span> 
     </span>
    </p>
   </div>
   <div class='ocr_carea' id='block_1_50' title="bbox 355 3276 1942 3350">
    <p class='ocr_par' dir='ltr' id='par_1_50' title="bbox 355 3276 1942 3350">
     <span class='ocr_line' id='line_1_50' title="bbox 355 3276 1942 3350; baseline 0.001 -20"><span class='ocrx_word' id='word_1_324' title='bbox 355 3281 456 3332; x_wconf 76' lang='grc' dir='ltr'>καὶ</span> <span class='ocrx_word' id='word_1_325' title='bbox 494 3277 849 3348; x_wconf 68' lang='grc' dir='ltr'>ἀπολήψομαι</span> <span class='ocrx_word' id='word_1_326' title='bbox 878 3277 976 3350; x_wconf 78' lang='grc' dir='ltr'><strong>τὴν</strong></span> <span class='ocrx_word' id='word_1_327' title='bbox 1007 3276 1313 3348; x_wconf 81' lang='grc' dir='ltr'>βασιλείαν,</span> <span class='ocrx_word' id='word_1_328' title='bbox 1349 3277 1446 3330; x_wconf 70' lang='grc' dir='ltr'><strong>καὶ</strong></span> <span class='ocrx_word' id='word_1_329' title='bbox 1487 3277 1786 3331; x_wconf 81' lang='grc' dir='ltr'>ἀπολαύσω</span> <span class='ocrx_word' id='word_1_330' title='bbox 1833 3278 1942 3332; x_wconf 84' lang='grc' dir='ltr'>τῶν</span> 
     </span>
    </p>
   </div>
   <div class='ocr_carea' id='block_1_51' title="bbox 359 3371 813 3440">
    <p class='ocr_par' dir='ltr' id='par_1_51' title="bbox 359 3371 813 3440">
     <span class='ocr_line' id='line_1_51' title="bbox 359 3371 813 3440; baseline 0 -16"><span class='ocrx_word' id='word_1_331' title='bbox 359 3371 586 3440; x_wconf 71' lang='grc' dir='ltr'><strong>ἀγαθῶν</strong></span> <span class='ocrx_word' id='word_1_332' title='bbox 617 3371 813 3436; x_wconf 79' lang='grc' dir='ltr'>αὐτῆς.</span> 
     </span>
    </p>
   </div>
   <div class='ocr_carea' id='block_1_52' title="bbox 445 3458 1943 3532">
    <p class='ocr_par' dir='ltr' id='par_1_52' title="bbox 445 3458 1943 3532">
     <span class='ocr_line' id='line_1_52' title="bbox 445 3458 1943 3532; baseline -0.001 -18"><span class='ocrx_word' id='word_1_333' title='bbox 445 3462 546 3514; x_wconf 85' lang='grc' dir='ltr'>Ἐν</span> <span class='ocrx_word' id='word_1_334' title='bbox 568 3459 645 3528; x_wconf 77' lang='grc' dir='ltr'><strong>τῇ</strong></span> <span class='ocrx_word' id='word_1_335' title='bbox 677 3458 930 3520; x_wconf 80' lang='grc' dir='ltr'>ζώντων.</span> <span class='ocrx_word' id='word_1_336' title='bbox 973 3459 1062 3510; x_wconf 81' lang='grc' dir='ltr'>Ἐν</span> <span class='ocrx_word' id='word_1_337' title='bbox 1085 3459 1163 3528; x_wconf 83' lang='grc' dir='ltr'>τῷ</span> <span class='ocrx_word' id='word_1_338' title='bbox 1195 3461 1404 3531; x_wconf 75' lang='grc' dir='ltr'>κόσμῳο</span> <span class='ocrx_word' id='word_1_339' title='bbox 1442 3461 1512 3532; x_wconf 85' lang='grc' dir='ltr'><strong>γῆ</strong></span> <span class='ocrx_word' id='word_1_340' title='bbox 1541 3461 1642 3531; x_wconf 80' lang='grc' dir='ltr'>μὲν</span> <span class='ocrx_word' id='word_1_341' title='bbox 1670 3461 1780 3531; x_wconf 78' lang='grc' dir='ltr'><strong>γὰρ</strong></span> <span class='ocrx_word' id='word_1_342' title='bbox 1807 3460 1943 3525; x_wconf 67' lang='lat' dir='ltr'><strong>(obv-</strong></span> 
     </span>
    </p>
   </div>
   <div class='ocr_carea' id='block_1_53' title="bbox 362 3545 1942 3623">
    <p class='ocr_par' dir='ltr' id='par_1_53' title="bbox 362 3545 1942 3623">
     <span class='ocr_line' id='line_1_53' title="bbox 362 3545 1942 3623; baseline 0 -19"><span class='ocrx_word' id='word_1_343' title='bbox 362 3571 492 3618; x_wconf 84' lang='grc' dir='ltr'>των,</span> <span class='ocrx_word' id='word_1_344' title='bbox 521 3545 676 3615; x_wconf 71' lang='grc' dir='ltr'>οὗτος</span> <span class='ocrx_word' id='word_1_345' title='bbox 704 3569 716 3580; x_wconf 82' lang='lat'><strong>&#39;</strong></span> <span class='ocrx_word' id='word_1_346' title='bbox 751 3553 825 3621; x_wconf 80' lang='grc' dir='ltr'><strong>γῆ</strong></span> <span class='ocrx_word' id='word_1_347' title='bbox 862 3551 919 3604; x_wconf 83' lang='grc' dir='ltr'>δὲ</span> <span class='ocrx_word' id='word_1_348' title='bbox 953 3549 1288 3614; x_wconf 84' lang='grc' dir='ltr'>τεθνεώτων,</span> <span class='ocrx_word' id='word_1_349' title='bbox 1326 3555 1353 3604; x_wconf 79' lang='grc' dir='ltr'><em>ὁ</em></span> <span class='ocrx_word' id='word_1_350' title='bbox 1386 3553 1540 3623; x_wconf 68' lang='grc' dir='ltr'>ᾅδης.</span> <span class='ocrx_word' id='word_1_351' title='bbox 1584 3553 1742 3607; x_wconf 86' lang='grc' dir='ltr'>Ἐστι</span> <span class='ocrx_word' id='word_1_352' title='bbox 1765 3553 1820 3606; x_wconf 77' lang='grc' dir='ltr'>δὲ</span> <span class='ocrx_word' id='word_1_353' title='bbox 1845 3554 1942 3604; x_wconf 70' lang='grc' dir='ltr'><strong>καὶ</strong></span> 
     </span>
    </p>
   </div>
   <div class='ocr_carea' id='block_1_54' title="bbox 364 3644 1942 3716">
    <p class='ocr_par' dir='ltr' id='par_1_54' title="bbox 364 3644 1942 3716">
     <span class='ocr_line' id='line_1_54' title="bbox 364 3644 1942 3716; baseline 0.001 -18"><span class='ocrx_word' id='word_1_354' title='bbox 364 3646 537 3707; x_wconf 56' lang='grc' dir='ltr'>ἑάλως</span> <span class='ocrx_word' id='word_1_355' title='bbox 567 3646 764 3708; x_wconf 79' lang='grc' dir='ltr'>εἰπεῖν,</span> <span class='ocrx_word' id='word_1_356' title='bbox 795 3645 877 3696; x_wconf 84' lang='grc' dir='ltr'><strong>ὅτι</strong></span> <span class='ocrx_word' id='word_1_357' title='bbox 915 3644 1044 3713; x_wconf 75' lang='grc' dir='ltr'>περὶ</span> <span class='ocrx_word' id='word_1_358' title='bbox 1089 3644 1192 3715; x_wconf 82' lang='grc' dir='ltr'><strong>τῆς</strong></span> <span class='ocrx_word' id='word_1_359' title='bbox 1234 3646 1590 3709; x_wconf 84' lang='grc' dir='ltr'>ἀναστάσεως</span> <span class='ocrx_word' id='word_1_360' title='bbox 1623 3647 1942 3716; x_wconf 80' lang='grc' dir='ltr'>δογματίζει</span> 
     </span>
    </p>
   </div>
   <div class='ocr_carea' id='block_1_55' title="bbox 364 3735 1944 3806">
    <p class='ocr_par' dir='ltr' id='par_1_55' title="bbox 364 3735 1944 3806">
     <span class='ocr_line' id='line_1_55' title="bbox 364 3735 1944 3806; baseline -0.001 -19"><span class='ocrx_word' id='word_1_361' title='bbox 364 3737 473 3789; x_wconf 83' lang='grc' dir='ltr'>τῶν</span> <span class='ocrx_word' id='word_1_362' title='bbox 498 3737 707 3804; x_wconf 81' lang='grc' dir='ltr'>νεκρῶν</span> <span class='ocrx_word' id='word_1_363' title='bbox 731 3750 746 3765; x_wconf 86' lang='grc'>⁶</span> <span class='ocrx_word' id='word_1_364' title='bbox 787 3737 892 3804; x_wconf 83' lang='grc' dir='ltr'><strong>γῆν</strong></span> <span class='ocrx_word' id='word_1_365' title='bbox 921 3735 1020 3805; x_wconf 81' lang='grc' dir='ltr'>μὲν</span> <span class='ocrx_word' id='word_1_366' title='bbox 1046 3736 1156 3806; x_wconf 77' lang='grc' dir='ltr'><strong>γὰρ</strong></span> <span class='ocrx_word' id='word_1_367' title='bbox 1186 3736 1408 3798; x_wconf 78' lang='grc' dir='ltr'>ζώντων</span> <span class='ocrx_word' id='word_1_368' title='bbox 1447 3737 1623 3804; x_wconf 84' lang='grc' dir='ltr'>λέγων</span> <span class='ocrx_word' id='word_1_369' title='bbox 1665 3738 1944 3806; x_wconf 70' lang='grc' dir='ltr'>βασιλείαν</span> 
     </span>
    </p>
   </div>
   <div class='ocr_carea' id='block_1_56' title="bbox 363 3828 1947 3900">
    <p class='ocr_par' dir='ltr' id='par_1_56' title="bbox 363 3828 1947 3900">
     <span class='ocr_line' id='line_1_56' title="bbox 363 3828 1947 3900; baseline -0.002 -20"><span class='ocrx_word' id='word_1_370' title='bbox 363 3829 473 3881; x_wconf 84' lang='grc' dir='ltr'>τῶν</span> <span class='ocrx_word' id='word_1_371' title='bbox 500 3829 746 3900; x_wconf 78' lang='grc' dir='ltr'>οὐρανῶν</span> <span class='ocrx_word' id='word_1_372' title='bbox 770 3845 785 3862; x_wconf 77' lang='grc' dir='ltr'><strong><em>ο</em></strong></span> <span class='ocrx_word' id='word_1_373' title='bbox 818 3829 1002 3896; x_wconf 75' lang='grc' dir='ltr'><strong>ἀγαθὰ</strong></span> <span class='ocrx_word' id='word_1_374' title='bbox 1031 3830 1116 3893; x_wconf 75' lang='grc' dir='ltr'><strong>δὲ,</strong></span> <span class='ocrx_word' id='word_1_375' title='bbox 1151 3828 1188 3882; x_wconf 77' lang='grc' dir='ltr'>ἃ</span> <span class='ocrx_word' id='word_1_376' title='bbox 1233 3829 1535 3898; x_wconf 81' lang='grc' dir='ltr'>ἡτοίμασεν</span> <span class='ocrx_word' id='word_1_377' title='bbox 1581 3831 1610 3882; x_wconf 83' lang='grc' dir='ltr'>ὁ</span> <span class='ocrx_word' id='word_1_378' title='bbox 1656 3831 1788 3891; x_wconf 80' lang='grc' dir='ltr'>Θεὸς</span> <span class='ocrx_word' id='word_1_379' title='bbox 1837 3831 1947 3889; x_wconf 81' lang='grc' dir='ltr'>τοῖς</span> 
     </span>
    </p>
   </div>
   <div class='ocr_carea' id='block_1_57' title="bbox 364 3921 875 3988">
    <p class='ocr_par' dir='ltr' id='par_1_57' title="bbox 364 3921 875 3988">
     <span class='ocr_line' id='line_1_57' title="bbox 364 3921 875 3988; baseline -0.004 -12"><span class='ocrx_word' id='word_1_380' title='bbox 364 3921 659 3988; x_wconf 79' lang='grc' dir='ltr'>ἀγαπῶσιν</span> <span class='ocrx_word' id='word_1_381' title='bbox 691 3921 875 3974; x_wconf 83' lang='grc' dir='ltr'>αὐτόν.</span> 
     </span>
    </p>
   </div>
   <div class='ocr_carea' id='block_1_58' title="bbox 448 4007 1952 4080">
    <p class='ocr_par' dir='ltr' id='par_1_58' title="bbox 448 4007 1952 4080">
     <span class='ocr_line' id='line_1_58' title="bbox 448 4007 1952 4080; baseline 0.003 -16"><span class='ocrx_word' id='word_1_382' title='bbox 448 4012 791 4080; x_wconf 78' lang='grc' dir='ltr'>’Υπόμεινον</span> <span class='ocrx_word' id='word_1_383' title='bbox 814 4011 922 4066; x_wconf 86' lang='grc' dir='ltr'>τὸν</span> <span class='ocrx_word' id='word_1_384' title='bbox 951 4011 1194 4078; x_wconf 78' lang='grc' dir='ltr'>Κύριον.</span> <span class='ocrx_word' id='word_1_385' title='bbox 1257 4008 1426 4061; x_wconf 80' lang='grc' dir='ltr'>Τοῦτο</span> <span class='ocrx_word' id='word_1_386' title='bbox 1473 4008 1566 4060; x_wconf 79' lang='grc' dir='ltr'>καὶ</span> <span class='ocrx_word' id='word_1_387' title='bbox 1599 4007 1659 4061; x_wconf 77' lang='grc' dir='ltr'><strong>τὸ</strong></span> <span class='ocrx_word' id='word_1_388' title='bbox 1695 4008 1820 4076; x_wconf 74' lang='grc' dir='ltr'><strong>ὲεῆς</strong></span> <span class='ocrx_word' id='word_1_389' title='bbox 1851 4009 1952 4076; x_wconf 80' lang='grc' dir='ltr'>ρη-</span> 
     </span>
    </p>
   </div>
   <div class='ocr_carea' id='block_1_59' title="bbox 363 4089 1953 4175">
    <p class='ocr_par' dir='ltr' id='par_1_59' title="bbox 363 4089 1953 4175">
     <span class='ocr_line' id='line_1_59' title="bbox 363 4089 1953 4175; baseline -0.006 -16"><span class='ocrx_word' id='word_1_390' title='bbox 363 4106 458 4159; x_wconf 79' lang='grc' dir='ltr'><strong>τδν</strong></span> <span class='ocrx_word' id='word_1_391' title='bbox 530 4106 667 4175; x_wconf 76' lang='grc' dir='ltr'>πρὸς</span> <span class='ocrx_word' id='word_1_392' title='bbox 714 4105 906 4158; x_wconf 72' lang='grc' dir='ltr'>ἑαυτὸν</span> <span class='ocrx_word' id='word_1_393' title='bbox 963 4089 1350 4167; x_wconf 55' lang='grc' dir='ltr'>ἀποτείνεταιί,</span> <span class='ocrx_word' id='word_1_394' title='bbox 1401 4099 1723 4170; x_wconf 73' lang='grc' dir='ltr'>κατεπᾴδων</span> <span class='ocrx_word' id='word_1_395' title='bbox 1777 4097 1953 4168; x_wconf 77' lang='grc' dir='ltr'>ἐαυτῷ</span> 
     </span>
    </p>
   </div>
   <div class='ocr_carea' id='block_1_60' title="bbox 365 4192 1947 4266">
    <p class='ocr_par' dir='ltr' id='par_1_60' title="bbox 365 4192 1947 4266">
     <span class='ocr_line' id='line_1_60' title="bbox 365 4192 1947 4266; baseline -0.004 -17"><span class='ocrx_word' id='word_1_396' title='bbox 365 4196 730 4266; x_wconf 70' lang='grc' dir='ltr'>λυπουμένῳ,</span> <span class='ocrx_word' id='word_1_397' title='bbox 773 4197 869 4248; x_wconf 63' lang='grc' dir='ltr'><strong>καὶ</strong></span> <span class='ocrx_word' id='word_1_398' title='bbox 945 4196 1018 4264; x_wconf 81' lang='grc' dir='ltr'>μὴ</span> <span class='ocrx_word' id='word_1_399' title='bbox 1073 4193 1444 4246; x_wconf 83' lang='grc' dir='ltr'>καταπίπτειν</span> <span class='ocrx_word' id='word_1_400' title='bbox 1496 4192 1947 4259; x_wconf 76' lang='grc' dir='ltr'>ἐγκελευόμενος,</span> 
     </span>
    </p>
   </div>
   <div class='ocr_carea' id='block_1_61' title="bbox 2029 1731 3607 1806">
    <p class='ocr_par' dir='ltr' id='par_1_61' title="bbox 2029 1731 3607 1806">
     <span class='ocr_line' id='line_1_61' title="bbox 2029 1731 3607 1806; baseline 0.003 -21"><span class='ocrx_word' id='word_1_401' title='bbox 2029 1731 2106 1785; x_wconf 46' lang='lat' dir='ltr'><strong>Ni.-</strong></span> <span class='ocrx_word' id='word_1_402' title='bbox 2141 1732 2328 1786; x_wconf 84' lang='lat' dir='ltr'><strong>tradas</strong></span> <span class='ocrx_word' id='word_1_403' title='bbox 2358 1733 2526 1801; x_wconf 80' lang='lat' dir='ltr'><strong>igitur</strong></span> <span class='ocrx_word' id='word_1_404' title='bbox 2561 1748 2645 1786; x_wconf 88' lang='lat' dir='ltr'><strong>me</strong></span> <span class='ocrx_word' id='word_1_405' title='bbox 2672 1734 2784 1788; x_wconf 91' lang='lat' dir='ltr'><strong>illis</strong></span> <span class='ocrx_word' id='word_1_406' title='bbox 2819 1734 2875 1787; x_wconf 88' lang='lat' dir='ltr'><strong>itt</strong></span> <span class='ocrx_word' id='word_1_407' title='bbox 2913 1744 3254 1803; x_wconf 85' lang='lat' dir='ltr'><strong>potestatem,</strong></span> <span class='ocrx_word' id='word_1_408' title='bbox 3295 1751 3363 1789; x_wconf 85' lang='lat' dir='ltr'><strong>ne</strong></span> <span class='ocrx_word' id='word_1_409' title='bbox 3410 1739 3607 1806; x_wconf 58' lang='lat' dir='ltr'><strong>pueri</strong></span> 
     </span>
    </p>
   </div>
   <div class='ocr_carea' id='block_1_62' title="bbox 2033 1825 3611 1896">
    <p class='ocr_par' dir='ltr' id='par_1_62' title="bbox 2033 1825 3611 1896">
     <span class='ocr_line' id='line_1_62' title="bbox 2033 1825 3611 1896; baseline 0.004 -19"><span class='ocrx_word' id='word_1_410' title='bbox 2033 1841 2124 1893; x_wconf 86' lang='lat' dir='ltr'><strong>put</strong></span> <span class='ocrx_word' id='word_1_411' title='bbox 2154 1825 2342 1880; x_wconf 85' lang='lat' dir='ltr'><strong>hostes</strong></span> <span class='ocrx_word' id='word_1_412' title='bbox 2371 1825 2472 1879; x_wconf 91' lang='lat' dir='ltr'><strong>tuei</strong></span> <span class='ocrx_word' id='word_1_413' title='bbox 2499 1825 2594 1894; x_wconf 88' lang='lat' dir='ltr'><strong>qui</strong></span> <span class='ocrx_word' id='word_1_414' title='bbox 2628 1826 2752 1879; x_wconf 81' lang='lat' dir='ltr'><strong>illos</strong></span> <span class='ocrx_word' id='word_1_415' title='bbox 2795 1828 3062 1880; x_wconf 87' lang='lat' dir='ltr'><strong>miserunt</strong></span> <span class='ocrx_word' id='word_1_416' title='bbox 3111 1836 3172 1880; x_wconf 92' lang='lat' dir='ltr'><strong>ut</strong></span> <span class='ocrx_word' id='word_1_417' title='bbox 3223 1843 3307 1882; x_wconf 87' lang='lat' dir='ltr'><strong>me</strong></span> <span class='ocrx_word' id='word_1_418' title='bbox 3358 1843 3611 1896; x_wconf 81' lang='lat' dir='ltr'><strong>compre-</strong></span> 
     </span>
    </p>
   </div>
   <div class='ocr_carea' id='block_1_63' title="bbox 2035 1915 3614 1984">
    <p class='ocr_par' dir='ltr' id='par_1_63' title="bbox 2035 1915 3614 1984">
     <span class='ocr_line' id='line_1_63' title="bbox 2035 1915 3614 1984; baseline 0.004 -15"><span class='ocrx_word' id='word_1_419' title='bbox 2035 1915 2360 1977; x_wconf 83' lang='lat' dir='ltr'><strong>henderent.</strong></span> <span class='ocrx_word' id='word_1_420' title='bbox 2392 1916 2591 1984; x_wconf 81' lang='lat' dir='ltr'><strong>gaudio</strong></span> <span class='ocrx_word' id='word_1_421' title='bbox 2625 1933 2688 1968; x_wconf 82' lang='lat' dir='ltr'><strong>ac</strong></span> <span class='ocrx_word' id='word_1_422' title='bbox 2722 1918 2902 1970; x_wconf 70' lang='lat' dir='ltr'><strong>laetitia</strong></span> <span class='ocrx_word' id='word_1_423' title='bbox 2938 1918 3063 1971; x_wconf 88' lang='lat' dir='ltr'><strong>inde</strong></span> <span class='ocrx_word' id='word_1_424' title='bbox 3093 1919 3422 1973; x_wconf 68' lang='lat' dir='ltr'><strong>adiciantur.</strong></span> <span class='ocrx_word' id='word_1_425' title='bbox 3450 1921 3614 1975; x_wconf 73' lang='lat' dir='ltr'><strong>Intel-</strong></span> 
     </span>
    </p>
   </div>
   <div class='ocr_carea' id='block_1_64' title="bbox 2037 2006 2856 2076">
    <p class='ocr_par' dir='ltr' id='par_1_64' title="bbox 2037 2006 2856 2076">
     <span class='ocr_line' id='line_1_64' title="bbox 2037 2006 2856 2076; baseline 0.001 -18"><span class='ocrx_word' id='word_1_426' title='bbox 2037 2006 2157 2076; x_wconf 87' lang='lat' dir='ltr'><strong>ligit</strong></span> <span class='ocrx_word' id='word_1_427' title='bbox 2187 2015 2367 2059; x_wconf 87' lang='lat' dir='ltr'><strong>autem</strong></span> <span class='ocrx_word' id='word_1_428' title='bbox 2395 2006 2576 2073; x_wconf 84' lang='lat' dir='ltr'><strong>ipsum</strong></span> <span class='ocrx_word' id='word_1_429' title='bbox 2611 2006 2856 2059; x_wconf 80' lang='lat' dir='ltr'><strong>Saulem.</strong></span> 
     </span>
    </p>
   </div>
   <div class='ocr_carea' id='block_1_65' title="bbox 2113 2098 3622 2170">
    <p class='ocr_par' dir='ltr' id='par_1_65' title="bbox 2113 2098 3622 2170">
     <span class='ocr_line' id='line_1_65' title="bbox 2113 2098 3622 2170; baseline 0.003 -20"><span class='ocrx_word' id='word_1_430' title='bbox 2113 2098 2378 2164; x_wconf 84' lang='lat' dir='ltr'><strong>Quoniam</strong></span> <span class='ocrx_word' id='word_1_431' title='bbox 2412 2099 2812 2150; x_wconf 69' lang='lat' dir='ltr'><strong>insurrexerunt</strong></span> <span class='ocrx_word' id='word_1_432' title='bbox 2857 2098 2908 2149; x_wconf 86' lang='lat' dir='ltr'><strong>in</strong></span> <span class='ocrx_word' id='word_1_433' title='bbox 2942 2113 3023 2151; x_wconf 88' lang='lat' dir='ltr'><strong>me</strong></span> <span class='ocrx_word' id='word_1_434' title='bbox 3069 2108 3220 2152; x_wconf 76' lang='lat' dir='ltr'><strong>testes</strong></span> <span class='ocrx_word' id='word_1_435' title='bbox 3267 2100 3453 2169; x_wconf 82' lang='lat' dir='ltr'><strong>iniqui.</strong></span> <span class='ocrx_word' id='word_1_436' title='bbox 3504 2101 3622 2170; x_wconf 81' lang='lat' dir='ltr'><strong>Ipse</strong></span> 
     </span>
    </p>
   </div>
   <div class='ocr_carea' id='block_1_66' title="bbox 2041 2189 3622 2258">
    <p class='ocr_par' dir='ltr' id='par_1_66' title="bbox 2041 2189 3622 2258">
     <span class='ocr_line' id='line_1_66' title="bbox 2041 2189 3622 2258; baseline -0.001 -13"><span class='ocrx_word' id='word_1_437' title='bbox 2041 2190 2243 2245; x_wconf 83' lang='lat' dir='ltr'><strong>etenim</strong></span> <span class='ocrx_word' id='word_1_438' title='bbox 2279 2189 2406 2243; x_wconf 85' lang='lat' dir='ltr'><strong>Saul</strong></span> <span class='ocrx_word' id='word_1_439' title='bbox 2447 2197 2627 2241; x_wconf 82' lang='lat' dir='ltr'><strong>notam</strong></span> <span class='ocrx_word' id='word_1_440' title='bbox 2671 2189 2975 2257; x_wconf 82' lang='lat' dir='ltr'><strong>impingere</strong></span> <span class='ocrx_word' id='word_1_441' title='bbox 3008 2191 3237 2258; x_wconf 87' lang='lat' dir='ltr'><strong>cupiens</strong></span> <span class='ocrx_word' id='word_1_442' title='bbox 3266 2191 3425 2246; x_wconf 62' lang='lat' dir='ltr'><strong>beato</strong></span> <span class='ocrx_word' id='word_1_443' title='bbox 3456 2191 3622 2246; x_wconf 81' lang='lat' dir='ltr'><strong>David</strong></span> 
     </span>
    </p>
   </div>
   <div class='ocr_carea' id='block_1_67' title="bbox 2043 2281 3623 2350">
    <p class='ocr_par' dir='ltr' id='par_1_67' title="bbox 2043 2281 3623 2350">
     <span class='ocr_line' id='line_1_67' title="bbox 2043 2281 3623 2350; baseline 0.001 -15"><span class='ocrx_word' id='word_1_444' title='bbox 2043 2281 2248 2350; x_wconf 87' lang='lat' dir='ltr'><strong>injuste</strong></span> <span class='ocrx_word' id='word_1_445' title='bbox 2271 2323 2286 2347; x_wconf 91' lang='lat'><strong>,</strong></span> <span class='ocrx_word' id='word_1_446' title='bbox 2331 2281 2461 2334; x_wconf 89' lang='lat' dir='ltr'><strong>illud</strong></span> <span class='ocrx_word' id='word_1_447' title='bbox 2495 2281 2786 2334; x_wconf 66' lang='lat' dir='ltr'><strong>athfl&#39;b&#39;Illn</strong></span> <span class='ocrx_word' id='word_1_448' title='bbox 2823 2295 2944 2334; x_wconf 88' lang='lat' dir='ltr'><strong>eum</strong></span> <span class='ocrx_word' id='word_1_449' title='bbox 2976 2281 3342 2336; x_wconf 85' lang='lat' dir='ltr'><strong>attestabatur</strong></span> <span class='ocrx_word' id='word_1_450' title='bbox 3365 2321 3380 2346; x_wconf 93' lang='lat'><strong>,</strong></span> <span class='ocrx_word' id='word_1_451' title='bbox 3412 2283 3623 2347; x_wconf 86' lang='lat' dir='ltr'><strong>dicens,</strong></span> 
     </span>
    </p>
   </div>
   <div class='ocr_carea' id='block_1_68' title="bbox 2041 2371 3621 2440">
    <p class='ocr_par' dir='ltr' id='par_1_68' title="bbox 2041 2371 3621 2440">
     <span class='ocr_line' id='line_1_68' title="bbox 2041 2371 3621 2440; baseline 0.001 -13"><span class='ocrx_word' id='word_1_452' title='bbox 2041 2373 2182 2427; x_wconf 88' lang='lat' dir='ltr'><strong>scire</strong></span> <span class='ocrx_word' id='word_1_453' title='bbox 2216 2387 2275 2426; x_wconf 90' lang='lat' dir='ltr'><strong>se</strong></span> <span class='ocrx_word' id='word_1_454' title='bbox 2307 2373 2450 2440; x_wconf 89' lang='lat' dir='ltr'><strong>quod</strong></span> <span class='ocrx_word' id='word_1_455' title='bbox 2509 2373 2825 2425; x_wconf 77' lang='lat' dir='ltr'><strong>decreverat</strong></span> <span class='ocrx_word' id='word_1_456' title='bbox 2869 2371 3036 2424; x_wconf 76' lang='lat' dir='ltr'><strong>David</strong></span> <span class='ocrx_word' id='word_1_457' title='bbox 3080 2373 3254 2440; x_wconf 89' lang='lat' dir='ltr'><strong>ipsum</strong></span> <span class='ocrx_word' id='word_1_458' title='bbox 3298 2376 3621 2429; x_wconf 74' lang='lat' dir='ltr'><strong>intet&#39;iircre.</strong></span> 
     </span>
    </p>
   </div>
   <div class='ocr_carea' id='block_1_69' title="bbox 2111 2458 3625 2531">
    <p class='ocr_par' dir='ltr' id='par_1_69' title="bbox 2111 2458 3625 2531">
     <span class='ocr_line' id='line_1_69' title="bbox 2111 2458 3625 2531; baseline 0.004 -20"><span class='ocrx_word' id='word_1_459' title='bbox 2111 2458 2182 2511; x_wconf 82' lang='lat' dir='ltr'><strong>Et</strong></span> <span class='ocrx_word' id='word_1_460' title='bbox 2215 2461 2434 2512; x_wconf 81' lang='lat' dir='ltr'><strong>mentita</strong></span> <span class='ocrx_word' id='word_1_461' title='bbox 2463 2469 2541 2513; x_wconf 58' lang='lat' dir='ltr'><strong>est</strong></span> <span class='ocrx_word' id='word_1_462' title='bbox 2573 2461 2827 2527; x_wconf 85' lang='lat' dir='ltr'><strong>iniquitas</strong></span> <span class='ocrx_word' id='word_1_463' title='bbox 2856 2460 2974 2514; x_wconf 87' lang='lat' dir='ltr'><strong>sibi.</strong></span> <span class='ocrx_word' id='word_1_464' title='bbox 3009 2460 3151 2529; x_wconf 87' lang='lat' dir='ltr'><strong>Ipsa,</strong></span> <span class='ocrx_word' id='word_1_465' title='bbox 3181 2463 3361 2531; x_wconf 90' lang='lat' dir='ltr'><strong>inquit</strong></span> <span class='ocrx_word' id='word_1_466' title='bbox 3388 2503 3403 2528; x_wconf 89' lang='lat'><strong>,</strong></span> <span class='ocrx_word' id='word_1_467' title='bbox 3438 2464 3625 2517; x_wconf 89' lang='lat' dir='ltr'><strong>inimi-</strong></span> 
     </span>
    </p>
   </div>
   <div class='ocr_carea' id='block_1_70' title="bbox 2037 2552 3624 2620">
    <p class='ocr_par' dir='ltr' id='par_1_70' title="bbox 2037 2552 3624 2620">
     <span class='ocr_line' id='line_1_70' title="bbox 2037 2552 3624 2620; baseline 0.003 -15"><span class='ocrx_word' id='word_1_468' title='bbox 2037 2566 2226 2605; x_wconf 86' lang='lat' dir='ltr'><strong>corum</strong></span> <span class='ocrx_word' id='word_1_469' title='bbox 2255 2552 2536 2605; x_wconf 80' lang='lat' dir='ltr'><strong>attestatio</strong></span> <span class='ocrx_word' id='word_1_470' title='bbox 2567 2553 2668 2604; x_wconf 85' lang='lat' dir='ltr'><strong>sibi</strong></span> <span class='ocrx_word' id='word_1_471' title='bbox 2699 2552 2800 2620; x_wconf 78' lang='lat' dir='ltr'><strong>ipsi</strong></span> <span class='ocrx_word' id='word_1_472' title='bbox 2834 2552 3059 2605; x_wconf 81' lang='lat' dir='ltr'><strong>mentita</strong></span> <span class='ocrx_word' id='word_1_473' title='bbox 3090 2561 3214 2616; x_wconf 87' lang='lat' dir='ltr'><strong>est,</strong></span> <span class='ocrx_word' id='word_1_474' title='bbox 3257 2556 3359 2609; x_wconf 88' lang='lat' dir='ltr'><strong>hec</strong></span> <span class='ocrx_word' id='word_1_475' title='bbox 3397 2565 3515 2617; x_wconf 85' lang='lat' dir='ltr'><strong>est,</strong></span> <span class='ocrx_word' id='word_1_476' title='bbox 3543 2559 3624 2610; x_wconf 92' lang='lat' dir='ltr'><strong>in-</strong></span> 
     </span>
    </p>
   </div>
   <div class='ocr_carea' id='block_1_71' title="bbox 2050 2641 3626 2701">
    <p class='ocr_par' dir='ltr' id='par_1_71' title="bbox 2050 2641 3626 2701">
     <span class='ocr_line' id='line_1_71' title="bbox 2050 2641 3626 2701; baseline 0.003 -5"><span class='ocrx_word' id='word_1_477' title='bbox 2050 2653 2212 2698; x_wconf 71' lang='lat' dir='ltr'><strong>venta</strong></span> <span class='ocrx_word' id='word_1_478' title='bbox 2247 2650 2332 2696; x_wconf 85' lang='lat' dir='ltr'><strong>est</strong></span> <span class='ocrx_word' id='word_1_479' title='bbox 2354 2657 2481 2696; x_wconf 80' lang='lat' dir='ltr'><strong>vera</strong></span> <span class='ocrx_word' id='word_1_480' title='bbox 2517 2659 2624 2696; x_wconf 90' lang='lat' dir='ltr'><strong>nou</strong></span> <span class='ocrx_word' id='word_1_481' title='bbox 2656 2658 2797 2697; x_wconf 87' lang='lat' dir='ltr'><strong>esse.</strong></span> <span class='ocrx_word' id='word_1_482' title='bbox 2833 2641 2978 2696; x_wconf 77' lang='lat' dir='ltr'><strong>Nihil</strong></span> <span class='ocrx_word' id='word_1_483' title='bbox 3009 2645 3156 2698; x_wconf 89' lang='lat' dir='ltr'><strong>enim</strong></span> <span class='ocrx_word' id='word_1_484' title='bbox 3191 2645 3343 2699; x_wconf 90' lang='lat' dir='ltr'><strong>illum</strong></span> <span class='ocrx_word' id='word_1_485' title='bbox 3388 2647 3496 2701; x_wconf 64' lang='lat' dir='ltr'><strong>laesi</strong></span> <span class='ocrx_word' id='word_1_486' title='bbox 3533 2660 3626 2700; x_wconf 90' lang='lat' dir='ltr'><strong>aut</strong></span> 
     </span>
    </p>
   </div>
   <div class='ocr_carea' id='block_1_72' title="bbox 2042 2735 3622 2807">
    <p class='ocr_par' dir='ltr' id='par_1_72' title="bbox 2042 2735 3622 2807">
     <span class='ocr_line' id='line_1_72' title="bbox 2042 2735 3622 2807; baseline 0.004 -17"><span class='ocrx_word' id='word_1_487' title='bbox 2042 2737 2242 2806; x_wconf 86' lang='lat' dir='ltr'><strong>injuria</strong></span> <span class='ocrx_word' id='word_1_488' title='bbox 2279 2735 2456 2801; x_wconf 76' lang='lat' dir='ltr'><strong>aﬂeei,</strong></span> <span class='ocrx_word' id='word_1_489' title='bbox 2489 2738 2620 2806; x_wconf 91' lang='lat' dir='ltr'><strong>quin</strong></span> <span class='ocrx_word' id='word_1_490' title='bbox 2661 2739 2773 2791; x_wconf 92' lang='lat' dir='ltr'><strong>imo</strong></span> <span class='ocrx_word' id='word_1_491' title='bbox 2810 2739 2993 2807; x_wconf 86' lang='lat' dir='ltr'><strong>potius</strong></span> <span class='ocrx_word' id='word_1_492' title='bbox 3018 2739 3224 2806; x_wconf 77' lang='lat' dir='ltr'><strong>adjuvi.</strong></span> <span class='ocrx_word' id='word_1_493' title='bbox 3281 2741 3372 2794; x_wconf 77' lang='lat' dir='ltr'><strong>Vel</strong></span> <span class='ocrx_word' id='word_1_494' title='bbox 3411 2743 3567 2795; x_wconf 79' lang='lat' dir='ltr'><strong>aliter</strong></span> <span class='ocrx_word' id='word_1_495' title='bbox 3609 2762 3622 2797; x_wconf 94' lang='lat'><strong>:</strong></span> 
     </span>
    </p>
   </div>
   <div class='ocr_carea' id='block_1_73' title="bbox 2043 2827 3625 2902">
    <p class='ocr_par' dir='ltr' id='par_1_73' title="bbox 2043 2827 3625 2902">
     <span class='ocr_line' id='line_1_73' title="bbox 2043 2827 3625 2902; baseline 0.003 -19"><span class='ocrx_word' id='word_1_496' title='bbox 2043 2829 2170 2898; x_wconf 85' lang='lat' dir='ltr'><strong>Ipsa</strong></span> <span class='ocrx_word' id='word_1_497' title='bbox 2203 2827 2473 2899; x_wconf 86' lang='lat' dir='ltr'><strong>injustitia</strong></span> <span class='ocrx_word' id='word_1_498' title='bbox 2510 2845 2632 2898; x_wconf 61' lang='lat' dir='ltr'><strong>qua:</strong></span> <span class='ocrx_word' id='word_1_499' title='bbox 2672 2830 2774 2882; x_wconf 84' lang='lat' dir='ltr'><strong>sibi</strong></span> <span class='ocrx_word' id='word_1_500' title='bbox 2806 2832 3169 2898; x_wconf 76' lang='lat' dir='ltr'><strong>pollicebatur</strong></span> <span class='ocrx_word' id='word_1_501' title='bbox 3195 2835 3625 2902; x_wconf 78' lang='lat' dir='ltr'><strong>cotuprehutsu-</strong></span> 
     </span>
    </p>
   </div>
   <div class='ocr_carea' id='block_1_74' title="bbox 2046 2921 3628 2986">
    <p class='ocr_par' dir='ltr' id='par_1_74' title="bbox 2046 2921 3628 2986">
     <span class='ocr_line' id='line_1_74' title="bbox 2046 2921 3628 2986; baseline 0.006 -13"><span class='ocrx_word' id='word_1_502' title='bbox 2046 2935 2165 2974; x_wconf 89' lang='lat' dir='ltr'><strong>rum</strong></span> <span class='ocrx_word' id='word_1_503' title='bbox 2203 2936 2288 2974; x_wconf 91' lang='lat' dir='ltr'><strong>me</strong></span> <span class='ocrx_word' id='word_1_504' title='bbox 2316 2935 2460 2984; x_wconf 83' lang='lat' dir='ltr'><strong>esse,</strong></span> <span class='ocrx_word' id='word_1_505' title='bbox 2488 2921 2716 2974; x_wconf 85' lang='lat' dir='ltr'><strong>mentita</strong></span> <span class='ocrx_word' id='word_1_506' title='bbox 2749 2929 2834 2975; x_wconf 86' lang='lat' dir='ltr'><strong>est</strong></span> <span class='ocrx_word' id='word_1_507' title='bbox 2864 2938 2877 2973; x_wconf 88' lang='lat'><strong>:</strong></span> <span class='ocrx_word' id='word_1_508' title='bbox 2913 2922 3015 2976; x_wconf 87' lang='lat' dir='ltr'><strong>hoc</strong></span> <span class='ocrx_word' id='word_1_509' title='bbox 3043 2933 3144 2986; x_wconf 81' lang='lat' dir='ltr'><strong>est,</strong></span> <span class='ocrx_word' id='word_1_510' title='bbox 3179 2940 3286 2977; x_wconf 91' lang='lat' dir='ltr'><strong>non</strong></span> <span class='ocrx_word' id='word_1_511' title='bbox 3332 2935 3415 2978; x_wconf 89' lang='lat' dir='ltr'><strong>est</strong></span> <span class='ocrx_word' id='word_1_512' title='bbox 3478 2942 3628 2982; x_wconf 80' lang='lat' dir='ltr'><strong>asse-</strong></span> 
     </span>
    </p>
   </div>
   <div class='ocr_carea' id='block_1_75' title="bbox 1967 2982 2670 3081">
    <p class='ocr_par' dir='ltr' id='par_1_75' title="bbox 1967 2982 2670 3081">
     <span class='ocr_line' id='line_1_75' title="bbox 1967 2982 2670 3081; baseline 0 -17"><span class='ocrx_word' id='word_1_513' title='bbox 1967 2982 2010 3040; x_wconf 76' lang='lat' dir='ltr'>c</span> <span class='ocrx_word' id='word_1_514' title='bbox 2045 3019 2169 3065; x_wconf 83' lang='lat' dir='ltr'><strong>cuta</strong></span> <span class='ocrx_word' id='word_1_515' title='bbox 2201 3011 2347 3081; x_wconf 91' lang='lat' dir='ltr'><strong>quod</strong></span> <span class='ocrx_word' id='word_1_516' title='bbox 2389 2982 2670 3079; x_wconf 82' lang='lat' dir='ltr'><strong>sperabat.</strong></span> 
     </span>
    </p>
   </div>
   <div class='ocr_carea' id='block_1_76' title="bbox 2121 3101 3631 3173">
    <p class='ocr_par' dir='ltr' id='par_1_76' title="bbox 2121 3101 3631 3173">
     <span class='ocr_line' id='line_1_76' title="bbox 2121 3101 3631 3173; baseline 0.006 -19"><span class='ocrx_word' id='word_1_517' title='bbox 2121 3101 2283 3156; x_wconf 74' lang='lat' dir='ltr'><strong>Vens.</strong></span> <span class='ocrx_word' id='word_1_518' title='bbox 2317 3103 2403 3156; x_wconf 78' lang='lat' dir='ltr'><strong>l3.</strong></span> <span class='ocrx_word' id='word_1_519' title='bbox 2439 3101 2610 3156; x_wconf 84' lang='lat' dir='ltr'><strong>Credo</strong></span> <span class='ocrx_word' id='word_1_520' title='bbox 2641 3101 2815 3156; x_wconf 83' lang='lat' dir='ltr'><strong>videre</strong></span> <span class='ocrx_word' id='word_1_521' title='bbox 2851 3103 2988 3172; x_wconf 81' lang='lat' dir='ltr'><strong>bona</strong></span> <span class='ocrx_word' id='word_1_522' title='bbox 3029 3104 3264 3161; x_wconf 84' lang='lat' dir='ltr'><strong>Domini.</strong></span> <span class='ocrx_word' id='word_1_523' title='bbox 3299 3106 3474 3163; x_wconf 73' lang='lat' dir='ltr'><strong>Credo</strong></span> <span class='ocrx_word' id='word_1_524' title='bbox 3499 3150 3513 3173; x_wconf 92' lang='lat'><strong>,</strong></span> <span class='ocrx_word' id='word_1_525' title='bbox 3547 3110 3631 3165; x_wconf 84' lang='lat' dir='ltr'><strong>in-</strong></span> 
     </span>
    </p>
   </div>
   <div class='ocr_carea' id='block_1_77' title="bbox 2047 3193 3628 3262">
    <p class='ocr_par' dir='ltr' id='par_1_77' title="bbox 2047 3193 3628 3262">
     <span class='ocr_line' id='line_1_77' title="bbox 2047 3193 3628 3262; baseline 0.009 -18"><span class='ocrx_word' id='word_1_526' title='bbox 2047 3193 2186 3262; x_wconf 87' lang='lat' dir='ltr'><strong>quit,</strong></span> <span class='ocrx_word' id='word_1_527' title='bbox 2217 3205 2408 3247; x_wconf 85' lang='lat' dir='ltr'><strong>sancto</strong></span> <span class='ocrx_word' id='word_1_528' title='bbox 2444 3193 2666 3262; x_wconf 85' lang='lat' dir='ltr'><strong>Spiritui</strong></span> <span class='ocrx_word' id='word_1_529' title='bbox 2701 3195 2792 3262; x_wconf 89' lang='lat' dir='ltr'><strong>qui</strong></span> <span class='ocrx_word' id='word_1_530' title='bbox 2837 3195 2906 3251; x_wconf 88' lang='lat' dir='ltr'><strong>de</strong></span> <span class='ocrx_word' id='word_1_531' title='bbox 2938 3197 3198 3252; x_wconf 87' lang='lat' dir='ltr'><strong>omnibus</strong></span> <span class='ocrx_word' id='word_1_532' title='bbox 3252 3199 3335 3254; x_wconf 78' lang='lat' dir='ltr'><strong>his</strong></span> <span class='ocrx_word' id='word_1_533' title='bbox 3385 3216 3470 3257; x_wconf 86' lang='lat' dir='ltr'><strong>me</strong></span> <span class='ocrx_word' id='word_1_534' title='bbox 3510 3218 3628 3258; x_wconf 86' lang='lat' dir='ltr'><strong>cer-</strong></span> 
     </span>
    </p>
   </div>
   <div class='ocr_carea' id='block_1_78' title="bbox 2047 3283 3630 3363">
    <p class='ocr_par' dir='ltr' id='par_1_78' title="bbox 2047 3283 3630 3363">
     <span class='ocr_line' id='line_1_78' title="bbox 2047 3283 3630 3363; baseline 0.007 -29"><span class='ocrx_word' id='word_1_535' title='bbox 2047 3285 2240 3337; x_wconf 84' lang='lat' dir='ltr'><strong>tiorem</strong></span> <span class='ocrx_word' id='word_1_536' title='bbox 2284 3283 2433 3349; x_wconf 79' lang='lat' dir='ltr'><strong>facit,</strong></span> <span class='ocrx_word' id='word_1_537' title='bbox 2476 3286 2621 3352; x_wconf 89' lang='lat' dir='ltr'><strong>quod</strong></span> <span class='ocrx_word' id='word_1_538' title='bbox 2651 3287 2924 3355; x_wconf 78' lang='lat' dir='ltr'><strong>superabo</strong></span> <span class='ocrx_word' id='word_1_539' title='bbox 2955 3287 3168 3351; x_wconf 84' lang='lat' dir='ltr'><strong>hostes.</strong></span> <span class='ocrx_word' id='word_1_540' title='bbox 3207 3299 3263 3344; x_wconf 91' lang='lat' dir='ltr'><strong>et</strong></span> <span class='ocrx_word' id='word_1_541' title='bbox 3296 3298 3630 3363; x_wconf 77' lang='lat' dir='ltr'><strong>ret-ttpersbo</strong></span> 
     </span>
    </p>
   </div>
   <div class='ocr_carea' id='block_1_79' title="bbox 2047 3375 3399 3448">
    <p class='ocr_par' dir='ltr' id='par_1_79' title="bbox 2047 3375 3399 3448">
     <span class='ocr_line' id='line_1_79' title="bbox 2047 3375 3399 3448; baseline 0.007 -23"><span class='ocrx_word' id='word_1_542' title='bbox 2047 3389 2300 3439; x_wconf 77' lang='lat' dir='ltr'><strong>regnum,</strong></span> <span class='ocrx_word' id='word_1_543' title='bbox 2331 3375 2588 3445; x_wconf 75' lang='lat' dir='ltr'><strong>quodque</strong></span> <span class='ocrx_word' id='word_1_544' title='bbox 2630 3376 2776 3430; x_wconf 92' lang='lat' dir='ltr'><strong>illius</strong></span> <span class='ocrx_word' id='word_1_545' title='bbox 2808 3378 2967 3431; x_wconf 90' lang='lat' dir='ltr'><strong>bouis</strong></span> <span class='ocrx_word' id='word_1_546' title='bbox 2996 3379 3092 3432; x_wconf 88' lang='lat' dir='ltr'><strong>ditt</strong></span> <span class='ocrx_word' id='word_1_547' title='bbox 3130 3380 3399 3448; x_wconf 78' lang='lat' dir='ltr'><strong>perfruar.</strong></span> 
     </span>
    </p>
   </div>
   <div class='ocr_carea' id='block_1_80' title="bbox 2119 3463 3628 3540">
    <p class='ocr_par' dir='ltr' id='par_1_80' title="bbox 2119 3463 3628 3540">
     <span class='ocr_line' id='line_1_80' title="bbox 2119 3463 3628 3540; baseline 0.005 -22"><span class='ocrx_word' id='word_1_548' title='bbox 2119 3463 2186 3518; x_wconf 86' lang='lat' dir='ltr'><strong>In</strong></span> <span class='ocrx_word' id='word_1_549' title='bbox 2209 3476 2347 3519; x_wconf 83' lang='lat' dir='ltr'><strong>terra</strong></span> <span class='ocrx_word' id='word_1_550' title='bbox 2382 3469 2683 3521; x_wconf 69' lang='lat' dir='ltr'><strong>viventium.</strong></span> <span class='ocrx_word' id='word_1_551' title='bbox 2710 3467 2767 3522; x_wconf 91' lang='lat' dir='ltr'><strong>lu</strong></span> <span class='ocrx_word' id='word_1_552' title='bbox 2798 3469 2900 3522; x_wconf 87' lang='lat' dir='ltr'><strong>hoc</strong></span> <span class='ocrx_word' id='word_1_553' title='bbox 2932 3472 3132 3523; x_wconf 88' lang='lat' dir='ltr'><strong>mundo</strong></span> <span class='ocrx_word' id='word_1_554' title='bbox 3154 3472 3246 3540; x_wconf 85' lang='lat' dir='ltr'><strong>qui</strong></span> <span class='ocrx_word' id='word_1_555' title='bbox 3278 3484 3358 3524; x_wconf 83' lang='lat' dir='ltr'><strong>est</strong></span> <span class='ocrx_word' id='word_1_556' title='bbox 3382 3472 3628 3527; x_wconf 73' lang='lat' dir='ltr'><strong>vivorum</strong></span> 
     </span>
    </p>
   </div>
   <div class='ocr_carea' id='block_1_81' title="bbox 2050 3560 3632 3616">
    <p class='ocr_par' dir='ltr' id='par_1_81' title="bbox 2050 3560 3632 3616">
     <span class='ocr_line' id='line_1_81' title="bbox 2050 3560 3632 3616; baseline 0.003 -4"><span class='ocrx_word' id='word_1_557' title='bbox 2050 3570 2189 3612; x_wconf 88' lang='lat' dir='ltr'><strong>terra</strong></span> <span class='ocrx_word' id='word_1_558' title='bbox 2226 3578 2238 3613; x_wconf 88' lang='lat'><strong>:</strong></span> <span class='ocrx_word' id='word_1_559' title='bbox 2285 3571 2423 3614; x_wconf 87' lang='lat' dir='ltr'><strong>terra</strong></span> <span class='ocrx_word' id='word_1_560' title='bbox 2451 3561 2594 3612; x_wconf 88' lang='lat' dir='ltr'><strong>enim</strong></span> <span class='ocrx_word' id='word_1_561' title='bbox 2633 3571 2968 3614; x_wconf 86' lang='lat' dir='ltr'><strong>mortuorum</strong></span> <span class='ocrx_word' id='word_1_562' title='bbox 3003 3560 3269 3615; x_wconf 81' lang='lat' dir='ltr'><strong>infernus.</strong></span> <span class='ocrx_word' id='word_1_563' title='bbox 3331 3561 3632 3616; x_wconf 78' lang='lat' dir='ltr'><strong>Possumus</strong></span> 
     </span>
    </p>
   </div>
   <div class='ocr_carea' id='block_1_82' title="bbox 2045 3648 3634 3719">
    <p class='ocr_par' dir='ltr' id='par_1_82' title="bbox 2045 3648 3634 3719">
     <span class='ocr_line' id='line_1_82' title="bbox 2045 3648 3634 3719; baseline 0.001 -18"><span class='ocrx_word' id='word_1_564' title='bbox 2045 3648 2209 3701; x_wconf 87' lang='lat' dir='ltr'><strong>etiam</strong></span> <span class='ocrx_word' id='word_1_565' title='bbox 2247 3650 2455 3712; x_wconf 88' lang='lat' dir='ltr'><strong>dicere,</strong></span> <span class='ocrx_word' id='word_1_566' title='bbox 2491 3648 2635 3716; x_wconf 87' lang='lat' dir='ltr'><strong>quod</strong></span> <span class='ocrx_word' id='word_1_567' title='bbox 2672 3651 2922 3702; x_wconf 83' lang='lat' dir='ltr'><strong>tradatur</strong></span> <span class='ocrx_word' id='word_1_568' title='bbox 2955 3651 3043 3703; x_wconf 91' lang='lat' dir='ltr'><strong>hic</strong></span> <span class='ocrx_word' id='word_1_569' title='bbox 3087 3651 3284 3719; x_wconf 80' lang='lat' dir='ltr'><strong>dogma</strong></span> <span class='ocrx_word' id='word_1_570' title='bbox 3334 3651 3400 3702; x_wconf 85' lang='lat' dir='ltr'><strong>de</strong></span> <span class='ocrx_word' id='word_1_571' title='bbox 3450 3666 3634 3705; x_wconf 88' lang='lat' dir='ltr'><strong>resur-</strong></span> 
     </span>
    </p>
   </div>
   <div class='ocr_carea' id='block_1_83' title="bbox 2052 3739 3634 3807">
    <p class='ocr_par' dir='ltr' id='par_1_83' title="bbox 2052 3739 3634 3807">
     <span class='ocr_line' id='line_1_83' title="bbox 2052 3739 3634 3807; baseline 0.004 -17"><span class='ocrx_word' id='word_1_572' title='bbox 2052 3739 2292 3792; x_wconf 73' lang='lat' dir='ltr'><strong>rectione</strong></span> <span class='ocrx_word' id='word_1_573' title='bbox 2333 3749 2677 3790; x_wconf 87' lang='lat' dir='ltr'><strong>mortuorum</strong></span> <span class='ocrx_word' id='word_1_574' title='bbox 2716 3747 2809 3790; x_wconf 89' lang='lat' dir='ltr'><strong>:et</strong></span> <span class='ocrx_word' id='word_1_575' title='bbox 2837 3739 2984 3806; x_wconf 87' lang='lat' dir='ltr'><strong>quod</strong></span> <span class='ocrx_word' id='word_1_576' title='bbox 3033 3754 3127 3807; x_wconf 87' lang='lat' dir='ltr'><strong>per</strong></span> <span class='ocrx_word' id='word_1_577' title='bbox 3187 3750 3386 3792; x_wconf 75' lang='lat' dir='ltr'><strong>terram</strong></span> <span class='ocrx_word' id='word_1_578' title='bbox 3447 3748 3634 3796; x_wconf 73' lang='lat' dir='ltr'><strong>viven-</strong></span> 
     </span>
    </p>
   </div>
   <div class='ocr_carea' id='block_1_84' title="bbox 2052 3827 3631 3896">
    <p class='ocr_par' dir='ltr' id='par_1_84' title="bbox 2052 3827 3631 3896">
     <span class='ocr_line' id='line_1_84' title="bbox 2052 3827 3631 3896; baseline 0.006 -19"><span class='ocrx_word' id='word_1_579' title='bbox 2052 3827 2212 3885; x_wconf 88' lang='lat' dir='ltr'><strong>tium,</strong></span> <span class='ocrx_word' id='word_1_580' title='bbox 2251 3842 2476 3895; x_wconf 81' lang='lat' dir='ltr'><strong>regnum</strong></span> <span class='ocrx_word' id='word_1_581' title='bbox 2506 3828 2773 3879; x_wconf 80' lang='lat' dir='ltr'><strong>cn:|orum</strong></span> <span class='ocrx_word' id='word_1_582' title='bbox 2805 3827 3059 3895; x_wconf 79' lang='lat' dir='ltr'><strong>intelligit</strong></span> <span class='ocrx_word' id='word_1_583' title='bbox 3097 3845 3110 3882; x_wconf 88' lang='lat'><strong>:</strong></span> <span class='ocrx_word' id='word_1_584' title='bbox 3143 3839 3196 3881; x_wconf 84' lang='lat' dir='ltr'><strong>et</strong></span> <span class='ocrx_word' id='word_1_585' title='bbox 3220 3844 3314 3896; x_wconf 83' lang='lat' dir='ltr'><strong>per</strong></span> <span class='ocrx_word' id='word_1_586' title='bbox 3343 3833 3479 3883; x_wconf 86' lang='lat' dir='ltr'><strong>bona</strong></span> <span class='ocrx_word' id='word_1_587' title='bbox 3501 3873 3516 3896; x_wconf 93' lang='lat'><strong>,</strong></span> <span class='ocrx_word' id='word_1_588' title='bbox 3544 3834 3631 3887; x_wconf 85' lang='lat' dir='ltr'><strong>illa</strong></span> 
     </span>
    </p>
   </div>
   <div class='ocr_carea' id='block_1_85' title="bbox 2053 3916 3403 3985">
    <p class='ocr_par' dir='ltr' id='par_1_85' title="bbox 2053 3916 3403 3985">
     <span class='ocr_line' id='line_1_85' title="bbox 2053 3916 3403 3985; baseline 0.007 -22"><span class='ocrx_word' id='word_1_589' title='bbox 2053 3918 2217 3977; x_wconf 79' lang='lat' dir='ltr'><strong>bona,</strong></span> <span class='ocrx_word' id='word_1_590' title='bbox 2243 3931 2362 3984; x_wconf 65' lang='lat' dir='ltr'><strong>qua:</strong></span> <span class='ocrx_word' id='word_1_591' title='bbox 2396 3916 2723 3983; x_wconf 73' lang='lat' dir='ltr'><strong>pra-paravit</strong></span> <span class='ocrx_word' id='word_1_592' title='bbox 2762 3917 2904 3968; x_wconf 84' lang='lat' dir='ltr'><strong>Deus</strong></span> <span class='ocrx_word' id='word_1_593' title='bbox 2935 3917 3290 3985; x_wconf 70' lang='lat' dir='ltr'><strong>diligentibus</strong></span> <span class='ocrx_word' id='word_1_594' title='bbox 3325 3935 3403 3974; x_wconf 85' lang='lat' dir='ltr'><strong>se.</strong></span> 
     </span>
    </p>
   </div>
   <div class='ocr_carea' id='block_1_86' title="bbox 2127 4006 3638 4080">
    <p class='ocr_par' dir='ltr' id='par_1_86' title="bbox 2127 4006 3638 4080">
     <span class='ocr_line' id='line_1_86' title="bbox 2127 4006 3638 4080; baseline 0.004 -20"><span class='ocrx_word' id='word_1_595' title='bbox 2127 4007 2290 4060; x_wconf 70' lang='lat' dir='ltr'><strong>Vens.</strong></span> <span class='ocrx_word' id='word_1_596' title='bbox 2322 4006 2633 4060; x_wconf 59' lang='lat' dir='ltr'><strong>M.Su.~tine</strong></span> <span class='ocrx_word' id='word_1_597' title='bbox 2657 4007 2964 4060; x_wconf 85' lang='lat' dir='ltr'><strong>Dominum.</strong></span> <span class='ocrx_word' id='word_1_598' title='bbox 3001 4007 3126 4062; x_wconf 73' lang='lat' dir='ltr'><strong>llaec</strong></span> <span class='ocrx_word' id='word_1_599' title='bbox 3143 4011 3303 4062; x_wconf 85' lang='lat' dir='ltr'><strong>verba</strong></span> <span class='ocrx_word' id='word_1_600' title='bbox 3322 4024 3368 4063; x_wconf 89' lang='lat' dir='ltr'><strong>et</strong></span> <span class='ocrx_word' id='word_1_601' title='bbox 3390 4027 3511 4080; x_wconf 69' lang='lat' dir='ltr'><strong>qua:</strong></span> <span class='ocrx_word' id='word_1_602' title='bbox 3549 4028 3638 4066; x_wconf 75' lang='lat' dir='ltr'><strong>se-</strong></span> 
     </span>
    </p>
   </div>
   <div class='ocr_carea' id='block_1_87' title="bbox 2052 4096 3637 4168">
    <p class='ocr_par' dir='ltr' id='par_1_87' title="bbox 2052 4096 3637 4168">
     <span class='ocr_line' id='line_1_87' title="bbox 2052 4096 3637 4168; baseline 0 -16"><span class='ocrx_word' id='word_1_603' title='bbox 2052 4107 2290 4168; x_wconf 82' lang='lat' dir='ltr'><strong>quuntur</strong></span> <span class='ocrx_word' id='word_1_604' title='bbox 2325 4098 2591 4167; x_wconf 81' lang='lat' dir='ltr'><strong>Propheta</strong></span> <span class='ocrx_word' id='word_1_605' title='bbox 2623 4096 2693 4150; x_wconf 85' lang='lat' dir='ltr'><strong>ad</strong></span> <span class='ocrx_word' id='word_1_606' title='bbox 2729 4098 2966 4164; x_wconf 84' lang='lat' dir='ltr'><strong>seipsum</strong></span> <span class='ocrx_word' id='word_1_607' title='bbox 3002 4096 3190 4166; x_wconf 79' lang='lat' dir='ltr'><strong>dirigit</strong></span> <span class='ocrx_word' id='word_1_608' title='bbox 3220 4137 3235 4161; x_wconf 90' lang='lat'><strong>,</strong></span> <span class='ocrx_word' id='word_1_609' title='bbox 3275 4099 3438 4152; x_wconf 87' lang='lat' dir='ltr'><strong>veluti</strong></span> <span class='ocrx_word' id='word_1_610' title='bbox 3493 4109 3637 4153; x_wconf 83' lang='lat' dir='ltr'><strong>tem-</strong></span> 
     </span>
    </p>
   </div>
   <div class='ocr_carea' id='block_1_88' title="bbox 2059 4191 3640 4262">
    <p class='ocr_par' dir='ltr' id='par_1_88' title="bbox 2059 4191 3640 4262">
     <span class='ocr_line' id='line_1_88' title="bbox 2059 4191 3640 4262; baseline 0.001 -15"><span class='ocrx_word' id='word_1_611' title='bbox 2059 4207 2255 4262; x_wconf 86' lang='lat' dir='ltr'><strong>perans</strong></span> <span class='ocrx_word' id='word_1_612' title='bbox 2285 4208 2404 4245; x_wconf 79' lang='lat' dir='ltr'><strong>sese</strong></span> <span class='ocrx_word' id='word_1_613' title='bbox 2429 4207 2493 4244; x_wconf 85' lang='lat' dir='ltr'><strong>ac</strong></span> <span class='ocrx_word' id='word_1_614' title='bbox 2544 4191 2649 4244; x_wconf 90' lang='lat' dir='ltr'><strong>sibi</strong></span> <span class='ocrx_word' id='word_1_615' title='bbox 2696 4191 2798 4258; x_wconf 88' lang='lat' dir='ltr'><strong>ipsi</strong></span> <span class='ocrx_word' id='word_1_616' title='bbox 2850 4191 3094 4243; x_wconf 80' lang='lat' dir='ltr'><strong>solamen</strong></span> <span class='ocrx_word' id='word_1_617' title='bbox 3149 4198 3436 4257; x_wconf 78' lang='lat' dir='ltr'><strong>praestans.</strong></span> <span class='ocrx_word' id='word_1_618' title='bbox 3479 4191 3640 4248; x_wconf 85' lang='lat' dir='ltr'><strong>Jubet</strong></span> 
     </span>
    </p>
   </div>
   <div class='ocr_carea' id='block_1_89' title="bbox 377 4281 1940 4370">
    <p class='ocr_par' dir='ltr' id='par_1_89' title="bbox 377 4282 1940 4358">
     <span class='ocr_line' id='line_1_89' title="bbox 377 4282 1940 4358; baseline -0.004 -16"><span class='ocrx_word' id='word_1_619' title='bbox 377 4290 742 4358; x_wconf 73' lang='grc' dir='ltr'>’Υπόμεινον</span> <span class='ocrx_word' id='word_1_620' title='bbox 777 4287 872 4352; x_wconf 78' lang='grc' dir='ltr'>δὲ,</span> <span class='ocrx_word' id='word_1_621' title='bbox 931 4288 1051 4339; x_wconf 74' lang='grc' dir='ltr'>ἀντὶ</span> <span class='ocrx_word' id='word_1_622' title='bbox 1110 4284 1228 4349; x_wconf 80' lang='grc' dir='ltr'>τοῦ,</span> <span class='ocrx_word' id='word_1_623' title='bbox 1276 4284 1611 4353; x_wconf 77' lang='grc' dir='ltr'>ἀνάμεινον,</span> <span class='ocrx_word' id='word_1_624' title='bbox 1671 4282 1940 4352; x_wconf 74' lang='grc' dir='ltr'>προσδόκα</span> 
     </span>
    </p>
   </div>
   <div class='ocr_carea' id='block_1_90' title="bbox 2045 4281 3637 4370">
    <p class='ocr_par' dir='ltr' id='par_1_90' title="bbox 2055 4281 3637 4354">
     <span class='ocr_line' id='line_1_90' title="bbox 2055 4281 3637 4354; baseline -0.001 -15"><span class='ocrx_word' id='word_1_625' title='bbox 2055 4297 2234 4339; x_wconf 87' lang='lat' dir='ltr'><strong>autem</strong></span> <span class='ocrx_word' id='word_1_626' title='bbox 2268 4300 2372 4336; x_wconf 90' lang='lat' dir='ltr'><strong>nou</strong></span> <span class='ocrx_word' id='word_1_627' title='bbox 2413 4283 2665 4337; x_wconf 77' lang='lat' dir='ltr'><strong>decidere</strong></span> <span class='ocrx_word' id='word_1_628' title='bbox 2695 4299 2722 4335; x_wconf 89' lang='lat' dir='ltr'><strong>a</strong></span> <span class='ocrx_word' id='word_1_629' title='bbox 2763 4283 2903 4336; x_wconf 86' lang='lat' dir='ltr'><strong>bona</strong></span> <span class='ocrx_word' id='word_1_630' title='bbox 2931 4298 3028 4351; x_wconf 88' lang='lat' dir='ltr'><strong>spe</strong></span> <span class='ocrx_word' id='word_1_631' title='bbox 3058 4299 3072 4335; x_wconf 90' lang='lat'><strong>:</strong></span> <span class='ocrx_word' id='word_1_632' title='bbox 3107 4281 3323 4337; x_wconf 75' lang='lat' dir='ltr'><strong>Sustine</strong></span> <span class='ocrx_word' id='word_1_633' title='bbox 3355 4325 3368 4348; x_wconf 91' lang='lat'><strong>,</strong></span> <span class='ocrx_word' id='word_1_634' title='bbox 3410 4285 3587 4354; x_wconf 87' lang='lat' dir='ltr'><strong>inquit</strong></span> <span class='ocrx_word' id='word_1_635' title='bbox 3620 4324 3637 4350; x_wconf 94' lang='lat'><strong>,</strong></span> 
     </span>
    </p>
   </div>
   <div class='ocr_carea' id='block_1_91' title="bbox 407 4379 595 4434">
    <p class='ocr_par' dir='ltr' id='par_1_91' title="bbox 407 4379 595 4434">
     <span class='ocr_line' id='line_1_91' title="bbox 407 4379 595 4434; baseline 0 0"><span class='ocrx_word' id='word_1_636' title='bbox 407 4379 595 4434; x_wconf 80' lang='grc' dir='ltr'>οηοὸν.</span> 
     </span>
    </p>
   </div>
   <div class='ocr_carea' id='block_1_92' title="bbox 369 4381 1947 4540">
    <p class='ocr_par' dir='ltr' id='par_1_92' title="bbox 369 4381 1947 4540">
     <span class='ocr_line' id='line_1_92' title="bbox 407 4381 595 4434; baseline 0.011 -2"><span class='ocrx_word' id='word_1_637' title='bbox 407 4381 595 4434; x_wconf 68' lang='grc' dir='ltr'>ονοὸν.</span> 
     </span>
     <span class='ocr_line' id='line_1_93' title="bbox 369 4381 1947 4540; baseline -0.006 -14"><span class='ocrx_word' id='word_1_638' title='bbox 369 4381 402 4451; x_wconf 62' lang='grc' dir='ltr'>β</span> <span class='ocrx_word' id='word_1_639' title='bbox 453 4417 779 4540; x_wconf 42' lang='grc' dir='ltr'>έΔνθρίζου,</span> <span class='ocrx_word' id='word_1_640' title='bbox 811 4468 911 4522; x_wconf 77' lang='grc' dir='ltr'><strong>καί</strong></span> <span class='ocrx_word' id='word_1_641' title='bbox 948 4466 1310 4534; x_wconf 67' lang='grc' dir='ltr'>κρίιταιούτω</span> <span class='ocrx_word' id='word_1_642' title='bbox 1349 4465 1388 4531; x_wconf 82' lang='grc' dir='ltr'><strong><em>ή</em></strong></span> <span class='ocrx_word' id='word_1_643' title='bbox 1437 4461 1649 4530; x_wconf 82' lang='grc' dir='ltr'>καρδιά</span> <span class='ocrx_word' id='word_1_644' title='bbox 1672 4479 1810 4528; x_wconf 89' lang='grc' dir='ltr'>σου,</span> <span class='ocrx_word' id='word_1_645' title='bbox 1849 4463 1947 4517; x_wconf 80' lang='grc' dir='ltr'>καὶ</span> 
     </span>
    </p>
   </div>
   <div class='ocr_carea' id='block_1_93' title="bbox 371 4551 1953 4632">
    <p class='ocr_par' dir='ltr' id='par_1_93' title="bbox 371 4551 1953 4632">
     <span class='ocr_line' id='line_1_94' title="bbox 371 4551 1953 4632; baseline -0.009 -16"><span class='ocrx_word' id='word_1_646' title='bbox 371 4564 701 4632; x_wconf 74' lang='grc' dir='ltr'>ὑπόμεινον</span> <span class='ocrx_word' id='word_1_647' title='bbox 738 4563 843 4612; x_wconf 72' lang='grc' dir='ltr'>τὸν</span> <span class='ocrx_word' id='word_1_648' title='bbox 899 4559 1133 4624; x_wconf 80' lang='grc' dir='ltr'>Κύριον.</span> <span class='ocrx_word' id='word_1_649' title='bbox 1195 4554 1514 4625; x_wconf 79' lang='grc' dir='ltr'>Θαρσοποιὰ</span> <span class='ocrx_word' id='word_1_650' title='bbox 1565 4552 1659 4603; x_wconf 73' lang='lat' dir='ltr'><strong>xai.</strong></span> <span class='ocrx_word' id='word_1_651' title='bbox 1707 4551 1953 4619; x_wconf 69' lang='grc' dir='ltr'>ρωστικᾶι</span> 
     </span>
    </p>
   </div>
   <div class='ocr_carea' id='block_1_94' title="bbox 368 4640 1954 4722">
    <p class='ocr_par' dir='ltr' id='par_1_94' title="bbox 368 4640 1954 4722">
     <span class='ocr_line' id='line_1_95' title="bbox 368 4640 1954 4722; baseline -0.006 -20"><span class='ocrx_word' id='word_1_652' title='bbox 368 4654 552 4722; x_wconf 68' lang='grc' dir='ltr'>ψυχῆς</span> <span class='ocrx_word' id='word_1_653' title='bbox 591 4653 661 4705; x_wconf 75' lang='grc' dir='ltr'>τὰ</span> <span class='ocrx_word' id='word_1_654' title='bbox 707 4651 1109 4719; x_wconf 64' lang='grc' dir='ltr'>ὲπιφωνήματα</span> <span class='ocrx_word' id='word_1_655' title='bbox 1137 4662 1149 4675; x_wconf 82' lang='grc'><em>’</em></span> <span class='ocrx_word' id='word_1_656' title='bbox 1191 4642 1580 4715; x_wconf 82' lang='grc' dir='ltr'>μεμονωμένος</span> <span class='ocrx_word' id='word_1_657' title='bbox 1638 4643 1746 4711; x_wconf 74' lang='grc' dir='ltr'><strong>γὰρ</strong></span> <span class='ocrx_word' id='word_1_658' title='bbox 1790 4640 1954 4704; x_wconf 78' lang='grc' dir='ltr'>αὐτὸς</span> 
     </span>
    </p>
   </div>
   <div class='ocr_carea' id='block_1_95' title="bbox 370 4732 1951 4810">
    <p class='ocr_par' dir='ltr' id='par_1_95' title="bbox 370 4732 1951 4810">
     <span class='ocr_line' id='line_1_96' title="bbox 370 4732 1951 4810; baseline -0.009 -11"><span class='ocrx_word' id='word_1_659' title='bbox 370 4747 566 4799; x_wconf 64' lang='grc' dir='ltr'>ἑαυτὸν</span> <span class='ocrx_word' id='word_1_660' title='bbox 591 4745 882 4806; x_wconf 81' lang='grc' dir='ltr'>ἀνεκτᾶτο,</span> <span class='ocrx_word' id='word_1_661' title='bbox 939 4743 1034 4795; x_wconf 80' lang='grc' dir='ltr'>καὶ</span> <span class='ocrx_word' id='word_1_662' title='bbox 1081 4739 1523 4810; x_wconf 72' lang='grc' dir='ltr'>παρεθάρρυνεν.</span> <span class='ocrx_word' id='word_1_663' title='bbox 1569 4732 1734 4794; x_wconf 74' lang='grc' dir='ltr'>Αὖθις</span> <span class='ocrx_word' id='word_1_664' title='bbox 1770 4733 1826 4786; x_wconf 75' lang='grc' dir='ltr'>δὲ</span> <span class='ocrx_word' id='word_1_665' title='bbox 1855 4734 1951 4797; x_wconf 79' lang='grc' dir='ltr'><strong>τὸ,</strong></span> 
     </span>
    </p>
   </div>
   <div class='ocr_carea' id='block_1_96' title="bbox 380 4827 1956 4906">
    <p class='ocr_par' dir='ltr' id='par_1_96' title="bbox 380 4827 1956 4906">
     <span class='ocr_line' id='line_1_97' title="bbox 380 4827 1956 4906; baseline -0.008 -14"><span class='ocrx_word' id='word_1_666' title='bbox 380 4838 734 4906; x_wconf 78' lang='grc' dir='ltr'>’Υπόμεινον</span> <span class='ocrx_word' id='word_1_667' title='bbox 771 4837 879 4889; x_wconf 81' lang='grc' dir='ltr'>τὸν</span> <span class='ocrx_word' id='word_1_668' title='bbox 925 4835 1164 4901; x_wconf 81' lang='grc' dir='ltr'>Κύριον,</span> <span class='ocrx_word' id='word_1_669' title='bbox 1218 4833 1298 4892; x_wconf 89' lang='grc' dir='ltr'><strong>είς</strong></span> <span class='ocrx_word' id='word_1_670' title='bbox 1349 4827 1572 4881; x_wconf 85' lang='grc' dir='ltr'>πλείονα</span> <span class='ocrx_word' id='word_1_671' title='bbox 1607 4827 1956 4898; x_wconf 76' lang='grc' dir='ltr'>παράκλησιν</span> 
     </span>
    </p>
   </div>
   <div class='ocr_carea' id='block_1_97' title="bbox 376 4930 892 5001">
    <p class='ocr_par' dir='ltr' id='par_1_97' title="bbox 376 4930 892 5001">
     <span class='ocr_line' id='line_1_98' title="bbox 376 4930 892 5001; baseline -0.004 -17"><span class='ocrx_word' id='word_1_672' title='bbox 376 4933 475 4984; x_wconf 75' lang='grc' dir='ltr'>καὶ</span> <span class='ocrx_word' id='word_1_673' title='bbox 505 4930 892 5001; x_wconf 80' lang='grc' dir='ltr'>ψυχαγωγίαν.</span> 
     </span>
    </p>
   </div>
   <div class='ocr_carea' id='block_1_98' title="bbox 881 5009 1462 5086">
    <p class='ocr_par' dir='ltr' id='par_1_98' title="bbox 881 5009 1462 5086">
     <span class='ocr_line' id='line_1_99' title="bbox 881 5009 1462 5086; baseline -0.017 -14"><span class='ocrx_word' id='word_1_674' title='bbox 881 5017 1130 5086; x_wconf 70' lang='grc' dir='ltr'>Ψαλμὸς</span> <span class='ocrx_word' id='word_1_675' title='bbox 1154 5012 1234 5080; x_wconf 85' lang='grc' dir='ltr'>τῷ</span> <span class='ocrx_word' id='word_1_676' title='bbox 1263 5009 1462 5066; x_wconf 80' lang='grc' dir='ltr'>Δαϐίδ.</span> 
     </span>
    </p>
   </div>
   <div class='ocr_carea' id='block_1_99' title="bbox 937 5106 1394 5164">
    <p class='ocr_par' dir='ltr' id='par_1_99' title="bbox 937 5106 1394 5164">
     <span class='ocr_line' id='line_1_100' title="bbox 937 5106 1394 5164; baseline -0.009 0"><span class='ocrx_word' id='word_1_677' title='bbox 937 5109 1229 5164; x_wconf 74' lang='grc' dir='ltr'><strong>ΨΔΛΜΟΣ</strong></span> <span class='ocrx_word' id='word_1_678' title='bbox 1268 5106 1394 5160; x_wconf 83' lang='grc' dir='ltr'><strong>ΚΖ’.</strong></span> 
     </span>
    </p>
   </div>
   <div class='ocr_carea' id='block_1_100' title="bbox 452 5193 1958 5276">
    <p class='ocr_par' dir='ltr' id='par_1_100' title="bbox 452 5193 1958 5276">
     <span class='ocr_line' id='line_1_101' title="bbox 452 5193 1958 5276; baseline -0.013 -11"><span class='ocrx_word' id='word_1_679' title='bbox 452 5211 562 5265; x_wconf 78' lang='grc' dir='ltr'><strong>Καὶ</strong></span> <span class='ocrx_word' id='word_1_680' title='bbox 590 5209 783 5264; x_wconf 78' lang='grc' dir='ltr'>τοῦτον</span> <span class='ocrx_word' id='word_1_681' title='bbox 807 5208 899 5261; x_wconf 76' lang='grc' dir='ltr'>τὸν</span> <span class='ocrx_word' id='word_1_682' title='bbox 935 5206 1154 5276; x_wconf 74' lang='grc' dir='ltr'>ψαλμὸν</span> <span class='ocrx_word' id='word_1_683' title='bbox 1189 5203 1270 5254; x_wconf 70' lang='grc' dir='ltr'>ἔτι</span> <span class='ocrx_word' id='word_1_684' title='bbox 1321 5200 1656 5270; x_wconf 86' lang='grc' dir='ltr'>διωκόμενος</span> <span class='ocrx_word' id='word_1_685' title='bbox 1709 5194 1812 5248; x_wconf 81' lang='grc' dir='ltr'>ύπὸ</span> <span class='ocrx_word' id='word_1_686' title='bbox 1865 5193 1958 5247; x_wconf 75' lang='grc' dir='ltr'>τοῦ</span> 
     </span>
    </p>
   </div>
   <div class='ocr_carea' id='block_1_101' title="bbox 381 5303 850 5374">
    <p class='ocr_par' dir='ltr' id='par_1_101' title="bbox 381 5303 850 5374">
     <span class='ocr_line' id='line_1_102' title="bbox 381 5303 850 5374; baseline -0.004 -17"><span class='ocrx_word' id='word_1_687' title='bbox 381 5305 555 5357; x_wconf 74' lang='grc' dir='ltr'>Σαοὺλ</span> <span class='ocrx_word' id='word_1_688' title='bbox 589 5303 850 5374; x_wconf 69' lang='grc' dir='ltr'>ἔγραψεν.</span> 
     </span>
    </p>
   </div>
   <div class='ocr_carea' id='block_1_102' title="bbox 455 5381 1962 5462">
    <p class='ocr_par' dir='ltr' id='par_1_102' title="bbox 455 5381 1962 5462">
     <span class='ocr_line' id='line_1_103' title="bbox 455 5381 1962 5462; baseline -0.011 -12"><span class='ocrx_word' id='word_1_689' title='bbox 455 5396 610 5462; x_wconf 81' lang='grc' dir='ltr'>Πρὸς</span> <span class='ocrx_word' id='word_1_690' title='bbox 639 5394 736 5456; x_wconf 82' lang='grc' dir='ltr'>σὲ,</span> <span class='ocrx_word' id='word_1_691' title='bbox 771 5397 969 5461; x_wconf 81' lang='grc' dir='ltr'>Κύριε,</span> <span class='ocrx_word' id='word_1_692' title='bbox 1014 5388 1390 5456; x_wconf 72' lang='grc' dir='ltr'>κεκράξομαι.</span> <span class='ocrx_word' id='word_1_693' title='bbox 1443 5381 1544 5437; x_wconf 81' lang='grc' dir='ltr'><strong>Οἷα</strong></span> <span class='ocrx_word' id='word_1_694' title='bbox 1596 5383 1731 5455; x_wconf 81' lang='grc' dir='ltr'>πρὸς</span> <span class='ocrx_word' id='word_1_695' title='bbox 1757 5384 1962 5452; x_wconf 78' lang='grc' dir='ltr'>μηδένα</span> 
     </span>
    </p>
   </div>
   <div class='ocr_carea' id='block_1_103' title="bbox 381 5475 1963 5558">
    <p class='ocr_par' dir='ltr' id='par_1_103' title="bbox 381 5475 1963 5558">
     <span class='ocr_line' id='line_1_104' title="bbox 381 5475 1963 5558; baseline -0.008 -17"><span class='ocrx_word' id='word_1_696' title='bbox 381 5490 574 5558; x_wconf 72' lang='grc' dir='ltr'>ἕτερον</span> <span class='ocrx_word' id='word_1_697' title='bbox 629 5487 996 5540; x_wconf 77' lang='grc' dir='ltr'>ἀποϐλέπων·</span> <span class='ocrx_word' id='word_1_698' title='bbox 1047 5484 1266 5536; x_wconf 87' lang='grc' dir='ltr'>πάντων</span> <span class='ocrx_word' id='word_1_699' title='bbox 1321 5480 1430 5546; x_wconf 80' lang='grc' dir='ltr'><strong>γὰρ</strong></span> <span class='ocrx_word' id='word_1_700' title='bbox 1483 5477 1809 5548; x_wconf 80' lang='grc' dir='ltr'>μεμόνωμαι</span> <span class='ocrx_word' id='word_1_701' title='bbox 1856 5475 1963 5528; x_wconf 81' lang='grc' dir='ltr'>τῶν</span> 
     </span>
    </p>
   </div>
   <div class='ocr_carea' id='block_1_104' title="bbox 382 5573 1964 5655">
    <p class='ocr_par' dir='ltr' id='par_1_104' title="bbox 382 5573 1964 5655">
     <span class='ocr_line' id='line_1_105' title="bbox 382 5573 1964 5655; baseline 0.003 -22"><span class='ocrx_word' id='word_1_702' title='bbox 382 5586 724 5655; x_wconf 72' lang='grc' dir='ltr'>ἀξιομάχων.</span> <span class='ocrx_word' id='word_1_703' title='bbox 757 5585 856 5636; x_wconf 71' lang='grc' dir='ltr'><strong>Διά</strong></span> <span class='ocrx_word' id='word_1_704' title='bbox 899 5583 997 5650; x_wconf 76' lang='grc' dir='ltr'>τῆς</span> <span class='ocrx_word' id='word_1_705' title='bbox 1028 5579 1280 5651; x_wconf 77' lang='grc' dir='ltr'>κραυγῆς</span> <span class='ocrx_word' id='word_1_706' title='bbox 1330 5578 1426 5631; x_wconf 72' lang='grc' dir='ltr'>καὶ</span> <span class='ocrx_word' id='word_1_707' title='bbox 1474 5575 1533 5630; x_wconf 75' lang='grc' dir='ltr'><strong>τὸ</strong></span> <span class='ocrx_word' id='word_1_708' title='bbox 1583 5574 1681 5646; x_wconf 66' lang='grc' dir='ltr'><strong>τῆς</strong></span> <span class='ocrx_word' id='word_1_709' title='bbox 1729 5573 1964 5645; x_wconf 77' lang='grc' dir='ltr'>δεήσεως</span> 
     </span>
    </p>
   </div>
   <div class='ocr_carea' id='block_1_105' title="bbox 383 5675 1156 5749">
    <p class='ocr_par' dir='ltr' id='par_1_105' title="bbox 383 5675 1156 5749">
     <span class='ocr_line' id='line_1_106' title="bbox 383 5675 1156 5749; baseline -0.009 -14"><span class='ocrx_word' id='word_1_710' title='bbox 383 5683 409 5735; x_wconf 73' lang='grc' dir='ltr'><strong>ὲ</strong></span> <span class='ocrx_word' id='word_1_711' title='bbox 422 5679 782 5749; x_wconf 76' lang='grc' dir='ltr'>πιτεταμὲνον</span> <span class='ocrx_word' id='word_1_712' title='bbox 809 5680 872 5742; x_wconf 77' lang='grc' dir='ltr'>ὲμ</span> <span class='ocrx_word' id='word_1_713' title='bbox 886 5675 1156 5742; x_wconf 59' lang='grc' dir='ltr'>φαίνεται.</span> 
     </span>
    </p>
   </div>
   <div class='ocr_carea' id='block_1_106' title="bbox 2058 4373 3033 4444">
    <p class='ocr_par' dir='ltr' id='par_1_106' title="bbox 2058 4373 3033 4444">
     <span class='ocr_line' id='line_1_107' title="bbox 2058 4373 3033 4444; baseline -0.003 -14"><span class='ocrx_word' id='word_1_714' title='bbox 2058 4379 2162 4430; x_wconf 88' lang='lat' dir='ltr'><strong>hoc</strong></span> <span class='ocrx_word' id='word_1_715' title='bbox 2190 4385 2294 4438; x_wconf 78' lang='grc' dir='ltr'>ρει,</span> <span class='ocrx_word' id='word_1_716' title='bbox 2329 4384 2587 4444; x_wconf 61' lang='lat' dir='ltr'><strong>exspecta</strong></span> <span class='ocrx_word' id='word_1_717' title='bbox 2637 4373 3033 4428; x_wconf 79' lang='lat' dir='ltr'><strong>auxiliatoretu.</strong></span> 
     </span>
    </p>
   </div>
   <div class='ocr_carea' id='block_1_107' title="bbox 2135 4466 3642 4536">
    <p class='ocr_par' dir='ltr' id='par_1_107' title="bbox 2135 4466 3642 4536">
     <span class='ocr_line' id='line_1_108' title="bbox 2135 4466 3642 4536; baseline -0.001 -14"><span class='ocrx_word' id='word_1_718' title='bbox 2135 4468 2367 4522; x_wconf 81' lang='lat' dir='ltr'><strong>Viriliter</strong></span> <span class='ocrx_word' id='word_1_719' title='bbox 2395 4483 2509 4536; x_wconf 82' lang='lat' dir='ltr'><strong>age,</strong></span> <span class='ocrx_word' id='word_1_720' title='bbox 2542 4467 2830 4520; x_wconf 72' lang='lat' dir='ltr'><strong>invaleseat</strong></span> <span class='ocrx_word' id='word_1_721' title='bbox 2860 4483 2952 4518; x_wconf 88' lang='lat' dir='ltr'><strong>car</strong></span> <span class='ocrx_word' id='word_1_722' title='bbox 2977 4475 3147 4530; x_wconf 84' lang='lat' dir='ltr'><strong>tuum,</strong></span> <span class='ocrx_word' id='word_1_723' title='bbox 3204 4476 3253 4520; x_wconf 86' lang='lat' dir='ltr'><strong>et</strong></span> <span class='ocrx_word' id='word_1_724' title='bbox 3295 4468 3497 4521; x_wconf 84' lang='lat' dir='ltr'><strong>sustine</strong></span> <span class='ocrx_word' id='word_1_725' title='bbox 3537 4466 3642 4520; x_wconf 91' lang='lat' dir='ltr'><strong>Do-</strong></span> 
     </span>
    </p>
   </div>
   <div class='ocr_carea' id='block_1_108' title="bbox 2061 4555 3643 4612">
    <p class='ocr_par' dir='ltr' id='par_1_108' title="bbox 2061 4555 3643 4612">
     <span class='ocr_line' id='line_1_109' title="bbox 2061 4555 3643 4612; baseline 0.001 -1"><span class='ocrx_word' id='word_1_726' title='bbox 2061 4559 2287 4612; x_wconf 86' lang='lat' dir='ltr'><strong>minum.</strong></span> <span class='ocrx_word' id='word_1_727' title='bbox 2326 4555 2497 4611; x_wconf 85' lang='lat' dir='ltr'><strong>Verba</strong></span> <span class='ocrx_word' id='word_1_728' title='bbox 2529 4558 2642 4611; x_wconf 62' lang='lat' dir='ltr'><strong>hare</strong></span> <span class='ocrx_word' id='word_1_729' title='bbox 2674 4567 2804 4612; x_wconf 88' lang='lat' dir='ltr'><strong>sunt</strong></span> <span class='ocrx_word' id='word_1_730' title='bbox 2841 4556 3053 4611; x_wconf 83' lang='lat' dir='ltr'><strong>[ldentis</strong></span> <span class='ocrx_word' id='word_1_731' title='bbox 3085 4565 3138 4611; x_wconf 86' lang='lat' dir='ltr'><strong>et</strong></span> <span class='ocrx_word' id='word_1_732' title='bbox 3184 4559 3489 4612; x_wconf 78' lang='lat' dir='ltr'><strong>constantis</strong></span> <span class='ocrx_word' id='word_1_733' title='bbox 3525 4559 3643 4612; x_wconf 86' lang='lat' dir='ltr'><strong>ani-</strong></span> 
     </span>
    </p>
   </div>
   <div class='ocr_carea' id='block_1_109' title="bbox 2065 4651 3642 4720">
    <p class='ocr_par' dir='ltr' id='par_1_109' title="bbox 2065 4651 3642 4720">
     <span class='ocr_line' id='line_1_110' title="bbox 2065 4651 3642 4720; baseline 0.002 -15"><span class='ocrx_word' id='word_1_734' title='bbox 2065 4669 2180 4706; x_wconf 59' lang='lat' dir='ltr'><strong>ma}.</strong></span> <span class='ocrx_word' id='word_1_735' title='bbox 2219 4651 2380 4706; x_wconf 90' lang='lat' dir='ltr'><strong>Solus</strong></span> <span class='ocrx_word' id='word_1_736' title='bbox 2423 4654 2567 4704; x_wconf 87' lang='lat' dir='ltr'><strong>enim</strong></span> <span class='ocrx_word' id='word_1_737' title='bbox 2623 4653 2896 4706; x_wconf 76' lang='lat' dir='ltr'><strong>exsistens</strong></span> <span class='ocrx_word' id='word_1_738' title='bbox 2948 4651 3142 4703; x_wconf 80' lang='lat' dir='ltr'><strong>beatus</strong></span> <span class='ocrx_word' id='word_1_739' title='bbox 3195 4652 3360 4704; x_wconf 81' lang='lat' dir='ltr'><strong>David</strong></span> <span class='ocrx_word' id='word_1_740' title='bbox 3413 4651 3528 4720; x_wconf 87' lang='lat' dir='ltr'><strong>ipse</strong></span> <span class='ocrx_word' id='word_1_741' title='bbox 3581 4669 3642 4708; x_wconf 86' lang='lat' dir='ltr'><strong>se</strong></span> 
     </span>
    </p>
   </div>
   <div class='ocr_carea' id='block_1_110' title="bbox 2063 4742 3644 4812">
    <p class='ocr_par' dir='ltr' id='par_1_110' title="bbox 2063 4742 3644 4812">
     <span class='ocr_line' id='line_1_111' title="bbox 2063 4742 3644 4812; baseline 0.001 -14"><span class='ocrx_word' id='word_1_742' title='bbox 2063 4747 2334 4798; x_wconf 89' lang='lat' dir='ltr'><strong>conlidere</strong></span> <span class='ocrx_word' id='word_1_743' title='bbox 2369 4745 2634 4812; x_wconf 86' lang='lat' dir='ltr'><strong>jubebat,</strong></span> <span class='ocrx_word' id='word_1_744' title='bbox 2686 4752 2744 4797; x_wconf 91' lang='lat' dir='ltr'><strong>et</strong></span> <span class='ocrx_word' id='word_1_745' title='bbox 2799 4757 2991 4796; x_wconf 86' lang='lat' dir='ltr'><strong>rursus</strong></span> <span class='ocrx_word' id='word_1_746' title='bbox 3034 4742 3101 4794; x_wconf 88' lang='lat' dir='ltr'><strong>ad</strong></span> <span class='ocrx_word' id='word_1_747' title='bbox 3148 4742 3404 4812; x_wconf 83' lang='lat' dir='ltr'><strong>majorem</strong></span> <span class='ocrx_word' id='word_1_748' title='bbox 3449 4747 3644 4800; x_wconf 82' lang='lat' dir='ltr'><strong>aniuue</strong></span> 
     </span>
    </p>
   </div>
   <div class='ocr_carea' id='block_1_111' title="bbox 2064 4835 3640 4902">
    <p class='ocr_par' dir='ltr' id='par_1_111' title="bbox 2064 4835 3640 4902">
     <span class='ocr_line' id='line_1_112' title="bbox 2064 4835 3640 4902; baseline 0 -11"><span class='ocrx_word' id='word_1_749' title='bbox 2064 4837 2490 4891; x_wconf 73' lang='lat' dir='ltr'><strong>eonSolatiouem</strong></span> <span class='ocrx_word' id='word_1_750' title='bbox 2513 4847 2568 4889; x_wconf 89' lang='lat' dir='ltr'><strong>et</strong></span> <span class='ocrx_word' id='word_1_751' title='bbox 2596 4835 3086 4896; x_wconf 89' lang='lat' dir='ltr'><strong>oblectamentum,</strong></span> <span class='ocrx_word' id='word_1_752' title='bbox 3112 4837 3307 4902; x_wconf 84' lang='lat' dir='ltr'><strong>repetit</strong></span> <span class='ocrx_word' id='word_1_753' title='bbox 3339 4837 3426 4888; x_wconf 80' lang='lat' dir='ltr'><strong>illa</strong></span> <span class='ocrx_word' id='word_1_754' title='bbox 3451 4839 3640 4891; x_wconf 72' lang='lat' dir='ltr'><strong>Verba:</strong></span> 
     </span>
    </p>
   </div>
   <div class='ocr_carea' id='block_1_112' title="bbox 2067 4930 2616 4985">
    <p class='ocr_par' dir='ltr' id='par_1_112' title="bbox 2067 4930 2616 4985">
     <span class='ocr_line' id='line_1_113' title="bbox 2067 4930 2616 4985; baseline -0.007 0"><span class='ocrx_word' id='word_1_755' title='bbox 2067 4931 2281 4985; x_wconf 85' lang='lat' dir='ltr'><strong>Sustine</strong></span> <span class='ocrx_word' id='word_1_756' title='bbox 2307 4930 2616 4982; x_wconf 88' lang='lat' dir='ltr'><strong>Dominum.</strong></span> 
     </span>
    </p>
   </div>
   <div class='ocr_carea' id='block_1_113' title="bbox 2532 5015 3170 5081">
    <p class='ocr_par' dir='ltr' id='par_1_113' title="bbox 2532 5015 3170 5081">
     <span class='ocr_line' id='line_1_114' title="bbox 2532 5015 3170 5081; baseline 0.003 -12"><span class='ocrx_word' id='word_1_757' title='bbox 2532 5015 2787 5069; x_wconf 83' lang='lat' dir='ltr'><strong>Psalmns</strong></span> <span class='ocrx_word' id='word_1_758' title='bbox 2826 5016 2928 5081; x_wconf 84' lang='lat' dir='ltr'><strong>ipsi</strong></span> <span class='ocrx_word' id='word_1_759' title='bbox 2980 5015 3170 5072; x_wconf 79' lang='lat' dir='ltr'><strong>David.</strong></span> 
     </span>
    </p>
   </div>
   <div class='ocr_carea' id='block_1_114' title="bbox 2562 5106 3148 5163">
    <p class='ocr_par' dir='ltr' id='par_1_114' title="bbox 2562 5106 3148 5163">
     <span class='ocr_line' id='line_1_115' title="bbox 2562 5106 3148 5163; baseline 0.002 -2"><span class='ocrx_word' id='word_1_760' title='bbox 2562 5106 2886 5163; x_wconf 83' lang='lat' dir='ltr'><strong>PSALMUS</strong></span> <span class='ocrx_word' id='word_1_761' title='bbox 2935 5107 3148 5162; x_wconf 76' lang='lat' dir='ltr'><strong>XXVII.</strong></span> 
     </span>
    </p>
   </div>
   <div class='ocr_carea' id='block_1_115' title="bbox 2143 5195 3646 5270">
    <p class='ocr_par' dir='ltr' id='par_1_115' title="bbox 2143 5195 3646 5270">
     <span class='ocr_line' id='line_1_116' title="bbox 2143 5195 3646 5270; baseline -0.004 -15"><span class='ocrx_word' id='word_1_762' title='bbox 2143 5202 2297 5256; x_wconf 92' lang='lat' dir='ltr'><strong>llunc</strong></span> <span class='ocrx_word' id='word_1_763' title='bbox 2328 5201 2594 5270; x_wconf 88' lang='lat' dir='ltr'><strong>psalmum</strong></span> <span class='ocrx_word' id='word_1_764' title='bbox 2629 5200 2792 5253; x_wconf 78' lang='lat' dir='ltr'><strong>etiam</strong></span> <span class='ocrx_word' id='word_1_765' title='bbox 2830 5202 3362 5270; x_wconf 75' lang='lat' dir='ltr'><strong>conscripsitbeatus</strong></span> <span class='ocrx_word' id='word_1_766' title='bbox 3395 5195 3558 5250; x_wconf 64' lang='lat' dir='ltr'><strong>Dat/7d</strong></span> <span class='ocrx_word' id='word_1_767' title='bbox 3581 5212 3646 5250; x_wconf 93' lang='lat' dir='ltr'><strong>eo</strong></span> 
     </span>
    </p>
   </div>
   <div class='ocr_carea' id='block_1_116' title="bbox 2075 5289 3248 5361">
    <p class='ocr_par' dir='ltr' id='par_1_116' title="bbox 2075 5289 3248 5361">
     <span class='ocr_line' id='line_1_117' title="bbox 2075 5289 3248 5361; baseline -0.005 -13"><span class='ocrx_word' id='word_1_768' title='bbox 2075 5304 2318 5361; x_wconf 87' lang='lat' dir='ltr'><strong>tempore</strong></span> <span class='ocrx_word' id='word_1_769' title='bbox 2344 5305 2454 5357; x_wconf 93' lang='lat' dir='ltr'><strong>quo</strong></span> <span class='ocrx_word' id='word_1_770' title='bbox 2487 5289 2918 5358; x_wconf 87' lang='lat' dir='ltr'><strong>persequebatur</strong></span> <span class='ocrx_word' id='word_1_771' title='bbox 2943 5307 3067 5344; x_wconf 87' lang='lat' dir='ltr'><strong>eum</strong></span> <span class='ocrx_word' id='word_1_772' title='bbox 3097 5291 3248 5344; x_wconf 81' lang='lat' dir='ltr'><strong>Suul.</strong></span> 
     </span>
    </p>
   </div>
   <div class='ocr_carea' id='block_1_117' title="bbox 2147 5378 3643 5446">
    <p class='ocr_par' dir='ltr' id='par_1_117' title="bbox 2147 5378 3643 5446">
     <span class='ocr_line' id='line_1_118' title="bbox 2147 5378 3643 5446; baseline -0.001 -10"><span class='ocrx_word' id='word_1_773' title='bbox 2147 5384 2313 5439; x_wconf 69' lang='lat' dir='ltr'><strong>Vens.</strong></span> <span class='ocrx_word' id='word_1_774' title='bbox 2337 5382 2487 5437; x_wconf 81' lang='lat' dir='ltr'><strong>l.Ad</strong></span> <span class='ocrx_word' id='word_1_775' title='bbox 2513 5391 2581 5445; x_wconf 84' lang='lat' dir='ltr'><strong>te,</strong></span> <span class='ocrx_word' id='word_1_776' title='bbox 2609 5381 3131 5443; x_wconf 85' lang='lat' dir='ltr'><strong>Domine,clumubo.</strong></span> <span class='ocrx_word' id='word_1_777' title='bbox 3156 5380 3322 5446; x_wconf 83' lang='lat' dir='ltr'><strong>Quasi</strong></span> <span class='ocrx_word' id='word_1_778' title='bbox 3349 5378 3413 5430; x_wconf 87' lang='lat' dir='ltr'><strong>ad</strong></span> <span class='ocrx_word' id='word_1_779' title='bbox 3436 5379 3643 5434; x_wconf 89' lang='lat' dir='ltr'><strong>nullum</strong></span> 
     </span>
    </p>
   </div>
   <div class='ocr_carea' id='block_1_118' title="bbox 2076 5470 3649 5547">
    <p class='ocr_par' dir='ltr' id='par_1_118' title="bbox 2076 5470 3649 5547">
     <span class='ocr_line' id='line_1_119' title="bbox 2076 5470 3649 5547; baseline -0.004 -15"><span class='ocrx_word' id='word_1_780' title='bbox 2076 5479 2240 5532; x_wconf 90' lang='lat' dir='ltr'><strong>alium</strong></span> <span class='ocrx_word' id='word_1_781' title='bbox 2276 5475 2615 5547; x_wconf 88' lang='lat' dir='ltr'><strong>respiciens:</strong></span> <span class='ocrx_word' id='word_1_782' title='bbox 2647 5475 2902 5528; x_wconf 89' lang='lat' dir='ltr'><strong>omnibus</strong></span> <span class='ocrx_word' id='word_1_783' title='bbox 2933 5474 3076 5528; x_wconf 89' lang='lat' dir='ltr'><strong>enim</strong></span> <span class='ocrx_word' id='word_1_784' title='bbox 3104 5472 3224 5524; x_wconf 85' lang='lat' dir='ltr'><strong>aliis</strong></span> <span class='ocrx_word' id='word_1_785' title='bbox 3280 5470 3496 5524; x_wconf 73' lang='lat' dir='ltr'><strong>auxiliis</strong></span> <span class='ocrx_word' id='word_1_786' title='bbox 3541 5475 3649 5541; x_wconf 85' lang='lat' dir='ltr'><strong>pri-</strong></span> 
     </span>
    </p>
   </div>
   <div class='ocr_carea' id='block_1_119' title="bbox 2073 5567 3650 5633">
    <p class='ocr_par' dir='ltr' id='par_1_119' title="bbox 2073 5567 3650 5633">
     <span class='ocr_line' id='line_1_120' title="bbox 2073 5567 3650 5633; baseline -0.004 -7"><span class='ocrx_word' id='word_1_787' title='bbox 2073 5579 2233 5627; x_wconf 79' lang='lat' dir='ltr'><strong>vatus</strong></span> <span class='ocrx_word' id='word_1_788' title='bbox 2267 5586 2412 5624; x_wconf 88' lang='lat' dir='ltr'><strong>sum.</strong></span> <span class='ocrx_word' id='word_1_789' title='bbox 2449 5567 2551 5622; x_wconf 84' lang='lat' dir='ltr'><strong>Per</strong></span> <span class='ocrx_word' id='word_1_790' title='bbox 2601 5568 2897 5622; x_wconf 85' lang='lat' dir='ltr'><strong>clamorem</strong></span> <span class='ocrx_word' id='word_1_791' title='bbox 2932 5574 3110 5621; x_wconf 83' lang='lat' dir='ltr'><strong>autem</strong></span> <span class='ocrx_word' id='word_1_792' title='bbox 3139 5603 3154 5629; x_wconf 90' lang='lat'><strong>,</strong></span> <span class='ocrx_word' id='word_1_793' title='bbox 3180 5577 3400 5633; x_wconf 83' lang='lat' dir='ltr'><strong>precum</strong></span> <span class='ocrx_word' id='word_1_794' title='bbox 3429 5577 3650 5620; x_wconf 87' lang='lat' dir='ltr'><strong>suarum</strong></span> 
     </span>
    </p>
   </div>
   <div class='ocr_carea' id='block_1_120' title="bbox 2078 5661 2848 5721">
    <p class='ocr_par' dir='ltr' id='par_1_120' title="bbox 2078 5661 2848 5721">
     <span class='ocr_line' id='line_1_121' title="bbox 2078 5661 2848 5721; baseline -0.006 -4"><span class='ocrx_word' id='word_1_795' title='bbox 2078 5663 2448 5721; x_wconf 87' lang='lat' dir='ltr'><strong>intcnsionem</strong></span> <span class='ocrx_word' id='word_1_796' title='bbox 2480 5661 2848 5716; x_wconf 83' lang='lat' dir='ltr'><strong>demonstrat.</strong></span> 
     </span>
    </p>
   </div>
  </div>
