4054 6210
275 312 384 418 329

1451 327 1598 390 COM
1610 328 1845 389 ΜΕΝΤ.
1873 326 1954 386 lN
1997 323 2362 387 PSALMOS.

3417 328 3525 390 33‘)

284 443 553 513 φαυλότης
586 442 766 497 αὐτῶν
793 443 1046 514 aenei},
1079 446 1169 498 ml.
1206 446 1262 498 ὲν
1300 446 1478 518 καιρῷ
1527 444 1856 516 τιμωρηθῶ-

1986 445 2106 498 ritas
2141 443 2313 514 magis
2349 446 2729 507 convincatur,
2764 453 2818 498 et
2855 442 2910 497 iu
2939 451 3251 513 opporluno
3287 450 3532 513 tempore

286 555 364 588 σιν
403 536 786 604 ἁσύγγνωστα.

344 631 448 683 Καὶ
482 633 570 695 εἰς
621 631 689 682 τὰ
729 629 873 699 ἔργα
912 630 1031 684 τῶν
1075 629 1285 700 χειρῶν
1316 629 1524 684 αὐτοῦ.
1581 630 1761 699 Ἔργα
1801 629 1857 680 δὲ

282 722 441 789 ὶέγω,
487 722 524 775 ἃ
554 721 716 784 circo;
753 722 1048 791 ἐργάζεται
1083 726 1221 791 μετᾶ
1251 723 1346 776 τοῦ
1384 721 1612 774 σκοποῦ·
1645 722 1702 774 al
1742 722 1856 791 χεῖε⁵

287 831 372 882 ps;
416 814 528 884 γὰρ
559 813 828 879 ἐνταῦθα,
882 815 942 867 τὸ
973 814 1359 886 λελογισμένον
1396 815 1503 866 τῶν
1543 814 1722 882 ἔργων
1758 816 1857 881 ἑμ-

286 923 554 975 φαινουσι.

342 1081 628 1148 Καοελεῖς
650 1082 896 1147 αὐτοὺς,
938 1083 1035 1136 καὶ
1063 1085 1134 1136 οὐ
1173 1083 1258 1152 μὴ
1299 1083 1719 1151 οἰκοδομήσας
1748 1084 1857 1136 αὺ-

283 1175 436 1239 τούς.
493 1175 664 1226 Τοῦτο
712 1176 1022 1244 προφητεία
1073 1176 1172 1245 τῆς
1224 1177 1504 1238 ἀπωλείας
1542 1176 1741 1237 αὐτῶν,
1775 1176 1858 1228 ὅτι

284 1268 561 1329 πεσόντες,
586 1267 772 1319 οὐκέτι
798 1266 1298 1339 ἀνορθωοήσονται.

344 1539 695 1607 Εὐλογητὸς
725 1539 964 1607 Κύριος,
1006 1541 1095 1594 ὅτι
1144 1540 1474 1608 είσήκουσε
1518 1539 1628 1607 τῆς
1655 1540 1862 1610 φωνῆς

283 1626 386 1694 τῆς
415 1627 680 1696 δεήσεώς
707 1647 843 1698 μου.
873 1659 940 1668 --
967 1632 1342 1699 Εὐλογητὸς,
1383 1629 1504 1684 ἀντὶ
1529 1631 1644 1694 τοῦ,
1677 1631 1864 1696 Ἀξιος

285 1718 622 1786 εὐλογεῖσθαι
681 1722 774 1772 καὶ
815 1717 1105 1788 ὑμνείαοαι
1131 1733 1144 1745 '
1177 1712 1264 1771 οἷα
1313 1718 1370 1771 δὲ
1419 1717 1863 1788 πληροψορηθεὶς

284 1806 354 1863 ὧν
380 1811 636 1880 ἐζήτησε,
665 1811 853 1880 φησιν,
881 1812 1007 1864 Ὀτι
1036 1811 1313 1881 ἐπήκουσέ
1351 1827 1477 1879 μου.

349 1907 562 1970 Κύριος
605 1904 838 1970 ,ϐοηθός
889 1921 1007 1972 μου
1033 1943 1047 1968 ,
1084 1903 1182 1959 καί
1221 1903 1686 1971 ὐπερασπιστής
1723 1921 1857 1971 μου.

283 1995 450 2049 Τοῦτο
476 1996 577 2064 τῆς
619 1995 1019 2066 πληροφορίας.

358 2191 676 2257 Ἐ’πάὐτῷ
704 2191 971 2262 ἤλπισεν
1025 2193 1060 2246 ἡ
1117 2192 1332 2262 καρδία
1369 2210 1511 2263 μου.
1580 2192 1667 2256 Ὡς
1717 2193 1864 2264 μόνῳ

285 2281 505 2352 ἀψευδεῖ
533 2284 675 2353 θεῷ.

351 2396 463 2449 Καὶ
499 2396 858 2467 ἐϐοηθήθην.
932 2401 1042 2454 Καὶ
1105 2401 1205 2455 οῦκ
1263 2401 1540 2470 ἀπέτυχον
1619 2401 1719 2469 τῆς
1774 2400 1863 2452 s1.-

290 2491 430 2554 πίδος
441 2532 458 2545 .

362 2607 653 2664 Ἀνέθαλε
682 2609 720 2676 ἡ
763 2607 920 2677 σάρξ
976 2627 1118 2679 μου.
1156 2611 1217 2663 'Il
1248 2611 1353 2679 πρὸ
1382 2609 1576 2664 τούτου
1635 2610 1863 2679 ἐκτετη-

288 2704 407 2754 κυῖα
449 2703 579 2762 ταῖς
603 2701 851 2770 φροντίσι
891 2702 983 2754 καὶ
1022 2702 1440 2766 κακοπαθείαις.

349 2814 466 2870 Καὶ
501 2815 572 2868 ἐκ
608 2814 944 2883 θελήματός
983 2833 1103 2884 μου
1126 2815 1652 2886 ἑξομολογήσομαι
1683 2817 1866 2882 αὐτῷ.

300 2907 386 2960 Ἐκ
413 2907 681 2975 καρδίας,
731 2908 1054 2978 προἿύμως,
1100 2909 1204 2962 οὐκ
1260 2910 1703 2976 ἀναγκαστιιιῶς.
1741 2911 1870 2963 Tot-

288 2999 433 3053 οὗτόν
470 3002 598 3053 ἐστι
639 3001 734 3054 καὶ
763 3002 825 3052 τό
849 3017 862 3030 ·
907 3001 1239 3066 Ἑκουσίως
1273 3002 1438 3056 θύσω
1484 3017 1604 3055 σοι.
1647 3002 1872 3072 Ἐξομο-

288 3091 515 3163 λὸγησιν
549 3092 606 3144 δὲ
635 3091 732 3163 τὴν
763 3093 1149 3164 εὐχαριστείαν
1179 3093 1348 3162 λέγει.

351 3210 579 3277 Κύριος
608 3210 946 3278 κραταιωμα
975 3209 1081 3263 τοῦ
1119 3208 1276 3263 λαοῦ
1310 3208 1520 3273 αὐτοῦ,
1563 3209 1657 3261 καὶ
1697 3211 1874 3275 ὑπερ-

288 3299 602 3366 ασπιστὴς
667 3299 787 3354 τῶν
857 3301 1167 3368 σωτηρίων
1211 3301 1320 3355 τοῦ
1374 3299 1633 3370 Χριστοῦ
1687 3298 1875 3354 αὑτοῦ

289 3391 428 3446 ἐστι.
482 3392 705 3462 Κύριος
744 3395 920 3465 ίςχύει
957 3394 1050 3448 τὸν
1083 3393 1506 3463 ἁνατεθειμίνον
1542 3392 1690 3464 αὑτῷ
1723 3392 1873 3456 λαὸν,

293 3488 376 3538 καὶ
431 3487 762 3556 ὑπερμαχεῑ
813 3486 915 3554 τῆς
979 3486 1255 3555 σωτηρίας
1293 3485 1388 3538 τοῦ
1444 3483 1757 3556 χρισθέντος
1795 3484 1876 3546 είς

294 3575 525 3642 {innisa
553 3577 702 3629 κατὰ
738 3577 1039 3643 πρόσταξιν
1074 3575 1263 3629 αὑτοῦ.
1324 3577 1488 3644 Λέγει
1549 3575 1605 3628 δὲ
1668 3575 1795 3643 περί
1818 3591 1876 3626 τε

293 3671 482 3735 muta;
528 3669 624 3722 τοῦ
653 3668 804 3735 λαοῦ,
839 3670 936 3722 καὶ
969 3671 1098 3740 περὶ
1127 3669 1348 3733 ἑαυτοῦ,
1388 3667 1546 3732 εἰδὼς
1611 3668 1710 3738 τὴν
1759 3669 1879 3720 too-

300 3762 460 3835 μένην
485 3761 829 3832 μεταϐολήν.

359 3877 597 3942 Σώσον,
660 3876 859 3946 Κύριε,
894 3877 999 3930 τὸν
1029 3879 1185 3931 λαόν
1211 3893 1350 3941 σου,
1402 3876 1498 3927 καὶ
1535 3874 1881 3942 εὺλόῃισον

301 3972 406 4036 τὴν
478 3971 905 4040 κληρονομίαν
961 3986 1100 4024 σου.
1145 3969 1234 4032 Ὠς
1284 3967 1702 4037 ἀποληψόμενος
1756 3967 1880 4018 ὅσον

300 4060 445 4116 οὔπω
469 4065 575 4134 τὴν
617 4061 926 4131 βασιλείαν,
968 4061 1336 4132 ὑπερεὺχεται
1387 4060 1481 4112 τοῦ
1512 4057 1667 4112 λαοῦ.
1714 4057 1801 4109 Ἐν
1825 4056 1880 4109 δὲ

301 4159 362 4224 τῇ
394 4157 564 4228 βίϐλῳ
584 4157 689 4226 τῆς
737 4156 948 4222 Ἐξὸδου
978 4157 1007 4209 ὁ
1030 4155 1165 4220 Θεὸς
1187 4155 1318 4208 λαὸν
1349 4153 1514 4208 αὑτοῦ
1545 4149 1878 4223 περιούσιον,

299 4248 411 4319 ἢτοι
438 4252 874 4321 κληρονομιαίον
916 4249 1043 4313 τοὺς
1087 4248 1430 4319 Ἰσραηλίτας
1467 4245 1717 4299 ἐκάλεσε.

1902 3142 1949 3202 C

1966 536 2426 590 irremissibiliter
2460 536 2767 590 aﬂiciantur
2797 537 3106 606 suppliciis.

2033 631 2140 682 Nec
2162 645 2320 696 opera
2351 646 2600 682 manuum
2619 629 2754 697 ejus.
2774 628 2971 700 Opera,
3005 632 3249 700 inquam,
3275 630 3394 684 dico
3419 645 3538 700 quae

1962 720 2079 789 ipse
2122 735 2338 775 summo
2381 719 2611 774 consilio
2663 731 2956 790 cperatur,
3007 731 3060 774 et
3097 736 3206 774 non
3238 735 3410 786 casu;
3443 735 3538 790 per

1964 826 2160 864 manus
2209 811 2352 864 enim
2401 812 2492 864 hic
2544 812 3043 866 considerationem
3097 810 3428 881 quamdam,
3484 821 3538 865 ct

1964 901 2203 956 studium
2283 901 2338 954 in
2408 901 2608 956 divinis
2663 901 3072 972 operationibus
3126 916 3250 957 esse
3317 901 3542 956 demon-

1919 1043 1930 1054 ,
1967 1001 2167 1047 strant.

2035 1083 2290 1138 Destrnes
2313 1085 2434 1139 illos
2460 1093 2507 1138 et
2542 1101 2640 1139 non
2671 1085 2957 1153 mdiﬁcabis
2977 1101 3088 1139 eos.
3122 1083 3375 1139 Praedicit
3408 1084 3543 1138 Pro-

1969 1177 2129 1247 pheta
2156 1177 2508 1232 inimicorum
2544 1193 2770 1232 suorum
2807 1179 3169 1248 perditimzcm
3199 1220 3213 1242 ,
3243 1193 3363 1247 qua:
3393 1178 3543 1247 ejus-

1967 1265 2109 1319 modi
2142 1265 2326 1320 futura
2367 1276 2506 1331 erat,
2539 1276 2598 1320 ut
2646 1268 2737 1322 ubi
2785 1268 2954 1323 semel
3003 1269 3057 1321 in
3108 1282 3347 1338 praeceps
3397 1267 3542 1321 ceci-

1965 1356 2179 1412 dissent
2207 1399 2221 1423 ,
2275 1373 2560 1429 resurgere
2607 1359 2838 1429 amplius
2867 1401 2881 1426 ,
2946 1369 3039 1413 aut
3093 1375 3152 1414 se
3193 1361 3405 1430 erigere
3434 1373 3542 1414 non

1969 1459 2214 1516 possent.

2040 1537 2207 1593 Vens.
2228 1538 2280 1594 6.
2312 1539 2628 1594 Benedictus
2664 1540 2919 1595 Dominus
2939 1543 3063 1612 quia
3081 1543 3350 1598 exaudivit
3373 1559 3542 1598 vocem

1967 1631 2357 1699 deprecationis
2389 1647 2536 1686 metu.
2565 1631 2918 1698 Benedictus,
2946 1632 3049 1688 boc
3089 1642 3193 1699 est,
3229 1635 3424 1704 dignus
3454 1636 3544 1689 cui

1967 1724 2345 1785 benedicatur,
2384 1725 2477 1795 qui
2509 1725 2780 1780 laudetur.
2822 1726 3025 1783 Deinde
3051 1728 3206 1798 quasi
3255 1738 3438 1782 certus
3481 1728 3549 1783 de

1969 1819 2037 1873 iis
2070 1834 2192 1888 quae
2223 1821 2623 1892 postulaverat,
2667 1819 2818 1874 addit
2855 1837 2868 1874 :
2897 1819 3034 1887 Quia
3067 1821 3347 1876 exaudivit
3378 1837 3484 1876 me.

2039 1907 2208 1961 Vens.
2251 1908 2304 1962 7.
2343 1908 2597 1962 Dominus
2623 1907 2842 1976 adjutor
2865 1925 3007 1963 meus
3028 1920 3075 1964 et
3099 1920 3363 1980 protector
3384 1927 3547 1965 meus.

1967 1995 2104 2062 Hoc,
2138 1998 2303 2053 simili
2335 1999 2499 2054 modo
2527 1999 2594 2052 ad
2641 1999 3028 2056 certitudinem
3077 2003 3224 2055 illam
3269 2003 3503 2072 pertinet
3536 2044 3550 2067 ,

1967 2103 2131 2154 quam
2164 2088 2230 2143 de
2261 2088 2450 2144 divino
2474 2089 2682 2144 auxilio
2715 2097 3070 2160 conceperat.

2044 2193 2110 2249 In
2143 2198 2257 2264 ipso
2298 2202 2529 2264 speravit
2556 2215 2647 2251 cor
2681 2215 2874 2254 meum.
2914 2198 3092 2256 Veluti
3130 2201 3184 2256 in
3243 2203 3363 2259 solo
3424 2218 3553 2260 vero

1969 2304 2033 2344 ac
2057 2305 2165 2344 non
2205 2288 2383 2342 fallaci
2411 2291 2680 2359 adiutore.

2042 2403 2108 2457 Et
2139 2403 2358 2474 adjutus
2390 2419 2529 2457 sum.
2570 2403 2638 2459 Et
2665 2419 2762 2476 spe
2787 2416 3047 2478 concepta
3103 2425 3210 2464 non
3267 2425 3390 2466 sum
3443 2413 3558 2470 [ru-

1972 2503 2197 2551 stratus.

2045 2606 2114 2662 Et
2148 2611 2389 2678 reﬂoruit
2418 2627 2544 2667 caro
2574 2628 2712 2668 mea.
2747 2613 2877 2680 Quae
2908 2623 3036 2671 ante
3065 2615 3135 2671 ob
3158 2616 3557 2676 sollicitudines

1972 2708 2026 2752 et
2051 2698 2378 2756 amictiones
2410 2701 2592 2758 varias
2630 2703 2900 2760 tabefacta
2927 2717 3048 2761 erat

2047 2811 2112 2864 Et
2132 2828 2197 2866 ea:
2231 2815 2502 2870 voluntate
2533 2833 2645 2869 utea
2669 2818 2961 2886 conﬁtebor
2981 2821 3046 2872 ei.
3069 2817 3330 2891 Prompto
3348 2823 3555 2887 animo,

1976 2905 2179 2973 inquit,
2219 2915 2387 2975 atque
2415 2923 2480 2962 ex
2511 2908 2680 2963 corde
2712 2909 2766 2963 id
2799 2908 3026 2974 faciam,
3071 2927 3180 2965 non
3213 2922 3269 2966 ut
3306 2923 3557 2970 coactus.

1977 2997 2170 3054 Simile
2197 2999 2342 3053 istud
2374 3009 2458 3056 est
2497 3015 2512 3053 :
2553 2999 2869 3055 Voluntarie
2895 3003 3213 3071 sacriﬁcabo
3244 3006 3341 3060 tibi
3371 3007 3436 3060 ".
3457 3005 3563 3063 Per

1981 3092 2398 3147 canfessiouem
2433 3107 2564 3148 vero
2587 3092 2891 3162 gratiarum
2939 3096 3220 3151 actionem
3291 3097 3558 3169 intelligo.

2055 3204 2221 3261 Vsus.
2252 3206 2305 3263 8.
2342 3205 2606 3261 Dominus
2637 3206 2898 3276 fortitudo
2930 3209 3112 3276 populi
3137 3213 3240 3274 sui,
3273 3220 3323 3265 et
3382 3223 3560 3280 prote-

1985 3308 2098 3352 ctor
2131 3297 2363 3352 solutum
2389 3296 2588 3353 Christi
2616 3301 2697 3352 sui
2721 3309 2820 3356 est.
2855 3301 3142 3370 Dominus,
3168 3303 3366 3374 inquit,
3386 3321 3571 3376 ινοριιοο·

1985 3390 2098 3443 lum
2133 3405 2294 3446 suum
2320 3390 2426 3445 sibi
2465 3390 2784 3446 dedicatum
2811 3391 3099 3450 fortiorem
3128 3393 3330 3461 reddit,
3383 3405 3436 3452 et
3463 3413 3562 3468 pro

1986 3483 2136 3537 illius
2163 3492 2367 3554 pugnat
2393 3482 2596 3545 salute,
2626 3484 2726 3555 qui
2755 3485 3011 3542 mandato
3045 3486 3168 3557 ejus
3211 3487 3278 3542 ad
3333 3503 3560 3560 regnum

1989 3584 2192 3632 unctus
2220 3584 2305 3631 est
2360 3574 2640 3647 [Christus
2701 3577 2907 3631 etenim
2964 3589 3188 3632 unctum
3243 3581 3561 3654 significat].

1993 3666 2065 3723 De
2101 3669 2286 3736 scipso
2317 3675 2498 3719 autem
2529 3681 2594 3719 ac
2630 3665 2696 3718 de
2725 3673 2844 3719 toto
2876 3668 3079 3738 populo
3119 3684 3428 3725 sermonem
3479 3672 3564 3726 fa-

1990 3761 2086 3824 cit,
2113 3758 2280 3812 veluti
2316 3757 2579 3827 praescius
2604 3756 2802 3811 futurae
2826 3758 3250 3814 immutationis.

2062 3873 2229 3928 Vens.
2265 3871 2320 3926 9.
2352 3869 2574 3926 Salvum
2604 3869 2692 3938 fac
2727 3870 2980 3939 populum
3009 3879 3177 3936 tuum,
3211 3871 3449 3939 Domine,
3479 3875 3566 3928 beo

1992 3963 2142 4016 uetlic
2174 3960 2476 4016 licereditati
2506 3969 2631 4012 tute.
2655 3959 2823 4025 Quasi
2846 3963 2958 4028 jam
3004 3976 3231 4028 regnum
3272 3971 3565 4032 susceptu-

1994 4064 2090 4102 rus
2125 4056 2296 4112 esset,
2323 4059 2376 4101 et
2409 4046 2540 4100 huic
2575 4046 2654 4101 rei
2681 4047 2909 4117 propior
2965 4063 3130 4118 quam
3180 4060 3362 4119 antea,
3410 4062 3565 4124 rogat

1994 4141 2268 4213 Propheta
2302 4155 2401 4212 pro
2432 4139 2632 4210 populo
2654 4139 2790 4211 ,Dei
2816 4159 2831 4208 ;
2861 4141 3084 4212 etquod
3121 4143 3425 4202 hmreditati
3451 4166 3565 4205 suae

1994 4235 2148 4298 dicit,
2174 4233 2350 4288 simile
2381 4234 2429 4287 ei
2452 4239 2534 4285 est
2589 4232 2734 4301 quod
2778 4235 3009 4303 legimus
3079 4235 3132 4289 in
3199 4237 3408 4306 Exodo,
3475 4243 3569 4298 ubi

1993 4327 2271 4382 lsraelitas
2294 4325 2438 4380 Deus
2472 4326 2730 4396 populum
2767 4341 2926 4383 suum
2963 4327 3321 4400 peculiarem,
3343 4332 3446 4388 hoc
3478 4345 3568 4391 est

1999 4416 2404 4471 haereditarium
2442 4417 2753 4486 appellavit.

365 4539 475 4592 Kal
509 4538 818 4606 ποίμανον
855 4536 1098 4602 αὐτούς.
1131 4531 1716 4604 Συμϐασιλεύωνὲμοὶ,
1743 4549 1879 4601 συμ-

2065 4531 2134 4585 Et
2160 4546 2314 4598 pasce
2345 4547 2453 4584 eos.
2523 4529 2698 4583 Simul
2748 4545 2960 4585 mecum
2999 4547 3230 4604 regnans
3260 4575 3274 4600 ,
3326 4538 3572 4609 mihique

303 4627 574 4685 δουλεύων
601 4629 746 4697 ἐμοί.

372 4747 480 4799 Kal
538 4746 776 4813 ἐπαρον
851 4741 1074 4807 αὐτοὺς
1138 4742 1249 4806 ἕως
1309 4740 1417 4794 τοῦ
1465 4739 1700 4804 αιῶνος.
1781 4737 1888 4789 Καὶ

309 4837 526 4908 in}va
551 4841 672 4902 τοῖς
702 4836 988 4908 τροπαίοις
1016 4837 1178 4904 μέχρι
1205 4833 1425 4894 παντός.
1443 4831 1680 4886 Δύναται
1709 4829 1767 4882 δὲ
1796 4831 1888 4882 καὶ

308 4933 483 5002 sapa
516 4933 641 4994 τοῦ,
696 4931 807 4995 Δὸς
861 4929 1090 4994 αὐτοῖς,
1173 4928 1368 4996 Κύριε,
1418 4924 1568 4979 κατὰ
1616 4922 1688 4978 τὰ
1745 4921 1892 4991 ἔργα

308 5021 529 5084 αὐτῶν,
564 5025 662 5076 καί
695 5022 761 5074 τὶ
781 5021 928 5090 ἑξῆς,
961 5023 1057 5073 καὶ
1087 5019 1232 5072 κατὰ
1287 5017 1399 5069 τῶν
1453 5014 1890 5085 σταυρωσὰντων

308 5115 394 5166 τὸν
424 5114 675 5184 Χριστὸν
701 5113 976 5167 Ἰουδαίων
1006 5111 1284 5172 ἕλκεσθαι,
1335 5108 1534 5170 οἵτινες
1595 5104 1891 5175 παμπόνη-

315 5221 392 5274 ροι
414 5207 603 5269 ὄντες,
631 5207 692 5257 οὐ
729 5208 975 5275 συνῆκαν
1007 5207 1086 5266 είς
1106 5203 1140 5258 ὃ.
1169 5199 1446 5272 ἠργάζετο
1494 5200 1778 5267 τεράστια.
1803 5195 1896 5248 Διὸ

311 5296 768 5366 καθαιρεθέντος,
837 5296 1022 5348 οὐκέτι
1076 5291 1482 5362 ἀνωρθώοησαν
1515 5306 1529 5321 ο
1584 5291 1611 5342 ὁ
1663 5287 1720 5340 δὲ
1763 5288 1898 5348 Θεὸς

314 5389 697 5457 ἐκραταίωσεν
729 5388 820 5442 τὸν
856 5388 1054 5441 πιστὸν
1109 5385 1259 5450 λαὸν,
1319 5385 1413 5437 καὶ
1457 5381 1528 5434 τὰ
1587 5380 1737 5450 ἑξῆς.
1788 5379 1898 5433 Καὶ

319 5475 470 5543 αὖθις
508 5484 543 5550 ἡ
573 5480 711 5550 εὐχὴ
740 5481 877 5550 πρὸς
903 5480 996 5533 τὸν
1024 5477 1280 5548 Χριστὸν,
1305 5475 1448 5545 ὑπὲρ
1483 5473 1575 5526 τοῦ
1607 5472 1665 5538 ἐξ
1723 5469 1895 5524 ὲυνῶν

319 5570 444 5625 λαοῦ
484 5572 664 5628 αὑτοῦ
694 5574 939 5635 ὄοοέντος
982 5571 1134 5640 αὐτῷ
1163 5573 1242 5632 εἰς
1297 5566 1685 5639 κληρονομίαν,
1714 5563 1771 5615 ὃν
1803 5561 1897 5614 καὶ

321 5662 592 5715 inclusive
625 5665 716 5715 καὶ
740 5662 956 5731 ὕψωσεν
990 5661 1226 5731 ἀληθῶς.

392 5845 434 5873 ³⁸
466 5843 623 5900 Psal.
663 5861 778 5912 Lm,
818 5846 870 5900 8.
962 5847 1002 5878 ¹⁷
1037 5846 1180 5902 Psal.
1218 5862 1384 5904 xxvn.
1427 5848 1479 5900 4.

631 5941 909 6001 Ps'rnoe.
961 5943 1077 6003 ϐυ.
1113 5943 1453 6004 CXXVIII.

1995 4624 2306 4681 consulens.

2073 4741 2138 4794 Et
2169 4739 2359 4794 extolle
2383 4755 2468 4794 eos
2501 4755 2663 4809 usque
2690 4740 2743 4792 in
2761 4739 3036 4795 sa'culum.
3112 4741 3178 4794 Et
3231 4746 3434 4800 extollo
3477 4763 3574 4803 eos

2001 4835 2226 4904 tropaeis
2277 4833 2578 4902 perpetuis.
2633 4832 2727 4886 Illa
2763 4833 2926 4886 etiam
2959 4834 3281 4903 imprecatio
3320 4840 3574 4907 superius

1998 4928 2143 4982 facta
2176 4944 2189 4980 :
2235 4925 2317 4978 Da
2345 4926 2480 4990 illis,
2513 4925 2754 4989 Domine,
2793 4926 3080 4979 secundum
3113 4943 3270 4994 opera
3292 4947 3472 4984 eorum
3509 4934 3573 4996 υ,

1999 5026 2184 5090 potest
2215 5019 2281 5072 ad
2312 5017 2672 5072 crucifixores
2723 5016 2924 5071 Christi
2977 5017 3214 5075 referri:
3279 5022 3373 5089 qui
3426 5025 3573 5076 omni

2002 5113 2272 5183 pravitate
2309 5110 2527 5174 imbuti,
2553 5125 2661 5163 non
2703 5109 3095 5166 intellexerunt
3137 5114 3426 5174 miracula.
3482 5124 3578 5166 aut

2007 5202 2298 5258 aDomino
2355 5200 2522 5256 facta.
2582 5199 2928 5272 Quapropter
2987 5212 3044 5258 et.
3107 5203 3378 5258 dcstrueti
3429 5213 3576 5270 sunt,

2009 5304 2065 5348 et
2087 5292 2324 5362 amplius
2413 5306 2520 5345 non
2617 5293 2838 5345 erecti:
2925 5304 3118 5348 contra
3207 5303 3386 5345 autem
3439 5292 3581 5348 Deus

2011 5385 2276 5456 populum
2303 5398 2464 5437 suum
2493 5383 2831 5447 iortilicavit,
2867 5394 2920 5439 et
2946 5399 3067 5453 quae
3125 5395 3444 5452 sequuntur,
3471 5395 3580 5439 etc.

2010 5479 2078 5533 Et
2112 5491 2305 5532 rursus
2332 5477 2498 5531 etiam
2539 5475 2716 5530 oratio
2747 5475 2813 5528 ad
2839 5475 3123 5530 Christum
3161 5475 3454 5542 referatur,
3482 5495 3583 5550 pro

2011 5563 2215 5636 pOpulo
2263 5579 2330 5619 ex
2383 5565 2663 5635 gentibus,
2690 5565 2780 5635 qui
2815 5564 2890 5618 illi
2935 5566 2986 5618 iu
3018 5565 3390 5622 haereditatem
3421 5570 3584 5626 datus

2011 5665 2114 5723 est,
2141 5665 2192 5710 et
2220 5672 2380 5727 quem
2414 5656 2560 5726 pavit
2587 5655 2840 5713 Christus
2867 5664 3028 5726 atque
3057 5658 3336 5715 exultavit.

3204 5931 3271 5994 ll
