4110 6210
391 316 498 381 €33

1545 298 1940 366 COMMENT.
1974 295 2059 356 IN
2095 294 2457 358 PSALMOS.

3536 289 3643 355 83‘

401 423 805 497 Ἰεροσολύμοις
839 422 1131 492 συναγωγή
1159 438 1173 453 ο
1210 418 1348 491 μετὰ
1373 416 1550 487 δὲτὴν
1597 418 1677 479 εἰς
1728 411 1966 484 Χριστὸν

2083 411 2263 465 eratin
2290 409 2592 467 Jerusaiem
2630 410 2765 478 ;sed
2792 416 2915 480 post
2949 408 3307 464 contumelias
3361 418 3389 462 ε
3433 405 3639 462 Iudaeis

391 519 571 588 ὓῆριν,
596 516 816 585 ἐγένετο
836 517 868 585 ἠ
887 514 1114 578 ἔπαυλις
1142 512 1326 567 αὐτῶν
1366 509 1732 582 ἡρημωμένη.
1766 506 1963 558 “rm-

393 626 486 679 ρον
521 608 577 659 δὲ
604 609 828 674 γέγονεν
859 605 999 676 αὐλὴ
1029 606 1159 674 ἁγία
1174 605 1272 657 τοῦ
1307 601 1570 673 Χριστοῦ,
1601 603 1633 671 ὴ
1675 599 1783 653 τῶν
1830 599 1963 667 Χρι-

392 696 626 749 στιανῶν
671 695 968 765 Ἐκκλησία
992 695 1086 748 καὶ
1121 694 1326 760 πίστις,
1358 695 1417 747 ὲν
1518 691 1847 763 προσκυνεῖν
1865 689 1964 742 αύ-

389 789 480 841 τδν
508 789 536 840 δ
565 787 721 855 λόγος
753 787 1146 856 προτρέπεται,
1173 785 1405 839 κωλύων
1431 786 1530 849 τὰς
1581 780 1966 854 σχισματικῶς

393 879 894 949 παρασυναγωγὰς,
919 880 1016 931 καὶ
1044 880 1217 950 μόνην
1242 877 1514 948 ὲκκρίνων
1550 876 1650 945 τὴν
1698 875 1806 929 ἀπὸ
1832 874 1964 945 Χρι-

397 968 523 1022 στοῦ
556 968 995 1040 παραδεδομένην
1028 970 1233 1023 πίστιν.
1264 968 1502 1021 Δυνατδν
1528 966 1585 1019 δὲ
1624 967 1819 1035 νοῆσαι
1871 964 1967 1016 αὖ·

393 1058 494 1129 λὴν
522 1060 615 1109 καὶ
637 1059 737 1128 τὴν
764 1059 1113 1128 ἐπουράνιον.
1147 1059 1247 1111 Διὰ
1272 1058 1432 1112 τοῦτο
1456 1059 1506 1111 oi
1566 1046 1966 1125 πεφυτευμένοι

397 1145 632 1200 ἐνταῦθα
660 1149 719 1200 ὲν
739 1147 817 1217 τῷ
843 1148 977 1219 οἴκῳ
1007 1150 1241 1220 Κυρίου,
1303 1148 1504 1218 δηλαδὴ
1558 1149 1625 1217 τῇ
1671 1145 1970 1216 Ἐκκλησία

398 1237 508 1288 τῶν
540 1238 766 1303 πιστῶν,
791 1239 850 1292 ἐν
910 1242 1031 1303 ταῖς
1090 1241 1282 1305 αὐλαῖς
1333 1242 1454 1294 ὲκεί
1492 1238 1588 1292 τοῦ
1630 1237 1764 1291 Θεοῦ
1810 1237 1968 1309 ἡμῶν

398 1329 769 1399 ἑξανθὴσουσι.

464 1423 636 1489 Φωνὴ
684 1425 904 1493 Κυρίου
960 1426 1059 1479 ἐπὶ
1094 1426 1214 1479 τῶν
1240 1426 1495 1482 ὑδάτων.
1529 1427 1703 1481 Τοῦτο
1753 1444 1969 1498 προφη-

392 1513 511 1567 τεία
538 1517 666 1585 περὶ
694 1518 794 1586 τῆς
826 1516 1137 1589 ἐνεχθείσης
1166 1517 1378 1571 ἄνωθεν
1410 1519 1595 1589 φωνῆς
1628 1519 1967 1593 ὲνΊορδάνῃ,

393 1606 484 1659 ὅτε
513 1608 541 1659 δ
575 1607 811 1676 Χριστὸς
854 1606 1210 1670 ὲὸαπτίσατο,
1245 1608 1551 1677 λεγούσης*
1579 1605 1771 1675 Οὗτός
1800 1608 1971 1663 ἐστιν

398 1700 432 1751 ὁ
468 1698 603 1763 Υιός
623 1715 743 1767 μου
782 1701 815 1753 ὁ
835 1699 1166 1768 ἀγαπητὸς,
1198 1700 1269 1753 ἐν
1296 1694 1346 1767 ᾧ
1382 1699 1720 1768 ηὺόόκησα.

478 1789 540 1841 '0
569 1752 714 1856 ὸὲδς
735 1789 845 1857 τῆς
867 1752 1057 1857 iisan}
1084 1752 1521 1861 seiungam
1535 1752 1726 1863 ιιὲιὲῆῥ
1757 1794 1971 1863 ἀφῆκεν
2000 1752 2044 1808 ¹¹

398 1883 613 1953 ἐκείνην
641 1885 742 1954 τὴν
789 1885 1000 1955 φωνὴν,
1051 1884 1118 1955 ἢν
1155 1886 1253 1939 καὶ
1302 1884 1532 1954 βροντὴν
1563 1884 1842 1953 ὀνομάζει,
1883 1885 1972 1939 διὰ

396 1975 459 2026 τὸ
491 1974 549 2041 ἐξ
578 1974 817 2044 ούρανοῦ
848 1975 1206 2044 κατηνέχθαι,
1241 1976 1367 2029 ὅθεν
1401 1977 1496 2028 καὶ
1529 1976 1586 2029 at
1619 1976 1862 2046 βρονταὶ,
1880 1975 1976 2029 καὶ

397 2066 489 2120 διὰ
516 2067 578 2119 τὸ
601 2067 853 2138 στερρὸν,
880 2066 977 2121 καὶ
1008 2066 1361 2131 ἐξάκουστον.
1394 2068 1541 2140 Θεὸς
1559 2067 1618 2120 δὲ
1645 2065 1753 2133 τῆς
1768 2066 1974 2134 δόξης,

401 2158 523 2209 ἁντί
549 2156 668 2218 τοῦ,
698 2156 930 2222 ἔνδοξος,
966 2155 1159 2227 ὥσπερ
1201 2156 1300 2210 καὶ
1330 2157 1464 2220 Θεὸς
1497 2157 1600 2227 τῆς
1628 2156 1911 2228 ἀληθείας,
1950 2158 1980 2210 δ

404 2246 681 2317 ἀληθινὸς,
716 2246 814 2300 καὶ
860 2246 995 2311 Θεδς
1039 2249 1394 2319 ἐκδικήσεως,
1448 2251 1478 2303 δ
1526 2249 1841 2320 ὲκδικητὴς,
1884 2249 1981 2303 καὶ

406 2338 541 2401 Θεὸς
569 2339 878 2410 δυνάμεων,
911 2342 939 2393 δ
964 2340 1190 2404 δυνατὸς
1200 2381 1214 2407 ,
1241 2341 1336 2395 καὶ
1364 2340 1500 2404 Θεὸς
1533 2341 1739 2408 ἐλέους,
1769 2344 1798 2396 δ
1826 2342 1981 2412 Hei)-

409 2446 551 2499 μων,
582 2432 679 2484 καὶ
713 2431 814 2484 ὅσα
859 2430 1087 2486 τοιαῦτα
1112 2447 1128 2464 ⁸
1164 2432 1361 2503 ἰδίωμα
1403 2433 1513 2506 γὰρ
1546 2434 1643 2487 καὶ
1684 2434 1846 2489 τοῦτο
1879 2434 1980 2505 τῆς

403 2517 668 2581 Παλαιᾶς.

408 2720 413 2725 ’
474 2704 694 2772 Κύριος
728 2705 827 2759 ἐπί
886 2707 1127 2762 ὑδάτων
1173 2710 1442 2765 πολλῶν.
1504 2711 1564 2766 '0
1620 2714 1857 2785 Χριστὸς
1918 2715 1978 2768 ἑν

404 2795 562 2851 ὕδασι
586 2835 604 2863 ,
639 2801 751 2862 τοῖς
781 2800 874 2853 τοῦ
913 2802 1202 2871 Ἰορδάνου,
1236 2805 1331 2856 καὶ
1357 2802 1426 2856 δι’
1461 2802 1689 2857 ἐκείνων
1719 2806 1779 2857 ὲν
1811 2806 1980 2858 πᾶσιν

404 2887 614 2955 ὕδασιν,
639 2891 883 2958 ἁγιάζων
913 2892 1011 2963 τὴν
1037 2893 1199 2962 φύσιν
1227 2895 1407 2947 αὐτῶν
1438 2896 1497 2948 ὲν
1534 2896 1799 2968 Ἰορδάνῃ.

476 2981 651 3048 Φωνὴ
679 2985 899 3050 Κυρίου
928 2987 1000 3038 ἐν
1028 2988 1217 3054 ἰσχύϊ.
1236 2987 1433 3056 Ἐν·τῷ
1472 2989 1679 3058 ίσχυρῷ
1706 2990 1850 3044 κατὰ
1872 2992 1982 3045 τῶν

2067 503 2121 557 in
2156 503 2438 558 Christum
2462 503 2668 568 illatas,
2711 503 2852 557 facta
2894 509 2978 557 est
3007 501 3272 555 habitatio
3313 501 3406 554 illa
3471 500 3634 555 deso-

2068 594 2538 652 lata.Novissimc
2572 606 2752 650 autem
2793 598 2915 650 aula
2965 605 3155 649 sancta
3212 594 3438 655 Christi,
3492 593 3634 648 facta

2067 698 2156 744 est
2184 690 2627 753 Christianorum
2664 689 2908 745 Ecclesia
2934 704 2996 744 ac
3032 690 3188 750 ﬁdes.
3231 689 3290 742 in
3350 702 3459 757 qua
3513 703 3639 755 pro-

2069 783 2326 853 pheticus
2350 796 2538 837 sermo
2572 783 2910 838 adorandum
2960 799 3085 839 esse
3118 782 3413 836 Dominum
3463 781 3639 850 jubet,

2069 890 2265 930 omnes
2295 876 2790 947 alias-illegitimas
2836 878 3285 948 cengregationes
3324 873 3639 944 prohibens,

2069 976 2124 1022 ct
2157 969 2329 1023 solam
2372 968 2581 1038 eligens
2616 969 2773 1024 ﬁdem
2799 984 2828 1022 a
2858 969 3076 1024 Christo
3118 967 3401 1022 traditam.
3437 966 3646 1021 Intelli-

2071 1078 2198 1132 gere
2232 1062 2400 1116 etiam
2442 1077 2744 1133 possumus
2769 1078 2864 1133 per
2899 1063 3104 1126 aulam,
3131 1058 3649 1116 cmlestemhahita-

2071 1154 2299 1207 tionem.
2342 1153 2477 1205 Nam
2516 1153 2551 1207 ii
2589 1154 2682 1222 qui
2726 1154 2780 1207 in
2830 1154 2934 1208 hac
2963 1154 3072 1207 vita
3126 1151 3355 1223 plantati
3409 1159 3539 1205 sunt
3593 1152 3645 1203 in

2070 1243 2231 1299 domo
2263 1242 2500 1310 Domini,
2527 1244 2639 1299 illic
2667 1245 2721 1299 in
2752 1246 2892 1302 aulis
2918 1245 3013 1300 Dei
3045 1244 3217 1300 nostri
3246 1242 3542 1299 ﬂorebunt.

2149 1418 2309 1475 Vens.
2342 1422 2395 1476 3.
2432 1419 2541 1475 Vox
2565 1420 2781 1475 Domini
2805 1437 2963 1491 super
3001 1435 3189 1490 aquas.
3218 1417 3509 1488 Prophetia
3532 1416 3647 1471 lure

2071 1521 2160 1577 est
2188 1513 2255 1567 de
2275 1528 2410 1568 voce
2450 1528 2572 1584 quae
2620 1516 2673 1567 in
2707 1512 2947 1568 Jordanc
2978 1526 3221 1583 superne
3249 1510 3492 1565 demissa
3535 1518 3642 1574 εει,

2073 1606 2294 1675 quando
2320 1605 2574 1660 Christus
2605 1604 3007 1676 baptizahatur,
3041 1604 3235 1659 dicens
3259 1622 3274 1658 :
3308 1602 3413 1656 llic
3442 1612 3521 1657 est
3549 1600 3645 1654 Fi-

2073 1700 2176 1755 lius
2210 1715 2354 1753 meus
2375 1699 2618 1764 dilectus,
2639 1699 2692 1753 in
2721 1715 2824 1769 quo
2861 1698 3160 1768 complacui
3215 1698 3344 1751 milii
3364 1698 3427 1750 “.

2145 1789 2288 1844 Deus
2348 1790 2532 1861 gloria:
2570 1791 2827 1844 intonuit.
2887 1790 3008 1859 Ipse
3051 1787 3211 1846 Pater
3268 1804 3455 1845 vocem
3493 1788 3640 1843 illam

2074 1883 2263 1939 emisit
2293 1898 2457 1949 quam
2492 1882 2757 1937 diximus.
2793 1881 3126 1935 'l‘onitruum
3156 1891 3339 1936 autem
3379 1896 3500 1935 eam
3542 1895 3644 1949 ap-

2077 1974 2307 2043 pellavit
2330 1972 2628 2042 Propheta,
2664 1982 2720 2026 et
2750 1972 2885 2039 quia
2916 1988 2947 2027 e
2978 1974 3121 2026 coelo
3145 1973 3327 2026 delata
3373 1981 3460 2027 est
3500 1974 3648 2027 unde

2082 2064 2316 2119 veniunt
2346 2064 2592 2117 tonitrua
2622 2070 2676 2123 et
2715 2071 2938 2132 propter
2971 2063 3121 2118 illius
3156 2064 3596 2133 magnitudinem
3631 2081 3647 2117 :

2083 2170 2214 2211 nam
2250 2157 2319 2210 ab
2345 2155 2607 2211 omnibus
2653 2156 2721 2210 de
2752 2154 2906 2209 facili
2937 2155 3123 2209 audita
3148 2164 3254 2211 est.
3294 2155 3434 2210 Deus
3469 2166 3648 2211 autem

2079 2249 2271 2321 gloria:
2300 2247 2443 2303 dixit
2475 2263 2598 2319 pro,
2643 2248 2787 2304 Deus
2831 2248 3135 2319 gloriosus,
3188 2245 3651 2318 quemadmodum

2080 2351 2140 2396 et
2179 2341 2308 2396 ahbi
2358 2340 2499 2397 Deus
2528 2341 2733 2396 dicitur
2759 2341 3026 2408 veritatis,
3049 2340 3193 2396 Deus
3239 2340 3483 2404 ultionis,
3510 2338 3654 2393 Deus

2078 2433 2487 2504 potentiarum,
2524 2441 2579 2489 et
2635 2432 2777 2487 Deus
2836 2432 3382 2495 misericordiarum,
3427 2446 3527 2501 pro
3587 2445 3656 2485 eo

2078 2524 2226 2595 quod
2237 2532 2344 2592 est,
2365 2524 2508 2581 Deus
2521 2538 2708 2591 verus,
2728 2524 2867 2579 Deus
2885 2523 3105 2586 vindex,
3122 2524 3262 2580 Deus
3275 2532 3490 2595 potens,
3509 2522 3655 2581 Deus

2078 2614 2414 2672 misericors.
2455 2617 2659 2672 idioma
2685 2616 2833 2672 enim
2866 2624 2951 2672 est
2980 2616 3179 2673 veteris
3208 2617 3530 2686 Scriptura.

2099 2718 2108 2725 “
2153 2710 2414 2766 Dominus
2439 2726 2598 2780 super
2632 2726 2801 2780 aquas
2837 2710 3063 2765 multas.
3096 2709 3653 2767 Cltristus'nimirum

2082 2802 2140 2857 iu
2190 2802 2350 2871 aquis
2379 2801 2624 2856 ﬂuminis
2682 2790 3064 2868 Jordanis,‘et
3117 2801 3323 2871 ubique
3379 2819 3479 2873 per
3506 2804 3655 2869 illas,

2085 2909 2351 2965 aquarum
2376 2902 2631 2949 naturam
2662 2894 3037 2951 sanctiﬁcans.
3350 2895 3358 2905 ’

2158 2986 2325 3043 Vens.
2356 2987 2409 3042 4.
2466 2986 2821 3061 Vox'Domini
2847 2990 2902 3042 in
2926 2988 3259 3058 fortitudine.
3292 2990 3348 3044 in
3381 2989 3532 3055 forti,
3568 2991 3657 3045 in-

405 3069 599 3124 παθῶν
629 3074 783 3144 ἀνδρὶ
815 3076 967 3147 φωνὴ
994 3077 1206 3144 γίνεται
1233 3079 1467 3149 Κυρίου,
1525 3082 1844 3149 ῥωννύουσα
1885 3084 1980 3136 καὶ

2087 3080 2225 3151 quit,
2283 3096 2349 3135 ae
2403 3081 2637 3138 robusto
2673 3081 2941 3137 adversus
2987 3083 3275 3151 passiones
3324 3092 3492 3155 atque
3527 3085 3658 3143 οπρ-

410 3163 779 3237 ύποτιθεμένη
813 3168 881 3220 τὰ
908 3168 1116 3224 δέοντα.

479 3362 653 3431 Φωνὴ
708 3365 933 3432 Κυρίου
984 3366 1057 3420 ἐν
1098 3370 1602 3439 μεγαλοπρεπείῃ.
1662 3372 1769 3424 Και
1807 3373 1864 3425 ὲν
1899 3371 1979 3442 τῷ

413 3446 849 3526 μεγαλοπρεπεῖ,
884 3456 962 3526 τῷ
994 3460 1423 3529 καταφρονοῦντι
1465 3462 1564 3529 μὲν
1595 3462 1702 3516 τῶν
1738 3465 1978 3535 γεηρῶν,

413 3541 699 3613 φρονοῦντι
732 3544 788 3598 δὲ
815 3547 884 3599 τὰ
907 3547 1136 3617 οὐράνια
1157 3565 1170 3580 ·
1202 3550 1276 3614 ὡς
1305 3549 1600 3622 δηλοῦσθαι
1639 3552 1728 3606 διὰ
1759 3554 1859 3623 μὲν
1878 3554 1979 3626 τῆς

413 3635 624 3706 ἰσχύος,
650 3638 743 3691 τὸν
772 3641 1081 3710 πρακτικόν
1102 3660 1115 3674 ·
1152 3643 1241 3699 διὰ
1271 3644 1330 3699 δὲ
1350 3646 1448 3717 τῆς
1475 3646 1976 3720 μεγαλοπρεπείας,

410 3727 502 3781 τδν
525 3727 883 3801 θεωρητικόν.

485 3821 658 3890 Φωνὴ
687 3826 933 3892 Κυρίου,
956 3829 1387 3895 συντρίϐοντος
1409 3831 1679 3899 κέδρους.
1698 3832 1764 3886 Ἦ
1790 3833 1983 3901 κέδρος

411 3913 545 3967 ποτὲ
598 3915 696 3984 μὲν
733 3916 827 3968 ἐπὶ
874 3916 1045 3970 καλοῦ
1095 3917 1454 3987 λαμσάνεται,
1487 3921 1578 3975 διὰ
1608 3922 1672 3974 τὸ
1729 3924 1983 3991 ἄσηπτον

413 4005 507 4058 καὶ
562 4007 877 4078 κατάκομον
934 4010 1029 4061 καὶ
1074 4009 1298 4073 εὐῶδες,
1352 4011 1428 4073 ὡς
1481 4012 1580 4064 τό·
1616 4013 1854 4079 Δίκαιος
1903 4012 1985 4081 ὡς

410 4096 614 4164 φοίνιξ
638 4099 911 4166 ἀνθήσει,
940 4100 1037 4154 καὶ
1063 4101 1205 4154 ὡσεί
1229 4100 1442 4171 κέδρος
1485 4104 1523 4173 ἠ
1554 4105 1625 4158 ἐν
1645 4102 1725 4169 τῷ
1754 4104 1985 4170 Λιϐάνῳ

414 4190 912 4259 πληθυνθήσεται
935 4208 948 4222 ·
994 4191 1125 4246 ποτὲ
1157 4193 1214 4247 δὲ
1244 4194 1336 4247 ἐπὶ
1370 4194 1542 4248 κοικοῦ
1560 4237 1575 4261 ,
1603 4195 1693 4248 διὰ
1721 4197 1782 4249 τὸ
1812 4196 1986 4267 ἄκαρο

412 4296 518 4332 πον
538 4281 634 4334 καὶ
661 4281 1088 4353 δυσκαμπὲς,ὠς
1108 4285 1170 4338 τό
1187 4300 1200 4314 ·
1234 4283 1417 4341 Εἶδον
1442 4288 1548 4341 τὸν
1584 4287 1775 4358 ἀσεϐῆ
1807 4290 1985 4359 ὑπερ-

2087 3183 2209 3229 etus
2236 3174 2477 3238 homine,
2521 3188 2627 3228 vox
2685 3174 2898 3229 Domini
2960 3176 3038 3240 ﬁt,
3092 3177 3364 3234 roborans
3416 3194 3543 3234 eum
3590 3195 3657 3234 ac

2086 3279 2389 3335 suggerens
2419 3280 2541 3335 quae
2573 3266 2887 3321 necessaria
2915 3274 3067 3320 sunt.

2167 3354 2280 3411 Voa:
2319 3356 2532 3412 Domini
2566 3358 2622 3411 in
2663 3359 3084 3429 magniﬁcentia.
3127 3362 3242 3418 Hoc
3286 3372 3394 3429 est,
3446 3364 3500 3418 in
3537 3380 3659 3419 ma-

2083 3449 2284 3519 gniﬁco
2316 3464 2384 3505 eo
2409 3451 2549 3515 viro,
2573 3452 2665 3520 qui
2698 3454 2983 3508 terrestria
3008 3456 3300 3523 spreverit,
3326 3462 3382 3509 et
3403 3455 3656 3515 cmlestia

2086 3548 2297 3595 tantum
2364 3542 2663 3597 meditetur
2697 3557 2711 3594 :
2749 3551 2808 3596 ut
2869 3560 2966 3604 per
3007 3545 3392 3601 tortztudincm
3431 3550 3655 3618 quidem

2086 3634 2284 3698 aetiva,
2315 3649 2378 3689 ac
2408 3635 2636 3688 moralis
2668 3635 2868 3700 virtus,
2896 3651 2996 3704 per
3016 3636 3489 3705 magniﬁcentiam
3526 3655 3659 3695 vero

2086 3725 2522 3792 contemplativa
2550 3725 2915 3793 signiﬁcetur.

2164 3818 2327 3870 Vens.
2363 3815 2416 3867 5.
2467 3814 2581 3868 Vna:
2615 3816 2868 3880 Domini,
2909 3818 3288 3886 court-ingentis
3314 3802 3529 3875 cedrus;
3557 3821 3662 3875 Ce-

2090 3906 2228 3960 drus
2262 3904 2563 3973 aliquando
2596 3905 2651 3958 in
2686 3904 2890 3958 bonum
2941 3905 3230 3975 accipitur,
3265 3909 3392 3979 quia
3436 3910 3659 3965 cedrino

2089 3998 2236 4068 ligna
2286 3996 2772 4052 immarceseihilia
2825 4004 2993 4062 sunt,
3027 4006 3193 4066 atque
3242 3999 3565 4069 impulrida,
3604 4013 3662 4056 et

2090 4104 2282 4145 earum
2301 4088 2532 4144 materia
2552 4088 2720 4144 densa
2745 4095 2831 4142 est
2858 4096 3025 4157 atque
3042 4088 3291 4154 odorata,
3307 4091 3465 4159 juxta
3491 4092 3659 4146 illud:

2087 4176 2276 4232 Justus
2299 4186 2354 4230 ut
2379 4176 2563 4245 palma
2592 4176 2829 4246 ﬂorebit,
2877 4185 2925 4231 et
2956 4176 3093 4230 sicut
3153 4178 3338 4233 cedrus
3372 4181 3426 4235 in
3454 4180 3662 4239 Libano

2091 4268 2547 4339 multiplicabitur
2588 4268 2659 4332 ’⁵,
2727 4266 3028 4337 aliquando
3083 4278 3263 4323 autem
3314 4270 3369 4324 in
3437 4273 3663 4337 malum,

411 4373 765 4443 υψούμενον
782 4377 880 4429 καί
913 4377 1333 4447 ἐπαιρόμενον,
1356 4379 1438 4446 ὡς
1466 4380 1573 4445 τὰς
1601 4381 1855 4449 κέδρους
1875 4358 1982 4436 τοῦ

2088 4361 2216 4430 quia
2258 4360 2423 4415 arhor
2475 4367 2561 4414 est
2613 4359 2823 4414 sterilis
2885 4367 3054 4430 atque
3093 4358 3444 4431 inﬂexibilis,
3506 4364 3664 4434 juxta

414 4465 700 4521 Λιϐάνου.
729 4467 844 4519 Νῦν
877 4467 971 4521 οὖν
993 4468 1218 4539 κέδρους
1264 4469 1519 4540 ὀνομάζει
1542 4472 1668 4535 τοὺς
1700 4472 1980 4541 δαίμονας,

414 4555 500 4610 διὰ
524 4559 586 4610 τὸ
616 4558 947 4629 ἐπηρμένον.
992 4560 1057 4613 Ἦ
1082 4562 1313 4632 ἔπαρσις
1363 4564 1471 4633 γὰρ
1499 4565 1700 4625 αὐτοὺς
1741 4563 1850 4616 ἀπὸ
1887 4564 1984 4616 τοῦ

417 4650 652 4721 ούρανοῦ
679 4654 1145 4722 κατεκρήμνισεν.
1197 4654 1376 4722 Φωνὴ,
1407 4654 1565 4723 φησὶ,
1601 4657 1812 4723 γίνεται
1870 4656 1984 4709 Κυ-

419 4741 560 4811 ρίου,
619 4742 708 4795 ὅτε
763 4743 1041 4814 συντρίὸει
1078 4746 1170 4798 καὶ
1215 4744 1478 4815 ταράσσει
1518 4747 1644 4809 τοὺς
1700 4745 1981 4815 δαίμονας.

427 4831 820 4888 Ὑποστικτέον
868 4836 978 4906 γὰρ
1035 4837 1174 4905 μετὰ
1200 4837 1261 4889 τὸ
1305 4838 1548 4904 Κυρίου,
1585 4838 1672 4890 ἵνα
1699 4837 1916 4908 νοηθείη
1955 4839 1988 4905 ἡ

418 4925 659 4994 πλαγεία
708 4927 979 4993 σύνταξις.
1015 4929 1204 5000 Τούτῳ
1237 4928 1293 4981 δὲ
1335 4930 1412 4998 τῷ
1444 4930 1686 5000 σχήματι
1728 4932 1821 4983 καὶ
1857 4930 1992 4983 ύπο-

420 5014 623 5069 κατιὼν
652 5018 953 5088 ἐχρήσατο.

497 5194 605 5247 Kal
634 5196 953 5264 συντρίψει
987 5196 1202 5264 Κύριος
1229 5194 1337 5261 τὰς
1370 5194 1624 5263 κέδρους
1678 5195 1783 5249 τοῦ
1828 5195 1996 5251 Λιϐά-

421 5301 556 5339 νου.
592 5286 822 5350 Λίϐανο;
854 5288 978 5359 ὅρος
1006 5287 1209 5359 ὑψηλὸν
1237 5289 1603 5359 Παλαιστίνης
1638 5288 1993 5360 κεδροφόρον,

427 5377 727 5441 εἰδωλικοτς
766 5382 915 5444 ναοῖς
949 5380 1332 5450 ἀνακείμενον.
1361 5380 1525 5433 Ὅθεν
1566 5380 1791 5451 κέδρους
1823 5381 1994 5435 Λιϐά-

2091 4454 2225 4509 illud
2254 4472 2267 4507 :
2308 4451 2431 4507 Vidi
2461 4453 2686 4524 impium
2718 4458 3181 4525 superexultatum
3221 4468 3378 4528 atque
3404 4459 3663 4514 eleuatum

2091 4547 2225 4599 sicut
2248 4544 2431 4599 cedrus
2463 4542 2654 4599 Libani
2680 4546 2748 4600 ".
2769 4545 2886 4602 Hoc
2915 4547 2971 4602 iu
3004 4548 3126 4603 loco
3158 4548 3325 4620 igitur
3348 4565 3447 4619 per
3467 4552 3665 4606 cedros

2092 4639 2368 4692 dwniones
2394 4638 2650 4708 intelligit
2679 4648 2903 4709 propter
2939 4640 3234 4695 elationem
3258 4657 3321 4696 ac
3350 4644 3663 4713 superbiam

2092 4727 2272 4793 illam,
2318 4744 2442 4797 qua:
2472 4728 2538 4783 de
2565 4728 2712 4783 cuto
2738 4744 2836 4784 eos
2870 4730 3255 4799 praecipitavit.
3302 4730 3435 4796 Vox,
3462 4733 3663 4803 inquit,

2096 4819 2311 4874 Domini
2360 4820 2418 4874 ﬁt
2447 4861 2462 4886 ,
2496 4819 2717 4890 quando
2747 4821 2992 4876 conterit
3021 4837 3085 4876 ae
3133 4824 3432 4894 confringit
3469 4826 3667 4880 thema-

2100 4927 2221 4967 nes.
2251 4912 2498 4966 Functus
2535 4911 2682 4965 enim
2715 4900 3006 4980 ponendus
3038 4922 3144 4977 est,
3180 4924 3307 4982 post
3339 4916 3662 4979 dictionem,

2097 5003 2338 5067 Domini,
2366 5011 2424 5056 ut
2459 5003 2800 5071 intelligatur
2837 5019 2961 5059 esse
2994 5004 3216 5074 obliqua
3249 5009 3499 5082 quaedam
3527 5022 3665 5061 con-

2101 5095 2331 5150 structio
2356 5110 2370 5159 ;
2395 5109 2502 5162 qua
2533 5093 2798 5165 loquendi
2834 5092 3007 5165 ﬁgura
3038 5094 3183 5150 inira
3208 5098 3370 5149 etiam
3396 5111 3533 5150 usus
3559 5103 3663 5148 est.

2175 5189 2243 5244 Et
2283 5189 2574 5260 confringet
2626 5187 2879 5246 Dominus
2927 5191 3109 5247 cedros
3164 5190 3368 5246 Libani.
3427 5189 3666 5241 Libauus

2094 5295 2251 5335 mons
2290 5292 2373 5335 est
2415 5279 2721 5335 Palmstinze
2762 5282 3025 5354 regionis,
3061 5283 3231 5344 altus,
3266 5294 3329 5332 ac
3360 5277 3540 5331 terens
3577 5291 3664 5330 ce-

2095 5376 2249 5437 dros,
2291 5355 2563 5430 idolorum
2593 5376 2814 5446 templis
2839 5382 3223 5432 consecratum
3248 5389 3262 5437 ;
3295 5370 3437 5423 unde
3461 5382 3556 5436 per
3575 5384 3664 5422 cc-

427 5487 520 5523 νου
560 5469 711 5538 λέγει
743 5472 809 5524 τὰ
837 5473 1038 5543 τεμένη
1070 5474 1177 5527 τῶν
1219 5475 1476 5537 είδώλων,
1507 5473 1577 5527 τὰ
1623 5476 1681 5526 ἐν
1723 5474 1893 5544 αὐτῷ,
1932 5475 1985 5527 ὲκ

2096 5470 2228 5526 dros
2247 5469 2515 5526 idolorum
2542 5484 2766 5525 nemora
2789 5481 2855 5523 ac
2879 5469 3033 5524 lucos
3056 5463 3330 5533 intelligit,
3354 5461 3448 5531 qui
3471 5461 3526 5516 in
3546 5461 3666 5531 ipso

423 5562 523 5615 τοῦ
573 5562 920 5634 περιέχοντος
951 5565 1128 5634 δηλῶν
1158 5568 1226 5620 τὰ
1262 5566 1655 5637 περιεχόμενα,
1692 5568 1788 5623 καὶ
1823 5567 1985 5630 ἄλλως

2098 5577 2249 5633 sunt,
2281 5554 2378 5638 per
2407 5567 2701 5624 continens
2732 5571 2993 5621 contenta
3057 5558 3400 5631 signiﬁcans.
3450 5555 3664 5615 Similia

559 5741 605 5775 "‘
636 5741 832 5802 Matth.
881 5762 965 5812 ιιι,
996 5746 1081 5802 l7.
1126 5746 1172 5777 "
1197 5744 1346 5803 Psal.
1377 5761 1487 5816 xcv,
1520 5748 1606 5803 15.
1665 5746 1711 5782 ’⁸
1736 5714 1884 5805 Psal.
1908 5763 2090 5819 “xw,
2119 5749 2211 5806 '55.
