4110 6210
435 260 540 324 335

1686 250 2080 314 EUTHYMII
2104 250 2469 311 ZIGABENI

3603 251 3712 315 3'36

437 391 556 431 csse
613 374 800 433 cedris
854 373 1112 429 videntur
1143 370 1313 435 idola,
1369 377 1594 442 propter
1625 385 1817 426 eorum
1863 369 2022 424 tasti-

2129 369 2343 422 έοικότα
2371 368 2608 439 κέδροις,
2635 368 2723 422 διὰ
2751 386 2809 421 τε
2833 367 3038 438 ὑψηλὸν
3061 368 3159 439 τῆς
3184 369 3392 440 ὀροφῆς
3415 370 3509 422 καὶ
3539 375 3715 426 κατά-

440 467 609 534 gium,
648 466 983 522 densitatem
1047 478 1110 518 ac
1151 463 1527 518 Sterilitatem.
1561 462 1818 516 Prtrdieit
1859 461 2024 532 igitur

440 561 713 629 Propheta
763 559 851 612 hic
903 557 1180 612 idolorum
1231 556 1710 610 destructionem:
1747 571 1844 625 per
1899 573 2024 624 qua:

441 654 688 708 omnium
732 651 1049 716 huiusmodi
1102 651 1461 706 delubrorum
1509 651 1720 720 pariter
1782 651 2024 707 eversio-

440 759 564 798 nem
593 744 888 812 signiﬁcat.
1807 752 1811 756 '

519 834 677 888 Vens.
714 834 768 888 6.
817 834 882 888 Et
912 834 1238 889 comminuet
1267 848 1357 887 eos
1383 842 1441 886 ut
1468 833 1715 898 uitulum,
1735 833 2021 891 Libanum.

443 925 509 979 lit
543 925 1008 994 quemadmodum
1047 924 1281 980 vitulum
1319 923 1472 977 illum
1520 923 1614 992 qui
1667 924 1736 978 ab
1779 922 2024 983 Hebraeis

444 1018 496 1069 in
540 1017 759 1072 Choreb
791 1016 1094 1072 fabricatus
1121 1023 1241 1082 est,
1271 1015 1604 1069 comminuit
1629 1031 1693 1071 ac
1729 1016 2026 1086 dissipavit

441 1108 585 1163 Deus
625 1123 721 1177 per
753 1107 1014 1178 Moysem,
1058 1107 1140 1162 sic
1176 1107 1343 1161 etiam
1400 1105 1498 1162 has
1550 1105 1748 1162 cedros
1793 1109 2025 1163 commi-

441 1212 596 1258 nuet.
650 1202 859 1258 Deinde
916 1200 1419 1272 iutcrpungendum
1479 1210 1582 1264 est,
1627 1210 1682 1255 et
1714 1217 1811 1271 per
1850 1216 1910 1256 se
1950 1203 2028 1257 lc-

439 1296 614 1368 genda
649 1296 844 1359 dictio,
892 1295 1201 1359 Libanum;
1239 1309 1349 1349 non
1387 1294 1534 1348 enim
1570 1309 1733 1350 unum
1767 1302 1862 1349 aut
1891 1293 2027 1349 alte-

439 1403 557 1442 ram
586 1388 736 1442 illius
769 1395 1008 1456 partem,
1048 1386 1145 1442 sed
1181 1394 1357 1441 totum
1395 1393 1565 1454 atque
1599 1385 1654 1438 in
1701 1385 2022 1441 universum

441 1478 803 1535 comminuet.

514 1572 580 1625 Et
609 1573 837 1626 dilectus
864 1586 1009 1625 meus
1037 1579 1093 1623 ut
1124 1570 1270 1638 [ilius
1301 1570 1660 1624 unicornium.
1705 1570 1779 1626 De
1806 1571 2026 1628 Christo

440 1678 624 1718 sermo
654 1672 740 1717 est
771 1681 785 1716 :
819 1664 913 1732 qui
951 1661 1188 1716 dilectus
1217 1661 1439 1731 quidem
1472 1670 1560 1716 est
1589 1673 1651 1717 ut
1681 1664 2023 1733 unigenitus.

443 1753 520 1808 Ita
554 1753 696 1808 enim
727 1769 851 1808 eum
888 1753 1050 1808 Pater
1105 1752 1401 1823 appellavit
1437 1752 1672 1810 dicens:
1711 1753 1814 1809 Hic
1853 1763 1933 1812 est
1959 1756 2026 1825 ﬁ-

440 1845 548 1899 lius
609 1861 753 1899 meus
787 1845 1038 1900 dilectus.
1075 1843 1442 1898 Unicornium
1474 1859 1606 1901 vero
1646 1845 1814 1913 filius,
1853 1847 2024 1902 veluti

442 1936 708 1999 invictus,
751 1943 917 2005 atque
969 1936 1382 2002 insuperabilis.
1440 1935 1835 2006 llujuscemodi
1874 1939 2022 1992 ettim

443 2037 654 2082 natura:
687 2043 810 2083 csse
841 2026 1074 2097 legimus
1105 2027 1158 2082 id
1195 2027 1399 2081 animal
1445 2026 1593 2096 apud
1640 2027 1861 2083 beatum
1896 2027 2022 2084 Job.

435 2119 527 2173 ’Tu
563 2119 694 2174 illud
717 2120 1029 2185 considera,
1052 2122 1331 2188 quomodo
1371 2120 1466 2174 Dei
1508 2121 1682 2178 Filius
1710 2122 1926 2193 Aguum
1964 2137 2024 2178 se

443 2221 614 2284 atque
645 2229 802 2268 ovem
858 2212 1125 2282 appellari
1156 2212 1354 2278 voluit,
1396 2212 1622 2281 quando
1652 2229 1752 2282 pro
1796 2214 2023 2268 humani

433 2306 655 2374 generis
705 2304 957 2374 peccatis
989 2307 1043 2356 in
1093 2305 1432 2358 sacriﬁcium
1489 2319 1551 2359 se
1587 2305 1738 2359 Patri
1799 2306 2021 2370 obtulit,

434 2397 591 2464 juxta
616 2397 752 2450 illud
782 2413 795 2450 :
829 2395 963 2448 Ecce
995 2399 1168 2463 Agnus
1192 2393 1288 2448 Dei
1308 2394 1390 2450 ’τε
1423 2394 1552 2449 item
1577 2411 1592 2448 :
1621 2395 1790 2460 Quasi
1815 2397 1925 2449 ovis
1953 2393 2021 2447 ad

420 2487 752 2540 -~occisionem
780 2485 970 2539 ductus
1017 2495 1095 2540 est
1142 2486 1227 2551 ἐς
1267 2485 1443 2540 tilium
1483 2501 1614 2541 vero
1644 2487 2020 2551 unicornium,

431 2577 661 2649 quando
691 2576 930 2632 vindicta
962 2591 1104 2647 opus
1146 2575 1250 2632 fuit
1273 2618 1288 2644 ,
1329 2587 1385 2633 et
1419 2579 1643 2648 quando
1681 2579 1889 2634 inimici
1923 2599 2026 2652 po.

421 2679 698 2726 testatem
727 2668 1124 2725 destruendam
1159 2669 1433 2739 praedicit.
1471 2669 1588 2725 Dici
1633 2671 1802 2726 etiam
1841 2681 2026 2744 potest

439 2762 702 2819 Christus
761 2763 911 2818 (ilius
973 2762 1348 2829 uuieoruium,
1385 2763 1556 2819 veluti
1614 2765 1712 2836 qui
1755 2767 1919 2823 unico
1960 2783 2026 2824 ac

420 2856 714 2928 singulari
743 2855 982 2927 quodam
1021 2853 1204 2921 modo,
1238 2865 1292 2911 et
1319 2863 1581 2926 tanquam
1613 2856 1777 2912 homo
1801 2859 2026 2927 genitus

418 2957 542 3014 est,
603 2956 658 3004 et
693 2955 958 3018 tanquam
987 2945 1182 3003 Deus:
1241 2948 1448 3018 quippe
1479 2947 1573 3019 qui
1635 2958 1696 3003 ut
1744 2948 1911 3016 Deus,
1956 2969 2022 3008 ex

2129 479 2300 531 κομον
2325 463 2423 514 καὶ
2455 462 2728 531 ἄκαρπον.
2783 462 3158 533 Προαγορεὺει
3203 462 3259 514 δὲ
3303 462 3365 515 τὸ
3412 463 3580 534 ρητζν
3615 464 3716 533 τὴν

2127 553 2323 607 τούτου
2349 554 2651 608 κατάλυσιν
2677 570 2688 582 ·
2728 554 2818 608 διὰ
2845 555 2900 608 δὲ
2930 555 3141 608 τούτων
3166 554 3469 609 αἰνίττεται
3494 557 3590 609 καὶ
3615 557 3716 626 τὴν

2129 648 2388 704 ἁπάντων
2421 647 2532 700 τῶν
2561 646 2820 700 τοιούτων
2855 647 3062 717 σηκῶν.

2196 825 2306 882 Καί
2335 824 2631 886 natura?
2655 825 2904 892 αὐτοὺς,
2932 826 3013 892 ὡς
3039 826 3148 880 τὸν
3167 828 3438 895 μόσχον,
3475 828 3587 881 τὸν
3612 835 3716 884 Al-

2127 920 2334 972 ϐανον.
2376 921 2489 972 Καὶ
2536 917 2727 988 ὥσπερ
2756 918 2848 971 τὸν
2870 918 3155 988 ἐνΧωρὴϐ
3194 922 3719 976 κατασκευασθέντα

2127 1012 2241 1074 τοῖς
2275 1009 2558 1080 Ἑϐραίοις
2605 1010 2807 1080 μόσχον
2864 1009 3133 1063 ἑλέπτυνε
3178 1009 3268 1063 διὰ
3332 1011 3578 1075 Μωσέως
3621 1017 3712 1066 καὶ

2126 1103 2530 1174 διεσκόρπισεν,
2560 1102 2710 1157 οὕτω
2739 1103 2831 1156 καὶ
2882 1102 3111 1164 ταύτας.
3147 1098 3280 1155 Εἶτα
3312 1105 3582 1169 στικτέον,
3621 1107 3716 1159 καὶ

2129 1196 2254 1250 καθ’
2277 1197 2471 1251 ἑαυτὸν
2499 1196 2881 1265 ἀναγνωστέον
2911 1196 3020 1250 τὸν
3040 1196 3324 1261 Λίϐανον,
3350 1197 3437 1250 ἵνα
3469 1199 3712 1270 νοηθείη,

2127 1287 2208 1340 ὅτι
2249 1288 2505 1342 λεπτυνεῖ
2533 1289 2727 1351 αὐτὰς,
2761 1289 2907 1356 λέγω
2947 1289 3003 1341 δὲ
3041 1288 3134 1340 τὸν
3177 1288 3416 1342 Λίϐανον
3441 1290 3586 1357 ὅλον,
3615 1293 3717 1344 οὐκ

2127 1380 2193 1434 ἐκ
2245 1381 2472 1452 μέρους,
2523 1381 2663 1435 ἀλλὰ
2703 1380 2938 1436 καθόλου
2987 1381 3160 1435 αὐτοῦ
3210 1383 3584 1452 γενησομένου
3618 1385 3714 1438 τοῦ

2127 1474 2186 1527 λε
2195 1475 2468 1544 πωσμοῦ.

2203 1566 2315 1622 Καὶ
2337 1569 2370 1620 ὁ
2401 1567 2798 1636 ἠγαπημένος
2821 1584 2965 1637 μου,
2985 1567 3067 1633 ὡς
3089 1567 3224 1633 υίὸς
3263 1565 3710 1636 μονοκείώτωτν.

2129 1658 2268 1728 Περὶ
2283 1657 2377 1711 τοῦ
2401 1659 2646 1730 Χριστοῦ
2675 1662 2702 1714 ὁ
2723 1660 2904 1728 λόγος·
2925 1659 3289 1729 ὴγαπημᾶνος
3305 1659 3435 1730 γὰρ,
3467 1659 3542 1720 ὡς
3565 1660 3592 1710 ὁ
3617 1673 3713 1726 μο-

2127 1759 2376 1825 νογενής.
2419 1751 2578 1808 Οὕτω
2599 1753 2707 1822 γὰρ
2731 1755 2759 1806 ὁ
2787 1752 2980 1823 Πατὴρ
3006 1752 3172 1806 αὑτὸν
3197 1752 3481 1817 ἐκάλεσεν,
3517 1745 3714 1812 Οὗτός

2126 1848 2285 1912 ἐστι,
2345 1847 2523 1915 λέγων
2549 1885 2564 1912 ,
2606 1848 2640 1900 ὀ
2674 1847 2807 1912 υἱός
2839 1863 2961 1914 μου
3019 1848 3054 1900 ὁ
3098 1845 3411 1915 ἀγαπητός
3438 1860 3454 1875 ⁸
3505 1843 3621 1906 υίὸς
3657 1842 3717 1895 δὲ

2131 1939 2554 2012 μονοκερώτων,
2601 1939 2692 1993 διὰ
2744 1939 2806 1993 τὸ
2866 1939 3083 2009 ἄμαχον
3151 1939 3248 1993 καὶ
3286 1938 3668 1994 ἀνυπότακτον
3697 1951 3710 1966 ο

2126 2033 2370 2089 τοιοῦτον
2408 2035 2519 2104 γὰρ
2560 2028 2702 2085 εἶναι
2745 2031 2808 2087 τὸ
2839 2031 2982 2094 ζῶον
3025 2031 3187 2084 τοῦτό
3232 2047 3403 2099 φησιν
3445 2029 3479 2096 ἡ
3527 2027 3711 2098 βίϐλος

2139 2127 2437 2198 ’1ὡ6.⁶’ορα
2468 2125 2526 2178 δὲ
2555 2125 2706 2187 ὅπως
2735 2124 2824 2176 ὅτε
2860 2123 2958 2194 μὲν
2990 2122 3185 2175 ουσίαν
3225 2121 3367 2189 ὑπὲρ
3395 2120 3506 2173 τῶν
3527 2120 3713 2190 ἁμαρ-

2126 2218 2260 2271 τιῶν
2286 2217 2446 2288 ἡμῶν
2469 2215 2666 2272 ἑαυτὸν
2694 2215 2722 2267 ὁ
2745 2213 2873 2278 Υἱὸς
2903 2213 2982 2282 τῷ
3025 2213 3202 2282 Ilath
3233 2213 3525 2282 προσάγει,
3543 2209 3712 2278 ἀμνὸς

2126 2311 2480 2380 ὀνομάζεται,
2504 2308 2597 2363 καὶ
2627 2307 2927 2379 προδατον,
2953 2306 3027 2369 ὼς
3059 2305 3120 2359 τό
3140 2304 3289 2360 ’Ἴδε
3321 2307 3353 2360 ὀ
3385 2304 3574 2372 ἀμνὸς
3605 2302 3714 2354 τοῦ

2141 2402 2312 2467 Θεοῦ,
2368 2402 2464 2456 καὶ
2514 2401 2609 2454 τό·
2650 2401 2750 2466 Ὠς
2775 2400 3075 2468 πρόϐατον
3109 2397 3208 2453 ἐπὶ
3251 2397 3497 2466 σφαγὴν·
3521 2394 3710 2462 ἤχθη·

2127 2494 2217 2547 ὅτε
2244 2492 2299 2545 δὲ
2335 2491 2652 2563 ἀμύνασθαι
2683 2493 2815 2558 δέοι,
2852 2491 2947 2544 καὶ
2989 2489 3244 2543 καθελεῖν
3267 2491 3365 2559 τὴν
3391 2489 3715 2542 δυναστείαν

2126 2583 2223 2638 τοῦ
2258 2583 2521 2654 πονηροῦ,
2559 2582 2674 2645 υἱὸς
2705 2579 3128 2652 μονοκερὼτων.
3165 2579 3396 2646 Λέγοιτο
3436 2577 3481 2630 δ’
3505 2577 3570 2630 ἂν
3601 2576 3716 2635 υἱὸς

2130 2674 2526 2746 μονοκερὼτων
2553 2674 2650 2727 καὶ
2679 2672 2754 2736 ὡς
2802 2671 3147 2742 ἑκατέρωθεν
3177 2667 3469 2739 μονοειδῶς
3511 2683 3710 2733 γεννη-

2127 2768 2276 2832 θείς·
2325 2769 2390 2822 ὲκ
2421 2766 2520 2838 μὲν
2552 2765 2647 2820 τοῦ
2678 2764 2918 2835 Πατρὸς,
2955 2763 3086 2818 ἄνευ
3134 2761 3342 2831 μητρός
3367 2777 3380 2790 ο
3423 2762 3486 2812 ἐκ
3522 2760 3579 2812 δὲ
3617 2759 3715 2828 τῆς

2131 2857 2341 2930 μητρὸς
2364 2898 2379 2922 ,
2410 2857 2542 2911 ἄνευ
2569 2856 2788 2926 ἀνδρός.
2822 2855 3042 2909 Τούτων
3067 2851 3185 2917 οὖν,
3244 2853 3400 2921 φησι,
3430 2851 3716 2921 συντριϐοο

2131 2950 2330 3022 μένων,
2350 2949 2446 3002 καὶ
2468 2947 2911 3018 λεπτυνομένων,
2934 2949 2962 3000 ὁ
2985 2945 3220 3018 Χριστὸς
3241 2945 3512 3014 ἀήττητος
3532 2943 3711 2994 ἔσται.

430 3040 614 3095 Patre
645 3047 945 3112 generatus
971 3050 1080 3105 cst,
1139 3039 1259 3093 sine
1292 3049 1467 3093 matre
1501 3054 1515 3091 :
1543 3051 1711 3109 atque
1747 3049 1804 3095 ut
1835 3041 2022 3109 homo,

2132 3042 2326 3095 Πύλαι
2352 3040 2461 3112 γὰρ
2505 3039 2656 3107 ᾅδου
2679 3041 2791 3094 οὐκ
2827 3039 3282 3106 ἁντισχύσουσι
3310 3033 3414 3102 τῆς
3459 3035 3714 3100 Ἐκκληο

427 3147 506 3186 ex
540 3141 737 3195 matre,
771 3131 891 3187 sine
922 3141 1100 3202 patre.
1134 3130 1232 3186 llis
1281 3132 1448 3202 igitur
1479 3131 1662 3199 idolis,
1701 3148 1766 3188 ac
1814 3135 2022 3190 daemo-

2129 3133 2271 3198 σίας
2307 3132 2521 3187 αὐτοῦ.

439 3224 601 3279 nibus
630 3225 910 3289 contritis,
967 3239 1032 3278 ac
1066 3225 1451 3289 comminutis,
1506 3224 1762 3284 Christus
1815 3229 2085 3286 reddetur
2151 3229 2419 3283 invictus.
2481 3226 2663 3281 Porta:
2727 3226 2876 3281 enim
2933 3223 3128 3294 inferni
3184 3239 3289 3277 non
3358 3218 3716 3290 prwvalcbunt

423 3311 690 3371 “adversus
721 3311 1017 3368 Ecclesium
1045 3330 1181 3382 ejus.

513 3404 672 3460 Vsus.
705 3405 758 3460 7.
797 3403 909 3457 γοα
929 3404 1147 3458 Domini
1172 3406 1541 3462 intercidentis
1564 3409 1842 3478 [Iamnam
1862 3411 2022 3481 ignis.

443 3497 789 3552 Subauditur
829 3496 996 3551 etiam
1054 3497 1110 3554 in
1178 3498 1301 3552 loco
1328 3499 1557 3552 verbum
1613 3501 1696 3570 ﬁt.
1765 3502 2025 3558 Praedicit

440 3601 629 3644 autem
658 3589 932 3659 Propheta
990 3604 1056 3644 ea
1095 3590 1349 3659 inpritnis
1388 3605 1511 3661 qua:
1539 3593 1719 3649 tribus
1751 3595 1936 3662 pueris
1967 3595 2025 3651 in

439 3682 670 3737 fornace
715 3680 1052 3752 Babylonica
1099 3681 1480 3750 contigerunt,
1519 3685 1635 3739 ubi
1672 3684 1895 3742 ﬂamma
1936 3688 2022 3743 in-

440 3775 644 3829 tercisa
681 3775 937 3844 spiritum
969 3773 1112 3829 roris
1155 3774 1470 3831 sibilantem
1504 3777 1793 3848 suscepit:
1825 3779 2025 3835 deinde

435 3873 619 3918 autem
677 3878 802 3933 quae
857 3863 1064 3919 Christi
1125 3865 1494 3937 martyribus.
1558 3866 1794 3942 Intelligi
1853 3872 2021 3927 etiam

439 3965 678 4024 possunt
731 3957 845 4012 haec
899 3956 1086 4022 verba,
1125 3965 1184 4011 ut
1213 3959 1534 4028 pertineant
1566 3959 1633 4016 ad
1690 3963 2022 4018 sententiam

439 4045 534 4098 Dei
579 4046 631 4099 in
685 4044 1024 4114 diejudicii,
1081 4046 1303 4116 quando
1360 4046 1657 4104 intercidet
1707 4061 1761 4104 et
1815 4050 2028 4108 dividet

443 4135 590 4203 Deus
625 4133 903 4189 ﬂatnmam
942 4135 1110 4205 ignis,
1142 4143 1200 4192 et
1248 4136 1538 4205 splendida
1588 4152 1653 4191 ac
1685 4137 1864 4194 lucida
1887 4141 2028 4212 ignis

440 4227 684 4294 potentia
715 4225 886 4296 iustis
917 4224 1214 4282 deserviet.
1237 4226 1498 4282 Caustica
1531 4243 1660 4285 vero
1683 4238 1738 4286 et
1767 4231 2020 4290 adustiva

439 4321 495 4372 in
535 4333 754 4388 penam
792 4316 1182 4387 peccatoribus
1213 4317 1511 4373 tribuetur.

509 4409 678 4465 Vsus.
706 4409 761 4465 8.
801 4409 910 4464 Vua:
969 4408 1187 4463 Domini
1213 4412 1562 4468 concutientis
1590 4413 1882 4474 desertum.
1915 4417 2019 4475 Per

439 4503 723 4557 desertqu
785 4508 978 4571 gentos
1030 4501 1312 4571 intelligit,
1344 4518 1468 4574 qua:
1507 4508 1659 4562 omni
1707 4509 1893 4564 divina
1931 4525 2019 4568 co-

439 4595 688 4664 gnitione
739 4609 973 4665 prorsus
1021 4594 1265 4650 viduata:
1319 4612 1383 4652 ac
1435 4597 1716 4665 desolata,
1787 4618 2019 4676 quaeque

441 4687 717 4757 spirituali
768 4688 938 4743 etiam
989 4687 1244 4744 doctrina
1270 4704 1335 4745 ac
1389 4706 1620 4761 prorsus
1675 4695 1878 4751 virtute
1926 4713 2020 4754 ca-

439 4789 652 4842 rentes.
687 4779 857 4836 arida:
897 4796 960 4835 ac
1020 4780 1263 4846 steriles,
1321 4781 1532 4838 deserti
1601 4784 1781 4842 instar
1818 4789 2018 4846 merito

439 4873 550 4928 dici
578 4881 840 4943 poterant
878 4893 891 4929 :
923 4874 1071 4945 quod
1121 4873 1405 4930 desertum
1442 4878 1680 4934 adventu
1718 4894 1819 4936 suo
1859 4879 2023 4937 Chri-

442 4975 564 5024 stus
591 4969 903 5032 concussit,
935 4983 1298 5024 commovens
1330 4984 1396 5024 ac
1429 4980 1760 5031 convertens
1793 4974 1925 5030 illud
1953 4976 2018 5031 ad

437 5075 520 5126 se,
553 5067 608 5114 et
635 5072 804 5112 araus
828 5067 1014 5112 aratro
1039 5055 1185 5111 ﬁdei.

515 5151 582 5206 Et
607 5151 867 5206 concutiet
907 5149 1168 5204 Dominus
1209 5150 1471 5206 desertum
1506 5151 1700 5210 Gades.
1731 5153 2024 5212 Concutiet

441 5255 625 5300 autem
661 5259 778 5299 non
818 5258 982 5298 omne
1024 5241 1331 5308 desertum,
1364 5243 1461 5300 sed
1492 5246 1769 5302 desertum
1803 5249 1977 5304 (Iades
2006 5263 2020 5299 ι

442 5337 550 5392 hoc
569 5345 654 5393 est
675 5337 957 5392 desertum
984 5344 1262 5399 sanctum,
1289 5344 1343 5391 ct
1373 5347 1746 5408 segregatum,
1766 5339 2020 5409 dignum-

437 5447 547 5501 que
582 5430 689 5485 Deo
719 5437 884 5500 atque
913 5428 963 5482 ei
986 5427 1348 5484 destinatum.
1378 5427 1555 5485 Gades
1577 5429 1722 5486 enim
1758 5438 2015 5488 sanctum

437 5523 608 5576 Graeci
640 5522 1098 5589 interpretantur.

532 5635 575 5666 "’
607 5632 766 5690 Joan.
800 5649 839 5698 ι,
864 5635 953 5688 '56.
988 5633 1034 5664 ’⁸
1074 5633 1180 5688 lea.
1216 5648 1333 5697 ιιιι,
1369 5632 1417 5687 7.

2205 3404 2380 3472 Φωνὴ
2441 3402 2690 3470 Κυρίου,
2757 3400 3192 3464 διακόπτοντος
3243 3398 3443 3467 φλόγα
3499 3396 3714 3463 πυρός.

2134 3499 2328 3555 Λείπει
2357 3494 2642 3550 κάνταῦθα
2687 3493 2767 3558 τὸ,
2793 3495 3055 3563 γίνεται·
3101 3489 3465 3560 προαγορεύει
3489 3487 3545 3539 δὲ
3586 3503 3715 3556 προ-

2133 3589 2458 3661 ηγουμένως
2495 3587 2618 3654 μὲν,
2652 3585 2783 3654 περὶ
2811 3582 2910 3652 τῆς
2944 3580 3294 3643 Βαῢυλωνίας
3318 3577 3574 3649 καμίνου,
3590 3578 3716 3648 ἥτις

2132 3679 2479 3742 διακοπεῖσα,
2549 3677 2769 3746 πνεῦμα
2823 3676 3018 3746 δρόσου
3079 3673 3393 3744 διασυρίζον
3446 3671 3710 3738 ἐδέξατο·

2131 3772 2416 3844 ἑπομένως
2443 3771 2520 3838 δὲ,
2574 3770 2671 3823 καὶ
2713 3768 2844 3838 περὶ
2871 3767 2977 3820 τῶν
3009 3765 3386 3830 ὑποδεξάντων
3408 3765 3536 3826 τοὺς
3570 3764 3714 3834 μάρ-

2126 3881 2298 3938 τυρας
2325 3863 2421 3916 τοῦ
2459 3861 2722 3934 Χριστοῦ.
2752 3863 2980 3929 Λέγοιτο
3009 3859 3054 3912 δ’
3078 3859 3144 3913 ἂν
3172 3858 3264 3911 καὶ
3297 3859 3423 3928 περὶ
3447 3857 3547 3927 τῆς
3572 3858 3714 3910 ἀπο-

2128 3958 2346 4026 φάσεως
2376 3955 2476 4026 τῆς
2510 3956 2568 4006 ὲν
2592 3955 2778 4025 ἡμέρᾳ
2803 3955 2902 4022 τῆς
2937 3953 3192 4022 κρίσεως,
3223 3951 3312 4003 ὅτε
3341 3949 3589 4019 διακόψει
3615 3950 3713 4002 καὶ

2128 4048 2444 4119 διαμερίσει
2491 4049 2590 4119 τὴν
2643 4047 2821 4117 φλόγα
2883 4045 2978 4099 τοῦ
3028 4046 3236 4115 πυρός’
3277 4042 3420 4096 ὥστε
3461 4043 3559 4113 τὴν
3609 4043 3712 4112 μὲν

2131 4143 2475 4215 φωτιστικὴν
2509 4143 2606 4196 καὶ
2631 4141 3061 4214 λαμπρύνουσαν
3112 4139 3344 4205 δύναμιν
3377 4137 3548 4206 αὐτῆς
3599 4139 3714 4200 τοῖς

2131 4222 2365 4299 δικαίοις
2391 4235 2604 4304 ἀποκλη
2616 4234 2857 4306 ρωθῆναι
2878 4248 2892 4262 °
2934 4233 3034 4305 τὴν
3067 4231 3124 4285 δὲ
3155 4231 3460 4302 καυστικὴν
3487 4229 3581 4286 καὶ
3604 4246 3712 4282 κο·-

2129 4325 2426 4391 λάςουσαν,
2449 4327 2564 4388 τοϊς
2590 4322 2960 4395 ἁμαρτωλοῖς.

2203 4420 2378 4489 Φωνὴ
2421 4420 2640 4488 Κυρίου
2665 4459 2680 4482 ,
2726 4417 3139 4481 συσσείοντος
3177 4414 3422 4498 ἔρημον.
3466 4413 3712 4484 Ἐρημον

2126 4515 2194 4570 τὰ
2217 4515 2349 4586 ἔθνη
2384 4514 2563 4579 καλεῖ,
2596 4512 2686 4566 διὰ
2716 4513 2817 4584 τὴν
2843 4509 3083 4582 ἐρημίαν
3112 4509 3207 4579 τῆς
3238 4508 3595 4576 Θεογνωσεας,
3616 4512 3711 4559 καὶ

2128 4606 2228 4679 τὴν
2271 4603 2532 4675 ἀνυδρίαν
2585 4603 2688 4672 τῆς
2742 4598 3129 4672 πνευματικῆς
3181 4597 3556 4663 δ;δασκαλίας,
3615 4598 3710 4648 καὶ

2127 4699 2228 4766 τὴν
2255 4696 2536 4768 ἀκαρπίαν
2573 4693 2683 4748 τῶν
2720 4691 2953 4765 ἀρετῶν,
2984 4692 3177 4761 ἥντινα
3204 4689 3408 4760 ἔρημον
3431 4691 3457 4742 ὁ
3477 4689 3709 4758 Χριστὸς

2127 4791 2417 4857 ἐπιφανεὶς
2468 4785 2788 4856 συνέστησε,
2831 4783 3210 4854 μετακινήσας
3252 4782 3330 4846 εἰς
3358 4781 3573 4843 ἑαυτὸν,
3616 4782 3710 4834 καὶ

2130 4881 2333 4951 ἀρόσας
2374 4879 2453 4951 τῷ
2482 4879 2701 4950 ἀρότρῳ
2729 4877 2826 4947 τῆς
2873 4876 3129 4938 πίστεως.

2197 5151 2308 5209 Kal
2357 5151 2690 5208 συσσείσει
2747 5152 2963 5220 Κύριος
3004 5148 3120 5218 τὴν
3165 5149 3391 5217 ἔρημον
3447 5143 3706 5210 meum.

2122 5241 2411 5296 Συσσείσει
2437 5243 2517 5309 δὲ,
2537 5243 2730 5314 φησὶν,
2759 5243 2821 5295 οὐ
2851 5242 3034 5295 πᾶσαν
3057 5240 3156 5310 τὴν
3180 5239 3276 5308 ἔρη
3289 5236 3582 5320 ponam
3608 5239 3709 5306 τῆς

2126 5333 2365 5402 Κὰδδλς,
2402 5335 2686 5389 τουτέστιν
2719 5335 2818 5406 τὴν
2852 5335 3038 5402 ἁγίαν,
3067 5335 3168 5401 τὴν
3193 5329 3588 5403 ἀφωρισμένην
3611 5327 3705 5382 καὶ

2126 5428 2283 5493 ἀξίαν
2323 5428 2487 5482 αὐτοῦ
2511 5445 2523 5458 ·
2555 5427 2616 5482 τδ
2655 5428 2871 5497 Κὰδδης
2893 5427 3024 5498 γὰρ,
3056 5425 3219 5494 ἁγίαν
3261 5423 3376 5495 (96)
3409 5419 3709 5494 ἑρμηνεύσει

2127 5519 2249 5572 καθ’
2284 5521 2576 5592 Ἕλληνας.

1780 5694 1981 5758 Variae
2033 5693 2360 5758 lectiones.

503 5802 616 5871 (9‘3)
645 5800 730 5856 ῑσ.
757 5800 1143 5869 ἑρμηνεύεται.
