4054 6210
431 383 538 446 339

1627 371 1832 430 EUTH
1845 370 1943 427 YIvl
1956 368 2008 426 il
2042 368 2402 427 ZlGABENI

3563 355 3669 417 3i0

497 519 667 573 Vsus.
711 514 796 568 Η.
830 513 1086 566 Dominus
1110 510 1467 579 fortitudinem
1499 507 1692 576 populo
1717 522 1810 558 suo
1829 505 1998 562 dabit.
2030 559 2032 565 λ

2172 505 2385 570 Κύριος
2401 501 2586 570 ἰσχὺν
2614 500 2692 566 τῷ
2708 500 2834 564 λαῷ
2858 496 3044 553 αὐτοῦ
3064 495 3262 549 δώσει.
3292 492 3382 561 Τῷ
3399 491 3506 544 τῶν
3532 493 3666 562 Χρι-

433 610 643 678 Populo
669 604 1109 660 Christianorum
1149 601 1361 656 scilicet
1422 600 1511 666 qui
1549 599 1650 651 sub
1689 598 1996 651 daemonum

428 717 493 755 ac
527 697 848 769 passionum
906 692 1197 764 tyrannide
1235 693 1362 746 olim
1423 687 1892 760 opprimebantur.

500 789 760 842 Dominus
796 784 1058 837 benedice!
1089 783 1281 852 populo
1336 797 1429 832 suo
1463 781 1515 832 in
1548 795 1694 847 pace.
1747 776 1999 847 Oppres—

431 896 552 934 sum
575 881 720 934 bello
755 877 1012 946 populum
1068 875 1366 934 roborahit,
1399 880 1454 924 et
1497 872 1547 923 iu
1583 879 1825 939 tempore
1849 871 2002 938 pacis

431 969 720 1025 benedicet
754 987 766 1022 :
803 967 908 1020 hoc
940 973 1025 1019 est
1058 964 1234 1032 gratia
1276 977 1376 1016 sua
1415 962 1640 1030 dignum
1696 959 1880 1022 faciet,
1911 974 2005 1027 per

431 1066 637 1118 donum
671 1063 848 1116 sancti
876 1061 1134 1130 Spiritus.
1179 1057 1272 1110 Vel
1311 1057 1595 1120 benedicet,
1649 1070 1768 1124 pro,
1817 1052 2006 1106 lauda-

434 1157 539 1221 bit,
565 1163 825 1222 tanquam
853 1153 955 1206 sibi
985 1152 1288 1220 placentem
1321 1158 1376 1203 ct
1415 1156 1649 1216 gratum.

432 1247 681 1302 Psalmus
726 1243 939 1300 Cantici
1007 1242 1360 1295 renovationis
1431 1240 1620 1291 domus
1655 1238 1757 1306 ipsi
1817 1234 2004 1288 David.

959 1331 1280 1386 PSALMUS
1306 1328 1499 1383 XXIX.

507 1428 650 1494 Quid
685 1427 753 1481 sit
780 1425 1022 1479 Psalmus
1045 1420 1256 1477 Cuntici
1280 1422 1334 1474 in
1375 1421 1646 1490 prommio
1672 1412 1876 1478 dictum
1910 1433 2012 1477 est.

435 1522 514 1574 he
547 1521 758 1589 reliqua
821 1517 985 1586 hujus
1026 1515 1216 1583 psalmi
1257 1514 1620 1584 inscriptione
1651 1515 1818 1568 varia:
1879 1523 2010 1568 sunt

441 1616 805 1680 interpretum
837 1608 1141 1664 sententi-te.
1173 1607 1356 1675 Aliqui
1383 1608 1529 1660 enim
1560 1605 1748 1662 dicunt
1782 1624 1875 1676 per
1909 1609 2010 1661 do-

441 1718 588 1756 mum
623 1699 804 1754 not-in
855 1683 1010 1762 loco,
1057 1697 1288 1766 intelligi
1336 1690 1572 1750 animam
1629 1697 1803 1766 ipsius
1865 1698 2012 1751 beati

437 1794 631 1856 David,
667 1808 788 1862 quae
843 1790 1151 1861 prephetici
1211 1790 1561 1844 charismatis
1598 1787 1870 1858 quoddam
1901 1799 2020 1843 erat

443 1884 822 1938 habitaculum
865 1899 880 1936 :
917 1892 974 1936 et
1027 1897 1122 1950 per
1150 1882 1567 1936 renovationem
1601 1880 1821 1946 domus,
1847 1895 2010 1936 reno-

2136 1875 2346 1946 >ητικοῦ
2397 1873 2738 1944 χαρίσματος
2776 1885 2790 1899 ⁸

453 1978 729 2030 vationem
767 1974 968 2029 divina:
990 1974 1176 2042 gratize
1223 1972 1557 2042 intelligunt,
1595 1973 1815 2042 quando
1855 1974 2013 2026 nimi-

444 2083 567 2121 rum
599 2073 722 2136 post
749 2066 1000 2120 adulterii
1033 2075 1088 2119 et
1143 2065 1308 2120 caedis
1344 2066 1598 2130 crimina,
1632 2078 1848 2136 peracta
1901 2083 2015 2135 pte-

442 2155 676 2208 uitentia
717 2152 915 2223 dignus
958 2170 1179 2208 rursum
1207 2153 1434 2209 effectus
1457 2165 1561 2217 est,
1601 2158 1690 2209 cui
1723 2171 1754 2210 a
1788 2156 2018 2211 Domino

447 2245 748 2316 prophetia:
784 2247 989 2300 donum
1021 2247 1428 2300 restitueretur.
1471 2246 1577 2300 Alii
1603 2250 1849 2310 domum,
1885 2247 2019 2300 ﬁde-

445 2337 579 2391 lium
608 2336 906 2390 Ecclesiam
954 2351 1077 2390 esse
1127 2335 1318 2388 dicunt
1346 2354 1356 2388 :
1390 2345 1445 2389 et
1479 2353 1575 2405 per
1605 2339 2016 2391 renovationem

453 2428 675 2491 domus,
704 2426 1109 2480 renovatiouem
1147 2425 1294 2478 illam
1330 2425 1808 2495 intelligunt,qua:
1839 2427 1895 2479 ﬁt
1927 2441 2023 2495 per

446 2515 918 2587 regenerationem
953 2515 1323 2584 baptismatis.
1353 2515 1458 2568 Alii
1495 2518 1623 2569 item
1663 2515 2018 2570 festivitatem

447 2608 595 2660 illam
641 2605 980 2660 renovatioui
1043 2605 1298 2665 similem,
1363 2620 1524 2673 quam
1576 2607 1844 2668 Ezechias
1909 2607 2025 2661 llex

447 2707 573 2770 post
607 2697 966 2768 Assyriorum
999 2696 1434 2766 proﬂigationem
1461 2698 1514 2751 in
1544 2698 1742 2766 templo
1775 2699 2024 2753 celebra-

447 2793 571 2846 vit:
609 2791 870 2858 templum
930 2789 1131 2859 quippe
1174 2789 1370 2844 domus
1423 2789 1635 2843 Domini
1668 2799 1753 2844 est
1798 2791 1912 2842 :ita
1969 2800 2029 2844 ut

451 2899 696 2953 praesens
720 2883 985 2953 psalmus,
1028 2882 1114 2937 cui
1140 2882 1465 2952 inscriptum
1499 2892 1605 2944 est,
1633 2880 1881 2936 Psalmus
1904 2899 2030 2936 can-

453 2979 546 3031 tici
592 2977 948 3031 renovationis
1006 2975 1217 3038 domus,
1263 2977 1533 3038 enuntiet,
1586 2991 1835 3044 quaenam
1868 2975 2029 3029 verba

451 3071 597 3123 dicta
631 3069 831 3121 fuerint
864 3083 891 3120 a
929 3067 1088 3121 beato
1115 3065 1304 3132 David,
1332 3067 1375 3120 si
1403 3068 1468 3120 ad
1497 3082 1620 3121 eum
1640 3067 1804 3121 verba
1834 3062 2028 3136 psalmi

454 3149 802 3224 referamus,
859 3167 952 3211 aut
1033 3173 1283 3228 quianam
1351 3159 1653 3213 verisimile
1711 3167 1855 3212 esset
1919 3157 2026 3210 dici

2105 594 2336 647 στιανῶν
2375 591 2765 663 πολεμουμένῳ
2797 589 2901 642 ὑπὸ
2930 587 3216 658 τυράννων
3246 585 3278 655 ἦ
3313 583 3605 652 δαιμόνων,
3636 582 3669 652 ἢ

2105 687 2313 742 παθῶν.

2177 781 2387 846 Κύριος
2416 776 2737 845 εὐλογήσειεν
2764 773 2870 826 τὸν
2904 771 3058 825 λαὸν
3105 768 3292 823 αὐτοῦ
3326 767 3396 819 ἐν
3442 765 3671 832 εῐρήνῃ.

2106 869 2520 939 Πολεμούμενον
2581 867 2702 933 μὲν,
2753 863 3047 934 ὲνισχύσει,
3109 865 3167 914 ὲν
3209 858 3288 929 τῷ
3339 857 3514 926 καιρῷ
3572 857 3673 924 τῆς

2107 961 2332 1030 εἰρήνης
2358 957 2663 1025 εὐλογήσει,
2713 954 2984 1016 τουτέστι,
3034 953 3254 1021 χάριτος
3315 947 3556 1011 ἀξιώσει.
3588 946 3675 998 διὰ

2107 1051 2204 1120 τῆς
2238 1048 2446 1118 δωρεᾶς
2499 1044 2592 1098 τοῦ
2651 1045 2807 1110 ἁγίου
2856 1040 3190 1109 Πνεύματος.
3237 1039 3306 1090 Ἢ
3329 1035 3674 1104 εὐλογήσει,

2109 1140 2230 1193 ἀντὶ
2255 1137 2370 1202 τοῦ,
2394 1135 2763 1199 ἐπαινέσεται,
2803 1129 3230 1203 εὖχαριστοῦντα
3257 1127 3429 1196 αὐτῷ.

2118 1227 2364 1300 Ψαλμὸς
2435 1228 2608 1298 ’ῼδῆς
2650 1223 3041 1293 ἐγκαινισμοῦ
3096 1220 3200 1274 τοῦ
3254 1219 3429 1300 οἴκου
3484 1216 3678 1269 Δαϐίδ.

2684 1315 2978 1371 ΨΛΛΜΟΣ
3007 1311 3136 1366 Ke'.
3244 1299 3265 1318 ’

2187 1417 2252 1469 Τί
2275 1417 2372 1486 μὲν
2413 1416 2528 1466 ἐστι
2585 1410 2833 1480 Ψαλμὸς
2880 1405 3063 1475 ᾠδῆς,
3089 1407 3145 1455 ἐν
3168 1402 3247 1469 τῷ
3283 1398 3554 1470 προοιμίῳ
3585 1397 3682 1459 τῆς

2115 1510 2426 1579 ἐξηγήσεως
2465 1507 2568 1575 τῆς
2621 1503 2908 1572 παρούσης
2941 1497 3127 1568 βίϐλου
3159 1496 3485 1566 προείρηται
3511 1509 3523 1520 ·
3557 1490 3684 1558 περὶ

2115 1604 2171 1657 δὲ
2200 1603 2296 1670 τῆς
2347 1601 2542 1669 λοιπῆς
2593 1593 2910 1664 ἐπιγραφῆς
2937 1591 3191 1659 διάφοροι
3224 1587 3372 1652 λόγοι
3403 1585 3682 1652 φέρονται.

2117 1696 2273 1758 Τινὲς
2310 1693 2411 1762 μέν
2465 1707 2651 1759 φασιν,
2707 1685 2856 1740 οἷκον
2883 1709 2887 1713 ~
2910 1684 3008 1753 μὲν
3063 1681 3162 1749 τὴν
3192 1678 3286 1731 τοῦ
3321 1677 3481 1728 Δαὸὶδ
3509 1675 3688 1742 ψυχὴν

2120 1785 2508 1855 ὀνομασθῆναι,
2554 1781 2629 1844 ὡς
2659 1777 3094 1846 κατοικητήριον
3125 1772 3411 1840 γεγονυῖαν
3441 1766 3532 1819 τοῦ
3562 1782 3693 1834 προ-

2866 1861 3220 1934 ὲγκαινισμδν
3273 1860 3328 1911 δὲ
3382 1857 3481 1926 τὴν
3535 1854 3691 1915 αὖθις

2121 1969 2438 2026 ἀνανέωσιν.
2491 1967 2580 2017 ὅτε
2633 1963 2769 2032 μετὰ
2826 1962 2924 2028 τὴν
2979 1955 3239 2026 πορνείαν
3273 1950 3367 2004 καὶ
3416 1950 3508 2002 τὸν
3531 1947 3692 2015 φόνον

2123 2057 2324 2126 Οῷρίου
2357 2053 2699 2125 μετανοήσας
2727 2047 2970 2116 θερμῶς,
2995 2041 3202 2113 ἠξιώθη
3235 2038 3397 2126 nam
3437 2035 3528 2126 τοῦ
3555 2049 3692 2126 προ-

2126 2123 2402 2218 φητεύειν,
2433 2144 2507 2206 ὡς
2549 2143 2608 2194 τὸ
2675 2140 2962 2210 πρότερον.
2996 2133 3152 2194 Τινὲς
3186 2130 3241 2182 δὲ
3267 2124 3414 2181 οἶκον
3452 2125 3570 2192 μὲν,
3595 2123 3694 2190 τὴν

2142 2237 2470 2308 Ἐκκλησίαν
2530 2233 2637 2287 τῶν
2681 2229 2912 2292 πιστῶν,
2970 2221 3328 2294 ὲγκαινισμὺν
3373 2219 3453 2282 δὲ,
3485 2216 3580 2282 τὴν
3608 2213 3696 2264 διὰ

2126 2335 2224 2403 τῆς
2278 2329 2692 2398 ἀναγεννήσεως
2749 2323 2843 2376 τοῦ
2915 2320 3296 2391 βαπτίσματος
3351 2307 3698 2364 ἁνακαίνισιν

2129 2401 2322 2490 αὖτῆς.
2364 2418 2551 2470 ’Ἄλλοι
2579 2416 2635 2468 δὲ
2671 2415 3028 2481 ἑγκαινισμὸν
3077 2401 3346 2461 ἐκάλεσαν
3376 2401 3474 2470 τὴν
3507 2401 3698 2465 ἐγκαι-

2130 2511 2307 2580 Vidi“?
2349 2509 2614 2570 ἐοικυῖαν.
2663 2505 2732 2576 ἥν
2775 2507 2802 2556 ὁ
2845 2501 3098 2566 Ἑζεκίας
3139 2493 3379 2566 ἑώρταζε
3423 2488 3558 2560 μετὰ
3602 2487 3700 2556 τὴν

2134 2604 2414 2674 ἀναίρεσιν
2450 2599 2558 2651 τῶν
2603 2596 2924 2666 Ἀσσυρίων,
2953 2595 3010 2645 ὲν
3047 2589 3122 2659 τῷ
3159 2587 3273 2655 ναῷ
3299 2583 3375 2652 τῷ
3428 2581 3559 2647 οἴκῳ
3587 2579 3705 2631 Κυ-

2137 2702 2252 2770 ρίου
2280 2714 2294 2727 ·
2327 2696 2403 2758 ὡς
2433 2692 2573 2747 εἶναι
2595 2691 2684 2744 τὸν
2706 2687 2920 2756 ψαλμὸν
2945 2685 3157 2744 τοῦτον,
3180 2679 3397 2748 ψαλμὸν
3432 2673 3569 2743 ᾠδῆς
3602 2668 3697 2721 τοῦ

2136 2784 2488 2855 ὲγκαινισμοῦ
2515 2782 2607 2835 τοῦ
2634 2780 2803 2843 οἴκου,
2845 2769 3357 2845 προαναφωνοῦντα,
3382 2765 3531 2824 τίνας
3558 2758 3704 2820 εἰκὸς

2137 2850 2325 2947 λογους
2389 2850 2623 2947 ῥηθῆναι
2676 2867 3001 2938 τηνικαῦτα.
3044 2863 3156 2916 εἴτε
3185 2859 3337 2928 παρὰ
3386 2850 3705 2947 τοῦΔαΰὶδ,

2140 2945 2250 3024 εἴτε
2287 2945 2436 3040 παρὰ
2455 2970 2552 3037 τῆς
2591 2961 2942 3031 Ἐκκλησίας,
2968 2957 3076 3009 εἴτε
3111 2954 3261 3023 παρὰ
3287 2949 3380 3002 τοῦ
3421 2945 3704 3040 Ἐζεκίουᾳο

2141 3032 2486 3131 ὲκάστῳυγὰρ
2508 3032 2715 3111 τούτων
2743 3051 3037 3122 ἁρμόσειεν
3064 3045 3149 3100 ἄν.
3175 3043 3248 3096 Τὸ
3272 3042 3348 3105 δὲ,
3381 3037 3484 3091 τοῦ
3507 3032 3706 3094 Δαὸὶδ,

2149 3154 2523 3223 ἀναγνωστέον
2557 3152 2658 3204 καί)
2706 3139 3123 3212 ὲαυτδν,δηλοῦν
3155 3136 3246 3190 τὸν
3281 3132 3606 3223 ποιήσαντα--

453 3252 654 3311 debere
686 3253 753 3306 ab
788 3251 1055 3316 Ecclesia,
1116 3261 1211 3307 aut
1241 3252 1309 3307 ab
1340 3252 1458 3322 ipso
1513 3253 1770 3306 Ezechia.
1799 3251 2107 3321 Unicuique
2136 3220 2282 3306 enim
2321 3265 2511 3304 eorum
2581 3251 2759 3314 potest
2801 3231 3226 3293 accommodari.
3291 3228 3355 3281 Et
3423 3220 3568 3294 quod
3634 3227 3714 3286 ait
3755 3309 3758 3312 γ

453 3346 617 3414 ipsius
673 3343 860 3407 David,
901 3359 996 3413 per
1057 3359 1117 3398 se
1173 3345 1459 3414 legendum
1523 3355 1632 3407 est,
1678 3357 1736 3399 ut
1780 3345 2027 3400 auctoris
2069 3354 2284 3399 tantum
2325 3357 2526 3396 nomen
2558 3338 2846 3408 exprimat.

529 3434 695 3490 Vsus.
717 3435 788 3490 ‘2.-
810 3435 1073 3490 Exaltabo
1101 3447 1173 3505 te,
1207 3437 1447 3505 Domine,
1481 3439 1728 3508 quoniam
1752 3439 2030 3509 suscepisti
2057 3447 2099 3502 ο

459 3544 564 3583 me.
593 3527 702 3584 Sed
736 3542 974 3596 quonam
1001 3538 1163 3598 pacto
1198 3530 1421 3585 humilis
1473 3531 1635 3586 homo
1670 3547 1794 3585 eum
1829 3531 2035 3601 poterit

461 3621 726 3686 exaltare,
755 3621 849 3691 qui
888 3623 1139 3677 excelsus
1161 3621 1288 3679 est?
1329 3621 1653 3678 Conﬂtendo
1685 3625 1941 3678 nimirum
1972 3639 2036 3678 ac

462 3711 830 3780 praedicando,
869 3713 1014 3782 quod
1061 3713 1270 3768 altusis
1289 3713 1363 3769 sit
1389 3729 1453 3769 ac
1480 3714 1755 3770 sublimis.
1793 3714 1908 3768 Hac
1943 3731 2036 3768 ra-

466 3803 614 3856 tione
661 3802 1016 3870 magnificare
1063 3805 1228 3857 etiam
1272 3803 1444 3858 Deum
1502 3803 1628 3873 quis
1681 3802 1905 3865 dicitur,
1941 3802 2036 3872 qui

465 3908 721 3963 magnum
789 3895 944 3948 illum
993 3909 1120 3950 esse
1179 3902 1511 3958 asseverat,
1572 3894 2034 3964 quemadmodum

466 3995 686 4054 contra,
721 3988 766 4042 is
795 3987 1255 4051 Deumhumiliat,
1305 4003 1368 4042 ac
1400 3986 1682 4057 deprimit,
1715 3987 1808 4057 qui
1857 3986 2040 4040 humi-

466 4079 540 4136 lia
587 4097 652 4136 ac
702 4081 829 4135 vilia
875 4082 941 4136 de
969 4096 1035 4136 eo
1069 4082 1332 4151 loquitur.
1379 4078 1669 4148 Suscepisti
1721 4092 1872 4143 vero,
1937 4079 2042 4130 hoc

2215 3439 2468 3508 ’Υψώσω
2494 3451 2587 3497 σε,
2614 3433 2812 3498 Κύριε,
2845 3428 2934 3482 ὅτι
2973 3421 3275 3486 ὑπέλαϐές
3295 3435 3386 3488 με.
3560 3410 3713 3508 ὁρτα-

2137 3500 2319 3594 πεινδς
2346 3528 2554 3599 ὑψώσει
2575 3526 2667 3578 τὸν
2699 3521 2932 3592 ὑψηλόνς
2968 3521 3040 3572 ’Ἥ
3055 3513 3298 3586 δηλονότι
3319 3500 3715 3599 ὑψηλδνᾙαύτον

2131 3592 2450 3695 ὁμολογῶν*
2483 3617 2626 3672 οὕτω
2665 3616 2771 3685 γὰρ
2814 3614 2912 3665 καὶ
2951 3607 3245 3680 μεγαλύνει
3269 3601 3452 3695 αὑτὸν,
3507 3596 3583 3656 ὼς
3617 3592 3718 3695 ps:

2132 3730 2318 3783 γιστον
2348 3709 2717 3780 δογματίζων,
2745 3705 2934 3773 ὥσπερ
2961 3705 3033 3755 ἐκ
3053 3698 3145 3753 τοῦ
3179 3694 3424 3748 ἐναντίου
3456 3685 3716 3780 ταπεινοί

2133 3776 2230 3858 καὶ
2289 3776 2600 3872 σμικρύνει,
2650 3800 2678 3851 6
2708 3793 2943 3850 ταπεινὰ
2993 3790 3093 3845 καὶ.¹
3139 3786 3314 3858 μικρὰ
3375 3776 3716 3872 περιαυτοῦ

2144 3866 2537 3963 φοεγγομενος.
2582 3887 2902 3950 ’Υπέλαϐες
2931 3883 3012 3946 δὲ,
3043 3879 3163 3933 ἀντὶ
3207 3875 3303 3928 τοῦ
3336 3866 3718 3963 Μετεὼρισιις.

2157 3959 2458 4052 indipisci;
2486 3996 2618 4034 κατε
2628 3976 2940 4052 ρῤαγμένον
2961 3975 3026 4044 τῇ
3051 3961 3541 4042 ἁμαρτίᾳ,ὑποθεὶς
3563 3959 3724 4028 χεῖρα

2154 4077 2254 4146 τῆς
2292 4075 2545 4147 βοηθείας
2576 4089 2693 4125 σου.

469 4183 577 4238 est,
609 4174 942 4238 sublimasti,
965 4184 1127 4244 atque
1157 4174 1424 4238 allevasti,
1449 4173 1646 4227 auxilii
1673 4171 1930 4225 nimirum
1964 4171 2043 4224 tui
2081 4186 2302 4225 mamnu
2338 4181 2677 4239 supponens,
2707 4176 2830 4219 cum
2859 4164 3209 4217 peccatorum
3271 4163 3435 4207 onere
3495 4147 3723 4217 depres-

473 4281 569 4320 sus
598 4265 862 4334 jacerem.

547 4358 660 4412 Nec
683 4359 954 4412 delectasti
979 4360 1219 4412 inimicos
1248 4377 1385 4413 meos
1415 4376 1569 4427 super
1599 4377 1697 4414 me.
1717 4359 1770 4414 Si
1794 4359 1861 4413 de
1889 4359 2047 4414 beato

477 4453 643 4508 David
712 4455 980 4522 psalmum
1041 4454 1299 4521 exponis,
1354 4469 1449 4521 per
1501 4455 1776 4518 inimicos,
1831 4468 1925 4508 eos
1971 4453 2051 4507 in-

475 4547 681 4616 tellige,
731 4545 933 4615 quibus
991 4543 1246 4596 daturum
1300 4558 1359 4597 se
1395 4543 1540 4598 Deus
1601 4545 1750 4598 illius
1820 4557 2047 4614 regnum

480 4637 850 4693 comminatus
901 4635 1077 4689 fuerat
1138 4649 1236 4702 per
1279 4633 1599 4702 prophetam
1629 4632 1879 4697 Nathau;
1906 4632 1949 4686 si
1982 4629 2051 4684 dc

483 4727 771 4792 Ecclesia,
833 4726 1150 4790 daemones;
1209 4724 1253 4786 si
1305 4739 1433 4778 vero
1482 4725 1548 4778 de
1599 4740 1724 4795 rege
1781 4722 2050 4787 Ezechia,

481 4819 762 4889 Assyrios.
802 4817 925 4871 Non
959 4817 1234 4871 delectasti
1272 4827 1478 4882 autem,
1506 4816 1609 4871 hoc
1649 4825 1755 4880 est,
1779 4814 1895 4868 Non
1929 4828 2054 4882 per-

489 4910 688 4964 misisti
725 4920 782 4963 ut
815 4910 1216 4964 delectarentur
1236 4908 1523 4963 adversum
1551 4925 1654 4962 me.

555 5003 720 5057 Vsus.
750 5003 802 5058 3.
837 5002 1056 5056 Domine
1094 5003 1230 5057 Deus
1275 5018 1441 5066 meus,
1494 5001 1721 5057 clamavi
1772 4997 1840 5051 ad
1875 5007 1956 5062 te,
2008 5007 2056 5050 et

483 5097 691 5150 sanasti
738 5113 832 5150 me.
888 5096 1007 5149 Non
1061 5111 1228 5161 sero,
1261 5094 1474 5163 inquit,
1518 5108 1602 5147 me
1664 5089 1895 5145 curasti.
1940 5087 2045 5142 Ubi

487 5190 630 5244 enim
655 5187 940 5244 confessus
984 5197 1066 5241 est
1116 5187 1305 5240 beatus
1352 5183 1517 5237 David
1582 5183 1834 5236 delictum
1887 5194 2050 5234 suum

488 5281 676 5336 dicens
709 5299 722 5334 :
760 5281 975 5333 Peccavi
1003 5279 1228 5332 Domino
1259 5278 1328 5338 ",
1363 5277 1545 5330 Statim
1577 5275 1624 5328 ei
1677 5273 1880 5326 dictum
1914 5280 1998 5324 est
2028 5283 2057 5321 a

486 5370 698 5424 Nathan
727 5387 741 5424 :
783 5369 1010 5421 Abstulit
1040 5367 1291 5418 Dominus
1319 5372 1595 5430 peccatum
1631 5370 1781 5413 tuum
1840 5359 1904 5412 “.
1956 5356 2062 5411 Ec-

489 5464 655 5520 clesia
686 5463 850 5517 etiam
887 5459 1001 5528 pari
1021 5457 1181 5510 modo
1204 5453 1425 5524 quando
1451 5452 1794 5522 baptismatis
1820 5461 2063 5518 tempore

493 5555 662 5608 Deum
685 5553 922 5615 invocat,
951 5548 1135 5604 statim
1167 5546 1404 5600 abluitur
1424 5560 1452 5597 a
1479 5552 1820 5611 peccatorum
1853 5541 2059 5611 plagis:

491 5657 544 5698 et
577 5646 770 5698 beatus
798 5640 1058 5696 Ezechias
1090 5652 1248 5693 sacco
1277 5635 1523 5696 indutus.
1556 5644 1609 5689 et
1643 5633 1957 5704 supplicans
1992 5630 2059 5684 ad

492 5734 694 5793 Deum,
729 5731 1012 5786 confestim
1038 5729 1304 5784 liberatus
1331 5735 1413 5780 est
1445 5725 1512 5782 ab
1545 5724 1846 5782 obsidionis
1876 5723 2063 5792 plaga.

573 5843 616 5882 ιι
665 5841 706 5899 ιι
745 5841 875 5909 Reg.
909 5857 1002 5907 xu,
1037 5842 1120 5897 is.
1155 5818 1158 5821 ’
1189 5843 1232 5875 ι’
1259 5839 1394 5897 ibid.

2223 4355 2326 4411 Καὶ
2377 4355 2487 4407 οὐκ
2531 4351 2834 4418 εὔφρανας
2868 4343 3007 4408 τοὺς
3034 4338 3288 4409 ἐχθρούς
3327 4352 3444 4404 μου
3468 4334 3544 4387 ἐπ
3592 4332 3723 4401 ἐμέ.

2154 4445 2315 4501 Κατὰ
2339 4443 2430 4495 τὸν
2463 4439 2626 4492 Δαόἱδ
2658 4437 2778 4505 μὲν,
2811 4429 2892 4495 οἷς
2918 4430 3144 4501 δοθῆναι
3170 4427 3271 4495 τὴν
3303 4423 3583 4494 βασιλείαν
3626 4423 3730 4473 αὑ.

2155 4533 2248 4586 τοῦ
2271 4533 2299 4584 6
2325 4531 2455 4591 Θεὸς
2490 4526 2577 4580 διὰ
2599 4525 2694 4578 τοῦ
2730 4521 3011 4592 προφήτου
3041 4516 3137 4571 τοῦ
3195 4515 3382 4568 Νάθαν
3416 4512 3680 4584 ἠπείλησε
3705 4528 3722 4541 ο

2158 4625 2302 4679 κατὰ
2329 4623 2385 4675 δὲ
2432 4622 2531 4692 τὴν
2601 4614 2954 4684 Ἐκκλησίαν,
3011 4598 3137 4672 τοὺς
3167 4607 3432 4676 δαίμονας
3457 4618 3470 4631 ·
3503 4603 3646 4658 κατά
3667 4601 3726 4653 δὲ

2159 4717 2251 4770 τὸν
2287 4712 2558 4777 Ἐζεκίαν,
2608 4708 2734 4771 τοὺς
2802 4703 3126 4774 Ἀσσυρίους
3175 4716 3189 4730 ·
3244 4701 3365 4752 Οὐκ
3423 4697 3731 4764 εὔφρανας

2159 4811 2238 4873 δὲ,
2275 4806 2394 4860 ἀντὶ
2421 4802 2540 4866 τοῦ,
2571 4800 2687 4854 υῦκ
2719 4797 2930 4861 ἔδωκας
2962 4790 3340 4863 εὐφρανθῆναι
3372 4787 3569 4848 αὐτοὺς
3605 4785 3732 4836 κατ’

2162 4900 2319 4971 ἐμοῦ.

2228 4991 2402 5058 Κύριε
2425 4990 2456 5042 ὁ
2487 4985 2629 5050 Θεός
2660 5001 2798 5052 μου,
2818 4976 3114 5046 ἐκέκραξα
3159 4971 3308 5041 πρὸς
3328 4971 3422 5033 σὲ,
3453 4966 3550 5022 καί
3579 4966 3738 5019 [ciam

2161 5101 2253 5154 με.
2288 5080 2544 5148 Δηλονότι
2573 5077 2674 5131 οὐκ
2709 5077 2790 5137 εἰς
2826 5070 3041 5142 μακράν
3062 5085 3076 5098 ·
3109 5067 3138 5119 6
3171 5067 3268 5135 μὲν
3301 5063 3410 5132 γὰρ
3441 5059 3604 5154 Audis

2159 5149 2295 5235 πὼν,
2335 5169 2662 5237 Ἠμάρτηκα
2690 5163 2770 5228 τῷ
2793 5162 3007 5229 Κυρίῳ,
3038 5159 3271 5228 ἤκουσεν
3299 5154 3484 5214 εὐθὺς,
3521 5151 3604 5203 ὅτι
3665 5149 3736 5200 Ὀ

2166 5267 2378 5332 Κύριος
2413 5260 2622 5330 ἀφεῖλε
2658 5257 2722 5311 τὸ
2747 5250 3065 5325 ἁμάρτημὰ
3088 5265 3225 5303 σου’
3252 5249 3288 5315 ή
3319 5247 3375 5299 δὲ
3413 5241 3733 5310 Ἐκκλησία,

2166 5353 2574 5422 ἐπικαλουμένη
2608 5349 2769 5402 αὐτον
2819 5349 2877 5398 ὲν
2925 5345 3003 5414 τῷ
3033 5340 3212 5411 καιρῷ
3260 5337 3356 5390 τοῦ
3420 5334 3734 5404 βαπτίσμα-

2167 5466 2278 5513 τος,
2312 5445 2474 5507 εὐθὺς
2505 5440 2827 5496 ἀπολούεται
2857 5437 2954 5498 τὰς
2989 5433 3204 5500 πληγὰς
3256 5429 3357 5498 τῆς
3402 5423 3682 5493 ἁμαρτίας
3713 5436 3730 5450 ·

2166 5543 2193 5594 ὁ
2226 5541 2282 5591 δὲ
2332 5535 2580 5601 Ἑζεκίας
2605 5532 2807 5584 σάκκον
2869 5522 3349 5594 περιϐαλλόμενος.
3422 5518 3437 5556 ⁸
3483 5513 3730 5574 ετεύσας,

2164 5628 2373 5701 ταχέως
2407 5626 2527 5695 ίάοη
2565 5624 2670 5677 ἀπὸ
2701 5623 2797 5690 τῆς
2826 5617 3040 5688 πληγῆς
3081 5613 3179 5684 τῆς
3227 5608 3566 5679 πολιορκίας.
