4110 6210
520 356 621 420 3i!

1673 363 1824 423 COM
1836 365 1885 424 id
1898 362 2070 426 ENT.
2100 362 2181 423 IN
2225 362 2582 423 PSALMOS.

3656 361 3760 424 3ιὲ

596 467 701 523 Καὶ
731 467 1030 539 ἀνήγαγες
1050 471 1120 536 ἐξ
1139 471 1288 539 ᾅδου
1327 471 1430 540 τὴν
1490 472 1700 542 ψυχήν
1731 491 1876 542 μου.
1931 475 2089 527 Κατὰ

2270 471 2431 527 Vens.
2459 480 2510 527 4.
2563 471 2801 538 Domine,
2846 469 3112 525 deduxisti
3155 470 3219 524 ab
3276 471 3480 540 inferno
3522 471 3758 524 animum

526 562 627 631 μὲν
678 561 773 615 τδν
812 564 976 617 Δαδὶδ
1022 564 1115 618 καὶ
1158 567 1257 634 τὴν
1294 565 1647 637 Ἐκκλησίαν,
1698 567 1806 620 ἀπὸ
1838 585 1933 621 του
1965 568 2087 621 σκό·

522 670 645 716 τους
683 653 781 722 τῆς
811 655 1103 725 ἁμαρτίας.
1149 658 1219 709 Ἦ
1253 658 1349 710 καὶ
1368 657 1456 711 διὰ
1484 659 1586 729 τὴν
1641 658 1735 712 τοῦ
1760 659 1888 731 ᾅδου
1922 660 2091 714 κατά-

520 746 675 799 λυσιν
705 746 883 813 τοῦτο,
932 750 1028 802 καὶ
1054 751 1156 819 τὴν
1188 750 1299 803 τῶν
1331 751 1522 821 ψυχῶν
1548 750 1883 823 ἐλευθερίαν.
1935 754 2091 808 Κατὰ

519 838 579 890 δέ
605 838 698 891 τὸν
738 839 1008 905 Ἐζεκίαν,
1035 842 1144 896 ἀπὺ
1180 842 1277 896 τοῦ
1318 844 1546 907 σκότους
1589 847 1687 915 τῆς
1735 844 2000 909 δουλείας,
2052 847 2088 916 ἢ

524 930 788 984 σκότωσιν
814 933 1051 1001 ἐμποιεῖ.

596 1106 876 1173 Ἕσωσάς
892 1126 969 1178 με
993 1110 1114 1165 ἀπὸ
1144 1112 1261 1166 τῶν
1283 1115 1763 1169 καταϐαινόντων
1799 1118 1888 1182 εις
1938 1117 2086 1170 λάκ-

528 1212 658 1251 κον.
698 1196 771 1250 Τὸ
799 1198 931 1253 αὐτὸ
955 1202 1119 1255 πάλιν
1150 1198 1306 1258 εἶπεν
1339 1221 1353 1235 ⁸
1384 1205 1505 1267 ἔθος
1544 1207 1655 1275 γὰρ
1709 1210 1823 1270 τοῖς
1868 1210 2089 1278 εὐχαρι-

530 1286 738 1352 στοῦσι,
802 1292 1106 1354 ποικίλλειν
1134 1295 1233 1363 τὴν
1274 1296 1531 1366 διήγησιν
1590 1299 1692 1369 τῆς
1745 1299 2084 1371 εὐεργεσίας.

524 1381 740 1434 Λάκκον
768 1381 827 1435 δὲ
864 1385 1082 1453 νοήσεις
1114 1386 1204 1437 τὸν
1232 1387 1475 1454 ἄφυκτον
1516 1389 1783 1455 κίνδυνον,
1846 1392 2087 1454 τοιοῦτος

521 1470 629 1541 γὰρ
664 1472 695 1524 ὁ
726 1470 940 1543 βόθρος,
977 1475 1008 1545 ἢ
1037 1475 1128 1528 τὸν
1151 1477 1339 1544 τάφον,
1369 1478 1401 1549 ἢ
1431 1479 1523 1532 τὸν
1564 1480 1698 1553 ᾅδην
1734 1498 1748 1512 ·
1785 1483 1881 1536 καὶ
1908 1482 2084 1537 ταῦτα

521 1565 631 1634 γὰρ
656 1565 714 1618 ἐν
739 1566 816 1637 τῷ
846 1566 1000 1636 βάθει
1035 1572 1133 1640 τῆς
1152 1572 1253 1642 γῆς
1284 1573 1393 1627 είσὶ
1421 1575 1518 1629 καὶ
1546 1576 1785 1645 ἄφυκτα.
1831 1577 2087 1642 Ἔσωσάς

522 1672 612 1723 με,
646 1658 828 1727 φησὶν,
858 1658 966 1712 ἀπὸ
1015 1662 1126 1715 τῶν
1176 1664 1615 1720 καταδαινόντων
1665 1670 1746 1731 είς
1794 1668 2079 1724 κίνδυνονο

521 1749 656 1802 κατὰ
692 1752 793 1820 μὲν
829 1753 918 1806 τὸν
940 1754 1107 1808 Δασὶδ
1131 1758 1224 1809 καί
1251 1756 1351 1828 τὴν
1396 1759 1751 1831 Ἐκκλησίαν,
1811 1761 2042 1833 ψυχικόν
2064 1778 2079 1794 ’

518 1840 662 1892 κατὰ
695 1840 754 1894 δέ
778 1841 869 1894 τὸν
907 1842 1181 1913 Ἑζεκίαν,
1223 1848 1559 1914 σωματικόν.
1619 1851 1740 1920 Χρὴ
1791 1851 1848 1904 δὲ
1920 1853 2085 1921 7tth-

522 1946 692 1996 σκειν,
730 1932 811 1986 ὅτι
840 1934 902 1985 οὗ
934 1935 1113 1988 πάντα
1140 1937 1207 1990 τὰ
1239 1939 1368 2007 ἑξῆς
1425 1940 1588 2010 ῥητὰ,
1653 1941 1862 2005 τούτοις
1911 1945 2088 2015 ἁρμό-

520 2020 729 2088 ζουσιν,
769 2023 905 2077 ἀλλά
938 2042 1057 2079 τινα
1089 2045 1101 2057 ο
1146 2029 1373 2082 τοιαῦτα
1412 2030 1545 2100 γὰρ,
1601 2032 1678 2095 ὡς
1743 2033 1969 2099 ἐπίπαν,
2023 2037 2093 2090 τὰ

522 2114 858 2181 προφητικά.

602 2288 846 2344 Ψὰλατε
912 2291 992 2358 τῷ
1020 2295 1216 2364 Κυρίῳ
1241 2299 1296 2352 οι
1315 2298 1472 2354 ὅσιοι
1508 2300 1717 2359 αὐτοῦ.
1775 2303 1840 2357 Oi
1894 2304 2094 2359 δίκαιοι

529 2380 782 2446 aeto-3,0!
819 2383 1098 2453 ἐνάρετοι·
1129 2389 1178 2440 οί
1202 2389 1309 2460 γὰρ
1348 2390 1424 2462 μὴ
1458 2391 1633 2456 οὕτως
1669 2393 1910 2464 ἔχοντες,
1951 2396 2093 2466 ψάλ-

528 2470 711 2534 λοντες
731 2474 792 2525 οὐ
826 2473 1140 2543 ψάλλουσιν.
1175 2479 1250 2531 Οὐ
1277 2481 1388 2552 γὰρ
1411 2481 1638 2537 δύναται
1671 2486 1893 2557 δένδρον
1920 2506 2088 2558 πονη-

527 2562 620 2633 ρὸν
668 2568 915 2637 καρποὺς
944 2569 1186 2638 ἀγαθοὺς
1216 2576 1413 2639 ποιεῖν,
1449 2574 1573 2629 οὐδὲ
1608 2578 1809 2649 καρδία
1849 2579 2089 2650 θανατη-

524 2655 710 2727 φόρος,
750 2659 976 2729 ῥήματα
1001 2660 1285 2717 ἐκϐάλλειν
1310 2664 1479 2737 ζωῆς.

607 2839 1096 2912 Ἐξομολογεῖσθε
1150 2845 1226 2915 τῇ
1275 2847 1482 2919 μνήμῃ
1539 2849 1651 2920 τῆς
1698 2852 2092 2923 δικαιοσύνης

528 2930 738 2985 αὐτοῦ.
769 2933 880 2986 Καὶ
916 2934 1292 3005 εὐχαριστεῖτε
1319 2941 1421 3009 τῆς
1457 2940 1568 3008 (97)
1623 2942 1845 3011 μνήμης
1904 2946 2092 3012 αὑτοῦ,

528 3025 614 3076 ὅτι
637 3024 1047 3095 ἐμνημόνευσεν
1067 3029 1225 3097 ήμῶν
1252 3029 1412 3102 αὕτη,
1468 3032 1581 3085 τῶν
1633 3035 2092 3107 ἐπιλελησμένων,

529 3113 618 3168 διὰ
638 3114 737 3178 τὰς
766 3116 1040 3188 ἁμαρτίας
1079 3121 1257 3189 ἡμῶν.

602 3229 733 3282 Ὀτι
766 3230 914 3299 ὁρτὴ
967 3231 1037 3284 ἐν
1065 3231 1146 3298 τῷ
1178 3230 1342 3302 θυμῷ
1364 3233 1576 3298 αὖτοῦ,
1600 3234 1697 3290 καὶ
1732 3234 1847 3307 ζωὴ
1900 3237 1969 3291 ἐν
2014 3239 2095 3305 τῷ

530 3321 814 3390 θελήματι
839 3323 1047 3377 αὑτοῦ.
1092 3324 1296 3394 Ὀργὴν
1326 3325 1426 3395 μὲν
1452 3328 1705 3396 ὀνομάζει
1730 3328 1824 3382 νῦν
1844 3331 1943 3398 τὴν
1998 3332 2095 3385 x6-

530 3411 686 3466 λασιν
708 3430 723 3445 ·
745 3413 915 3483 θυμὸν
939 3415 1015 3479 δὲ,
1049 3414 1148 3486 τὴν
1169 3417 1562 3489 ἀγανάκτησιν.
1597 3421 1752 3474 Ἔστι
1773 3421 1829 3476 δὲ
1856 3423 2095 3487 τοιοῦτος

529 3503 559 3554 ὁ
599 3501 723 3567 νοῦς
749 3518 768 3539 ο
796 3504 878 3557 ὅτι
903 3504 1124 3568 κόλασις
1146 3507 1246 3577 μέν
1270 3509 1438 3575 ἐστιν,
1503 3511 1562 3565 ἐν
1607 3515 1673 3583 τῇ
1723 3513 2093 3582 ἀγανακτήσει

530 3592 696 3646 αὐτοῦ
738 3610 753 3626 υ
781 3594 895 3665 ζωὴ
923 3596 1000 3664 δὲ,
1034 3598 1091 3649 ἐν
1121 3598 1198 3667 τῷ
1229 3597 1496 3671 θελήματι
1545 3600 1714 3656 αὐτοῦ
1749 3619 1766 3636 ο
1812 3605 2092 3658 τουτέστιν

532 3685 855 3751 ἀγανακτῶν
892 3687 1012 3757 μὲν,
1048 3689 1289 3755 κολάζει,
1323 3691 1400 3756 ὠς
1427 3691 1637 3757 δίκαιος
1666 3711 1679 3726 ο
1708 3693 1852 3748 θέλει
1902 3694 1961 3748 δὲ
2006 3696 2094 3749 ἀεὶ

533 3776 725 3845 ἐλεεῖν,
756 3779 829 3842 ῶς
855 3780 1123 3851 ἐλεήμων,
1171 3781 1248 3845 ὡς
1304 3779 1541 3847 εἶναιτὸ
1600 3784 1720 3854 μὲν,
1778 3787 2097 3855 περιστάσει

2192 584 2381 623 meum.
2414 565 2539 621 Sive
2575 579 2813 635 exponas
2844 563 3112 634 psalmum
3140 562 3209 618 de
3243 563 3397 617 beato
3423 562 3613 627 David,
3641 565 3758 618 sive

2192 658 2260 711 de
2283 655 2547 717 Ecclesia,
2569 669 2662 724 per
2680 654 2951 709 infernum
2986 652 3227 723 intellige
3253 655 3501 707 tenebras
3524 655 3753 722 peccati.

2190 750 2286 804 Vel
2330 747 2415 803 his
2463 746 2642 802 verbis
2686 745 2884 799 inferni
2910 745 3337 800 destructionem
3365 754 3418 797 et
3443 747 3747 798 animarum

2191 839 2565 897 liberationem
2596 835 2884 906 signiﬁcat.
2916 835 3071 900 Quod
3121 836 3165 889 si
3199 834 3267 888 de
3302 833 3564 900 Ezccltia,
3609 844 3760 889 tene-

2192 922 2318 988 bras
2390 929 2713 986 formidinis.
2776 927 2923 982 Solet
2989 927 3132 982 enim
3201 925 3437 981 formido
3500 929 3756 982 tenebras

2190 1040 2468 1095 generare.

2262 1120 2502 1177 Salvasti
2529 1137 2608 1174 me
2643 1138 2674 1174 a
2699 1119 3129 1175 descendentibus
3164 1119 3216 1171 in
3251 1117 3447 1173 lacmu.
3499 1113 3759 1169 Eamdcm

2189 1213 2385 1267 iterum
2417 1213 2542 1267 aliis
2570 1211 2751 1267 verbis
2784 1212 2984 1279 repetit
3012 1209 3361 1267 sententiam,
3405 1207 3763 1277 quemadmo-

2188 1301 2317 1356 dum
2346 1316 2463 1357 mos
2493 1310 2578 1357 est
2607 1303 2695 1366 iis,
2729 1301 2822 1368 qui
2853 1301 2918 1356 de
2943 1300 3186 1369 acceptis
3237 1298 3520 1353 beneﬁciis
3559 1297 3762 1368 gratias

2187 1403 2371 1463 agunt.
2412 1392 2516 1447 Per
2544 1393 2720 1447 lacum
2764 1406 2893 1446 vero
2951 1390 3266 1446 inevitabile
3321 1387 3622 1459 periculum
3674 1387 3762 1441 in-

2186 1483 2386 1553 tellige.
2410 1482 2541 1537 Nam
2561 1483 2653 1554 qui
2678 1484 2732 1537 in
2759 1483 2936 1538 lacum
2964 1489 3060 1537 aut
3097 1482 3309 1537 foveam
3334 1490 3428 1535 aut
3464 1480 3760 1541 infernum,

2187 1592 2306 1647 quae
2343 1577 2603 1633 omniain
2639 1577 2913 1647 profundo
2936 1584 3098 1632 terrm
3136 1584 3285 1641 sunt,
3329 1572 3557 1638 incidit,
3612 1572 3764 1628 illinc

2187 1668 2416 1725 evadere
2452 1683 2562 1725 non
2597 1675 2799 1738 potest.
2843 1667 3077 1723 Salvasti
3108 1682 3195 1722 me
3222 1708 3237 1733 ,
3296 1666 3517 1737 inquit,
3569 1665 3638 1719 ab
3693 1664 3762 1718 iis

2186 1759 2277 1831 qui
2295 1759 2635 1816 descendunt
2651 1758 2706 1813 in
2730 1758 3062 1830 periculum;
3089 1759 3141 1812 in
3161 1757 3486 1828 periculum,
3511 1756 3759 1825 inquam.

2191 1851 2407 1915 animae,
2430 1850 2474 1905 si
2509 1849 2578 1904 de
2600 1848 2865 1911 Ecclesia.
2900 1858 2995 1903 aut
3024 1848 3092 1902 de
3115 1847 3282 1902 David
3314 1847 3585 1916 intelligas
3614 1861 3630 1900 :
3659 1845 3757 1901 sed

2193 1942 2498 2010 corporale,
2531 1939 2672 1995 side
2707 1938 2959 1994 Ezechia.
2986 1939 3127 1992 Illud
3187 1948 3367 1993 autem
3421 1937 3768 1991 animadver-

2197 2033 2417 2087 tendum
2443 2037 2548 2096 est,
2582 2029 2877 2099 quodquae
2901 2035 3239 2098 sequuntur,
3290 2043 3397 2081 non
3445 2028 3624 2081 omnia
3676 2026 3763 2081 his

2196 2123 2377 2178 tribus
2395 2128 2726 2190 congruunt,
2752 2118 2848 2175 sed
2876 2120 3054 2187 aliqua
3077 2119 3484 2175 tantummodo:
3505 2118 3585 2173 sic
3618 2118 3761 2173 enim

2201 2215 2312 2271 fere
2338 2228 2398 2270 se
2423 2214 2623 2268 habent
2645 2211 2807 2267 verba
2831 2210 3165 2280 prophetica.
3668 2212 3673 2217 '

2269 2305 2432 2361 Vens.
2467 2304 2521 2359 5.
2553 2304 2773 2358 Psallite
2798 2302 3020 2356 Domino
3045 2301 3217 2355 sancti
3232 2300 3366 2369 ejus.
3391 2297 3522 2365 Vos,
3549 2315 3583 2355 ο
3628 2299 3761 2368 justi

2195 2409 2247 2455 ct
2285 2399 2484 2452 virtute
2514 2395 2748 2464 praediti.
2780 2392 2915 2448 Nam
2950 2393 3042 2461 qui
3069 2392 3381 2463 bujusmodl
3425 2407 3533 2447 non
3589 2401 3716 2447 sunt
3744 2433 3760 2457 ,

2194 2488 2408 2545 tametsi
2426 2488 2681 2559 psallant,
2712 2485 2948 2540 Domino
2977 2500 3085 2540 non
3126 2484 3389 2554 psallunt,
3423 2484 3759 2555 nequeenim

2191 2587 2368 2654 potest
2393 2580 2556 2635 arbor
2599 2578 2740 2633 mala
2774 2575 2990 2631 fructus
3034 2575 3211 2630 bonos
3257 2575 3475 2638 facere.
3523 2589 3624 2630 nec
3667 2588 3764 2629 cor

2191 2672 2553 2736 mortiferum,
2587 2684 2649 2725 ac
2665 2667 2904 2725 caedibus
2935 2668 3153 2738 plenum
3191 2710 3205 2735 ,
3234 2669 3396 2724 verba
3435 2668 3561 2723 vita:
3602 2668 3763 2723 emit-

2194 2777 2333 2824 tere.

2269 2858 2335 2912 Et
2356 2859 2675 2929 conﬁtemini
2707 2859 2972 2915 memoria:
3001 2856 3303 2913 sanctitatis
3354 2855 3491 2924 ejus.
3531 2853 3593 2906 Et
3635 2867 3762 2922 gra-

2196 2949 2303 3004 tias
2329 2949 2471 3018 agite
2520 2949 2669 3004 illius
2719 2949 3017 3011 memoria»,
3065 2947 3209 3017 quod
3258 2952 3508 2999 nostrum
3552 2943 3762 2998 scilicet

2199 3039 2540 3103 meminerit,
2597 3056 2829 3111 quorum
2894 3050 3055 3095 antea
3095 3081 3109 3105 ,
3174 3038 3246 3095 ob
3286 3036 3482 3093 delicta
3513 3076 3529 3101 ,
3582 3036 3761 3089 fuerat

2127 3153 2168 3211 α
2200 3138 2417 3194 oblitus.

2269 3252 2436 3309 Vens.
2460 3252 2511 3308 6.
2583 3251 2844 3319 Quoniam
2884 3249 2969 3304 ira
3007 3248 3062 3303 in
3098 3244 3529 3303 excandescentia
3565 3242 3676 3312 ejus
3711 3251 3761 3296 et

2196 3347 2303 3401 vita
2329 3346 2381 3398 in
2410 3344 2675 3399 voluntate
2703 3343 2842 3412 ejus.
2883 3339 2986 3396 Per
3018 3339 3182 3405 iram,
3220 3334 3632 3405 castigationem
3659 3346 3756 3386 seu

2196 3438 2531 3510 punitionem
2564 3435 2821 3506 intelligit
2850 3450 2865 3499 ;
2898 3442 2952 3488 et
2983 3446 3179 3489 sensus
3208 3426 3456 3498 estquod
3480 3423 3765 3494 castigatio

2193 3530 2248 3585 in
2278 3526 2730 3585 excandescentia
2773 3524 2865 3579 Dei
2903 3530 3014 3588 est;
3050 3521 3161 3575 vita
3190 3533 3324 3574 vero
3346 3517 3401 3572 in
3426 3516 3544 3585 ejus
3568 3516 3768 3569 volun-

2194 3629 2327 3687 tate,
2360 3619 2463 3674 hoc
2504 3628 2610 3685 est,
2638 3616 2784 3688 quod
2822 3614 2971 3679 licet,
3006 3620 3067 3667 ut
3090 3612 3295 3681 justus,
3322 3607 3515 3679 puniat
3548 3605 3765 3673 quoties

2195 3709 2562 3772 excandescit,
2592 3714 2654 3761 ut
2687 3704 3004 3760 misericors
3036 3709 3241 3760 tamen,
3273 3710 3487 3764 semper
3523 3693 3673 3764 cupit
3702 3709 3765 3749 ac

2195 3798 2312 3850 vult
2336 3795 2699 3856 misereri,ita
2735 3802 2795 3846 ut
2827 3791 3085 3854 alterum,
3118 3788 3264 3858 quod
3298 3786 3513 3855 puniat,
3553 3798 3663 3837 non
3694 3784 3767 3837 ita

534 3870 884 3943 ἀπροαιρέτῳ
915 3890 931 3906 ο
968 3872 1029 3925 τὸ
1050 3873 1129 3938 δὲ,
1154 3872 1314 3940 φύσει
1345 3872 1602 3945 θελητικῇ
1632 3892 1648 3906 °
1680 3876 1813 3944 φησὶ
1855 3874 1965 3944 γὰρ
2012 3874 2092 3926 διὰ

2198 3882 2559 3952 οιιοιοοιὶοιιο
2582 3879 2676 3934 Dei
2705 3893 2827 3935 esse
2854 3876 3286 3939 demonstretur,
3310 3873 3405 3928 sed
3452 3887 3584 3926 casu
3630 3887 3768 3939 qun-

548 3959 799 4032 Ἰεζεκιήλ
851 3978 866 3994 ⁸
898 3963 997 4030 Μὴ
1050 3963 1296 4030 θελήσει
1339 3962 1491 4016 θέλω
1534 3963 1643 4015 τὸν
1690 3962 1950 4017 θάνατον
1987 3962 2094 4016 τοῦ

2198 3971 2510 4035 dammodo,
2531 3979 2753 4042 propter
2781 3966 3063 4023 hominum
3084 3966 3279 4022 delicta
3315 3983 3328 4018 :
3353 3965 3585 4019 alterum
3618 3978 3768 4025 vero,

533 4054 903 4123 ἀμαρτωλοή
930 4057 1012 4122 ὡς
1041 4055 1108 4109 τὸ
1143 4054 1504 4122 ἐπιστρέψαι
1541 4055 1746 4108 αὐτόν.
1804 4054 2092 4126 Προτάττει

2205 4063 2349 4134 quod
2388 4062 2644 4127 viviﬂcet,
2676 4077 2739 4118 ex
2771 4066 2968 4116 natura
3000 4058 3120 4131 ejus
3147 4071 3269 4112 esse
3295 4063 3569 4126 appareat,
3590 4062 3644 4131 et
3675 4069 3772 4107 vo-

534 4148 647 4219 δέή
682 4150 871 4221 Γραφὴ
925 4151 995 4205 τὰ
1032 4148 1254 4221 λυπηρὰ
1283 4148 1391 4202 τῶν
1424 4147 1596 4218 ἡδέων
1621 4163 1635 4179 ·
1694 4146 1805 4217 (98)
1860 4146 2098 4218 ἡδύσιμα

534 4240 643 4312 γὰρ
686 4243 824 4312 μετὰ
844 4243 1066 4312 λυπηρὰ
1092 4243 1159 4296 τὰ
1187 4240 1425 4312 χρηστὰ,
1484 4240 1559 4304 ὡς
1585 4239 1649 4292 τό
1688 4255 1702 4269 ·
1758 4238 1905 4309 Ἐγὼ
1950 4239 2098 4294 duo-

535 4334 721 4388 κτενῶ
753 4336 850 4389 καὶ
883 4334 990 4404 ζῇν
1028 4335 1289 4401 ποιήσω·
1320 4333 1585 4399 πατάξω,
1623 4332 1786 4402 κάγὼ
1828 4332 2094 4401 ἰάσομαι.

2204 4128 2498 4208 luntarium
2534 4170 2552 4207 ι
2581 4128 3043 4222 quemadmodum
3069 4156 3122 4203 et
3153 4146 3283 4201 alibi
3307 4161 3402 4217 per
3432 4128 3769 4199 Ezechielem

2203 4242 2363 4299 docet
2391 4243 2578 4298 dicens
2609 4263 2622 4298 :
2678 4240 2801 4295 Non
2836 4239 3010 4295 volens
3037 4241 3149 4293 colo
3186 4246 3404 4291 mortem
3441 4236 3729 4304 peccatoris
3755 4276 3768 4296 .

2204 4333 2295 4389 sed
2329 4344 2384 4388 ut
2416 4341 2769 4398 convertatur,
2802 4338 2850 4387 et
2874 4330 3007 4384 vivat
3044 4329 3109 4383 ³³.
3139 4327 3412 4398 Prmponit
3445 4327 3605 4382 etiam
3637 4326 3772 4381 Pro-

536 4427 693 4496 pheta
725 4435 916 4483 intesta
946 4427 1199 4496 iucundis
1231 4444 1247 4481 :
1276 4442 1342 4482 eo
1373 4427 1519 4495 quod
1584 4426 1828 4481 dulciora
1882 4424 2171 4480 videantur
2228 4426 2375 4481 bona
2461 4441 2583 4497 quae
2629 4436 2752 4497 post
2799 4423 2973 4479 tristia
3019 4422 3338 4479 obveniant.
3428 4417 3618 4473 Simile
3685 4427 3770 4474 est

539 4516 669 4572 illud
708 4534 726 4570 :
766 4516 882 4588 Ego
914 4516 1149 4570 occidam
1172 4524 1221 4570 et
1243 4516 1536 4586 viaiﬁcabo,
1562 4516 1855 4584 percutiam
1902 4522 1954 4568 et
2011 4514 2213 4571 sonabo
2238 4515 2305 4571 “.

613 4632 686 4687 Τὸ
719 4630 981 4700 ἑσπέρας
1010 4630 1444 4697 αὐλισθήσεται
1472 4630 1799 4699 κλαυθμὸς,
1858 4629 1957 4683 καί
2013 4630 2092 4695 εὶς

2222 4663 2236 4681 .
2275 4629 2358 4682 Ad
2383 4645 2650 4700 vesperum
2678 4627 3037 4683 demorabitur
3067 4627 3222 4696 ﬂetus
3252 4634 3301 4680 et
3342 4624 3412 4679 ad
3451 4626 3771 4679 matutinum

540 4725 606 4778 τὸ
634 4727 785 4793 πρωῒ
808 4723 1190 4792 ἀγαλλίασις.
1214 4720 1386 4774 Τοῦτο
1428 4720 1674 4791 βούλεται
1734 4719 1951 4788 δηλοῦν,
2019 4720 2092 4772 ὅτι

2202 4721 2409 4777 latitia.
2436 4721 2643 4778 Sensus
2670 4729 2777 4784 est,
2807 4719 2951 4789 quod
2991 4717 3313 4789 pmnitentia
3366 4716 3433 4772 de
3486 4718 3726 4788 peccatis
3756 4755 3770 4777 .

541 4819 575 4886 ἡ
634 4815 1145 4887 μετάνοιαιταχεῖαν
1190 4812 1527 4882 ἀνεπάγεται
1561 4812 1660 4884 τὴν
1728 4810 2100 4883 συγχώρησιν.

554 4909 612 4963 '0
650 4910 758 4978 γὰρ
812 4907 1051 4980 ἑσπέρας
1078 4906 1344 4971 κλαύσας,
1384 4905 1444 4959 τὸ
1498 4904 1645 4974 πρωῒ
1690 4904 2102 4972 ἀγαλλιάσεται.

542 5003 1027 5074 παρηγορούμενος
1055 5002 1121 5071 τῇ
1162 4997 1428 5069 ἐπιδημίᾳ
1457 4997 1550 5049 τοῦ
1574 4996 1730 5065 ἁγίου
1762 4995 2101 5065 [ῐνεύματος.

547 5094 774 5148 Ἐστιδὲ
816 5094 908 5147 καὶ
946 5094 1249 5161 προφητεία
1287 5090 1541 5160 περὶτῶν
1575 5086 1907 5150 ἀποστόλων,
1950 5081 2030 5150 οἷς
2050 5089 2108 5139 ἐν

547 5186 755 5256 ἑσπέρᾳ
783 5184 876 5238 τοῦ
907 5184 1208 5249 Σαεὸἀτου,
1244 5180 1501 5249 μετὰ.τὴν
1521 5181 1698 5249 ταφὴν
1716 5178 1807 5232 τοῦ
1830 5179 2107 5248 Σωτῆρος,

547 5277 814 5341 κλαίουσι,
835 5280 930 5331 καὶ
950 5281 1010 5331 τὸ
1035 5276 1179 5348 πρωῒ
1204 5276 1295 5345 τῆς
1317 5272 1597 5345 Κυριακῆς
1620 5274 1675 5326 αἱ
1698 5274 1953 5341 γυναῖκες
1984 5271 2107 5325 ἐκό-

550 5389 715 5439 μισαν
756 5373 927 5442 χαρᾶς
960 5368 1276 5438 εὐαγγέλια,
1310 5368 1402 5420 καὶ
1436 5368 1516 5420 ὅτι
1551 5365 1751 5435 ἀνέστη
1795 5365 1823 5417 ὁ
1876 5362 2106 5435 Κύριος.

624 5549 671 5583 ⁸³
703 5551 900 5608 Ezeclt.
934 5563 1087 5617 xvut,
1125 5548 1214 5604 25.
1273 5547 1319 5581 ³⁸
1346 5546 1499 5603 Deut.
1535 5559 1704 5607 xxx",
1731 5544 1824 5600 59.

2203 4796 2649 4864 celerem’secum
2682 4796 2899 4862 a'mlncit
2940 4806 3176 4859 veniam.
3225 4804 3358 4857 Nam
3405 4805 3497 4873 qui
3548 4817 3773 4873 vespere

2202 4914 2300 4954 sua
2333 4897 2541 4953 ﬂeverit
2565 4903 2810 4966 peccata,
2838 4910 2999 4949 mane
3028 4894 3374 4962 postmodum
3426 4909 3640 4949 summa
3677 4894 3770 4946 la:-

2209 4991 2327 5044 titia
2362 4989 2677 5052 exsultabit,
2708 4988 2939 5042 adventu
2988 4988 3246 5042 nimirum
3304 4987 3476 5042 sancti
3530 4985 3773 5055 Spiritus

2206 5083 2539 5138 consolatus.
2572 5079 2666 5134 Est
2698 5087 2750 5134 et
2776 5080 2887 5134 haec
2917 5079 3203 5150 prepltetia
3232 5078 3297 5133 de
3329 5076 3614 5146 apostolis,
3653 5072 3773 5140 qui-

2205 5174 2310 5229 bus
2345 5181 2467 5243 post
2493 5170 2707 5225 Domini
2743 5171 3076 5241 sepulturam
3111 5184 3336 5239 vespere
3367 5163 3589 5219 Sabbati
3637 5160 3772 5215 ﬂen-

2206 5265 2393 5330 tibus,
2445 5277 2645 5325 mane,
2692 5260 2978 5315 Dominico
3025 5260 3113 5314 die
3171 5257 3428 5311 mulieres
3470 5247 3769 5317 jucundum

2208 5358 2339 5414 illud
2372 5355 2570 5412 laetitia:
2596 5352 2848 5410 nuntium
2884 5350 3222 5411 attulerunt,
3263 5340 3550 5398 Dominum
3582 5351 3769 5394 resur-

1891 5664 2091 5728 Varim
2120 5663 2445 5728 lectiones.

620 5798 733 5869 (97)
769 5798 957 5854 Sniltc
985 5800 1051 5868 τῇ
1095 5796 1305 5868 μνήμῃ,
1336 5794 1419 5852 vel
1444 5794 1671 5852 subaudi
1706 5794 1915 5849 ἕνεκεν.

2276 5789 2386 5860 (98)
2430 5787 2515 5839 ῖσ.
2555 5784 2757 5855 ἡδίονα.
