4054 6210
368 314 474 371 33.2.}
1612 312 1929 372 EUTHYM

2044 308 2404 377 ZIGABENI

3517 315 3621 378 344

371 435 579 487 rexisse
612 444 1011 489 asseverantes.
1049 431 1310 488 Ezechias
1350 444 1530 487 autem
1565 439 1618 484 et
1648 429 1937 484 universus

2044 432 2151 484 Καὶ
2187 436 2235 486 οἱ
2269 434 2395 505 περὶ
2427 433 2518 487 τὸν
2564 434 2813 498 Ἑζεκίαν
2843 433 3092 504 δὲ,’μετὰ
3124 434 3296 504 φορὰν
3326 433 3620 506 (Sinti-ast-

372 529 626 597 populus.
674 542 901 596 Vespere
933 528 987 580 in
1022 542 1192 580 unum
1251 527 1464 581 collecti
1519 524 1720 579 ﬂebant
1750 564 1764 585 ,
1819 538 1942 577 cum

374 622 675 677 horrendas
706 621 1079 677 Sennacherib
1107 622 1284 676 minas
1336 620 1622 674 audissent
1649 658 1663 681 ,
1691 618 1945 670 timentes

373 733 432 772 se
461 717 685 784 jamjam
711 716 763 771 in
799 716 1149 772 inimicorum
1180 724 1504 784 potestatem
1541 718 1942 783 perventuros:

369 817 423 862 nt
456 824 613 862 mane
641 824 859 863 summo
881 808 1081 879 gaudio
1115 806 1292 861 affecti
1330 813 1457 861 sunt
1489 845 1504 865 ,
1536 804 1901 874 intelligentes
1928 844 1942 865 ,

368 898 514 965 (μιοά
563 914 623 951 ea
657 907 818 951 nocte
852 905 931 950 tot
972 896 1139 950 millia
1176 895 1417 949 hostium
1467 892 1703 947 fuissent
1751 892 1819 945 ab
1850 907 1946 944 an-

370 993 487 1059 gelo
526 992 741 1045 Domini
799 993 1146 1059 interempta.
1198 987 1576 1042 Demorabitur
1623 999 1750 1039 vero
1782 1026 1796 1050 ,
1844 983 1947 1039 hoc

369 1096 473 1141 cst.
508 1084 795 1138 habitabit.

448 1177 608 1229 Vens.
634 1179 683 1229 7.
723 1175 831 1246 Ego
855 1188 1029 1229 autem
1052 1175 1165 1228 dixi
1192 1175 1245 1227 in
1271 1172 1604 1226 abundantia
1638 1187 1750 1223 mea
1778 1184 1795 1220 :
1824 1168 1946 1220 Non

370 1272 613 1322 movebar
642 1271 696 1321 in
714 1269 989 1322 sarculum.
1016 1268 1199 1321 Potest
1233 1266 1336 1319 hoc
1362 1273 1469 1318 tam
1501 1262 1751 1317 Ezechiae
1782 1274 1943 1330 quam

372 1362 530 1415 beato
568 1360 733 1414 David
763 1358 1191 1422 accommodari,
1220 1358 1389 1427 quiin
1419 1368 1662 1424 tempore
1691 1352 1947 1408 secundae

370 1449 604 1504 fortuna:
631 1449 881 1504 arbitrati
919 1458 1050 1504 sunt
1088 1463 1209 1502 eam
1260 1447 1512 1502 stabilem
1555 1460 1771 1513 semper
1795 1442 1944 1496 futu—

374 1558 510 1606 ram,
536 1552 588 1596 et
610 1557 888 1611 nunquam
918 1542 1226 1595 adversam.
1258 1541 1361 1594 Per
1384 1537 1773 1594 abundantiam
1796 1537 1943 1591 enim

370 1636 571 1689 bonum
625 1650 688 1688 ac
722 1635 933 1687 t'elicem
973 1641 1175 1687 statum
1210 1631 1483 1701 intelligit,
1534 1639 1587 1684 et
1628 1646 1722 1699 per
1746 1629 1944 1683 motio-

371 1742 517 1788 nem,
544 1742 638 1781 seu
669 1725 1100 1789 ﬂuetnationem,
1126 1723 1541 1779 conversionem
1566 1737 1594 1775 a
1625 1721 1942 1777 stabilitate.

447 1818 608 1873 Vens.
646 1819 698 1873 8.
733 1818 972 1881 Domine,
1009 1819 1062 1871 in
1104 1817 1371 1871 voluntate
1400 1826 1493 1869 tua
1527 1814 1942 1884 prmtitistide-

368 1914 475 1966 cori
507 1928 619 1965 meo
642 1914 928 1977 potentiam
949 1951 962 1970 ,
1001 1910 1239 1973 auertiin
1275 1909 1466 1977 faciem
1520 1918 1665 1960 tuam
1687 1924 1717 1959 a
1744 1924 1851 1970 me,
1894 1915 1945 1960 et

367 2007 542 2073 factus
574 2020 690 2058 sunt
721 2003 1084 2057 conturbatus.
1132 2000 1210 2055 Ad
1266 2002 1485 2055 eosdem
1546 2007 1776 2067 possunt
1828 1998 1943 2053 haec

366 2099 531 2152 verba
564 2098 854 2164 pertinere.
895 2095 1044 2149 Illam
1070 2132 1084 2154 .
1122 2094 1300 2163 inquit
1324 2130 1340 2155 ν
1395 2093 1692 2163 potentiam
1716 2134 1730 2157 ,
1778 2108 1941 2163 quam

367 2186 718 2255 pulchritudo
746 2202 841 2243 seu
877 2188 1041 2240 decor
1076 2199 1231 2241 meus
1260 2194 1419 2241 antea
1465 2183 1695 2239 habebat
1728 2202 1742 2236 :
1793 2184 1939 2237 illam

368 2283 626 2336 nimirum
651 2280 956 2335 claritatem
990 2289 1157 2348 atque
1189 2278 1570 2333 excellentiam
1604 2277 1795 2345 regni,
1831 2291 1940 2329 non

367 2385 485 2426 mea
519 2384 619 2439 ego
649 2366 869 2431 virtute,
901 2376 995 2422 aut
1025 2368 1160 2421 mois
1194 2365 1424 2427 meritis,
1472 2365 1571 2420 seri
1624 2373 1677 2420 te
1718 2365 1800 2421 sic
1848 2380 1943 2419 vo-

367 2463 510 2517 lente
535 2460 822 2515 habebam.
855 2459 1111 2514 Arertisti
1144 2468 1321 2513 autem
1356 2457 1750 2525 protectionem
1787 2465 1935 2510 tuam

366 2570 398 2609 a
426 2568 530 2617 me,
557 2560 777 2621 propter
812 2552 1273 2607 existimationem
1304 2565 1477 2604 meam
1502 2588 1519 2614 ,
1567 2558 1622 2605 et
1650 2550 1836 2604 statim
1884 2550 1938 2603 in

366 2644 758 2700 turbulentiam
792 2652 953 2712 atque
983 2642 1324 2697 calamitates
1361 2657 1551 2696 versus
1583 2656 1730 2696 sum.

441 2736 607 2791 Vens.
641 2736 694 2790 9.
736 2736 818 2787 Ad
873 2744 944 2798 te,
964 2734 1203 2797 Domine,
1248 2733 1510 2787 clamabo.
1540 2733 1879 2788 Consecutus
1908 2748 1937 2784 a

366 2841 420 2884 te
437 2829 821 2899 tempestivum
844 2827 1129 2888 auxilium,
1158 2827 1223 2880 ad
1248 2836 1298 2881 te
1318 2827 1372 2880 in
1400 2826 1934 2880 futurum'clamabo.

367 2920 548 2975 Utitur
598 2927 779 2973 autem
831 2918 1095 2988 propheta
1148 2932 1525 2986 saepenumero
1583 2918 1686 2971 hoc
1726 2917 1934 2981 verbo,

363 3013 583 3084 quando
609 3027 798 3082 preces
822 3027 885 3065 ex
918 3011 1110 3066 intimo
1134 3012 1366 3066 emissas
1396 3011 1561 3065 corde
1586 3011 1878 3081 signiﬁcat.

438 3105 507 3158 Et
536 3103 603 3157 ad
628 3103 793 3156 Deum
819 3118 987 3155 meum
1040 3102 1377 3171 deprecabor.
1426 3101 1681 3156 Eamdem
1748 3101 1938 3171 repetit
1967 3102 2014 3163 C

366 3197 719 3253 sententiam.
749 3194 863 3250 Vel.
895 3195 1038 3264 quod
1073 3210 1237 3263 supra
1267 3194 1364 3257 ait,
1391 3194 1471 3247 Ad
1506 3203 1575 3254 te,
1606 3193 1846 3255 Domine,
1870 3194 1937 3246 ad

366 3289 581 3343 Patrem
603 3289 808 3341 dictum
825 3295 942 3341 est:
965 3295 1018 3340 et
1034 3284 1177 3355 quod
1206 3300 1349 3339 nunc
1366 3270 1441 3338 ait
1464 3283 1533 3338 ad
1558 3284 1715 3338 Deum
1742 3301 1937 3345 meum,

363 3383 429 3436 ad
465 3380 663 3436 Filium
694 3381 944 3450 pertinet.
972 3380 1129 3434 Illum
1160 3388 1337 3433 autem
1371 3379 1513 3433 diem
1565 3378 1939 3448 przennntiare

361 3472 499 3527 mihi
527 3472 741 3526 videtur
770 3468 964 3525 beatus
1000 3469 1194 3531 David,
1232 3485 1337 3539 quo
1369 3466 1606 3525 Absalon
1640 3468 1785 3525 filius
1810 3483 1935 3522 eum

363 3575 684 3635 persecutus
715 3571 817 3629 est,
860 3562 915 3616 in
952 3577 1061 3631 qua
1096 3562 1476 3630 persecutione
1512 3560 1679 3615 Deum
1716 3561 1938 3615 invoca-

361 3663 439 3715 vit
474 3660 595 3715 :vel
646 3659 788 3711 diem
813 3658 1120 3725 illum,an
1154 3652 1416 3709 Ezechias
1440 3655 1615 3709 factus
1638 3664 1721 3710 est
1744 3655 1941 3709 certior

364 3765 463 3821 per
489 3747 818 3817 Prophetam
844 3786 860 3811 ,
892 3745 1037 3816 quod
1066 3745 1314 3814 sequenti
1349 3745 1438 3799 die
1491 3745 1542 3799 ei
1595 3746 1935 3801 moriendum

362 3847 499 3902 erat,
525 3853 633 3905 quo
665 3835 878 3900 audito,
909 3834 1092 3888 statim
1121 3831 1229 3889 Deo
1259 3848 1355 3903 pro
1380 3832 1488 3887 vita
1523 3847 1624 3887 sua
1658 3833 1938 3903 supplica-

360 3932 461 3987 vit.
499 3930 781 3992 Clamabo,
818 3928 1017 3998 inquit,
1055 3935 1108 3982 et
1152 3926 1413 3995 precabor
1450 3925 1528 3980 sic
1565 3925 1789 3978 dicens:

431 4020 599 4075 Vens.
624 4020 708 4075 10.
744 4019 874 4085 Qua:
901 4020 1107 4071 utilitas
1140 4018 1192 4070 in
1234 4018 1495 4088 sanguine
1522 4032 1636 4070 meo
1684 4017 1807 4069 dum
1845 4013 1939 4069 de-

359 4115 550 4169 scendo
586 4114 635 4167 in
665 4110 1094 4180 corruptionem?
1132 4109 1231 4165 Per
1263 4109 1581 4179 sanguinem
1608 4152 1621 4172 ,
1662 4109 1935 4178 propriam

362 4222 582 4260 carnem
615 4205 892 4275 intelligit,
922 4219 1044 4273 qua:
1069 4202 1335 4269 sanguine
1358 4209 1613 4255 concreta
1640 4209 1741 4254 est.
1773 4199 1934 4265 ριιιιξ-

360 4313 511 4364 nata,
548 4300 746 4369 inquit,
777 4306 861 4354 est
898 4296 1107 4351 utilitas
1138 4296 1188 4347 in
1222 4310 1386 4349 carne
1439 4308 1557 4348 mea
1588 4334 1603 4359 ,
1655 4294 1727 4346 ita
1779 4302 1935 4347 aucta

358 4401 520 4462 atque
547 4400 763 4457 ornata,
788 4390 834 4444 si
866 4388 933 4442 ad
957 4386 1406 4457 putrefactionem
1433 4386 1764 4440 deventurus
1788 4385 1938 4440 sum?

2047 527 2144 596 λὴν
2169 527 2263 579 τοῦ
2296 529 2638 600 Σεναχηρεὶμ
2662 530 2900 597 ἑσπέρας
2928 528 3306 596 συλλεγέντες.
3332 530 3427 580 καὶ
3452 526 3619 580 κλαύ-

2049 637 2264 684 σαντες,
2302 621 2378 687 ὡς
2414 622 2514 690 ἤδη
2552 623 3113 692 κατασχεθησόμενοι,
3146 621 3207 673 τὸ
3246 619 3391 691 πρωῒ
3448 621 3621 689 χαρᾶς

2047 717 2417 786 ἐπλήσθησαν,
2442 717 2529 771 διὰ
2559 717 2660 787 τῆς
2710 718 2900 780 νυκτὸς
2925 717 3181 786 ἀοράτως
3224 711 3618 783 ἀναιρεθεισῶν

2046 812 2156 863 τῶν
2180 812 2449 864 τοσούτων
2475 810 2701 863 ἐκείνων
2742 809 3017 879 χιλιάδων.
3054 804 3502 871 Αὺλισθήσεται
3541 803 3620 865 δὲ.

2047 906 2168 959 ἀντὶ
2196 905 2311 972 τοῦ,
2349 906 2641 977 σκηνώσει.

2134 1180 2273 1248 Ἐγὼ
2302 1179 2369 1233 δὲ
2397 1176 2536 1232 εἶπα
2565 1178 2635 1230 ἐν
2670 1176 2743 1245 τῇ
2774 1174 3027 1242 εὐθηνὶᾳ
3052 1191 3173 1242 μου
3202 1189 3217 1203 ο
3254 1174 3335 1225 Οὐ
3369 1171 3455 1239 μὴ
3515 1186 3623 1223 σα-

2049 1268 2246 1325 λευθῶ
2276 1271 2363 1335 εἰς
2392 1268 2496 1322 τόν
2523 1266 2728 1321 αἰῶνα.
2758 1264 2930 1318 Τοῦτο
2982 1265 3108 1332 περὶ
3146 1262 3307 1327 Δαὸἰδ
3359 1262 3475 1313 ἐστι
3534 1262 3623 1312 καὶ

2062 1361 2327 1425 Ἐζεκίου,
2360 1360 2412 1413 οἳ
2438 1361 2496 1413 ὲν
2526 1361 2646 1422 ταῖς
2670 1357 2995 1428 εὐημερίαις
3022 1356 3222 1415 αὐτῶν.
3287 1351 3478 1423 ᾤοντο,
3546 1352 3621 1419 μὴ

2048 1452 2435 1522 δυσπραγῆσαί
2496 1467 2647 1504 ποτε.
2709 1448 2948 1518 Εὑθηνία
3006 1447 3104 1515 μὲν
3138 1446 3269 1512 γὰρ,
3316 1447 3348 1513 ὴ
3396 1442 3619 1509 εὐεξία·

2051 1544 2301 1605 σάλευσις
2326 1543 2405 1606 δὲ,
2429 1544 2462 1612 ἡ
2498 1539 2825 1611 παρατροπὴ
2851 1538 2945 1607 τῆς
2969 1536 3313 1597 εὐσταθείας.

2118 1816 2314 1883 Κύριε,
2343 1814 2413 1867 ἐν
2440 1811 2518 1879 τῷ
2550 1810 2837 1884 demutari
2870 1825 2985 1863 σου
3017 1806 3336 1875 παράσχου
3368 1801 3445 1867 τῷ
3476 1800 3626 1855 κάλ-

2046 1913 2137 1963 λει
2155 1925 2273 1978 μου
2300 1907 2577 1975 δύναμιν,
2624 1903 3015 1971 ἁπέστρεψας
3068 1900 3134 1953 δὲ
3187 1899 3254 1951 τὸ
3302 1895 3626 1964 πρόσωπόν·

2047 2015 2189 2067 σου,
2220 2000 2317 2053 καὶ
2339 1998 2635 2066 ἐγενήθην
2662 1994 3120 2065 τεταραγμένος.
3154 1991 3289 2061 Περὶ
3311 1989 3419 2041 τῶν
3442 1985 3623 2041 αὐτῶν

2048 2094 2141 2146 καὶ
2165 2092 2374 2147 ταῦτα·
2404 2091 2537 2160 φησὶ
2571 2090 2698 2160 γὰρ,
2729 2090 2810 2142 ὅτι
2851 2088 3067 2156 ’Ἡνπερ
3109 2080 3219 2153 εἶχε
3269 2081 3500 2148 δυνάμιν
3563 2076 3625 2131 τὸ

2048 2184 2245 2247 κάλλος
2280 2201 2380 2254 μου
2406 2183 2694 2253 πρότερον,
2744 2183 2863 2251 ἦτοι
2893 2181 2926 2248 ἡ
2960 2177 3288 2248 λαμπρότης
3327 2173 3421 2226 καὶ
3462 2187 3623 2241 περι-

2047 2276 2245 2344 φάνεια
2272 2274 2372 2342 τῆς
2414 2272 2693 2344 βασιλείας
2749 2288 2875 2340 μου,
2920 2266 3011 2320 σοῦ
3072 2264 3399 2334 θελήσαντος
3455 2255 3624 2329 εἶχον,

2046 2368 2140 2421 καὶ
2179 2367 2278 2419 οὐκ
2298 2364 2357 2431 ἐξ
2388 2365 2526 2434 ἐμῆς
2552 2363 2774 2433 ἀρετῆς.
2811 2356 3198 2428 ’Δπέστρεψας
3237 2353 3349 2423 γὰρ
3375 2353 3472 2420 τὴν
3505 2351 3626 2401 ἐπι-

2048 2460 2260 2527 σκοπὴν
2283 2475 2376 2509 σου
2411 2456 2500 2509 διὰ
2529 2456 2626 2523 τὴν
2654 2455 2793 2524 ἐμὴν
2821 2453 3022 2523 οἴησιν,
3050 2450 3143 2503 καὶ
3172 2446 3333 2508 εὐθὺς
3356 2444 3622 2513 ἐγενόμην

2044 2551 2103 2603 ἐν
2127 2548 2343 2621 θορύόῳ
2366 2550 2460 2603 καὶ
2483 2548 2762 2617 συμφορᾷ.

2115 2738 2269 2808 Πρὸς
2296 2735 2393 2796 σὲ.
2425 2733 2620 2800 Κύριε,
2640 2726 3021 2795 κεκράξομαι.
3049 2722 3372 2779 Ἀπολαύσω
3398 2720 3624 2790 ταχείας

2042 2831 2362 2901 ἐπικουρίας
2394 2845 2407 2859 ·
2443 2829 2579 2895 πρὸς
2621 2825 2680 2877 σὲ
2698 2823 2777 2884 είς
2800 2822 2860 2875 τὸ
2888 2820 3013 2889 ἑξῆς
3040 2814 3399 2888 κεκράξομαι.
3431 2815 3624 2883 [lapa-

2041 2925 2309 2997 τηρητέον
2337 2923 2415 2984 δὲ,
2458 2922 2539 2974 ὅτι
2572 2918 2632 2971 τὸ
2660 2915 2907 2989 κράζειν,
2934 2913 3031 2966 καὶ
3079 2910 3339 2981 τὸῐβοᾷν,
3381 2907 3473 2960 ἐπὶ
3511 2906 3620 2958 τῶν

2042 3020 2108 3071 ὲκ
2133 3016 2363 3086 καρδίας
2393 3012 2666 3080 δεομένων
2691 3008 2906 3078 τίθησιν
2936 3007 2968 3074 ἡ
2995 3003 3213 3073 Γραφή.

2119 3110 2228 3163 Kal
2263 3107 2412 3175 πρὸς
2455 3106 2563 3158 τὸν
2595 3104 2744 3157 Θεόν
2789 3117 2910 3169 μου
2948 3096 3340 3165 δεηθήσομαι.
3381 3091 3456 3145 Τὸ
3488 3088 3619 3143 αὐτὸ

2047 3202 2349 3259 κάνταῦθα.
2380 3201 2451 3252 Ἦ
2475 3198 2626 3267 πρὸς
2658 3197 2717 3249 σὲ
2743 3195 2864 3264 μὲν,
2895 3192 2982 3245 διὰ
3031 3190 3122 3244 τὸν
3156 3187 3377 3256 Πατέρα
3418 3201 3432 3216 ·
3465 3183 3618 3251 πρὸς

2044 3298 2153 3351 τὸν
2178 3295 2327 3349 Θεόν
2359 3310 2476 3361 μου
2506 3291 2583 3353 δὲ,
2615 3289 2704 3342 διὰ
2735 3287 2827 3340 τὸν
2856 3285 3007 3339 Υἱόν.
3043 3284 3225 3335 Ἐοικε
3253 3279 3309 3334 δὲ
3345 3294 3620 3349 προσαγο-

2046 3385 2225 3457 ρεύειν
2253 3384 2350 3453 τὴν
2368 3382 2585 3454 ἡμέραν
2606 3378 2727 3433 καθ’
2755 3378 2822 3451 ἢν
2842 3376 3005 3440 αὐτὸς
3031 3377 3059 3428 ὁ
3094 3371 3413 3441 Ἀϐεσαλὼμ
3434 3369 3621 3424 ἐδίωκε

2042 3480 2134 3532 τὸν
2170 3476 2332 3530 Δαϐίδ
2357 3494 2369 3505 ·
2411 3473 2738 3544 διωκόμενος
2780 3471 2887 3543 γὰρ
2914 3463 3087 3532 οὗτος,
3128 3465 3499 3520 ἐπεκαλέσατο
3530 3462 3621 3514 τὸν

2043 3569 2206 3623 Δαϐίδ
2231 3582 2244 3596 ⁸
2273 3569 2305 3641 ἢ
2334 3565 2457 3620 καθ’
2491 3567 2557 3637 ἣν
2607 3563 2855 3628 Ἐζεκίας
2902 3560 3341 3632 πληροφορηθεὶς
3391 3555 3479 3609 διὰ
3525 3553 3619 3607 τοῦ

2044 3660 2327 3731 προφήτου
2381 3658 2464 3711 ὅτι
2508 3654 2697 3727 αὔριον
2749 3652 3128 3717 ἀποθανεῖται,
3200 3644 3479 3703 ἱκέτευσεν
3526 3646 3621 3696 τὸν

2043 3755 2248 3825 Κύριον
2278 3751 2404 3821 περὶ
2435 3750 2535 3821 τῆς
2581 3747 2776 3803 ἑαυτοῦ
2831 3747 2999 3816 ζωῆς.
3024 3742 3404 3816 Κεκράξομαι,
3459 3738 3618 3808 φησι,

2044 3848 2139 3901 καὶ
2172 3845 2533 3916 δεηθήσομαι,
2564 3842 2742 3911 λέγων
2785 3840 2978 3902 οὕτως’

2119 4031 2214 4096 Τίς
2247 4028 2501 4099 ὠφέλεια
2525 4026 2594 4081 ὲν
2630 4024 2709 4090 τῷ
2738 4024 2942 4094 αἵματί
2969 4039 3110 4092 μου,
3137 4022 3207 4075 ἐν
3233 4016 3311 4088 τῷ
3340 4016 3618 4072 καταϐαί-

2043 4140 2170 4178 νειν
2193 4140 2267 4191 με
2304 4124 2390 4187 εις
2421 4117 2792 4189 διαφθοράν;
2846 4110 2997 4185 Αἷμα
3034 4114 3180 4181 λέγει
3220 4112 3318 4183 τὴν
3385 4110 3564 4181 σάρκα
3599 4122 3617 4139 ·

2042 4219 2075 4286 ἡ
2138 4216 2273 4286 σὰρξ
2331 4215 2459 4284 γὰρ,
2522 4207 2663 4281 αἷμα
2723 4209 2972 4279 πεπηγός
3032 4210 3171 4261 ἐστι.
3231 4204 3391 4270 Ποία,
3424 4200 3614 4271 φησὶν,

2041 4309 2278 4377 ὠφέλεια
2308 4306 2557 4377 τῇ“σαρκί
2586 4321 2711 4374 μου,
2742 4302 2914 4366 οὕτως
2944 4298 3263 4371 αὐξηθείσῃ.
3296 4295 3419 4349 ἔπει
3444 4309 3616 4348 κατα-

2043 4399 2206 4468 ϐῆναι
2238 4396 2418 4466 μέλλω
2446 4396 2527 4457 είς
2558 4394 2739 4465 σῆψιν.
2773 4394 3034 4463 ’Δμεινον
3085 4390 3193 4457 γὰρ
3240 4387 3374 4457 μηδὲ
3416 4401 3615 4453 γεννηο

359 4485 538 4538 satius
571 4492 714 4537 esset
751 4493 1032 4547 nunquam
1064 4485 1250 4530 natum
1274 4476 1465 4531 fuisse.
1501 4476 1760 4529 Naturam
1786 4476 1928 4530 enim

2044 4466 2202 4560 θῆναί
2235 4506 2325 4558 με.
2359 4486 2615 4551 Φαυλίζει
2646 4485 2703 4538 δὲ
2734 4484 2834 4554 τὴν
2867 4484 3052 4552 φύσιν,
3079 4481 3154 4543 ὡς
3190 4479 3485 4549 ἐπίκηρον,
3518 4476 3615 4529 καὶ

359 4578 654 4629 humanam
687 4570 972 4640 vilipendit
998 4568 1267 4639 PrOphcta
1315 4569 1418 4623 hoc
1470 4568 1523 4621 in
1576 4569 1696 4622 loco
1723 4610 1737 4630 ,
1773 4568 1930 4636 quasi

358 4666 644 4720 mortalem
693 4673 750 4744 et
800 4660 953 4717 brevi
1023 4661 1470 4730 exstinguendam
1527 4678 1540 4714 :
1604 4660 1747 4715 unde
1805 4660 1933 4715 alibi

357 4759 521 4815 etiam
546 4759 622 4813 ait
656 4775 671 4813 :
718 4757 886 4812 Homo
912 4754 1135 4809 vanitati
1167 4753 1359 4807 similis
1392 4754 1565 4822 [actus
1587 4763 1682 4808 est.

430 4851 687 4921 Nunquid
708 4850 1050 4919 conﬁtebitur
1084 4848 1181 4901 tibi
1222 4847 1416 4915 planis,
1455 4858 1547 4902 aut
1590 4853 1931 4909 annuntiabit

358 4946 630 4999 veritatem
691 4944 878 4996 tuam?
932 4939 1107 4996 Verba
1158 4940 1360 4996 similia
1416 4942 1528 4997 illis
1582 4954 1711 4999 sunt
1754 4964 1766 4999 :
1806 4945 1929 5001 Non

358 5035 556 5090 mortui
622 5034 919 5088 laudabunt
973 5043 1041 5093 te,
1099 5031 1342 5095 Domine,
1395 5048 1555 5101 neque
1616 5052 1792 5089 omnes
1841 5040 1933 5106 qui

354 5125 673 5182 descendunt
706 5126 763 5177 in
798 5123 1096 5192 infernum;
1120 5123 1208 5176 sed
1238 5141 1329 5178 nos
1357 5126 1447 5195 qui
1471 5126 1690 5181 vivimus
1715 5129 1928 5182 benedi-

354 5234 527 5272 cemns
565 5215 790 5269 Domino
826 5211 893 5269 ’°.
925 5213 1125 5269 Fidens
1150 5214 1295 5269 enim
1341 5216 1393 5269 in
1422 5231 1633 5271 summa
1686 5215 1779 5272 Dei
1835 5237 1927 5288 pa-

354 5306 546 5361 tientia
607 5320 670 5360 ac
722 5303 1134 5376 longanimitate
1177 5320 1399 5361 causam
1454 5323 1608 5359 snam
1662 5308 1927 5375 justilicat

355 5397 545 5451 dicens
582 5414 593 5448 :
633 5396 890 5467 Nunquid
925 5396 1100 5464 pulvis
1151 5397 1262 5460 ille,
1300 5396 1352 5450 in
1380 5413 1541 5465 quem
1590 5414 1690 5468 ego
1746 5402 1923 5455 resol-

430 5576 473 5606 ³⁸
503 5574 645 5631 Psal.
686 5592 876 5639 cum,
914 5578 965 5631 4.
1028 5579 1068 5609 ³⁶
1097 5576 1241 5631 l’sal.
1285 5593 1440 5644 cxut,
1474 5579 1558 5631 l7.

2037 4582 2419 4652 ὀλιγοχρόνιον.
2472 4580 2810 4646 Ἀνθρωπος
2851 4575 2983 4646 γὰρ,
3046 4573 3202 4642 φησι,
3262 4570 3615 4640 ματαιότητι

2039 4676 2325 4743 ὡμοιώθη.

2109 4859 2206 4927 Μὴ
2275 4852 2785 4925 ἐξομολογήσεταί
2829 4869 2927 4907 σοι
2985 4850 3152 4922 χοῦς,
3204 4850 3241 4918 ἢ
3298 4846 3615 4917 ἀναγγελεὶ

2044 4952 2159 5018 τὴν
2185 4947 2473 5015 ἀλήθειάν
2493 4962 2647 5011 σου;
2672 4945 2875 5015 Ὅμοια
2902 4945 3074 4999 ταῦτα
3094 4943 3170 5014 τῷ
3194 4960 3207 4974 ·
3241 4942 3384 5011 Οὐχὶ
3413 4939 3613 5007 νεκροί

2042 5039 2360 5094 αὶνέσουσί
2388 5054 2481 5103 σε,
2515 5040 2711 5107 Κύριε,
2763 5035 2907 5091 οὐδὲ
2953 5036 3177 5102 πάντες
3235 5037 3290 5089 cl
3334 5032 3613 5088 καταϐαίη

2040 5148 2249 5196 vorm:
2274 5132 2359 5195 εἰς
2386 5128 2558 5197 ᾅδην
2580 5127 2715 5183 ἀλλ’
2744 5127 2932 5198 ἡμεῖς,
2963 5130 3014 5181 οἱ
3072 5126 3301 5190 ζῶντες,
3362 5120 3611 5189 εὐλογή-

2038 5241 2227 5292 caper
2255 5224 2359 5275 τεν
2392 5223 2629 5290 Κύριον.
2665 5220 2896 5291 Θαῤῥῶν
2922 5218 3030 5291 γὰρ
3064 5221 3129 5290 τῇ
3155 5215 3472 5285 ἁνεξικακέᾳ
3514 5213 3610 5265 τοῦ

2036 5317 2195 5381 θεοῦ,
2229 5316 2669 5384 δικαιολογεῖται,
2695 5312 2871 5382 λέγων
2899 5331 2912 5344 ο
2955 5311 3103 5383 Ἀρα
3152 5310 3535 5382 εὐχαριστήσει
3582 5310 3610 5360 ὀ

2036 5408 2185 5478 χοῦς,
2210 5411 2287 5473 εἰς
2316 5409 2373 5463 ὂν
2401 5408 2729 5481 ἁναλυθῆναι
2786 5407 3113 5473 κινδυνεύω;
3157 5404 3189 5476 ἦ
3223 5403 3425 5469 διδάξει
3482 5400 3611 5463 τοὺς

1682 5671 1883 5733 Variae
1921 5672 2248 5738 lectiones.

427 5767 537 5829 (99)
564 5768 646 5822 ἴσ.
684 5772 937 5839 ἀπειλῆς.
