4054 6210
243 335 349 396 345
1391 330 1788 393 COMMENT.
1829 331 1915 391 IN
1952 332 2316 394 PSALMOS.
3390 297 3524 392 διε

240 441 589 511 ἀγνοοῦντας,
621 441 704 494 ὅτι
734 441 798 495 σὺ
820 440 1040 511 ἀληθῶς
1068 440 1221 506 Θεὸς,
1265 441 1300 512 ἢ
1326 441 1406 496 ὅτι
1457 441 1696 512 ἀληθής;
1750 441 1824 494 Τὸ

1938 444 2313 545 rendus-sum,
2346 422 2554 516 gratias
2577 445 2878 518 aliquando
2908 445 3010 502 tibi
3041 438 3210 514 aget?
3240 437 3500 509 Nunquid

241 535 363 604 μὲν,
394 534 472 604 (1)
509 535 618 588 τῶν
647 533 825 588 ἄλλων
849 533 987 586 θεῶν
1018 530 1230 602 ψευδῶν
1259 533 1429 588 ὄντων
1458 551 1470 563 ·
1530 535 1592 587 τὸ
1634 535 1712 598 δὲ,
1743 533 1816 596 ὡς

1938 537 2107 592 etiam'
2133 537 2249 602 ille,
2279 538 2597 609 ignorantes
2635 540 2876 600 docebit.
2902 537 3048 610 quod
3075 513 3204 591 vere
3241 547 3307 588 ac
3335 546 3504 586 verax
3554 513 3557 516 ’

242 627 578 698 πληροῦντὸς
617 644 710 680 σου
738 627 806 679 τὰ
849 624 1260 697 ἐπηγγελμένα.
1315 627 1536 680 Βέλτιον
1587 625 1682 680 οὖν
1735 626 1817 680 ἔτι

1938 627 2074 684 Deus
2106 630 2205 684 es?
2235 646 2362 685 vere
2385 632 2624 700 ‘quidem
2655 633 2812 703 quasi
2846 629 3043 701 reliqui
3067 627 3161 683 Dei
3187 625 3334 680 'l'alsi
3370 622 3503 687 sint,

241 719 338 828 ςῇν
361 737 465 824 με,
501 723 551 828 εὶὶ
575 720 670 772 καὶ
701 719 780 790 μὴ
795 720 865 772 δι’
889 720 1012 788 ἐμὲ.
1048 717 1164 772 ἀλλ’
1192 719 1282 772 ἵνα
1308 718 1576 788 δοξολογῶ
1624 735 1684 772 σε
1724 719 1818 773 καὶ

1938 720 2158 776 alterum
2221 737 2353 777 vero
2407 734 2468 778 ttt
2503 723 2683 792 jussa,
2715 739 2780 779 ac
2829 723 3084 779 mandata
3115 729 3206 773 tua
3237 715 3502 788 perﬁciat.

242 811 415 881 ὑμνῶ,
449 810 545 864 καὶ
575 811 831 881 κηρύττω
860 811 959 882 τὴν
983 811 1243 882 ἀλήθειάν
1276 829 1394 868 σου.

1938 811 2122 870 Melius
2168 824 2258 870 est
2303 816 2470 887 igitur
2496 827 2556 871 ut
2587 818 2767 872 adhuc
2800 815 3055 886 praesenti
3103 813 3214 867 vita
3254 810 3428 872 fruar,
3458 807 3504 861 si

243 909 314 960 ob
355 905 560 959 nullam
614 906 885 974 privatam
955 905 1061 960 mei
1121 906 1296 972 ipsius
1347 907 1642 971 rationem,
1674 905 1868 962 saltem
1902 906 1972 962 ob
2004 907 2155 963 illam
2190 910 2274 964 vel
2328 912 2586 978 maxime,
2634 921 2692 966 ιιι
2719 911 3022 982 gloriﬁcem
3049 917 3121 973 te,
3154 915 3210 961 et
3266 904 3507 960 laudem.

243 1007 406 1067 atque
432 1005 492 1050 ut
516 997 802 1051 veritatem
833 1005 978 1049 tuam
1009 994 1324 1066 praedicem.

316 1091 583 1141 Ἤκουσε
622 1089 879 1155 Κύριος.
922 1088 1023 1142 καὶ
1057 1086 1287 1156 ἠλέησέ
1342 1104 1440 1156 με.
1488 1087 1826 1157 Δὶσθὸμενος

245 1182 343 1251 τῆς
376 1181 679 1251 μελλούσης
712 1179 987 1252 βοηθείας,
1011 1182 1100 1250 ζὼς
1145 1181 1245 1251 ἤδη
1296 1181 1610 1249 γεγονυίας,
1657 1179 1828 1250 αὐτὴν

243 1276 532 1345 διηγεῖται.
567 1275 844 1327 Ἤκουσεν
878 1274 979 1342 τῆς
1029 1274 1173 1343 ἐμῆς
1222 1276 1508 1344 κραυγῆς.
1556 1275 1825 1336 τουτέστι,

246 1367 558 1450 προσήκατό
587 1384 691 1438 μου
733 1366 833 1436 τὴν
860 1366 1044 1438 δέησιν
1071 1383 1084 1398 ·
1117 1369 1167 1420 οἱ
1201 1366 1310 1437 γὰρ
1337 1365 1415 1437 μὴ
1449 1367 1830 1438 προσιέμενοι,

247 1462 357 1514 οὐδ’
376 1461 598 1514 ἀκούειν
621 1459 930 1531 ἀνέχονται.

314 1643 529 1708 Κύριος
557 1641 812 1710 ἐγενήθη
847 1640 1078 1706 ,ϐοηθός
1108 1639 1533 1709 μου.’Δκούσας
1569 1638 1823 1712 ἠλέησεν,

246 1733 343 1788 καὶ
372 1733 624 1804 ἐλεήσας,
650 1731 916 1804 ἐϐοήθησέ
941 1750 1055 1804 μοι,
1085 1733 1392 1803 ῥυσάμενος
1419 1735 1483 1788 ἐκ
1531 1733 1626 1788 τοῦ
1669 1751 1827 1804 τηνι-

247 1825 424 1878 καῦτα
456 1825 711 1878 Θανάτου.

321 1915 668 1985 Ἕστρεψας
697 1917 804 1970 τὸν
825 1919 1083 1972 κοπετόν
1111 1934 1232 1986 μου
1257 1919 1346 1984 εἷς
1386 1915 1599 1986 χαράν.
1645 1917 1826 1970 Korre-

2001 1088 2168 1146 Vtztts.
2199 1091 2292 1147 il.
2322 1092 2540 1146 Audiuit
2575 1092 2833 1146 Dominus
2862 1101 2914 1146 et
2965 1092 3215 1144 misertus
3256 1095 3333 1142 est
3379 1086 3504 1140 mei~

1926 1180 2244 1238 Prtevidens
2272 1182 2541 1251 Propheta
2573 1183 2892 1239 adfuturum
2921 1184 3026 1240 sibi
3063 1182 3315 1237 divinum
3343 1176 3507 1232 auxi.

1929 1274 2087 1336 lium,
2112 1275 2242 1329 illud
2278 1285 2468 1331 narrat
2513 1285 2574 1331 ut
2599 1277 2713 1346 jam
2758 1277 3064 1346 prmstitum
3093 1274 3372 1337 :Audivit,
3421 1273 3506 1326 lu-

1929 1367 2071 1436 quit,
2117 1368 2418 1422 clamorem
2451 1383 2658 1431 meum,
2723 1369 2829 1423 hoc
2878 1377 2986 1433 est,
3030 1367 3273 1423 Admisit
3302 1364 3508 1420 oratio-

1929 1472 2050 1511 nem
2087 1471 2287 1511 meam.
2319 1456 2456 1512 Nam
2481 1457 2576 1528 qui
2605 1473 2716 1514 non
2749 1458 3141 1524 admittuntur,
3186 1455 3363 1510 audiri
3397 1469 3506 1508 non

1927 1559 2181 1621 possunt.

1999 1643 2259 1698 Dominus
2288 1645 2464 1714 factas
2493 1653 2571 1700 est
2599 1644 2818 1714 adjutor
2844 1659 3011 1697 meus.
3041 1641 3282 1696 Audiens
3313 1638 3510 1694 miscr-

1930 1744 2022 1792 tus
2049 1745 2156 1798 est,
2183 1745 2237 1793 et
2266 1737 2478 1808 adjuvit
2505 1753 2614 1803 me,
2653 1738 2895 1808 eripiens
2924 1752 2954 1790 a
2981 1743 3180 1798 morte,
3225 1743 3344 1803 quae
3379 1741 3510 1786 tunc

1932 1829 2305 1899 impendebat.

2005 1922 2173 1978 Vens.
2215 1923 2301 1976 l2.
2345 1923 2661 1978 Convertisti
2686 1921 2956 1992 planctum
2980 1936 3154 1975 meum
3174 1920 3230 1973 in
3253 1916 3510 1987 gaudium

245 2008 336 2072 τός
362 2010 479 2061 ἐστι
510 2009 568 2061 τὸ
599 2010 821 2082 θρηνεῖν
847 2011 942 2064 καὶ
986 2011 1047 2064 τὸ
1093 2011 1325 2064 τύπτειν
1371 2010 1433 2063 τὸ
1497 2008 1694 2079 στῆθος
1732 2008 1826 2063 καὶ

1938 2011 2084 2066 mihi.
2122 2012 2386 2083 Plangere
2410 2013 2554 2068 idem
2582 2021 2668 2067 est
2697 2012 2844 2082 quod
2873 2012 3082 2081 lugere.
3112 2023 3177 2062 ac
3209 2019 3380 2076 genas
3414 2018 3511 2072 pe-

247 2103 349 2166 τὰς
380 2102 613 2176 παρειάς
636 2119 650 2133 °
675 2103 876 2157 κόπτω
910 2101 1019 2174 γὰρ
1055 2102 1119 2156 τὸ
1149 2103 1372 2157 τύπτω.
1410 2097 1700 2172 Ἐνήλλαξε
1730 2100 1830 2171 τὴν

243 2196 424 2265 λύπην
457 2213 559 2265 μου
595 2195 674 2259 εἰς
701 2197 898 2266 χαράν.

1928 2114 2160 2172 ctusque
2221 2112 2534 2174 percutere.
2600 2104 2838 2159 Verbum
2891 2103 3036 2158 enim
3095 2100 3310 2168 plango,
3369 2094 3512 2149 unde

1929 2194 2114 2264 plaga,
2163 2194 2307 2250 idem
2364 2195 2666 2268 signiﬁcat,
2717 2195 2864 2266 quod
2907 2193 3053 2250 caedo
3100 2207 3198 2248 seu
3251 2186 3508 2258 percutio.

248 2289 530 2358 [Eamdetu
555 2289 700 2344 enim
737 2288 1122 2360 etymologiam
1155 2295 1341 2343 servat
1373 2285 1565 2340 Graeca
1591 2278 1813 2352 dictio.]
1853 2281 2228 2339 Comtntuavit
2262 2285 2447 2355 itaque
2483 2285 2695 2339 luctum
2733 2299 2798 2338 ac
2835 2296 3128 2339 maerorem
3197 2291 3378 2333 meum
3453 2275 3508 2328 in

249 2383 511 2440 laetitiam.

319 2477 642 2546 Διέρῤηξας
664 2477 773 2532 τὸν
801 2477 1038 2533 σάκκον
1056 2496 1197 2549 μου,
1229 2477 1328 2531 καὶ
1355 2470 1725 2543 περιέζωσάς
1751 2488 1829 2540 με

245 2572 655 2640 εὐφροσύνην.
699 2571 758 2626 '0
788 2571 1010 2635 σάκκος,
1055 2569 1344 2642 μετανοίας
1372 2565 1440 2642 ἦν
1484 2568 1579 2622 καὶ
1632 2583 1830 2620 ταπει-

248 2662 468 2726 νώσεως
493 2663 763 2732 σύμϐολον
796 2681 810 2695 ⁸
838 2664 889 2716 οἱ
916 2667 1020 2736 γὰρ
1050 2663 1265 2736 μεγάλῃ
1292 2663 1386 2716 καὶ
1414 2657 1829 2730 ἀπαρηγορήτῳ

248 2759 508 2827 συμφορᾷ
543 2758 959 2828 περιπεσόντες,
1004 2758 1208 2811 σάκκον
1255 2755 1696 2828 περιεϐάλλοντο,
1734 2753 1830 2806 καὶ

248 2849 447 2902 σποδὸν
478 2850 578 2918 τῆς
616 2850 858 2920 κεφαλῆς
879 2849 1224 2904 κατέπασσον
1250 2865 1262 2880 ·
1295 2851 1384 2904 ὅτε
1433 2847 1490 2901 δὲ
1540 2847 1830 2917 ὲψυχαγω-

246 2940 466 3007 γοῦντο,
515 2939 948 3011 περιρρήξαντες
1005 2939 1189 3004 αὑτὸν,
1250 2936 1592 3008 εὐφροσύνης
1639 2933 1832 3005 ἱμάτια

247 3031 730 3103 περιεζωννύοντο.
770 3031 1110 3099 Διέρῤηξας,
1135 3030 1256 3083 ἀντὶ
1281 3029 1398 3094 τοῦ,
1437 3027 1724 3094 Ἐξέδυσας
1768 3022 1831 3076 τὺ

249 3125 450 3187 πένθος
488 3140 504 3159 ο
539 3121 904 3191 Περιέζωσας
931 3122 1008 3192 δὲ,
1041 3122 1344 3188 τουτέστιν,
1403 3119 1690 3191 ἡμφίασας
1744 3115 1833 3168 εὐ-

248 3233 551 3289 φροσυνην.

2004 2467 2330 2525 Conscidisti
2364 2481 2579 2521 saccum
2609 2478 2802 2528 meum,
2835 2470 2884 2516 et
2908 2457 3235 2531 pmciuxistt
3271 2470 3349 2506 me
3375 2452 3512 2505 laeti-

1934 2565 2034 2618 tia.
2070 2563 2302 2623 Saccus,
2331 2556 2696 2631 paenitentiae,
2730 2564 2897 2624 atque
2929 2547 3258 2605 humilitatis
3288 2547 3506 2616 signum

1934 2663 2076 2711 erat.
2119 2653 2296 2708 Sacco
2327 2652 2473 2706 enim
2508 2650 2662 2705 indui
2713 2646 2988 2710 solebant,
3022 2652 3077 2698 et
3109 2642 3297 2697 cinere
3350 2647 3516 2708 caput

1933 2748 2178 2819 aspergi,
2208 2747 2256 2802 si
2287 2743 2512 2816 quando
2552 2743 2607 2797 in
2667 2739 2961 2795 maximam
2995 2746 3161 2806 atque
3203 2731 3513 2787 inconsola-

1934 2843 2102 2898 bilem
2134 2839 2504 2896 calamitatem
2535 2833 2866 2896 inciderent,
2897 2837 2952 2884 et
2990 2837 3251 2885 cessante
3291 2825 3511 2879 demum

1935 2931 2245 2990 calamitate
2269 2926 2561 2992 consolati,
2593 2939 2815 2980 saccum
2852 2920 3202 2980 scindebant.
3231 2925 3286 2972 et
3314 2914 3516 2969 hetitiae

1936 3024 2182 3081 vestibus
2235 3019 2626 3076 induebamur.
2659 3013 2978 3070 Couscidisti
3024 3011 3209 3079 itaque
3277 3019 3512 3065 saccum.

1937 3118 2044 3174 hoe
2073 3124 2176 3180 est,
2207 3113 2382 3168 Luctu
2412 3125 2500 3167 me
2542 3108 2787 3175 emisti;
2833 3116 2882 3160 et
2912 3101 3244 3160 artaciuxisti
3267 3115 3366 3163 me,
3411 3097 3516 3150 hac

1937 3221 2047 3273 εει,
2081 3207 2310 3264 induisti
2340 3205 2610 3260 laetitiam.

323 3285 529 3376 Ὀιστώς
557 3309 832 3379 ἃν-ψάλῃ
867 3325 966 3365 σοι
1000 3310 1038 3375 ἡ
1079 3309 1231 3374 δόξα
1247 3327 1389 3378 μου.
1439 3309 1557 3361 Ἵνα
1619 3307 1832 3378 ἀνυμνῇ

2010 3302 2180 3358 Vens.
2207 3300 2295 3356 15.
2333 3296 2405 3352 Ut
2436 3303 2612 3351 cantet
2633 3294 2730 3348 tibi
2755 3292 2932 3364 gloria
2959 3305 3094 3345 mea.
3132 3285 3202 3343 Ut
3229 3285 3340 3340 vita
3371 3297 3512 3339 mea.

253 3419 318 3453 σε
356 3403 391 3467 ἡ
443 3401 807 3471 δεδοξασμένη
850 3401 964 3473 ζωή
1014 3419 1117 3472 μου
1147 3421 1159 3433 ·
1212 3400 1574 3471 δεδοξασμένη
1612 3399 1690 3463 δὲ,
1745 3398 1834 3452 διὰ

250 3495 355 3566 τὴν
389 3494 545 3565 παρὰ
575 3496 667 3547 σοῦ
702 3494 974 3565 βοήθειαν.
1009 3497 1080 3547 Ἣ
1113 3495 1208 3548 καὶ
1249 3494 1446 3556 ἄλλως,
1478 3492 1636 3557 δόξαν
1680 3492 1834 3558 ’λέγει

251 3589 351 3640 τὶν
390 3586 539 3653 νοῦν,
575 3581 618 3657 ᾧ
649 3587 989 3660 τετιμήμεθα
1019 3585 1109 3641 διὰ
1150 3585 1213 3640 τδ
1277 3586 1399 3640 κατ’
1458 3586 1645 3640 εἰκόνα
1695 3580 1835 3638 εἶναι

252 3679 416 3735 Θεοῦ.

304 3699 416 3736 εου.

325 3865 438 3920 Kal
465 3866 536 3920 οὐ
570 3865 656 3935 μὴ
685 3865 1014 3933 κατανυγῶ.
1041 3865 1188 3918 ‘Awi
1226 3864 1343 3928 τοῦ,
1395 3865 1476 3918 Οὐ
1521 3863 1608 3932 μὴ
1659 3879 1838 3917 κατα-

243 3957 443 4027 γυγῶ,
478 3960 561 4012 Οὐ
581 3959 666 4026 μὴ
687 3957 926 4027 σιγήσω
949 3959 1299 4028 ἡρμήνευσεν
1327 3957 1354 4011 ὁ
1386 3954 1684 4025 Σύμμαχος
1707 3970 1720 3985 '
1771 3957 1836 4007 ὲκ

245 4051 354 4106 τοῦ
385 4051 803 4122 προηγουμένου
833 4044 928 4102 οὖν
953 4049 1012 4102 τὸ
1043 4049 1310 4117 ἑπόμενον
1354 4043 1598 4117 ἐδηλώθη
1635 4063 1648 4076 ο
1701 4045 1836 4098 ἒπε-

242 4166 348 4202 τοιι
379 4148 488 4215 γὰρ
533 4149 599 4217 τῇ
633 4144 928 4207 κατανύξει
953 4144 1103 4214 σιγή.
1134 4144 1228 4209 Ἦ,
1259 4143 1342 4196 Οὐ
1389 4141 1475 4211 μὴ
1501 4139 1835 4210 κατανυπτῶ,

244 4236 381 4292 ἀντὶ
401 4235 519 4298 τοῦ,
555 4236 628 4289 Οὐ
675 4235 751 4306 μὴ
787 4236 1092 4307 ἁμαρτήσω
1127 4235 1228 4300 ἔτι,
1275 4234 1350 4297 ὡς
1407 4233 1697 4304 δηλοῦσθαι
1747 4232 1839 4286 διὰ

241 4327 353 4381 τοῦ
387 4328 659 4396 ἑπομένου
695 4328 758 4380 τὺ
802 4327 1219 4400 προηγούμενον
1245 4343 1260 4358 ⁸
1320 4326 1512 4380 ἕπεται
1562 4327 1670 4396 γὰρ
1725 4327 1839 4388 τοῖς

248 4419 640 4489 ἁμαρτάνουσι
672 4419 988 4485 κατάνυξις.

321 4513 508 4580 Κύριε
529 4515 563 4565 ὁ
594 4513 738 4578 Θεός
758 4530 898 4581 μου,
926 4513 1012 4577 εις
1039 4512 1147 4566 τὸν
1176 4510 1364 4566 αἰῶνα
1392 4510 1840 4581 ἐξομολογήσο-

254 4607 362 4672 μαί
393 4615 521 4660 σοι.
559 4604 674 4658 ’Δεὶ
713 4605 1115 4676 εύχαριστήσω,
1145 4606 1221 4668 ὡς
1255 4605 1516 4674 τοιαύτης
1564 4620 1631 4674 με
1658 4618 1838 4673 σωτη-

257 4698 380 4766 ρίας
421 4695 745 4762 ἀξιώσαντι.
775 4697 883 4750 Καὶ
915 4696 1092 4760 ἄλλως
1119 4697 1226 4768 γάρ
1263 4714 1279 4728 ’
1312 4701 1389 4751 Δι’
1420 4697 1542 4750 ὅλου
1572 4692 1666 4749 τοῦ
1693 4709 1837 4764 παρ·-

246 4791 411 4852 όντος
460 4789 660 4852 αἰῶνος
710 4788 1098 4860 εύχαριστήσει
1158 4788 1329 4860 αὐτῷ.
1367 4795 1482 4854 τοῖς
1546 4791 1838 4863 ἡμετέροις

250 4881 500 4950 στόμασι
524 4877 832 4949 χρώμενος,
859 4881 1048 4944 ὁσάκις
1071 4881 1273 4952 ᾄδομεν
1303 4883 1394 4934 τὸν
1423 4878 1658 4951 ψαλμὸν.

325 5160 433 5225 Ek
467 5157 533 5211 τὸ
558 5157 732 5224 τέλος
779 5158 1024 5226 Ψαλμὸς
1081 5155 1162 5222 τῷ
1193 5153 1372 5210 Δαϐὶϐ
1409 5155 1772 5222 ἐκστάσεως.

850 5251 1142 5304 ΨΑΛΜΟΣ
1186 5251 1266 5303 Λ’.

333 5346 446 5410 Εὶς
470 5343 534 5398 τὸ
561 5343 739 5408 τέλος
774 5343 891 5412 μιν,
925 5343 1001 5405 ὠς
1049 5340 1323 5411 περιέχων
1378 5340 1719 5413 προφητείαν
1765 5340 1846 5402 εις

251 5435 326 5490 τδ
392 5434 548 5499 τέλος
607 5433 869 5504 optimati;
915 5432 1294 5499 Ἔκστάσεως
1358 5431 1414 5485 δὲ
1477 5428 1713 5500 ψαλμὺς,
1769 5426 1845 5488 ὡς

260 5526 634 5598 μνημονεύων
655 5525 754 5595 τῆς
791 5524 1152 5597 παρατροπῆς
1216 5524 1285 5593 ἣν
1329 5520 1680 5590 παρετράπη,
1725 5532 1844 5584 μοι-

1939 3396 2168 3470 gloriam
2206 3398 2458 3449 assecuta
2492 3389 2677 3445 laudet
2701 3396 2791 3452 te;
2827 3392 3076 3441 assecuta
3109 3382 3234 3437 dico
3263 3379 3520 3448 gloriam,

1937 3466 2006 3545 ob
2033 3487 2298 3542 auxilium
2331 3499 2358 3538 a
2396 3491 2448 3538 te
2480 3482 2613 3536 mihi
2663 3478 2994 3550 praestitum.
3030 3473 3127 3528 Vel
3177 3472 3337 3526 aliter
3367 3488 3381 3524 :
3414 3466 3520 3520 Per

1939 3581 2190 3654 gloriam,
2248 3585 2509 3640 mentem,
2566 3589 2664 3629 εειι
2695 3571 3033 3626 intellectum
3076 3565 3355 3635 intelligit,
3409 3575 3520 3632 quo

1939 3673 2178 3731 maxime
2231 3669 2593 3732 honoramur,
2645 3680 2768 3721 cum
2801 3663 2874 3718 ob
2908 3660 3061 3715 illum
3099 3657 3168 3712 ad
3219 3655 3518 3724 imaginem

1941 3766 2033 3823 Dei
2066 3763 2192 3819 facti
2227 3778 2347 3819 esse
2386 3761 2659 3815 dicamur.

2011 3861 2079 3916 Et
2101 3875 2203 3911 non
2225 3870 2566 3923 compungar.
2597 3851 2724 3912 Pro,
2753 3849 2874 3902 Non
2897 3861 3240 3916 compungar,
3266 3842 3518 3912 Symma-

1938 3947 2076 4010 chus
2113 3952 2504 4017 interpretatus
2537 3951 2641 4008 est,
2672 3942 2740 3996 Et
2769 3958 2869 3994 non
2902 3949 3128 3994 taceam.
3170 3936 3245 3990 Ex
3268 3951 3333 3990 eo
3365 3932 3512 3988 enim

1940 4045 2084 4117 quod
2118 4043 2398 4116 praecedit,
2427 4035 2804 4111 signiﬁcatum
2839 4043 2924 4089 est
2955 4033 3100 4104 qnod
3138 4027 3518 4096 consequitur.

1939 4115 2440 4208 Compunctionem
2480 4132 2625 4186 enim
2661 4129 3015 4185 taciturnitas
3064 4123 3378 4180 comitatur.
3419 4115 3518 4172 Vel

1942 4232 2100 4284 aliter
2127 4246 2141 4282 :
2175 4225 2299 4280 Non
2328 4237 2670 4292 compungar,
2705 4219 2809 4274 hoc
2837 4229 2941 4282 est,
2972 4213 3092 4270 Non
3125 4211 3362 4283 amplius
3386 4221 3517 4279 pec-

1941 4325 2084 4380 cabn
2137 4334 2156 4376 :
2215 4330 2276 4374 ut
2330 4331 2396 4372 ex
2455 4312 2820 4384 consequenti
2885 4308 3203 4380 praeedens
3250 4300 3523 4374 signitice-

1941 4423 2053 4469 tur.
2093 4410 2226 4464 Nam
2261 4417 2388 4479 post
2419 4414 2706 4478 peccatum
2741 4404 2994 4474 sequitur
3040 4395 3417 4468 compunctio.

2015 4505 2236 4558 Domino
2282 4500 2423 4555 Deus
2477 4514 2656 4563 meus,
2694 4497 2750 4551 in
2784 4495 3040 4550 amulum
3071 4487 3360 4560 conﬁtebor
3409 4483 3525 4540 tibi.

1944 4599 2242 4664 Perpetuo,
2277 4592 2479 4664 inquit,
2538 4591 2637 4645 tihi
2677 4590 2885 4659 gratias
2919 4595 3122 4657 agam,
3158 4595 3284 4638 cum
3326 4579 3526 4647 hujus-

1947 4690 2095 4746 modi
2126 4703 2212 4743 me
2251 4687 2429 4742 salute
2449 4685 2674 4755 dignum
2706 4683 2928 4738 feceris.
2957 4677 3051 4733 Vel
3085 4676 3242 4731 aliter
3269 4690 3284 4728 :
3313 4671 3531 4726 Perdo-

1950 4793 2065 4836 tum
2095 4783 2197 4836 hoc
2225 4793 2470 4848 praesens
2491 4777 2777 4840 saeculum,
2801 4774 3009 4843 gratias
3036 4783 3252 4838 semper
3283 4765 3396 4820 Deo
3418 4765 3530 4832 agit

1951 4875 2147 4928 beatus
2204 4866 2402 4932 David,
2465 4883 2564 4938 per
2609 4881 2728 4932 ora,
2772 4881 2837 4921 ac
2881 4861 3026 4919 labia
3074 4869 3533 4932 quorumcunquc

1953 4966 2215 5029 ﬁdelium,
2248 4963 2342 5034 qui
2373 4961 2524 5017 illius
2575 4959 2967 5016 celeberrimos
3021 4955 3263 5026 psalmos
3294 4950 3406 5006 Deo
3437 4963 3533 5004 ca-

1953 5067 2113 5114 nunt.

2173 5148 2240 5202 lu
2279 5149 2437 5216 ﬁnem
2473 5146 2712 5214 psalmus
2765 5144 2870 5208 ipsi
2900 5141 3068 5197 David
3099 5138 3354 5196 exstasis.

2445 5235 2769 5293 PSALMUS
2821 5234 2995 5290 XXX.

2021 5331 2090 5385 1η
2120 5331 2276 5398 linem
2308 5328 2530 5399 quidem
2568 5327 2694 5383 ideo
2754 5325 3082 5394 inscriptum
3110 5329 3214 5382 est,
3243 5315 3373 5387 quia
3401 5323 3531 5383 pro-

1954 5421 2136 5492 phetia
2173 5422 2260 5475 hic
2284 5419 2598 5474 continetur
2621 5434 2744 5489 qua:
2763 5419 2830 5472 ad
2866 5418 3026 5470 linem
3048 5411 3244 5468 tendit.
3281 5403 3530 5460 Exstasis

1953 5524 2135 5568 autem
2165 5511 2418 5568 Psalmus
2439 5512 2562 5568 ideo
2583 5509 2764 5568 dictus
2797 5517 2904 5574 est,
2946 5506 3076 5575 quia
3129 5495 3528 5556 commutatio-

1623 5703 1816 5767 Yurite
1864 5702 2193 5765 lectiones.

340 5809 420 5884 (ι)
450 5809 774 5870 Addenduut
805 5808 1036 5865 fortasse
1066 5807 1160 5872 ὡς.
