4110 6210
548 266 647 347 at"!

1755 253 2139 332 EUTHYMII
2170 261 2533 325 ZIGABENI

3707 251 3819 317 348

552 414 673 450 nem
711 395 852 450 illam
895 397 1312 453 commemorat,
1355 402 1519 459 quam
1550 400 1750 457 passus
1796 394 1879 439 est
1932 386 2126 438 beatus

2247 376 2432 446 (εύσας
2458 376 2558 445 τὴν
2587 373 2786 445 Οὐρίου
2812 374 3069 441 γυναῖκα,
3102 369 3196 425 καὶ
3227 367 3436 422 ἀνελὼν
3475 367 3640 421 αὐτόν
3677 385 3692 400 ·
3728 369 3823 420 ἔκ-

552 486 721 544 David
755 494 874 557 post
906 485 1238 539 adulterium
1266 484 1570 543 Bersabete,
1615 490 1670 533 et
1696 477 1898 533 caedem
1953 476 2123 533 Urire.

554 561 829 635 Exstasim
864 578 1008 633 enim
1037 576 1383 631 rectitudinis
1433 572 1927 644 transgressionem
1958 571 2127 624 inter-

555 677 862 737 pretantur.
897 667 1253 735 Compositus
1290 675 1375 719 est
1407 672 1591 718 autem
1616 678 1682 717 eo
1718 672 1985 733 tempore,
2018 678 2128 730 quo

554 756 794 811 Absalun
828 756 971 811 iilius
995 771 1118 809 eum
1150 754 1605 824 persequebatur.
1637 752 1939 807 Possumus
1963 752 2127 806 etiam

557 849 718 902 nobis
740 849 1024 917 praesentis
1052 848 1248 916 psalmi
1274 845 1436 900 verba
1478 844 1914 908 accommodare,
1942 844 1987 900 si
2013 844 2131 899 loco

557 938 851 994 Absalunis
892 948 946 995 et
980 939 1353 1008 Acltitophelis
1393 947 1446 994 et
1482 937 1717 991 aliorum
1752 937 2129 1001 inimicorum,

559 1032 863 1087 dmmonem
923 1033 1250 1101 principem,
1311 1046 1437 1085 cum
1498 1030 1649 1084 illius
1698 1030 2029 1085 satellitibus
2079 1039 2133 1085 et

558 1124 825 1179 ministris
864 1125 1258 1195 intelligamus,
1281 1131 1334 1179 et
1372 1124 1476 1177 alia
1507 1138 1608 1178 suo
1636 1122 1945 1192 signiﬁcatu
1981 1122 2137 1178 simi-

557 1216 685 1268 liter
720 1217 1022 1285 capiamus.

629 1299 796 1355 Vsas.
822 1303 876 1355 2.
916 1302 973 1357 le
1000 1312 1066 1368 te,
1097 1304 1344 1368 Domine,
1369 1305 1597 1371 speravi,
1628 1319 1730 1357 non
1762 1306 2059 1373 confundor
2079 1309 2133 1363 in

559 1397 833 1449 swculum.
891 1396 1154 1451 Euntdem
1226 1397 1429 1451 habent
1482 1412 1702 1451 sensum
1768 1398 1882 1453 haec
1942 1401 2132 1465 verba,

560 1503 724 1555 quem
758 1496 810 1542 et
844 1488 935 1541 illa
967 1504 982 1543 :
1026 1489 1167 1542 Deus
1202 1504 1367 1552 meus,
1398 1490 1451 1541 in
1488 1498 1535 1542 te
1568 1491 1794 1555 speravi,
1850 1508 1952 1544 non
2009 1510 2137 1545 con-

563 1580 764 1647 fund'ar
817 1582 873 1634 in
913 1582 1202 1645 swculum;
1236 1598 1356 1653 qua:
1393 1583 1752 1652 exposuimus
1790 1585 1843 1637 in
1895 1587 2137 1641 secundo

561 1672 831 1726 versiculo
868 1674 1062 1741 psalmi
1100 1690 1250 1729 xxiv.

638 1764 945 1833 lnjustitia
975 1775 1066 1820 tua
1099 1768 1263 1821 libera
1318 1785 1419 1831 me,
1461 1780 1510 1823 et
1562 1787 1685 1825 erue
1716 1788 1814 1826 nte.
1871 1772 2135 1843 Indignus

561 1856 815 1924 equidem
845 1873 965 1912 sum
1008 1866 1103 1913 tuo
1142 1859 1369 1913 auxilio.
1405 1861 1484 1913 Ob
1539 1870 1685 1915 tuam
1746 1872 1927 1917 tamen
1982 1864 2140 1932 justi-

565 1946 718 2010 liam,
745 1963 849 2016 qua
886 1949 1105 2017 iniquos
1133 1965 1326 2005 omnes
1354 1967 1417 2005 ac
1445 1952 1750 2020 parricidas
1776 1953 2135 2024 condemnas,

566 2034 737 2091 libera
790 2054 898 2093 me.
951 2040 1094 2094 idem
1146 2052 1328 2096 autem
1362 2051 1446 2098 est
1481 2042 1585 2098 hoc
1617 2044 1670 2098 in
1702 2045 1820 2100 loco
1879 2046 2135 2116 liberare,

564 2132 710 2197 quod
760 2147 980 2198 eruere,
1037 2136 1104 2190 ab
1156 2136 1509 2192 inimicorum
1576 2139 1839 2193 nimirum
1891 2141 2135 2209 insidiis,

564 2227 661 2271 aut
708 2221 777 2274 ab
819 2222 936 2289 ipsa
984 2234 1179 2280 morte.

635 2308 804 2364 Vens.
845 2312 898 2368 3.
928 2312 1141 2368 Inclina
1175 2332 1241 2368 aa
1271 2335 1352 2371 me
1384 2335 1566 2373 aurem
1601 2331 1769 2376 tuam.
1796 2321 1872 2377 De
1905 2325 2138 2379 inclina-

565 2398 717 2453 tione
774 2403 927 2456 auris
971 2403 1212 2461 diximus
1264 2408 1319 2461 in
1367 2410 1574 2477 psalmo
1620 2428 1729 2475 xw,
1768 2414 1839 2468 ibi
1884 2415 2141 2472 :Inclina

557 2504 747 2544 aurem
786 2502 927 2547 tuam
962 2497 1108 2564 mihi,
1142 2508 1190 2552 et
1214 2501 1408 2554 exaudi
1438 2504 1591 2557 verba
1621 2521 1757 2559 mea.

637 2669 886 2726 Acca/era
915 2684 973 2729 ut
999 2692 1156 2730 eruas
1184 2694 1282 2732 me.
1320 2678 1436 2735 Non
1469 2688 1704 2751 tantum,
1735 2684 1929 2755 inquit,
1970 2687 2141 2743 libera

566 2775 675 2827 me,
711 2763 805 2817 sed
832 2767 1079 2821 accelera
1126 2776 1184 2822 ut
1214 2770 1263 2823 id
1304 2771 1500 2828 facias.

641 2850 768 2907 Esto
794 2856 922 2908 mihi
951 2857 1005 2910 in
1036 2858 1201 2912 Deum
1235 2870 1606 2929 protectorem.
1657 2866 1785 2935 Pro,
1820 2868 1950 2924 Esto
2006 2872 2140 2926 milii

565 2941 713 3000 Deus
754 2946 1299 3015 protector.‘ldioma
1332 2964 1419 3011 cst
1450 2967 1506 3013 et
1543 2959 1645 3013 hoc
1696 2961 1977 3018 Hebralca:
2031 2964 2140 3018 lin-

2165 1727 2212 1785 B

2240 485 2428 520 στασιν
2457 466 2588 535 γὰρ,
2618 466 2717 535 τὴν
2774 454 3249 536 παραφορὰντῆς
3294 460 3587 529 εὐθύτητος
3639 461 3819 529 ἑρμη-

2236 559 2502 612 νεύουσιν.
2552 557 2783 628 Ἐῤῥέθη
2815 558 2872 610 δὲ
2899 556 3022 609 καθ’
3052 556 3110 608 ὃν
3143 554 3336 622 καιρὸν
3379 552 3638 606 ἐδιώκετο
3667 554 3821 621 παρὰ

2236 652 2331 703 τοῦ
2369 650 2487 703 υἱοῦ
2518 648 2682 703 αὑτοῦ
2713 648 2808 701 τοῦ
2839 648 3205 716 ’Δϐεσαλώμλ
3234 646 3345 713 Οὐχ
3385 640 3550 717 ἦττον
3598 644 3675 707 δὲ,
3726 646 3822 695 καὶ

2239 744 2296 796 ὲν
2328 743 2549 812 ἑκάστῳ
2577 744 2736 811 ἡμῶν
2773 743 3042 811 προσήκει
3080 740 3150 791 τὰ
3183 742 3406 810 ῥήματα
3454 738 3548 791 τοῦ
3578 737 3820 806 ψαλμοῦ,

2240 831 2451 885 νοοῦντι
2497 831 2816 900 Ἀϐεσαλὼμ
2848 831 2943 881 καὶ
2983 827 3268 899 Ἀχιτὸιρελ
3324 826 3419 879 καὶ
3470 824 3597 885 τοὺς
3648 821 3823 873 τοιού-

2241 941 2365 987 τους
2390 924 2640 993 ὲχθροὺς,
2677 923 2769 976 τὸν
2803 921 3050 975 διάϐολον
3076 921 3170 973 καὶ
3204 918 3332 980 τοὺς
3383 916 3576 978 ἄλλους
3632 914 3826 982 δαίμο-

2242 1035 2358 1082 νας,
2392 1019 2485 1072 καὶ
2513 1019 2561 1072 τ’
2586 1017 2721 1071 ἄλλα
2750 1015 2964 1080 οἰκείως
2985 1012 3412 1083 ὲκλαμϐάνοντι.

2317 1298 2471 1365 Πρὸς
2509 1297 2607 1351 σὲ.
2646 1297 2843 1364 Κύριε,
2892 1294 3148 1362 ἤλπισα,
3190 1290 3273 1359 μὴ
3315 1288 3831 1357 κηττιισχυνθείην

2243 1395 2330 1457 sic
2374 1392 2480 1444 τὸν
2516 1390 2724 1443 αἰῶνα.
2779 1387 2951 1440 Τοῦτο
2984 1385 3061 1453 ('2)
3121 1384 3317 1437 ταύτὶν
3346 1382 3570 1439 δύναται
3597 1382 3657 1433 τό
3695 1398 3709 1413 ο
3761 1380 3827 1431 '0

2248 1484 2391 1549 Θεός
2424 1500 2560 1544 μου.
2595 1480 2813 1535 ἐπὶσοὶ
2860 1478 3135 1536 πέποιθα,
3184 1475 3267 1544 μὴ
3319 1472 3832 1540 κίιταισχυνθείην

2245 1580 2332 1643 εἶς
2355 1577 2460 1629 τὸν
2484 1574 2689 1631 αἰῶνα.
2720 1574 2831 1626 Καὶ
2867 1573 3022 1641 ζήτει
3083 1572 3268 1623 λοιπὸν
3318 1568 3416 1638 τὴν
3465 1568 3728 1637 ἐξήγησιν
3770 1567 3833 1620 ἐν

2244 1670 2323 1740 τῷ
2350 1668 2587 1739 δευτέρῳ
2613 1668 2782 1736 στίχῳ
2819 1666 2912 1719 τοῦ
2952 1666 3031 1719 κδ’
3056 1663 3296 1734 ψαλμοῦ.

2327 1762 2431 1815 Ἐν
2446 1759 2519 1828 τῇ
2545 1759 2902 1826 δικαιοσύνῃ
2939 1772 3057 1811 σου
3095 1757 3284 1824 ῥύσαι
3329 1772 3424 1824 με,
3463 1754 3557 1806 καὶ
3609 1752 3829 1815 ἐξελοῦ

2239 1871 2336 1923 με.
2371 1853 2435 1906 Εἰ
2462 1853 2557 1906 καὶ
2585 1852 2804 1916 ἀνάξιός
2853 1850 2970 1919 εἰμι
3033 1848 3306 1918 βοηθείας,
3362 1846 3561 1913 alia-{2
3605 1844 3693 1898 διὰ
3728 1845 3831 1914 τὴν

2247 1946 2348 2017 σὴν
2390 1945 2550 2016 ρύσαι
2581 1961 2647 2015 με
2679 1942 3050 2013 δικαιοσύνην,
3108 1942 3231 2012 ἥτις
3291 1938 3643 2003 καταδικάζει
3702 1940 3832 2000 τοὺς

2246 2039 2605 2109 πατραλοίας,
2640 2038 2734 2091 καλ¹
2776 2035 2965 2098 ἁπλῶς
3025 2035 3237 2094 πάντας
3293 2034 3422 2096 τοὺς
3480 2030 3828 2093 ἀδικοῦντας.

2246 2131 2455 2185 Ταύτὺν
2499 2132 2556 2184 δὲ
2606 2132 2688 2193 τὸ,
2736 2130 2945 2184 Ῥύσαι
2999 2146 3093 2197 με,
3151 2128 3246 2180 καὶ
3300 2126 3385 2192 τὸ,
3430 2126 3677 2189 Ἐξελοῦ
3704 2142 3780 2193 με
3814 2141 3828 2154 ·

2246 2223 2405 2293 δῆλον
2437 2223 2513 2288 δὲ,
2548 2224 2628 2277 ὅτι
2662 2223 2756 2275 τοῦ
2795 2223 3028 2276 θανάτου
3058 2220 3153 2274 καὶ
3172 2219 3269 2289 τῆς
3302 2218 3545 2288 ἐνέδρας.

2320 2317 2543 2371 Κλῖνον
2576 2316 2725 2383 πρός
2754 2332 2828 2384 με
2867 2314 2935 2368 τὸ
2980 2309 3087 2379 οὖς
3116 2329 3254 2367 σου.
3299 2312 3435 2380 Περὶ
3475 2311 3571 2377 τῆς
3601 2308 3829 2369 κλίσεως

2246 2407 2343 2461 τοῦ
2383 2407 2527 2460 Θείου
2555 2408 2692 2470 ὠτὸς
2725 2408 3033 2476 εἰρήκαμεν
3059 2407 3116 2457 ἐν
3148 2404 3224 2474 τῷ
3265 2401 3645 2471 ἑκκαιδεκάτῳ
3687 2400 3822 2469 ψαλ-

2251 2500 2358 2571 μῷ,
2386 2500 2515 2554 ἔνθα
2545 2501 2608 2552 τό
2632 2516 2646 2531 °
2682 2499 2909 2554 Κλῖνον·
2936 2499 3002 2552 τὸ
3034 2494 3143 2564 οὖς
3173 2513 3288 2552 σου
3316 2495 3465 2566 ἐμοὶ,
3508 2495 3604 2548 καὶ
3664 2492 3829 2546 εἱσά-

2248 2610 2479 2649 κουσον
2506 2593 2624 2647 τῶν
2646 2593 2936 2661 ῥημάτων
2967 2610 3111 2661 μου.

2324 2690 2595 2757 Τάχυνον
2628 2688 2733 2742 τοῦ
2766 2687 3086 2751 ἐξελέσθαι
3140 2703 3234 2751 με.
3278 2686 3370 2755 Μὴ
3431 2684 3589 2755 μόνον
3644 2680 3831 2747 ἐξελοῦ

2253 2800 2344 2852 με,
2369 2782 2508 2835 ἀλλὰ
2551 2780 2645 2835 καὶ
2678 2782 2909 2851 τάχυνον
2938 2780 3017 2843 είς
3046 2778 3227 2833 τοῦτο.

2320 2874 2515 2930 Γενοῦ
2539 2893 2640 2945 μοι
2701 2877 2789 2941 εὶς
2847 2874 2998 2928 Θεὸν
3039 2870 3524 2940 ὑπερασπιστήν.
3578 2870 3670 2927 Τὸ,
3730 2870 3833 2933 Εἲς

2252 2968 2401 3021 Θεὸν
2439 2966 2950 3035 ὑπερασπιστὴν,
3012 2966 3134 3019 ἀντὶ
3180 2963 3295 3027 τοῦ,
3347 2964 3475 3016 Θεὸς
3525 2963 3837 3029 ὑπερασπι-

566 3053 707 3142 guaz.
741 3038 837 3095 Vel
873 3041 995 3098 ideo
1036 3044 1206 3099 Deum
1233 3056 1598 3116 protectorem
1626 3053 1781 3117 dicit,
1818 3056 1947 3123 quia
1977 3066 2136 3112 antea

2251 3061 2382 3131 στής
2404 3076 2420 3092 ·
2478 3059 2675 3127 ίδίωμα
2700 3058 2806 3128 γὰρ
2836 3058 2995 3110 τοῦτο
3018 3057 3118 3126 τῆς
3142 3057 3405 3110 Παλαιᾶε.
3443 3054 3552 3108 Καὶ
3607 3054 3700 3105 ἔσο
3741 3070 3834 3120 μοι

565 3130 786 3198 quidem
846 3135 988 3190 Deus
1023 3138 1099 3191 illi
1152 3151 1291 3208 erat,
1335 3152 1390 3197 at
1439 3160 1587 3200 nunc
1640 3147 1693 3200 in
1744 3148 2138 3204 adversitatum

566 3230 811 3293 tempore
840 3242 947 3280 non
984 3230 1314 3300 simpliciter
1347 3244 1406 3289 ut
1441 3234 1609 3290 Deum
1639 3238 1790 3292 illum
1815 3239 1919 3293 sibi
1946 3240 2141 3297 adesse

567 3316 824 3383 postulat.
850 3320 943 3373 sed
979 3322 1143 3376 etiam
1179 3332 1237 3377 ut
1274 3334 1665 3395 protectorem.

640 3428 712 3482 Et
739 3431 791 3484 in
826 3433 1044 3489 domum
1080 3438 1294 3510 refugii,
1342 3450 1400 3494 ut
1447 3444 1652 3497 salvum
1708 3462 1788 3498 me
1843 3448 2034 3515 facias.
2074 3448 2144 3503 Ut

570 3525 749 3581 salves
785 3542 870 3581 me
909 3529 961 3582 in
998 3539 1244 3600 tempore
1297 3532 1441 3602 fuga:
1487 3534 1899 3605 confugientcm
1952 3540 2017 3593 ad
2068 3550 2141 3604 te,

570 3622 836 3686 tanquam
875 3622 941 3674 ad
980 3624 1296 3691 prmsidium
1334 3625 1578 3695 aliquod,
1614 3635 1667 3682 et
1702 3627 1768 3681 ad
1810 3629 1994 3685 locum
2027 3649 2146 3686 mu-

569 3710 739 3764 nitum
766 3721 931 3785 atque
969 3716 1474 3789 inexpugnabilem.

645 3823 810 3883 Vens.
859 3830 913 3883 4.
964 3829 1232 3895 Quoniam
1288 3833 1551 3903 fortitudo
1608 3852 1725 3891 mea
1783 3847 1832 3891 et
1880 3838 2147 3908 refugium

569 3932 739 3972 meum
775 3935 828 3971 es
870 3927 945 3972 tu.
990 3922 1125 3987 Quia
1168 3932 1400 3994 utraque
1463 3926 1577 3981 haec
1624 3942 1744 3997 quae
1802 3931 2041 3998 postulo,
2090 3940 2145 3984 tu

567 4010 696 4064 olim
732 4012 862 4066 milii
898 4016 1231 4082 praestitisti.
1264 4016 1399 4071 Nam
1432 4028 1489 4072 et
1520 4020 1659 4075 alias
1702 4021 1969 4075 auxilium
2014 4022 2146 4076 mihi

569 4108 721 4155 tuum
748 4116 945 4173 praesto
972 4106 1213 4163 adfuisse
1250 4116 1511 4177 expertus
1541 4125 1685 4163 sum.

646 4216 713 4269 Et
740 4228 953 4289 propter
981 4238 1171 4276 nomen
1207 4231 1355 4276 tuum
1388 4222 1611 4278 deduces
1665 4242 1766 4288 me,
1822 4236 1870 4281 et
1912 4228 2147 4283 eunti-ie:

570 4328 669 4367 me.
710 4313 777 4367 Et
826 4316 1065 4380 conﬁdo,
1127 4318 1327 4387 inqttit,
1386 4335 1496 4375 non
1537 4320 1607 4375 ob
1639 4337 1814 4376 meam
1866 4324 2147 4386 virtutem,

2246 3153 2327 3213 είς
2360 3149 2479 3203 τόδε
2503 3150 2598 3203 καὶ
2620 3149 2761 3201 τόδε.
2788 3148 2900 3202 Καὶ
2938 3148 3044 3218 μὴν
3074 3147 3278 3216 Κύριος
3312 3146 3446 3209 Θεὸς
3477 3146 3639 3199 αὑτοῦ
3659 3160 3671 3172 ’
3712 3144 3837 3196 ἀλλ’

2248 3242 2347 3312 οὐχ
2394 3240 2579 3303 ἁπλῶς
2637 3239 2772 3292 Θεὸν
2829 3238 2996 3292 αὑτοῦ
3047 3236 3242 3290 τοῦτον
3291 3234 3430 3290 εἶναι
3489 3237 3665 3305 ζητεῖ,
3698 3234 3837 3287 am

2249 3335 2382 3387 Θεὸν
2420 3332 2859 3404 ύπερασπιστὴν,
2896 3334 2953 3387 ἐν
2984 3332 3161 3402 καιρῴ
3189 3331 3591 3407 ταλαιπωρίας.

2322 3450 2431 3503 Καὶ
2461 3451 2548 3514 εἲς
2578 3445 2748 3503 οἷκον
2782 3447 3157 3517 καταφυγῆς,
3198 3447 3303 3500 τοῦ
3334 3445 3533 3500 σῶσαί
3555 3462 3651 3513 με.
3714 3444 3831 3496 Ἐπὶ

2249 3542 2308 3595 τὸ
2341 3542 2512 3594 σῶσαί
2548 3560 2617 3611 με
2647 3544 2702 3595 ὲν
2736 3541 2910 3611 καιρῷ
2932 3541 3131 3611 φυγῆς,
3172 3538 3423 3610 καθάπερ
3448 3540 3553 3591 τινὶ
3585 3539 3831 3609 φρουρίῳ

2250 3632 2510 3700 ἀναλώτῳ
2540 3633 2961 3704 προστρεύγοντά
2987 3649 3092 3686 σοι.

2322 3838 2443 3890 Ὅτι
2471 3837 2811 3907 κραταιωμά
2835 3856 2975 3906 μου,
3001 3837 3098 3891 καὶ
3133 3838 3447 3908 καταφυγή
3482 3856 3598 3903 μου
3636 3838 3718 3892 σὺ
3754 3836 3830 3893 ei.

2252 3927 2395 3982 Διότι
2429 3928 2525 3981 καὶ
2553 3927 2778 3998 ἄμφωᾶ.
2816 3928 2986 3998 ζητῶ,
3029 3927 3093 3980 σύ
3143 3946 3233 3999 μοι
3281 3928 3531 3995 γέγονας,
3587 3929 3679 3981 καὶ
3731 3929 3835 3999 τῆς

2253 4019 2403 4087 παρὰ
2424 4017 2519 4071 σοῦ
2561 4018 2654 4071 καὶ
2684 4017 2872 4071 ἄλλοτε
2913 4018 3253 4090 πεπείραμαι
3284 4018 3559 4090 βοηθείας.

2322 4227 2573 4281 Ἕνεκεν
2605 4227 2711 4282 τοῦ
2743 4228 3036 4296 ὀνόματός
3074 4242 3192 4281 σου
3238 4226 3568 4295 ὀδηγήσεις
3604 4243 3701 4293 με,
3732 4227 3839 4281 καὶ

2254 4321 2595 4390 διαθρέψεις
2624 4322 2858 4391 με.Καὶ
2882 4323 3142 4384 πέποιθα,
3174 4322 3277 4384 ὅτι,
3332 4321 3385 4395 εί
3452 4320 3527 4390 μὴ
3583 4319 3674 4372 διὰ
3735 4321 3839 4388 τὴν

570 4406 664 4459 sed
707 4415 930 4475 propter
962 4425 1158 4464 nomen
1213 4419 1388 4476 tuum,
1440 4415 1569 4483 quia
1627 4415 1886 4470 nimirum
1934 4418 2140 4473 vocaris

2254 4414 2393 4485 ἐμὴν
2423 4414 2645 4484 ἀρετὴν,
2674 4414 2813 4468 ἀλλά
2838 4429 2901 4481 γε
2929 4414 3015 4467 διὰ
3058 4414 3121 4466 τὸ
3178 4412 3270 4465 σὺν
3332 4413 3525 4481 ὄνομα,
3586 4412 3839 4481 ἐλεήμων

571 4496 907 4553 misericors.
951 4498 1194 4556 Deduces
1228 4512 1407 4558 autem
1444 4520 1530 4559 me
1571 4506 1636 4559 ad
1666 4507 1845 4561 locum
1882 4508 2024 4571 vitae,
2051 4509 2151 4562 ab-

573 4587 783 4642 ducens
820 4605 846 4641 a
878 4591 1165 4659 periculis.
1202 4593 1266 4646 Et
1317 4594 1563 4649 enutries
1621 4611 1729 4657 me,
1785 4596 1839 4649 in
1895 4598 2145 4667 angustia

574 4683 1011 4738 necessariarum
1047 4701 1227 4743 rerum
1256 4688 1639 4742 constitutum.
1678 4687 1770 4743 Vel
1799 4700 2012 4759 propter
2054 4708 2153 4744 uo-

575 4787 690 4826 men
739 4783 907 4841 tuum,
963 4778 1457 4849 circumloquendo
1507 4781 1664 4846 dixit,
1707 4781 1810 4836 hoc
1858 4791 1960 4845 est,
2021 4799 2147 4853 pro-

574 4872 695 4934 pler
729 4877 801 4922 te.

648 4980 813 5037 Vens.
853 4984 908 5039 5.
938 4986 1146 5041 Educes
1202 5004 1281 5042 me
1312 4989 1374 5042 de
1393 4990 1583 5059 laqueo
1617 4992 1714 5046 hoc
1746 5007 1899 5059 quem
1929 4991 2155 5046 abscon-

575 5074 765 5126 derant
805 5078 953 5132 milii.
985 5080 1088 5132 Per
1129 5079 1382 5148 laqueum
1417 5097 1565 5136 nunc
1596 5083 1887 5137 consilium
1916 5083 2155 5154 intellige

578 5167 646 5221 ab
669 5167 991 5236 Aeliitophel
1034 5172 1295 5227 Alisaloui
1335 5174 1547 5234 datum.
1580 5184 1639 5229 ut
1667 5176 1910 5229 studeret
1944 5181 2153 5243 quanto

576 5258 743 5313 citius
803 5261 1006 5314 alicubi
1075 5262 1321 5337 locorum
1357 5266 1690 5320 concludere
1733 5268 1950 5320 beatum
1988 5266 2155 5319 David

581 5349 725 5402 unde
764 5352 996 5406 evadere
1037 5368 1142 5406 non
1200 5365 1406 5423 posset.
1462 5355 1717 5424 Laqueus
1746 5357 1891 5410 enim
1927 5356 2151 5421 dicitur,

580 5441 723 5507 quod
758 5445 936 5511 capiat
966 5460 1111 5508 cum,
1149 5447 1240 5515 qui
1275 5448 1328 5502 in
1362 5450 1539 5517 ipsum
1588 5450 1864 5504 inciderit.
1904 5450 2153 5504 Abscon—

2254 4507 2363 4576 γὰρ
2397 4507 2662 4577 ὀνομάζῃ,
2687 4507 2980 4575 ὁδηγήσεις
3022 4522 3089 4575 με
3115 4506 3191 4567 εις
3222 4505 3387 4559 τόπον
3420 4506 3585 4571 ζωῆς,
3624 4504 3841 4572 ἐξάγων

2255 4617 2322 4666 με
2350 4599 2444 4652 τοῦ
2476 4600 2747 4658 κινδύνου.
2784 4600 2878 4651 καὶ
2901 4597 3220 4667 διαθρέψεις
3255 4614 3343 4667 με,
3378 4597 3704 4665 πιεζόμενον
3751 4598 3845 4649 ὲνο

2248 4691 2368 4761 δείᾳ
2389 4691 2497 4744 τῶν
2537 4691 2883 4761 ἐπιτηδείων.
2935 4692 3004 4743 Ἦ
3033 4689 3142 4745 τοῦ
3187 4690 3484 4759 ὀνόματός
3514 4704 3653 4753 σου,
3716 4689 3840 4743 ἀντὶ

2248 4782 2364 4848 τοῦ,
2399 4783 2516 4848 σοῦ,
2549 4800 2615 4836 πε
2625 4782 3019 4853 ριφραστικῶς.

2310 4986 2585 5052 Ἐξάξεις
2602 5001 2678 5053 με
2701 4983 2769 5037 ἐκ
2791 4983 3046 5052 παγίδος
3064 4983 3307 5050 ταύτης,
3330 4976 3407 5051 ἧς
3423 4980 3840 5053 ἕκρυψάνμοι.

2252 5079 2462 5146 Παγίδα
2493 5077 2640 5144 λέγει
2673 5076 2768 5130 νῦν
2810 5075 2910 5146 τὴν
2949 5074 3262 5145 συμϐουλὴν
3324 5075 3625 5144 Ἀχιτόφελ,
3658 5076 3727 5145 ἦν
3757 5076 3841 5145 τῷ

2263 5168 2586 5238 Ἀϐεσαλὼμ
2604 5167 2757 5229 οὗτος
2790 5166 3046 5225 ὑπέθετο.
3075 5166 3396 5234 συγκλεῖσαι
3430 5167 3523 5219 τὸν
3554 5167 3741 5233 Δαόὶδ,
3776 5168 3841 5220 ἐν

2251 5264 2477 5333 ἀφύκτῳ
2513 5260 2979 5331 διασκεψάμενος.
3006 5260 3185 5329 Παγὶς
3210 5261 3308 5329 μὲν
3327 5260 3458 5330 γὰρ,
3488 5260 3564 5321 ὡς
3600 5258 3674 5329 (3)
3703 5260 3837 5312 συλ-

2251 5355 2604 5425 λαμϐάνοντα
2626 5354 2714 5405 τὸν
2734 5353 3157 5423 περιπίπτοντα.
3196 5350 3433 5419 Ἐκρύϐη
3460 5351 3515 5403 δὲ
3538 5350 3708 5420 αὐτῷ,
3744 5351 3840 5403 διὰ

2263 5448 2323 5500 τὸ
2363 5446 2653 5519 λαθραῖον·
2687 5447 2836 5500 πᾶσα
2864 5445 2973 5515 γὰρ
3003 5444 3170 5512 παγὶς
3193 5444 3521 5512 κέκρυπται.
3545 5443 3837 5515 ’Υπολή-ᾇῃ

1928 5628 2123 5690 Varia:
2154 5629 2476 5693 lectiones.

659 5718 733 5789 (ι)
774 5721 858 5779 ῖσ.
890 5726 1079 5791 τοιςτῳ.

2334 5729 2407 5802 (5)
2443 5731 2542 5796 Γρ.
2584 5727 3060 5797 Συλλαμϐάνουσα,
3088 5726 3121 5797 ἦ
3151 5724 3507 5780 συλλαόοὗσα.
