4110 6210
304 242 421 327 353

1480 245 1883 308 COMMENT.
1924 243 2011 306 ΙΝ
2042 245 2417 307 PSALMOS.

3487 249 3600 314 35L

382 354 489 408 Kal
524 354 710 420 φόϐος
741 354 871 423 τοῖς
928 354 1223 426 γνωστοῖς
1256 372 1401 425 μου.
1426 355 1635 411 Δεδιόσι
1662 360 1738 430 μή
1778 375 1871 411 πω

2078 353 2142 408 Et
2184 358 2370 420 timor,
2400 356 2542 411 notis
2560 356 2716 414 nuis.
2744 355 3022 417 Verentur
3067 358 3212 416 enim
3243 374 3315 416 ne
3370 360 3445 418 ob
3508 362 3599 417 fa-

304 446 698 500 ιιινδυνεύσωσι
727 447 819 499 διὰ
851 448 947 519 τὴν
977 450 1058 512 είς
1096 448 1198 519 ἐμὲ
1228 448 1533 504 οἰκείωσιν.

376 630 443 682 Ol
494 627 859 697 θεωροῦντές
890 646 986 698 με,
1018 630 1138 697 ἔξω
1157 631 1390 701 ἔξαιτον
1419 631 1522 686 ἀπ’
1551 631 1718 702 ἐμοῦ.
1755 633 1903 699 Ἐξεο

299 722 593 789 τρέποντο,
629 720 705 790 μὴ
745 721 885 774 δοῖεν
917 722 1214 793 ὑπόληψιν,
1255 723 1332 788 ὡς
1361 725 1487 795 ἐμοὶ
1511 725 1894 796 πρόσκεινται,

303 814 391 869 καὶ
427 811 497 865 τὰ
535 813 818 883 ἀνήκεστα
841 814 1091 870 πάθοιεν.

384 985 780 1054 Ἐπελήσοην
826 987 972 1042 ὡσεί
1019 991 1234 1060 νεκρὸς
1292 992 1412 1047 ἀπὸ
1459 993 1731 1061 καρδίας.
1776 992 1901 1048 Ἐπ-

300 1076 541 1149 ελήσθην
555 1080 663 1133 ἀπὸ
693 1080 918 1150 καρδίας
952 1083 1062 1136 τῶν
1085 1085 1277 1152 φίλων,
1335 1088 1637 1150 τουτέστιν,
1677 1089 1889 1158 ἐμονώ-

182 1158 197 1167 ’
303 1166 427 1237 θην,
459 1169 535 1234 ὡς
564 1170 667 1239 ἤδη
701 1174 919 1241 νεκρὸς,
951 1173 1111 1228 διὰτὸ
1144 1177 1386 1245 ἄφυκτον
1404 1178 1504 1247 τῆς
1532 1179 1894 1249 ἀναιρέσεως.

302 1260 513 1334 Ὠσπερ
542 1264 759 1333 νεκρὸς,
785 1268 845 1317 ὲν
875 1266 1015 1337 λήθῃ
1046 1268 1327 1339 ρίπτεται,
1350 1267 1497 1322 οὕτω
1556 1268 1737 1338 κάγὼ,
1801 1269 1891 1322 δε·-

292 1350 557 1406 δοικότων
582 1355 683 1424 τὴν
724 1355 990 1425 ὑποψίαν.
1650 1388 1659 1396 ο

2009 449 2414 511 iuiliaritatem,
2450 456 2612 519 atque
2642 452 2947 507 amicitiam
2976 467 3086 523 qua
3117 468 3330 509 mecura
3358 456 3601 526 conjuns

2005 539 2081 595 eti
2118 548 2272 606 sunt,
2308 541 2617 607 periculum
2652 543 2875 613 aliquod
2906 545 3253 600 sustineant.

2073 629 2243 687 Vsus.
2281 632 2377 686 l3.
2410 634 2518 699 Qui
2545 635 2794 689 uidebant
2831 652 2933 701 nte,
2972 636 3123 705 foras
3146 638 3400 707 fugerunt
3427 657 3459 693 a
3492 657 3595 696 me.

1998 719 2276 777 Conversi
2300 730 2435 777 sunt
2472 737 2502 776 a
2537 738 2646 790 nte,
2687 725 2887 795 inquit,
2936 743 3007 782 ne
3053 728 3429 798 suspicionem
3494 732 3597 786 ali-
3687 722 3693 735 ’

1998 828 2166 883 quam
2196 814 2515 883 injicerent,
2563 831 2624 871 se
2648 817 2783 871 mihi
2832 818 3137 876 adhaerere.
3175 819 3332 875 illinc
3392 823 3601 894 quippe

1997 908 2286 962 imminere
2308 909 2395 964 eis
2420 909 2734 979 periculum
2756 917 2994 981 poterat.

2068 997 2349 1054 Oblivioni
2375 1004 2533 1056 datus
2562 1019 2702 1068 sum,
2740 1012 3003 1072 tanquam
3033 1013 3299 1067 mortuus.
3351 1023 3383 1059 a
3413 1007 3595 1061 corde.

1997 1091 2039 1146 A
2075 1091 2268 1157 corde,
2300 1094 2502 1166 inquit,
2540 1098 2852 1152 amicorum
2889 1111 3139 1152 meorum
3192 1097 3458 1153 oblivioni
3496 1097 3600 1152 da-

1996 1193 2087 1239 tus
2120 1200 2244 1240 sum
2276 1203 2290 1241 :
2358 1188 2464 1243 hoc
2493 1196 2579 1244 est
2610 1188 2723 1244 mei
2749 1189 2903 1244 obliti
2939 1197 3097 1255 sunt,
3125 1189 3298 1243 veluti
3355 1187 3598 1243 hominis

1995 1274 2111 1345 jam
2136 1278 2345 1331 mortui
2374 1287 2526 1333 sunt.
2563 1277 2648 1334 0b
2680 1279 3061 1335 inevitabilem
3091 1281 3240 1336 enim
3297 1279 3589 1335 interitum

1996 1382 2097 1437 pro
2130 1377 2349 1427 mortuo
2380 1370 2730 1427 existimatus
2801 1387 2949 1438 sum,
2998 1373 3081 1428 vel
3128 1387 3200 1428 eo
3246 1381 3432 1442 pacto,
3480 1387 3592 1443 quo

295 1455 555 1501 mortuus
587 1448 715 1518 quis
747 1448 801 1502 in
826 1449 1159 1506 oblivionem
1189 1452 1507 1523 projicitur,
1561 1464 1619 1509 et
1679 1470 1786 1526 ego
1854 1456 2124 1518 oblivioni
2201 1460 2373 1521 datus
2426 1479 2604 1521 sum:
2673 1466 2998 1523 verentibus
3078 1465 3344 1523 nimirum
3394 1465 3593 1520 amicis

291 1540 451 1607 meis,
504 1558 573 1597 ne
623 1543 681 1597 in
737 1544 1181 1602 adversariorum
1220 1564 1467 1604 meorum
1500 1540 1880 1622 suspicionem
1923 1558 2195 1615 venirent.

364 1657 697 1726 Ἐγενήθην
716 1659 862 1713 ὡσεὶ
908 1660 1133 1728 σκεῦος
1156 1662 1500 1730 ἀπολωλός.
1557 1664 1774 1738 Ὠσπερ
1823 1668 1884 1721 τὸ

2072 1669 2281 1730 Factus
2314 1691 2432 1731 sum
2468 1676 2625 1747 quasi
2655 1692 2752 1730 uas
2783 1675 3077 1745 perditum.
3098 1675 3585 1745 Quemadmodum

289 1750 486 1813 σκεῦος
513 1750 824 1821 σωζόμενον
854 1752 976 1822 μὲν,
1007 1755 1281 1825 χρήσιμον
1335 1754 1506 1820 δοκεῖ,
1565 1756 1871 1828 ἀπολλύμε-

1993 1765 2128 1821 ntile
2160 1783 2281 1824 esse
2312 1769 2533 1825 videtur
2564 1784 2730 1825 omne
2788 1785 2908 1837 vos,
2969 1785 3069 1825 seu
3128 1770 3580 1838 instrumentum,

286 1861 376 1895 vov
406 1842 487 1909 δὲ,
524 1844 581 1897 ὲν
612 1843 985 1923 ἀμνημοσύνη
1010 1844 1412 1913 γίνεται,οὓτω
1437 1847 1503 1917 δὴ
1535 1848 1717 1918 κάγώ.

282 1931 519 1988 edicitur
559 1942 726 2003 atque
792 1949 824 1991 e
900 1935 1180 2003 memoria
1234 1936 1520 1993 hominum
1598 1938 1847 2005 labitur,
1914 1943 1961 1998 si
2009 1945 2356 2016 deperditum
2422 1949 2516 2012 sit,
2576 1950 2654 2003 ita
2720 1948 2884 2002 etiam
2937 1949 3007 2005 de
3054 1966 3142 2005 me
3192 1952 3303 2007 diei
3380 1963 3583 2023 potest:
3670 1986 3693 2005 .

358 2051 491 2104 Ὀτι
520 2049 762 2119 ἤκουσα
820 2051 1020 2120 ψόγον
1073 2049 1366 2115 πολλῶν,
1419 2053 1887 2119 περιοικούντων

286 2142 621 2197 κυκλόθεν.
642 2143 939 2197 Κανταῦίια
965 2143 1205 2215 ληπτέον
1232 2144 1340 2198 ἀπὸ
1356 2144 1539 2198 κοινοῦ
1558 2144 1640 2207 τὸ,
1679 2145 1888 2215 Ἐλέη-

290 2244 435 2297 ator,
467 2232 549 2284 ὅτι
588 2233 814 2297 οἰκείοις
849 2233 981 2287 ὠσὶν
1012 2235 1227 2305 ἤκουσα
1251 2233 1425 2305 ψόγον
1458 2237 1610 2306 παρὰ
1638 2237 1874 2304 πολλῶν,

290 2316 372 2374 ὧν
402 2317 482 2385 εἷς
507 2323 602 2377 καὶ
627 2325 656 2379 ὁ
680 2326 875 2395 Σεμεεὶ
909 2321 996 2396 ἦν,
1024 2312 1435 2397 λοιδορούμενος
1461 2330 1556 2383 καὶ
1576 2328 1882 2391 διαϐάλλων

289 2414 567 2484 φεύγοντα
596 2415 689 2471 τὸν
707 2417 898 2472 Δαὸίδ.
1882 2410 1885 2415 ι

398 2678 506 2731 Ἔν
550 2676 632 2746 τῷ
683 2680 1172 2754 ἐπισυναχθῆναι
1201 2686 1426 2754 αὐτοὺς
1464 2686 1586 2759 ἅμα
1614 2687 1708 2743 ἐπ’
1738 2688 1866 2762 ἐμὲ,

284 2767 394 2821 τοῦ
443 2769 653 2823 λαϐεῖν
694 2770 810 2839 τὴν
844 2776 1058 2842 ψυχήν
1074 2792 1196 2845 μου
1230 2777 1699 2843 ἐϐουλεύσαντο.
1730 2782 1869 2838 Συν-

283 2859 550 2943 αχθέντες
576 2860 633 2913 δὲ
653 2862 704 2914 οἱ
738 2862 927 2936 ιχοροί
954 2882 1057 2936 μου
1090 2868 1148 2919 ὲν
1174 2868 1381 2939 ταύτῷ,
1405 2870 1531 2923 κατ’
1550 2873 1684 2943 ἐμοῦ
1710 2875 1869 2929 εὕουο

283 2941 572 3019 λεύσαντο,
609 2952 753 3008 ὥστε
790 2956 1092 3027 ἀφελέσθαι
1153 2960 1261 3012 ἀπὸ
1301 2960 1399 3015 τοῦ
1452 2941 1704 3034 σώματός
1765 2984 1868 3036 μου

284 3044 387 3114 τὴν
407 3043 589 3117 ψυχήν
619 3063 745 3117 μου.
776 3047 849 3101 Τδ
879 3048 1011 3103 Ἀπ’
1040 3051 1190 3120 ἐμοῦ
1217 3052 1329 3125 γὰρ
1361 3053 1482 3121 νῦν,
1504 3058 1566 3110 τὺ
1595 3057 1757 3126 σῶμα
1774 3059 1870 3131 δη-

281 3138 392 3193 λοῖ.
422 3140 588 3209 Λέγει
607 3142 665 3196 δὲ
698 3143 940 3217 περὶτῆς
969 3148 1273 3221 βουλῆς,ἣν
1297 3151 1588 3223 ’Δχιτόφελ
1613 3155 1865 3211 ὑπέθετο.

285 3232 594 3302 Ἑμάνθανε
616 3237 725 3307 γὰρ
759 3239 936 3293 πάντα
964 3242 1055 3301 διὰ
1095 3243 1284 3299 Σαδὼκ
1324 3248 1421 3299 καὶ
1450 3246 1720 3320 Ἀϐιάθαρ
1752 3251 1863 3303 τῶν

287 3324 500 3395 ίερέων,
534 3326 610 3390 ὠς
635 3330 668 3399 ἡ
695 3330 805 3384 τῶν
827 3331 1129 3387 Βασιλειῶν
1155 3336 1495 3391 ἀναπτύσσει
1525 3339 1738 3406 Βίϐλος.

359 3504 505 3575 Ἐγὼ
530 3507 598 3560 δὲ
635 3508 734 3563 ἐπὶ
767 3511 891 3576 σοί,
941 3513 1143 3582 Κύριε,
1193 3514 1452 3582 ἤλπισα.
1472 3517 1702 3573 Ἐκεῖνοι
1761 3521 1865 3593 μὲν

283 3595 464 3667 οὓτως
488 3615 503 3629 ·
535 3600 648 3653 ὲνὼ
675 3601 756 3667 δὲ,
776 3604 860 3656 σοὶ
890 3605 1041 3676 μόνῳ
1064 3607 1321 3664 πέποιθα.

360 3800 516 3860 Elea
542 3820 558 3836 '
591 3806 676 3861 Σὺ
713 3801 771 3862 εἴ
804 3808 949 3877 Θεός
993 3826 1136 3878 μου.
1187 3808 1249 3862 '0
1308 3807 1663 3880 ἐξούσιαστής
1717 3828 1820 3880 μου
1851 3825 1865 3840 ·

279 3897 449 3951 τοῦτο
465 3901 571 3971 γὰρ
584 3898 642 3953 τὸ
670 3900 814 3966 Θεός
837 3900 931 3955 νῦν
948 3899 1209 3971 ἐμφαίνει
1228 3915 1245 3932 ·
1270 3900 1364 3955 καὶ
1399 3899 1610 3965 λοιπὸν,
1638 3900 1712 3964 ὡς
1744 3899 1871 3970 βού-

280 3991 394 4057 λει,
421 3992 490 4043 τὰ
518 3989 642 4045 κατ’
673 3991 774 4062 ἐμὲ
800 3990 1186 4063 οίκονόμησον.

356 4168 465 4225 Ἐν
484 4169 616 4237 ταῖς
652 4171 831 4239 χερσί
877 4186 997 4225 σου
1039 4172 1096 4225 ol
1139 4169 1359 4241 κλῆροι
1382 4188 1518 4241 μου.
1571 4171 1635 4226 Οἱ
1673 4172 1873 4244 κλῆροι

285 4278 418 4333 μου,
451 4260 548 4315 καὶ
585 4261 680 4315 τοῦ
706 4262 941 4316 Θανάτου
975 4279 1075 4333 μου
1102 4265 1199 4317 καί
1223 4265 1319 4335 τῆς
1351 4262 1498 4335 ζωῆς
1536 4281 1660 4335 μου,
1688 4265 1726 4338 ἢ
1766 4266 1871 4336 τῆς

281 4353 639 4424 δυσπραγίας
673 4372 775 4424 μου
809 4355 903 4408 καὶ
927 4355 1234 4425 εὐπραγίας
1284 4372 1410 4425 μου,
1462 4357 1521 4407 ὲν
1549 4357 1614 4427 τῇ
1635 4354 1867 4427 δυνάμει

295 4448 517 4499 κεῖνται
555 4448 621 4518 τῇ
653 4447 721 4519 σῇ
746 4462 759 4475 °
794 4448 984 4517 χεῖρας
1008 4447 1117 4516 γὰρ
1146 4446 1387 4501 ἐνταῦθα
1414 4447 1622 4517 ταύτην
1652 4448 1863 4519 ὑπολη-

289 4538 477 4591 πτέον.
508 4537 722 4605 Κύριος
750 4542 858 4607 γὰρ
879 4536 1129 4591 θανατοῖ
1151 4538 1249 4590 καί
1279 4536 1569 4608 (moror-ei,
1594 4538 1872 4593 ταπεινοῖ

1990 1853 2165 1912 donec
2194 1860 2469 1931 integrum
2506 1876 2570 1915 ac
2605 1861 2818 1915 salvum
2850 1869 2958 1927 est,
3013 1869 3070 1916 et
3131 1872 3323 1917 contra
3385 1865 3585 1921 inutile

2069 2059 2241 2119 Vens.
2278 2063 2365 2119 l4.
2396 2062 2669 2128 Quoniam
2707 2063 2889 2118 audiui
2915 2063 3360 2132 vituperationem
3389 2067 3587 2121 multo‘

1992 2169 2110 2209 rum
2134 2153 2498 2221 habitantium
2528 2154 2584 2209 in
2614 2154 2867 2208 circuitu.
2896 2152 3010 2209 Hoc
3059 2156 3113 2209 in
3166 2155 3289 2211 loco
3334 2157 3500 2211 etiam
3555 2176 3586 2214 ιι

1989 2245 2271 2303 communi
2300 2261 2468 2305 sensu
2502 2248 2837 2303 sumendum
2902 2255 2988 2304 est
3014 2247 3266 2312 verbum,
3306 2247 3583 2305 Miserere.

1986 2334 2132 2403 Quia
2186 2338 2432 2415 propriis
2492 2338 2748 2407 auribus,
2805 2339 3010 2410 inquit,
3058 2339 3365 2411 vituperari
3419 2357 3507 2397 me
3552 2358 3582 2397 a

1980 2428 2174 2488 inultis
2203 2431 2764 2501 audivi,atqueinter
2802 2439 3036 2488 czeteros
3077 2445 3109 2487 ιι
3195 2429 3377 2490 Semci
3403 2472 3423 2498 ,
3488 2434 3582 2505 qui

1977 2518 2276 2591 fugientem
2305 2535 2394 2575 me
2418 2520 2969 2578 Absalonisinsidias
3024 2520 3291 2579 conviciis
3373 2533 3427 2579 et
3482 2538 3579 2579 ca-

1978 2610 2205 2667 lumniis
2242 2610 2531 2670 insecutus,
2559 2620 2666 2666 est.

2047 2698 2189 2754 Dum
2238 2702 2578 2757 convenirent
2629 2701 2797 2756 simul
2838 2699 3118 2755 adrersum
3180 2718 3281 2773 me,
3341 2704 3578 2774 accipere

1977 2792 2219 2848 animum
2252 2810 2423 2850 meam
2444 2794 2722 2849 conciliati
2752 2807 2901 2849 sunt.
2931 2793 3152 2850 Inimici
3175 2797 3279 2851 mei
3316 2797 3373 2851 in
3404 2814 3574 2854 unum

1977 2885 2275 2941 adversum
2297 2876 2397 2943 me
2430 2887 2753 2957 congregati
2803 2888 3102 2942 consilium
3175 2887 3446 2956 inierunt,
3514 2901 3579 2948 ut

1978 2976 2223 3031 animam
2260 2977 2756 3035 meamauferrent
2825 2992 2855 3033 a
2910 2993 3167 3048 corpore.
3225 2979 3361 3034 Nam
3419 2983 3569 3053 quod

1975 3068 2051 3122 ait
2074 3067 2139 3124 In
2174 3084 2274 3147 me,
2305 3070 2719 3142 intelligendum
2754 3078 2860 3138 est,
2899 3072 2956 3129 in
2991 3085 3194 3144 corpus
3219 3087 3429 3130 meum.
3456 3073 3577 3132 Hoc

1974 3166 2159 3216 autem
2190 3159 2328 3218 dicit
2370 3162 2440 3219 de
2503 3162 2741 3219 consilio
2789 3171 3049 3234 suggesta
3108 3164 3177 3219 ab
3222 3165 3569 3236 Achitopltel.

1975 3249 2435 3309 llcsciebateuim
2464 3256 2648 3308 omnia
2691 3254 2887 3310 beatus
2936 3253 3106 3310 David
3145 3270 3175 3310 a
3213 3254 3451 3323 Sadocli,
3484 3267 3570 3311 at-
3638 3320 3639 3323 η

1896 3334 1941 3394 C
1974 3360 2079 3413 que
2114 3346 2183 3401 ab
2208 3346 2479 3402 Abiatbar
2509 3347 2921 3413 sacerdotibus,
2957 3358 3014 3403 ut
3047 3349 3280 3420 legimus
3314 3351 3371 3405 iu
3406 3350 3569 3407 libris

1973 3435 2203 3509 Regum.
2456 3508 2459 3509 ν

2048 3536 2209 3588 νεεδ.
2244 3534 2331 3592 15.
2367 3533 2481 3606 Ego
2514 3547 2689 3589 autem
2722 3537 2775 3589 in
2819 3545 2887 3604 te,
2932 3535 3174 3603 Domine,
3220 3539 3448 3602 sperari.
3482 3537 3562 3593 Illi

1971 3628 2214 3696 quidem,
2249 3628 2452 3698 inquit,
2484 3628 2589 3683 hoc
2615 3636 2775 3698 pacto
2804 3644 2863 3683 se
2894 3629 3121 3695 habent,
3177 3646 3279 3703 ego
3328 3647 3458 3686 vero
3508 3631 3565 3688 in

1972 3730 2025 3774 te
2085 3734 2196 3772 uno
2222 3720 2465 3777 confido.
3468 3736 3475 3743 '

2042 3808 2176 3861 Dixi
2204 3825 2222 3862 :
2256 3809 2335 3861 Tu
2359 3827 2413 3863 es
2445 3809 2588 3864 Deus
2620 3827 2789 3865 meus.
2823 3810 2927 3876 Qui
2959 3813 3091 3867 mihi
3129 3814 3366 3880 scilicet,
3396 3815 3566 3871 rohur

1974 3912 2039 3953 ac
2068 3900 2366 3969 potentiam
2396 3910 2661 3969 praestas;
2686 3904 2760 3953 ita
2786 3902 2931 3954 enim
2965 3903 3067 3955 sibi
3097 3906 3213 3957 vult
3237 3904 3340 3958 hoc
3367 3906 3419 3958 in
3444 3906 3569 3977 loco

1973 3991 2144 4045 dictio
2171 3990 2262 4045 illa
2286 4029 2301 4051 ,
2328 3989 2509 4044 Deus:
2539 4006 2728 4046 verum
2761 4002 2843 4056 tu,
2872 4004 2930 4047 ut
2961 3993 3113 4060 libet,
3147 3995 3344 4065 inquit,
3373 4000 3557 4053 omnia

1972 4095 2093 4150 quae
2125 4079 2195 4133 ad
2244 4094 2330 4135 me
2353 4082 2630 4151 pertinent
2660 4080 3005 4151 dispensato.

2048 4170 2341 4229 Vens.16.
2387 4172 2457 4231 In
2481 4172 2725 4229 manibus
2785 4175 2893 4227 tuis
2948 4183 3120 4229 sortes
3174 4192 3328 4231 mean
3372 4176 3564 4235 Sortes

1972 4280 2131 4333 meae,
2164 4266 2359 4322 mortis
2380 4267 2640 4322 nimirum
2673 4276 2727 4324 et
2758 4267 2881 4322 vita:
2907 4283 3076 4331 mete;
3108 4270 3194 4325 vel
3225 4279 3429 4337 sortes,
3473 4288 3566 4329 se-

1971 4360 2189 4426 cundae,
2232 4368 2394 4430 atque
2425 4359 2670 4416 adversa:
2707 4360 2965 4416 fortunae.
3008 4362 3134 4419 Haec
3170 4365 3318 4420 enim
3353 4368 3561 4434 omnia,

1970 4451 2027 4506 in
2065 4460 2398 4523 potetcslate
2429 4464 2521 4507 tua
2558 4464 2709 4508 sunt.
2747 4453 2854 4509 Per
2902 4471 3102 4513 manus
3129 4459 3293 4512 etiam
3324 4469 3561 4527 potesta-

1970 4547 2079 4593 tem
2117 4540 2426 4611 intelligere
2448 4540 2750 4599 debemus:
2791 4543 3048 4602 Dominus
3083 4551 3230 4603 enim
3270 4553 3559 4621 mortiﬁcat

287 4629 382 4681 καὶ
402 4627 641 4697 ἀνυψοῖ
657 4646 671 4662 ο
691 4628 855 4694 ὥστε,
885 4627 979 4681 σοῦ
1000 4626 1318 4700 θέλοντος,ἢ
1344 4630 1576 4701 νικήσας
1599 4630 1861 4703 ζήσομαι,

1978 4640 2017 4683 ιι
2052 4630 2304 4701 uivificat,
2339 4632 2586 4687 Itumiliat
2633 4643 2682 4687 et
2732 4635 2940 4689 exultat
2967 4637 3033 4694 ".
3065 4636 3434 4703 Quamobrem
3502 4655 3559 4700 te

280 4724 319 4793 ἦ
358 4722 606 4792 νικηθεὶς
632 4721 1039 4792 ἀποθανοῦμαι.

294 4814 511 4868 Ῥὐσαι
538 4831 617 4883 με
642 4815 711 4868 ἐκ
748 4817 946 4885 χειρὸς
969 4813 1199 4885 ἐχθρῶν
1218 4831 1358 4884 μου,
1382 4817 1478 4871 καί
1506 4817 1575 4871 ἐκ
1604 4817 1723 4872 τῶν
1752 4836 1862 4872 κα-

275 4905 700 4961 ταειωκόντων
716 4926 813 4978 με.
831 4905 962 4961 Οἶδα
1007 4908 1095 4961 ὃτι
1130 4909 1190 4962 οὐ
1220 4906 1399 4974 θέλεις
1444 4910 1540 4963 τὸν
1589 4911 1726 4981 ἐμὸν
1760 4910 1861 4966 Θά-

273 5015 471 5064 νατον,
547 5000 623 5063 ὡς
686 5000 1089 5054 ἀνοσιώτατονο
1146 5001 1274 5063 παῖς
1313 5016 1416 5071 μου
1465 5003 1599 5073 γὰρ,
1650 5003 1678 5055 ὀ
1733 5002 1861 5055 τοῦ-

273 5107 379 5145 τον
425 5090 679 5161 ἐπείγων.
728 5092 804 5146 Οὐ
853 5090 1017 5163 μόνον
1077 5091 1133 5145 δὲ
1184 5087 1328 5164 ἦσαν
1402 5093 1592 5166 ἐχθροὶ
1630 5093 1681 5148 oi
1724 5112 1860 5150 κατ-

274 5185 517 5254 άγοντες
547 5187 714 5240 αὐτὸν
773 5187 873 5258 τῆς
903 5185 1205 5259 βασιλείας,
1241 5185 1380 5242 ἀλλὰ
1433 5190 1532 5244 καὶ
1583 5188 1860 5261 φεύγοντα

275 5278 642 5333 κατεδίωκον.

1973 4726 2211 4792 volente,
2245 4735 2344 4783 aut
2371 4728 2549 4783 victor
2583 4729 2788 4795 vivam,
2809 4739 2903 4785 aut
2932 4732 3108 4789 victus
3137 4738 3363 4791 moriar.

2040 4817 2237 4874 Libera
2267 4836 2349 4874 me
2370 4821 2433 4875 de
2467 4837 2629 4875 ntanu
2652 4822 2991 4877 inimicorum
3025 4841 3281 4894 meorum,
3302 4838 3351 4882 et
3374 4848 3403 4882 a
3431 4848 3555 4900 per-

1971 4913 2306 4983 sequentibus
2337 4930 2438 4968 me.
2481 4912 2624 4970 Novi
2686 4915 2830 4984 quod
2888 4924 2944 4970 tu
2993 4933 3101 4973 non
3152 4919 3236 4975 vis
3303 4935 3541 4980 mortem
3604 4948 3625 4959 -

1972 5018 2169 5070 meam,
2226 5012 2283 5059 et
2345 5004 2492 5075 quod
2548 5019 2580 5058 a
2647 5014 2800 5060 tanto
2847 5005 3098 5065 facinore
3165 5012 3437 5068 abhorres
3494 5025 3554 5066 ut

1967 5096 2192 5152 occidar
2222 5110 2253 5151 a
2313 5095 2446 5152 ﬁlio.
2506 5097 2683 5154 Filius
2709 5101 2856 5156 enim
2892 5117 3049 5159 meus
3082 5115 3165 5161 est
3193 5106 3287 5174 qui
3318 5116 3548 5159 mortem

1966 5189 2099 5245 mihi
2158 5187 2363 5246 inferre
2411 5201 2667 5247 conatur.
2710 5193 2985 5250 Saevitiam
3053 5208 3321 5267 praeterea
3361 5193 3551 5249 inimi-

1966 5301 2161 5343 corum
2195 5300 2425 5342 suorum
2455 5285 2510 5340 in
2547 5286 2653 5343 boc
2702 5288 2788 5343 vel
2833 5289 3077 5344 maxime
3104 5285 3373 5351 ostendit,
3420 5284 3547 5338 dum

275 5375 429 5430 satis
470 5389 579 5429 non
642 5373 815 5431 fuisse
852 5389 935 5432 cis
960 5374 1257 5448 signiﬁcat,
1284 5377 1429 5450 quod
1455 5377 1634 5451 ipsum
1655 5395 1825 5453 regno
1884 5384 2251 5457 expulissent,
2283 5383 2381 5443 sed
2453 5384 2604 5441 addit
2652 5384 2800 5455 quod
2840 5384 3141 5455 fugientem
3164 5380 3330 5436 etiam
3358 5392 3544 5450 perse-

277 5469 622 5543 quebantur.

357 5648 407 5681 ³⁹
443 5648 466 5704 ι
494 5647 694 5720 Begu,
717 5649 773 5721 6,
803 5649 860 5708 7.
