4110 6210
565 258 672 322 355

554 476 829 519 ιιιιηι.-
874 465 1125 527 Ostende,
1169 463 1272 517 hoc
1335 473 1443 526 est,
1514 462 1808 514 Converte.
1873 456 2136 510 Avertere

555 558 758 628 quippe
795 569 914 608 eam
941 555 1169 620 videris,
1203 555 1418 624 quoties
1441 553 1510 608 ob
1541 560 1767 618 peccata
1793 564 1911 604 mea
1944 563 2134 603 cessas

547 650 681 705 mihi
713 663 870 717 opem
903 647 1064 702 ferre.
1089 647 1188 702 Per
1221 647 1414 702 faciem
1454 653 1637 700 autem
1668 642 1784 710 Dei,
1828 641 1974 697 illius
1999 641 2136 696 visi-

550 737 809 792 tationem
841 745 1004 807 atque
1037 736 1372 798 custodiam,
1391 750 1488 790 seu
1507 733 1673 789 etiam
1697 730 2132 787 benevolentiam

547 829 820 899 intelltgit.

621 918 950 974 Satvumme
1011 919 1100 988 fac
1171 920 1226 972 in
1293 916 1665 972 misericordia
1733 926 1848 972 tua.
1907 913 1968 969 Si
2027 927 2135 968 non

549 1021 776 1080 propter
812 1027 919 1074 me,
957 1011 1156 1066 saltem
1189 1010 1262 1064 ob
1322 1008 1763 1065 misericordiam
1823 1015 1996 1061 tuam.
2059 1006 2136 1060 De

548 1107 603 1154 te
625 1102 770 1153 enim
796 1099 982 1154 dixisti
1016 1098 1069 1152 in
1097 1099 1232 1152 libro
1247 1097 1504 1152 Levitici:
1533 1096 1640 1167 Ego
1669 1095 1968 1150 misericors
1995 1109 2134 1148 sum.

557 1239 560 1242 .
622 1191 789 1246 Vens.
832 1191 918 1244 18.
952 1189 1196 1257 Domine,
1230 1207 1336 1244 non
1385 1189 1705 1259 confundor,
1753 1187 2000 1257 quoniam
2052 1187 2137 1238 in-

553 1283 735 1336 vocavi
765 1291 834 1335 te.
866 1280 1060 1336 Simile
1093 1289 1180 1334 est
1207 1281 1353 1349 quod
1408 1281 1637 1349 legimus
1690 1278 1902 1348 psalmo
1952 1291 2089 1330 ιιιιι
2117 1290 2134 1328 :

561 1372 677 1427 Non
705 1371 1026 1441 confundor,
1079 1373 1333 1442 quoniam
1363 1372 1570 1441 speravi
1599 1374 1650 1424 in
1704 1379 1772 1424 te.

624 1486 1038 1554 Confundantur
1066 1487 1218 1554 impii
1266 1496 1315 1540 et
1367 1485 1688 1540 descendant
1728 1488 1784 1537 in
1841 1486 2132 1554 infernum.

554 1579 971 1647 Achitophelem
1003 1579 1230 1647 impium
1262 1579 1521 1648 appellat,
1552 1577 1717 1632 veluti
1749 1577 1839 1646 qui
1865 1577 2035 1646 legem
2069 1575 2136 1630 de

1773 248 2164 312 EUTIIYMII
2198 247 2564 308 ZIGABENI

621 373 788 428 Vens.
827 373 915 427 l7.
966 373 1195 427 Ostende
1226 371 1420 440 faciem
1487 378 1635 423 tuam
1704 381 1861 433 super
1935 379 2138 418 servum

2312 360 2649 429 Ἔπίςρανον
2684 356 2749 411 τὸ
2789 356 3117 426 πρόσωπόν
3139 371 3254 410 σου
3289 356 3385 409 ἐπὶ
3418 355 3523 409 τὸν
3582 354 3812 410 δοῦλόν
3921 383 3930 390 -

3696 245 3806 308 356

2237 467 2376 508 σου.
2417 452 2869 520 -Ἐπίφανοη
2940 450 3064 503 ἀντὶ
3115 451 3234 510 τοῦ,
3291 448 3642 518 ἐπίστρεψον.
3717 449 3812 518 Μὴ

2238 542 2448 613 βοηθῶν
2481 559 2568 612 μοι
2611 543 2740 611 γὰρ,
2771 541 2949 602 δοκεῖς
2991 537 3337 610 ἀποστρέψαι
3391 537 3574 599 τοῦτο,
3609 537 3699 590 διὰ
3748 539 3810 589 τὸ

2236 635 2346 688 τῶν
2379 631 2670 704 ἁμαρτιῶν
2702 649 2805 702 μου
2840 631 2918 702 (5)
2951 629 3218 700 είδαχθὲς.
3261 630 3563 701 Πρόσωπον
3606 629 3685 695 δὲ,
3712 627 3813 700 τὴν

2237 725 2548 796 ἐπισκοπὴν
2573 725 2670 778 καλ⁵
2691 723 2968 777 οἱκείωσιν
3000 724 3174 777 καλεῖ.

2309 903 2521 959 Σῶσόν
2541 921 2619 974 με
2643 906 2712 958 ἐν
2740 897 2821 971 τῷ
2841 902 2999 958 ἐλέει
3030 919 3166 958 σου.
3200 903 3260 954 Εἰ
3287 900 3364 972 μὴ
3399 899 3466 954 δι’
3515 900 3635 970 ἐμὲ,
3676 899 3814 952 ἀλλὰ

2237 995 2325 1049 διὰ
2355 997 2417 1048 τὸ
2439 996 2528 1049 σὺν
2558 996 2730 1058 ἔλεος.
2783 995 2854 1046 Σὺ
2904 994 3013 1063 γὰρ
3046 989 3209 1056 εἶπας
3269 994 3330 1045 ἐν
3376 994 3443 1062 τῇ
3495 989 3664 1060 βίϐλῳ
3718 988 3812 1040 τοῦ

2237 1086 2550 1150 Δευῖτικοῦ,
2575 1087 2657 1138 ὅτι
2691 1083 2995 1152 Ἐλεήμων
3025 1083 3168 1150 ειμι.

2307 1179 2485 1246 Κύριε
2520 1215 2535 1240 ,
2572 1177 2659 1244 μὴ
2733 1175 3288 1243 καταισχυνθείην,
3346 1171 3817 1240 ἐπεκαλεσὰμην

2236 1287 2330 1326 σε.
2368 1269 2552 1322 Ἔοικε
2592 1268 2750 1321 τοῦτο
2780 1266 2857 1336 τῷ
2886 1267 3114 1336 εἰκοστῷ
3137 1266 3384 1336 τετάρτῳ
3441 1264 3662 1335 ψαλμῷ·
3713 1265 3813 1332 Μὴ

2239 1362 2774 1429 καταισχυνθείην,
2813 1359 2902 1412 ὅτι
2940 1359 3174 1428 ἤλπισα
3196 1359 3295 1411 ἐπὶ
3329 1359 3424 1412 σέ.

2300 1475 2794 1544 Δίσχυνθείησαν
2878 1473 3138 1540 ἀσεϐεῖς,
3211 1474 3306 1527 καὶ
3368 1477 3818 1543 καταχθειησαν

2235 1567 2324 1632 εὶς
2361 1565 2532 1633 ᾅδου.
2569 1565 2770 1634 Ἀσεϐἦ
2800 1565 2898 1634 μὲν
2925 1565 3075 1633 λέγει
3107 1564 3202 1616 τὸν
3251 1565 3559 1634 ’Λχιτόφελ,
3605 1567 3682 1628 ὡς
3733 1569 3810 1636 μὴ

553 1668 850 1739 parricidio
885 1661 1114 1723 nonest
1168 1670 1399 1735 veritus,
1462 1669 1591 1724 dum
1651 1669 1822 1723 tilium
1897 1668 2134 1722 irritavit

2241 1659 2534 1728 σεϐόμενον
2561 1659 2690 1720 τοὺς
2721 1658 2862 1710 κατὰ
2889 1656 3238 1727 πατραλοιῶν
3266 1659 3463 1726 νόμους
3507 1659 3602 1710 τοῦ
3649 1659 3810 1723 Θεοῦ,

555 1719 842 1739 ,νκ--ην--ν
887 1719 1111 1723 η-
1180 1719 1399 1735 -ντ-τ-ς.
1467 1719 1590 1724 π--ε

555 1760 818 1815 adversus
903 1769 1136 1830 patrem,
1231 1769 1395 1830 atque
1490 1761 1782 1831 insurgere
1873 1760 1928 1814 in
2005 1775 2132 1814 eum

2241 1753 2299 1805 ἐν
2323 1719 2400 1819 erit
2431 1749 2737 1819 ἐπεγείρειν
2757 1749 2848 1801 τὸν
2873 1747 2987 1802 υἱὸν
3005 1719 3091 1818 ’τῷ
3107 1747 3297 1818 πατρί.
3323 1719 3480 1809 ίΓινές
3492 1747 3547 1800 δέ
3571 1719 3813 1816 λέγουσι,

558 1851 717 1908 fecit.
755 1852 938 1923 Aliqui
984 1861 1168 1905 autem
1226 1853 1437 1916 dicunt,
1501 1852 1671 1907 verba
1732 1851 1847 1906 haec
1906 1849 2134 1906 formant

2241 1844 2309 1896 τὰ
2337 1842 2585 1914 παρόντα
2620 1843 2761 1912 ῥητὰ
2783 1843 2936 1910 ἰσχὺν
2966 1841 3069 1910 μὲν
3100 1839 3246 1910 ἔχειν
3273 1841 3432 1910 ἀρᾶς,
3494 1841 3721 1910 δύναμιν
3751 1841 3811 1893 δὲ

553 1945 777 2016 quidem
839 1944 1258 2014 imprecationis
1323 1945 1551 2008 habere,
1629 1942 1726 1999 sed
1784 1942 1891 1996 vim
1952 1941 2139 1997 tenere

556 2035 882 2105 prophetiae,
917 2044 1082 2104 atque
1128 2035 1352 2104 praedici
1411 2049 1474 2088 ea
1533 2048 1655 2103 qua:
1701 2046 1966 2102 passurus
2019 2038 2138 2085 erat

555 2127 910 2198 Achitophel,
947 2127 1039 2198 qui
1083 2140 1299 2182 summa
1341 2125 1576 2180 refertus
1611 2123 1956 2185 confusione,
1989 2119 2137 2191 quod

557 2220 856 2275 consilium
896 2217 1066 2274 Chusi
1115 2233 1215 2272 suo
1250 2217 1610 2286 praepositum
1662 2213 1886 2280 fuisset,
1939 2213 2138 2283 laqueo

557 2327 865 2380 suspensus
899 2309 1142 2378 seipsum
1201 2308 1502 2362 interemit.
1556 2303 1952 2374 Multiplieibus
2005 2318 2138 2358 vero

556 2399 745 2454 verbis
783 2399 977 2452 beatus
1000 2396 1196 2462 David,
1226 2397 1500 2451 adversus
1559 2397 1812 2450 inimicos
1862 2409 1922 2449 se
1967 2394 2140 2463 impu-

559 2498 792 2560 gnantes
821 2487 1063 2542 divinam
1093 2487 1326 2542 advocat
1369 2485 1808 2555 indignationem
1845 2501 1860 2538 :
1898 2485 2137 2554 primunt

557 2597 622 2636 ea
672 2581 909 2644 ratione,
975 2589 1034 2633 ut
1094 2578 1351 2649 castigati
1400 2578 1654 2632 meliores
1719 2575 2137 2631 redderentur:

558 2673 783 2728 Percute
823 2672 993 2736 enim,
1037 2671 1240 2740 inquit,
1266 2681 1544 2741 argentum
1597 2669 1900 2739 reprobum,
1932 2677 1980 2722 et
2009 2683 2141 2736 pur-

559 2765 778 2834 gabitur
827 2765 919 2831 ⁸⁰;
971 2764 1238 2828 secundo,
1295 2773 1352 2818 ut
1404 2764 1457 2816 in
1523 2763 1625 2816 hac
1677 2762 1786 2817 vita
1851 2762 2140 2818 tormentis

559 2858 758 2922 allecti,
814 2856 868 2910 in
919 2855 1108 2910 futura
1168 2856 1237 2910 ab
1270 2855 1492 2910 aeternis
1551 2856 1727 2924 poenis
1787 2854 2136 2920 liberentur;

561 2948 746 3011 tertio,
783 2955 838 3000 ut
874 2946 1084 3016 posteri
1131 2946 1236 3000 hoc
1271 2953 1430 3016 pacto
1465 2945 1866 2999 moderatiores
1915 2945 2136 3010 tierent;

2241 1934 2588 2005 προφητείας
2610 1949 2624 1964 ο
2660 1933 2998 2004 προείρηκεν
3029 1932 3135 2003 γὰρ
3161 1931 3196 1985 ἃ
3228 1930 3426 2002 ἔμελλε
3451 1932 3664 1984 παθεῖν.
3701 1932 3812 1986 Καὶ

2239 2027 2480 2100 ᾐσχύνθη
2513 2027 2641 2096 γὰρ,
2674 2026 3114 2096 προτιμηθείσης
3141 2023 3345 2094 τῆςτοῦ
3378 2025 3548 2078 Χουσὶ
3578 2025 3818 2094 συμϐου-

2241 2120 2361 2190 λῆς,
2393 2121 2489 2172 καὶ
2511 2117 2774 2189 ἀνῃρέθη,
2811 2117 3006 2188 βρόχον
3047 2117 3350 2187 ἁψάμενος.
3376 2119 3474 2171 Διὰ
3534 2118 3703 2171 πολλὰ
3759 2117 3818 2170 δὲ

2239 2211 2415 2266 ταῦτα
2442 2209 2540 2281 τὴν
2566 2209 2717 2263 θείαν
2740 2209 3114 2278 ἀγανάκτησιν
3132 2209 3273 2263 κατὰ
3297 2211 3407 2263 τῶν
3436 2207 3819 2280 πολεμούντων

2240 2304 2390 2372 αὑτῷ
2417 2301 2732 2356 ἐκκαλεῖται
2769 2316 2782 2330 ·
2820 2301 2879 2355 ἓν
2911 2302 3032 2370 μὲν,
3071 2299 3213 2354 ὥστε
3252 2300 3478 2366 τούτους
3523 2300 3820 2372 βελτιωθῆ-

2241 2413 2352 2451 ναι⁶
2386 2397 2576 2451 Τύπτε
2607 2394 2739 2467 γὰρ,
2788 2397 2978 2466 φησιν,
3026 2393 3324 2464 ἀδόκιμον
3355 2395 3644 2463 ἀργύριον
3666 2435 3681 2458 ,
3716 2393 3814 2446 καί

2242 2489 2686 2557 καθαρθήσεται
2705 2505 2719 2520 °
2747 2488 2935 2559 ἕτερον
2967 2487 3048 2552 δέ,
3090 2489 3178 2541 ἵνα
3206 2487 3343 2558 τῷδε
3369 2486 3812 2558 βασανισθέντες,

2242 2582 2362 2635 ἐκεῖ
2388 2581 2630 2652 ρυσθῶσι
2663 2581 2772 2634 τῶν
2805 2581 3041 2634 αἰωνίων
3074 2581 3354 2636 κολάσεων
3385 2595 3399 2610 ·
3464 2579 3672 2649 τρίτον,
3729 2580 3818 2631 ἴνα

2243 2674 2338 2726 καλ⁸
2357 2673 2535 2744 ἕτεροι
2556 2671 2644 2726 διὰ
2670 2671 2830 2726 τοῦτο
2859 2671 3296 2743 σωφρονισθῶσι·
3343 2672 3656 2743 πανοῦργος
3684 2670 3818 2739 γὰρ,

2243 2764 2430 2834 φησίν,
2460 2763 2582 2816 ἰδὼν
2607 2763 2821 2834 ἄφρονα
2855 2763 3274 2834 τιμωρούμενον
3316 2764 3618 2834 κραταιῶς,
3653 2763 3822 2825 αὐτὸς

2243 2853 2612 2907 παιδεύεται·
2671 2854 2958 2925 τέταρτον,
3016 2853 3159 2907 ὥστε
3232 2855 3326 2907 καὶ
3385 2851 3822 2924 βίονλοιμώδους

2242 2944 2623 3015 ἀπαλλαγῆναι
2647 2946 2885 3010 κακίας*
2929 2947 3202 3016 πέμπτον,
3233 2948 3322 2999 ἵνα
3373 2945 3447 3017 μὴ
3509 2948 3604 2998 καὶ
3667 2944 3824 2997 ἄλλοι

559 3039 828 3094 scelestus
861 3038 1220 3091 enimvldens
1254 3037 1355 3090 sibi
1388 3037 1622 3090 similem
1657 3026 1812 3102 c'mtli,
1855 3036 2138 3102 eruditur;

2252 3039 2579 3091 ἐπιτεθῶσιν
2609 3036 2779 3108 αὐτῷ,
2812 3039 2910 3101 τὰς
2938 3038 3326 3110 ἐπενεχθείσας
3383 3038 3612 3101 ἐκείνοις
3645 3037 3823 3106 φοϐη-

559 3139 779 3198 quarto,
815 3137 873 3182 ut
905 3143 1144 3196 praesens
1185 3128 1296 3181 vita
1352 3129 1420 3181 ab
1479 3127 1797 3197 hujusmodi
1865 3127 2143 3197 pestilenti

559 3221 695 3274 vitio
721 3220 1018 3284 liberetur;
1057 3221 1271 3288 quinto,
1302 3235 1368 3274 ne
1392 3219 1481 3273 alii
1513 3219 1821 3274 addantur:
1846 3227 2141 3274 cernentes

2255 3129 2440 3194 θέντες
2467 3129 2683 3200 πληγάς
2707 3145 2722 3161 ⁸
2750 3130 2929 3194 ἕκτον,
2966 3130 3054 3182 ἵνα
3085 3132 3158 3201 μή
3197 3147 3342 3194 τινες
3403 3131 3651 3195 εἴπωσιν,
3696 3131 3822 3182 Οἰηε

2245 3219 2378 3273 ἐστι
2407 3222 2671 3288 σωτηρία
2700 3219 2860 3290 αὐτῷ
2889 3220 2959 3273 ἐν
2991 3218 3072 3286 τῷ
3113 3220 3253 3286 Θεῷ.

563 3314 822 3368 nimirum
853 3329 919 3369 ac
951 3314 1106 3369 veriti
1155 3315 1342 3387 plagas
1393 3315 1501 3370 illis
1559 3314 1773 3381 illatas;
1835 3323 2015 3381 sexto,
2075 3329 2144 3369 ne
2183 3316 2309 3383 quis
2334 3315 2467 3370 illud
2491 3316 2675 3371 dicere
2708 3316 2918 3385 possit:
2963 3315 3087 3370 Non
3120 3327 3196 3370 est
3267 3316 3416 3370 satus
3462 3316 3542 3370 illi
3584 3304 3654 3369 .in
3713 3314 3822 3368 Deo

561 3408 676 3477 ejus
709 3409 777 3463 “.

620 3525 786 3580 Vens.
821 3526 908 3580 19.
948 3523 1102 3578 Muta
1132 3525 1265 3589 ﬁant
1293 3523 1439 3578 labia
1469 3524 1657 3578 dolosa
1694 3541 1812 3596 qua:
1845 3525 2138 3596 loquuntur

562 3629 745 3672 contra
765 3618 978 3686 justum
1009 3617 1318 3686 iniquitates
1352 3616 1404 3669 in
1435 3617 1682 3683 superbia
1708 3627 1756 3670 et
1792 3617 2141 3685 despectione.

563 3710 667 3766 Per
698 3710 841 3764 labia
871 3707 1061 3764 dolosa
1093 3707 1474 3777 Aehitophelis
1529 3709 1671 3762 labia
1716 3709 1994 3778 intelligit,
2048 3723 2145 3762 ve-

565 3803 665 3859 luti
695 3818 816 3872 qua:
843 3801 1128 3870 antiquum
1167 3799 1350 3853 dolum
1369 3815 1436 3854 eo
1475 3815 1650 3868 usque
1715 3800 2144 3864 occultaverant,

559 3904 616 3950 et
639 3909 762 3964 qum
797 3901 947 3946 muta
1017 3892 1162 3946 facta
1202 3899 1331 3946 sunt
1374 3891 1500 3961 quia
1536 3890 1700 3960 paulo
1759 3899 1882 3960 post
1921 3900 2149 3945 enectus

562 3986 940 4052 cst.;Justutn
1003 3994 1184 4039 autem
1241 3985 1484 4054 seipsutn
1547 3982 1826 4052 appellat,l
1853 3998 1918 4038 eo
1994 3983 2140 4053 quod

566 4091 667 4130 nec
717 4073 1042 4129 Absalonem
1113 4074 1316 4143 injuria
1386 4086 1626 4141 unquam
1708 4071 1983 4136 affecerat,
2045 4087 2146 4126 nec

569 4167 1004 4235 Achitophelem,
1057 4175 1153 4220 aut
1195 4167 1362 4220 alium
1419 4181 1486 4220 ex
1541 4179 1732 4219 eorum
1793 4165 1982 4218 sociis.
2040 4163 2146 4218 Per

2317 3523 2558 3576 'A.la.1a
2594 3520 2906 3591 γενηθήτω
2937 3519 3010 3573 τὰ
3039 3521 3216 3590 χείλη
3245 3520 3318 3574 τὰ
3347 3519 3543 3589 δόλια,
3594 3521 3666 3575 τὰ
3716 3525 3821 3576 λα-

2241 3620 2471 3675 λοῦντα
2509 3618 2658 3672 κατὰ
2687 3616 2796 3671 τοῦ
2827 3615 3066 3670 δικαίου
3122 3617 3400 3685 ἀνομίαν,
3455 3615 3524 3668 ἐν
3599 3619 3819 3683 ὑπερη-

2243 3711 2432 3782 φανΙςι
2456 3709 2558 3764 καὶ
2584 3707 3005 3773 ἐξουδενώσει.
3033 3707 3199 3777 Χείλη
3225 3706 3395 3772 δόλια,
3418 3707 3490 3759 τὰ
3540 3707 3634 3759 τοῦ
3667 3707 3817 3776 Ἀχι-

2244 3805 2431 3874 τόφελ,
2459 3806 2534 3868 ὡς
2563 3803 2853 3876 κρύψαντα
2887 3803 2980 3857 τὸν
3005 3803 3069 3856 ἐκ
3104 3801 3273 3855 πάλαι
3299 3801 3448 3854 δόλον
3498 3801 3629 3872 ἄχρι
3659 3801 3816 3867 τότε,

2246 3898 2281 3953 ἃ
2307 3900 2401 3952 καὶ
2421 3897 2595 3952 ἄλαλα
2626 3896 2939 3964 γεγόνασιν,
2974 3895 3369 3962 ἀποπνιγέντος
3428 3895 3530 3946 οὐκ
3581 3896 3660 3958 είς
3712 3913 3818 3964 μα·

2245 3991 2406 4062 κράν.
2437 3989 2658 4042 Δίκαιον
2679 3988 2734 4040 δέ
2763 3987 2954 4040 ἑαυτὸν
2985 3985 3158 4054 λέγει,
3199 3988 3273 4047 ὡς
3303 4022 3306 4025 λ
3332 4002 3406 4055 μη
3430 3986 3762 4054 ἀδικήσαντα
3786 3986 3819 4056 ἢ

2243 4083 2336 4136 τὸν
2375 4080 2778 4151 Ἀὄεσαλὼμ,ἢ
2814 4079 2906 4132 τὸν
2949 4077 3260 4148 Ἀχιτόφελ,
3298 4077 3331 4147 ἦ
3384 4095 3507 4129 τινα
3558 4077 3665 4129 τῶν
3721 4079 3822 4130 σὺν

2243 4176 2448 4238 αὐτοῖς.
2469 4174 2724 4244 ’Λνομίαν
2743 4173 2818 4234 δέ,
2844 4173 2941 4241 τὴν
2970 4171 3164 4224 τούτου
3191 4170 3504 4240 συμϐουλὴν
3533 4170 3819 4239 ὀνομάζει·

568 4257 915 4327 iniquitatem
950 4271 1103 4321 vero,
1137 4271 1330 4310 eorum
1362 4255 1658 4311 consilium
1717 4255 1993 4325 intelligit,
2031 4269 2139 4324 quo

2247 4269 2448 4337 ἄνομος
2471 4267 2602 4336 γὰρ,
2633 4266 2708 4328 ὠς
2729 4264 3128 4334 παραθήγουσα
3148 4264 3261 4317 υἱὸν
3297 4265 3434 4334 πρὸς
3462 4266 3550 4316 τὸν
3579 4267 3818 4334 πατέρα.

569 4349 736 4403 [ilium
789 4349 1056 4403 adversus
1120 4356 1327 4416 patrem
1385 4347 1698 4402 irritabant.
1764 4345 1829 4400 In
1896 4345 2139 4416 superbia

2249 4357 2342 4410 Ἐν
2384 4357 2734 4427 ὑπερηφανίᾳ
2783 4355 2961 4420 δέ,ὅτι
2991 4355 3410 4426 ἐμεγαλαύχησε
3453 4355 3710 4409 δύνασθαι
3750 4357 3819 4408 δι’

565 4443 730 4497 etiam
762 4441 933 4504 addit,
1002 4439 1128 4508 quia
1172 4439 1418 4507 jactabat
1460 4440 1781 4511 Aclt'ttophel
1833 4449 1996 4496 nocte
2052 4441 2139 4494 illa

2250 4448 2378 4516 ὅλης
2400 4447 2502 4516 τῆς
2535 4445 2726 4507 νυκτὸς
2750 4446 2966 4514 ἐκείνης
2997 4445 3071 4514 (6)
3100 4446 3420 4509 ἀποπεσεῖν,
3469 4446 3564 4498 καὶ
3608 4446 3820 4497 ἀνελεῖν

568 4548 691 4586 sese
729 4533 992 4600 impetum
1032 4530 1307 4583 facturum
1340 4537 1506 4598 atque
1557 4531 2016 4600 interempturum
2041 4528 2139 4583 Da-

2249 4538 2410 4602 αὐτὸς
2440 4537 2532 4591 τὸν
2555 4535 2739 4599 Δαϐὶδ,
2764 4536 2840 4598 ὡς
2869 4538 2926 4588 ἐν
2960 4538 3026 4604 τῇ
3065 4534 3359 4587 Βασιλειῶν
3391 4535 3594 4601 ἐδίδαξε
3629 4535 3815 4605 βίϐλῳ.

567 4624 677 4686 viJ,
723 4631 781 4674 ut
815 4621 1046 4674 habetur
1082 4620 1134 4673 in
1167 4619 1326 4674 libris
1382 4619 1615 4689 Regum.
1687 4619 1752 4672 In
1811 4620 2139 4687 despectione

2241 4627 2674 4695 Ἐξουδενώσει
2723 4626 2800 4692 δέ,
2833 4627 2915 4680 ὃτι
2940 4626 3034 4679 καὶ
3059 4625 3284 4696 ὕϐρισεν
3309 4627 3497 4682 αὐτόν.

565 4714 841 4777 similiter,
877 4713 1006 4783 quia
1055 4712 1352 4782 Opprobrio
1384 4727 1448 4765 ac
1483 4713 1821 4767 contumelia
1854 4728 1980 4767 eum
2011 4710 2143 4767 ειπε-

567 4811 740 4858 ceral.

640 4895 802 4951 Vsus.
835 4897 926 4950 20.
956 4896 1126 4961 Quam
1151 4914 1341 4966 magna
1393 4894 1679 4950 multitudo
1729 4895 1980 4950 bonitatis
2015 4906 2139 4962 tute,

2321 4895 2422 4960 Ὠς
2462 4891 2618 4947 πολὺ
2675 4893 2742 4947 τὸ
2789 4893 3025 4962 πλῆθος
3070 4892 3182 4962 τῆς
3210 4897 3624 4964 χρηστότητός
3679 4914 3821 4962 σου,

568 4988 814 5054 Domine,
873 5004 1030 5056 quam
1083 4989 1404 5043 abscondisti
1467 4989 1772 5042 timentibus
1828 4989 1918 5042 te!
1971 4989 2139 5056 Quam

2253 4990 2452 5055 Κύριε,
2490 4985 2570 5053 ἢν
2608 4987 2882 5054 ἔκρυψας
2911 4985 3033 5051 τοῖς
3063 4987 3455 5056 φοϐουμένοις
3491 5005 3585 5041 σε.
3619 4988 3691 5040 Τὸ
3722 4992 3824 5054 ὡς,

571 5096 791 5150 magna,
835 5095 956 5150 pro,
1003 5081 1160 5134 valde
1195 5096 1431 5148 magna:
1493 5081 1911 5150 philosophatur
1960 5091 2139 5135 autem

2253 5082 2375 5135 ἀντὶ
2399 5081 2515 5142 τοῦ,
2549 5078 2692 5132 λίαν.
2719 5077 3002 5146 Φιλοσοφεῖ
3039 5079 3094 5132 δὲ
3119 5097 3184 5132 πε
3195 5081 3248 5149 ρὶ
3279 5081 3377 5151 τῆς
3403 5080 3496 5133 τοῦ
3527 5080 3662 5132 Θεοῦ
3694 5083 3826 5135 ποιέ

570 5172 854 5241 prepheta,
901 5171 1063 5226 modo
1097 5171 1571 5242 longanimitatetn
1611 5172 1726 5236 Dei,
1761 5173 1922 5227 modo
1961 5173 2139 5226 vindi-

2258 5173 2358 5242 μὲν
2393 5171 2799 5243 μακροθυμίας,
2838 5175 2969 5226 ποτέ
3011 5175 3066 5228 δὲ
3098 5175 3335 5247 ἀμύνης,
3387 5178 3478 5230 καί
3517 5194 3702 5246 φησιν,
3740 5178 3825 5230 ὅτι

567 5273 712 5317 ctam
770 5263 1074 5329 admirans,
1107 5273 1272 5333 atque
1321 5265 1419 5330 ait,
1469 5264 1616 5335 quod
1663 5267 1822 5321 valde
1852 5266 2030 5334 ampla
2061 5275 2139 5320 est

2255 5265 2391 5319 Λίαν
2422 5265 2592 5336 πολλὴ
2616 5266 2979 5338 ἠχρηστότης
3012 5285 3128 5334 σου,
3154 5269 3220 5338 ἦν
3265 5269 3403 5342 πρὸς
3432 5270 3621 5338 καιρὸν
3658 5268 3827 5342 ἔκρυ-

643 5444 688 5474 ⁶⁰
721 5445 865 5501 Psal.
898 5463 974 5514 XI,
1007 5447 1061 5500 7.
1138 5447 1185 5479 “
1221 5447 1369 5502 Psal.
1416 5463 1500 5514 tn,
1528 5449 1582 5503 5.

1851 5559 2045 5622 Vat-ite
2075 5557 2406 5620 lectiones.

645 5682 718 5753 (ὃ)
742 5687 846 5754 Γρ.
877 5685 1148 5760 Είδεχθές.
2327 5685 2404 5758 (6)
2446 5681 2659 5741 Mallem
2698 5685 3058 5756 Προσπεσετν.
