4110 6210
266 275 376 340 357

1437 275 1826 336 COMMENT.
1865 273 1948 334 IN
1991 275 2122 335 PSA
2132 275 2377 336 ιΜοδρ

3415 280 3522 343 358

261 400 368 460 ψας
387 391 499 453 τοίς
524 389 735 453 δούλοις
753 406 872 453 σου,
901 390 1198 459 γυμνάζων
1221 391 1321 460 τὴν
1341 389 1620 459 ὑπομονὴν
1641 389 1841 452 αὐτῶν,

1957 389 2130 443 livina
2165 387 2502 458 benignitas,
2534 404 2698 460 quam
2728 398 2915 448 tamen
2947 391 3012 445 ad
3043 397 3256 462 tempus
3286 392 3521 449 abscon-

261 486 319 535 ἐν
354 482 431 552 τῷ
455 481 880 536 ἀναϐάλλεσθαι.

345 661 712 732 Ἕξειργάσω
742 661 868 729 τοῖς
899 661 1256 724 ἐλπίζουσιν
1279 663 1380 715 ἐπὶ
1425 663 1520 724 σὲ,
1563 661 1845 714 ἐναντίον

263 754 383 810 τῶν
408 755 557 810 υιῶν
589 759 708 809 τῶν
748 757 1098 822 ἀνθρώπων.
1151 756 1574 825 Ἑξεπλήρωσας
1619 754 1695 817 δὲ,
1749 755 1845 807 καὶ

264 849 491 918 ἔκδηλον
549 848 792 915 εἰργάσω
839 848 1010 916 αὐτὴν
1058 851 1172 910 τοῖς
1214 847 1532 910 ἐλπίζουσιν
1587 847 1682 898 ἐπὶ
1738 845 1844 910 σοι,

263 940 347 1002 ὅτι
382 939 658 1008 ἠθέλησας
723 937 953 991 ἐνώπιον
1009 937 1248 1000 πολλῶν,
1299 938 1390 990 ἵνα
1441 936 1725 1007 μάθωσιν,
1763 935 1845 988 ὅτι

266 1031 667 1100 ὑπερασπίζεις
706 1030 816 1083 τῶν
859 1031 967 1084 σῶν
998 1046 1012 1060 ⁸
1047 1031 1179 1101 περὶ
1208 1030 1264 1082 δὲ
1302 1029 1420 1082 τῶν
1455 1027 1604 1082 mor
1625 1028 1849 1097 ἀνθρώ-

266 1139 418 1187 πων,
465 1124 795 1192 προείρηται
823 1124 879 1176 ἐν
906 1122 982 1192 τῷ
1011 1121 1060 1190 γ’
1089 1122 1182 1175 τοῦ
1211 1121 1252 1173 δ’
1273 1120 1512 1190 ψαλμοῦ.

339 1303 752 1369 Κατακρύψεις
795 1299 1017 1364 αὐτοὺς
1044 1300 1114 1352 ἐν
1146 1299 1474 1367 ἀποκρύφῳ
1511 1299 1618 1353 τοῦ
1660 1311 1849 1365 προσ-

261 1391 430 1447 ώπου
471 1410 608 1447 σου.
651 1393 762 1464 Τὴν
813 1393 1064 1463 ποικίλην
1106 1391 1200 1444 τοῦ
1236 1390 1370 1444 Θεοῦ
1417 1391 1671 1462 βοήθειαν
1711 1393 1845 1461 ὁμο-

264 1486 433 1553 λογεῖ,
466 1486 613 1548 ὅπως
656 1485 786 1548 τοὺς
832 1485 1204 1553 φοϐουμένους
1236 1484 1400 1537 αὑτὸν
1449 1485 1710 1547 παντοίας
1753 1485 1845 1550 ἐξ-

264 1581 489 1650 αιρῆται
521 1581 896 1650 περιστάσεως
921 1596 936 1611 ο
973 1579 1450 1648 ἀναζητουμένους
1477 1580 1608 1648 γὰρ,
1654 1579 1842 1649 φησιν,

265 1672 354 1722 ὑπ’
386 1671 621 1740 ἐχυρῶν,
655 1671 1054 1741 κατακρύψεις,
1092 1672 1149 1722 ὲν
1195 1671 1506 1740 ἀποκρύφῳ
1550 1671 1700 1740 τόπῳ
1749 1688 1842 1723 σου

263 1761 508 1831 δηλονότι
540 1777 554 1791 ⁸
611 1762 722 1815 Τοῦ
775 1760 1102 1829 προσώπου
1151 1773 1267 1814 σου
1307 1761 1438 1830 γὰρ,
1490 1762 1632 1814 κατὰ
1685 1761 1844 1831 περίο

265 1872 492 1926 φρασιν,
531 1857 651 1908 ἀντὶ
678 1853 797 1918 τοῦ,
833 1853 961 1908 Σοῦ.

352 1949 486 2003 Ἀπὸ
548 1946 818 2017 ταραχῆς
865 1946 1198 2014 ἀνθρώπων
1242 1946 1578 2012 σκεπὰσεις
1627 1947 1851 2013 αὐτοὺς

265 2042 335 2096 ἐν
385 2041 610 2108 σκηνῇ.
675 2041 766 2092 Ἐν
809 2039 868 2092 δέ
919 2037 1099 2107 καιρῷ
1141 2040 1390 2108 ταραχῆς
1451 2038 1853 2100 στασιαζόντων

269 2133 572 2196 σκεπᾶσεις
617 2132 838 2196 αὐτοὺς,
890 2133 948 2183 ἐν
999 2132 1172 2200 σκηνῇ
1231 2131 1330 2200 τῆς
1379 2131 1592 2198 σκέπης
1647 2145 1764 2192 σου,
1819 2129 1851 2199 ἢ

269 2226 428 2295 δίκην
463 2224 693 2295 σκηνῆς.

356 2304 497 2374 ’Ἀπὸ
547 2321 898 2388 ἀντιλογίας
949 2316 1271 2386 γλωσσῶν.
1345 2319 1478 2374 Ἀπὸ
1525 2322 1707 2375 κοινοῦ
1761 2324 1857 2392 λη-

275 2409 440 2462 πτέον
468 2410 803 2474 σκεπὰσεις
820 2412 966 2464 αὐτο
977 2409 1142 2476 ὺς,ἐν
1166 2410 1344 2480 καιρῷ
1367 2413 1527 2466 πάλιν
1544 2414 1854 2482 ἀντιλογίας

269 2501 407 2554 λαοῦ
437 2519 452 2534 ο
494 2505 604 2556 ἀπὸ
635 2504 743 2556 τῶν
773 2505 1038 2572 γλωσσῶν
1082 2505 1192 2576 γὰρ
1241 2508 1368 2570 τοὺς
1412 2507 1672 2576 λέγοντας
1729 2511 1852 2580 ἐδή-

267 2594 443 2649 λωσεν
477 2611 492 2626 ⁸
523 2596 801 2665 ἀντιλογία
835 2597 912 2662 δὲ,
947 2598 980 2668 ἡ
1013 2597 1277 2652 ἀπείθεια
1317 2600 1426 2654 τῶν
1457 2601 1738 2672 ὑπηκόων.

341 2868 693 2938 Εὐλογητὸς
730 2869 968 2936 Κύριος,
997 2868 1082 2922 ὅτι
1111 2869 1542 2939 ἐθαυμὰστωσε
1581 2871 1647 2925 τὸ
1680 2872 1853 2939 ἕλεος

265 2961 462 3015 αὐτοῦ
508 2961 579 3014 ὲν
604 2963 781 3014 πόλει
819 2961 1130 3030 περιοχῆς.
1185 2962 1424 3034 ιιεριοχὴ
1482 2965 1582 3033 μέν
1629 2968 1748 3018 ἐστι
1793 2965 1856 3019 τὸ

1875 1727 1922 1786 Β

1944 479 2025 532 dit
2060 480 2236 534 servis
2287 479 2426 542 suis,
2477 487 2538 533 ut
2597 480 2816 535 illorum
2875 482 3190 550 patientiam
3243 492 3517 550 exerceat,

1945 571 2074 626 dum
2109 573 2322 626 diutius
2359 571 2543 627 dill‘crt
2579 574 2689 628 illis
2723 584 2924 644 praesto
2953 588 3097 628 esse.

2015 662 2298 732 Perfecisti
2333 665 2399 718 iis
2435 665 2526 732 qui
2549 675 2764 732 sperant
2791 667 2848 718 in
2879 675 2950 726 te,
2983 665 3037 718 in
3073 673 3350 733 conspectu
3381 666 3521 733 ﬁlio-

1945 771 2063 808 rum
2095 756 2391 810 hominum.
2418 755 2661 825 Implesti
2697 771 2760 809 ac
2788 754 3134 809 manifestam
3168 757 3349 810 fecisti
3374 757 3522 810 boui-

1945 860 2108 904 tatem
2147 857 2320 911 tuam,
2362 850 2431 905 iis
2462 850 2558 920 qui
2600 849 2652 902 iu
2692 858 2744 902 te
2774 856 2994 918 sperant
3027 866 3040 901 :
3076 847 3519 918 quandoquidem

1947 949 2135 993 notum
2167 943 2250 996 eis
2294 940 2480 996 facere
2524 941 2769 1004 voluisti,
2803 943 2946 1010 quod
3001 943 3095 995 tibi
3145 952 3332 1011 gratos
3378 941 3525 996 viros

1947 1047 2058 1086 non
2111 1033 2347 1088 deseris.
2412 1032 2477 1085 Et
2525 1032 2671 1102 quod
2720 1032 2846 1086 ait:
2905 1029 3172 1086 Filiorum
3232 1034 3522 1097 hominum,

1947 1125 2210 1196 intellige,
2250 1135 2309 1180 ut
2329 1126 2735 1181 declaravimus
2763 1126 2817 1178 in
2847 1125 3012 1180 tertio
3038 1124 3307 1180 versiculo
3341 1127 3522 1196 quarti

1948 1217 2171 1272 Psalmi.

2020 1311 2182 1365 Vens.
2211 1311 2301 1364 ει.
2335 1311 2636 1366 Abscondes
2673 1329 2760 1366 eor
2798 1313 2854 1365 in
2881 1314 3188 1368 abscondito
3215 1316 3370 1384 [aciei
3399 1325 3524 1370 tute.

1951 1399 2110 1454 Varia
2163 1401 2493 1455 auxiliorum
2557 1402 2650 1457 Dei
2712 1417 2915 1472 genera
2976 1414 3412 1469 commemorat,
3475 1413 3530 1458 et

1947 1492 2224 1562 quomodo
2306 1495 2566 1550 timentes
2639 1512 2764 1550 eum
2830 1512 2859 1550 a
2941 1511 3272 1566 quocunque
3331 1498 3528 1552 liberat

1949 1587 2219 1655 periculo.
2251 1585 2380 1640 Nam
2413 1587 2456 1643 si
2491 1589 2561 1642 ab
2611 1588 2877 1653 inimicis,
2913 1588 3114 1656 inquit,
3141 1591 3524 1657 exquiruntur,

1950 1683 2006 1728 tu
2057 1676 2364 1731 abscondes
2421 1691 2518 1730 eos
2575 1676 2628 1729 in
2682 1679 3010 1732 abscondito
3055 1677 3213 1733 faciei
3263 1688 3389 1743 tuae,
3424 1682 3527 1734 hnc

1951 1773 2056 1830 est,
2106 1767 2158 1819 in
2215 1756 2547 1822 abscondito
2606 1767 2727 1823 loco
2759 1779 2876 1823 tuo.
2926 1769 3024 1824 Est
3073 1770 3220 1825 enim
3273 1771 3522 1840 quaedam

1951 1857 2395 1913 circumlocutio.

2023 1951 2065 2002 Δ
2101 1951 2498 2018 perturbatione
2527 1950 2796 2004 hominum
2821 1960 3053 2021 proteges
3083 1968 3166 2005 eos
3199 1953 3253 2005 in
3283 1953 3525 2007 taberna.

1954 2040 2092 2093 culo.
2142 2039 2200 2093 ιιι
2237 2041 2671 2109 perturbationis
2715 2055 2813 2096 seu
2864 2041 3231 2096 contentionis
3261 2050 3530 2110 tempore,

1957 2140 2014 2186 tu
2047 2145 2302 2202 preteges
2343 2147 2462 2194 eos,
2495 2132 2698 2201 inquit,
2736 2134 2790 2185 in
2834 2132 3188 2186 tabernaculo
3235 2133 3533 2202 protectio-

1957 2225 2046 2280 nis
2074 2232 2204 2278 tuae.
2236 2222 2333 2279 Vel
2365 2232 2421 2277 tu
2453 2223 2798 2278 tabernaculi
2832 2227 3006 2280 instar
3028 2239 3125 2279 eos
3159 2234 3429 2296 proteges.

2027 2317 2070 2370 Α
2130 2316 2550 2370 contradictione
2599 2317 2929 2387 linguarum.
2979 2318 3022 2370 Α
3054 2319 3335 2372 communi
3367 2334 3533 2374 sensu

1955 2409 2286 2464 sumendum
2319 2416 2405 2464 est
2458 2409 2686 2464 verbum
2715 2417 2974 2479 proteges.
3007 2412 3052 2463 Α
3089 2411 3532 2466 contradictione

1952 2511 2137 2556 autem
2176 2501 2516 2572 linguarum,
2565 2501 2669 2555 hoc
2723 2510 2833 2568 est,
2892 2517 2921 2557 a
2953 2503 3403 2557 contradictione
3435 2519 3534 2574 po-

1952 2593 2089 2664 puli.
2129 2592 2234 2648 Per
2289 2593 2531 2661 linguam
2578 2591 2726 2646 enim
2775 2593 2924 2662 ipsos
2981 2593 3292 2663 loquentes,
3352 2604 3405 2649 et
3438 2611 3533 2664 per

1954 2687 2481 2750 contradictionem,
2513 2687 2863 2740 subditorum
2898 2682 3331 2740 inobedientiam
3365 2686 3532 2742 intel-

1953 2781 2096 2853 ligit.

2032 2870 2196 2927 Vens.
2212 2871 2304 2926 2‘2.
2329 2871 2642 2926 Benedictus
2662 2870 2946 2936 Dominus,
2967 2871 3214 2940 quoniam
3231 2871 3535 2938 miriﬁcavit

1961 2967 2382 3020 misericordiam
2440 2981 2592 3018 suam
2649 2965 2702 3018 in
2765 2965 2975 3017 ciuitate
3039 2966 3370 3018 munitionis.
3434 2964 3537 3020 Per

265 3059 453 3124 τεῖχος
485 3073 499 3086 ·
561 3056 714 3118 πόλις
759 3055 816 3107 δὲ
873 3056 1162 3127 περιοχῆς,
1223 3057 1256 3126 ὴ
1312 3059 1846 3128 περι-τετειχισμένη.

1964 3059 2348 3124 munitionem,
2385 3072 2483 3113 seu
2533 3063 2616 3126 (ut
2677 3056 2852 3126 magis
2911 3065 3074 3110 sonat
3129 3056 3315 3110 Grieca
3368 3057 3537 3110 dictio

265 3151 441 3220 Φησὶν
475 3150 588 3214 οὖν,
634 3151 717 3200 ὅτι
774 3148 1093 3211 Ἐπαινετὸς
1127 3147 1325 3209 ὀΘεὸς,
1358 3148 1442 3200 ὅτι
1472 3147 1854 3220 θαυμάζεσθαι

267 3243 504 3310 ἐποίησε
551 3241 609 3293 τὸ
654 3239 803 3303 ἔλεος
850 3239 1018 3292 αὐτοῦ
1077 3241 1136 3292 ἐν
1181 3240 1308 3308 ἐμοὶ
1337 3239 1414 3308 τῷ
1445 3243 1854 3312 χρηματίσαντι

165 3374 173 3380 .
274 3334 430 3385 πόλει
463 3333 974 3402 περιτετειχισμένῃ
1001 3349 1015 3363 ·
1047 3331 1204 3402 δίκην
1229 3333 1338 3402 γὰρ
1361 3333 1571 3395 πόλεως
1595 3337 1856 3407 τοιαύτης

267 3427 552 3487 ἀνάλωτος
591 3427 810 3494 ἔσομαι,
845 3423 934 3477 διὰ
959 3425 1058 3494 τῆς
1092 3423 1258 3478 αὑτοῦ
1295 3426 1565 3498 φυλακῆς.

1955 3150 2207 3222 περιοχὴ)
2262 3166 2356 3220 per
2391 3151 2682 3213 ambitum,
2715 3150 2918 3204 moenia
2953 3150 3194 3204 civitatis
3229 3149 3485 3218 intelligit
3516 3167 3534 3217 ;

1954 3245 2102 3300 unde
2131 3244 2410 3298 civitatem
2455 3243 2779 3298 munitionis
2823 3260 2916 3297 seu
2966 3243 3224 3306 ambitus,
3259 3243 3536 3298 civitatem

1957 3339 2196 3410 appellat
2267 3337 2541 3393 manibus
2585 3336 3008 3392 circumdatam.
3061 3334 3413 3398 Laudandus,
3450 3334 3540 3388 in-

1962 3433 2106 3503 quit,
2136 3433 2376 3485 maxime
2414 3428 2562 3485 Deus
2610 3438 2714 3493 est,
2764 3429 2855 3498 qui
2905 3427 3344 3484 misericordiam
3381 3441 3538 3482 suam

271 3521 328 3574 in
386 3536 472 3574 me
520 3529 707 3573 notam
738 3519 1015 3582 onmibus,
1050 3527 1214 3589 atque
1270 3521 1651 3576 admirabilem
1698 3521 1849 3589 fecit,
1892 3528 1967 3582 ita
2006 3534 2066 3580 ut
2098 3525 2297 3579 civitas
2350 3525 2489 3578 bene
2544 3522 2754 3576 munita
2810 3521 3075 3592 appellari
3149 3519 3404 3588 possim;
3471 3536 3540 3576 eo

270 3614 421 3688 quod
458 3623 680 3682 propter
713 3627 984 3666 summam
1031 3611 1084 3666 in
1138 3629 1220 3666 me
1265 3613 1358 3667 Dei
1403 3614 1735 3681 custodiam,
1775 3617 2215 3690 inexpugnabilis
2241 3630 2388 3678 sum,
2443 3616 2614 3670 instar
2666 3613 2908 3667 civitatis
2967 3611 3104 3665 bene
3156 3611 3399 3664 munitae.

363 3709 509 3778 Ἐγὼ
547 3707 614 3760 δὲ
654 3703 794 3760 εἶπα
831 3706 900 3759 ἐν
942 3703 1015 3773 τῇ
1045 3704 1331 3759 ἐκστάσει
1363 3722 1496 3771 μου·
1547 3707 1855 3777 Ἀπέρῤιμο

265 3821 382 3876 μαι
409 3803 527 3856 ἀπὸ
556 3798 882 3869 προσώπου
917 3797 1036 3850 τῶν
1075 3795 1408 3866 ὀφθαλμῶν·
1436 3812 1574 3851 σου.
1617 3800 1859 3852 Ἔκστα-

270 3914 390 3962 σιν,
414 3894 488 3956 ὡς
516 3895 860 3962 προέφημεν,
887 3891 1036 3959 λέγει
1071 3890 1171 3958 τὴν
1205 3888 1482 3958 ἐκτροπὴν
1513 3889 1614 3956 τῆς
1642 3889 1862 3950 εὐθείας

271 3989 404 4043 ὁδοῦ
427 3988 535 4040 τῶν
576 3987 736 4040 θείων
761 3984 1013 4038 ἐντολῶν·
1050 3983 1204 4047 Ὅτε,
1236 3982 1425 4049 φησιν,
1462 3979 1862 4048 ἐπλημμέλησα

269 4080 382 4148 τὴν
415 4076 658 4146 μοιχείαν
713 4077 810 4129 καὶ
849 4077 942 4128 τὸν
997 4073 1180 4142 φόνον,
1234 4068 1640 4140 μεταμεληθεὶς
1686 4065 1860 4132 εἷπον,

271 4173 366 4225 ὅτι
399 4169 506 4224 Τοῦ
531 4169 719 4223 λοιποῦ
755 4168 1115 4240 ἀπέρῤιμμαι
1148 4165 1258 4219 ἀπὸ
1281 4163 1381 4235 τῆς
1411 4163 1714 4233 ἐπισκοπῆς
1744 4179 1860 4216 σου.

358 4447 464 4500 Διά
489 4429 662 4500 τοῦτο
687 4442 1060 4511 εἰσήκουσας
1092 4441 1206 4510 τὴν
1230 4437 1440 4510 φωνὴν
1466 4437 1575 4506 τῆς
1605 4435 1868 4506 δεήσεως

2030 3708 2199 3762 Vens.
2220 3708 2309 3761 23.
2338 3706 2448 3772 Ego
2479 3715 2654 3757 autem
2694 3705 2807 3756 dixi
2853 3706 2904 3754 in
2932 3703 3137 3755 exstasi
3180 3717 3294 3756 mea
3314 3717 3332 3754 :
3363 3700 3544 3768 Proje-

1964 3811 2080 3852 ctus
2111 3814 2228 3850 sunt
2256 3813 2286 3848 α
2312 3796 2451 3862 facie
2501 3795 2775 3847 oculorum
2807 3805 3035 3846 tuorum.
3061 3791 3163 3844 Per
3183 3791 3464 3852 cxstasim,
3487 3799 3548 3845 ut

1961 3889 2221 3958 superius
2263 3885 2526 3951 diximus,
2561 3885 3056 3953 transgressionem
3094 3895 3260 3951 atque
3298 3881 3546 3936 aversio-

1964 3996 2090 4036 nem
2121 3978 2414 4048 intelligit,
2445 3991 2475 4030 a
2512 3986 2663 4032 recta
2711 3976 2796 4029 via
2843 3975 3229 4032 mandatorum
3291 3971 3409 4025 Dei.
3449 3975 3545 4036 Eo,

1966 4071 2173 4142 inquit,
2209 4084 2480 4139 tempore,
2509 4083 2620 4139 quo
2650 4067 2858 4138 deliqui
2891 4103 2908 4129 ,
2937 4067 3272 4123 adulterium
3318 4070 3450 4125 illud
3495 4079 3550 4126 ct

1969 4167 2170 4220 czedem
2230 4163 2605 4225 committens,
2665 4176 2728 4216 ac
2789 4160 2988 4214 deinde
3041 4162 3106 4215 ad
3163 4165 3546 4230 pmnitcntiam

1968 4273 2268 4314 conversus
2306 4271 2451 4321 sum,
2477 4255 2594 4310 disi
2625 4269 2711 4308 me
2733 4255 2998 4323 deinceps
3026 4254 3333 4322 projectum
3361 4271 3486 4311 esse
3519 4272 3549 4310 a

1973 4350 2283 4422 prazsentia,
2329 4354 2382 4402 et
2413 4357 2717 4416 conspectu
2751 4347 3113 4416 protectionis
3135 4358 3261 4400 tuae.

2047 4446 2338 4513 Propterea
2409 4443 2678 4496 exaudis-ti
2735 4458 2912 4496 vocent
2975 4440 3362 4511 deprecationis
3425 4454 3553 4492 mea:

284 4559 422 4609 μου,
473 4541 544 4592 ἐν
594 4537 675 4601 τῷ
719 4540 1076 4606 κεκραγέναι
1121 4552 1194 4603 με
1232 4534 1383 4602 πρὸς
1410 4532 1502 4585 σέ.
1539 4530 1638 4583 Διὰ
1669 4531 1725 4582 δὲ
1769 4531 1854 4598 τὴς.

1972 4537 2097 4588 dum
2122 4541 2410 4587 clamarem
2437 4536 2506 4586 ad
2544 4545 2610 4587 te.
2645 4533 2726 4588 0b
2766 4533 3149 4604 paenitentiam
3183 4541 3237 4587 et
3261 4533 3554 4588 contritio-

299 4631 664 4703 μεταμέλειαν
712 4631 806 4684 καὶ
857 4630 958 4699 τὴν
1011 4626 1306 4697 συντριὸήν
1360 4641 1482 4694 μου,
1541 4621 1870 4690 είσήκουσάς

294 4743 420 4794 μου,
481 4724 780 4795 βοήσαντος
831 4722 968 4793 πρὸς
1024 4721 1106 4776 σέ.
1167 4719 1483 4787 Πέπεισμαι
1529 4717 1636 4784 γὰρ
1689 4714 1868 4779 τοῦτο,

283 4816 388 4870 καὶ
410 4815 670 4884 παρέξεις
702 4814 976 4884 βοήθειαν.

376 4911 758 4978 Ἀγαπήσατε
797 4908 904 4961 τὸν
934 4905 1178 4972 Κύριον,
1215 4901 1440 4966 πάντες
1477 4901 1531 4953 οἱ
1577 4898 1732 4952 ὅσιοι
1764 4899 1872 4950 αὺ-

278 4998 425 5056 τοῦ.
476 4999 566 5064 Ἐξ
599 4993 673 5052 ὧν
720 4999 881 5060 αὐτὸς
931 4997 1008 5066 (7)
1058 4995 1303 5067 ᾐσθὰνθη
1353 4995 1452 5062 τῆς
1488 4991 1638 5052 θείας
1677 4991 1868 5059 ῥοπῆς,

280 5094 669 5162 προτρέπεται
698 5093 826 5155 τοὺς
859 5090 1063 5152 ὁσίους,
1096 5089 1216 5160 ἢτοι
1255 5086 1383 5146 τοὺς
1412 5083 1702 5153 ἐναρέτους
1730 5082 1869 5148 αγα-

280 5187 408 5255 πᾷν
449 5185 539 5237 τὸν
577 5186 802 5255 Κύριον,
843 5184 918 5253 μὴ
948 5181 1157 5244 ἁπλῶς,
1189 5178 1305 5232 ἀλλ’
1336 5177 1396 5241 ἐξ
1427 5178 1558 5246 ὅλης
1595 5174 1821 5244 καρδίας
1855 5190 1869 5202 ·

279 5278 458 5333 τοῦτο
490 5277 597 5348 γὰρ
621 5278 709 5331 διὰ
743 5277 857 5329 τῶν
895 5276 1019 5346 ἑξῆς
1054 5273 1346 5342 ἐδήλωσεν,
1380 5269 1552 5322 statim
1577 5281 1591 5296 '

375 5371 505 5423 Ὅτι
550 5371 838 5437 ἀληθείας
891 5368 1124 5438 ἑκζητεῒ
1182 5367 1418 5434 Κύριος.
1481 5363 1593 5426 Τὰς
1653 5360 1874 5430 ἀληθεῖς

287 5462 438 5533 πρδς
474 5463 638 5516 αὑτὸν
663 5464 902 5530 ἀγάπας.

1972 4643 2096 4682 nem
2124 4642 2298 4680 meam
2331 4625 2604 4680 exaudisti
2645 4640 2730 4680 me
2769 4625 3101 4679 clamantem
3150 4624 3214 4677 ad
3257 4633 3329 4678 te.
3369 4623 3554 4678 Conti-

1971 4721 2167 4775 debam
2217 4719 2400 4784 enim,
2466 4719 2613 4788 quod
2670 4717 2941 4771 auxilium
3002 4718 3137 4771 mihi
3198 4733 3352 4774 esses
3411 4733 3554 4787 prte-

1973 4821 2241 4867 staturus.

2046 4902 2214 4959 Vens.
2246 4903 2338 4956 24.
2374 4902 2590 4972 Diligite
2631 4901 2938 4964 Dominum,
2990 4917 3167 4954 omnes
3198 4901 3372 4954 sancti
3419 4901 3553 4970 ejus.

1979 4995 2233 5048 Divinum
2270 4992 2542 5062 propheta
2576 4991 2824 5045 sentiens
2851 4990 3137 5054 auxilium,
3168 5001 3390 5044 sanctos
3420 4994 3556 5046 alios

1978 5098 2032 5142 et
2078 5088 2284 5140 virtute
2327 5085 2584 5155 praeditos
2615 5083 2960 5149 exhortatur,
2998 5092 3057 5137 ut
3083 5084 3315 5153 diligant
3372 5081 3556 5135 Domi¢

1979 5194 2108 5233 num
2136 5217 2152 5241 ,
2207 5191 2387 5246 neque
2436 5175 2541 5230 hoc
2574 5175 2925 5245 simpliciter,
2972 5177 3066 5230 sed
3101 5191 3166 5229 ex
3205 5184 3320 5229 toto
3369 5173 3554 5227 corde.

1978 5264 2130 5329 Quod
2165 5279 2228 5318 ex
2265 5264 2630 5333 sequentibus
2659 5265 3013 5333 signiﬁcavit,
3047 5263 3275 5318 dicens:

2053 5356 2316 5420 Quoniam
2346 5357 2595 5412 veritates
2633 5358 2860 5428 exquirit
2888 5357 3167 5410 Dominus.
3199 5351 3370 5406 Veras
3411 5348 3556 5404 scili-

1983 5457 2071 5504 cet
2102 5450 2424 5509 dilectiones
2452 5462 2614 5524 atque
2641 5467 2708 5509 ex
2739 5450 2926 5507 corde.

1631 5627 1832 5689 Varia)
1870 5626 2201 5688 lectiones.

373 5744 390 5807 (
399 5743 452 5814 7)
484 5743 573 5798 ισ.
617 5741 927 5815 ᾘσθάνετο.
