  <div class='ocr_page' id='page_1' title='image "/cluster/home/n/w/nwhite01/storage/ocr_20150623/128/hvd.32044073502403/185.png"; bbox 0 0 4054 6210; ppageno 0'>
   <div class='ocr_carea' id='block_1_1' title="bbox 599 270 704 335">
    <p class='ocr_par' dir='ltr' id='par_1_1' title="bbox 599 270 704 335">
     <span class='ocr_line' id='line_1_1' title="bbox 599 270 704 335; baseline -0.01 0"><span class='ocrx_word' id='word_1_1' title='bbox 599 270 704 335; x_wconf 77' lang='grc'><strong>359</strong></span> 
     </span>
    </p>
   </div>
   <div class='ocr_carea' id='block_1_2' title="bbox 1754 266 2577 328">
    <p class='ocr_par' dir='ltr' id='par_1_2' title="bbox 1754 266 2577 328">
     <span class='ocr_line' id='line_1_2' title="bbox 1754 266 2577 328; baseline 0 -2"><span class='ocrx_word' id='word_1_2' title='bbox 1754 266 2151 328; x_wconf 78' lang='lat' dir='ltr'><strong>EUTHYMII</strong></span> <span class='ocrx_word' id='word_1_3' title='bbox 2208 268 2577 328; x_wconf 74' lang='lat' dir='ltr'><strong>ZIGABENI</strong></span> 
     </span>
    </p>
   </div>
   <div class='ocr_carea' id='block_1_3' title="bbox 3746 268 3851 333">
    <p class='ocr_par' dir='ltr' id='par_1_3' title="bbox 3746 268 3851 333">
     <span class='ocr_line' id='line_1_3' title="bbox 3746 268 3851 333; baseline 0 -47"><span class='ocrx_word' id='word_1_4' title='bbox 3746 268 3851 333; x_wconf 62' lang='lat' dir='ltr'><strong>3m</strong></span> 
     </span>
    </p>
   </div>
   <div class='ocr_carea' id='block_1_4' title="bbox 669 376 2159 449">
    <p class='ocr_par' dir='ltr' id='par_1_4' title="bbox 669 376 2152 449">
     <span class='ocr_line' id='line_1_4' title="bbox 669 376 2152 449; baseline -0.001 -16"><span class='ocrx_word' id='word_1_5' title='bbox 669 377 739 433; x_wconf 82' lang='lat' dir='ltr'><strong>Et</strong></span> <span class='ocrx_word' id='word_1_6' title='bbox 770 379 1013 434; x_wconf 85' lang='lat' dir='ltr'><strong>retribuit</strong></span> <span class='ocrx_word' id='word_1_7' title='bbox 1042 379 1107 433; x_wconf 81' lang='lat' dir='ltr'><strong>iis</strong></span> <span class='ocrx_word' id='word_1_8' title='bbox 1151 378 1241 449; x_wconf 79' lang='lat' dir='ltr'><strong>qui</strong></span> <span class='ocrx_word' id='word_1_9' title='bbox 1262 376 1594 433; x_wconf 76' lang='lat' dir='ltr'><strong>abundanter</strong></span> <span class='ocrx_word' id='word_1_10' title='bbox 1625 377 1833 446; x_wconf 74' lang='lat' dir='ltr'><strong>faciunt</strong></span> <span class='ocrx_word' id='word_1_11' title='bbox 1851 379 2152 447; x_wconf 84' lang='lat' dir='ltr'><strong>superbiam</strong></span> 
     </span>
    </p>
   </div>
   <div class='ocr_carea' id='block_1_5' title="bbox 2262 376 3854 449">
    <p class='ocr_par' dir='ltr' id='par_1_5' title="bbox 2354 376 3854 446">
     <span class='ocr_line' id='line_1_5' title="bbox 2354 376 3854 446; baseline 0.001 -14"><span class='ocrx_word' id='word_1_12' title='bbox 2354 379 2461 432; x_wconf 81' lang='lat' dir='ltr'><strong>Kal</strong></span> <span class='ocrx_word' id='word_1_13' title='bbox 2525 376 2972 433; x_wconf 77' lang='grc' dir='ltr'><strong>ἀνταποδίδωσι</strong></span> <span class='ocrx_word' id='word_1_14' title='bbox 3036 379 3160 444; x_wconf 81' lang='grc' dir='ltr'>τοῖς</span> <span class='ocrx_word' id='word_1_15' title='bbox 3233 377 3537 446; x_wconf 78' lang='grc' dir='ltr'><strong>περισσῶς</strong></span> <span class='ocrx_word' id='word_1_16' title='bbox 3609 377 3854 434; x_wconf 82' lang='grc' dir='ltr'>ποιοῦσι</span> 
     </span>
    </p>
   </div>
   <div class='ocr_carea' id='block_1_6' title="bbox 599 471 2174 542">
    <p class='ocr_par' dir='ltr' id='par_1_6' title="bbox 599 471 2174 542">
     <span class='ocr_line' id='line_1_6' title="bbox 599 471 2174 542; baseline 0.001 -18"><span class='ocrx_word' id='word_1_17' title='bbox 599 471 732 538; x_wconf 84' lang='lat' dir='ltr'><strong>lloc,</strong></span> <span class='ocrx_word' id='word_1_18' title='bbox 760 481 818 527; x_wconf 82' lang='lat' dir='ltr'><strong>ut</strong></span> <span class='ocrx_word' id='word_1_19' title='bbox 844 471 1216 541; x_wconf 59' lang='lat' dir='ltr'><strong>pradiximus,</strong></span> <span class='ocrx_word' id='word_1_20' title='bbox 1245 481 1465 542; x_wconf 91' lang='lat' dir='ltr'><strong>propter</strong></span> <span class='ocrx_word' id='word_1_21' title='bbox 1502 471 1916 540; x_wconf 77' lang='lat' dir='ltr'><strong>Acbitnplielem</strong></span> <span class='ocrx_word' id='word_1_22' title='bbox 1966 473 2174 527; x_wconf 90' lang='lat' dir='ltr'><strong>dictum</strong></span> 
     </span>
    </p>
   </div>
   <div class='ocr_carea' id='block_1_7' title="bbox 596 562 2172 633">
    <p class='ocr_par' dir='ltr' id='par_1_7' title="bbox 596 562 2172 633">
     <span class='ocr_line' id='line_1_7' title="bbox 596 562 2172 633; baseline -0.001 -16"><span class='ocrx_word' id='word_1_23' title='bbox 596 575 701 619; x_wconf 88' lang='lat' dir='ltr'><strong>cst.</strong></span> <span class='ocrx_word' id='word_1_24' title='bbox 728 562 864 616; x_wconf 90' lang='lat' dir='ltr'><strong>Cum</strong></span> <span class='ocrx_word' id='word_1_25' title='bbox 902 562 969 617; x_wconf 90' lang='lat' dir='ltr'><strong>iis</strong></span> <span class='ocrx_word' id='word_1_26' title='bbox 1027 563 1192 632; x_wconf 66' lang='lat' dir='ltr'><strong>igitur</strong></span> <span class='ocrx_word' id='word_1_27' title='bbox 1241 565 1334 633; x_wconf 88' lang='lat' dir='ltr'><strong>qui</strong></span> <span class='ocrx_word' id='word_1_28' title='bbox 1385 564 1709 633; x_wconf 76' lang='lat' dir='ltr'><strong>simpliciter</strong></span> <span class='ocrx_word' id='word_1_29' title='bbox 1760 563 1986 633; x_wconf 78' lang='lat' dir='ltr'><strong>superbi</strong></span> <span class='ocrx_word' id='word_1_30' title='bbox 2023 573 2172 629; x_wconf 88' lang='lat' dir='ltr'><strong>sunt,</strong></span> 
     </span>
    </p>
   </div>
   <div class='ocr_carea' id='block_1_8' title="bbox 601 650 2174 723">
    <p class='ocr_par' dir='ltr' id='par_1_8' title="bbox 601 650 2174 723">
     <span class='ocr_line' id='line_1_8' title="bbox 601 650 2174 723; baseline 0.001 -18"><span class='ocrx_word' id='word_1_31' title='bbox 601 650 865 706; x_wconf 78' lang='lat' dir='ltr'><strong>Dominus</strong></span> <span class='ocrx_word' id='word_1_32' title='bbox 916 652 1248 721; x_wconf 81' lang='lat' dir='ltr'><strong>longanimis</strong></span> <span class='ocrx_word' id='word_1_33' title='bbox 1272 661 1355 706; x_wconf 88' lang='lat' dir='ltr'><strong>est</strong></span> <span class='ocrx_word' id='word_1_34' title='bbox 1389 668 1403 704; x_wconf 91' lang='lat'>:</span> <span class='ocrx_word' id='word_1_35' title='bbox 1435 667 1557 706; x_wconf 89' lang='lat' dir='ltr'><strong>cum</strong></span> <span class='ocrx_word' id='word_1_36' title='bbox 1589 652 1658 706; x_wconf 85' lang='lat' dir='ltr'><strong>iis</strong></span> <span class='ocrx_word' id='word_1_37' title='bbox 1707 667 1837 707; x_wconf 81' lang='lat' dir='ltr'><strong>vero</strong></span> <span class='ocrx_word' id='word_1_38' title='bbox 1880 654 1974 723; x_wconf 91' lang='lat' dir='ltr'><strong>qui</strong></span> <span class='ocrx_word' id='word_1_39' title='bbox 2018 654 2174 707; x_wconf 91' lang='lat' dir='ltr'><strong>nimii</strong></span> 
     </span>
    </p>
   </div>
   <div class='ocr_carea' id='block_1_9' title="bbox 597 740 2178 814">
    <p class='ocr_par' dir='ltr' id='par_1_9' title="bbox 597 740 2178 814">
     <span class='ocr_line' id='line_1_9' title="bbox 597 740 2178 814; baseline 0.002 -18"><span class='ocrx_word' id='word_1_40' title='bbox 597 752 725 796; x_wconf 85' lang='lat' dir='ltr'><strong>sunt</strong></span> <span class='ocrx_word' id='word_1_41' title='bbox 781 742 836 795; x_wconf 92' lang='lat' dir='ltr'><strong>in</strong></span> <span class='ocrx_word' id='word_1_42' title='bbox 894 757 959 797; x_wconf 86' lang='lat' dir='ltr'><strong>eo</strong></span> <span class='ocrx_word' id='word_1_43' title='bbox 1015 743 1172 808; x_wconf 81' lang='lat' dir='ltr'><strong>vitio,</strong></span> <span class='ocrx_word' id='word_1_44' title='bbox 1236 742 1507 813; x_wconf 78' lang='lat' dir='ltr'><strong>condigna</strong></span> <span class='ocrx_word' id='word_1_45' title='bbox 1570 740 1695 813; x_wconf 81' lang='lat' dir='ltr'><strong>[nec</strong></span> <span class='ocrx_word' id='word_1_46' title='bbox 1755 742 1907 814; x_wconf 84' lang='lat' dir='ltr'><strong>sero]</strong></span> <span class='ocrx_word' id='word_1_47' title='bbox 1959 744 2178 799; x_wconf 85' lang='lat' dir='ltr'><strong>delictis</strong></span> 
     </span>
    </p>
   </div>
   <div class='ocr_carea' id='block_1_10' title="bbox 597 834 1181 905">
    <p class='ocr_par' dir='ltr' id='par_1_10' title="bbox 597 834 1181 905">
     <span class='ocr_line' id='line_1_10' title="bbox 597 834 1181 905; baseline 0.002 -17"><span class='ocrx_word' id='word_1_48' title='bbox 597 834 854 889; x_wconf 78' lang='lat' dir='ltr'><strong>retribuit</strong></span> <span class='ocrx_word' id='word_1_49' title='bbox 887 837 1181 905; x_wconf 84' lang='lat' dir='ltr'><strong>supplicia.</strong></span> 
     </span>
    </p>
   </div>
   <div class='ocr_carea' id='block_1_11' title="bbox 666 923 2175 997">
    <p class='ocr_par' dir='ltr' id='par_1_11' title="bbox 666 923 2175 997">
     <span class='ocr_line' id='line_1_11' title="bbox 666 923 2175 997; baseline 0.003 -20"><span class='ocrx_word' id='word_1_50' title='bbox 666 923 837 980; x_wconf 76' lang='lat' dir='ltr'><strong>Vsus.</strong></span> <span class='ocrx_word' id='word_1_51' title='bbox 894 926 987 979; x_wconf 69' lang='lat'><strong>25.</strong></span> <span class='ocrx_word' id='word_1_52' title='bbox 1060 926 1295 980; x_wconf 79' lang='lat' dir='ltr'><strong>Viriliter</strong></span> <span class='ocrx_word' id='word_1_53' title='bbox 1365 927 1531 997; x_wconf 83' lang='lat' dir='ltr'><strong>agite,</strong></span> <span class='ocrx_word' id='word_1_54' title='bbox 1592 937 1643 982; x_wconf 85' lang='lat' dir='ltr'><strong>et</strong></span> <span class='ocrx_word' id='word_1_55' title='bbox 1709 928 2025 997; x_wconf 70' lang='lat' dir='ltr'><strong>[orti/iretur</strong></span> <span class='ocrx_word' id='word_1_56' title='bbox 2085 944 2175 981; x_wconf 81' lang='lat' dir='ltr'><strong>cor</strong></span> 
     </span>
    </p>
   </div>
   <div class='ocr_carea' id='block_1_12' title="bbox 592 1019 2174 1091">
    <p class='ocr_par' dir='ltr' id='par_1_12' title="bbox 592 1019 2174 1091">
     <span class='ocr_line' id='line_1_12' title="bbox 592 1019 2174 1091; baseline 0.004 -23"><span class='ocrx_word' id='word_1_57' title='bbox 592 1028 849 1084; x_wconf 76' lang='lat' dir='ltr'><strong>uestrum,</strong></span> <span class='ocrx_word' id='word_1_58' title='bbox 875 1034 1050 1071; x_wconf 86' lang='lat' dir='ltr'><strong>omnes</strong></span> <span class='ocrx_word' id='word_1_59' title='bbox 1093 1019 1186 1089; x_wconf 82' lang='lat' dir='ltr'><strong>qui</strong></span> <span class='ocrx_word' id='word_1_60' title='bbox 1216 1021 1444 1087; x_wconf 74' lang='lat' dir='ltr'><strong>speratis</strong></span> <span class='ocrx_word' id='word_1_61' title='bbox 1491 1022 1546 1073; x_wconf 84' lang='lat' dir='ltr'><strong>in</strong></span> <span class='ocrx_word' id='word_1_62' title='bbox 1590 1021 1837 1075; x_wconf 87' lang='lat' dir='ltr'><strong>Domino.</strong></span> <span class='ocrx_word' id='word_1_63' title='bbox 1872 1022 2174 1091; x_wconf 83' lang='lat' dir='ltr'><strong>Adjuvabit</strong></span> 
     </span>
    </p>
   </div>
   <div class='ocr_carea' id='block_1_13' title="bbox 592 1109 2162 1183">
    <p class='ocr_par' dir='ltr' id='par_1_13' title="bbox 592 1109 2162 1183">
     <span class='ocr_line' id='line_1_13' title="bbox 592 1109 2162 1183; baseline 0.003 -22"><span class='ocrx_word' id='word_1_64' title='bbox 592 1110 787 1176; x_wconf 86' lang='lat' dir='ltr'><strong>procul</strong></span> <span class='ocrx_word' id='word_1_65' title='bbox 818 1109 987 1164; x_wconf 90' lang='lat' dir='ltr'><strong>dubio</strong></span> <span class='ocrx_word' id='word_1_66' title='bbox 1020 1111 1288 1166; x_wconf 90' lang='lat' dir='ltr'><strong>Dominus</strong></span> <span class='ocrx_word' id='word_1_67' title='bbox 1320 1128 1438 1178; x_wconf 85' lang='lat' dir='ltr'><strong>vos,</strong></span> <span class='ocrx_word' id='word_1_68' title='bbox 1463 1125 1519 1170; x_wconf 91' lang='lat' dir='ltr'><strong>et</strong></span> <span class='ocrx_word' id='word_1_69' title='bbox 1548 1129 1657 1168; x_wconf 89' lang='lat' dir='ltr'><strong>non</strong></span> <span class='ocrx_word' id='word_1_70' title='bbox 1689 1113 1981 1183; x_wconf 85' lang='lat' dir='ltr'><strong>despiciet.</strong></span> <span class='ocrx_word' id='word_1_71' title='bbox 2026 1113 2162 1168; x_wconf 77' lang='lat' dir='ltr'><strong>Nam</strong></span> 
     </span>
    </p>
   </div>
   <div class='ocr_carea' id='block_1_14' title="bbox 591 1198 2173 1269">
    <p class='ocr_par' dir='ltr' id='par_1_14' title="bbox 591 1198 2173 1269">
     <span class='ocr_line' id='line_1_14' title="bbox 591 1198 2173 1269; baseline 0.005 -20"><span class='ocrx_word' id='word_1_72' title='bbox 591 1198 684 1266; x_wconf 90' lang='lat' dir='ltr'><strong>qui</strong></span> <span class='ocrx_word' id='word_1_73' title='bbox 738 1199 793 1252; x_wconf 92' lang='lat' dir='ltr'><strong>in</strong></span> <span class='ocrx_word' id='word_1_74' title='bbox 830 1199 986 1253; x_wconf 91' lang='lat' dir='ltr'><strong>illum</strong></span> <span class='ocrx_word' id='word_1_75' title='bbox 1045 1202 1353 1269; x_wconf 85' lang='lat' dir='ltr'><strong>conﬁdunt,</strong></span> <span class='ocrx_word' id='word_1_76' title='bbox 1388 1218 1498 1258; x_wconf 89' lang='lat' dir='ltr'><strong>non</strong></span> <span class='ocrx_word' id='word_1_77' title='bbox 1531 1204 1975 1257; x_wconf 77' lang='lat' dir='ltr'><strong>confunduntur.</strong></span> <span class='ocrx_word' id='word_1_78' title='bbox 2025 1204 2173 1257; x_wconf 85' lang='lat' dir='ltr'><strong>Con-</strong></span> 
     </span>
    </p>
   </div>
   <div class='ocr_carea' id='block_1_15' title="bbox 588 1292 2170 1362">
    <p class='ocr_par' dir='ltr' id='par_1_15' title="bbox 588 1292 2170 1362">
     <span class='ocr_line' id='line_1_15' title="bbox 588 1292 2170 1362; baseline 0.002 -18"><span class='ocrx_word' id='word_1_79' title='bbox 588 1303 728 1344; x_wconf 86' lang='lat' dir='ltr'><strong>soua</strong></span> <span class='ocrx_word' id='word_1_80' title='bbox 757 1299 942 1345; x_wconf 87' lang='lat' dir='ltr'><strong>autem</strong></span> <span class='ocrx_word' id='word_1_81' title='bbox 992 1292 1110 1346; x_wconf 64' lang='lat' dir='ltr'><strong>haec</strong></span> <span class='ocrx_word' id='word_1_82' title='bbox 1160 1301 1294 1348; x_wconf 86' lang='lat' dir='ltr'><strong>sunt</strong></span> <span class='ocrx_word' id='word_1_83' title='bbox 1355 1293 1427 1350; x_wconf 90' lang='lat' dir='ltr'><strong>iis</strong></span> <span class='ocrx_word' id='word_1_84' title='bbox 1475 1308 1598 1362; x_wconf 66' lang='lat' dir='ltr'><strong>quae</strong></span> <span class='ocrx_word' id='word_1_85' title='bbox 1648 1292 1925 1348; x_wconf 82' lang='lat' dir='ltr'><strong>habemur</strong></span> <span class='ocrx_word' id='word_1_86' title='bbox 1977 1294 2035 1349; x_wconf 87' lang='lat' dir='ltr'><strong>in</strong></span> <span class='ocrx_word' id='word_1_87' title='bbox 2064 1293 2170 1348; x_wconf 82' lang='lat' dir='ltr'><strong>line</strong></span> 
     </span>
    </p>
   </div>
   <div class='ocr_carea' id='block_1_16' title="bbox 588 1380 982 1438">
    <p class='ocr_par' dir='ltr' id='par_1_16' title="bbox 588 1380 982 1438">
     <span class='ocr_line' id='line_1_16' title="bbox 588 1380 982 1438; baseline 0.008 -4"><span class='ocrx_word' id='word_1_88' title='bbox 588 1380 794 1438; x_wconf 81' lang='lat' dir='ltr'><strong>Psalmi</strong></span> <span class='ocrx_word' id='word_1_89' title='bbox 832 1396 982 1437; x_wconf 77' lang='lat' dir='ltr'><strong>xxvt.</strong></span> 
     </span>
    </p>
   </div>
   <div class='ocr_carea' id='block_1_17' title="bbox 877 1476 1885 1547">
    <p class='ocr_par' dir='ltr' id='par_1_17' title="bbox 877 1476 1885 1547">
     <span class='ocr_line' id='line_1_17' title="bbox 877 1476 1885 1547; baseline 0 -16"><span class='ocrx_word' id='word_1_90' title='bbox 877 1477 1128 1532; x_wconf 87' lang='lat' dir='ltr'><strong>Psalmus</strong></span> <span class='ocrx_word' id='word_1_91' title='bbox 1170 1479 1273 1545; x_wconf 86' lang='lat' dir='ltr'><strong>ipsi</strong></span> <span class='ocrx_word' id='word_1_92' title='bbox 1297 1476 1471 1532; x_wconf 82' lang='lat' dir='ltr'><strong>Dauid</strong></span> <span class='ocrx_word' id='word_1_93' title='bbox 1505 1477 1885 1547; x_wconf 67' lang='lat' dir='ltr'><strong>intelligentiae.</strong></span> 
     </span>
    </p>
   </div>
   <div class='ocr_carea' id='block_1_18' title="bbox 1096 1570 1660 1627">
    <p class='ocr_par' dir='ltr' id='par_1_18' title="bbox 1096 1570 1660 1627">
     <span class='ocr_line' id='line_1_18' title="bbox 1096 1570 1660 1627; baseline -0.004 -1"><span class='ocrx_word' id='word_1_94' title='bbox 1096 1570 1417 1627; x_wconf 73' lang='lat' dir='ltr'><strong>PSALMUS</strong></span> <span class='ocrx_word' id='word_1_95' title='bbox 1466 1570 1660 1625; x_wconf 76' lang='lat' dir='ltr'><strong>XXXI.</strong></span> 
     </span>
    </p>
   </div>
   <div class='ocr_carea' id='block_1_19' title="bbox 659 1661 2168 1733">
    <p class='ocr_par' dir='ltr' id='par_1_19' title="bbox 659 1661 2168 1733">
     <span class='ocr_line' id='line_1_19' title="bbox 659 1661 2168 1733; baseline 0.001 -17"><span class='ocrx_word' id='word_1_96' title='bbox 659 1661 1027 1731; x_wconf 72' lang='lat' dir='ltr'><strong>Intelligentiw</strong></span> <span class='ocrx_word' id='word_1_97' title='bbox 1088 1663 1431 1728; x_wconf 83' lang='lat' dir='ltr'><strong>inscribitur,</strong></span> <span class='ocrx_word' id='word_1_98' title='bbox 1481 1663 1587 1729; x_wconf 86' lang='lat' dir='ltr'><strong>vel,</strong></span> <span class='ocrx_word' id='word_1_99' title='bbox 1638 1664 1763 1733; x_wconf 85' lang='lat' dir='ltr'><strong>quia</strong></span> <span class='ocrx_word' id='word_1_100' title='bbox 1821 1662 1992 1717; x_wconf 88' lang='lat' dir='ltr'><strong>multa</strong></span> <span class='ocrx_word' id='word_1_101' title='bbox 2047 1669 2168 1717; x_wconf 79' lang='lat' dir='ltr'><strong>erat</strong></span> 
     </span>
    </p>
   </div>
   <div class='ocr_carea' id='block_1_20' title="bbox 591 1722 2239 1827">
    <p class='ocr_par' dir='ltr' id='par_1_20' title="bbox 591 1722 2239 1827">
     <span class='ocr_line' id='line_1_20' title="bbox 591 1722 2239 1827; baseline -0.001 -19"><span class='ocrx_word' id='word_1_102' title='bbox 591 1722 862 1825; x_wconf 67' lang='lat' dir='ltr'><strong>Propheta</strong></span> <span class='ocrx_word' id='word_1_103' title='bbox 897 1756 1090 1823; x_wconf 87' lang='lat' dir='ltr'><strong>plenus</strong></span> <span class='ocrx_word' id='word_1_104' title='bbox 1137 1722 1520 1827; x_wconf 69' lang='lat' dir='ltr'><strong>intelligentia,</strong></span> <span class='ocrx_word' id='word_1_105' title='bbox 1570 1722 1790 1825; x_wconf 74' lang='lat' dir='ltr'><strong>quando</strong></span> <span class='ocrx_word' id='word_1_106' title='bbox 1828 1754 1975 1810; x_wconf 85' lang='lat' dir='ltr'><strong>hunc</strong></span> <span class='ocrx_word' id='word_1_107' title='bbox 2022 1753 2170 1824; x_wconf 86' lang='lat' dir='ltr'><strong>psal-</strong></span> <span class='ocrx_word' id='word_1_108' title='bbox 2198 1722 2239 1777; x_wconf 70' lang='grc' dir='ltr'><strong>Β</strong></span> 
     </span>
    </p>
   </div>
   <div class='ocr_carea' id='block_1_21' title="bbox 592 1846 2170 1917">
    <p class='ocr_par' dir='ltr' id='par_1_21' title="bbox 592 1846 2170 1917">
     <span class='ocr_line' id='line_1_21' title="bbox 592 1846 2170 1917; baseline 0.004 -19"><span class='ocrx_word' id='word_1_109' title='bbox 592 1861 739 1898; x_wconf 89' lang='lat' dir='ltr'><strong>mum</strong></span> <span class='ocrx_word' id='word_1_110' title='bbox 800 1846 1159 1915; x_wconf 85' lang='lat' dir='ltr'><strong>composuit;</strong></span> <span class='ocrx_word' id='word_1_111' title='bbox 1220 1848 1329 1910; x_wconf 86' lang='lat' dir='ltr'><strong>vel,</strong></span> <span class='ocrx_word' id='word_1_112' title='bbox 1388 1849 1516 1917; x_wconf 90' lang='lat' dir='ltr'><strong>quia</strong></span> <span class='ocrx_word' id='word_1_113' title='bbox 1574 1849 1643 1901; x_wconf 86' lang='lat' dir='ltr'><strong>ob</strong></span> <span class='ocrx_word' id='word_1_114' title='bbox 1705 1846 2170 1916; x_wconf 84' lang='lat' dir='ltr'><strong>prolundissimos</strong></span> 
     </span>
    </p>
   </div>
   <div class='ocr_carea' id='block_1_22' title="bbox 588 1937 2170 2009">
    <p class='ocr_par' dir='ltr' id='par_1_22' title="bbox 588 1937 2170 2009">
     <span class='ocr_line' id='line_1_22' title="bbox 588 1937 2170 2009; baseline 0.001 -16"><span class='ocrx_word' id='word_1_115' title='bbox 588 1937 786 2006; x_wconf 81' lang='lat' dir='ltr'><strong>psalmi</strong></span> <span class='ocrx_word' id='word_1_116' title='bbox 812 1952 1030 2003; x_wconf 84' lang='lat' dir='ltr'><strong>sensus,</strong></span> <span class='ocrx_word' id='word_1_117' title='bbox 1060 1938 1251 1992; x_wconf 88' lang='lat' dir='ltr'><strong>lectori</strong></span> <span class='ocrx_word' id='word_1_118' title='bbox 1282 1939 1450 1992; x_wconf 79' lang='lat' dir='ltr'><strong>multa</strong></span> <span class='ocrx_word' id='word_1_119' title='bbox 1480 1954 1621 2008; x_wconf 89' lang='lat' dir='ltr'><strong>opus</strong></span> <span class='ocrx_word' id='word_1_120' title='bbox 1646 1948 1731 1993; x_wconf 83' lang='lat' dir='ltr'><strong>est</strong></span> <span class='ocrx_word' id='word_1_121' title='bbox 1764 1938 2123 2009; x_wconf 77' lang='lat' dir='ltr'><strong>intelligentia</strong></span> <span class='ocrx_word' id='word_1_122' title='bbox 2152 1955 2170 1995; x_wconf 83' lang='lat'><strong>:</strong></span> 
     </span>
    </p>
   </div>
   <div class='ocr_carea' id='block_1_23' title="bbox 588 2031 2173 2103">
    <p class='ocr_par' dir='ltr' id='par_1_23' title="bbox 588 2031 2173 2103">
     <span class='ocr_line' id='line_1_23' title="bbox 588 2031 2173 2103; baseline 0.003 -21"><span class='ocrx_word' id='word_1_123' title='bbox 588 2032 694 2097; x_wconf 82' lang='lat' dir='ltr'><strong>vel,</strong></span> <span class='ocrx_word' id='word_1_124' title='bbox 728 2034 861 2101; x_wconf 87' lang='lat' dir='ltr'><strong>quia</strong></span> <span class='ocrx_word' id='word_1_125' title='bbox 902 2032 1161 2086; x_wconf 76' lang='lat' dir='ltr'><strong>lectorem</strong></span> <span class='ocrx_word' id='word_1_126' title='bbox 1194 2032 1380 2086; x_wconf 83' lang='lat' dir='ltr'><strong>erudit</strong></span> <span class='ocrx_word' id='word_1_127' title='bbox 1406 2042 1573 2103; x_wconf 86' lang='lat' dir='ltr'><strong>atque</strong></span> <span class='ocrx_word' id='word_1_128' title='bbox 1601 2032 1997 2102; x_wconf 82' lang='lat' dir='ltr'><strong>intelligentem</strong></span> <span class='ocrx_word' id='word_1_129' title='bbox 2045 2031 2173 2086; x_wconf 87' lang='lat' dir='ltr'><strong>red-</strong></span> 
     </span>
    </p>
   </div>
   <div class='ocr_carea' id='block_1_24' title="bbox 584 2120 2167 2191">
    <p class='ocr_par' dir='ltr' id='par_1_24' title="bbox 584 2120 2167 2191">
     <span class='ocr_line' id='line_1_24' title="bbox 584 2120 2167 2191; baseline -0.001 -14"><span class='ocrx_word' id='word_1_130' title='bbox 584 2125 687 2177; x_wconf 88' lang='lat' dir='ltr'><strong>dit.</strong></span> <span class='ocrx_word' id='word_1_131' title='bbox 738 2124 1016 2175; x_wconf 83' lang='lat' dir='ltr'><strong>Admonet</strong></span> <span class='ocrx_word' id='word_1_132' title='bbox 1072 2122 1278 2191; x_wconf 79' lang='lat' dir='ltr'><strong>quippe</strong></span> <span class='ocrx_word' id='word_1_133' title='bbox 1334 2138 1461 2177; x_wconf 91' lang='lat' dir='ltr'><strong>eum</strong></span> <span class='ocrx_word' id='word_1_134' title='bbox 1511 2123 1750 2178; x_wconf 89' lang='lat' dir='ltr'><strong>dicens:</strong></span> <span class='ocrx_word' id='word_1_135' title='bbox 1810 2120 1993 2177; x_wconf 79' lang='lat' dir='ltr'><strong>Nolite</strong></span> <span class='ocrx_word' id='word_1_136' title='bbox 2046 2123 2167 2191; x_wconf 81' lang='lat' dir='ltr'><strong>ﬁeri</strong></span> 
     </span>
    </p>
   </div>
   <div class='ocr_carea' id='block_1_25' title="bbox 585 2214 2158 2284">
    <p class='ocr_par' dir='ltr' id='par_1_25' title="bbox 585 2214 2158 2284">
     <span class='ocr_line' id='line_1_25' title="bbox 585 2214 2158 2284; baseline 0 -15"><span class='ocrx_word' id='word_1_137' title='bbox 585 2217 719 2270; x_wconf 85' lang='lat' dir='ltr'><strong>sicut</strong></span> <span class='ocrx_word' id='word_1_138' title='bbox 762 2230 922 2284; x_wconf 82' lang='lat' dir='ltr'><strong>equus</strong></span> <span class='ocrx_word' id='word_1_139' title='bbox 970 2225 1020 2268; x_wconf 86' lang='lat' dir='ltr'><strong>et</strong></span> <span class='ocrx_word' id='word_1_140' title='bbox 1077 2214 1274 2279; x_wconf 76' lang='lat' dir='ltr'><strong>mulus,</strong></span> <span class='ocrx_word' id='word_1_141' title='bbox 1300 2214 1490 2284; x_wconf 85' lang='lat' dir='ltr'><strong>quibus</strong></span> <span class='ocrx_word' id='word_1_142' title='bbox 1550 2231 1656 2269; x_wconf 82' lang='lat' dir='ltr'><strong>non</strong></span> <span class='ocrx_word' id='word_1_143' title='bbox 1712 2224 1787 2268; x_wconf 82' lang='lat' dir='ltr'><strong>est</strong></span> <span class='ocrx_word' id='word_1_144' title='bbox 1841 2215 2158 2269; x_wconf 74' lang='lat' dir='ltr'><strong>intellectus.</strong></span> 
     </span>
    </p>
   </div>
   <div class='ocr_carea' id='block_1_26' title="bbox 587 2296 2158 2376">
    <p class='ocr_par' dir='ltr' id='par_1_26' title="bbox 587 2296 2158 2376">
     <span class='ocr_line' id='line_1_26' title="bbox 587 2296 2158 2376; baseline -0.002 -15"><span class='ocrx_word' id='word_1_145' title='bbox 587 2307 931 2375; x_wconf 79' lang='lat' dir='ltr'><strong>Conscripsit</strong></span> <span class='ocrx_word' id='word_1_146' title='bbox 983 2296 1150 2360; x_wconf 79' lang='lat' dir='ltr'><strong>etiam</strong></span> <span class='ocrx_word' id='word_1_147' title='bbox 1207 2307 1400 2360; x_wconf 77' lang='lat' dir='ltr'><strong>beatus</strong></span> <span class='ocrx_word' id='word_1_148' title='bbox 1459 2308 1628 2361; x_wconf 85' lang='lat' dir='ltr'><strong>David</strong></span> <span class='ocrx_word' id='word_1_149' title='bbox 1687 2308 1835 2361; x_wconf 83' lang='lat' dir='ltr'><strong>bunt:</strong></span> <span class='ocrx_word' id='word_1_150' title='bbox 1885 2307 2158 2376; x_wconf 81' lang='lat' dir='ltr'><strong>psalmum</strong></span> 
     </span>
    </p>
   </div>
   <div class='ocr_carea' id='block_1_27' title="bbox 585 2395 2160 2467">
    <p class='ocr_par' dir='ltr' id='par_1_27' title="bbox 585 2395 2160 2467">
     <span class='ocr_line' id='line_1_27' title="bbox 585 2395 2160 2467; baseline 0 -16"><span class='ocrx_word' id='word_1_151' title='bbox 585 2408 712 2467; x_wconf 88' lang='lat' dir='ltr'><strong>post</strong></span> <span class='ocrx_word' id='word_1_152' title='bbox 743 2395 1099 2450; x_wconf 86' lang='lat' dir='ltr'><strong>commissum</strong></span> <span class='ocrx_word' id='word_1_153' title='bbox 1154 2396 1489 2451; x_wconf 83' lang='lat' dir='ltr'><strong>adulterium</strong></span> <span class='ocrx_word' id='word_1_154' title='bbox 1544 2406 1593 2451; x_wconf 86' lang='lat' dir='ltr'><strong>et</strong></span> <span class='ocrx_word' id='word_1_155' title='bbox 1642 2397 1846 2450; x_wconf 63' lang='lat' dir='ltr'><strong>caedem</strong></span> <span class='ocrx_word' id='word_1_156' title='bbox 1882 2412 1898 2450; x_wconf 90' lang='lat'><strong>:</strong></span> <span class='ocrx_word' id='word_1_157' title='bbox 1937 2396 2007 2451; x_wconf 89' lang='lat' dir='ltr'><strong>ob</strong></span> <span class='ocrx_word' id='word_1_158' title='bbox 2036 2410 2160 2462; x_wconf 66' lang='lat' dir='ltr'><strong>qua:</strong></span> 
     </span>
    </p>
   </div>
   <div class='ocr_carea' id='block_1_28' title="bbox 2280 470 3844 540">
    <p class='ocr_par' dir='ltr' id='par_1_28' title="bbox 2280 470 3844 540">
     <span class='ocr_line' id='line_1_28' title="bbox 2280 470 3844 540; baseline 0.001 -16"><span class='ocrx_word' id='word_1_159' title='bbox 2280 472 2754 539; x_wconf 58' lang='grc' dir='ltr'>ὑπερηφάνειαν.</span> <span class='ocrx_word' id='word_1_160' title='bbox 2786 471 2959 523; x_wconf 79' lang='grc' dir='ltr'>Τοῦτο</span> <span class='ocrx_word' id='word_1_161' title='bbox 2988 472 3075 524; x_wconf 77' lang='grc' dir='ltr'><strong>δια</strong></span> <span class='ocrx_word' id='word_1_162' title='bbox 3110 473 3202 524; x_wconf 63' lang='grc' dir='ltr'>τὸν</span> <span class='ocrx_word' id='word_1_163' title='bbox 3247 470 3549 540; x_wconf 78' lang='grc' dir='ltr'>Ἀχιτόφελ,</span> <span class='ocrx_word' id='word_1_164' title='bbox 3595 470 3673 533; x_wconf 86' lang='grc' dir='ltr'>ὡς</span> <span class='ocrx_word' id='word_1_165' title='bbox 3709 487 3844 540; x_wconf 85' lang='grc' dir='ltr'>προ·</span> 
     </span>
    </p>
   </div>
   <div class='ocr_carea' id='block_1_29' title="bbox 2280 562 3849 633">
    <p class='ocr_par' dir='ltr' id='par_1_29' title="bbox 2280 562 3849 633">
     <span class='ocr_line' id='line_1_29' title="bbox 2280 562 3849 633; baseline 0 -18"><span class='ocrx_word' id='word_1_166' title='bbox 2280 564 2601 633; x_wconf 83' lang='grc' dir='ltr'>ειρήκαμεν.</span> <span class='ocrx_word' id='word_1_167' title='bbox 2636 562 2758 614; x_wconf 80' lang='grc' dir='ltr'>Ἐπὶ</span> <span class='ocrx_word' id='word_1_168' title='bbox 2782 562 2879 632; x_wconf 81' lang='grc' dir='ltr'><strong>μὲν</strong></span> <span class='ocrx_word' id='word_1_169' title='bbox 2903 566 3015 626; x_wconf 83' lang='grc' dir='ltr'>τοῖς</span> <span class='ocrx_word' id='word_1_170' title='bbox 3038 563 3225 625; x_wconf 79' lang='grc' dir='ltr'>ἁπλῶς</span> <span class='ocrx_word' id='word_1_171' title='bbox 3253 563 3354 615; x_wconf 85' lang='grc' dir='ltr'><strong>ὑπε</strong></span> <span class='ocrx_word' id='word_1_172' title='bbox 3366 563 3849 632; x_wconf 79' lang='grc' dir='ltr'>ρηφανευομένοις,</span> 
     </span>
    </p>
   </div>
   <div class='ocr_carea' id='block_1_30' title="bbox 2282 652 3853 724">
    <p class='ocr_par' dir='ltr' id='par_1_30' title="bbox 2282 652 3853 724">
     <span class='ocr_line' id='line_1_30' title="bbox 2282 652 3853 724; baseline 0.001 -18"><span class='ocrx_word' id='word_1_173' title='bbox 2282 654 2628 724; x_wconf 80' lang='grc' dir='ltr'><strong>μακροθυμεῖ</strong></span> <span class='ocrx_word' id='word_1_174' title='bbox 2649 668 2666 684; x_wconf 76' lang='grc'><strong>⁸</strong></span> <span class='ocrx_word' id='word_1_175' title='bbox 2696 655 2809 716; x_wconf 81' lang='grc' dir='ltr'>τοῖς</span> <span class='ocrx_word' id='word_1_176' title='bbox 2837 653 2895 705; x_wconf 80' lang='grc' dir='ltr'>δὲ</span> <span class='ocrx_word' id='word_1_177' title='bbox 2932 654 3209 723; x_wconf 81' lang='grc' dir='ltr'><strong>περισσῶς</strong></span> <span class='ocrx_word' id='word_1_178' title='bbox 3241 652 3401 706; x_wconf 74' lang='grc' dir='ltr'>τοῦτο</span> <span class='ocrx_word' id='word_1_179' title='bbox 3449 654 3718 722; x_wconf 73' lang='grc' dir='ltr'>ποιοῦσιν,</span> <span class='ocrx_word' id='word_1_180' title='bbox 3749 654 3853 708; x_wconf 75' lang='grc' dir='ltr'><strong>οὐκ</strong></span> 
     </span>
    </p>
   </div>
   <div class='ocr_carea' id='block_1_31' title="bbox 2276 743 3676 817">
    <p class='ocr_par' dir='ltr' id='par_1_31' title="bbox 2276 743 3676 817">
     <span class='ocr_line' id='line_1_31' title="bbox 2276 743 3676 817; baseline 0.001 -18"><span class='ocrx_word' id='word_1_181' title='bbox 2276 748 2358 808; x_wconf 83' lang='grc' dir='ltr'><strong>είς</strong></span> <span class='ocrx_word' id='word_1_182' title='bbox 2381 746 2605 816; x_wconf 71' lang='grc' dir='ltr'>μακρὰν</span> <span class='ocrx_word' id='word_1_183' title='bbox 2633 745 2755 799; x_wconf 74' lang='grc' dir='ltr'>ἀντὶ</span> <span class='ocrx_word' id='word_1_184' title='bbox 2785 743 2991 815; x_wconf 79' lang='grc' dir='ltr'><strong>ταύτης</strong></span> <span class='ocrx_word' id='word_1_185' title='bbox 3021 745 3352 799; x_wconf 81' lang='grc' dir='ltr'>ἀποδίδωσιν</span> <span class='ocrx_word' id='word_1_186' title='bbox 3373 746 3676 817; x_wconf 79' lang='grc' dir='ltr'><strong>τιμωρίαν.</strong></span> 
     </span>
    </p>
   </div>
   <div class='ocr_carea' id='block_1_32' title="bbox 2356 919 3854 996">
    <p class='ocr_par' dir='ltr' id='par_1_32' title="bbox 2356 919 3854 996">
     <span class='ocr_line' id='line_1_32' title="bbox 2356 919 3854 996; baseline 0.006 -22"><span class='ocrx_word' id='word_1_187' title='bbox 2356 919 2719 988; x_wconf 80' lang='grc' dir='ltr'>Ἆνδρίζεσθε</span> <span class='ocrx_word' id='word_1_188' title='bbox 2763 922 2860 975; x_wconf 81' lang='grc' dir='ltr'>καί</span> <span class='ocrx_word' id='word_1_189' title='bbox 2899 923 3307 989; x_wconf 80' lang='grc' dir='ltr'>κραταιούσθω</span> <span class='ocrx_word' id='word_1_190' title='bbox 3347 925 3385 992; x_wconf 76' lang='grc' dir='ltr'><em>ἠ</em></span> <span class='ocrx_word' id='word_1_191' title='bbox 3421 925 3634 993; x_wconf 78' lang='grc' dir='ltr'>καρδία</span> <span class='ocrx_word' id='word_1_192' title='bbox 3662 929 3854 996; x_wconf 71' lang='grc' dir='ltr'><strong>ὑμῶν.</strong></span> 
     </span>
    </p>
   </div>
   <div class='ocr_carea' id='block_1_33' title="bbox 2276 1012 3857 1091">
    <p class='ocr_par' dir='ltr' id='par_1_33' title="bbox 2276 1012 3857 1091">
     <span class='ocr_line' id='line_1_33' title="bbox 2276 1012 3857 1091; baseline 0.005 -26"><span class='ocrx_word' id='word_1_193' title='bbox 2276 1012 2501 1080; x_wconf 69' lang='grc' dir='ltr'>πάντες</span> <span class='ocrx_word' id='word_1_194' title='bbox 2544 1018 2596 1068; x_wconf 89' lang='lat' dir='ltr'><strong>ol</strong></span> <span class='ocrx_word' id='word_1_195' title='bbox 2640 1012 2985 1080; x_wconf 77' lang='grc' dir='ltr'><strong>ἐλπίζοντες</strong></span> <span class='ocrx_word' id='word_1_196' title='bbox 3028 1015 3123 1067; x_wconf 75' lang='grc' dir='ltr'><strong>ἐπὶ</strong></span> <span class='ocrx_word' id='word_1_197' title='bbox 3154 1017 3398 1083; x_wconf 79' lang='grc' dir='ltr'><strong>Κύριον.</strong></span> <span class='ocrx_word' id='word_1_198' title='bbox 3435 1018 3704 1090; x_wconf 76' lang='grc' dir='ltr'>Βοηοήσει</span> <span class='ocrx_word' id='word_1_199' title='bbox 3740 1022 3857 1091; x_wconf 75' lang='grc' dir='ltr'><strong>γὰρ</strong></span> 
     </span>
    </p>
   </div>
   <div class='ocr_carea' id='block_1_34' title="bbox 2275 1107 3859 1181">
    <p class='ocr_par' dir='ltr' id='par_1_34' title="bbox 2275 1107 3859 1181">
     <span class='ocr_line' id='line_1_34' title="bbox 2275 1107 3859 1181; baseline 0.004 -22"><span class='ocrx_word' id='word_1_200' title='bbox 2275 1107 2686 1176; x_wconf 70' lang='grc' dir='ltr'>ἀναμφιϐόλως,</span> <span class='ocrx_word' id='word_1_201' title='bbox 2719 1111 2812 1159; x_wconf 79' lang='grc' dir='ltr'>καὶ</span> <span class='ocrx_word' id='word_1_202' title='bbox 2842 1108 2904 1160; x_wconf 84' lang='grc' dir='ltr'>οὑ</span> <span class='ocrx_word' id='word_1_203' title='bbox 2936 1108 3279 1177; x_wconf 74' lang='grc' dir='ltr'>περιόψεται.</span> <span class='ocrx_word' id='word_1_204' title='bbox 3306 1110 3371 1161; x_wconf 87' lang='lat' dir='ltr'><strong>Ol</strong></span> <span class='ocrx_word' id='word_1_205' title='bbox 3393 1111 3502 1181; x_wconf 81' lang='grc' dir='ltr'>γὰρ</span> <span class='ocrx_word' id='word_1_206' title='bbox 3533 1113 3859 1176; x_wconf 63' lang='grc' dir='ltr'>πεποιθότες</span> 
     </span>
    </p>
   </div>
   <div class='ocr_carea' id='block_1_35' title="bbox 2274 1199 3859 1273">
    <p class='ocr_par' dir='ltr' id='par_1_35' title="bbox 2274 1199 3859 1273">
     <span class='ocr_line' id='line_1_35' title="bbox 2274 1199 3859 1273; baseline 0.003 -21"><span class='ocrx_word' id='word_1_207' title='bbox 2274 1201 2361 1253; x_wconf 79' lang='grc' dir='ltr'>ἐπ’</span> <span class='ocrx_word' id='word_1_208' title='bbox 2394 1200 2578 1265; x_wconf 75' lang='grc' dir='ltr'>αὑτὸν,</span> <span class='ocrx_word' id='word_1_209' title='bbox 2603 1200 2661 1252; x_wconf 89' lang='grc' dir='ltr'>οὐ</span> <span class='ocrx_word' id='word_1_210' title='bbox 2696 1199 2772 1270; x_wconf 80' lang='grc' dir='ltr'>μὴ</span> <span class='ocrx_word' id='word_1_211' title='bbox 2807 1199 3305 1269; x_wconf 84' lang='grc' dir='ltr'>καταισχυνθῶσιν.</span> <span class='ocrx_word' id='word_1_212' title='bbox 3349 1200 3734 1273; x_wconf 80' lang='grc' dir='ltr'>Ἐπεφώνησεν</span> <span class='ocrx_word' id='word_1_213' title='bbox 3758 1206 3859 1257; x_wconf 76' lang='grc' dir='ltr'><strong>καὶ</strong></span> 
     </span>
    </p>
   </div>
   <div class='ocr_carea' id='block_1_36' title="bbox 2271 1289 3531 1362">
    <p class='ocr_par' dir='ltr' id='par_1_36' title="bbox 2271 1289 3531 1362">
     <span class='ocr_line' id='line_1_36' title="bbox 2271 1289 3531 1362; baseline 0.002 -17"><span class='ocrx_word' id='word_1_214' title='bbox 2271 1292 2448 1348; x_wconf 78' lang='grc' dir='ltr'>ταῦτα</span> <span class='ocrx_word' id='word_1_215' title='bbox 2475 1291 2657 1362; x_wconf 82' lang='grc' dir='ltr'>ἑαυτῴ</span> <span class='ocrx_word' id='word_1_216' title='bbox 2681 1294 2741 1345; x_wconf 79' lang='grc' dir='ltr'>ὲν</span> <span class='ocrx_word' id='word_1_217' title='bbox 2774 1290 2853 1361; x_wconf 82' lang='grc' dir='ltr'>τῷ</span> <span class='ocrx_word' id='word_1_218' title='bbox 2880 1291 3024 1344; x_wconf 79' lang='grc' dir='ltr'>τέλει</span> <span class='ocrx_word' id='word_1_219' title='bbox 3043 1291 3138 1346; x_wconf 80' lang='grc' dir='ltr'>τοῦ</span> <span class='ocrx_word' id='word_1_220' title='bbox 3166 1289 3260 1355; x_wconf 82' lang='grc' dir='ltr'>κς¹</span> <span class='ocrx_word' id='word_1_221' title='bbox 3289 1292 3392 1362; x_wconf 79' lang='grc' dir='ltr'><strong>ψαλ</strong></span> <span class='ocrx_word' id='word_1_222' title='bbox 3405 1294 3531 1362; x_wconf 83' lang='grc' dir='ltr'>μοῦ.</span> 
     </span>
    </p>
   </div>
   <div class='ocr_carea' id='block_1_37' title="bbox 2594 1466 3533 1538">
    <p class='ocr_par' dir='ltr' id='par_1_37' title="bbox 2594 1466 3533 1538">
     <span class='ocr_line' id='line_1_37' title="bbox 2594 1466 3533 1538; baseline 0.001 -15"><span class='ocrx_word' id='word_1_223' title='bbox 2594 1468 2840 1538; x_wconf 74' lang='grc' dir='ltr'>Ψαλμὸς</span> <span class='ocrx_word' id='word_1_224' title='bbox 2869 1466 2948 1533; x_wconf 84' lang='grc' dir='ltr'>τῷ</span> <span class='ocrx_word' id='word_1_225' title='bbox 2982 1470 3161 1521; x_wconf 82' lang='grc' dir='ltr'>Δαδὶδ</span> <span class='ocrx_word' id='word_1_226' title='bbox 3200 1470 3533 1536; x_wconf 78' lang='grc' dir='ltr'>συνέσεως.</span> 
     </span>
    </p>
   </div>
   <div class='ocr_carea' id='block_1_38' title="bbox 2831 1560 3286 1617">
    <p class='ocr_par' dir='ltr' id='par_1_38' title="bbox 2831 1560 3286 1617">
     <span class='ocr_line' id='line_1_38' title="bbox 2831 1560 3286 1617; baseline 0.007 -3"><span class='ocrx_word' id='word_1_227' title='bbox 2831 1561 3122 1615; x_wconf 77' lang='grc' dir='ltr'>ΨΑΛΜΟΣ</span> <span class='ocrx_word' id='word_1_228' title='bbox 3160 1560 3286 1617; x_wconf 67' lang='lat' dir='ltr'><strong>AA&#39;.</strong></span> 
     </span>
    </p>
   </div>
   <div class='ocr_carea' id='block_1_39' title="bbox 2341 1657 3853 1731">
    <p class='ocr_par' dir='ltr' id='par_1_39' title="bbox 2341 1657 3853 1731">
     <span class='ocr_line' id='line_1_39' title="bbox 2341 1657 3853 1731; baseline 0.001 -18"><span class='ocrx_word' id='word_1_229' title='bbox 2341 1660 2413 1713; x_wconf 84' lang='grc' dir='ltr'>Ἥ</span> <span class='ocrx_word' id='word_1_230' title='bbox 2459 1661 2539 1713; x_wconf 85' lang='grc' dir='ltr'>ὅτι</span> <span class='ocrx_word' id='word_1_231' title='bbox 2587 1658 2856 1720; x_wconf 79' lang='grc' dir='ltr'>συνέσεως</span> <span class='ocrx_word' id='word_1_232' title='bbox 2904 1657 3165 1726; x_wconf 70' lang='grc' dir='ltr'>πλησθεὶς</span> <span class='ocrx_word' id='word_1_233' title='bbox 3195 1658 3434 1729; x_wconf 81' lang='grc' dir='ltr'>ἔγραψεν</span> <span class='ocrx_word' id='word_1_234' title='bbox 3466 1661 3664 1724; x_wconf 80' lang='grc' dir='ltr'>ταῦτα,</span> <span class='ocrx_word' id='word_1_235' title='bbox 3698 1662 3730 1731; x_wconf 84' lang='grc' dir='ltr'><strong>ἢ</strong></span> <span class='ocrx_word' id='word_1_236' title='bbox 3763 1663 3853 1714; x_wconf 74' lang='grc' dir='ltr'><strong>ὅτι</strong></span> 
     </span>
    </p>
   </div>
   <div class='ocr_carea' id='block_1_40' title="bbox 2268 1748 3853 1824">
    <p class='ocr_par' dir='ltr' id='par_1_40' title="bbox 2268 1748 3853 1824">
     <span class='ocr_line' id='line_1_40' title="bbox 2268 1748 3853 1824; baseline 0.001 -19"><span class='ocrx_word' id='word_1_237' title='bbox 2268 1752 2428 1824; x_wconf 86' lang='grc' dir='ltr'>χρεία</span> <span class='ocrx_word' id='word_1_238' title='bbox 2468 1750 2736 1813; x_wconf 60' lang='grc' dir='ltr'>σονέσεως</span> <span class='ocrx_word' id='word_1_239' title='bbox 2764 1748 3028 1817; x_wconf 73' lang='grc' dir='ltr'>ἐνταῦθα,</span> <span class='ocrx_word' id='word_1_240' title='bbox 3069 1751 3103 1821; x_wconf 82' lang='grc' dir='ltr'>ἢ</span> <span class='ocrx_word' id='word_1_241' title='bbox 3149 1752 3244 1804; x_wconf 82' lang='grc' dir='ltr'>καὶ</span> <span class='ocrx_word' id='word_1_242' title='bbox 3273 1752 3355 1805; x_wconf 82' lang='grc' dir='ltr'><strong>ὅτι</strong></span> <span class='ocrx_word' id='word_1_243' title='bbox 3399 1754 3667 1818; x_wconf 80' lang='grc' dir='ltr'>συνετίζει</span> <span class='ocrx_word' id='word_1_244' title='bbox 3717 1755 3853 1817; x_wconf 78' lang='grc' dir='ltr'>τοὺς</span> 
     </span>
    </p>
   </div>
   <div class='ocr_carea' id='block_1_41' title="bbox 2271 1840 3857 1913">
    <p class='ocr_par' dir='ltr' id='par_1_41' title="bbox 2271 1840 3857 1913">
     <span class='ocr_line' id='line_1_41' title="bbox 2271 1840 3857 1913; baseline -0.001 -14"><span class='ocrx_word' id='word_1_245' title='bbox 2271 1843 2767 1913; x_wconf 80' lang='grc' dir='ltr'><strong>ἀναγινώσκοντας.</strong></span> <span class='ocrx_word' id='word_1_246' title='bbox 2803 1842 2941 1910; x_wconf 74' lang='grc' dir='ltr'>Φησὶ</span> <span class='ocrx_word' id='word_1_247' title='bbox 2976 1840 3085 1910; x_wconf 85' lang='grc' dir='ltr'><strong>γάρ</strong></span> <span class='ocrx_word' id='word_1_248' title='bbox 3111 1859 3125 1872; x_wconf 87' lang='grc'><strong>·</strong></span> <span class='ocrx_word' id='word_1_249' title='bbox 3159 1840 3254 1910; x_wconf 73' lang='grc' dir='ltr'><strong>Μὴ</strong></span> <span class='ocrx_word' id='word_1_250' title='bbox 3290 1844 3534 1910; x_wconf 79' lang='grc' dir='ltr'><strong>γίνεσθε</strong></span> <span class='ocrx_word' id='word_1_251' title='bbox 3561 1844 3640 1910; x_wconf 86' lang='grc' dir='ltr'>ὡς</span> <span class='ocrx_word' id='word_1_252' title='bbox 3662 1844 3857 1910; x_wconf 74' lang='grc' dir='ltr'>ἵππος</span> 
     </span>
    </p>
   </div>
   <div class='ocr_carea' id='block_1_42' title="bbox 2270 1928 3857 2005">
    <p class='ocr_par' dir='ltr' id='par_1_42' title="bbox 2270 1928 3857 2005">
     <span class='ocr_line' id='line_1_42' title="bbox 2270 1928 3857 2005; baseline -0.002 -16"><span class='ocrx_word' id='word_1_253' title='bbox 2270 1936 2369 1993; x_wconf 74' lang='grc' dir='ltr'>καί</span> <span class='ocrx_word' id='word_1_254' title='bbox 2424 1935 2717 2003; x_wconf 69' lang='grc' dir='ltr'>ἡμίονος,</span> <span class='ocrx_word' id='word_1_255' title='bbox 2780 1928 2871 1999; x_wconf 84' lang='grc' dir='ltr'>οἷς</span> <span class='ocrx_word' id='word_1_256' title='bbox 2918 1935 3031 1987; x_wconf 83' lang='grc' dir='ltr'><strong>οὐκ</strong></span> <span class='ocrx_word' id='word_1_257' title='bbox 3086 1933 3223 1988; x_wconf 76' lang='grc' dir='ltr'>ἔστι</span> <span class='ocrx_word' id='word_1_258' title='bbox 3267 1936 3541 2001; x_wconf 79' lang='grc' dir='ltr'>σύνεσις.</span> <span class='ocrx_word' id='word_1_259' title='bbox 3611 1936 3857 2005; x_wconf 77' lang='grc' dir='ltr'>Εῖρηκεν</span> 
     </span>
    </p>
   </div>
   <div class='ocr_carea' id='block_1_43' title="bbox 2269 2023 3861 2097">
    <p class='ocr_par' dir='ltr' id='par_1_43' title="bbox 2269 2023 3861 2097">
     <span class='ocr_line' id='line_1_43' title="bbox 2269 2023 3861 2097; baseline -0.001 -17"><span class='ocrx_word' id='word_1_260' title='bbox 2269 2029 2326 2080; x_wconf 78' lang='grc' dir='ltr'>δὲ</span> <span class='ocrx_word' id='word_1_261' title='bbox 2386 2027 2479 2080; x_wconf 81' lang='grc' dir='ltr'><strong>τὸν</strong></span> <span class='ocrx_word' id='word_1_262' title='bbox 2533 2026 2779 2095; x_wconf 85' lang='grc' dir='ltr'>παρόντα</span> <span class='ocrx_word' id='word_1_263' title='bbox 2828 2023 3048 2094; x_wconf 66' lang='grc' dir='ltr'>ψαλμὸν</span> <span class='ocrx_word' id='word_1_264' title='bbox 3096 2025 3236 2095; x_wconf 79' lang='grc' dir='ltr'>μετὰ</span> <span class='ocrx_word' id='word_1_265' title='bbox 3290 2026 3389 2095; x_wconf 82' lang='grc' dir='ltr'>τὴν</span> <span class='ocrx_word' id='word_1_266' title='bbox 3446 2026 3695 2097; x_wconf 82' lang='grc' dir='ltr'>μοιχείαν</span> <span class='ocrx_word' id='word_1_267' title='bbox 3752 2028 3861 2079; x_wconf 75' lang='grc' dir='ltr'>καὶ</span> 
     </span>
    </p>
   </div>
   <div class='ocr_carea' id='block_1_44' title="bbox 2270 2114 3861 2187">
    <p class='ocr_par' dir='ltr' id='par_1_44' title="bbox 2270 2114 3861 2187">
     <span class='ocr_line' id='line_1_44' title="bbox 2270 2114 3861 2187; baseline -0.002 -15"><span class='ocrx_word' id='word_1_268' title='bbox 2270 2121 2362 2172; x_wconf 76' lang='grc' dir='ltr'><strong>τὸν</strong></span> <span class='ocrx_word' id='word_1_269' title='bbox 2391 2117 2555 2187; x_wconf 83' lang='grc' dir='ltr'>φόνον</span> <span class='ocrx_word' id='word_1_270' title='bbox 2609 2115 2706 2169; x_wconf 81' lang='grc' dir='ltr'>τοῦ</span> <span class='ocrx_word' id='word_1_271' title='bbox 2756 2114 2983 2186; x_wconf 81' lang='grc' dir='ltr'><strong>Οὐρίου.</strong></span> <span class='ocrx_word' id='word_1_272' title='bbox 3041 2117 3329 2185; x_wconf 81' lang='grc' dir='ltr'>Διαφόροις</span> <span class='ocrx_word' id='word_1_273' title='bbox 3381 2118 3492 2187; x_wconf 80' lang='grc' dir='ltr'>γὰρ</span> <span class='ocrx_word' id='word_1_274' title='bbox 3533 2117 3861 2187; x_wconf 79' lang='grc' dir='ltr'>περιπεσὼν</span> 
     </span>
    </p>
   </div>
   <div class='ocr_carea' id='block_1_45' title="bbox 2270 2209 3858 2280">
    <p class='ocr_par' dir='ltr' id='par_1_45' title="bbox 2270 2209 3858 2280">
     <span class='ocr_line' id='line_1_45' title="bbox 2270 2209 3858 2280; baseline -0.002 -17"><span class='ocrx_word' id='word_1_275' title='bbox 2270 2214 2335 2265; x_wconf 79' lang='grc' dir='ltr'><strong>ἐκ</strong></span> <span class='ocrx_word' id='word_1_276' title='bbox 2396 2212 2520 2263; x_wconf 80' lang='grc' dir='ltr'>τότε</span> <span class='ocrx_word' id='word_1_277' title='bbox 2563 2209 2869 2280; x_wconf 78' lang='grc' dir='ltr'>λογισμοῖς,</span> <span class='ocrx_word' id='word_1_278' title='bbox 2927 2209 3220 2278; x_wconf 66' lang='grc' dir='ltr'>διαφόρους</span> <span class='ocrx_word' id='word_1_279' title='bbox 3276 2209 3529 2279; x_wconf 77' lang='grc' dir='ltr'>ψαλμοὺς</span> <span class='ocrx_word' id='word_1_280' title='bbox 3581 2209 3858 2280; x_wconf 76' lang='grc' dir='ltr'>ἔγραψεν,</span> 
     </span>
    </p>
   </div>
   <div class='ocr_carea' id='block_1_46' title="bbox 2273 2298 3855 2372">
    <p class='ocr_par' dir='ltr' id='par_1_46' title="bbox 2273 2298 3855 2372">
     <span class='ocr_line' id='line_1_46' title="bbox 2273 2298 3855 2372; baseline -0.003 -16"><span class='ocrx_word' id='word_1_281' title='bbox 2273 2301 2718 2372; x_wconf 84' lang='grc' dir='ltr'>μνημονεύοντας</span> <span class='ocrx_word' id='word_1_282' title='bbox 2771 2298 2988 2369; x_wconf 78' lang='grc' dir='ltr'>ἐκείνης</span> <span class='ocrx_word' id='word_1_283' title='bbox 3040 2301 3138 2371; x_wconf 84' lang='grc' dir='ltr'>τῆς</span> <span class='ocrx_word' id='word_1_284' title='bbox 3171 2301 3473 2372; x_wconf 79' lang='grc' dir='ltr'>ἁμαρτίας.</span> <span class='ocrx_word' id='word_1_285' title='bbox 3529 2302 3855 2372; x_wconf 78' lang='grc' dir='ltr'>Πρόσφορος</span> 
     </span>
    </p>
   </div>
   <div class='ocr_carea' id='block_1_47' title="bbox 2267 2391 3663 2464">
    <p class='ocr_par' dir='ltr' id='par_1_47' title="bbox 2267 2391 3663 2464">
     <span class='ocr_line' id='line_1_47' title="bbox 2267 2391 3663 2464; baseline 0.002 -18"><span class='ocrx_word' id='word_1_286' title='bbox 2267 2394 2324 2446; x_wconf 83' lang='grc' dir='ltr'>δὲ</span> <span class='ocrx_word' id='word_1_287' title='bbox 2354 2396 2488 2464; x_wconf 76' lang='grc' dir='ltr'>ἡμῖν</span> <span class='ocrx_word' id='word_1_288' title='bbox 2520 2395 2548 2446; x_wconf 84' lang='grc' dir='ltr'>ὁ</span> <span class='ocrx_word' id='word_1_289' title='bbox 2578 2391 2816 2461; x_wconf 77' lang='grc' dir='ltr'>ψαλμὸς,</span> <span class='ocrx_word' id='word_1_290' title='bbox 2846 2391 3127 2459; x_wconf 77' lang='grc' dir='ltr'>ἀναλόγως</span> <span class='ocrx_word' id='word_1_291' title='bbox 3163 2392 3663 2463; x_wconf 78' lang='grc' dir='ltr'>ὲκλαμὸανόμενος.</span> 
     </span>
    </p>
   </div>
   <div class='ocr_carea' id='block_1_48' title="bbox 584 2485 3855 2557">
    <p class='ocr_par' dir='ltr' id='par_1_48' title="bbox 584 2485 3855 2557">
     <span class='ocr_line' id='line_1_48' title="bbox 584 2485 3855 2557; baseline 0.001 -18"><span class='ocrx_word' id='word_1_292' title='bbox 584 2503 708 2539; x_wconf 82' lang='lat' dir='ltr'><strong>cum</strong></span> <span class='ocrx_word' id='word_1_293' title='bbox 740 2489 792 2540; x_wconf 90' lang='lat' dir='ltr'><strong>in</strong></span> <span class='ocrx_word' id='word_1_294' title='bbox 827 2491 1008 2541; x_wconf 81' lang='lat' dir='ltr'><strong>varias</strong></span> <span class='ocrx_word' id='word_1_295' title='bbox 1043 2486 1335 2542; x_wconf 71' lang='lat' dir='ltr'><strong>incidisset</strong></span> <span class='ocrx_word' id='word_1_296' title='bbox 1362 2487 1725 2554; x_wconf 84' lang='lat' dir='ltr'><strong>calamitates,</strong></span> <span class='ocrx_word' id='word_1_297' title='bbox 1767 2488 1950 2543; x_wconf 79' lang='lat' dir='ltr'><strong>varios</strong></span> <span class='ocrx_word' id='word_1_298' title='bbox 1991 2486 2157 2543; x_wconf 87' lang='lat' dir='ltr'><strong>etiam</strong></span> <span class='ocrx_word' id='word_1_299' title='bbox 2197 2488 2438 2556; x_wconf 78' lang='lat' dir='ltr'><strong>psalmos</strong></span> <span class='ocrx_word' id='word_1_300' title='bbox 2464 2485 2819 2555; x_wconf 84' lang='lat' dir='ltr'><strong>conscripsit,</strong></span> <span class='ocrx_word' id='word_1_301' title='bbox 2852 2486 2945 2543; x_wconf 90' lang='lat' dir='ltr'><strong>illa</strong></span> <span class='ocrx_word' id='word_1_302' title='bbox 2990 2486 3284 2557; x_wconf 86' lang='lat' dir='ltr'><strong>deplorans</strong></span> <span class='ocrx_word' id='word_1_303' title='bbox 3358 2496 3606 2557; x_wconf 86' lang='lat' dir='ltr'><strong>peccata.</strong></span> <span class='ocrx_word' id='word_1_304' title='bbox 3679 2485 3855 2543; x_wconf 80' lang='lat' dir='ltr'><strong>L‘tilis</strong></span> 
     </span>
    </p>
   </div>
   <div class='ocr_carea' id='block_1_49' title="bbox 584 2582 2641 2654">
    <p class='ocr_par' dir='ltr' id='par_1_49' title="bbox 584 2582 2641 2654">
     <span class='ocr_line' id='line_1_49' title="bbox 584 2582 2641 2654; baseline 0.003 -19"><span class='ocrx_word' id='word_1_305' title='bbox 584 2585 750 2637; x_wconf 82' lang='lat' dir='ltr'><strong>etiam</strong></span> <span class='ocrx_word' id='word_1_306' title='bbox 800 2582 902 2636; x_wconf 85' lang='lat' dir='ltr'><strong>erit</strong></span> <span class='ocrx_word' id='word_1_307' title='bbox 934 2584 1021 2635; x_wconf 90' lang='lat' dir='ltr'><strong>bic</strong></span> <span class='ocrx_word' id='word_1_308' title='bbox 1056 2584 1324 2653; x_wconf 85' lang='lat' dir='ltr'><strong>psalmus,</strong></span> <span class='ocrx_word' id='word_1_309' title='bbox 1356 2584 1401 2637; x_wconf 91' lang='lat' dir='ltr'><strong>si</strong></span> <span class='ocrx_word' id='word_1_310' title='bbox 1429 2584 1587 2652; x_wconf 79' lang='lat' dir='ltr'><strong>juxta</strong></span> <span class='ocrx_word' id='word_1_311' title='bbox 1614 2585 1974 2654; x_wconf 73' lang='lat' dir='ltr'><strong>anagogicum</strong></span> <span class='ocrx_word' id='word_1_312' title='bbox 2018 2599 2242 2640; x_wconf 88' lang='lat' dir='ltr'><strong>sensum</strong></span> <span class='ocrx_word' id='word_1_313' title='bbox 2280 2584 2641 2653; x_wconf 81' lang='lat' dir='ltr'><strong>intelligatur.</strong></span> 
     </span>
    </p>
   </div>
   <div class='ocr_carea' id='block_1_50' title="bbox 656 2673 2163 2745">
    <p class='ocr_par' dir='ltr' id='par_1_50' title="bbox 656 2673 2163 2745">
     <span class='ocr_line' id='line_1_50' title="bbox 656 2673 2163 2745; baseline 0.001 -17"><span class='ocrx_word' id='word_1_314' title='bbox 656 2678 820 2728; x_wconf 64' lang='grc' dir='ltr'>νεεδ.</span> <span class='ocrx_word' id='word_1_315' title='bbox 853 2675 902 2727; x_wconf 88' lang='lat' dir='ltr'><strong>l.</strong></span> <span class='ocrx_word' id='word_1_316' title='bbox 936 2673 1087 2727; x_wconf 75' lang='lat' dir='ltr'><strong>Beati</strong></span> <span class='ocrx_word' id='word_1_317' title='bbox 1130 2690 1355 2743; x_wconf 87' lang='lat' dir='ltr'><strong>quorum</strong></span> <span class='ocrx_word' id='word_1_318' title='bbox 1396 2676 1629 2728; x_wconf 76' lang='lat' dir='ltr'><strong>remissa:</strong></span> <span class='ocrx_word' id='word_1_319' title='bbox 1673 2685 1794 2729; x_wconf 86' lang='lat' dir='ltr'><strong>sunt</strong></span> <span class='ocrx_word' id='word_1_320' title='bbox 1826 2677 2163 2745; x_wconf 84' lang='lat' dir='ltr'><strong>iniquitates,</strong></span> 
     </span>
    </p>
   </div>
   <div class='ocr_carea' id='block_1_51' title="bbox 2334 2670 3854 2746">
    <p class='ocr_par' dir='ltr' id='par_1_51' title="bbox 2334 2670 3854 2746">
     <span class='ocr_line' id='line_1_51' title="bbox 2334 2670 3854 2746; baseline 0.001 -16"><span class='ocrx_word' id='word_1_321' title='bbox 2334 2677 2627 2744; x_wconf 81' lang='grc' dir='ltr'>Μακάριοι</span> <span class='ocrx_word' id='word_1_322' title='bbox 2673 2670 2761 2728; x_wconf 81' lang='grc' dir='ltr'><strong>ὧν</strong></span> <span class='ocrx_word' id='word_1_323' title='bbox 2810 2675 3130 2744; x_wconf 75' lang='grc' dir='ltr'><strong>ἀφέθησαν</strong></span> <span class='ocrx_word' id='word_1_324' title='bbox 3174 2679 3234 2730; x_wconf 88' lang='grc' dir='ltr'>αἱ</span> <span class='ocrx_word' id='word_1_325' title='bbox 3289 2677 3550 2746; x_wconf 78' lang='grc' dir='ltr'>ἀνομίαι,</span> <span class='ocrx_word' id='word_1_326' title='bbox 3604 2678 3699 2731; x_wconf 78' lang='grc' dir='ltr'><strong>καὶ</strong></span> <span class='ocrx_word' id='word_1_327' title='bbox 3752 2673 3854 2732; x_wconf 78' lang='grc' dir='ltr'><strong>ὧν</strong></span> 
     </span>
    </p>
   </div>
   <div class='ocr_carea' id='block_1_52' title="bbox 484 2768 2159 2840">
    <p class='ocr_par' dir='ltr' id='par_1_52' title="bbox 484 2768 2159 2839">
     <span class='ocr_line' id='line_1_52' title="bbox 484 2768 2159 2839; baseline 0.001 -15"><span class='ocrx_word' id='word_1_328' title='bbox 484 2803 491 2809; x_wconf 87' lang='grc'><strong><em>-</em></strong></span> <span class='ocrx_word' id='word_1_329' title='bbox 582 2780 630 2825; x_wconf 87' lang='lat' dir='ltr'><strong>et</strong></span> <span class='ocrx_word' id='word_1_330' title='bbox 663 2785 887 2839; x_wconf 79' lang='lat' dir='ltr'><strong>quorum</strong></span> <span class='ocrx_word' id='word_1_331' title='bbox 921 2776 1060 2821; x_wconf 81' lang='lat' dir='ltr'><strong>tecta</strong></span> <span class='ocrx_word' id='word_1_332' title='bbox 1111 2778 1233 2821; x_wconf 87' lang='lat' dir='ltr'><strong>sunt</strong></span> <span class='ocrx_word' id='word_1_333' title='bbox 1277 2782 1515 2838; x_wconf 86' lang='lat' dir='ltr'><strong>peccata.</strong></span> <span class='ocrx_word' id='word_1_334' title='bbox 1547 2768 1683 2824; x_wconf 90' lang='lat' dir='ltr'><strong>Cum</strong></span> <span class='ocrx_word' id='word_1_335' title='bbox 1714 2781 1836 2839; x_wconf 91' lang='lat' dir='ltr'><strong>post</strong></span> <span class='ocrx_word' id='word_1_336' title='bbox 1868 2771 2159 2827; x_wconf 83' lang='lat' dir='ltr'><strong>commissa</strong></span> 
     </span>
    </p>
   </div>
   <div class='ocr_carea' id='block_1_53' title="bbox 2262 2768 3851 2840">
    <p class='ocr_par' dir='ltr' id='par_1_53' title="bbox 2264 2770 3851 2840">
     <span class='ocr_line' id='line_1_53' title="bbox 2264 2770 3851 2840; baseline -0.001 -16"><span class='ocrx_word' id='word_1_337' title='bbox 2264 2770 2791 2838; x_wconf 74' lang='grc' dir='ltr'>ἀπεκαλύφθησαν</span> <span class='ocrx_word' id='word_1_338' title='bbox 2844 2772 2905 2825; x_wconf 91' lang='lat' dir='ltr'><strong>al</strong></span> <span class='ocrx_word' id='word_1_339' title='bbox 2963 2772 3260 2838; x_wconf 82' lang='grc' dir='ltr'>ἁμαρτίαι.</span> <span class='ocrx_word' id='word_1_340' title='bbox 3319 2771 3492 2833; x_wconf 70' lang='grc' dir='ltr'>Αὐτὸς</span> <span class='ocrx_word' id='word_1_341' title='bbox 3548 2771 3686 2838; x_wconf 73' lang='grc' dir='ltr'>μετὰ</span> <span class='ocrx_word' id='word_1_342' title='bbox 3737 2771 3851 2840; x_wconf 83' lang='grc' dir='ltr'>τὴν</span> 
     </span>
    </p>
   </div>
   <div class='ocr_carea' id='block_1_54' title="bbox 584 2860 2159 2934">
    <p class='ocr_par' dir='ltr' id='par_1_54' title="bbox 584 2860 2159 2931">
     <span class='ocr_line' id='line_1_54' title="bbox 584 2860 2159 2931; baseline 0.001 -14"><span class='ocrx_word' id='word_1_343' title='bbox 584 2878 614 2917; x_wconf 90' lang='lat' dir='ltr'><strong>a</strong></span> <span class='ocrx_word' id='word_1_344' title='bbox 639 2877 698 2917; x_wconf 90' lang='lat' dir='ltr'><strong>se</strong></span> <span class='ocrx_word' id='word_1_345' title='bbox 716 2860 938 2926; x_wconf 85' lang='lat' dir='ltr'><strong>delicta,</strong></span> <span class='ocrx_word' id='word_1_346' title='bbox 973 2860 1177 2915; x_wconf 86' lang='lat' dir='ltr'><strong>multos</strong></span> <span class='ocrx_word' id='word_1_347' title='bbox 1205 2863 1495 2931; x_wconf 86' lang='lat' dir='ltr'><strong>pertulerit</strong></span> <span class='ocrx_word' id='word_1_348' title='bbox 1521 2862 1760 2928; x_wconf 83' lang='lat' dir='ltr'><strong>labores,</strong></span> <span class='ocrx_word' id='word_1_349' title='bbox 1794 2862 1986 2918; x_wconf 85' lang='lat' dir='ltr'><strong>beatos</strong></span> <span class='ocrx_word' id='word_1_350' title='bbox 2016 2879 2159 2919; x_wconf 85' lang='lat' dir='ltr'><strong>nunc</strong></span> 
     </span>
    </p>
   </div>
   <div class='ocr_carea' id='block_1_55' title="bbox 2262 2860 3849 2934">
    <p class='ocr_par' dir='ltr' id='par_1_55' title="bbox 2263 2861 3849 2934">
     <span class='ocr_line' id='line_1_55' title="bbox 2263 2861 3849 2934; baseline 0.001 -18"><span class='ocrx_word' id='word_1_351' title='bbox 2263 2862 2539 2933; x_wconf 79' lang='grc' dir='ltr'>ἁμαρτίαν</span> <span class='ocrx_word' id='word_1_352' title='bbox 2561 2861 2736 2914; x_wconf 81' lang='grc' dir='ltr'>πολλὰ</span> <span class='ocrx_word' id='word_1_353' title='bbox 2770 2863 3013 2931; x_wconf 82' lang='grc' dir='ltr'>πονήσας</span> <span class='ocrx_word' id='word_1_354' title='bbox 3047 2864 3105 2916; x_wconf 81' lang='grc' dir='ltr'>ὲν</span> <span class='ocrx_word' id='word_1_355' title='bbox 3141 2865 3207 2934; x_wconf 77' lang='grc' dir='ltr'>τῇ</span> <span class='ocrx_word' id='word_1_356' title='bbox 3240 2863 3507 2934; x_wconf 73' lang='grc' dir='ltr'>ἁμαρτίᾳ,</span> <span class='ocrx_word' id='word_1_357' title='bbox 3540 2864 3849 2933; x_wconf 71' lang='grc' dir='ltr'>μακαρίζει</span> 
     </span>
    </p>
   </div>
   <div class='ocr_carea' id='block_1_56' title="bbox 583 2952 2159 3025">
    <p class='ocr_par' dir='ltr' id='par_1_56' title="bbox 583 2952 2159 3024">
     <span class='ocr_line' id='line_1_56' title="bbox 583 2952 2159 3024; baseline 0.002 -17"><span class='ocrx_word' id='word_1_358' title='bbox 583 2955 706 3008; x_wconf 90' lang='lat' dir='ltr'><strong>illos</strong></span> <span class='ocrx_word' id='word_1_359' title='bbox 752 2955 868 3007; x_wconf 80' lang='lat' dir='ltr'><strong>[ore</strong></span> <span class='ocrx_word' id='word_1_360' title='bbox 916 2952 1075 3018; x_wconf 80' lang='lat' dir='ltr'><strong>dicit,</strong></span> <span class='ocrx_word' id='word_1_361' title='bbox 1123 2954 1328 3023; x_wconf 89' lang='lat' dir='ltr'><strong>quibus</strong></span> <span class='ocrx_word' id='word_1_362' title='bbox 1360 2956 1568 3024; x_wconf 85' lang='lat' dir='ltr'><strong>absque</strong></span> <span class='ocrx_word' id='word_1_363' title='bbox 1601 2955 1715 3009; x_wconf 88' lang='lat' dir='ltr'><strong>ullo</strong></span> <span class='ocrx_word' id='word_1_364' title='bbox 1753 2956 1945 3011; x_wconf 80' lang='lat' dir='ltr'><strong>labore</strong></span> <span class='ocrx_word' id='word_1_365' title='bbox 1979 2957 2159 3011; x_wconf 88' lang='lat' dir='ltr'><strong>conti-</strong></span> 
     </span>
    </p>
   </div>
   <div class='ocr_carea' id='block_1_57' title="bbox 2262 2952 3852 3025">
    <p class='ocr_par' dir='ltr' id='par_1_57' title="bbox 2262 2953 3852 3025">
     <span class='ocr_line' id='line_1_57' title="bbox 2262 2953 3852 3025; baseline 0 -18"><span class='ocrx_word' id='word_1_366' title='bbox 2262 2954 2388 3016; x_wconf 80' lang='grc' dir='ltr'>τοὺς</span> <span class='ocrx_word' id='word_1_367' title='bbox 2437 2953 2656 3018; x_wconf 79' lang='grc' dir='ltr'>ἀπόνως</span> <span class='ocrx_word' id='word_1_368' title='bbox 2706 2953 3149 3022; x_wconf 80' lang='grc' dir='ltr'>ἀπολουομένους</span> <span class='ocrx_word' id='word_1_369' title='bbox 3192 2954 3260 3007; x_wconf 83' lang='grc' dir='ltr'>τὰ</span> <span class='ocrx_word' id='word_1_370' title='bbox 3307 2956 3650 3025; x_wconf 77' lang='grc' dir='ltr'>ἐγκλήματα,</span> <span class='ocrx_word' id='word_1_371' title='bbox 3707 2956 3852 3019; x_wconf 74' lang='grc' dir='ltr'>τοὺς</span> 
     </span>
    </p>
   </div>
   <div class='ocr_carea' id='block_1_58' title="bbox 586 3043 2159 3118">
    <p class='ocr_par' dir='ltr' id='par_1_58' title="bbox 586 3048 2159 3118">
     <span class='ocr_line' id='line_1_58' title="bbox 586 3048 2159 3118; baseline 0.003 -17"><span class='ocrx_word' id='word_1_372' title='bbox 586 3048 747 3116; x_wconf 72' lang='lat' dir='ltr'><strong>gerit,</strong></span> <span class='ocrx_word' id='word_1_373' title='bbox 780 3048 1002 3117; x_wconf 84' lang='lat' dir='ltr'><strong>propria</strong></span> <span class='ocrx_word' id='word_1_374' title='bbox 1037 3048 1261 3103; x_wconf 77' lang='lat' dir='ltr'><strong>abluere</strong></span> <span class='ocrx_word' id='word_1_375' title='bbox 1292 3058 1516 3118; x_wconf 87' lang='lat' dir='ltr'><strong>peccata</strong></span> <span class='ocrx_word' id='word_1_376' title='bbox 1550 3067 1565 3103; x_wconf 89' lang='lat'><strong>:</strong></span> <span class='ocrx_word' id='word_1_377' title='bbox 1598 3049 1723 3106; x_wconf 88' lang='lat' dir='ltr'><strong>illos</strong></span> <span class='ocrx_word' id='word_1_378' title='bbox 1776 3052 2039 3106; x_wconf 79' lang='lat' dir='ltr'><strong>nimirum</strong></span> <span class='ocrx_word' id='word_1_379' title='bbox 2086 3052 2159 3106; x_wconf 88' lang='lat' dir='ltr'><strong>si-</strong></span> 
     </span>
    </p>
   </div>
   <div class='ocr_carea' id='block_1_59' title="bbox 2262 3043 3849 3118">
    <p class='ocr_par' dir='ltr' id='par_1_59' title="bbox 2262 3043 3849 3114">
     <span class='ocr_line' id='line_1_59' title="bbox 2262 3043 3849 3114; baseline 0.002 -18"><span class='ocrx_word' id='word_1_380' title='bbox 2262 3043 2696 3114; x_wconf 75' lang='grc' dir='ltr'>ραπτιςομένους</span> <span class='ocrx_word' id='word_1_381' title='bbox 2744 3045 3139 3114; x_wconf 76' lang='grc' dir='ltr'>αἰνιττόμενος.</span> <span class='ocrx_word' id='word_1_382' title='bbox 3210 3045 3366 3099; x_wconf 73' lang='grc' dir='ltr'>Ἐπεὶ</span> <span class='ocrx_word' id='word_1_383' title='bbox 3415 3044 3473 3098; x_wconf 82' lang='grc' dir='ltr'>δὲ</span> <span class='ocrx_word' id='word_1_384' title='bbox 3527 3044 3729 3098; x_wconf 82' lang='grc' dir='ltr'>τοῦτων</span> <span class='ocrx_word' id='word_1_385' title='bbox 3787 3048 3849 3099; x_wconf 77' lang='lat' dir='ltr'><strong>oi</strong></span> 
     </span>
    </p>
   </div>
   <div class='ocr_carea' id='block_1_60' title="bbox 586 3136 2159 3223">
    <p class='ocr_par' dir='ltr' id='par_1_60' title="bbox 586 3137 2158 3210">
     <span class='ocr_line' id='line_1_60' title="bbox 586 3137 2158 3210; baseline 0.004 -20"><span class='ocrx_word' id='word_1_386' title='bbox 586 3137 878 3206; x_wconf 78' lang='lat' dir='ltr'><strong>gniﬁcans,</strong></span> <span class='ocrx_word' id='word_1_387' title='bbox 912 3139 1007 3208; x_wconf 89' lang='lat' dir='ltr'><strong>qui</strong></span> <span class='ocrx_word' id='word_1_388' title='bbox 1035 3140 1253 3193; x_wconf 79' lang='lat' dir='ltr'><strong>lavacro</strong></span> <span class='ocrx_word' id='word_1_389' title='bbox 1292 3141 1643 3210; x_wconf 84' lang='lat' dir='ltr'><strong>baptismatis</strong></span> <span class='ocrx_word' id='word_1_390' title='bbox 1692 3142 1796 3196; x_wconf 80' lang='lat' dir='ltr'><strong>hoc</strong></span> <span class='ocrx_word' id='word_1_391' title='bbox 1839 3142 2041 3197; x_wconf 80' lang='lat' dir='ltr'><strong>fuerint</strong></span> <span class='ocrx_word' id='word_1_392' title='bbox 2071 3158 2158 3197; x_wconf 41' lang='lat' dir='ltr'><strong>re,</strong></span> 
     </span>
    </p>
   </div>
   <div class='ocr_carea' id='block_1_61' title="bbox 2262 3136 3849 3223">
    <p class='ocr_par' dir='ltr' id='par_1_61' title="bbox 2267 3136 3849 3210">
     <span class='ocr_line' id='line_1_61' title="bbox 2267 3136 3849 3210; baseline 0 -20"><span class='ocrx_word' id='word_1_393' title='bbox 2267 3136 2365 3207; x_wconf 78' lang='grc' dir='ltr'>μὲν</span> <span class='ocrx_word' id='word_1_394' title='bbox 2416 3136 2478 3201; x_wconf 75' lang='grc' dir='ltr'>ἐξ</span> <span class='ocrx_word' id='word_1_395' title='bbox 2522 3136 2703 3193; x_wconf 75' lang='grc' dir='ltr'>ἐθνῶν</span> <span class='ocrx_word' id='word_1_396' title='bbox 2761 3138 2921 3201; x_wconf 77' lang='grc' dir='ltr'>εἰσὶν,</span> <span class='ocrx_word' id='word_1_397' title='bbox 2976 3138 3027 3191; x_wconf 82' lang='grc' dir='ltr'>οἱ</span> <span class='ocrx_word' id='word_1_398' title='bbox 3077 3138 3135 3191; x_wconf 86' lang='grc' dir='ltr'>δὲ</span> <span class='ocrx_word' id='word_1_399' title='bbox 3191 3139 3254 3190; x_wconf 81' lang='grc' dir='ltr'><strong>ὲκ</strong></span> <span class='ocrx_word' id='word_1_400' title='bbox 3319 3139 3621 3210; x_wconf 82' lang='grc' dir='ltr'>περιτομῆς</span> <span class='ocrx_word' id='word_1_401' title='bbox 3654 3156 3665 3168; x_wconf 89' lang='grc'><strong>·</strong></span> <span class='ocrx_word' id='word_1_402' title='bbox 3710 3140 3849 3190; x_wconf 71' lang='lat' dir='ltr'><strong>dvo-</strong></span> 
     </span>
    </p>
   </div>
   <div class='ocr_carea' id='block_1_62' title="bbox 584 3225 2159 3302">
    <p class='ocr_par' dir='ltr' id='par_1_62' title="bbox 584 3230 2156 3301">
     <span class='ocr_line' id='line_1_62' title="bbox 584 3230 2156 3301; baseline 0.004 -20"><span class='ocrx_word' id='word_1_403' title='bbox 584 3230 863 3284; x_wconf 85' lang='lat' dir='ltr'><strong>missionis</strong></span> <span class='ocrx_word' id='word_1_404' title='bbox 899 3230 1101 3284; x_wconf 81' lang='lat' dir='ltr'><strong>donum</strong></span> <span class='ocrx_word' id='word_1_405' title='bbox 1146 3234 1465 3299; x_wconf 90' lang='lat' dir='ltr'><strong>consecuti;</strong></span> <span class='ocrx_word' id='word_1_406' title='bbox 1499 3241 1554 3287; x_wconf 90' lang='lat' dir='ltr'><strong>et</strong></span> <span class='ocrx_word' id='word_1_407' title='bbox 1604 3233 1733 3301; x_wconf 88' lang='lat' dir='ltr'><strong>quia</strong></span> <span class='ocrx_word' id='word_1_408' title='bbox 1769 3249 1835 3289; x_wconf 78' lang='lat' dir='ltr'><strong>ex</strong></span> <span class='ocrx_word' id='word_1_409' title='bbox 1866 3235 1934 3289; x_wconf 90' lang='lat' dir='ltr'><strong>iis</strong></span> <span class='ocrx_word' id='word_1_410' title='bbox 1960 3235 2053 3288; x_wconf 84' lang='lat' dir='ltr'><strong>alii</strong></span> <span class='ocrx_word' id='word_1_411' title='bbox 2086 3249 2156 3288; x_wconf 80' lang='lat' dir='ltr'><strong>ex</strong></span> 
     </span>
    </p>
   </div>
   <div class='ocr_carea' id='block_1_63' title="bbox 2262 3225 3844 3302">
    <p class='ocr_par' dir='ltr' id='par_1_63' title="bbox 2269 3225 3844 3302">
     <span class='ocr_line' id='line_1_63' title="bbox 2269 3225 3844 3302; baseline 0.002 -23"><span class='ocrx_word' id='word_1_412' title='bbox 2269 3228 2400 3301; x_wconf 85' lang='grc' dir='ltr'>μίαν</span> <span class='ocrx_word' id='word_1_413' title='bbox 2459 3230 2558 3299; x_wconf 83' lang='grc' dir='ltr'><strong>μὲν</strong></span> <span class='ocrx_word' id='word_1_414' title='bbox 2611 3225 2783 3294; x_wconf 70' lang='grc' dir='ltr'>εἶπεν,</span> <span class='ocrx_word' id='word_1_415' title='bbox 2838 3231 2930 3282; x_wconf 76' lang='grc' dir='ltr'>ἐπὶ</span> <span class='ocrx_word' id='word_1_416' title='bbox 2962 3230 3066 3283; x_wconf 85' lang='grc' dir='ltr'>τῶν</span> <span class='ocrx_word' id='word_1_417' title='bbox 3093 3231 3151 3297; x_wconf 76' lang='grc' dir='ltr'><strong>ἐξ</strong></span> <span class='ocrx_word' id='word_1_418' title='bbox 3205 3231 3397 3294; x_wconf 79' lang='grc' dir='ltr'>ἐθνῶν,</span> <span class='ocrx_word' id='word_1_419' title='bbox 3430 3227 3510 3295; x_wconf 75' lang='grc' dir='ltr'>οἷς</span> <span class='ocrx_word' id='word_1_420' title='bbox 3549 3234 3648 3283; x_wconf 74' lang='grc' dir='ltr'>οὐκ</span> <span class='ocrx_word' id='word_1_421' title='bbox 3675 3231 3844 3302; x_wconf 72' lang='grc' dir='ltr'>ἐδόθη</span> 
     </span>
    </p>
   </div>
   <div class='ocr_carea' id='block_1_64' title="bbox 582 3322 2159 3400">
    <p class='ocr_par' dir='ltr' id='par_1_64' title="bbox 582 3322 2159 3392">
     <span class='ocr_line' id='line_1_64' title="bbox 582 3322 2159 3392; baseline 0.004 -17"><span class='ocrx_word' id='word_1_422' title='bbox 582 3322 840 3389; x_wconf 74' lang='lat' dir='ltr'><strong>gentibus</strong></span> <span class='ocrx_word' id='word_1_423' title='bbox 888 3323 1058 3376; x_wconf 76' lang='lat' dir='ltr'><strong>futuri</strong></span> <span class='ocrx_word' id='word_1_424' title='bbox 1103 3336 1283 3386; x_wconf 87' lang='lat' dir='ltr'><strong>erant,</strong></span> <span class='ocrx_word' id='word_1_425' title='bbox 1330 3324 1421 3378; x_wconf 86' lang='lat' dir='ltr'><strong>alii</strong></span> <span class='ocrx_word' id='word_1_426' title='bbox 1469 3341 1532 3379; x_wconf 79' lang='lat' dir='ltr'><strong>ex</strong></span> <span class='ocrx_word' id='word_1_427' title='bbox 1576 3327 2023 3392; x_wconf 86' lang='lat' dir='ltr'><strong>circumcisione,</strong></span> <span class='ocrx_word' id='word_1_428' title='bbox 2055 3327 2159 3382; x_wconf 86' lang='lat' dir='ltr'><strong>ini-</strong></span> 
     </span>
    </p>
   </div>
   <div class='ocr_carea' id='block_1_65' title="bbox 2262 3322 3843 3400">
    <p class='ocr_par' dir='ltr' id='par_1_65' title="bbox 2264 3322 3843 3400">
     <span class='ocr_line' id='line_1_65' title="bbox 2264 3322 3843 3400; baseline -0.001 -22"><span class='ocrx_word' id='word_1_429' title='bbox 2264 3322 2467 3400; x_wconf 75' lang='grc' dir='ltr'>νόμος*</span> <span class='ocrx_word' id='word_1_430' title='bbox 2520 3323 2800 3393; x_wconf 75' lang='grc' dir='ltr'>ἁμαρτίαν</span> <span class='ocrx_word' id='word_1_431' title='bbox 2845 3326 2923 3390; x_wconf 86' lang='grc' dir='ltr'><strong>δὲ,</strong></span> <span class='ocrx_word' id='word_1_432' title='bbox 2976 3327 3071 3378; x_wconf 79' lang='grc' dir='ltr'>ἐπὶ</span> <span class='ocrx_word' id='word_1_433' title='bbox 3115 3326 3226 3377; x_wconf 83' lang='grc' dir='ltr'>τῶν</span> <span class='ocrx_word' id='word_1_434' title='bbox 3269 3328 3331 3378; x_wconf 82' lang='grc' dir='ltr'><strong>ἐκ</strong></span> <span class='ocrx_word' id='word_1_435' title='bbox 3365 3327 3688 3397; x_wconf 79' lang='grc' dir='ltr'>περιτομῆς,</span> <span class='ocrx_word' id='word_1_436' title='bbox 3718 3324 3843 3378; x_wconf 80' lang='grc' dir='ltr'><strong>τῶν</strong></span> 
     </span>
    </p>
   </div>
   <div class='ocr_carea' id='block_1_66' title="bbox 582 3414 2159 3488">
    <p class='ocr_par' dir='ltr' id='par_1_66' title="bbox 582 3414 2159 3488">
     <span class='ocr_line' id='line_1_66' title="bbox 582 3414 2159 3488; baseline 0.005 -23"><span class='ocrx_word' id='word_1_437' title='bbox 582 3414 818 3481; x_wconf 85' lang='lat' dir='ltr'><strong>quitates</strong></span> <span class='ocrx_word' id='word_1_438' title='bbox 848 3414 1066 3484; x_wconf 85' lang='lat' dir='ltr'><strong>quidem</strong></span> <span class='ocrx_word' id='word_1_439' title='bbox 1097 3431 1218 3485; x_wconf 74' lang='lat' dir='ltr'><strong>qua:</strong></span> <span class='ocrx_word' id='word_1_440' title='bbox 1245 3416 1430 3472; x_wconf 67' lang='lat' dir='ltr'><strong>Graeca</strong></span> <span class='ocrx_word' id='word_1_441' title='bbox 1479 3418 1725 3472; x_wconf 87' lang='lat' dir='ltr'><strong>dictione</strong></span> <span class='ocrx_word' id='word_1_442' title='bbox 1774 3419 1999 3488; x_wconf 83' lang='grc' dir='ltr'>ἀνομίαι</span> <span class='ocrx_word' id='word_1_443' title='bbox 2052 3418 2159 3473; x_wconf 82' lang='lat' dir='ltr'><strong>hoc</strong></span> 
     </span>
    </p>
   </div>
   <div class='ocr_carea' id='block_1_67' title="bbox 2262 3414 3686 3488">
    <p class='ocr_par' dir='ltr' id='par_1_67' title="bbox 2266 3414 3686 3486">
     <span class='ocr_line' id='line_1_67' title="bbox 2266 3414 3686 3486; baseline -0.001 -17"><span class='ocrx_word' id='word_1_444' title='bbox 2266 3416 2372 3469; x_wconf 83' lang='grc' dir='ltr'>ὑπὸ</span> <span class='ocrx_word' id='word_1_445' title='bbox 2401 3414 2491 3468; x_wconf 74' lang='grc' dir='ltr'><strong>τὸν</strong></span> <span class='ocrx_word' id='word_1_446' title='bbox 2525 3415 2724 3483; x_wconf 56' lang='grc' dir='ltr'>νόμον</span> <span class='ocrx_word' id='word_1_447' title='bbox 2760 3415 3012 3485; x_wconf 83' lang='grc' dir='ltr'>ἁμαρτία</span> <span class='ocrx_word' id='word_1_448' title='bbox 3040 3416 3168 3485; x_wconf 75' lang='grc' dir='ltr'>γὰρ,</span> <span class='ocrx_word' id='word_1_449' title='bbox 3208 3416 3466 3486; x_wconf 77' lang='grc' dir='ltr'>ἀθέτησις</span> <span class='ocrx_word' id='word_1_450' title='bbox 3500 3416 3686 3485; x_wconf 78' lang='grc' dir='ltr'>νόμον.</span> 
     </span>
    </p>
   </div>
   <div class='ocr_carea' id='block_1_68' title="bbox 580 3509 3839 3591">
    <p class='ocr_par' dir='ltr' id='par_1_68' title="bbox 580 3509 3839 3591">
     <span class='ocr_line' id='line_1_68' title="bbox 580 3509 3839 3591; baseline 0 -24"><span class='ocrx_word' id='word_1_451' title='bbox 580 3522 664 3567; x_wconf 86' lang='lat' dir='ltr'><strong>est</strong></span> <span class='ocrx_word' id='word_1_452' title='bbox 692 3511 907 3581; x_wconf 64' lang='lat' dir='ltr'><strong>etleges</strong></span> <span class='ocrx_word' id='word_1_453' title='bbox 966 3517 1146 3575; x_wconf 87' lang='lat' dir='ltr'><strong>erant,</strong></span> <span class='ocrx_word' id='word_1_454' title='bbox 1213 3510 1281 3566; x_wconf 93' lang='lat' dir='ltr'><strong>de</strong></span> <span class='ocrx_word' id='word_1_455' title='bbox 1301 3512 1599 3581; x_wconf 79' lang='lat' dir='ltr'><strong>gentilibus</strong></span> <span class='ocrx_word' id='word_1_456' title='bbox 1625 3512 1877 3581; x_wconf 82' lang='lat' dir='ltr'><strong>dicit‘qui</strong></span> <span class='ocrx_word' id='word_1_457' title='bbox 1910 3512 2059 3565; x_wconf 85' lang='lat' dir='ltr'><strong>omni</strong></span> <span class='ocrx_word' id='word_1_458' title='bbox 2085 3524 2316 3591; x_wconf 77' lang='lat' dir='ltr'><strong>prorsus</strong></span> <span class='ocrx_word' id='word_1_459' title='bbox 2342 3510 2605 3565; x_wconf 88' lang='lat' dir='ltr'><strong>carebant</strong></span> <span class='ocrx_word' id='word_1_460' title='bbox 2644 3509 2797 3579; x_wconf 81' lang='lat' dir='ltr'><strong>lege;</strong></span> <span class='ocrx_word' id='word_1_461' title='bbox 2829 3518 3053 3580; x_wconf 79' lang='lat' dir='ltr'><strong>peccata</strong></span> <span class='ocrx_word' id='word_1_462' title='bbox 3083 3524 3213 3565; x_wconf 75' lang='lat' dir='ltr'><strong>vero</strong></span> <span class='ocrx_word' id='word_1_463' title='bbox 3244 3509 3311 3565; x_wconf 86' lang='lat' dir='ltr'><strong>de</strong></span> <span class='ocrx_word' id='word_1_464' title='bbox 3341 3509 3565 3577; x_wconf 80' lang='lat' dir='ltr'><strong>Judaeis,</strong></span> <span class='ocrx_word' id='word_1_465' title='bbox 3603 3513 3699 3583; x_wconf 85' lang='lat' dir='ltr'><strong>qui</strong></span> <span class='ocrx_word' id='word_1_466' title='bbox 3730 3513 3839 3567; x_wconf 85' lang='lat' dir='ltr'><strong>sub</strong></span> 
     </span>
    </p>
   </div>
   <div class='ocr_carea' id='block_1_69' title="bbox 580 3601 2511 3674">
    <p class='ocr_par' dir='ltr' id='par_1_69' title="bbox 580 3601 2511 3674">
     <span class='ocr_line' id='line_1_69' title="bbox 580 3601 2511 3674; baseline 0 -17"><span class='ocrx_word' id='word_1_467' title='bbox 580 3603 699 3673; x_wconf 80' lang='lat' dir='ltr'><strong>lege</strong></span> <span class='ocrx_word' id='word_1_468' title='bbox 727 3612 907 3657; x_wconf 86' lang='lat' dir='ltr'><strong>erant.</strong></span> <span class='ocrx_word' id='word_1_469' title='bbox 942 3601 1233 3656; x_wconf 85' lang='lat' dir='ltr'><strong>Peccatum</strong></span> <span class='ocrx_word' id='word_1_470' title='bbox 1258 3603 1404 3656; x_wconf 90' lang='lat' dir='ltr'><strong>enim</strong></span> <span class='ocrx_word' id='word_1_471' title='bbox 1433 3604 1717 3674; x_wconf 81' lang='lat' dir='ltr'><strong>neglectus</strong></span> <span class='ocrx_word' id='word_1_472' title='bbox 1741 3614 1847 3668; x_wconf 86' lang='lat' dir='ltr'><strong>est,</strong></span> <span class='ocrx_word' id='word_1_473' title='bbox 1873 3612 1967 3658; x_wconf 88' lang='lat' dir='ltr'><strong>aut</strong></span> <span class='ocrx_word' id='word_1_474' title='bbox 1987 3613 2331 3674; x_wconf 81' lang='lat' dir='ltr'><strong>contemptus</strong></span> <span class='ocrx_word' id='word_1_475' title='bbox 2356 3602 2511 3671; x_wconf 74' lang='lat' dir='ltr'><strong>legis.</strong></span> 
     </span>
    </p>
   </div>
   <div class='ocr_carea' id='block_1_70' title="bbox 651 3693 2153 3765">
    <p class='ocr_par' dir='ltr' id='par_1_70' title="bbox 651 3693 2153 3765">
     <span class='ocr_line' id='line_1_70' title="bbox 651 3693 2153 3765; baseline 0.001 -18"><span class='ocrx_word' id='word_1_476' title='bbox 651 3693 818 3748; x_wconf 76' lang='lat' dir='ltr'><strong>Vsus.</strong></span> <span class='ocrx_word' id='word_1_477' title='bbox 845 3697 899 3748; x_wconf 70' lang='lat'><strong>2.</strong></span> <span class='ocrx_word' id='word_1_478' title='bbox 933 3693 1130 3749; x_wconf 77' lang='lat' dir='ltr'><strong>Beatus</strong></span> <span class='ocrx_word' id='word_1_479' title='bbox 1162 3697 1245 3749; x_wconf 80' lang='lat' dir='ltr'><strong>vir</strong></span> <span class='ocrx_word' id='word_1_480' title='bbox 1274 3697 1361 3750; x_wconf 84' lang='lat' dir='ltr'><strong>cui</strong></span> <span class='ocrx_word' id='word_1_481' title='bbox 1389 3714 1491 3751; x_wconf 89' lang='lat' dir='ltr'><strong>non</strong></span> <span class='ocrx_word' id='word_1_482' title='bbox 1528 3698 1867 3765; x_wconf 76' lang='lat' dir='ltr'><strong>imputarerit</strong></span> <span class='ocrx_word' id='word_1_483' title='bbox 1902 3697 2153 3751; x_wconf 80' lang='lat' dir='ltr'><strong>Dominus</strong></span> 
     </span>
    </p>
   </div>
   <div class='ocr_carea' id='block_1_71' title="bbox 580 3786 2151 3859">
    <p class='ocr_par' dir='ltr' id='par_1_71' title="bbox 580 3786 2151 3859">
     <span class='ocr_line' id='line_1_71' title="bbox 580 3786 2151 3859; baseline 0.003 -20"><span class='ocrx_word' id='word_1_484' title='bbox 580 3796 873 3856; x_wconf 81' lang='lat' dir='ltr'><strong>peccatum.</strong></span> <span class='ocrx_word' id='word_1_485' title='bbox 898 3786 998 3840; x_wconf 79' lang='lat' dir='ltr'><strong>Cui</strong></span> <span class='ocrx_word' id='word_1_486' title='bbox 1022 3800 1086 3840; x_wconf 90' lang='lat' dir='ltr'><strong>ea</strong></span> <span class='ocrx_word' id='word_1_487' title='bbox 1110 3790 1322 3842; x_wconf 85' lang='lat' dir='ltr'><strong>ratione</strong></span> <span class='ocrx_word' id='word_1_488' title='bbox 1345 3796 1628 3857; x_wconf 88' lang='lat' dir='ltr'><strong>peccatum</strong></span> <span class='ocrx_word' id='word_1_489' title='bbox 1653 3804 1762 3844; x_wconf 86' lang='lat' dir='ltr'><strong>non</strong></span> <span class='ocrx_word' id='word_1_490' title='bbox 1810 3790 2151 3859; x_wconf 72' lang='lat' dir='ltr'><strong>ascripserit,</strong></span> 
     </span>
    </p>
   </div>
   <div class='ocr_carea' id='block_1_72' title="bbox 578 3879 2151 3952">
    <p class='ocr_par' dir='ltr' id='par_1_72' title="bbox 578 3879 2151 3952">
     <span class='ocr_line' id='line_1_72' title="bbox 578 3879 2151 3952; baseline 0.004 -21"><span class='ocrx_word' id='word_1_491' title='bbox 578 3879 725 3948; x_wconf 89' lang='lat' dir='ltr'><strong>quod</strong></span> <span class='ocrx_word' id='word_1_492' title='bbox 753 3879 1191 3947; x_wconf 74' lang='lat' dir='ltr'><strong>regenerationis</strong></span> <span class='ocrx_word' id='word_1_493' title='bbox 1218 3880 1494 3935; x_wconf 79' lang='lat' dir='ltr'><strong>lavacrum</strong></span> <span class='ocrx_word' id='word_1_494' title='bbox 1523 3882 1769 3936; x_wconf 86' lang='lat' dir='ltr'><strong>ablutum</strong></span> <span class='ocrx_word' id='word_1_495' title='bbox 1792 3882 1929 3952; x_wconf 88' lang='lat' dir='ltr'><strong>jam,</strong></span> <span class='ocrx_word' id='word_1_496' title='bbox 1956 3896 2018 3936; x_wconf 85' lang='lat' dir='ltr'><strong>ac</strong></span> <span class='ocrx_word' id='word_1_497' title='bbox 2050 3896 2151 3950; x_wconf 80' lang='lat' dir='ltr'><strong>pe-</strong></span> 
     </span>
    </p>
   </div>
   <div class='ocr_carea' id='block_1_73' title="bbox 2326 3691 3837 3769">
    <p class='ocr_par' dir='ltr' id='par_1_73' title="bbox 2326 3691 3837 3769">
     <span class='ocr_line' id='line_1_73' title="bbox 2326 3691 3837 3769; baseline 0.001 -20"><span class='ocrx_word' id='word_1_498' title='bbox 2326 3694 2633 3762; x_wconf 80' lang='grc' dir='ltr'>Μακάριος</span> <span class='ocrx_word' id='word_1_499' title='bbox 2680 3694 2861 3765; x_wconf 81' lang='grc' dir='ltr'><strong>ἀνὴρ.</strong></span> <span class='ocrx_word' id='word_1_500' title='bbox 2915 3691 2963 3765; x_wconf 77' lang='grc' dir='ltr'>ᾧ</span> <span class='ocrx_word' id='word_1_501' title='bbox 3012 3701 3085 3752; x_wconf 79' lang='grc' dir='ltr'>οὐ</span> <span class='ocrx_word' id='word_1_502' title='bbox 3128 3699 3214 3768; x_wconf 79' lang='grc' dir='ltr'>μὴ</span> <span class='ocrx_word' id='word_1_503' title='bbox 3253 3700 3560 3769; x_wconf 68' lang='grc' dir='ltr'>λογισεται</span> <span class='ocrx_word' id='word_1_504' title='bbox 3615 3699 3837 3766; x_wconf 80' lang='grc' dir='ltr'>Κύριος</span> 
     </span>
    </p>
   </div>
   <div class='ocr_carea' id='block_1_74' title="bbox 2252 3780 3841 3864">
    <p class='ocr_par' dir='ltr' id='par_1_74' title="bbox 2252 3780 3841 3864">
     <span class='ocr_line' id='line_1_74' title="bbox 2252 3780 3841 3864; baseline 0.004 -25"><span class='ocrx_word' id='word_1_505' title='bbox 2252 3786 2567 3856; x_wconf 73' lang='grc' dir='ltr'>ἁμαρτίαν.</span> <span class='ocrx_word' id='word_1_506' title='bbox 2600 3780 2667 3859; x_wconf 77' lang='grc' dir='ltr'>ᾯ</span> <span class='ocrx_word' id='word_1_507' title='bbox 2689 3788 2791 3842; x_wconf 78' lang='grc' dir='ltr'><strong>οὐκ</strong></span> <span class='ocrx_word' id='word_1_508' title='bbox 2824 3791 3209 3861; x_wconf 59' lang='grc' dir='ltr'>ἐπιγράφεται,</span> <span class='ocrx_word' id='word_1_509' title='bbox 3243 3794 3304 3846; x_wconf 85' lang='grc' dir='ltr'><strong>οὐ</strong></span> <span class='ocrx_word' id='word_1_510' title='bbox 3343 3796 3622 3864; x_wconf 82' lang='grc' dir='ltr'>μετρήσει,</span> <span class='ocrx_word' id='word_1_511' title='bbox 3654 3793 3745 3845; x_wconf 70' lang='grc' dir='ltr'><strong>διὰ</strong></span> <span class='ocrx_word' id='word_1_512' title='bbox 3774 3793 3841 3845; x_wconf 77' lang='grc' dir='ltr'>τὸ</span> 
     </span>
    </p>
   </div>
   <div class='ocr_carea' id='block_1_75' title="bbox 2247 3882 3842 3957">
    <p class='ocr_par' dir='ltr' id='par_1_75' title="bbox 2247 3882 3842 3957">
     <span class='ocr_line' id='line_1_75' title="bbox 2247 3882 3842 3957; baseline 0.004 -24"><span class='ocrx_word' id='word_1_513' title='bbox 2247 3882 2607 3954; x_wconf 79' lang='grc' dir='ltr'>ἀφανισθῆναι</span> <span class='ocrx_word' id='word_1_514' title='bbox 2627 3884 2834 3956; x_wconf 77' lang='grc' dir='ltr'>ταύτην</span> <span class='ocrx_word' id='word_1_515' title='bbox 2854 3885 3003 3955; x_wconf 79' lang='grc' dir='ltr'>παρὰ</span> <span class='ocrx_word' id='word_1_516' title='bbox 3024 3886 3118 3940; x_wconf 78' lang='grc' dir='ltr'><strong>τοῦ</strong></span> <span class='ocrx_word' id='word_1_517' title='bbox 3149 3888 3246 3957; x_wconf 80' lang='grc' dir='ltr'>τῆς</span> <span class='ocrx_word' id='word_1_518' title='bbox 3269 3888 3683 3956; x_wconf 74' lang='grc' dir='ltr'>παλιγγενεσίας</span> <span class='ocrx_word' id='word_1_519' title='bbox 3706 3888 3842 3943; x_wconf 74' lang='grc' dir='ltr'>λου-</span> 
     </span>
    </p>
   </div>
   <div class='ocr_carea' id='block_1_76' title="bbox 579 3958 2159 4050">
    <p class='ocr_par' dir='ltr' id='par_1_76' title="bbox 579 3958 2146 4043">
     <span class='ocr_line' id='line_1_76' title="bbox 579 3958 2146 4043; baseline 0.002 -19"><span class='ocrx_word' id='word_1_520' title='bbox 579 3970 729 4024; x_wconf 83' lang='lat' dir='ltr'><strong>ni‘tus</strong></span> <span class='ocrx_word' id='word_1_521' title='bbox 751 3970 986 4024; x_wconf 88' lang='lat' dir='ltr'><strong>deletum</strong></span> <span class='ocrx_word' id='word_1_522' title='bbox 1007 3972 1100 4028; x_wconf 90' lang='lat' dir='ltr'><strong>sit.</strong></span> <span class='ocrx_word' id='word_1_523' title='bbox 1126 3958 1410 4027; x_wconf 73' lang='lat' dir='ltr'><strong>Peccatum</strong></span> <span class='ocrx_word' id='word_1_524' title='bbox 1437 3973 1812 4029; x_wconf 74' lang='lat' dir='ltr'><strong>indilfcrenter</strong></span> <span class='ocrx_word' id='word_1_525' title='bbox 1836 3973 2018 4042; x_wconf 88' lang='lat' dir='ltr'><strong>posuit</strong></span> <span class='ocrx_word' id='word_1_526' title='bbox 2047 3988 2146 4043; x_wconf 84' lang='lat' dir='ltr'><strong>pro</strong></span> 
     </span>
    </p>
   </div>
   <div class='ocr_carea' id='block_1_77' title="bbox 2262 3958 3839 4050">
    <p class='ocr_par' dir='ltr' id='par_1_77' title="bbox 2262 3971 3839 4050">
     <span class='ocr_line' id='line_1_77' title="bbox 2262 3971 3839 4050; baseline 0.005 -27"><span class='ocrx_word' id='word_1_527' title='bbox 2262 3971 2397 4041; x_wconf 78' lang='grc' dir='ltr'>ιροῦ.</span> <span class='ocrx_word' id='word_1_528' title='bbox 2426 3975 2736 4044; x_wconf 76' lang='grc' dir='ltr'>Ἀμαρτίαν</span> <span class='ocrx_word' id='word_1_529' title='bbox 2752 3978 2806 4030; x_wconf 81' lang='grc' dir='ltr'>δὲ</span> <span class='ocrx_word' id='word_1_530' title='bbox 2829 3977 2923 4031; x_wconf 83' lang='grc' dir='ltr'>νῦν</span> <span class='ocrx_word' id='word_1_531' title='bbox 2944 3979 3254 4047; x_wconf 78' lang='grc' dir='ltr'>ἀδιαφόρως</span> <span class='ocrx_word' id='word_1_532' title='bbox 3280 3981 3335 4032; x_wconf 81' lang='grc' dir='ltr'>τὸ</span> <span class='ocrx_word' id='word_1_533' title='bbox 3352 3980 3517 4050; x_wconf 82' lang='grc' dir='ltr'>εγκλη</span> <span class='ocrx_word' id='word_1_534' title='bbox 3527 3998 3602 4047; x_wconf 88' lang='grc' dir='ltr'><strong>μα</strong></span> <span class='ocrx_word' id='word_1_535' title='bbox 3622 3979 3839 4047; x_wconf 73' lang='grc' dir='ltr'><strong>κέκλη-</strong></span> 
     </span>
    </p>
   </div>
   <div class='ocr_carea' id='block_1_78' title="bbox 576 4062 2159 4142">
    <p class='ocr_par' dir='ltr' id='par_1_78' title="bbox 576 4062 2155 4134">
     <span class='ocr_line' id='line_1_78' title="bbox 576 4062 2155 4134; baseline 0.001 -19"><span class='ocrx_word' id='word_1_536' title='bbox 576 4064 759 4132; x_wconf 90' lang='lat' dir='ltr'><strong>culpa.</strong></span> <span class='ocrx_word' id='word_1_537' title='bbox 784 4062 1014 4127; x_wconf 78' lang='lat' dir='ltr'><strong>Quidam</strong></span> <span class='ocrx_word' id='word_1_538' title='bbox 1044 4072 1227 4117; x_wconf 88' lang='lat' dir='ltr'><strong>autem</strong></span> <span class='ocrx_word' id='word_1_539' title='bbox 1260 4063 1400 4118; x_wconf 86' lang='lat' dir='ltr'><strong>idem</strong></span> <span class='ocrx_word' id='word_1_540' title='bbox 1434 4075 1666 4134; x_wconf 84' lang='lat' dir='ltr'><strong>utraque</strong></span> <span class='ocrx_word' id='word_1_541' title='bbox 1687 4065 1996 4134; x_wconf 75' lang='lat' dir='ltr'><strong>signiﬁcare</strong></span> <span class='ocrx_word' id='word_1_542' title='bbox 2019 4078 2155 4118; x_wconf 89' lang='lat' dir='ltr'><strong>con-</strong></span> 
     </span>
    </p>
   </div>
   <div class='ocr_carea' id='block_1_79' title="bbox 2262 4062 3837 4142">
    <p class='ocr_par' dir='ltr' id='par_1_79' title="bbox 2262 4067 3837 4142">
     <span class='ocr_line' id='line_1_79' title="bbox 2262 4067 3837 4142; baseline 0.004 -24"><span class='ocrx_word' id='word_1_543' title='bbox 2262 4083 2374 4121; x_wconf 80' lang='grc' dir='ltr'>κεν.</span> <span class='ocrx_word' id='word_1_544' title='bbox 2406 4067 2563 4131; x_wconf 83' lang='grc' dir='ltr'>Τινὲς</span> <span class='ocrx_word' id='word_1_545' title='bbox 2585 4069 2642 4121; x_wconf 83' lang='grc' dir='ltr'>δὲ</span> <span class='ocrx_word' id='word_1_546' title='bbox 2673 4069 2742 4123; x_wconf 82' lang='grc' dir='ltr'>τὰ</span> <span class='ocrx_word' id='word_1_547' title='bbox 2772 4070 2882 4124; x_wconf 70' lang='grc' dir='ltr'>ἄνω</span> <span class='ocrx_word' id='word_1_548' title='bbox 2907 4071 3065 4140; x_wconf 78' lang='grc' dir='ltr'><strong>ῥητὰ,</strong></span> <span class='ocrx_word' id='word_1_549' title='bbox 3096 4072 3409 4142; x_wconf 77' lang='grc' dir='ltr'>ἀδιαφόρως</span> <span class='ocrx_word' id='word_1_550' title='bbox 3432 4072 3837 4141; x_wconf 74' lang='grc' dir='ltr'>λαμϐάνουσιν,</span> 
     </span>
    </p>
   </div>
   <div class='ocr_carea' id='block_1_80' title="bbox 577 4153 2159 4231">
    <p class='ocr_par' dir='ltr' id='par_1_80' title="bbox 577 4153 2147 4226">
     <span class='ocr_line' id='line_1_80' title="bbox 577 4153 2147 4226; baseline 0.004 -21"><span class='ocrx_word' id='word_1_551' title='bbox 577 4153 865 4209; x_wconf 84' lang='lat' dir='ltr'><strong>tendentes</strong></span> <span class='ocrx_word' id='word_1_552' title='bbox 909 4154 1273 4224; x_wconf 69' lang='lat' dir='ltr'><strong>praecedentia</strong></span> <span class='ocrx_word' id='word_1_553' title='bbox 1307 4154 1451 4211; x_wconf 88' lang='lat' dir='ltr'><strong>dicta</strong></span> <span class='ocrx_word' id='word_1_554' title='bbox 1489 4155 1860 4213; x_wconf 64' lang='lat' dir='ltr'><strong>indiderenter</strong></span> <span class='ocrx_word' id='word_1_555' title='bbox 1899 4160 2147 4226; x_wconf 86' lang='lat' dir='ltr'><strong>capiunt.</strong></span> 
     </span>
    </p>
   </div>
   <div class='ocr_carea' id='block_1_81' title="bbox 2262 4153 3835 4231">
    <p class='ocr_par' dir='ltr' id='par_1_81' title="bbox 2262 4156 3835 4231">
     <span class='ocr_line' id='line_1_81' title="bbox 2262 4156 3835 4231; baseline 0.007 -24"><span class='ocrx_word' id='word_1_556' title='bbox 2262 4156 2324 4208; x_wconf 71' lang='lat' dir='ltr'><strong>hi</strong></span> <span class='ocrx_word' id='word_1_557' title='bbox 2353 4156 2696 4227; x_wconf 75' lang='grc' dir='ltr'>παραλλήλου</span> <span class='ocrx_word' id='word_1_558' title='bbox 2731 4157 2791 4210; x_wconf 83' lang='grc' dir='ltr'>τὸ</span> <span class='ocrx_word' id='word_1_559' title='bbox 2850 4158 2983 4211; x_wconf 80' lang='grc' dir='ltr'>αὐτὸ</span> <span class='ocrx_word' id='word_1_560' title='bbox 3044 4160 3293 4228; x_wconf 82' lang='grc' dir='ltr'>λέγοντες</span> <span class='ocrx_word' id='word_1_561' title='bbox 3317 4162 3483 4230; x_wconf 73' lang='grc' dir='ltr'>ἄμφω</span> <span class='ocrx_word' id='word_1_562' title='bbox 3513 4163 3835 4231; x_wconf 76' lang='grc' dir='ltr'>σημαίνειν.</span> 
     </span>
    </p>
   </div>
   <div class='ocr_carea' id='block_1_82' title="bbox 649 4243 2159 4319">
    <p class='ocr_par' dir='ltr' id='par_1_82' title="bbox 649 4243 2148 4319">
     <span class='ocr_line' id='line_1_82' title="bbox 649 4243 2148 4319; baseline 0.004 -21"><span class='ocrx_word' id='word_1_563' title='bbox 649 4243 763 4300; x_wconf 83' lang='lat' dir='ltr'><strong>Nec</strong></span> <span class='ocrx_word' id='word_1_564' title='bbox 818 4259 892 4300; x_wconf 78' lang='lat' dir='ltr'><strong>est</strong></span> <span class='ocrx_word' id='word_1_565' title='bbox 948 4248 1002 4300; x_wconf 87' lang='lat' dir='ltr'><strong>in</strong></span> <span class='ocrx_word' id='word_1_566' title='bbox 1060 4263 1151 4300; x_wconf 87' lang='lat' dir='ltr'><strong>ore</strong></span> <span class='ocrx_word' id='word_1_567' title='bbox 1198 4248 1315 4318; x_wconf 79' lang='lat' dir='ltr'><strong>ejus</strong></span> <span class='ocrx_word' id='word_1_568' title='bbox 1360 4248 1536 4303; x_wconf 83' lang='lat' dir='ltr'><strong>dolus.</strong></span> <span class='ocrx_word' id='word_1_569' title='bbox 1577 4248 1690 4304; x_wconf 83' lang='lat' dir='ltr'><strong>Nec</strong></span> <span class='ocrx_word' id='word_1_570' title='bbox 1720 4258 1845 4319; x_wconf 86' lang='lat' dir='ltr'><strong>post</strong></span> <span class='ocrx_word' id='word_1_571' title='bbox 1875 4250 2148 4319; x_wconf 85' lang='lat' dir='ltr'><strong>baptisma</strong></span> 
     </span>
    </p>
   </div>
   <div class='ocr_carea' id='block_1_83' title="bbox 2262 4243 3837 4319">
    <p class='ocr_par' dir='ltr' id='par_1_83' title="bbox 2331 4247 3837 4318">
     <span class='ocr_line' id='line_1_83' title="bbox 2331 4247 3837 4318; baseline 0.005 -18"><span class='ocrx_word' id='word_1_572' title='bbox 2331 4247 2483 4301; x_wconf 81' lang='grc' dir='ltr'><strong>Οὺδέ</strong></span> <span class='ocrx_word' id='word_1_573' title='bbox 2513 4249 2643 4301; x_wconf 85' lang='grc' dir='ltr'>ἐστι</span> <span class='ocrx_word' id='word_1_574' title='bbox 2678 4249 2748 4302; x_wconf 83' lang='grc' dir='ltr'><strong>ἐν</strong></span> <span class='ocrx_word' id='word_1_575' title='bbox 2788 4247 2868 4314; x_wconf 85' lang='grc' dir='ltr'>τῷ</span> <span class='ocrx_word' id='word_1_576' title='bbox 2912 4252 3160 4318; x_wconf 77' lang='grc' dir='ltr'>στόματι</span> <span class='ocrx_word' id='word_1_577' title='bbox 3210 4252 3392 4307; x_wconf 78' lang='grc' dir='ltr'>αὑτοῦ</span> <span class='ocrx_word' id='word_1_578' title='bbox 3426 4253 3627 4318; x_wconf 78' lang='grc' dir='ltr'>δόλος.</span> <span class='ocrx_word' id='word_1_579' title='bbox 3690 4255 3837 4307; x_wconf 79' lang='grc' dir='ltr'>Οὐδὲ</span> 
     </span>
    </p>
   </div>
   <div class='ocr_carea' id='block_1_84' title="bbox 576 4338 2159 4415">
    <p class='ocr_par' dir='ltr' id='par_1_84' title="bbox 576 4338 2151 4410">
     <span class='ocr_line' id='line_1_84' title="bbox 576 4338 2151 4410; baseline 0.004 -21"><span class='ocrx_word' id='word_1_580' title='bbox 576 4338 841 4391; x_wconf 89' lang='lat' dir='ltr'><strong>mentitus</strong></span> <span class='ocrx_word' id='word_1_581' title='bbox 877 4346 983 4399; x_wconf 89' lang='lat' dir='ltr'><strong>est,</strong></span> <span class='ocrx_word' id='word_1_582' title='bbox 1024 4346 1120 4390; x_wconf 79' lang='lat' dir='ltr'><strong>aut</strong></span> <span class='ocrx_word' id='word_1_583' title='bbox 1170 4339 1394 4393; x_wconf 68' lang='lat' dir='ltr'><strong>violarit</strong></span> <span class='ocrx_word' id='word_1_584' title='bbox 1458 4350 1638 4409; x_wconf 86' lang='lat' dir='ltr'><strong>pacta,</strong></span> <span class='ocrx_word' id='word_1_585' title='bbox 1690 4357 1812 4410; x_wconf 80' lang='lat' dir='ltr'><strong>qua:</strong></span> <span class='ocrx_word' id='word_1_586' title='bbox 1859 4356 1985 4396; x_wconf 87' lang='lat' dir='ltr'><strong>cum</strong></span> <span class='ocrx_word' id='word_1_587' title='bbox 2038 4340 2151 4396; x_wconf 92' lang='lat' dir='ltr'><strong>Deo</strong></span> 
     </span>
    </p>
   </div>
   <div class='ocr_carea' id='block_1_85' title="bbox 2262 4338 3829 4415">
    <p class='ocr_par' dir='ltr' id='par_1_85' title="bbox 2262 4338 3829 4415">
     <span class='ocr_line' id='line_1_85' title="bbox 2262 4338 3829 4415; baseline 0.006 -26"><span class='ocrx_word' id='word_1_588' title='bbox 2262 4338 2397 4406; x_wconf 78' lang='grc' dir='ltr'>μετὰ</span> <span class='ocrx_word' id='word_1_589' title='bbox 2429 4339 2487 4392; x_wconf 81' lang='grc' dir='ltr'>τὸ</span> <span class='ocrx_word' id='word_1_590' title='bbox 2522 4339 2805 4411; x_wconf 82' lang='grc' dir='ltr'>βάπτισμα</span> <span class='ocrx_word' id='word_1_591' title='bbox 2830 4341 3097 4411; x_wconf 77' lang='grc' dir='ltr'>ἐψεύσατο</span> <span class='ocrx_word' id='word_1_592' title='bbox 3127 4343 3223 4405; x_wconf 72' lang='grc' dir='ltr'><strong>τὰς</strong></span> <span class='ocrx_word' id='word_1_593' title='bbox 3250 4348 3327 4408; x_wconf 86' lang='grc' dir='ltr'>εξς</span> <span class='ocrx_word' id='word_1_594' title='bbox 3362 4344 3493 4397; x_wconf 77' lang='grc' dir='ltr'>Θεὸν</span> <span class='ocrx_word' id='word_1_595' title='bbox 3529 4344 3829 4415; x_wconf 81' lang='grc' dir='ltr'>συνθήκας.</span> 
     </span>
    </p>
   </div>
   <div class='ocr_carea' id='block_1_86' title="bbox 576 4428 2159 4506">
    <p class='ocr_par' dir='ltr' id='par_1_86' title="bbox 576 4428 2151 4505">
     <span class='ocr_line' id='line_1_86' title="bbox 576 4428 2151 4505; baseline 0.006 -24"><span class='ocrx_word' id='word_1_596' title='bbox 576 4428 761 4482; x_wconf 83' lang='lat' dir='ltr'><strong>habet.</strong></span> <span class='ocrx_word' id='word_1_597' title='bbox 820 4428 1013 4482; x_wconf 85' lang='lat' dir='ltr'><strong>Delum</strong></span> <span class='ocrx_word' id='word_1_598' title='bbox 1066 4428 1211 4483; x_wconf 88' lang='lat' dir='ltr'><strong>enim</strong></span> <span class='ocrx_word' id='word_1_599' title='bbox 1256 4430 1343 4485; x_wconf 84' lang='lat' dir='ltr'><strong>hic</strong></span> <span class='ocrx_word' id='word_1_600' title='bbox 1391 4447 1492 4501; x_wconf 90' lang='lat' dir='ltr'><strong>pro</strong></span> <span class='ocrx_word' id='word_1_601' title='bbox 1520 4434 1810 4489; x_wconf 86' lang='lat' dir='ltr'><strong>mendacio</strong></span> <span class='ocrx_word' id='word_1_602' title='bbox 1842 4433 2151 4505; x_wconf 76' lang='lat' dir='ltr'><strong>intelligere</strong></span> 
     </span>
    </p>
   </div>
   <div class='ocr_carea' id='block_1_87' title="bbox 2262 4428 3831 4506">
    <p class='ocr_par' dir='ltr' id='par_1_87' title="bbox 2262 4431 3831 4506">
     <span class='ocr_line' id='line_1_87' title="bbox 2262 4431 3831 4506; baseline 0.004 -24"><span class='ocrx_word' id='word_1_603' title='bbox 2262 4431 2415 4484; x_wconf 81' lang='grc' dir='ltr'>Δόλον</span> <span class='ocrx_word' id='word_1_604' title='bbox 2457 4433 2563 4503; x_wconf 83' lang='grc' dir='ltr'>γὰρ</span> <span class='ocrx_word' id='word_1_605' title='bbox 2596 4432 2712 4496; x_wconf 82' lang='grc' dir='ltr'>νῦν,</span> <span class='ocrx_word' id='word_1_606' title='bbox 2753 4436 2815 4484; x_wconf 81' lang='grc' dir='ltr'><strong>τὸ</strong></span> <span class='ocrx_word' id='word_1_607' title='bbox 2866 4432 3061 4501; x_wconf 80' lang='grc' dir='ltr'>ψεῦδος</span> <span class='ocrx_word' id='word_1_608' title='bbox 3109 4435 3468 4502; x_wconf 76' lang='grc' dir='ltr'>ὑποληπτέον.</span> <span class='ocrx_word' id='word_1_609' title='bbox 3537 4436 3831 4506; x_wconf 82' lang='grc' dir='ltr'>Ὁμολογεῖ</span> 
     </span>
    </p>
   </div>
   <div class='ocr_carea' id='block_1_88' title="bbox 574 4518 2147 4595">
    <p class='ocr_par' dir='ltr' id='par_1_88' title="bbox 574 4518 2147 4595">
     <span class='ocr_line' id='line_1_88' title="bbox 574 4518 2147 4595; baseline 0.006 -23"><span class='ocrx_word' id='word_1_610' title='bbox 574 4519 855 4573; x_wconf 86' lang='lat' dir='ltr'><strong>debemus.</strong></span> <span class='ocrx_word' id='word_1_611' title='bbox 891 4518 1188 4575; x_wconf 80' lang='lat' dir='ltr'><strong>Proﬁtetur</strong></span> <span class='ocrx_word' id='word_1_612' title='bbox 1219 4521 1365 4574; x_wconf 88' lang='lat' dir='ltr'><strong>enim</strong></span> <span class='ocrx_word' id='word_1_613' title='bbox 1418 4524 1490 4587; x_wconf 88' lang='lat' dir='ltr'><strong>is,</strong></span> <span class='ocrx_word' id='word_1_614' title='bbox 1525 4528 1620 4593; x_wconf 84' lang='lat' dir='ltr'><strong>qui</strong></span> <span class='ocrx_word' id='word_1_615' title='bbox 1653 4526 1986 4594; x_wconf 78' lang='lat' dir='ltr'><strong>baptizatur,</strong></span> <span class='ocrx_word' id='word_1_616' title='bbox 2017 4540 2147 4595; x_wconf 87' lang='lat' dir='ltr'><strong>ope-</strong></span> 
     </span>
    </p>
   </div>
   <div class='ocr_carea' id='block_1_89' title="bbox 2251 4522 3824 4597">
    <p class='ocr_par' dir='ltr' id='par_1_89' title="bbox 2251 4522 3824 4597">
     <span class='ocr_line' id='line_1_89' title="bbox 2251 4522 3824 4597; baseline 0.004 -24"><span class='ocrx_word' id='word_1_617' title='bbox 2251 4522 2361 4591; x_wconf 85' lang='grc' dir='ltr'>γὰρ</span> <span class='ocrx_word' id='word_1_618' title='bbox 2391 4523 2419 4575; x_wconf 84' lang='grc' dir='ltr'><strong>ὁ</strong></span> <span class='ocrx_word' id='word_1_619' title='bbox 2474 4522 2869 4594; x_wconf 78' lang='grc' dir='ltr'>βαπτιζόμενος</span> <span class='ocrx_word' id='word_1_620' title='bbox 2918 4525 3297 4591; x_wconf 73' lang='grc' dir='ltr'>ἀποτάξασθαι</span> <span class='ocrx_word' id='word_1_621' title='bbox 3355 4528 3453 4595; x_wconf 86' lang='grc' dir='ltr'>μὲν</span> <span class='ocrx_word' id='word_1_622' title='bbox 3496 4531 3611 4590; x_wconf 84' lang='grc' dir='ltr'>τοῖς</span> <span class='ocrx_word' id='word_1_623' title='bbox 3639 4529 3824 4597; x_wconf 72' lang='grc' dir='ltr'>ἔργοις</span> 
     </span>
    </p>
   </div>
   <div class='ocr_carea' id='block_1_90' title="bbox 573 4606 2159 4713">
    <p class='ocr_par' dir='ltr' id='par_1_90' title="bbox 573 4606 2146 4676">
     <span class='ocr_line' id='line_1_90' title="bbox 573 4606 2146 4676; baseline 0.009 -18"><span class='ocrx_word' id='word_1_624' title='bbox 573 4606 728 4661; x_wconf 90' lang='lat' dir='ltr'><strong>ribus</strong></span> <span class='ocrx_word' id='word_1_625' title='bbox 758 4608 1068 4662; x_wconf 62' lang='lat' dir='ltr'><strong>daemonum</strong></span> <span class='ocrx_word' id='word_1_626' title='bbox 1113 4611 1476 4676; x_wconf 86' lang='lat' dir='ltr'><strong>renuntiare,</strong></span> <span class='ocrx_word' id='word_1_627' title='bbox 1528 4622 1583 4667; x_wconf 88' lang='lat' dir='ltr'><strong>et</strong></span> <span class='ocrx_word' id='word_1_628' title='bbox 1630 4612 1837 4669; x_wconf 84' lang='lat' dir='ltr'><strong>Christi</strong></span> <span class='ocrx_word' id='word_1_629' title='bbox 1869 4617 2146 4672; x_wconf 85' lang='lat' dir='ltr'><strong>mandatis</strong></span> 
     </span>
    </p>
   </div>
   <div class='ocr_carea' id='block_1_91' title="bbox 2262 4606 3716 4713">
    <p class='ocr_par' dir='ltr' id='par_1_91' title="bbox 2262 4613 3716 4686">
     <span class='ocr_line' id='line_1_91' title="bbox 2262 4613 3716 4686; baseline 0.003 -20"><span class='ocrx_word' id='word_1_630' title='bbox 2262 4613 2347 4667; x_wconf 80' lang='grc' dir='ltr'>τοῦ</span> <span class='ocrx_word' id='word_1_631' title='bbox 2379 4614 2659 4685; x_wconf 79' lang='grc' dir='ltr'>δαίμονος,</span> <span class='ocrx_word' id='word_1_632' title='bbox 2714 4615 3082 4681; x_wconf 80' lang='grc' dir='ltr'>συντάξασθαι</span> <span class='ocrx_word' id='word_1_633' title='bbox 3104 4617 3160 4669; x_wconf 83' lang='grc' dir='ltr'>δὲ</span> <span class='ocrx_word' id='word_1_634' title='bbox 3192 4619 3304 4680; x_wconf 84' lang='grc' dir='ltr'>τοῖς</span> <span class='ocrx_word' id='word_1_635' title='bbox 3328 4618 3420 4671; x_wconf 84' lang='grc' dir='ltr'>τοῦ</span> <span class='ocrx_word' id='word_1_636' title='bbox 3450 4618 3716 4686; x_wconf 77' lang='grc' dir='ltr'>Χριστοῦ.</span> 
     </span>
    </p>
   </div>
   <div class='ocr_carea' id='block_1_92' title="bbox 573 4696 982 4767">
    <p class='ocr_par' dir='ltr' id='par_1_92' title="bbox 573 4696 982 4767">
     <span class='ocr_line' id='line_1_92' title="bbox 573 4696 982 4767; baseline 0 -17"><span class='ocrx_word' id='word_1_637' title='bbox 573 4712 631 4751; x_wconf 68' lang='lat' dir='ltr'><strong>se</strong></span> <span class='ocrx_word' id='word_1_638' title='bbox 663 4696 982 4767; x_wconf 72' lang='lat' dir='ltr'><strong>adiungere.</strong></span> 
     </span>
    </p>
   </div>
   <div class='ocr_carea' id='block_1_93' title="bbox 652 4789 2143 4872">
    <p class='ocr_par' dir='ltr' id='par_1_93' title="bbox 652 4789 2143 4872">
     <span class='ocr_line' id='line_1_93' title="bbox 652 4789 2143 4872; baseline 0.013 -32"><span class='ocrx_word' id='word_1_639' title='bbox 652 4790 811 4844; x_wconf 73' lang='lat' dir='ltr'><strong>Vsus.</strong></span> <span class='ocrx_word' id='word_1_640' title='bbox 837 4791 889 4844; x_wconf 84' lang='lat'><strong>&#39;5.</strong></span> <span class='ocrx_word' id='word_1_641' title='bbox 923 4789 1186 4855; x_wconf 84' lang='lat' dir='ltr'><strong>Quoniam</strong></span> <span class='ocrx_word' id='word_1_642' title='bbox 1223 4795 1384 4849; x_wconf 85' lang='lat' dir='ltr'><strong>tacui.</strong></span> <span class='ocrx_word' id='word_1_643' title='bbox 1418 4792 1566 4851; x_wconf 86' lang='lat' dir='ltr'><strong>Beati</strong></span> <span class='ocrx_word' id='word_1_644' title='bbox 1595 4798 1688 4853; x_wconf 91' lang='lat' dir='ltr'><strong>isti</strong></span> <span class='ocrx_word' id='word_1_645' title='bbox 1722 4809 1870 4866; x_wconf 90' lang='lat' dir='ltr'><strong>sunt,</strong></span> <span class='ocrx_word' id='word_1_646' title='bbox 1892 4816 1992 4872; x_wconf 71' lang='lat' dir='ltr'><strong>ego</strong></span> <span class='ocrx_word' id='word_1_647' title='bbox 2014 4818 2143 4859; x_wconf 72' lang='lat' dir='ltr'><strong>vero</strong></span> 
     </span>
    </p>
   </div>
   <div class='ocr_carea' id='block_1_94' title="bbox 572 4881 1367 4955">
    <p class='ocr_par' dir='ltr' id='par_1_94' title="bbox 572 4881 1367 4955">
     <span class='ocr_line' id='line_1_94' title="bbox 572 4881 1367 4955; baseline 0.008 -21"><span class='ocrx_word' id='word_1_648' title='bbox 572 4881 882 4953; x_wconf 80' lang='lat' dir='ltr'><strong>plaugendo</strong></span> <span class='ocrx_word' id='word_1_649' title='bbox 922 4884 1181 4955; x_wconf 82' lang='lat' dir='ltr'><strong>fatigatus</strong></span> <span class='ocrx_word' id='word_1_650' title='bbox 1214 4886 1367 4942; x_wconf 89' lang='lat' dir='ltr'><strong>silui.</strong></span> 
     </span>
    </p>
   </div>
   <div class='ocr_carea' id='block_1_95' title="bbox 644 4973 2141 5042">
    <p class='ocr_par' dir='ltr' id='par_1_95' title="bbox 644 4973 2141 5042">
     <span class='ocr_line' id='line_1_95' title="bbox 644 4973 2141 5042; baseline 0.008 -14"><span class='ocrx_word' id='word_1_651' title='bbox 644 4973 947 5028; x_wconf 78' lang='lat' dir='ltr'><strong>Inveterata</strong></span> <span class='ocrx_word' id='word_1_652' title='bbox 974 4987 1096 5030; x_wconf 86' lang='lat' dir='ltr'><strong>sunt</strong></span> <span class='ocrx_word' id='word_1_653' title='bbox 1123 4995 1243 5032; x_wconf 84' lang='lat' dir='ltr'><strong>ossa</strong></span> <span class='ocrx_word' id='word_1_654' title='bbox 1272 4995 1409 5042; x_wconf 77' lang='lat' dir='ltr'><strong>mea,</strong></span> <span class='ocrx_word' id='word_1_655' title='bbox 1436 4980 1563 5035; x_wconf 86' lang='lat' dir='ltr'><strong>dum</strong></span> <span class='ocrx_word' id='word_1_656' title='bbox 1596 4982 1878 5040; x_wconf 82' lang='lat' dir='ltr'><strong>clamarem</strong></span> <span class='ocrx_word' id='word_1_657' title='bbox 1900 4994 2011 5040; x_wconf 81' lang='lat' dir='ltr'><strong>tota</strong></span> <span class='ocrx_word' id='word_1_658' title='bbox 2033 4987 2141 5041; x_wconf 79' lang='lat' dir='ltr'><strong>die.</strong></span> 
     </span>
    </p>
   </div>
   <div class='ocr_carea' id='block_1_96' title="bbox 572 5065 2141 5134">
    <p class='ocr_par' dir='ltr' id='par_1_96' title="bbox 572 5065 2141 5134">
     <span class='ocr_line' id='line_1_96' title="bbox 572 5065 2141 5134; baseline 0.009 -15"><span class='ocrx_word' id='word_1_659' title='bbox 572 5065 696 5121; x_wconf 61' lang='lat' dir='ltr'><strong>&quot;me</strong></span> <span class='ocrx_word' id='word_1_660' title='bbox 732 5070 832 5122; x_wconf 79' lang='lat' dir='ltr'><strong>fuit</strong></span> <span class='ocrx_word' id='word_1_661' title='bbox 864 5070 1068 5123; x_wconf 89' lang='lat' dir='ltr'><strong>silentii</strong></span> <span class='ocrx_word' id='word_1_662' title='bbox 1099 5086 1289 5128; x_wconf 86' lang='lat' dir='ltr'><strong>causa.</strong></span> <span class='ocrx_word' id='word_1_663' title='bbox 1327 5075 1436 5129; x_wconf 90' lang='lat' dir='ltr'><strong>Per</strong></span> <span class='ocrx_word' id='word_1_664' title='bbox 1461 5089 1584 5129; x_wconf 87' lang='lat' dir='ltr'><strong>ossa</strong></span> <span class='ocrx_word' id='word_1_665' title='bbox 1615 5088 1799 5133; x_wconf 88' lang='lat' dir='ltr'><strong>autem</strong></span> <span class='ocrx_word' id='word_1_666' title='bbox 1830 5080 1974 5133; x_wconf 79' lang='lat' dir='ltr'><strong>vires</strong></span> <span class='ocrx_word' id='word_1_667' title='bbox 2008 5095 2141 5134; x_wconf 84' lang='lat' dir='ltr'><strong>suas</strong></span> 
     </span>
    </p>
   </div>
   <div class='ocr_carea' id='block_1_97' title="bbox 570 5161 2136 5235">
    <p class='ocr_par' dir='ltr' id='par_1_97' title="bbox 570 5161 2136 5235">
     <span class='ocr_line' id='line_1_97' title="bbox 570 5161 2136 5235; baseline 0.008 -22"><span class='ocrx_word' id='word_1_668' title='bbox 570 5161 822 5231; x_wconf 75' lang='lat' dir='ltr'><strong>intelligit</strong></span> <span class='ocrx_word' id='word_1_669' title='bbox 848 5177 863 5224; x_wconf 91' lang='lat'><strong>;</strong></span> <span class='ocrx_word' id='word_1_670' title='bbox 896 5177 1022 5216; x_wconf 85' lang='lat' dir='ltr'><strong>ossa</strong></span> <span class='ocrx_word' id='word_1_671' title='bbox 1048 5163 1193 5217; x_wconf 90' lang='lat' dir='ltr'><strong>enim</strong></span> <span class='ocrx_word' id='word_1_672' title='bbox 1233 5179 1438 5235; x_wconf 88' lang='lat' dir='ltr'><strong>corpus</strong></span> <span class='ocrx_word' id='word_1_673' title='bbox 1463 5168 1756 5230; x_wconf 83' lang='lat' dir='ltr'><strong>sustinent,</strong></span> <span class='ocrx_word' id='word_1_674' title='bbox 1792 5185 1856 5223; x_wconf 90' lang='lat' dir='ltr'><strong>ac</strong></span> <span class='ocrx_word' id='word_1_675' title='bbox 1885 5171 2136 5226; x_wconf 87' lang='lat' dir='ltr'><strong>stabilem</strong></span> 
     </span>
    </p>
   </div>
   <div class='ocr_carea' id='block_1_98' title="bbox 572 5250 2139 5323">
    <p class='ocr_par' dir='ltr' id='par_1_98' title="bbox 572 5250 2139 5323">
     <span class='ocr_line' id='line_1_98' title="bbox 572 5250 2139 5323; baseline 0.008 -20"><span class='ocrx_word' id='word_1_676' title='bbox 572 5251 827 5306; x_wconf 86' lang='lat' dir='ltr'><strong>reddunt.</strong></span> <span class='ocrx_word' id='word_1_677' title='bbox 864 5250 1170 5307; x_wconf 80' lang='lat' dir='ltr'><strong>lnveterata</strong></span> <span class='ocrx_word' id='word_1_678' title='bbox 1206 5265 1388 5310; x_wconf 87' lang='lat' dir='ltr'><strong>autem</strong></span> <span class='ocrx_word' id='word_1_679' title='bbox 1410 5267 1556 5323; x_wconf 86' lang='lat' dir='ltr'><strong>sunt,</strong></span> <span class='ocrx_word' id='word_1_680' title='bbox 1579 5257 1681 5313; x_wconf 83' lang='lat' dir='ltr'><strong>hoc</strong></span> <span class='ocrx_word' id='word_1_681' title='bbox 1710 5268 1795 5314; x_wconf 87' lang='lat' dir='ltr'><strong>est</strong></span> <span class='ocrx_word' id='word_1_682' title='bbox 1854 5260 2139 5316; x_wconf 79' lang='lat' dir='ltr'><strong>inﬁrmata</strong></span> 
     </span>
    </p>
   </div>
   <div class='ocr_carea' id='block_1_99' title="bbox 572 5342 2134 5418">
    <p class='ocr_par' dir='ltr' id='par_1_99' title="bbox 572 5342 2134 5418">
     <span class='ocr_line' id='line_1_99' title="bbox 572 5342 2134 5418; baseline 0.007 -24"><span class='ocrx_word' id='word_1_683' title='bbox 572 5356 636 5394; x_wconf 90' lang='lat' dir='ltr'><strong>ae</strong></span> <span class='ocrx_word' id='word_1_684' title='bbox 667 5342 975 5398; x_wconf 83' lang='lat' dir='ltr'><strong>debilitata.</strong></span> <span class='ocrx_word' id='word_1_685' title='bbox 1005 5343 1141 5399; x_wconf 81' lang='lat' dir='ltr'><strong>Nam</strong></span> <span class='ocrx_word' id='word_1_686' title='bbox 1171 5346 1317 5416; x_wconf 87' lang='lat' dir='ltr'><strong>quod</strong></span> <span class='ocrx_word' id='word_1_687' title='bbox 1351 5349 1635 5418; x_wconf 83' lang='lat' dir='ltr'><strong>antiquum</strong></span> <span class='ocrx_word' id='word_1_688' title='bbox 1658 5360 1763 5415; x_wconf 88' lang='lat' dir='ltr'><strong>est,</strong></span> <span class='ocrx_word' id='word_1_689' title='bbox 1789 5351 2023 5406; x_wconf 86' lang='lat' dir='ltr'><strong>debilius</strong></span> <span class='ocrx_word' id='word_1_690' title='bbox 2054 5354 2134 5407; x_wconf 86' lang='lat' dir='ltr'><strong>iit.</strong></span> 
     </span>
    </p>
   </div>
   <div class='ocr_carea' id='block_1_100' title="bbox 572 5435 2133 5510">
    <p class='ocr_par' dir='ltr' id='par_1_100' title="bbox 572 5435 2133 5510">
     <span class='ocr_line' id='line_1_100' title="bbox 572 5435 2133 5510; baseline 0.01 -27"><span class='ocrx_word' id='word_1_691' title='bbox 572 5435 888 5497; x_wconf 69' lang='lat' dir='ltr'><strong>lniirmatte,</strong></span> <span class='ocrx_word' id='word_1_692' title='bbox 920 5436 1121 5505; x_wconf 89' lang='lat' dir='ltr'><strong>inquit,</strong></span> <span class='ocrx_word' id='word_1_693' title='bbox 1153 5450 1285 5493; x_wconf 85' lang='lat' dir='ltr'><strong>sunt</strong></span> <span class='ocrx_word' id='word_1_694' title='bbox 1307 5442 1452 5493; x_wconf 79' lang='lat' dir='ltr'><strong>vires</strong></span> <span class='ocrx_word' id='word_1_695' title='bbox 1494 5456 1645 5495; x_wconf 64' lang='lat' dir='ltr'><strong>meae.</strong></span> <span class='ocrx_word' id='word_1_696' title='bbox 1695 5442 1829 5496; x_wconf 87' lang='lat' dir='ltr'><strong>Tota</strong></span> <span class='ocrx_word' id='word_1_697' title='bbox 1864 5460 1992 5500; x_wconf 80' lang='lat' dir='ltr'><strong>vero</strong></span> <span class='ocrx_word' id='word_1_698' title='bbox 2027 5444 2133 5510; x_wconf 82' lang='lat' dir='ltr'><strong>die,</strong></span> 
     </span>
    </p>
   </div>
   <div class='ocr_carea' id='block_1_101' title="bbox 570 5524 2135 5597">
    <p class='ocr_par' dir='ltr' id='par_1_101' title="bbox 570 5524 2135 5597">
     <span class='ocr_line' id='line_1_101' title="bbox 570 5524 2135 5597; baseline 0.01 -23"><span class='ocrx_word' id='word_1_699' title='bbox 570 5524 700 5577; x_wconf 88' lang='lat' dir='ltr'><strong>dicit</strong></span> <span class='ocrx_word' id='word_1_700' title='bbox 729 5541 847 5593; x_wconf 88' lang='lat' dir='ltr'><strong>pro,</strong></span> <span class='ocrx_word' id='word_1_701' title='bbox 886 5527 1129 5597; x_wconf 89' lang='lat' dir='ltr'><strong>Semper,</strong></span> <span class='ocrx_word' id='word_1_702' title='bbox 1164 5538 1325 5597; x_wconf 90' lang='lat' dir='ltr'><strong>atque</strong></span> <span class='ocrx_word' id='word_1_703' title='bbox 1360 5531 1597 5585; x_wconf 88' lang='lat' dir='ltr'><strong>assidue.</strong></span> <span class='ocrx_word' id='word_1_704' title='bbox 1623 5533 1850 5597; x_wconf 70' lang='lat' dir='ltr'><strong>Quoties</strong></span> <span class='ocrx_word' id='word_1_705' title='bbox 1882 5537 2028 5589; x_wconf 76' lang='lat' dir='ltr'><strong>etiim</strong></span> <span class='ocrx_word' id='word_1_706' title='bbox 2082 5539 2135 5591; x_wconf 90' lang='lat' dir='ltr'><strong>in</strong></span> 
     </span>
    </p>
   </div>
   <div class='ocr_carea' id='block_1_102' title="bbox 572 5614 2135 5691">
    <p class='ocr_par' dir='ltr' id='par_1_102' title="bbox 572 5614 2135 5691">
     <span class='ocr_line' id='line_1_102' title="bbox 572 5614 2135 5691; baseline 0.008 -27"><span class='ocrx_word' id='word_1_707' title='bbox 572 5614 899 5669; x_wconf 87' lang='lat' dir='ltr'><strong>tentationes</strong></span> <span class='ocrx_word' id='word_1_708' title='bbox 930 5615 1227 5678; x_wconf 89' lang='lat' dir='ltr'><strong>incidebat,</strong></span> <span class='ocrx_word' id='word_1_709' title='bbox 1259 5617 1420 5670; x_wconf 87' lang='lat' dir='ltr'><strong>toties</strong></span> <span class='ocrx_word' id='word_1_710' title='bbox 1452 5632 1611 5671; x_wconf 85' lang='lat' dir='ltr'><strong>suum</strong></span> <span class='ocrx_word' id='word_1_711' title='bbox 1666 5619 1886 5690; x_wconf 78' lang='lat' dir='ltr'><strong>lugebat</strong></span> <span class='ocrx_word' id='word_1_712' title='bbox 1932 5637 2135 5691; x_wconf 82' lang='lat' dir='ltr'><strong>pecca-</strong></span> 
     </span>
    </p>
   </div>
   <div class='ocr_carea' id='block_1_103' title="bbox 571 5705 2129 5780">
    <p class='ocr_par' dir='ltr' id='par_1_103' title="bbox 571 5705 2129 5780">
     <span class='ocr_line' id='line_1_103' title="bbox 571 5705 2129 5780; baseline 0.009 -25"><span class='ocrx_word' id='word_1_713' title='bbox 571 5711 708 5769; x_wconf 89' lang='lat' dir='ltr'><strong>tum,</strong></span> <span class='ocrx_word' id='word_1_714' title='bbox 733 5705 892 5772; x_wconf 88' lang='lat' dir='ltr'><strong>quasi</strong></span> <span class='ocrx_word' id='word_1_715' title='bbox 925 5706 1106 5761; x_wconf 88' lang='lat' dir='ltr'><strong>omnis</strong></span> <span class='ocrx_word' id='word_1_716' title='bbox 1131 5705 1281 5762; x_wconf 89' lang='lat' dir='ltr'><strong>illinc</strong></span> <span class='ocrx_word' id='word_1_717' title='bbox 1303 5707 1424 5761; x_wconf 79' lang='lat' dir='ltr'><strong>vita:</strong></span> <span class='ocrx_word' id='word_1_718' title='bbox 1452 5723 1564 5764; x_wconf 80' lang='lat' dir='ltr'><strong>sua:</strong></span> <span class='ocrx_word' id='word_1_719' title='bbox 1595 5709 1938 5780; x_wconf 72' lang='lat' dir='ltr'><strong>inccqualit‘as</strong></span> <span class='ocrx_word' id='word_1_720' title='bbox 1965 5712 2129 5769; x_wconf 57' lang='lat' dir='ltr'><strong>(liliu-</strong></span> 
     </span>
    </p>
   </div>
   <div class='ocr_carea' id='block_1_104' title="bbox 2314 4792 3833 4870">
    <p class='ocr_par' dir='ltr' id='par_1_104' title="bbox 2314 4792 3833 4870">
     <span class='ocr_line' id='line_1_104' title="bbox 2314 4792 3833 4870; baseline 0.003 -20"><span class='ocrx_word' id='word_1_721' title='bbox 2314 4798 2436 4851; x_wconf 89' lang='grc' dir='ltr'>Ὅτι</span> <span class='ocrx_word' id='word_1_722' title='bbox 2455 4797 2735 4866; x_wconf 74' lang='grc' dir='ltr'>ἑσίγησα.</span> <span class='ocrx_word' id='word_1_723' title='bbox 2762 4797 3039 4868; x_wconf 80' lang='grc' dir='ltr'>Μακάριοι</span> <span class='ocrx_word' id='word_1_724' title='bbox 3070 4792 3215 4852; x_wconf 79' lang='grc' dir='ltr'>οὗτοι</span> <span class='ocrx_word' id='word_1_725' title='bbox 3237 4814 3251 4829; x_wconf 77' lang='grc' dir='ltr'><strong>ο</strong></span> <span class='ocrx_word' id='word_1_726' title='bbox 3285 4800 3379 4852; x_wconf 81' lang='grc' dir='ltr'>καὶ</span> <span class='ocrx_word' id='word_1_727' title='bbox 3410 4800 3520 4870; x_wconf 67' lang='grc' dir='ltr'><strong>γὰρ</strong></span> <span class='ocrx_word' id='word_1_728' title='bbox 3553 4800 3666 4868; x_wconf 83' lang='grc' dir='ltr'><strong>ἐγὼ</strong></span> <span class='ocrx_word' id='word_1_729' title='bbox 3688 4802 3833 4856; x_wconf 82' lang='grc' dir='ltr'>ἀπο-</span> 
     </span>
    </p>
   </div>
   <div class='ocr_carea' id='block_1_105' title="bbox 2240 4888 3263 4961">
    <p class='ocr_par' dir='ltr' id='par_1_105' title="bbox 2240 4888 3263 4961">
     <span class='ocr_line' id='line_1_105' title="bbox 2240 4888 3263 4961; baseline 0.003 -18"><span class='ocrx_word' id='word_1_730' title='bbox 2240 4888 2433 4961; x_wconf 81' lang='grc' dir='ltr'>καμὼν</span> <span class='ocrx_word' id='word_1_731' title='bbox 2466 4891 2523 4943; x_wconf 76' lang='grc' dir='ltr'>ὲν</span> <span class='ocrx_word' id='word_1_732' title='bbox 2548 4889 2625 4959; x_wconf 80' lang='grc' dir='ltr'>τῷ</span> <span class='ocrx_word' id='word_1_733' title='bbox 2655 4889 2975 4951; x_wconf 82' lang='grc' dir='ltr'>κόπτεσθαι,</span> <span class='ocrx_word' id='word_1_734' title='bbox 3012 4890 3263 4961; x_wconf 74' lang='grc' dir='ltr'>ὲσίγησα.</span> 
     </span>
    </p>
   </div>
   <div class='ocr_carea' id='block_1_106' title="bbox 2326 4980 3830 5055">
    <p class='ocr_par' dir='ltr' id='par_1_106' title="bbox 2326 4980 3830 5055">
     <span class='ocr_line' id='line_1_106' title="bbox 2326 4980 3830 5055; baseline 0.002 -19"><span class='ocrx_word' id='word_1_735' title='bbox 2326 4980 2696 5048; x_wconf 72' lang='grc' dir='ltr'>Ἐπαλαιὼθη</span> <span class='ocrx_word' id='word_1_736' title='bbox 2728 4981 2800 5034; x_wconf 86' lang='grc' dir='ltr'>τὰ</span> <span class='ocrx_word' id='word_1_737' title='bbox 2834 4980 2985 5037; x_wconf 85' lang='grc' dir='ltr'>ὀστᾶ</span> <span class='ocrx_word' id='word_1_738' title='bbox 3033 5000 3152 5051; x_wconf 78' lang='grc' dir='ltr'><strong>μου</strong></span> <span class='ocrx_word' id='word_1_739' title='bbox 3203 4983 3321 5036; x_wconf 79' lang='grc' dir='ltr'><strong>ἀπὸ</strong></span> <span class='ocrx_word' id='word_1_740' title='bbox 3348 4984 3456 5039; x_wconf 87' lang='grc' dir='ltr'><strong>τοῦ</strong></span> <span class='ocrx_word' id='word_1_741' title='bbox 3482 4984 3721 5052; x_wconf 78' lang='grc' dir='ltr'>κράζειν</span> <span class='ocrx_word' id='word_1_742' title='bbox 3745 5003 3830 5055; x_wconf 79' lang='grc' dir='ltr'>με</span> 
     </span>
    </p>
   </div>
   <div class='ocr_carea' id='block_1_107' title="bbox 2240 5072 3827 5147">
    <p class='ocr_par' dir='ltr' id='par_1_107' title="bbox 2240 5072 3827 5147">
     <span class='ocr_line' id='line_1_107' title="bbox 2240 5072 3827 5147; baseline 0.004 -20"><span class='ocrx_word' id='word_1_743' title='bbox 2240 5074 2393 5140; x_wconf 74' lang='grc' dir='ltr'><strong>ὅλην</strong></span> <span class='ocrx_word' id='word_1_744' title='bbox 2418 5074 2534 5139; x_wconf 74' lang='grc' dir='ltr'><strong>τὴν</strong></span> <span class='ocrx_word' id='word_1_745' title='bbox 2561 5072 2809 5142; x_wconf 66' lang='grc' dir='ltr'>ἡμέραν.</span> <span class='ocrx_word' id='word_1_746' title='bbox 2846 5073 3017 5128; x_wconf 81' lang='grc' dir='ltr'>Τοῦτο</span> <span class='ocrx_word' id='word_1_747' title='bbox 3044 5078 3074 5145; x_wconf 78' lang='grc' dir='ltr'>ἡ</span> <span class='ocrx_word' id='word_1_748' title='bbox 3103 5076 3249 5129; x_wconf 73' lang='grc' dir='ltr'>αἰτία</span> <span class='ocrx_word' id='word_1_749' title='bbox 3283 5076 3382 5146; x_wconf 86' lang='grc' dir='ltr'><strong>τῆς</strong></span> <span class='ocrx_word' id='word_1_750' title='bbox 3414 5079 3573 5147; x_wconf 84' lang='grc' dir='ltr'>σιγῆς</span> <span class='ocrx_word' id='word_1_751' title='bbox 3598 5094 3612 5108; x_wconf 90' lang='grc'><strong>·</strong></span> <span class='ocrx_word' id='word_1_752' title='bbox 3645 5079 3737 5133; x_wconf 75' lang='grc' dir='ltr'><strong>διὰ</strong></span> <span class='ocrx_word' id='word_1_753' title='bbox 3764 5081 3827 5133; x_wconf 79' lang='grc' dir='ltr'>δὲ</span> 
     </span>
    </p>
   </div>
   <div class='ocr_carea' id='block_1_108' title="bbox 2240 5162 3828 5237">
    <p class='ocr_par' dir='ltr' id='par_1_108' title="bbox 2240 5162 3828 5237">
     <span class='ocr_line' id='line_1_108' title="bbox 2240 5162 3828 5237; baseline 0.005 -22"><span class='ocrx_word' id='word_1_754' title='bbox 2240 5164 2346 5215; x_wconf 80' lang='grc' dir='ltr'><strong>τῶν</strong></span> <span class='ocrx_word' id='word_1_755' title='bbox 2368 5162 2563 5228; x_wconf 80' lang='grc' dir='ltr'>ὀστῶν,</span> <span class='ocrx_word' id='word_1_756' title='bbox 2612 5164 2709 5233; x_wconf 80' lang='grc' dir='ltr'>τὴν</span> <span class='ocrx_word' id='word_1_757' title='bbox 2750 5163 2979 5233; x_wconf 83' lang='grc' dir='ltr'>δύναμιν</span> <span class='ocrx_word' id='word_1_758' title='bbox 3004 5165 3169 5220; x_wconf 76' lang='grc' dir='ltr'>αὐτοῦ</span> <span class='ocrx_word' id='word_1_759' title='bbox 3206 5168 3528 5237; x_wconf 75' lang='grc' dir='ltr'>ὲνεσήμανε.</span> <span class='ocrx_word' id='word_1_760' title='bbox 3571 5170 3649 5224; x_wconf 75' lang='grc' dir='ltr'><strong>Τὰ</strong></span> <span class='ocrx_word' id='word_1_761' title='bbox 3685 5174 3828 5223; x_wconf 73' lang='grc' dir='ltr'><strong>ὁστᾶ⁵</strong></span> 
     </span>
    </p>
   </div>
   <div class='ocr_carea' id='block_1_109' title="bbox 2236 5254 3825 5326">
    <p class='ocr_par' dir='ltr' id='par_1_109' title="bbox 2236 5254 3825 5326">
     <span class='ocr_line' id='line_1_109' title="bbox 2236 5254 3825 5326; baseline 0.006 -20"><span class='ocrx_word' id='word_1_762' title='bbox 2236 5255 2345 5324; x_wconf 71' lang='grc' dir='ltr'><strong>γὰρ</strong></span> <span class='ocrx_word' id='word_1_763' title='bbox 2374 5254 2714 5323; x_wconf 79' lang='grc' dir='ltr'>ὑπερείδουσι</span> <span class='ocrx_word' id='word_1_764' title='bbox 2748 5256 2809 5307; x_wconf 86' lang='grc' dir='ltr'>τὸ</span> <span class='ocrx_word' id='word_1_765' title='bbox 2839 5255 2996 5319; x_wconf 78' lang='grc' dir='ltr'>ζῶον.</span> <span class='ocrx_word' id='word_1_766' title='bbox 3038 5258 3412 5326; x_wconf 76' lang='grc' dir='ltr'>Ἐπαλαιώθη</span> <span class='ocrx_word' id='word_1_767' title='bbox 3452 5261 3531 5323; x_wconf 81' lang='grc' dir='ltr'>δὲ,</span> <span class='ocrx_word' id='word_1_768' title='bbox 3564 5263 3693 5314; x_wconf 71' lang='grc' dir='ltr'>ἀντὶ</span> <span class='ocrx_word' id='word_1_769' title='bbox 3719 5264 3825 5315; x_wconf 75' lang='grc' dir='ltr'>τοῦ</span> 
     </span>
    </p>
   </div>
   <div class='ocr_carea' id='block_1_110' title="bbox 2248 5347 3825 5423">
    <p class='ocr_par' dir='ltr' id='par_1_110' title="bbox 2248 5347 3825 5423">
     <span class='ocr_line' id='line_1_110' title="bbox 2248 5347 3825 5423; baseline 0.001 -23"><span class='ocrx_word' id='word_1_770' title='bbox 2248 5347 2600 5417; x_wconf 78' lang='grc' dir='ltr'>Ἠσθένησαν,</span> <span class='ocrx_word' id='word_1_771' title='bbox 2625 5348 2705 5399; x_wconf 82' lang='grc' dir='ltr'><strong>ὅτι</strong></span> <span class='ocrx_word' id='word_1_772' title='bbox 2732 5348 2791 5400; x_wconf 73' lang='grc' dir='ltr'><strong>τὸ</strong></span> <span class='ocrx_word' id='word_1_773' title='bbox 2821 5348 3064 5413; x_wconf 83' lang='grc' dir='ltr'>παλαιὸν,</span> <span class='ocrx_word' id='word_1_774' title='bbox 3084 5350 3326 5412; x_wconf 71' lang='grc' dir='ltr'>ἀσθενές.</span> <span class='ocrx_word' id='word_1_775' title='bbox 3370 5351 3684 5423; x_wconf 81' lang='grc' dir='ltr'>Ἡσθένησε,</span> <span class='ocrx_word' id='word_1_776' title='bbox 3713 5370 3825 5418; x_wconf 73' lang='grc' dir='ltr'><strong>φη-</strong></span> 
     </span>
    </p>
   </div>
   <div class='ocr_carea' id='block_1_111' title="bbox 2238 5432 3829 5513">
    <p class='ocr_par' dir='ltr' id='par_1_111' title="bbox 2238 5432 3829 5513">
     <span class='ocr_line' id='line_1_111' title="bbox 2238 5432 3829 5513; baseline 0.004 -21"><span class='ocrx_word' id='word_1_777' title='bbox 2238 5446 2340 5506; x_wconf 77' lang='grc' dir='ltr'>σὶν,</span> <span class='ocrx_word' id='word_1_778' title='bbox 2400 5442 2432 5507; x_wconf 81' lang='grc' dir='ltr'><strong>ἡ</strong></span> <span class='ocrx_word' id='word_1_779' title='bbox 2484 5441 2708 5510; x_wconf 75' lang='grc' dir='ltr'>δύναμίς</span> <span class='ocrx_word' id='word_1_780' title='bbox 2744 5459 2867 5510; x_wconf 87' lang='grc' dir='ltr'>μου.</span> <span class='ocrx_word' id='word_1_781' title='bbox 2905 5432 3101 5508; x_wconf 58' lang='grc' dir='ltr'><strong>Ὅλην</strong></span> <span class='ocrx_word' id='word_1_782' title='bbox 3137 5445 3192 5495; x_wconf 78' lang='grc' dir='ltr'>δὲ</span> <span class='ocrx_word' id='word_1_783' title='bbox 3245 5445 3356 5511; x_wconf 79' lang='grc' dir='ltr'><strong>τὴν</strong></span> <span class='ocrx_word' id='word_1_784' title='bbox 3385 5446 3640 5513; x_wconf 57' lang='grc' dir='ltr'><strong>ἠμέλητο,</strong></span> <span class='ocrx_word' id='word_1_785' title='bbox 3692 5448 3829 5499; x_wconf 67' lang='grc' dir='ltr'>ἀντὶ</span> 
     </span>
    </p>
   </div>
   <div class='ocr_carea' id='block_1_112' title="bbox 2238 5533 3824 5607">
    <p class='ocr_par' dir='ltr' id='par_1_112' title="bbox 2238 5533 3824 5607">
     <span class='ocr_line' id='line_1_112' title="bbox 2238 5533 3824 5607; baseline 0.001 -21"><span class='ocrx_word' id='word_1_786' title='bbox 2238 5534 2356 5599; x_wconf 76' lang='grc' dir='ltr'>τοῦ,</span> <span class='ocrx_word' id='word_1_787' title='bbox 2387 5533 2486 5586; x_wconf 76' lang='grc' dir='ltr'><strong>Διὰ</strong></span> <span class='ocrx_word' id='word_1_788' title='bbox 2523 5535 2747 5596; x_wconf 85' lang='grc' dir='ltr'>παντός.</span> <span class='ocrx_word' id='word_1_789' title='bbox 2790 5535 3008 5598; x_wconf 80' lang='grc' dir='ltr'>Ὀσάκις</span> <span class='ocrx_word' id='word_1_790' title='bbox 3034 5535 3143 5606; x_wconf 76' lang='grc' dir='ltr'>γὰρ</span> <span class='ocrx_word' id='word_1_791' title='bbox 3179 5537 3245 5589; x_wconf 83' lang='grc' dir='ltr'>ἂν</span> <span class='ocrx_word' id='word_1_792' title='bbox 3295 5538 3585 5607; x_wconf 80' lang='grc' dir='ltr'>πειρασμῷ</span> <span class='ocrx_word' id='word_1_793' title='bbox 3624 5538 3824 5607; x_wconf 82' lang='grc' dir='ltr'>περιέ-</span> 
     </span>
    </p>
   </div>
   <div class='ocr_carea' id='block_1_113' title="bbox 2243 5618 3822 5698">
    <p class='ocr_par' dir='ltr' id='par_1_113' title="bbox 2243 5618 3822 5698">
     <span class='ocr_line' id='line_1_113' title="bbox 2243 5618 3822 5698; baseline 0.004 -22"><span class='ocrx_word' id='word_1_794' title='bbox 2243 5618 2464 5688; x_wconf 76' lang='grc' dir='ltr'>πιπτεν,</span> <span class='ocrx_word' id='word_1_795' title='bbox 2520 5625 2741 5695; x_wconf 76' lang='grc' dir='ltr'>ὀδύρετο</span> <span class='ocrx_word' id='word_1_796' title='bbox 2769 5626 2867 5697; x_wconf 82' lang='grc' dir='ltr'>τὴν</span> <span class='ocrx_word' id='word_1_797' title='bbox 2907 5628 3178 5697; x_wconf 82' lang='grc' dir='ltr'>ἁμαρτίαν</span> <span class='ocrx_word' id='word_1_798' title='bbox 3217 5629 3454 5698; x_wconf 78' lang='grc' dir='ltr'>ἐκείνην,</span> <span class='ocrx_word' id='word_1_799' title='bbox 3496 5630 3569 5691; x_wconf 79' lang='grc' dir='ltr'>ὡς</span> <span class='ocrx_word' id='word_1_800' title='bbox 3599 5628 3822 5682; x_wconf 80' lang='grc' dir='ltr'>ἐκεῖθεν</span> 
     </span>
    </p>
   </div>
   <div class='ocr_carea' id='block_1_114' title="bbox 2240 5717 3819 5793">
    <p class='ocr_par' dir='ltr' id='par_1_114' title="bbox 2240 5717 3819 5793">
     <span class='ocr_line' id='line_1_114' title="bbox 2240 5717 3819 5793; baseline 0.001 -22"><span class='ocrx_word' id='word_1_801' title='bbox 2240 5717 2389 5788; x_wconf 64' lang='grc' dir='ltr'>αὐτῷ</span> <span class='ocrx_word' id='word_1_802' title='bbox 2417 5720 2512 5789; x_wconf 73' lang='grc' dir='ltr'>τῆς</span> <span class='ocrx_word' id='word_1_803' title='bbox 2548 5717 2865 5788; x_wconf 70' lang='grc' dir='ltr'>ἀνωμαλίας</span> <span class='ocrx_word' id='word_1_804' title='bbox 2911 5720 3006 5773; x_wconf 81' lang='grc' dir='ltr'>τοῦ</span> <span class='ocrx_word' id='word_1_805' title='bbox 3034 5721 3150 5792; x_wconf 65' lang='grc' dir='ltr'>βίου</span> <span class='ocrx_word' id='word_1_806' title='bbox 3198 5723 3441 5792; x_wconf 70' lang='grc' dir='ltr'>ῥυείσης.</span> <span class='ocrx_word' id='word_1_807' title='bbox 3498 5724 3645 5781; x_wconf 72' lang='grc' dir='ltr'>Ἐπεὶ</span> <span class='ocrx_word' id='word_1_808' title='bbox 3696 5722 3819 5793; x_wconf 72' lang='grc' dir='ltr'>γὰρ</span> 
     </span>
    </p>
   </div>
  </div>
