4054 6210
326 262 423 331 361

1475 259 1865 327 COMMENT.
1899 258 1977 323 IN
2012 257 2373 321 PSALMOS.

3460 256 3566 321 36?.

324 384 410 433 καί
453 378 520 448 τῇ
553 373 772 445 μοιχείᾳ
808 372 903 427 καὶ
944 372 1021 445 τῷ
1047 372 1195 444 φόνῳ
1220 371 1453 438 Θάνατος
1493 371 1562 446 ἦν
1589 376 1889 447 ἐπιτίμιον,

2009 375 2203 441 tisset;
2233 382 2289 429 et
2314 371 2444 445 quia
2466 384 2568 442 pro
2592 369 2792 426 delicto
2821 381 2987 425 cauis
3039 376 3093 425 ct
3126 370 3376 427 adulterii
3417 352 3566 428 more

321 468 503 522 τοῦτον
549 468 651 537 μὲν
690 465 1045 537 συνεχωρήθη
1088 465 1179 520 διὰ
1204 465 1299 520 τοῦ
1335 467 1622 538 προφήτου
1680 467 1892 532 Νάθαν,

321 559 658 629 ὁμολογήσας
687 557 1090 629 ἡμαρτηκέναι,
1124 557 1431 628 φήσαντος·
1493 560 1575 612 Οὐ
1609 557 1695 628 μὴ
1745 560 1893 613 ἀπο·

322 640 526 718 θάνῃς.
556 650 846 721 Συμφοραὶ
886 647 942 703 δὲ
970 648 1121 720 αὑτῷ
1160 649 1259 703 καὶ
1295 650 1363 720 τῇ
1398 648 1545 721 οἰκίᾳ
1591 651 1686 703 καὶ
1739 652 1895 720 παρὰ

321 742 505 794 τούτου
537 739 935 812 ὴπειλήθησαν,
984 739 1052 805 ἃς
1106 740 1200 794 καὶ
1244 740 1351 810 πρὸ
1401 739 1696 810 ὀφθαλμῶν
1749 740 1895 811 ἔχειν

323 832 583 888 ὠδυνᾶτο.

386 1099 510 1155 Ὀτι
554 1100 778 1169 ἡμέρας
817 1098 917 1153 καὶ
972 1100 1193 1167 νυκτὸς
1253 1099 1550 1171 ἐϐαρύνθη
1607 1100 1701 1155 ἐπ’
1721 1102 1826 1170 ἐμὲ
1854 1100 1892 1171 ἠ

322 1191 445 1261 χείρ
481 1205 623 1245 σου.
657 1188 829 1243 Τοῦτο
861 1189 1023 1244 πάλιν
1068 1191 1218 1244 αίτία
1243 1191 1340 1244 τοῦ
1372 1191 1601 1262 κράζειν
1621 1206 1637 1221 ⁶
1662 1191 1787 1263 χεὶρ
1838 1192 1897 1245 δὲ

323 1281 573 1348 ἐνταῦθα,
601 1283 634 1351 ή
666 1282 966 1352 κολαστικὴ
988 1281 1221 1354 δύναμις
1244 1297 1259 1312 ⁸
1279 1284 1346 1353 τῇ
1375 1284 1521 1353 χειρὶ
1541 1283 1649 1355 γάρ
1674 1282 1896 1347 κολάζει

323 1392 438 1439 τις’
495 1372 771 1445 ἐϐαρύνθη
826 1373 907 1439 δὲ,
959 1374 1082 1428 ἀντὶ
1135 1373 1252 1441 τοῦ,
1313 1373 1528 1445 βαρέως
1578 1375 1894 1447 ὲπηνέχθη·

324 1464 527 1537 ἡμέρας
556 1463 614 1519 δὲ
641 1463 737 1519 καὶ
776 1464 991 1531 νυκτὸς,
1027 1464 1149 1519 ἀντὶ
1193 1465 1314 1531 τοῦ,
1341 1463 1435 1519 διὰ
1475 1464 1703 1529 παντός.

397 1646 748 1716 Ἕστρὰςρην
769 1647 856 1712 εις
884 1644 1295 1715 ταλαιπωρίαν
1328 1640 1410 1711 τῷ
1429 1644 1775 1715 ἐμπαγῆναί
1795 1662 1900 1715 μοι

323 1738 608 1792 ἄκανθαν.
639 1734 919 1790 ’Δκανθαν
947 1735 1208 1805 ὀνομάζει
1230 1734 1329 1806 τὴν
1359 1737 1663 1806 ἁμαρτίαν,
1709 1734 1803 1789 καὶ
1824 1735 1900 1800 ὡς

324 1828 523 1896 ἔξωθεν
549 1828 956 1900 παραφυεῐσαν,
993 1828 1424 1898 ὲμπειρομένην,
1454 1827 1548 1881 καὶ
1573 1827 1650 1891 ὡς
1670 1826 1898 1879 νύσσου-

323 1938 421 1974 σαν
454 1921 555 1975 xal.
578 1918 959 1990 ἀλγείνουσαν.
999 1918 1377 1988 Ἐμπαγείσης
1420 1913 1517 1971 οὖν
1547 1935 1638 1987 μοι
1667 1916 1895 1990 ταύτης,

324 2011 672 2084 περιετράπη
704 2027 798 2082 μοι
825 2009 893 2065 τά
914 2011 1013 2083 τῆς
1034 2008 1298 2077 εὐτυχίας
1325 2009 1404 2074 είς
1437 2008 1754 2080 ἀθλιότητα.

392 2186 521 2255 Τὴν
549 2188 808 2258 ἀνομίαν
848 2205 961 2253 μου
984 2188 1297 2257 ἐγνώρισα,
1334 2186 1434 2244 καί
1460 2187 1577 2254 τὴν
1607 2186 1902 2257 ἁμαρτίαν

323 2298 431 2347 μου
454 2281 573 2334 οὐκ
601 2279 907 2348 ἐκάλυψα.
933 2278 1048 2332 Ἰνα
1075 2281 1151 2350 μὴ
1172 2278 1297 2350 δόξῃ
1323 2278 1640 2348 γογγύζειν,
1673 2277 1906 2348 μετέϐα-

322 2375 378 2429 λε
406 2375 505 2429 τὸν
558 2375 739 2442 λόγον,
787 2374 881 2427 καὶ
916 2373 1187 2443 διηγεῖται
1225 2371 1342 2435 πῶς
1377 2371 1538 2442 ἔτυχε
1586 2370 1900 2441 φιλανθρω-

324 2468 479 2530 πίας.
529 2464 703 2518 Τοῦτο
748 2463 823 2535 (8)
857 2465 961 2535 γὰρ
992 2462 1179 2517 Νάθαν
1234 2462 1322 2514 ἐπ’
1378 2461 1542 2515 ἄλλου
1603 2463 1902 2532 προσώπου

321 2551 1401 2625 ὅραματουργήσαντοςτὴνπκρανομίαν,
1427 2545 1544 2603 εἶτα
1578 2549 1906 2621 προστεθέν-

322 2662 427 2710 τος,
460 2648 550 2700 ὅτι
579 2646 650 2699 Σὺ
681 2641 733 2698 si
762 2645 889 2714 περὶ
918 2639 979 2697 οἲ
1018 2643 1213 2710 ταῦτα,
1259 2642 1558 2714 ἐγνώρισα,
1606 2644 1759 2711 φησι,
1807 2643 1907 2711 τὴν

321 2736 572 2808 ἐμαυτοῦ
604 2737 1015 2806 πλημμέλειαν,
1070 2736 1165 2789 καὶ
1208 2736 1310 2789 οὐκ
1340 2735 1691 2806 ἠρνησάμην.
1736 2733 1908 2787 Τοῦτο

322 2830 426 2901 γὰρ
456 2830 621 2899 δηλοῖ
638 2829 719 2896 τὸ,
748 2830 869 2883 Οὐκ
914 2829 1229 2897 ἐκάλυψα·
1267 2826 1498 2898 ἀνομίαν
1521 2825 1635 2895 γάρ
1680 2824 1775 2877 νῦν
1811 2824 1908 2893 τὴν

323 2922 678 2994 παρανομίαν
710 2921 940 2993 νοήσεις,
977 2920 1044 2992 ἢν
1074 2922 1170 2974 καὶ
1219 2919 1495 2991 ἁμαρτίαν
1526 2916 1685 2982 αὖθις
1714 2915 1907 2971 ἐκάλε-

324 3031 435 3068 σεν.

386 3101 557 3159 Εἷπα
574 3120 590 3134 ο
623 3103 1033 3173 Ἐξαγορεύσω
1064 3101 1193 3156 κατ’
1218 3101 1364 3172 ἐμοῦ
1390 3100 1504 3170 τὴν
1522 3100 1780 3170 ἀνομίαν
1787 3115 1906 3169 μου

321 3195 403 3261 τῷ
428 3201 484 3252 Κ
486 3196 659 3264 υρίφ.
688 3194 856 3258 Γνοὺς
893 3195 975 3248 ὅτι
1009 3194 1070 3247 ὲν
1098 3192 1329 3264 ἀφύκτῳ
1357 3193 1661 3261 καταδίκης
1685 3190 1907 3260 γέγονα,

320 3285 446 3342 εἶπα
480 3291 551 3341 ἑν
574 3286 799 3357 ἐμαυτῷ
822 3302 836 3315 ·
876 3285 1094 3355 Ποιήσω
1118 3285 1261 3342 τόδε.
1294 3284 1478 3347 Εὐθὺς
1507 3283 1614 3354 γὰρ
1641 3279 1910 3353 ἐξωμολο-

319 3383 561 3451 γήσατο,
595 3382 774 3452 φήσας
793 3396 807 3410 ·
850 3377 1185 3450 Ἡμάρτηκα
1216 3374 1297 3443 τῷ
1320 3377 1535 3447 Κυρίῳ.

386 3562 497 3617 Καὶ
532 3559 623 3617 σὺ
644 3559 885 3629 ἀφῆκας
909 3558 1025 3628 τὴν
1044 3558 1328 3615 ἀσέϐειαν
1350 3554 1461 3626 τῆς
1502 3556 1752 3626 καρδίας
1765 3575 1906 3626 μου.

324 3656 422 3710 Διὰ
441 3653 541 3710 τοῦ
572 3653 860 3725 προφήτου
878 3651 1088 3716 Νάθαν,
1119 3650 1365 3714 εἰπόντος
1392 3648 1590 3703 αὐτίκα
1609 3666 1624 3680 ·
1657 3650 1768 3704 Καὶ
1798 3650 1912 3704 Κύο

318 3766 447 3815 ριος
488 3749 713 3818 ἀφεῖλε
747 3745 817 3801 τὸ
835 3742 1153 3815 ἁμάρτημά
1183 3757 1323 3798 σου.
1366 3740 1651 3796 ’Λσέὸειαν
1677 3743 1733 3797 δὲ
1759 3742 1912 3811 λέγει

323 3838 560 3908 καρδίας
621 3836 722 3909 τὴν
755 3836 1056 3907 ἁμαρτίαν,
1090 3828 1180 3889 οἷα
1211 3835 1311 3905 τῆς
1346 3833 1596 3904 μοιχείας
1618 3833 1711 3904 ’μὴ
1745 3833 1913 3887 σεϐα-

326 3928 552 3999 σθείσης
580 3928 712 3989 τοὺς
742 3926 871 3996 περὶ
896 3926 1140 3997 μοιχείας
1169 3926 1265 3979 καὶ
1299 3924 1460 3994 φόνου
1485 3924 1707 3993 νόμους.
1738 3921 1914 3992 ’Λςεῆο

322 4034 435 4083 κας
462 4018 551 4080 δὲ,
584 4017 714 4071 ἀντὶ⁵
736 4016 854 4083 τοῦ,
888 4015 1295 4087 συνεχώρησας.
1359 4012 1653 4087 Ἀπροῦσι
1682 4013 1738 4067 δέ
1767 4029 1914 4076 τινες

323 4105 398 4172 ὡς
425 4109 477 4163 εί
512 4107 877 4180 συνεχωρήθη
901 4106 1001 4179 τὴν
1029 4106 1328 4178 ἁμαρτίαν,
1384 4106 1501 4170 πῶς
1531 4106 1681 4175 λέγει
1717 4104 1915 4175 βαρυν-

324 4197 490 4269 θῆναι
522 4198 621 4253 ἐπ’
667 4197 832 4253 αὐτὸν
859 4196 960 4269 τήν
984 4196 1079 4251 τοῦ
1110 4197 1246 4251 Θεοῦ
1287 4196 1614 4268 κολαστικὴν
1643 4194 1875 4273 δύναμιν
1895 4210 1910 4224 ·

322 4292 417 4345 καί
451 4307 672 4362 φαμεν,
703 4290 809 4355 ὅτι,
842 4289 967 4343 ἐπεὶ
987 4289 1146 4354 αὐτὸς
1166 4292 1194 4343 ὁ
1216 4288 1380 4343 Δαϐὶδ
1400 4288 1498 4358 τὴν
1520 4288 1913 4358 ὕποκριθεϊσαν

1996 466 2149 521 illum
2198 464 2254 519 in
2310 478 2527 535 poenam
2582 462 2860 530 manebat,
2895 470 3126 517 mortem
3167 464 3388 533 quidem
3439 479 3570 534 pro-

1996 557 2158 630 pheta
2189 554 2410 611 Nathan
2450 556 2501 612 ei
2536 554 2769 619 remisit,
2797 553 3018 624 quando
3050 555 3332 624 preprium
3379 569 3571 624 pecca-

1996 659 2112 705 tum
2172 663 2332 704 suum
2387 649 2619 718 ingenue
2673 646 2961 702 confessus
3010 654 3124 712 est;
3174 644 3381 701 dixisse
3424 646 3569 701 enim

1997 741 2155 796 illum
2185 740 2232 795 el
2262 738 2491 809 legimus
2533 755 2549 792 :
2587 735 2712 791 Non
2783 737 3053 831 morierisd
3111 736 3444 793 domesticas
3489 746 3572 791 ta-

1998 846 2123 887 men
2189 830 2538 885 calamitates
2600 831 2652 883 ei
2713 827 3085 883 comminatus
3149 835 3236 884 est
3273 844 3286 882 :
3324 827 3378 881 in
3433 842 3570 897 quas

1997 921 2160 976 modo
2216 936 2339 977 cum
2379 936 2440 977 se
2478 926 2723 976 cerneret
2752 918 3032 983 incidisse,
3058 918 3221 974 ﬂebat
3268 933 3333 972 ac
3360 917 3540 973 lamen

1999 1016 2237 1071 labatur.
3172 1066 3181 1075 .

2071 1106 2240 1164 Vens.
2276 1108 2330 1163 Δ.
2366 1108 2632 1176 Quoniam
2662 1110 2750 1162 die
2781 1123 2844 1161 ac
2875 1116 3025 1160 nocte
3058 1112 3282 1175 gratata
3310 1113 3389 1160 est
3417 1119 3573 1171 super

1998 1215 2079 1253 me
2115 1215 2306 1254 manus
2338 1209 2453 1254 tua.
2495 1199 2619 1255 lizcc
2673 1212 2756 1254 est
2794 1214 3012 1254 rursum
3065 1196 3323 1252 clamoris
3376 1211 3569 1251 causa.

1966 1286 2219 1345 'Mauum
2259 1301 2441 1344 autem
2476 1290 2564 1345 hic
2618 1292 2774 1360 ponit
2829 1305 2928 1360 pro
2979 1289 3235 1360 puniendi
3304 1290 3570 1359 potentia.

1999 1380 2156 1434 Manu
2174 1380 2321 1435 enim
2354 1380 2628 1449 castigare
2649 1381 2912 1447 solemus,
2941 1396 3063 1450 qua:
3087 1387 3310 1451 gravata
3334 1391 3440 1444 cst,
3470 1381 3573 1434 hoc

1999 1481 2081 1527 est
2114 1471 2359 1541 graviter
2384 1470 2588 1525 delata.
2616 1469 2715 1527 Die
2746 1485 2876 1525 vero
2908 1486 2971 1524 ac
3013 1477 3199 1535 nocte,
3254 1469 3394 1524 dixit
3448 1485 3571 1539 pro,

2003 1570 2287 1634 perpetuo.

2073 1653 2367 1709 Conrcrsus
2400 1668 2519 1708 sum
2562 1653 2619 1708 in
2649 1653 2913 1709 miseriam
2967 1651 3094 1707 dum
3122 1653 3405 1724 con/igitur
3445 1652 3573 1705 mihi

2006 1745 2183 1812 spina.
2211 1744 2504 1800 Peccatum
2545 1744 2759 1814 spinam
2790 1742 3048 1812 appellat,
3082 1742 3252 1797 veluti
3288 1755 3395 1796 non
3433 1740 3576 1796 inte-

2000 1834 2143 1900 rius,
2191 1834 2287 1889 scd
2322 1833 2573 1890 exterius
2598 1833 2939 1904 penetraudo
2969 1830 3252 1898 adnatum,
3299 1838 3355 1887 et
3410 1831 3576 1884 veluti

2002 1942 2254 1999 pungens
2285 1942 2349 1982 ac
2386 1926 2630 1982 dolorem
2663 1926 2927 1982 inferens.
2988 1924 3161 1980 Iulixa
3228 1922 3360 1978 mihi
3411 1923 3579 1994 igitur

2004 2020 2107 2074 hac
2139 2019 2295 2087 spina
2324 2017 2557 2088 peccati,
2587 2017 2773 2071 omnia
2806 2030 2928 2085 qua:
2960 2014 3202 2070 secunda
3257 2013 3391 2067 mihi
3440 2015 3573 2068 olim

2001 2116 2159 2164 erant
2200 2122 2265 2162 ac
2307 2121 2592 2177 prospera,
2629 2120 2896 2162 conversa
2927 2115 3056 2161 sunt
3082 2105 3140 2160 in
3166 2104 3467 2161 miseriam.

2076 2192 2241 2249 Vens.
2271 2194 2324 2249 5.
2359 2193 2705 2263 lniquitulem
2738 2210 2909 2248 meam
2949 2194 3216 2264 cognitam
3239 2192 3336 2246 tibi
3374 2193 3497 2262 feci,
3528 2202 3578 2246 et

2011 2296 2287 2350 peccatum
2321 2300 2496 2339 meum
2559 2301 2663 2339 non
2712 2284 2991 2339 abscondi.
3040 2282 3119 2339 Ne
3160 2283 3581 2338 obmurmurare

2006 2376 2275 2445 Propheta
2299 2375 2570 2431 adversus
2602 2374 2770 2429 Deum
2807 2373 3082 2440 videatur,
3107 2389 3419 2429 sermonem
3450 2389 3575 2427 mu.

2007 2472 2109 2529 tat,
2137 2475 2192 2520 et
2222 2464 2447 2535 exponit
2474 2465 2751 2535 quomodo
2781 2464 3212 2519 misericordiam
3245 2478 3276 2517 a
3304 2464 3413 2518 Deo
3441 2478 3581 2519 con-

2007 2564 2233 2610 secutus
2267 2558 2360 2611 sit.
2393 2555 2530 2609 Dum
2566 2554 2805 2619 Nathan,
2840 2554 3042 2624 inquit,
3073 2554 3180 2610 sub
3206 2555 3312 2608 alia
3342 2569 3578 2624 persona

2007 2646 2266 2701 delictum
2288 2662 2468 2701 meum
2503 2646 2634 2700 mihi
2666 2661 2901 2701 narrans
2926 2645 3308 2716 conlinxisset,
3333 2661 3396 2702 ac
3427 2646 3583 2702 dein-

2009 2751 2137 2806 Ccps
2164 2735 2465 2792 addidisset
2505 2753 2520 2791 :
2556 2733 2636 2789 Tu
2664 2749 2724 2791 es
2756 2735 2824 2813 de
2848 2750 2957 2804 quo
2987 2735 3102 2790 hanc
3125 2735 3411 2799 dicuntur,
3436 2736 3581 2790 indi-

2010 2832 2130 2884 cavi
2171 2829 2356 2885 statim
2391 2843 2493 2898 ego
2526 2828 2789 2884 delictum
2821 2841 3026 2894 meum,
3069 2843 3168 2882 nec
3210 2829 3423 2898 negavi.
3467 2828 3581 2883 lui-

2010 2921 2273 2990 quitatem
2305 2927 2485 2975 autem
2518 2933 2637 2974 eam
2670 2917 2970 2989 intelliges,
3019 2932 3184 2988 quam
3210 2928 3262 2973 et
3292 2926 3581 2987 peccatum

2013 3011 2331 3083 appellavit.

2084 3103 2211 3157 Dixi
2239 3102 2635 3159 :Annuntiabo
2659 3100 2935 3156 adversum
2960 3118 3040 3156 me
3062 3100 3382 3171 injustitiam
3412 3117 3582 3155 meam

2010 3195 2256 3249 Domino.
2284 3192 2639 3264 Cugnosccns
2674 3206 2760 3248 me
2795 3193 3310 3248 condemnationem
3366 3192 3580 3248 evitare

2012 3304 2121 3343 non
2156 3303 2338 3358 posse,
2376 3287 2489 3341 dixi
2544 3287 2687 3340 intra
2741 3302 2827 3341 mc
2893 3287 3072 3357 ipsum
3136 3286 3188 3340 id
3239 3286 3384 3356 quod
3433 3300 3584 3340 eram

2013 3379 2259 3435 facturus
2286 3395 2301 3433 :
2327 3388 2383 3435 et
2408 3377 2595 3435 statim
2629 3377 2919 3433 confessus
2950 3391 3069 3431 sum
3102 3376 3290 3431 dicens
3318 3393 3333 3430 :
3361 3374 3585 3430 Peccavi

2012 3471 2263 3527 Domina.

2085 3562 2153 3618 Et
2170 3573 2225 3619 tu
2252 3563 2505 3619 remisisti
2536 3563 2854 3633 impietate»:
2890 3560 3065 3617 cordis
3094 3561 3215 3615 mei.
3241 3558 3345 3616 Per
3370 3559 3584 3614 Nathau

2013 3657 2228 3712 scilicet
2258 3657 2580 3728 prophetam
2616 3657 2889 3711 dicentem
2920 3672 2933 3708 :
2978 3651 3045 3705 Et
3077 3651 3331 3705 Dominus
3367 3649 3588 3704 nostum

2013 3755 2283 3817 peccatum
2310 3758 2459 3801 tuum
2497 3746 2569 3801 “.
2598 3745 2797 3802 Cordis
2849 3752 3029 3798 autem
3077 3742 3407 3810 impietatem
3461 3740 3587 3796 ideo

2015 3843 2301 3907 peccatum
2344 3837 2599 3906 appellat,
2628 3836 2757 3904 quia
2791 3835 2847 3889 in
2874 3833 3040 3889 corde
3088 3846 3190 3888 suo
3226 3830 3407 3888 nullas
3436 3832 3585 3887 veri-

2016 3936 2103 3983 tus
2140 3928 2320 3983 fuerat
2356 3929 2500 3998 leges
2536 3943 2568 3982 a
2623 3930 2735 3982 Deo
2766 3927 2905 3981 latas
2939 3925 3009 3981 de
3044 3924 3361 3989 homicidio,
3391 3931 3488 3977 aut
3517 3922 3587 3976 de

2014 4018 2308 4073 adulterio.
2350 4017 2637 4074 Remisisti
2688 4027 2898 4081 autem,
2950 4017 3057 4071 hoc
3107 4025 3214 4084 est,
3265 4017 3585 4087 pepercisti.

2012 4108 2198 4179 Aliqui
2228 4107 2505 4174 dubitant,
2541 4108 2817 4177 quomodo
2870 4106 2917 4162 si
2960 4108 3252 4162 remissum
3300 4106 3351 4163 ei
3403 4107 3588 4163 fuerat

2016 4209 2324 4272 peccatum,
2354 4212 2632 4272 gravatam
2671 4199 3021 4270 postmodum
3072 4212 3195 4254 esse
3232 4198 3378 4254 dicat
3422 4215 3589 4270 super

2017 4305 2077 4346 se
2103 4306 2321 4347 manum
2364 4292 2486 4347 Del.
2522 4290 2585 4344 Et
2616 4291 2868 4352 dicimus,
2895 4289 3042 4361 quod
3078 4297 3364 4361 postquam
3395 4291 3589 4346 beatus

322 4384 399 4456 τῷ
430 4384 639 4439 Νάθαν
674 4383 833 4454 δίκην
863 4383 1138 4446 εὐθύνων,
1183 4382 1503 4452 ἀπεφήνατο
1553 4380 1736 4451 ἔνοχον
1771 4377 1906 4434 εἶναι

2018 4381 2191 4440 David
2222 4399 2445 4440 causam
2490 4383 2639 4439 illam
2676 4396 2706 4437 a
2748 4382 3015 4454 propheta
3043 4379 3258 4436 Nathau
3292 4381 3586 4438 conﬁctam

320 4477 418 4530 καὶ
460 4474 547 4548 (9)
584 4474 819 4528 θάνατον
847 4474 943 4528 καὶ
971 4473 1178 4544 ζημίαν
1225 4473 1318 4527 τὸν
1345 4469 1489 4526 οὕτω
1515 4470 1913 4542 πεπλημμελη-

321 4563 460 4619 κότα
485 4579 503 4596 ο
537 4563 640 4617 τὸν
680 4562 780 4633 μὲν
810 4562 1039 4615 θάνατον
1081 4561 1282 4616 αὐτίκα
1317 4560 1700 4631 συνεχωρήθη,
1735 4559 1824 4613 διὰ
1855 4559 1916 4612 τὸ

319 4657 534 4728 θερμὸν
602 4654 700 4708 καὶ
747 4654 1035 4725 ἐγκάρδιον
1081 4653 1182 4723 τῆς
1210 4652 1687 4723 ἐξομολογήσεως’
1731 4649 1831 4720 τὴν
1859 4649 1916 4703 δὲ

320 4746 539 4817 ζημίαν
599 4742 881 4815 ἀπῃτήθη,
931 4744 1021 4797 διὰ
1075 4741 1187 4796 τῶν
1244 4742 1543 4813 μετέπειτα
1596 4740 1915 4813 συμφορῶν,

321 4837 469 4891 κατὰ
497 4835 612 4907 τὴν
643 4834 853 4888 οἰκείαν
881 4833 1178 4904 ἀπόφασιν,
1209 4832 1298 4887 ἴνα
1342 4831 1419 4903 μὴ
1446 4829 1633 4885 τέλεον
1671 4832 1773 4884 ’καὶ
1821 4830 1918 4883 τά-

324 4942 444 4995 χιον
462 4924 841 4995 άπαλλαγεὶς,
871 4925 1182 4980 ἐπιλάθοιτο
1202 4923 1425 4995 ῥᾳδίως,
1447 4922 1543 4977 καὶ
1572 4921 1733 4976 πάλιν
1755 4921 1925 4991 ἐμπέ-

324 5033 436 5074 σοι.
1708 5050 1723 5059 κ

409 5289 602 5359 ’Υπὲρ
634 5290 854 5359 ταύτης
875 5291 1273 5359 προσεύξεται
1304 5291 1423 5360 πᾶς
1453 5293 1623 5361 ὅσιος
1642 5293 1711 5348 ἐν
1738 5291 1919 5363 καιρῷ

432 5406 485 5440 δ’
519 5401 573 5457 ιι
598 5399 730 5476 Reg.
761 5417 861 5470 xtl,
892 5402 985 5457 15.

2011 4487 2160 4532 recte
2203 4476 2585 4542 intellexisset,
2650 4486 2702 4532 et
2750 4477 3014 4547 seipsum,
3073 4474 3217 4546 quod
3273 4474 3594 4545 deliquisset

2014 4582 2125 4623 non
2157 4568 2354 4623 mortis
2375 4577 2614 4633 tantum,
2647 4567 2743 4622 sed
2774 4582 2933 4622 noxae
2961 4566 3124 4622 etiam
3160 4580 3314 4621 reum
3346 4579 3469 4620 esse
3497 4564 3591 4633 ju-

2013 4659 2287 4725 dicasset;
2322 4674 2474 4716 mors
2504 4660 2723 4730 quidem
2777 4661 2829 4714 ei
2864 4660 3045 4715 statim
3098 4657 3326 4712 remissa
3370 4666 3477 4719 est,
3521 4658 3594 4711 oh

2013 4760 2325 4819 promptam
2381 4760 2547 4820 atque
2600 4749 2861 4804 humilem
2926 4747 3111 4804 cordis
3165 4747 3592 4809 confessionem,

2020 4835 2283 4894 damnum
2315 4854 2445 4894 vero
2477 4841 2545 4895 ab
2582 4853 2648 4895 eo
2696 4848 2949 4894 exactum
2985 4848 3091 4905 est,
3131 4855 3226 4907 per
3268 4842 3595 4897 subsecutus

2021 4929 2387 4993 calamitates,
2432 4930 2585 4998 juxta
2647 4930 2924 5000 propriam
2958 4933 3311 4996 sententiam,
3360 4948 3427 4989 ne
3476 4942 3589 4987 tam

2022 5019 2297 5084 celeriter,
2325 5029 2488 5089 atque
2514 5022 2569 5075 in
2602 5028 2778 5097 totum
2802 5022 3090 5092 liberatus,
3136 5031 3345 5077 tantum
3383 5023 3596 5077 facinus

2022 5126 2088 5165 ac
2122 5119 2332 5165 tantum
2363 5112 2691 5169 beneﬁcium
2727 5115 2991 5170 oblivioni
3025 5113 3247 5172 facilius
3282 5113 3588 5177 mandaret,

1980 5270 1985 5273 ι
2023 5215 2077 5259 ct
2106 5219 2295 5259 rursus
2327 5204 2380 5258 in
2406 5205 2598 5261 eadem
2635 5205 2899 5262 incideret
2923 5205 3145 5262 delicta.

2102 5296 2269 5351 Vsus.
2303 5296 2357 5351 6.
2404 5294 2512 5352 Pro
2553 5297 2652 5352 hac
2699 5298 2869 5353 orabit
2902 5298 2975 5353 ad
3007 5310 3054 5353 te
3087 5297 3257 5354 omnis
3285 5301 3496 5349 sanctus
3539 5294 3593 5348 in
3664 5306 3671 5312 '

1678 5491 1875 5555 Varias
1936 5491 2268 5559 lectiones.

394 5578 411 5627 ί
421 5572 481 5628 8ὶ
518 5572 619 5626 ια’.
650 5572 769 5628 τοῦ.

392 5628 480 5714 (9)
515 5641 740 5698 Mallem
757 5642 988 5697 θανάτου
1019 5641 1136 5704 καὶ,
1162 5640 1243 5695 Vel
1269 5640 1484 5714 θανάτῳ
1508 5640 1602 5696 καὶ
1631 5641 1825 5714 ζημιᾳ,
1859 5654 1906 5700 ιιι

2009 5646 2117 5704 ibet
2143 5647 2284 5704 alius
2313 5649 2509 5707 codex.

587 5733 870 5798 Ρηιιοι.
917 5735 1036 5797 Gn.
1076 5734 1421 5798 CXXVIII;

3086 5737 3165 5799 12
