4054 6210
423 184 529 247 36ρῖ

1680 181 2061 242 EUTHYMII
2096 181 2450 241 ZIGABENI

3560 184 3667 249 305

423 307 654 362 tempore
686 302 1001 361 Opportuna.
1038 290 1143 347 l’ro
1189 292 1313 356 hac,
1347 292 1449 346 hoc
1496 302 1599 357 est,
1634 291 1714 345 Ab
1749 292 1851 347 hac
1891 291 1986 344 ini-

2103 292 2342 357 εὐθέτῳ.
2391 291 2462 343 Τὸ
2523 291 2675 358 ὑπὲρ
2720 293 2958 360 ταύτης,
2988 294 3108 347 ἀντὶ
3130 293 3247 359 τοῦ,
3304 294 3434 350 Ἀπὸ
3461 297 3663 370 ταύτης

422 388 634 456 quitate
662 386 793 439 mihi
828 384 1081 446 remissa,
1127 383 1250 454 pius
1301 399 1365 437 ac
1402 384 1688 454 religiosus
1716 384 1798 437 vir
1827 384 1991 452 quili-

421 480 510 532 bet
544 478 840 533 inStiuctus
873 476 1085 544 rogabit
1125 485 1195 530 te.
1234 476 1335 531 Ubi
1378 476 1520 531 enim
1572 476 1872 529 innotuerit
1904 490 1990 529 re-

425 570 648 623 missum
680 568 808 622 milu
840 566 1009 622 luisse
1034 578 1342 636 pet-catum,
1375 567 1582 630 statim,
1609 576 1667 619 ut
1698 565 1988 639 confessus

421 674 565 723 sum,
609 657 969 717 imitabuntur
994 672 1079 711 me
1125 656 1384 727 deinceps
1418 658 1489 727 pii
1522 671 1711 710 omnes
1753 656 1804 710 iu
1854 664 1990 710 tem-

423 766 554 819 pure
608 740 1118 819 pertinenti-defluo
1161 750 1303 802 enim
1363 747 1700 820 poenitentia:
1750 754 1985 815 tempus,

418 841 575 910 quasi
612 842 863 894 idoneum
926 856 989 893 ac
1025 839 1395 904 commodum,
1446 848 1808 909 opportunum
1848 846 1985 891 tem-

421 948 521 1000 pus
579 931 892 1000 appellavit.
952 932 1176 1001 Eritque
1231 930 1344 984 haec
1392 932 1643 985 remissio
1679 929 1985 998 exemplum

417 1022 669 1074 omnibus
696 1022 1089 1090 pmuitcutibus
1119 1038 1133 1075 :
1168 1036 1309 1107 quos
1338 1020 1461 1075 ideo
1498 1019 1712 1074 vocavit
1740 1026 1985 1080 sanctos,

416 1114 542 1183 quia
567 1113 719 1183 impii
766 1124 929 1182 atque
955 1114 1177 1168 omnino
1210 1113 1405 1185 perditi
1432 1113 1464 1166 ii
1490 1120 1640 1176 sunt,
1663 1125 1801 1179 quos
1837 1110 1987 1162 nulla

417 1206 539 1261 duci
574 1206 848 1277 colitiugit
894 1205 1236 1276 pmuitentia.
1291 1204 1589 1259 Possumus
1624 1212 1677 1256 et
1708 1201 1863 1263 aliter
1903 1203 1986 1255 di-

2095 384 2197 453 τῆς
2220 383 2494 453 ἁμαρτίας
2524 384 2861 454 κινούμενος,
2896 386 3268 455 παρακαλέσει
3304 405 3364 442 σε
3413 390 3519 451 πᾶς
3543 389 3663 444 θεο-

2098 478 2299 546 σεϋής·
2357 476 2545 545 μαθὼν
2585 478 2716 546 γὰρ,
2763 478 2846 530 ὅτι
2892 478 3449 555 ἐξομολογησάμενος,
3502 480 3662 544 εὐθὺς

2097 567 2831 640 συνεχωρήθην,μιμήσεταί
2892 587 2957 637 με
2990 572 3047 623 ὲν
3100 569 3278 639 καιρῷ
3332 571 3661 638 μετανοίαςο

2093 656 2283 710 τοῦτον
2311 659 2419 729 γὰρ
2453 657 2672 711 εῠθετον
2724 659 2819 712 καὶ
2852 660 3157 730 ἐπιτήδειον
3190 661 3401 728 εἴρηκε,
3437 662 3529 714 καὶ
3566 659 3659 713 αῦ-

2093 764 2159 816 τη
2189 746 2339 801 ἔσται
2359 750 2471 811 τοῖς
2492 748 2847 818 μετανοοῦσιν
2866 750 3170 819 ὑπόδειγμα
3195 767 3209 780 ο
3232 752 3262 803 δ
3315 750 3425 822 γὰρ
3452 751 3664 815 ἀνόσιος

2092 841 2155 891 οὐ
2194 839 2582 909 μεταμέλεται.
2612 842 2769 893 Ἔστι
2789 842 2845 894 δὲ
2875 842 3167 924 καὶᾶλλως
3196 843 3391 906 εἰπεῖν,
3427 844 3510 896 ὅτι
3533 860 3655 914 προ-

2095 928 2319 996 φητεύει
2355 930 2483 999 περὶ
2513 932 2620 983 τῶν
2656 931 2884 995 πιστῶν,
2919 932 3117 995 οἵτινες
3140 934 3195 985 ὲν
3232 932 3409 1003 καιρῷ
3440 932 3664 1003 εὐθέτῳ,

2093 1015 2291 1087 δηλαδὴ
2322 1017 2399 1088 τῷ
2438 1020 2575 1088 μετὰ
2623 1019 2682 1073 τὸ
2716 1022 3003 1092 κήρυγμα,
3047 1021 3320 1093 χρώμενοι
3374 1024 3487 1083 τοῖς
3536 1026 3664 1090 περὶ

2093 1111 2366 1181 ἁμαρτίας
2383 1112 2549 1166 αὑτοῦ
2568 1112 2823 1188 ψαλμοῖς,
2841 1114 3245 1186 δοκοῦσινὺπὲρ
3263 1114 3467 1185 ταύτης
3492 1132 3663 1186 προσ-

2094 1203 2379 1273 εύχεσθαι.

416 1313 560 1364 cere,
621 1300 766 1369 quod
819 1299 1066 1366 tradatur
1110 1296 1400 1377 prophetia
1455 1296 1521 1351 de
1574 1292 1847 1357 ﬁdelibus,
1881 1293 1973 1363 qui
2018 1302 2262 1364 tempore
2333 1307 2663 1367 opportuno,
2734 1298 2839 1355 hoc
2889 1308 2973 1371 est
3024 1306 3148 1370 post
3222 1300 3660 1371 medicationem

420 1390 722 1457 Evangelii,
757 1391 882 1442 dum
957 1404 1055 1443 eos
1108 1388 1250 1442 beati
1323 1385 1488 1451 David
1543 1386 1781 1456 psalmos
1828 1392 2052 1451 canunt,
2094 1386 2187 1454 qui
2220 1386 2370 1461 illius
2401 1399 2621 1462 peccata
2645 1400 3100 1459 commemorant,
3131 1407 3229 1465 pro
3258 1409 3447 1451 eorum
3472 1398 3664 1461 remis.

418 1488 570 1541 sione
600 1485 663 1539 ad
698 1484 861 1538 Deum
888 1483 1289 1552 quodammodo
1318 1498 1478 1536 orare
1494 1465 1780 1538 Videntur.

502 1573 868 1637 Verumtamen
907 1575 962 1627 in
1015 1574 1213 1629 diluvio
1267 1589 1528 1643 aquarum
1569 1573 1857 1639 multarum
1914 1573 1983 1635 qd

417 1682 532 1719 eum
566 1683 667 1719 non
697 1665 1168 1733 approximabunt.
1203 1665 1375 1718 Dictio
1410 1673 1765 1717 verumtamen
1795 1663 1896 1716 hoc
1929 1663 1981 1715 in

2162 1570 2337 1639 Πλὴν
2382 1572 2452 1623 ὲν
2496 1570 2903 1638 κατακλυσμῷ
2946 1569 3184 1629 ὑδάτων
3226 1571 3471 1629 πολλῶν
3511 1575 3663 1644 πρὸς

2089 1665 2277 1719 αὑτὸν
2323 1666 2435 1718 οὐκ
2479 1663 2771 1732 ἐγγιοῦσι.
2803 1664 2876 1718 Τὸ
2900 1664 3086 1733 πλὴν,
3120 1665 3241 1720 ἀντὶ
3265 1665 3360 1719 τοῦ
3409 1668 3502 1719 καὶ
3535 1685 3664 1721 συν-

422 1765 540 1813 locu
574 1773 671 1827 pro
700 1758 1010 1829 copulativa
1063 1757 1455 1824 conjunctione
1483 1755 1752 1810 sumenda
1789 1764 1895 1818 est,
1928 1762 1985 1821 ut

2090 1757 2284 1825 δέσμου
2311 1754 2561 1823 νοοῦμεν,
2583 1753 2713 1828 ἵναῇ
2740 1755 2999 1818 τοιοῦτον,
3027 1758 3107 1809 ὅτι
3140 1757 3231 1815 καὶ
3262 1758 3320 1810 ὲν
3353 1758 3662 1830 πλημμύρα

420 1851 492 1904 sit
557 1864 758 1911 sensus
797 1867 810 1902 :
846 1847 992 1916 quod
1054 1857 1108 1915 et
1170 1848 1222 1913 in
1284 1846 1576 1901 nndatione
1630 1846 1984 1899 tentationum

422 1940 549 2007 (per
583 1953 755 2006 aquas
783 1938 927 1997 enim
973 1937 1075 1989 hoc
1102 1936 1155 1989 in
1198 1936 1314 1989 loco
1345 1935 1675 1989 tentatioues
1718 1947 1781 1985 ac
1836 1931 1986 1985 cala~

422 2030 641 2082 iuitates
679 2025 1046 2095 intelligenda:
1070 2034 1217 2089 sunt,
1245 2024 1703 2094 quemadmodum
1735 2030 1790 2076 et
1819 2020 1945 2074 alibi
1972 2038 1985 2073 :

419 2118 607 2174 Libera
642 2133 720 2171 me
745 2117 806 2177 tle
835 2116 982 2186 aquis
1023 2116 1242 2183 maris),
1283 2114 1425 2182 quod
1457 2116 1506 2177 in
1543 2110 1874 2180 hujusmodi,
1904 2110 1990 2164 iu-

421 2227 608 2281 quam,
666 2208 982 2273 undatione,
1008 2208 1168 2271 nulla:
1199 2220 1353 2274 aquae
1385 2205 1450 2261 ad
1485 2219 1607 2259 eum
1640 2200 1989 2275 approxima-

421 2302 580 2361 bunt,
622 2300 715 2369 qui
751 2298 830 2354 sic
867 2298 1156 2353 confessus
1194 2296 1377 2357 fuerit,
1426 2304 1479 2348 et
1522 2295 1610 2348 cui
1644 2293 1748 2351 liae
1776 2290 1991 2349 ratione

424 2390 655 2446 remissa
687 2388 889 2443 iuerint
930 2396 1174 2456 peccata.
1209 2385 1610 2455 Approximare
1646 2390 1851 2447 autem,
1890 2399 1988 2437 seu

420 2481 881 2549 appropinquare,
912 2479 1015 2533 hoc
1056 2478 1109 2549 in
1153 2479 1272 2531 loco
1308 2475 1449 2535 idem
1495 2482 1578 2530 est
1626 2474 1770 2543 quod
1825 2474 1990 2527 attin-

421 2587 550 2641 gere
582 2582 636 2625 et
668 2572 887 2626 laedere.
926 2568 1020 2629 Vel
1054 2583 1152 2639 per
1192 2566 1457 2623 diluvium
1527 2565 1795 2635 baptisma
1828 2563 1986 2617 intel-

426 2665 551 2731 lige,
581 2666 723 2733 quod
757 2662 808 2716 in
858 2660 1014 2732 aquis
1071 2662 1147 2725 lit,
1190 2666 1245 2713 et
1297 2667 1516 2729 peccata
1557 2658 1748 2721 abluit.
1804 2657 1988 2725 Aquas

425 2769 555 2808 vero
585 2753 930 2824 baptismatis
983 2752 1181 2807 multas
1216 2751 1475 2820 appellat,
1513 2749 1855 2809 considerata
1889 2763 1987 2816 pe-

422 2847 530 2903 tins
590 2846 850 2916 qualitate
939 2861 1003 2900 ac
1056 2844 1293 2912 potentia
1330 2842 1591 2913 Spiritus,
1616 2856 1779 2910 quam
1813 2842 1988 2893 unda-

420 2954 540 3013 rum
575 2939 914 3011 quantitate;
944 2954 1053 3009 quo
1091 2944 1252 3008 pacto
1311 2936 1494 2989 dicere
1546 2935 1790 2990 solemus
1852 2947 1986 2986 veu-

2084 1846 2383 1916 λογισμῶν,
2434 1845 2600 1906 ὕδατα
2634 1847 2741 1916 γὰρ
2762 1844 2980 1907 τούτους
3015 1846 3245 1915 οἰητέον,
3276 1847 3351 1910 ὼς
3387 1850 3484 1915 τὸ,
3528 1849 3661 1903 Ῥῦ-

2087 1954 2189 1993 σαι
2235 1953 2310 2006 με
2359 1934 2457 1989 καί
2493 1935 2815 2004 ἐξελοῦμαι
2855 1935 2922 1999 ἐξ
2972 1934 3209 1989 ὑδάτων
3242 1936 3508 2003 πολλῶν,
3558 1939 3661 1992 οὐκ

2086 2027 2331 2095 ὲγγιοῦσι
2378 2027 2551 2079 ταῦτα
2586 2027 2653 2081 τὰ
2703 2027 2869 2080 ὕδατα
2924 2028 3057 2097 πρὸς
3113 2027 3297 2095 αὐτὸν,
3347 2029 3434 2081 τὸν
3485 2028 3659 2093 οὕτως

2087 2116 2623 2184 ὲξομολογησάμενον
2655 2116 2749 2168 καὶ
2775 2117 3221 2187 συγχωρηθέντα.
3257 2119 3354 2171 Διὰ
3385 2119 3479 2174 τοῦ
3502 2121 3659 2188 ὲγγί-

2094 2204 2206 2269 ζειν
2235 2205 2290 2257 δὲ
2324 2205 2382 2257 τὸ
2412 2205 2678 2260 ἅπτεσθαι
2713 2207 2806 2259 καὶ
2836 2206 3049 2260 δάκνειν
3077 2206 3319 2279 ᾐνίξατο.
3353 2210 3420 2261 Ἢ
3446 2210 3538 2261 καὶ
3559 2210 3657 2264 ἄλ-

2091 2294 2189 2359 λως
2208 2297 2613 2366 κατακλυσμδς,
2667 2297 2726 2349 τὸ
2752 2298 2819 2350 δι’
2863 2298 3069 2352 ὑδάτων
3108 2298 3389 2369 βάπτισμα
3415 2299 3655 2370 νοηθείη,

2086 2387 2160 2451 ὡς
2193 2386 2532 2451 κατακλύζον
2577 2388 2674 2458 τὴν
2717 2390 3022 2459 ἁμαρτίαν·
3068 2390 3274 2442 ὑδάτων
3318 2390 3375 2444 δὲ
3420 2390 3656 2454 πολλῶν,

2086 2482 2153 2548 τῇ
2188 2480 2434 2548 ποιότητι
2463 2481 2556 2532 καὶ⁸
2589 2480 2817 2549 δυνάμει
2854 2481 2949 2533 τοῦ
2994 2481 3334 2551 Πνεύματος,
3362 2484 3457 2536 καὶ
3486 2484 3546 2539 οὐ
3589 2485 3655 2553 τῇ

2082 2572 2339 2640 ποσότητι
2362 2570 2467 2623 τῶν
2493 2570 2731 2642 ρύθρωψ
2767 2571 2908 2625 οὕτω
2934 2571 3042 2643 γὰρ
3074 2573 3304 2644 λέγομεν
3331 2574 3499 2627 πολὺν
3530 2575 3623 2629 ἇνε
3643 2604 3655 2615 -

2093 2679 2191 2731 μον
2238 2662 2328 2715 τὸν
2357 2663 2594 2731 ἰσχυρόν.
2623 2662 3015 2733 Προσεύξεται,
3041 2665 3195 2734 φησὶ,
3231 2665 3366 2734 πρὸς
3390 2667 3485 2718 σέ·
3519 2664 3658 2737 πλὴν

2088 2752 2146 2803 ὲν
2175 2750 2252 2820 τῷ
2287 2750 2621 2820 βαπτίσματι
2673 2752 2807 2825 πρὸς
2829 2753 2991 2806 αὑτὸν
3029 2754 3128 2806 οὐκ
3161 2754 3424 2829 ὲγγιοῦσι,
3470 2755 3657 2826 δηλον-

2087 2840 2167 2900 ότι
2208 2841 2264 2894 al
2328 2841 2592 2912 ἁμαρτίαι
2639 2843 3107 2915 κατακλυζόμεναι
3166 2845 3261 2901 καὶ
3323 2845 3652 2917 ἀφανιζόμε-

2092 2950 2202 2985 ναι.
3611 2943 3615 2947 ’

386 3018 393 3021 γ’
425 3046 538 3089 tum
600 3033 852 3094 multum,
913 3032 1018 3085 hoc
1070 3038 1173 3092 est,
1239 3029 1503 3093 validum.
1574 3025 1766 3082 Orabit
1799 3026 1985 3097 igitur,
2030 3023 2230 3095 inquit,
2269 3024 2337 3080 ad
2367 3035 2439 3093 te,
2474 3041 2662 3083 verum
2696 3028 2750 3084 in
2784 3029 3054 3101 baptismo
3081 3033 3150 3089 ad
3186 3046 3310 3089 eum
3377 3047 3488 3088 non
3561 3046 3657 3101 ap-

424 3125 810 3195 proximabuut
845 3131 1102 3191 peccata;
1139 3121 1285 3174 illinc
1315 3119 1571 3183 nimirum
1612 3117 1861 3170 demersa
1897 3129 1960 3169 ac
1999 3116 2202 3171 delata.

495 3218 658 3272 Vsus.
687 3216 743 3270 7.
775 3214 852 3269 Tu
874 3232 925 3268 es
952 3213 1211 3283 refugium
1244 3227 1413 3265 meum
1449 3227 1480 3263 a
1511 3209 1851 3265 tribulatione
1872 3223 1986 3277 qua:

2156 3211 2241 3264 Σύ
2265 3230 2367 3281 μοι
2426 3210 2488 3268 εἴ
2526 3215 2840 3285 καταφυγὴ
2880 3214 3001 3279 ἀπὸ
3039 3215 3303 3284 θλίψεως
3332 3214 3441 3283 τῆς
3469 3228 3660 3287 περιε-

422 3307 769 3363 rircumdedit
825 3321 927 3359 me.
980 3305 1064 3358 Ab
1120 3304 1219 3357 hac
1267 3301 1468 3365 etenim
1523 3300 1591 3355 ad
1623 3312 1673 3355 te
1711 3297 1987 3369 coniugio,

423 3411 679 3468 tanquam
710 3396 776 3450 ad
804 3394 1063 3464 gaudium
1116 3403 1165 3448 et
1195 3392 1458 3446 laetitiam.

498 3489 803 3545 Exsultatio
862 3503 1000 3550 mea,
1034 3499 1157 3538 erue
1206 3500 1285 3537 me
1318 3499 1350 3535 a
1386 3478 1832 3537 circumdautibus
1885 3494 1985 3532 me.

421 3581 739 3653 Opportuna
763 3585 848 3633 est
884 3577 997 3631 luce
1044 3574 1338 3631 invocatio.
1372 3570 1476 3636 Tu,
1519 3586 1551 3625 ο
1591 3571 1753 3634 Deus,
1788 3568 1988 3638 inquit,

422 3676 515 3744 qui
556 3688 616 3729 es
649 3671 907 3741 gaudium
942 3683 1150 3730 meum,
1193 3666 1344 3735 eripe
1390 3679 1475 3729 tne
1512 3677 1541 3717 a
1571 3660 1985 3725 tentationibus,

422 3764 624 3834 quibus
675 3760 1078 3830 quodammodo
1140 3755 1514 3819 circumdatus
1564 3752 1836 3818 detineor,
1891 3766 1987 3813 seu

423 3856 666 3917 visibiles
689 3869 783 3913 seu
814 3853 978 3915 etiam
1029 3850 1331 3913 invisibiles
1384 3847 1640 3903 inimicos
1690 3844 1986 3913 intelligas.

422 3949 434 4018 |
461 3942 821 4016 Diapsalma.]

496 4038 659 4099 Visus.
697 4036 752 4091 8.
785 4035 1119 4091 Intellectum
1157 4032 1252 4087 tibi
1278 4030 1437 4093 dabo,
1468 4038 1517 4082 et
1547 4027 1706 4081 simul
1734 4024 1983 4080 accedam

422 4134 479 4185 iu
512 4133 595 4184 via
624 4132 723 4183 hac
771 4144 874 4196 qua
920 4126 1206 4196 gradieris.
1257 4122 1564 4190 Diapsaluia
1610 4119 1716 4172 hoc
1759 4118 1813 4170 in
1870 4116 1987 4177 loco

422 4220 781 4281 mutationem
808 4218 1014 4279 iudicat
1038 4214 1445 4284 consequentire
1478 4208 1772 4269 sermonis.
1809 4205 1987 4267 Verba

420 4313 569 4368 enim
599 4326 720 4380 qua:
750 4315 1057 4377 sequuntur
1105 4320 1170 4358 ex
1222 4317 1455 4372 persona
1518 4301 1605 4354 Dei
1661 4296 1985 4368 proferenda

422 4413 572 4465 sunt,
608 4398 988 4468 respondentis
1032 4394 1099 4457 ad
1132 4392 1485 4460 PrOpltetam,
1517 4392 1605 4442 cui
1638 4388 1738 4441 soli
1770 4385 1987 4456 auditus

423 4502 501 4546 est
527 4509 541 4544 :
570 4490 680 4558 Ego
714 4497 772 4551 te
817 4485 1137 4555 prudentem
1194 4482 1410 4543 faciant,
1453 4479 1519 4541 ad
1555 4477 1677 4543 hoc,
1711 4486 1766 4529 ut
1802 4476 1986 4541 inimi-

2091 3301 2319 3370 χούσης
2340 3321 2436 3372 με.
2482 3305 2615 3371 Ἀπὸ
2643 3306 2846 3377 ταύτης
2874 3307 2956 3369 είς
2990 3306 3049 3359 σὲ
3080 3306 3412 3375 καταφεύγω
3431 3348 3446 3373 ,
3474 3306 3549 3380 ὡς
3578 3308 3660 3383 εἰς

2091 3392 2448 3463 εὐφροσύνην.

2166 3484 2237 3537 Τὸ
2265 3484 2601 3555 ἀγαλλίαμά
2635 3503 2775 3557 μου,
2813 3486 3121 3557 λύτρωσαί
3142 3504 3220 3557 με
3249 3485 3369 3542 ἀπὸ
3400 3485 3519 3549 τῶν
3549 3503 3663 3539 κυ-

2091 3576 2457 3632 κλωσάντων
2500 3595 2599 3647 με.
2668 3579 2999 3651 Ἑνδιάθετος
3063 3581 3096 3650 ἡ
3153 3579 3528 3649 ὲπιφώνησιςο
3588 3574 3666 3631 Ὦ

2091 3670 2236 3739 χαρά
2274 3686 2396 3739 μου,
2441 3669 2602 3740 ῥῦσαί
2627 3687 2694 3738 με
2728 3669 2837 3725 ἀπὸ
2870 3670 2976 3725 τῶν
3003 3671 3400 3735 κυκλωσάντων
3434 3687 3502 3740 με
3538 3686 3665 3721 πει-

2094 3757 2339 3830 ρασμῶν,
2369 3755 2447 3823 οἷς
2480 3759 2909 3829 ὲναπείλημμαι,
2965 3758 2997 3830 ἢ
3041 3759 3254 3829 ὲχθοῶν
3303 3758 3518 3817 ὁρατῶν
3562 3757 3664 3812 καὶ

2090 3850 2356 3919 ἀοράτων.

2158 4029 2415 4091 Συνετιῶ
2436 4044 2509 4083 σε
2535 4029 2631 4082 καὶ
2661 4027 2923 4097 συμϐιόῶ
2943 4041 3017 4082 σε
3039 4026 3109 4088 ἐν
3134 4026 3250 4092 ὁδῳ
3280 4028 3466 4096 ταύτῃ
3496 4021 3664 4098 πο-

2084 4120 2299 4189 ρεύσῃ.
2337 4120 2409 4174 Τὸ
2451 4119 2729 4191 διάψαλμα
2779 4119 3138 4189 προκείμενον
3191 4119 3427 4177 ἐνταῦθα
3488 4134 3661 4187 μεταδ

2093 4212 2252 4281 δολὴν
2280 4214 2379 4281 τῆς
2418 4211 2737 4274 ἀκολουθίας
2786 4210 2971 4279 δηλοῖ·
3008 4214 3087 4265 κα“
3122 4211 3230 4280 γὰρ
3259 4213 3287 4263 ὁ
3320 4210 3444 4278 ἑξῆς
3475 4196 3655 4275 λόγος,

2090 4299 2313 4355 ἀπὸτοῦ
2347 4298 2481 4352 Θεοῦ
2532 4300 2767 4367 λέγεται,
2811 4299 2898 4351 διὰ
2927 4303 3109 4370 φωνῆς
3147 4299 3418 4369 ἀκουστῆς
3445 4300 3661 4367 προφή-

2090 4409 2207 4452 ταις
2239 4390 2691 4459 ὰποκρινομένου,
2722 4392 2802 4443 ὅτι
2831 4392 3097 4443 Συνετίσω
3121 4408 3201 4455 σε,
3226 4390 3372 4454 ὅπως
3401 4389 3465 4441 ἂν
3490 4389 3663 4455 ὑπερ-

2091 4484 2349 4553 τερήσῃς,
2386 4484 2473 4535 καὶ
2509 4481 2811 4537 συνοδεύτω
2861 4498 2940 4534 σοι
2970 4482 3069 4557 ἤδη
3102 4482 3159 4535 ἐν
3202 4483 3267 4551 τῇ
3316 4478 3660 4550 προκειμένῃ

423 4597 613 4643 eorum
649 4578 901 4647 superior
924 4575 1147 4637 evadas,
1176 4580 1229 4627 et
1262 4571 1427 4635 simul
1459 4580 1639 4635 tecum
1678 4569 1890 4631 veniam
1927 4567 1980 4620 in

2093 4544 2175 4628 σοι
2207 4544 2401 4646 πορεία
2425 4572 2517 4625 τοῦ
2540 4572 2773 4641 πολέμου
2794 4588 2807 4602 ο
2833 4544 3141 4642 βιϐῶνγαρ,
3168 4572 3228 4624 τὸ
3241 4544 3457 4635 :Balr'w.
3483 4544 3662 4623 ’Ᾰδεᾶλ

424 4675 527 4726 hoc
559 4671 773 4733 itinere,
801 4681 910 4739 quo
948 4667 1015 4720 ad
1059 4665 1257 4727 bellum
1293 4660 1618 4732 accingeris.
1665 4658 1810 4723 Βιὸῶ
1838 4657 1984 4712 enim

425 4765 569 4819 idem
591 4773 770 4825 sonat,
793 4759 936 4829 quod
970 4758 1157 4828 βαίνω,
1194 4753 1434 4825 gradior.
1464 4752 1779 4811 Iudilfereus
1801 4758 1981 4803 autem

372 4918 385 4937 δ
425 4864 507 4911 est
535 4854 639 4909 hoc
673 4867 888 4925 quoque
917 4851 1033 4903 loco
1061 4844 1419 4902 constructio.

495 4943 747 5001 Firmabo
794 4957 947 5008 super
977 4950 1022 4993 te
1069 4938 1244 4993 oculos
1283 4951 1439 4988 meos.
1487 4930 1601 4987 Non
1639 4929 1985 4999 simpliciter,

422 5039 623 5107 inquit,
660 5049 760 5104 ego
799 5043 859 5103 ιο,
884 5030 1172 5105 aspiciam,
1207 5026 1300 5082 sed
1347 5032 1660 5079 constanter
1701 5030 1865 5089 atque
1897 5020 1987 5071 in-

422 5129 735 5183 desinenter
763 5132 814 5177 te
845 5119 1147 5183 observabo
1177 5138 1189 5174 :
1220 5131 1409 5172 eorum
1441 5117 1614 5169 instar
1639 5113 1733 5182 qui
1765 5112 1820 5164 in
1849 5109 1989 5164 bello

422 5221 652 5291 alicujus
694 5232 884 5273 curam
932 5213 1268 5282 suscipiunt,
1324 5220 1377 5264 et
1421 5208 1610 5262 oculos
1650 5206 1704 5259 iu
1749 5219 1869 5258 cum
1900 5202 1991 5255 llr-

425 5322 599 5379 maut,
629 5324 685 5365 ut
718 5309 1053 5381 periclitanti
1095 5303 1420 5359 subveniunt
1481 5315 1543 5352 ac
1571 5306 1765 5367 praesto
1791 5293 1990 5347 adsint.

425 5404 566 5457 Alibi
612 5418 752 5471 sazpe
796 5401 1058 5459 diximus,
1096 5394 1240 5464 quod
1284 5392 1569 5459 Scriptura
1614 5388 1682 5439 ab
1733 5385 1986 5439 humanis

424 5492 727 5553 allectibus,
752 5503 844 5544 aut
864 5490 1102 5542 moribus
1123 5495 1493 5552 saepenumero
1511 5476 1724 5533 divinas
1742 5477 1985 5530 actiones

426 5584 705 5650 describit,
756 5582 1066 5638 auditorqu
1114 5572 1471 5631 imbecillitati
1520 5571 1980 5627 condescendcns.

2092 4684 2253 4737 φορος
2279 4668 2334 4719 δὲ
2365 4665 2642 4719 κάνταῦθα
2673 4666 2705 4739 ἡ
2748 4664 3018 4728 σύνταξις.

2170 4932 2522 5001 Ἔπιστηρεῶ
2552 4934 2646 4986 ἐπὶ
2704 4932 2779 4986 σὲ
2818 4931 2957 4996 τοὺς
2988 4929 3322 4998 ὀρθαλμούς
3347 4946 3485 4997 μου.
3538 4927 3655 4981 Ούκ

2089 5024 2364 5093 ὲπιόλέῲω
2422 5025 2602 5093 μόνον,
2638 5023 2774 5077 ἀλλὰ
2812 5024 2906 5075 καὶ
2936 5021 3189 5085 ἁκλινῶς,
3239 5022 3395 5089 δίκην
3429 5021 3540 5074 τῶν
3596 5021 3658 5071 ὲν

2090 5117 2345 5187 πολέμοις
2388 5115 2699 5185 κηδομένων
2732 5113 2899 5177 τινὸς,
2942 5113 3035 5165 καὶ⁸
3068 5112 3192 5175 τοὺς
3220 5112 3531 5180 ὀφθαλμοὺς
3562 5111 3654 5163 ἐπ’

2091 5210 2253 5264 αὐτὸν
2291 5210 2709 5281 ἀπερειδόντων,
2759 5207 2847 5265 ἵνα
2880 5204 3238 5258 κινδυνεύοντι
3289 5204 3652 5273 βοηθήσωσιν.

2092 5302 2410 5372 Εἰρήκαμεν
2456 5300 2511 5352 δὲ
2546 5298 2828 5361 πολλάκις,
2860 5296 2941 5349 ὅτι
2997 5295 3105 5347 ἀπὸ
3155 5293 3263 5346 τῶν
3296 5290 3655 5362 ἀνθρωπίνων

2093 5391 2382 5445 διαθέσεων
2436 5392 2468 5457 ἡ
2521 5387 2710 5456 Γραφὴ
2750 5383 3079 5455 σχηματίζει
3111 5382 3179 5436 τὰ
3207 5383 3347 5449 θεία,
3381 5396 3652 5448 συγκατα-

2094 5484 2352 5539 ϐαίνουσα
2372 5483 2436 5553 τῇ
2470 5479 2723 5549 ἀσθενείᾳ
2752 5479 2860 5532 τῶν
2888 5475 3273 5546 ἀκροωμένων.
