4054 6210
369 174 474 233 36-7

1634 181 2020 240 FUTIIYMII
2055 180 2416 239 ZIGADENI

3530 178 3638 240 363

368 301 497 341 vere
536 284 755 354 adjuvat
786 298 840 342 et
870 286 1151 343 victoriam
1172 295 1429 359 rprmstat.
1462 287 1649 359 Neque
1677 287 1822 343 enim
1858 298 1947 342 aut

2056 289 2166 343 τῶν
2220 288 2427 342 ἄλλωψ
2474 286 2598 341 οὔτε
2656 286 2767 356 γὰρ
2818 287 2992 356 ἰσχὺς,
3054 285 3176 340 οὔτε
3214 286 3461 360 στρατὸς,
3511 290 3635 343 οὔτε

367 376 652 445 fortitudo,
685 389 776 433 aut
810 381 1111 446 exercitus,
1177 391 1270 437 aut
1322 381 1548 444 divitizn,
1617 390 1712 435 aut
1744 381 1947 436 muenia

367 471 577 540 aliquid
609 480 740 527 tunc
772 472 879 527 illis
919 472 1267 542 profuerunt.

440 562 627 618 Recto:
674 564 820 618 decet
865 565 1127 627 laudatio.
1182 565 1282 621 Per
1327 568 1746 623 exsultationem
1800 569 1944 623 enim

366 656 737 711 laudationem
771 657 1121 727 signiﬁcavit.
1148 659 1282 713 Nam
1331 662 1421 730 qui
1452 662 1635 731 aliqua
1672 663 1724 717 in
1760 679 1819 718 re
1848 679 1978 727 ex-,

367 747 555 809 sultat,
613 748 841 801 ouiniuo
897 763 1017 803 eam
1073 750 1258 806 laudat
1290 769 1303 805 :
1335 762 1390 806 et
1435 753 1563 822 quia
1612 754 1747 809 solis
1808 755 1945 809 viris

367 840 567 893 virtute
603 841 845 910 przeditis
906 843 1330 899 exsultationem
1372 845 1688 914 hujusmodi
1737 861 1802 899 ac
1831 846 1948 900 lau-

364 932 637 988 dationem
681 936 956 1003 apposuit,
989 950 1215 991 causam
1257 939 1441 993 statim
1482 939 1694 994 addidit
1732 941 1944 1008 dicens,

364 1025 509 1094 quod
562 1040 658 1081 eos
709 1028 984 1097 praecipue
1044 1028 1200 1083 decet
1254 1038 1311 1083 ut
1364 1030 1531 1085 Deum
1582 1031 1946 1103 laudent,qui

367 1127 513 1171 recte
571 1132 637 1173 ac
671 1118 810 1174 duce
840 1119 954 1190 ipsa
988 1120 1179 1175 vivunt
1211 1122 1434 1178 virtute.
1468 1124 1658 1194 Neque
1686 1126 1856 1191 enim,
1889 1134 1948 1181 ut

364 1208 497 1264 alibi
548 1209 772 1275 dicitur,
808 1209 1052 1265 formosa
1102 1224 1187 1267 est
1243 1214 1362 1269 lans
1402 1214 1454 1268 in
1474 1217 1944 1284 ore-peccatoris,

367 1317 468 1357 nec
503 1318 599 1372 pes
632 1303 886 1359 obtortus
936 1316 1090 1360 recto
1119 1307 1376 1375 congruit
1409 1307 1782 1363 ealceamento
1813 1329 1826 1365 :
1861 1326 1946 1366 rc-

364 1403 489 1451 ctus
516 1405 697 1450 autem
727 1404 811 1451 est
841 1397 1107 1453 Dominus
1150 1397 1294 1454 Deus
1328 1408 1534 1466 noster,
1571 1410 1625 1456 et
1662 1402 1946 1457 rectitudi-

366 1501 465 1541 nes
499 1487 632 1541 vidit
655 1488 838 1545 vultus
860 1489 1004 1558 ejus.
1034 1490 1235 1546 Contra
1268 1507 1395 1547 vero
1419 1493 1668 1549 diabolus
1686 1495 1944 1565 obliquus

366 1593 429 1632 ac
460 1588 746 1635 tortuosus
776 1588 880 1646 est,
918 1590 975 1634 ιιι
1003 1596 1230 1652 serpens
1262 1600 1276 1636 :
1323 1593 1489 1653 atque
1516 1584 1637 1640 ideo
1672 1586 1942 1642 sui-simi-

367 1672 512 1726 libus
538 1673 864 1727 delectatur.

437 1761 600 1817 Vens.
637 1764 690 1816 ἓ.
735 1763 1075 1833 Con/itemini
1100 1764 1327 1819 Domino
1369 1769 1423 1821 in
1455 1768 1687 1833 cithara,
1712 1770 1773 1823 in
1801 1770 1949 1838 psal—

365 1854 496 1909 terio
529 1855 704 1909 decem
737 1856 1059 1909 chordarum
1088 1858 1301 1925 psallite
1334 1860 1398 1912 ei.
1436 1860 1693 1929 Antiquis
1725 1863 1805 1916 lex
1829 1873 1948 1917 crat

293 1971 297 1974 -
369 1958 427 2002 ιιι
466 1949 633 2003 Deum
675 1949 964 2003 laudarent
989 1953 1041 2002 in
1070 1950 1285 2004 cithara
1321 1954 1452 2005 etin
1488 1955 1751 2023 psalterio
1781 1968 1948 2025 atque

366 2043 420 2095 in
477 2041 600 2097 aliis
643 2042 872 2097 musicis
925 2042 1330 2109 instrumentis,
1380 2046 1844 2114 quemadmodum
1892 2049 1947 2102 in

366 2135 646 2189 l‘roazmio
700 2136 884 2204 operis
943 2134 1293 2201 tradidimus,
1332 2137 1594 2193 docentes
1652 2155 1947 2209 quamnam

366 2225 735 2281 differentiam
770 2226 967 2283 habeat
1018 2227 1339 2296 psalterium
1374 2230 1441 2283 ad
1475 2230 1583 2284 alia
1616 2232 1826 2286 musica
1863 2231 1951 2286 in-

367 2325 697 2371 strumenta.
729 2317 889 2372 Juxta
924 2332 1226 2388 anagogem
1264 2334 1359 2389 per
1389 2321 1679 2385 citharam,
1707 2338 1826 2392 qua:
1861 2324 1947 2377 in-

366 2410 519 2466 ferne
551 2411 824 2478 pulsatur,
853 2410 1029 2478 ipsum
1066 2425 1360 2477 possumus
1391 2426 1590 2480 corpus
1622 2413 1950 2485 intelligere,

365 2503 492 2571 quia
524 2500 608 2573 [ιιι
664 2502 842 2571 inquit
893 2518 1125 2572 magnus
1161 2501 1417 2575 Basilius]
1452 2504 1506 2557 in
1548 2505 1757 2559 cithara
1787 2516 1951 2577 atque

369 2597 423 2650 in
456 2596 570 2666 lyra
598 2609 672 2649 res
707 2594 937 2649 inferius
966 2603 1187 2649 resonat
1222 2595 1287 2649 ad
1319 2595 1604 2664 plectrum.
1636 2597 1943 2656 Conlitcmi-

370 2690 426 2743 ni
452 2689 617 2758 igitur
652 2688 910 2747 Domino,
944 2687 1049 2741 hoc
1080 2696 1183 2751 est,
1217 2688 1436 2742 Gratias
1460 2689 1508 2742 ei
1535 2690 1707 2758 agite,
1746 2706 1839 2746 vos
1868 2693 1950 2746 ni-

371 2780 592 2843 mirum,
619 2778 934 2849 quicunque
964 2778 1032 2832 ah
1056 2778 1437 2835 intellectualis
1470 2781 1675 2850 Assyrii
1707 2782 1953 2839 obsidio-

371 2887 439 2925 ne
492 2874 813 2926 admirande
861 2871 1075 2925 liberati
1120 2872 1302 2927 estis:
1338 2880 1391 2924 et
1442 2873 1677 2941 primum
1728 2875 1949 2943 quidem

370 2964 492 3033 ipso
545 2978 798 3034 corpore,
854 2962 1181 3033 jejunamlo,
1234 2962 1436 3028 ﬂendo,
1482 2964 1631 3018 humi
1676 2966 1951 3031 cubando,

369 3055 654 3124 psallendo
681 3055 867 3114 etiam,
900 3054 1003 3107 hoc
1031 3062 1135 3117 est,
1160 3054 1408 3108 canendo
1443 3072 1455 3107 :
1498 3055 1543 3109 si
1579 3071 1684 3124 qua
1716 3065 1916 3123 prieter

367 3162 434 3200 ea
475 3147 583 3200 alia
640 3154 771 3201 sunt
827 3146 994 3209 dona,
1048 3161 1170 3215 quae
1220 3145 1287 3199 ad
1342 3148 1627 3200 mortalem
1683 3149 1953 3215 pertinent

367 3239 648 3301 virtutem,
686 3246 740 3291 et
797 3236 998 3305 quibus
1051 3237 1135 3305 agi
1190 3246 1419 3302 possunt
1451 3240 1645 3307 gratia:
1677 3236 1808 3303 Deo,
1836 3236 1953 3291 haec

371 3329 554 3383 omnia
590 3327 699 3381 Deo
724 3326 934 3381 oll‘erte.
961 3326 1065 3380 Per
1088 3328 1408 3397 psalterium
1437 3337 1617 3381 autem
1638 3314 1951 3385 intellectus

369 3420 775 3491 signiﬁcatur;
850 3418 979 3488 quia
1034 3417 1497 3488 quemadmodum
1561 3419 1615 3472 in
1682 3418 1952 3474 Psalterio

370 3513 563 3566 decem
615 3508 833 3565 chordae
873 3510 1254 3573 intenduntur,
1292 3525 1413 3578 quae
1449 3510 1598 3573 soni,
1627 3526 1723 3565 seu
1756 3527 1950 3566 vocum

369 3620 570 3661 causas
600 3618 837 3674 superne
870 3602 1093 3665 habent,
1129 3613 1187 3657 ut
1216 3603 1342 3657 alibi
1376 3602 1638 3668 diximus,
1696 3603 1769 3658 ita
1793 3604 1955 3660 tutel-

370 3696 538 3752 lectui
597 3705 789 3752 nostro
816 3694 1003 3750 decem
1071 3694 1326 3764 adjacent
1373 3694 1568 3763 legalia
1632 3704 1950 3765 prmeepta,

372 3808 610 3864 superne
640 3791 798 3847 nobis
827 3806 856 3844 a
890 3790 1003 3844 Deo
1031 3786 1117 3859 [ut
1143 3789 1216 3840 ita
1246 3786 1452 3860 dicam]
1491 3788 1742 3843 insonata
1779 3806 1792 3841 :
1829 3804 1951 3858 quae

369 3889 462 3954 qui
514 3884 913 3947 observaverit,
958 3897 1053 3951 per
1094 3881 1313 3935 illorum
1352 3880 1748 3952 symphonias,
1786 3890 1949 3951 atque

369 3986 669 4033 concentus
710 3975 1055 4045 spiritualcm
1077 3985 1239 4042 atque
1270 3972 1691 4028 intellectualem
1724 3981 1946 4027 cantum

2057 380 2311 447 πλοῦτος,
2336 379 2461 434 οὔτε
2492 382 2688 451 τεῖχος,
2718 379 2990 451 ὠφέλησε.

2132 562 2256 629 Τοῖς
2285 563 2489 619 εὐθέσι
2526 562 2736 631 πρέπει
2789 562 3046 626 αἷνεσις.
3100 562 3198 614 Διὰ
3236 561 3330 615 τοῦ
3376 562 3640 631 ἀγαλλιὶ-

2058 654 2173 721 σθε,
2205 655 2296 708 καὶ
2325 656 2384 708 τὸ
2416 656 2617 709 αἰνεῖτε
2647 654 2977 725 δεδήλωκεν·
3008 654 3036 706 ὁ
3071 654 3181 724 γὰρ
3225 652 3637 725 ἀγαλλιώμενος

2058 750 2149 801 ἐπί
2182 767 2310 811 τινι,
2343 749 2550 821 χαίρων
2586 750 2799 802 ἐπαινεῖ
2837 748 2989 802 αὐτό.
3034 746 3188 801 Ἐπεὶ
3219 748 3276 801 δὲ
3301 750 3412 812 τοῖς
3444 749 3637 820 ἐναρέ-

2054 858 2168 904 τοις
2211 841 2395 909 μόνοις
2440 842 2673 912 ἀνέθηκε
2716 841 2815 911 τὴν
2864 840 3184 910 ἀγαλλίασιν
3217 842 3313 895 καὶ
3346 841 3439 894 τὸν
3466 836 3634 904 αἶνον,

2055 933 2236 1003 τίθησι
2271 935 2363 987 καὶ
2387 932 2486 1005 τὴν
2512 933 2713 997 αίτίαν,
2746 933 2941 1001 λέγων,
2990 934 3071 986 ὅτι
3102 937 3214 997 τοῖς
3238 934 3414 1003 ὀρθῶς
3462 932 3638 1003 βιοῦσι

2057 1025 2314 1097 πρέπειὴ
2341 1026 2435 1079 τοῦ
2466 1026 2601 1079 Θεοῦ
2633 1026 2861 1089 αἴνεσις.
2906 1028 2979 1079 Οὐ
3032 1028 3143 1097 γὰρ
3170 1028 3397 1096 ὡραῖος,
3449 1028 3637 1097 φησιν,

2056 1115 2204 1183 αἶνος
2236 1122 2293 1173 ὲν
2331 1120 2563 1190 στόματι
2590 1117 2941 1188 ἁμαρτωλοῦ,
2984 1120 3084 1172 καὶ
3116 1118 3331 1180 σκολιὸς
3363 1120 3498 1183 ποὺς
3535 1121 3637 1174 οὐκ

2055 1210 2428 1283 ὲναρμόζηται
2454 1211 2600 1282 ὀρθῷ
2633 1211 2946 1281 ὑποδήματι
2969 1224 2982 1240 ⁶
3020 1210 3184 1273 εὐθὺς
3236 1211 3346 1282 γὰρ
3378 1210 3583 1282 Κῦριος
3609 1215 3637 1265 ὁ

2055 1304 2185 1368 Θεὸς
2215 1305 2400 1374 ἡμῶν·
2433 1303 2735 1376 εὐθύτητας
2762 1301 2873 1356 οἶδε
2903 1303 2965 1356 τὸ
3005 1303 3299 1373 πρόσωπον
3347 1305 3536 1357 αὐτοῦ.
3579 1308 3638 1360 ὐ

2053 1395 2111 1448 δὲ
2163 1395 2433 1459 διάϐολος,
2470 1395 2685 1459 σκολιὸς
2725 1395 2870 1467 ὄφις,
2927 1385 3022 1448 καΐ
3049 1399 3161 1461 τοῖς
3208 1398 3417 1468 ὁμοίοις
3445 1398 3637 1470 ἥδεται

2056 1487 2313 1550 σκολιοῖς.

2137 1756 2637 1830 Ἐξομολογεῖσϐε
2671 1760 2751 1825 τῷ
2786 1760 2982 1827 Κυρίῳ
3016 1758 3085 1813 ἐν
3119 1758 3353 1828 κιθάρᾳ,
3388 1759 3458 1813 ἐν
3481 1762 3641 1828 ψαλ-

2050 1856 2233 1923 τηρίῳ
2263 1854 2611 1924 δεκαχόρδῳ
2642 1855 2881 1923 euitare
2909 1853 3090 1919 αὐτῷ.
3144 1853 3268 1917 Τοῖς
3319 1854 3440 1907 τότε
3473 1855 3582 1925 γὰρ
3614 1856 3643 1907 δ

2050 1947 2212 2017 νόμος
2243 1943 2334 2018 ἦν,
2362 1947 2552 2016 ὑμνεῖν
2593 1945 2684 1999 τὸν
2701 1946 2836 1998 Θεὸν
2869 1947 2925 1997 ἐν
2956 1944 3178 2016 κιθάρᾳ,
3208 1944 3303 1997 καὶ
3331 1943 3639 2016 ψαλτηρίῳ,

2050 2040 2146 2092 καὶ
2171 2041 2287 2103 τοῖς
2315 2038 2498 2101 ἄλλοις
2528 2040 2809 2107 μουσικοῖς
2840 2038 3114 2108 ὀργάνοις,
3145 2037 3220 2101 ὠς
3251 2039 3309 2090 ἐν
3337 2036 3413 2107 τῷ
3452 2052 3638 2106 προοι·

2055 2135 2162 2205 μίῳ
2184 2136 2283 2203 τῆς
2308 2133 2590 2203 παρούσης
2626 2132 2811 2202 βίϐλου
2839 2130 3026 2200 σαφῶς
3049 2131 3365 2201 ἐξεθέμεθα,
3392 2128 3642 2195 διδάξανο

2047 2243 2139 2290 τες
2186 2227 2280 2279 καὶ
2311 2226 2471 2280 ποίαν
2512 2225 2776 2296 διαφορὰν
2808 2224 2920 2295 ἔχει
2965 2224 3025 2277 τὸ
3067 2225 3367 2296 ψαλτήριον
3405 2224 3537 2296 πρὸς
3571 2223 3638 2277 τὰ

2050 2319 2207 2373 ἄλλα.
2254 2320 2375 2391 Χρὴ
2411 2319 2466 2372 δὲ
2515 2318 2826 2387 γινώσκειν,
2883 2318 2975 2371 καὶ
3026 2318 3391 2386 ἀναγωγικῶς
3437 2318 3639 2370 είπεῖν.

2052 2412 2302 2481 Κιθάραν
2327 2412 2425 2482 μὲν
2464 2412 2574 2464 νόει
2606 2427 2699 2475 μοι
2739 2411 2797 2464 τὸ
2830 2410 3010 2480 σῶμα,
3036 2411 3125 2463 διὰ
3157 2411 3217 2463 τὸ
3243 2409 3641 2479 κάτωθενὴμίν

2053 2501 2502 2573 συμπεπλάσθαι.
2552 2503 2691 2571 Φησὶ
2722 2502 2831 2572 γὰρ
2862 2506 2888 2555 ὁ
2917 2503 3090 2571 μέγας
3137 2501 3440 2565 Βασίλειος,
3467 2502 3548 2555 ὅτι
3582 2502 3639 2552 ἐν

2052 2599 2119 2665 τῇ
2168 2595 2372 2665 κιθάρᾳ
2428 2596 2522 2648 καὶ
2579 2598 2642 2665 τῇ
2673 2593 2815 2665 λύρα
2869 2593 3115 2647 κάτωθεν
3149 2595 3176 2646 ὁ
3210 2592 3412 2664 χαλκὸς
3438 2592 3641 2661 ὑπηχεῖ

2053 2690 2190 2760 πρθις
2220 2689 2280 2741 τὸ
2303 2690 2598 2759 πλῆκτρον.
2634 2686 3077 2757 Ἐξομολογεῖσθε
3095 2686 3296 2750 τοίνυν,
3324 2685 3631 2751 τουτέστιν,

2054 2782 2443 2852 Εὐχαριστείτε
2480 2780 2554 2849 τῷ
2584 2780 2704 2851 Θεῷ
2731 2779 2819 2832 διὰ
2844 2778 2935 2833 τοῦ
2964 2778 3215 2847 σώματος
3245 2780 3487 2849 πρῶτον,
3524 2777 3636 2831 ὅσοι

2054 2872 2148 2925 τοῦ
2194 2872 2385 2941 νοητοῦ
2444 2872 2732 2942 ’Λσσυρίου
2784 2871 3104 2941 παραδόξως
3139 2871 3468 2943 Epp-5301112,
3524 2864 3637 2922 οἷον

2058 2961 2369 3033 νηστεύετε,
2405 2962 2644 3025 κλαίετε,
2694 2963 3040 3032 χαμευνεῖτε,
3076 2961 3252 3031 ᾄδετε,
3291 2962 3383 3013 καὶ
3417 2962 3514 3014 ὅσα
3536 2960 3637 3027 τῆς

2058 3055 2371 3124 πρακτικῆς
2394 3054 2596 3124 ἀρετῆς
2632 3054 3029 3124 εὐχαριστὴρια
3062 3053 3233 3123 δῶρα,
3271 3052 3444 3105 ταῦτα
3471 3068 3639 3120 προσ-

2058 3150 2304 3215 άγοντες.
2341 3147 2655 3216 Ψαλτὴριον
2705 3146 2762 3199 δὲ
2797 3146 2929 3199 λάϐε
2967 3163 3056 3213 μοι
3106 3146 3196 3197 τὸν
3227 3144 3350 3197 νοῦν
3374 3160 3386 3173 ·
3421 3142 3496 3207 ὠς
3525 3144 3635 3211 γὰρ

2055 3240 2134 3309 τῷ
2165 3239 2409 3308 μουσικῷ
2432 3237 2721 3309 ψαλτηρίῳ
2771 3237 2902 3289 δέκα
2928 3236 3026 3306 μὲν
3053 3237 3384 3289 ὲνετείνοντο
3405 3233 3591 3305 χορδαί
3616 3247 3631 3261 '

2056 3330 2263 3384 ἄνωθεν
2294 3330 2351 3383 δὲ
2383 3330 2482 3394 τὰς
2512 3330 2770 3399 ἀφορμὰς
2804 3324 2917 3399 εἶχε
2971 3328 3081 3380 τῶν
3128 3327 3403 3397 φθόγγων,
3455 3326 3530 3389 ὡς
3578 3326 3636 3377 ὲν

2055 3423 2134 3492 τῷ
2159 3422 2452 3492 δηλωθέντι
2482 3420 2752 3491 προοιμίῳ
2774 3420 2831 3472 λε
2842 3437 3013 3490 πτομε
3022 3420 3129 3490 pd);
3148 3416 3637 3489 παραδεδώκαμεν,

2057 3513 2203 3567 οὕτω
2232 3515 2327 3566 καὶ
2363 3514 2422 3566 ὲν
2451 3513 2526 3582 τῷ
2554 3511 2635 3565 νσῖ
2665 3512 2795 3564 δέκα
2824 3513 2921 3581 μὲν
2944 3512 3250 3564 ἐπίκεινται
3280 3512 3465 3573 νοηταὶ
3489 3509 3639 3560 ἐντο-

2058 3607 2180 3660 λαί·
2213 3607 2419 3661 ἄνωθεν
2478 3607 2533 3660 δὲ
2580 3606 2731 3677 παρὰ
2772 3605 2907 3659 Θεοῦ
2940 3605 3305 3677 ἐνηχήθησαν,
3342 3601 3405 3665 ἃς
3431 3603 3639 3669 φυλάτ-·

2059 3715 2166 3752 των
2188 3698 2273 3751 διὰ
2299 3698 2397 3768 τῆς
2429 3698 2750 3767 συμφωνίας
2792 3697 2993 3761 αὐτῶν,
3025 3695 3220 3765 ψάλλει
3255 3695 3332 3765 τῷ
3366 3694 3485 3762 Θεῷ
3512 3709 3640 3763 νοη-

2058 3789 2150 3843 τὸν
2204 3789 2385 3860 μέλος.
2429 3790 2561 3842 Ἀπὸ
2592 3788 2723 3857 γοῦν
2747 3789 2848 3859 τῆς
2872 3788 3105 3860 κιθάρας
3127 3788 3310 3841 ἔλθετε
3336 3788 3430 3841 καὶ
3459 3788 3552 3838 ἐπὶ
3574 3787 3639 3839 τδ

2054 3881 2374 3951 ψαλτήριον,
2406 3882 2498 3934 καὶ
2532 3880 2739 3952 ψάλατε
2767 3882 2990 3953 νοερῶς,
3049 3881 3135 3935 διὰ
3182 3880 3281 3952 τῆς
3322 3879 3634 3951 πρακτικῆς

2056 3975 2278 4045 ἀρετῆς.

370 4073 478 4127 Deo
500 4081 682 4128 canet.
709 4073 749 4124 A
779 4070 993 4126 cithara
1026 4070 1191 4143 igitur
1222 4069 1471 4124 accedite
1498 4070 1566 4123 ad
1602 4070 1948 4139 psalterium,
1989 4080 2039 4125 et
2073 4085 2171 4140 per
2192 4073 2602 4143 contemplandi
2634 4073 2893 4129 virtutem
2958 4073 3175 4145 psallite
3243 4088 3366 4127 cum
3436 4067 3638 4125 intelli-

367 4170 547 4237 gentia
577 4182 921 4238 quacunque
942 4166 1163 4220 canitis.

386 4288 387 4295 η
443 4267 609 4320 Vens.
636 4266 687 4318 ὅ.
711 4263 937 4319 Cantate
976 4260 1199 4314 Domino
1234 4259 1500 4313 canticum
1525 4273 1737 4313 novum.
1779 4257 1944 4313 Juxta

371 4359 615 4415 historice
674 4370 922 4416 sensum,
977 4367 1176 4406 novum
1232 4353 1508 4405 canticum
1566 4351 1725 4419 dicit,
1778 4353 1946 4407 veluti

371 4455 438 4509 de
465 4450 670 4506 recenti
739 4462 802 4500 ac
831 4428 1004 4514 nuper
1037 4444 1426 4512 compositum,
1452 4444 1521 4498 ob
1566 4444 1949 4499 admirandum

372 4542 633 4597 nimirum
674 4537 765 4592 Dei
788 4552 927 4606 opus
958 4550 1069 4602 quo
1097 4551 1125 4589 a
1150 4544 1260 4588 tam
1294 4534 1488 4602 grandi
1515 4533 1734 4589 fuerant
1790 4536 1952 4607 Assy-

372 4634 577 4687 riorum
622 4628 910 4683 obsidione
970 4625 1222 4690 liberati;
1272 4625 1428 4694 juxta
1473 4639 1756 4695 anagogen
1799 4643 1951 4693 vero,

2128 4260 2355 4330 ’ᾼσατε
2405 4256 2568 4323 αὐτῷ
2615 4254 2779 4327 ᾆσμα
2831 4257 3065 4335 καινόν.
3140 4255 3452 4327 Ἰστορικῶς
3511 4256 3632 4325 μὲν.

2059 4351 2371 4422 πρόσφατον
2403 4351 2495 4404 ἐπὶ
2535 4353 2836 4423 προσφάτῳ
2865 4351 3351 4421 τερατουργήματι
3418 4350 3634 4417 ἀναγω-

1986 4424 2031 4481 ί)
2057 4444 2231 4513 γικῶς
2259 4445 2339 4508 δὲ,
2368 4446 2437 4499 τὰ
2466 4446 2833 4514 Χριστιανικὰ
2872 4445 3092 4513 νοητέον
3118 4424 3499 4515 ᾁσματαβδσα
3545 4442 3628 4512 τῷ

2060 4536 2251 4608 Κυρίῳ
2284 4538 2335 4591 οἱ
2362 4538 2545 4590 πιστοὶ
2578 4537 2909 4606 συνέθηκαν.
2942 4536 3118 4590 Καινὰ
3147 4538 3253 4607 γὰρ
3284 4535 3458 4589 ταῦτα
3494 4534 3637 4604 πρὸς

2059 4631 2127 4683 τὰ
2156 4630 2256 4699 τῆς
2288 4630 2525 4693 παλαιᾶς
2546 4628 2893 4701 νομοθεσίας.

369 4728 811 4786 Christianorum
835 4715 1327 4793 camusintelligit,
1350 4736 1715 4793 quoscunque
1737 4724 1949 4779 scilicet
1992 4725 2179 4783 fideles
2219 4736 2675 4799 composuerunt,
2709 4726 2802 4795 qui
2834 4724 2956 4779 novi
3017 4735 3145 4780 sunt
3221 4725 3637 4795 comparatione

373 4825 726 4892 antiquorum
774 4817 1188 4872 mandatorum.

440 4916 578 4970 Bene
616 4911 830 4983 psallite
860 4912 906 4964 ei
943 4910 995 4963 in
1022 4908 1422 4978 uociferatione.
1479 4908 1822 4965 Vociferatio
1867 4921 1952 4965 est

372 5010 704 5082 ingeminata
738 5006 970 5059 militum
997 5019 1124 5066 vox,
1154 5019 1276 5072 qua:
1306 5005 1574 5058 adversus
1618 5004 1812 5061 hostes
1846 5021 1947 5058 au-

368 5104 579 5159 daciam
611 5105 854 5170 praestat.
889 5095 1344 5165 Perhujusmodi
1396 5110 1526 5151 vero
1591 5096 1947 5151 vociferatio-

370 5213 493 5253 nem
523 5192 803 5250 conlidere
832 5206 931 5245 nos
986 5189 1266 5254 admouet,
1299 5188 1522 5244 dicens:
1548 5189 1773 5243 Psallite
1801 5188 1948 5257 jubi-

368 5290 503 5344 lanti
536 5302 669 5343 voce
698 5301 764 5341 ac
812 5283 1065 5339 ﬁduciam
1093 5289 1407 5350 pra‘stante,
1432 5290 1723 5351 postquam
1759 5280 1946 5333 hostes

368 5396 561 5435 omnes
596 5377 770 5433 territi
832 5375 1073 5445 atquein
1106 5373 1285 5439 fugam
1320 5371 1572 5424 conversi
1609 5376 1757 5423 sunt.
1789 5368 1945 5434 Quod

372 5487 498 5526 vero
534 5471 629 5530 ait,
669 5468 804 5523 Bene
836 5466 1064 5536 psallite,
1105 5464 1249 5517 idem
1276 5472 1361 5515 est
1400 5462 1568 5531 quod,
1606 5459 1940 5523 sublimiter,

369 5578 465 5617 seu
500 5561 735 5627 egregie,
782 5567 945 5627 atque
973 5572 1037 5609 ex
1072 5563 1183 5607 tota
1227 5553 1431 5605 anima.

441 5649 601 5715 Vens.
638 5651 690 5702 4.
731 5648 869 5714 Quia
942 5657 1139 5700 rectum
1187 5653 1263 5698 est
1322 5644 1531 5696 verbum
1596 5641 1832 5711 Domini,
1893 5652 1940 5696 et

2129 4907 2339 4974 Καλῶς
2392 4906 2630 4975 patiare
2671 4904 2832 4971 αὐτῷ
2884 4906 2954 4959 ἐν
3014 4904 3364 4975 ἀλαλαγμῷ.
3403 4904 3635 4959 Ἀλαλα·

2060 5000 2202 5070 γμός
2240 5002 2388 5052 ἐστιν
2424 4999 2599 5069 ἁθρόα
2622 4999 2775 5069 φωνὴ
2805 5001 2913 5052 τῶν
2943 4998 3405 5062 συνασπιζόντων,
3438 4998 3637 5067 θαρσο-

2058 5094 2208 5155 ποιὸς
2248 5095 2388 5147 κατὰ
2415 5094 2524 5146 τῶν
2551 5092 2863 5164 πολεμίων
2897 5092 2985 5146 διὰ
3031 5090 3123 5146 τοῦ
3201 5090 3520 5159 ἀλαλαγμοῦ
3575 5090 3635 5143 δὲ

2056 5188 2114 5240 τὸ
2139 5186 2363 5258 Θαρρεῖν
2396 5186 2785 5258 προτρέπεται,
2822 5185 3067 5251 Ψάλατε,
3127 5184 3322 5251 λέγων,
3365 5184 3423 5235 ὲν
3480 5182 3631 5251 φωνῇ

2055 5277 2423 5349 ἀλαλαζούσῃ,
2462 5276 2711 5329 τουτέστι
2744 5276 3045 5347 θαρσαλέα,
3077 5274 3471 5346 τροπωθέντων
3526 5272 3629 5342 ἤδη

2055 5369 2167 5421 τῶν
2198 5366 2575 5436 ἐκφοϐούντων
2610 5366 2840 5439 ἐχθρῶν.
2870 5368 2942 5419 Τὸ
2988 5367 3043 5419 δὲ
3075 5363 3294 5432 καλῶς,
3345 5366 3467 5418 ἀντὶ
3513 5363 3628 5428 τοῦ,

2056 5460 2496 5532 ἁμετεωρίστως,
2523 5460 2824 5531 ὁλοῴύχως.
2848 5446 2852 5453 ’

2126 5642 2255 5695 Ὅτι
2290 5640 2472 5705 εὐθὺς
2497 5644 2529 5695 ὁ
2553 5643 2735 5710 ,λόγος
2761 5640 2865 5696 τοῦ
2904 5640 3126 5709 Κυρίου
3158 5638 3253 5692 καί
3312 5636 3507 5693 πάντα
3557 5635 3628 5689 τὰ
