4110 6210
475 445 587 509 369

1643 443 2034 507 COMMENT.
2079 445 2103 504 Ι
2113 445 2163 505 Ν
2205 443 2567 507 PSALMOS.

3629 447 3740 519 370

470 556 614 625 ἔργα
641 551 831 609 αὐτοῦ
852 553 922 608 ἐν
937 553 1156 609 πίστει.
1188 521 1446 608 Τοιοῦτόν
1471 551 1525 606 τί
1546 569 1715 623 φησιν
1743 572 1757 584 ·
1804 553 1992 624 Ὀρθδς
2025 555 2048 608 ό

2158 556 2343 609 omnia
2368 571 2527 623 opera
2555 570 2672 625 ejus
2713 555 2766 609 in
2798 555 2925 625 ﬁde.
2955 555 3159 611 [lectus
3181 563 3287 619 est,
3318 554 3515 626 inquit,
3553 572 3741 614 seruio

471 649 650 718 λόγος,
684 648 744 702 ὃν
774 649 1018 720 ἐμήνυσε
1039 648 1131 703 διὰ
1163 646 1259 702 τοῦ
1302 648 1589 720 προφήτου
1636 645 1869 699 Ἡσαΐου
1919 640 2054 716 ⁸ιὲερὶ.

470 741 567 796 τοῦ
593 740 823 813 λυθῆναι
852 740 952 813 τὴν
974 741 1317 813 πολιορκίαν.
1351 740 1465 795 Καὶ
1492 740 1603 793 ἰδοὺ
1629 738 1700 792 τὰ
1733 737 1871 808 ἔργα
1898 737 2052 790 εποί-

471 848 573 905 ησε
601 833 745 887 κατὰ
776 832 883 887 τῶν
919 833 1224 906 ’Δσσυρίων
1247 833 1438 899 πιστὰ,
1470 830 1794 903 βεϐαιοῦντα
1824 831 1918 884 τὸν
1963 829 2054 883 λό-

470 941 590 995 γον.
625 925 700 979 Ἦ
728 925 908 980 πάντα
929 925 997 980 τὰ
1037 926 1177 998 ἔργα
1210 924 1378 979 αὐτοῦ
1407 927 1464 978 ὲν
1493 923 1678 977 πίστει
1708 922 1837 988 elei,
1862 921 2052 976 τουτέ-

471 1032 615 1083 στιν,
642 1019 724 1081 είς
771 1017 957 1072 πίστιν
1006 1016 1103 1071 τοῦ
1148 1016 1490 1087 δημιουργοῦ
1537 1014 1676 1068 Θεοῦ
1714 1014 1810 1068 τὸν
1837 1013 2051 1085 ὁρῶντα

475 1108 718 1173 κινοῦσιν
738 1125 753 1139 ·
783 1109 982 1163 αὐτίκα
1005 1108 1141 1181 γὰρ,
1169 1108 1259 1162 ῐνα
1285 1107 1334 1162 τ’
1367 1108 1507 1164 ἄλλα
1537 1105 1827 1178 παρῶμεν,
1857 1106 1919 1159 τὸ
1970 1105 2052 1158 λεο

475 1199 743 1254 πτότατον
798 1198 1027 1270 κέντρον
1081 1201 1183 1270 τῆς
1245 1198 1511 1270 μελίσσης
1569 1197 1922 1269 σωληνοειδὲς
1966 1197 2048 1261 ὃν,

473 1291 618 1346 ὥστε
671 1291 742 1346 δι’
776 1292 947 1346 αὐτοῦ
991 1292 1083 1347 τὸν
1102 1292 1182 1346 ίδν
1209 1292 1521 1364 ἐκκεῖσθαι,
1566 1290 1879 1346 διδακτικόν
1932 1291 2051 1344 ἑστι

466 1383 563 1437 τοῦ
594 1383 669 1455 μὴ
697 1384 1047 1456 αὐτομάτως,
1076 1386 1217 1442 ἀλλὰ
1260 1387 1381 1457 θείᾳ
1422 1386 1653 1455 δυνάμει
1695 1384 2049 1455 κο;λανθῆναι

466 1476 569 1547 τὴν
599 1477 869 1550 τοσαύτην
892 1479 1218 1551 λεπτότητα.
1264 1479 1478 1542 Ἀλλως
1509 1479 1568 1533 δὲ
1597 1480 1782 1543 πάλιν,
1830 1476 1993 1549 ὀρθὸς
2019 1478 2050 1530 ό

464 1569 564 1640 τῆς
588 1569 714 1634 νέας
732 1569 1002 1642 διαθήκης
1018 1571 1175 1639 λόγος
1207 1570 1303 1626 τοῦ
1325 1571 1601 1644 Σωτῆρος,
1638 1570 1808 1642 μηδὲν
1834 1568 2050 1623 σκολιὸν

464 1661 560 1713 καί
573 1661 829 1716 δύσλυτον
843 1663 1003 1734 ἔχων,
1029 1658 1119 1717 οἶα
1140 1663 1210 1717 τὰ
1223 1663 1322 1734 τῆς
1339 1664 1609 1727 Παλαιᾶς.
1629 1663 1752 1718 "En
1769 1663 1825 1717 δὲ
1838 1665 1933 1717 καὶ
1946 1664 2047 1717 ὅσα

463 1750 720 1822 ἐποίησεν
743 1753 882 1824 ἔργα
911 1754 1334 1825 πολιτευόμενος
1364 1757 1421 1810 ἐν
1457 1756 1643 1826 σαρκὶ,
1677 1755 1931 1810 πιστοῦσι
1953 1757 2048 1810 τόν

463 1842 621 1909 λόγον
647 1844 813 1898 αὐτοῦ
840 1846 1242 1914 συμφωνοῦντα
1262 1847 1467 1916 τούτῳ*
1500 1849 1596 1900 καὶ
1611 1846 1752 1901 αὐτὰ
1786 1847 1843 1901 δὲ
1876 1846 2044 1901 πιστά

461 1935 624 2000 εἰσιν,
679 1935 756 2000 ὡς
813 1938 989 2007 ἀληθῆ
1048 1939 1145 1991 καὶ
1203 1940 1597 2012 ἁναντίρῥητα.
1632 1942 1707 1993 Ἦ
1734 1941 1832 1993 καὶ
1884 1939 2047 2009 λόγος

462 2026 627 2091 αὐτὸς
654 2030 684 2081 ό
713 2028 865 2092 Υίὸς,
905 2029 969 2093 ὃς
993 2030 1143 2083 ἔστιν
1177 2030 1361 2093 εὐθὺς.
1387 2030 1463 2094 ὡς
1483 2030 1603 2094 ὁδὸς
1635 2031 1901 2101 ἀπλανὴς,
1956 2033 2052 2086 καὶ

461 2116 727 2188 ἀλήθεια·
762 2121 933 2193 ἔφησε
956 2123 1067 2193 γάρ
1092 2137 1109 2155 ⁸
1145 2123 1296 2191 Ἓγώ
1324 2125 1442 2193 ειμι
1471 2123 1508 2191 ὴ
1542 2124 1686 2190 ὁδὸς
1708 2123 1807 2178 καί
1839 2125 1877 2191 ἠ
1905 2123 2055 2191 ἀλή-

466 2212 621 2265 θεια.
684 2212 799 2267 Καὶ
826 2215 1005 2268 πάντα
1056 2216 1159 2269 ὅσα
1196 2217 1426 2286 ὶποίησε
1464 2218 1690 2287 σημεῖα,
1739 2215 1828 2270 διὰ
1867 2216 2054 2270 πίστιν

465 2299 579 2355 τῶν
604 2302 858 2372 ὁρώντων
892 2305 1174 2377 ἐποίησεν,
1198 2307 1287 2362 ἴνα
1319 2308 1688 2361 πιστεύσωσιν
1723 2307 1835 2377 (10)
1860 2308 2047 2362 αὐτόν.

2155 648 2399 709 Domini.
2429 662 2593 719 quem
2616 647 2924 716 perlsaiam
2955 646 3279 718 prophetam
3298 645 3365 702 die
3384 646 3740 705 dissolveuda

2153 740 2447 796 obsidione
2486 738 2845 811 signiﬁcavit.
2886 738 3033 794 Ecce
3062 739 3213 795 enim
3244 738 3393 810 quod
3427 754 3595 809 opera
3619 756 3741 811 quze
3788 790 3795 795 .

2155 831 2421 887 Dominus
2455 841 2647 887 contra
2678 830 2942 904 Assyrios
2975 830 3126 896 fecit,
3162 830 3323 887 ﬁdem
3360 841 3628 901 praestant
3685 844 3741 888 et

2153 924 2489 978 conﬁrmant
2510 923 2660 979 illius
2695 938 3031 979 sermonem.
3064 922 3160 977 Vel
3218 923 3400 990 aliter,
3440 923 3625 978 omnia
3681 924 3737 979 in

2155 1015 2472 1070 universum
2516 1029 2683 1085 opera
2736 1014 2953 1071 Domini
3025 1015 3079 1070 iu
3147 1016 3252 1072 lide
3302 1029 3425 1071 esse
3455 1016 3738 1086 dicuntur,

2152 1105 2284 1176 quia
2314 1119 2678 1177 quoscunque
2708 1121 2771 1161 ea
2800 1116 3096 1164 cernentes
3119 1117 3338 1162 movent
3370 1106 3437 1161 ad
3470 1106 3653 1171 tidem,
3680 1120 3741 1161 ut

2152 1197 2383 1252 credant
2415 1196 2468 1251 in
2489 1196 2742 1267 opiﬁcem
2768 1212 2834 1252 ac
2865 1207 3176 1253 creatorem
3233 1198 3430 1255 Deum.
3481 1198 3616 1253 Nam
3653 1197 3739 1271 [ut

2150 1292 2257 1345 alia
2291 1291 2478 1346 omnia
2510 1290 2790 1364 omittam]
2841 1306 3028 1363 nonne
3087 1292 3169 1347 vel
3211 1292 3412 1348 unicus
3441 1293 3561 1362 apis
3615 1308 3744 1347 aeu-

2152 1384 2296 1448 leus,
2322 1383 2417 1454 qui
2452 1383 2650 1439 ﬁstulae
2674 1385 2730 1441 in
2762 1400 2968 1441 morem
3004 1384 3185 1440 factus
3226 1392 3336 1451 est,
3401 1385 3473 1440 ita
3537 1396 3597 1440 ut
3648 1402 3742 1455 per

2149 1491 2273 1531 eum
2327 1475 2572 1551 [tametsi
2604 1478 2856 1549 alioquin
2893 1477 3262 1534 tenuissimus
3294 1476 3422 1551 est]
3451 1478 3575 1548 apis
3644 1492 3739 1532 ve-

2148 1587 2354 1626 nenum
2401 1571 2673 1637 eﬂundat,
2698 1573 2918 1630 abunde
2950 1573 3153 1629 docere
3179 1588 3283 1628 nos
3341 1573 3541 1643 possit,
3588 1574 3735 1643 quod

2149 1681 2258 1719 non
2294 1665 2543 1733 fortuito,
2569 1674 2663 1721 aut
2691 1683 2755 1724 ex
2789 1683 2934 1732 sese,
2963 1667 3058 1723 sed
3100 1667 3247 1737 quod
3275 1665 3467 1721 divina
3487 1666 3537 1721 vi
3572 1654 3725 1720 tanta

2148 1757 2392 1812 tenuitas
2426 1758 2591 1814 fuerit
2644 1767 2952 1815 concavata
2975 1759 3015 1813 ἲ·
3042 1758 3105 1813 Et
3134 1758 3329 1814 aliter:
3372 1759 3607 1814 Rectum
3643 1768 3732 1813 est

2148 1848 2281 1905 Novi
2311 1850 2647 1907 Testamenti
2678 1868 2740 1907 ae
2782 1851 3085 1909 Salvatoris
3113 1854 3291 1909 nostri
3315 1853 3571 1917 verbum,
3594 1852 3734 1905 nihil

2150 1942 2466 2010 obliquum,
2502 1943 2642 1996 nihil
2686 1946 2985 1999 obscurum
3019 1944 3251 2009 habens,
3287 1956 3346 1999 ut
3395 1942 3566 1998 Vetus
3623 1942 3734 1996 l‘ex.

2150 2030 2423 2087 Praeterea
2453 2042 2511 2088 et
2548 2049 2895 2105 quaecunque
2926 2049 3094 2105 opera
3126 2036 3257 2089 olim
3291 2035 3431 2090 iecit
3451 2034 3735 2097 Dominus,

2151 2124 2284 2178 dum
2316 2126 2822 2180 eonvcrsaretur‘iu
2847 2140 3039 2189 carne,
3080 2125 3289 2180 ﬁdelem
3321 2126 3561 2179 reddunt
3617 2125 3741 2193 ejus

2154 2230 2496 2278 sermonem,
2540 2216 2671 2271 dum
2722 2216 2830 2272 sibi
2865 2232 3111 2272 consona
3144 2226 3314 2284 sunt;
3356 2225 3411 2270 et
3446 2215 3572 2270 aliis
3620 2230 3736 2268 ere-

2152 2308 2355 2374 denda,
2403 2318 2590 2380 utpote
2621 2324 2750 2365 vera
2779 2317 2834 2364 et
2868 2309 3071 2379 quibus
3100 2307 3407 2364 contradici
3447 2323 3556 2362 non
3607 2321 3740 2377 pos-

465 2399 559 2453 sit.
584 2397 881 2464 Vclaliter,
911 2416 1011 2472 per
1064 2400 1307 2458 Verbum
1367 2406 1484 2474 ipse
1510 2404 1686 2460 Filius
1723 2403 2135 2474 intelligendus,
2169 2410 2227 2458 et
2266 2405 2345 2460 via
2375 2421 2484 2460 non
2532 2419 2752 2470 errans,
2819 2419 2887 2460 ac
2920 2405 3149 2460 veritas.
3220 2403 3334 2476 Ego
3384 2404 3533 2459 enim
3594 2418 3733 2458 sumo

463 2490 778 2559 iuquit,via
830 2504 881 2549 et
939 2496 1136 2551 veritas
1164 2497 1232 2553 “.
1289 2497 1489 2552 Omnia
1559 2497 1724 2552 etiam
1775 2496 1934 2565 signa
1991 2509 2333 2567 qmecunque
2397 2496 2550 2563 fecit,
2592 2496 2664 2552 ob
2717 2496 3021 2553 videntium
3098 2504 3154 2551 et
3207 2496 3520 2553 auditorum
3575 2497 3734 2553 fidem

461 2578 600 2635 facta
629 2592 782 2645 sunt,
818 2592 877 2637 ut
899 2585 1112 2641 scilicet
1152 2586 1443 2642 crederent
1472 2586 1528 2641 in
1556 2586 1759 2655 ipsum.
2103 2646 2106 2659 ,
2976 2596 2977 2599 “

541 2674 771 2744 Ἀγαπᾷ
784 2676 1209 2747 ἐλεημοσύνην
1224 2680 1322 2733 καὶ
1337 2679 1543 2747 κρίσιν
1568 2681 1602 2733 ὁ
1625 2680 1862 2747 Κύριος.
1880 2678 2048 2749 Ὅρα,

2219 2675 2388 2729 Vens.
2420 2671 2474 2727 5.
2505 2671 2692 2743 Diligit
2719 2673 3141 2729 misericordiam
3167 2684 3215 2729 et
3237 2675 3507 2745 judicittm
3549 2675 3735 2731 Domi-

470 2764 578 2835 πρδ
604 2766 708 2835 τῆς
738 2768 978 2838 κρίσεως
1019 2770 1168 2839 φιλεῖ
1230 2771 1332 2842 τὴν
1381 2770 1756 2842 ἐλεημοσύνην
1777 2786 1791 2801 ⁸
1833 2770 1926 2824 ’διδ
1953 2770 2048 2824 καὶ

2152 2763 2412 2821 nus.Vide
2443 2764 2724 2834 quomodo
2774 2766 3217 2820 misericordiam
3247 2776 3532 2839 pra‘ponat
3578 2769 3734 2839 judi-

472 2857 568 2911 ἐπὶ
597 2857 707 2911 τῶν
737 2860 1187 2930 ἁμαρτανόντων,
1226 2863 1447 2933 πρῶτον
1477 2864 1576 2933 μὲν
1597 2894 1609 2913 ι
1631 2863 1895 2934 ἀναμένει
1946 2865 2048 2934 τὴν

2152 2860 2255 2924 cio,
2288 2867 2453 2927 utque
2493 2870 2612 2911 eam
2637 2855 2780 2911 Deus
2811 2859 2982 2927 magis
3007 2858 3219 2928 diligat.
3246 2857 3359 2915 Hac
3398 2860 3601 2915 etenim
3635 2876 3694 2914 ra
3716 2888 3732 2903 ο

476 2949 772 3015 μετάνοιαν
805 2951 1009 3017 αὐτῶν,
1040 2954 1178 3024 ὅπερ
1202 2954 1352 3007 ἐστὶν
1404 2953 1797 3024 ἐλεημοσύνηςο
1856 2953 2048 3007 ἔπειτα

2152 2949 2302 3004 tione
2332 2949 2387 3002 in
2449 2948 2844 3019 peccatoribus
2904 2947 3049 3004 Deus
3110 2951 3351 3020 primum
3409 2962 3731 3021 exspectare

468 3038 733 3109 μένοντας
774 3042 1029 3108 ἀνιάτους
1067 3045 1314 3110 κολάζει,
1341 3047 1476 3117 ὅπερ
1505 3047 1622 3099 ἐστὶ
1675 3046 1932 3116 κρίσεως.
1974 3046 2046 3099 Ἦ

2154 3042 2224 3096 ab
2256 3041 2337 3096 eis
2359 3040 2521 3102 solet,
2560 3054 2630 3093 an
2659 3040 3043 3109 pmnitentiam
3071 3049 3257 3111 agant,
3292 3041 3420 3112 quia
3469 3044 3730 3099 nimirum

466 3132 562 3184 καὶ
592 3133 677 3186 ὅτι
706 3133 843 3205 ἐλέῳ
865 3137 1049 3190 πᾶσαν
1100 3137 1286 3209 κρίσιν
1330 3136 1496 3191 αὐτοῦ
1560 3138 1837 3209 κίρνησιν.
1899 3135 2041 3190 Ἐὰν

2157 3133 2473 3189 misericors
2500 3142 2621 3197 est;
2654 3132 2875 3194 deinde,
2915 3135 2960 3189 si
2999 3134 3433 3190 immedicabiles
3475 3151 3731 3206 perman-

465 3222 575 3295 γὰρ
618 3224 930 3295 ἀνομοίας,
994 3231 1149 3299 φησι,
1199 3229 1671 3299 παρατηρήσεις,
1713 3231 1910 3300 Κύριε,
1953 3230 2046 3297 τίς

2154 3225 2477 3289 serint,eos
2541 3225 2802 3297 castigat,
2846 3224 2992 3295 quod
3046 3225 3283 3294 pertinet
3315 3226 3382 3280 ad
3435 3224 3730 3295 judicium.

464 3316 919 3386 ὐποστήσεται;
947 3320 1020 3373 Ἦ
1043 3321 1238 3392 ἀγαπᾷ
1267 3322 1640 3393 ἐλεημοσύνην
1662 3323 1782 3394 μὲν,
1810 3323 1890 3381 είς
1917 3324 2045 3386 τοὺς

2155 3316 2273 3382 Vel,
2306 3319 2431 3388 quia
2464 3318 2780 3387 cuicunque
2810 3317 3024 3387 judicio
3084 3331 3186 3372 suo
3226 3317 3369 3373 Deus
3412 3317 3731 3373 misericor-

464 3408 901 3480 διορθωθέντας·
936 3412 1119 3483 κρίσιν
1136 3414 1215 3478 δὲ,
1254 3417 1335 3478 είς
1359 3415 1487 3479 τοὺς
1546 3415 1927 3487 ἀδιορθὼτους.
1972 3415 2043 3469 Ἦ

2152 3408 2295 3465 diam
2321 3409 2667 3478 commiscet,
2713 3409 2870 3478 juxta
2905 3411 3077 3466 illud:
3113 3408 3173 3465 Si
3205 3410 3514 3481 iniquitates
3558 3412 3757 3485 obser-_

466 3497 617 3554 ἔλεον
650 3503 773 3571 μὲν,
805 3505 866 3557 ὲν
901 3503 977 3575 τῷ
1005 3505 1235 3577 παρόντι
1268 3507 1428 3561 αίῶνι
1451 3523 1466 3537 ⁸
1529 3509 1614 3562 Οὐ
1662 3509 1772 3580 γὰρ
1826 3504 2041 3578 ἦλθον,

468 3591 625 3659 φησὶ,
650 3591 849 3659 κρῖναι
871 3593 983 3648 τὸν
1006 3595 1241 3665 κόσμον
1259 3611 1273 3626 ’
1300 3595 1484 3668 κρίσιν
1498 3597 1553 3651 δὲ
1570 3599 1628 3650 ὲν
1654 3596 1733 3668 τῷ
1761 3597 2043 3669 μέλλοντι.

466 3681 722 3738 τοιοῦτόν
754 3685 871 3738 ἐστι
906 3687 1000 3738 καὶ
1029 3687 1091 3740 τό
1116 3703 1131 3720 ο
1184 3689 1401 3742 Ἕλεον
1429 3688 1527 3742 καί
1556 3690 1764 3757 κρίσιν
1819 3688 2048 3758 ᾄσομαι

468 3790 589 3840 σοι,
618 3776 814 3844 Κύριε.
842 3778 1096 3848 ’ᾼσομτιι
1142 3777 1200 3831 δὲ
1223 3819 1236 3841 ,
1265 3778 1391 3832 ἀντὶ
1426 3779 1542 3846 τοῦ,
1590 3780 1755 3850 ᾯδὴν
1787 3796 1870 3832 σοι
1927 3796 2048 3832 ποια

471 3868 610 3936 ήσω,
647 3868 743 3922 καὶ
778 3867 948 3940 ὕμνον
976 3870 1068 3923 τδν
1094 3870 1265 3936 ἔλεον,
1309 3872 1407 3923 καὶ
1438 3871 1539 3941 τὴν
1563 3870 1774 3942 κρίσιν,
1808 3864 1941 3930 οἷον,
1961 3869 2047 3921 ὅτι

470 3956 639 4011 ἐλθὼν
663 3960 877 4026 κρίνεις
904 3950 1032 4014 καθ’
1050 3960 1111 4014 ὃν
1144 3962 1457 4032 είρήκαμεν
1489 3962 1716 4030 τρόπον.
1762 3961 2049 4030 Κέκραται

469 4045 528 4099 δὲ
555 4049 649 4101 καὶ
673 4048 734 4102 τὸ
756 4048 907 4114 ἔλεος
935 4051 1141 4122 κρίσει,
1166 4050 1261 4104 καὶ
1290 4051 1324 4121 ἡ
1352 4049 1534 4122 κρίσις
1555 4049 1711 4120 ἐλέῳ,
1762 4050 1848 4103 ίνα
1909 4049 2048 4120 μήτε

467 4138 499 4189 δ
542 4136 691 4202 ἔλεος
738 4139 1013 4210 χαύνωσιν
1071 4140 1350 4212 ἐμποιήσῃ
1407 4141 1588 4210 μόνος,
1626 4140 1828 4212 μήτεή
1860 4139 2046 4210 κρίσις

468 4227 801 4300 ἀπόγνωσιν.
869 4233 1197 4297 ἐπιδιτῑις
1229 4232 1547 4297 ὑποθέσεως
1584 4233 1833 4298 Ἐζεκίου
1892 4231 2045 4303 εῐλη·

469 4337 603 4376 πται
633 4323 695 4377 τὸ
724 4325 893 4396 ῥητόν
916 4342 930 4357 ο
962 4326 1047 4379 ὃτι
1081 4324 1313 4398 ἐλεήσας
1344 4326 1445 4398 τὴν
1518 4322 1880 4396 Ἰερουσαλὴμ
1943 4340 2044 4377 πο-

460 4411 887 4489 λιορκουμένην,
944 4417 1239 4489 κατέκρινε
1285 4419 1413 4482 τοὺς
1482 4415 1811 4480 ἀδικοῦντας
1872 4414 2046 4487 αὐτὴν

483 4502 830 4578 Ἀσσυρίους.

2144 3502 2365 3568 caveris,
2410 3501 2653 3567 Domine,
2716 3501 2957 3568 Domine,
3009 3503 3130 3572 quis
3181 3503 3459 3558 sustinebit
3488 3503 3578 3559 ‘i?
3637 3503 3730 3560 Vel

2145 3594 2585 3650 misericordiam
2623 3594 2844 3663 quidem
2879 3594 3059 3663 diligit
3126 3594 3291 3660 Deus,
3370 3597 3425 3650 in
3490 3597 3558 3651 iis
3590 3611 3731 3665 quos

2149 3686 2471 3756 castigando
2528 3686 2712 3741 erudit
2765 3700 2830 3740 ac
2886 3686 3097 3756 dirigit,
3151 3686 3419 3752 judicium
3498 3702 3630 3741 vero
3675 3688 3731 3740 iu

2152 3780 2221 3832 iis
2243 3778 2336 3844 qui
2379 3777 2624 3844 perversi
2672 3786 2840 3845 atque
2901 3776 3311 3844 ineorrigibiles
3361 3787 3728 3843 perseverant.

2157 3866 2253 3920 Vel
2283 3867 2714 3921 misericordiam
2743 3867 2923 3937 diligit
2968 3869 3021 3921 in
3052 3870 3311 3938 praesenti
3334 3870 3572 3923 saeculo:
3608 3868 3732 3924 Non

2153 3958 2271 4012 veni
2292 3957 2459 4024 enim,
2486 3956 2685 4025 inquit,
2725 3967 2782 4011 ut
2811 3959 3043 4027 judicent
3068 3964 3322 4013 mundum
3352 3959 3397 3993 "
3424 3978 3440 4028 ;
3463 3960 3731 4030 judicium

2156 4058 2338 4103 autem
2378 4047 2431 4102 in
2468 4048 2677 4103 futuro.
2720 4048 2916 4103 Simile
2944 4057 3029 4103 est
3053 4049 3219 4103 etiam
3249 4052 3393 4121 quod
3440 4052 3569 4107 alibi
3602 4052 3735 4122 legi-

2155 4140 2371 4212 gimus:
2401 4139 2854 4204 Misericordiam,
2876 4152 2923 4195 et
2947 4141 3213 4210 judicium
3235 4145 3458 4200 cantabo
3487 4145 3602 4208 tibi,
3624 4144 3738 4198 Do~

2155 4234 2294 4289 mine
2323 4234 2409 4301 “,
2444 4235 2547 4290 hoc
2583 4243 2689 4297 est,
2739 4232 3176 4289 misericordiam
3232 4244 3289 4292 et
3345 4238 3616 4306 judicium
3675 4238 3730 4291 in

2153 4326 2429 4383 canticum
2451 4326 2552 4383 tibi
2584 4342 2648 4382 ac
2680 4325 2893 4382 Iaudem
2923 4342 3271 4397 componam,
3307 4345 3542 4386 narrans
3574 4331 3736 4385 nimi-

2156 4434 2301 4485 rum,
2337 4419 2616 4488 quomodo
2647 4419 3083 4476 misericorditer
3106 4419 3346 4487 judicas,
3389 4433 3447 4476 ut
3484 4422 3735 4492 praedixi-

2159 4524 2307 4565 mus.
2341 4508 2745 4564 Commiscctur
2774 4510 2919 4565 enim
2962 4510 3337 4567 misericordia
3381 4513 3613 4584 judicio,
3678 4521 3734 4568 et

467 4600 740 4672 judicium
767 4607 1185 4675 misericordiae,
1219 4623 1289 4665 ne
1355 4607 1727 4666 misericordia
1767 4608 2047 4664 laxitatem
2088 4621 2153 4661 ac
2194 4605 2500 4669 mollitiem,
2534 4618 2669 4659 neve
2730 4604 3000 4672 judicium
3077 4606 3510 4676 desperationem
3569 4624 3735 4679 gene-

474 4710 581 4755 ret.
622 4700 779 4769 Quod
801 4705 846 4761 si
871 4705 1146 4776 psalmum
1181 4704 1391 4762 referas
1415 4703 1481 4759 ad
1506 4713 1752 4775 tempora
1779 4704 2051 4768 Ezechiae,
2091 4703 2180 4760 die
2201 4702 2348 4771 quod
2381 4698 2647 4756 Dominus
2679 4698 2975 4757 miseratus
3013 4709 3099 4757 est
3162 4701 3446 4759 obsessam
3509 4704 3730 4761 Jerusa-

475 4792 605 4859 lem,
631 4804 687 4851 et
720 4798 864 4865 quod
886 4797 1101 4868 judicio
1127 4813 1231 4854 suo
1257 4799 1515 4870 Assyrios
1547 4799 1753 4868 injuste
1778 4797 2095 4854 obsidentes
2112 4795 2519 4853 condemnavit.

549 4912 664 4969 Τοῦ
700 4913 914 4984 ἐλέους
942 4916 1167 4987 Κυρίου
1192 4918 1432 4988 πλήρης
1461 4920 1499 4986 ἠ
1534 4918 1634 4988 γῆ.
1685 4917 1903 4979 Πάντας
1940 4919 2048 4990 γὰρ

2165 4917 2184 4928 “
2227 4915 2598 4972 Misericordia
2644 4913 2862 4969 Domini
2913 4913 3069 4985 pl‘ena
3122 4925 3198 4969 est
3253 4924 3413 4972 terra.
3472 4914 3727 4970 Omnium

475 5004 638 5071 nea,
671 5007 911 5072 καὶτοὺς
942 5010 1167 5074 ἀθέους·
1229 5011 1460 5083 καὶγὰρ
1505 5012 1607 5065 οὐκ
1655 5009 1722 5064 ἂν
1780 5012 1870 5064 εἷα
1928 5011 2049 5082 ζῇν*

2153 5008 2297 5064 enim
2335 5007 2628 5064 miseretur
2658 5008 3139 5079 Deus,impiorum
3169 5010 3330 5064 etiam
3355 5008 3442 5082 [ac
3474 5025 3533 5064 se
3562 5009 3725 5062 Deum

479 5095 619 5169 πλὴν
641 5100 769 5164 τοὺς
801 5101 901 5170 μὲν
926 5104 1363 5167 πεπιστευκότας
1389 5103 1613 5173 μᾶλλον,
1650 5097 1814 5175 ἦττον
1840 5103 1898 5157 δὲ
1926 5103 2048 5165 τοὺς

2153 5098 2740 5172 abnegantium].Nam
2769 5101 2996 5171 alioqui,
3024 5101 3070 5156 si
3090 5100 3469 5156 misericordia
3490 5112 3595 5150 non
3611 5105 3729 5150 ute-

480 5187 696 5255 ἄλλους.
730 5193 801 5245 Ἦ
840 5194 937 5247 καὶ
968 5194 1117 5258 ἕλεος
1162 5194 1372 5264 Κυρίου
1402 5195 1514 5249 νόει
1540 5195 1603 5248 τὸ
1635 5195 1904 5265 κήρυγμα
1957 5192 2048 5246 τοῦ

2155 5200 2331 5256 retur,
2390 5191 2667 5262 quomodo
2713 5193 2921 5249 sineret
2976 5208 3073 5247 eos
3114 5191 3337 5249 vivere?
3385 5187 3728 5241 credentium

476 5282 823 5352 εὐαγγελίου,
857 5286 1064 5358 πλῆρες
1095 5287 1154 5341 ὂν
1183 5288 1388 5352 ἐλέους,
1420 5288 1496 5351 ὡς
1519 5287 1615 5341 καὶ
1655 5285 1947 5356 δεδομένον
1995 5286 2048 5353 ἐξ

2158 5293 2339 5340 tamen
2371 5298 2589 5353 semper
2620 5284 2793 5356 magis
2827 5285 3151 5349 miseretur,
3194 5290 3250 5337 et
3279 5279 3570 5347 impiorum
3628 5279 3732 5331 mi-

476 5374 851 5450 ἐλεημοσύνης
876 5379 971 5433 τοῦ
992 5379 1501 5451 δημιουργήσαντος
1530 5380 1701 5451 ἡμᾶς,
1736 5371 1799 5431 οὗ
1834 5375 2050 5448 πεπλίΓ

482 5481 654 5537 ρωται
676 5468 883 5542 πᾶσαη
912 5470 984 5541 γῆ
1017 5470 1106 5525 διὰ
1123 5473 1221 5543 τῆς
1278 5468 1388 5527 τῶν
1424 5468 1744 5525 ἀποστόλων
1792 5468 2053 5524 διδασκαο

2160 5394 2286 5434 nus.
2318 5378 2416 5434 Vel
2444 5392 2542 5448 per
2565 5378 2995 5434 miSericordiatn
3026 5373 3261 5437 Domini,
3295 5364 3571 5435 Evangelii
3592 5383 3729 5438 pra:-

2160 5470 2492 5527 dicationem
2518 5469 2784 5545 intelligo,
2817 5469 2976 5542 quod
2997 5459 3371 5524 misericordia
3406 5458 3625 5532 plenum
3648 5469 3731 5516 est

555 5645 785 5706 “Joan.
820 5666 932 5718 xiv,
965 5651 1021 5708 6.
1096 5651 1304 5712 “Psal.
1333 5668 1517 5722 emt,
1556 5652 1611 5708 5.
1677 5652 1722 5685 “
1751 5650 1911 5708 Joan.
1944 5664 2045 5715 xu,
2094 5650 2185 5704 47.
2258 5649 2303 5681 ⁸⁸
2330 5649 2477 5706 Psal.
2513 5663 2567 5713 c,
2597 5650 2649 5703 l.

1830 5784 2029 5851 Variae
2077 5782 2407 5847 lectiones.

545 5909 659 5985 (te)
694 5910 781 5969 τσ.
805 5908 883 5976 εις
934 5913 1114 5971 αὐτόν.
