4054 6210
361 370 464 435 371

1580 392 1784 451 EUTH
1798 393 1893 452 YM
1910 393 1962 452 II
2004 396 2367 457 ZlGABENI

3502 393 3609 460 372

360 497 526 558 atque
582 503 647 543 ex
699 492 1077 583 misericordia
1106 497 1383 558 Creatoris
1424 506 1598 559 nostri
1645 505 1738 561 Dei
1772 509 1921 564 nobis

2037 512 2178 574 λίας.
2217 509 2352 567 Εἶτα
2392 515 2534 566 κινεῖ
2575 514 2669 567 τὸν
2719 515 2878 579 λόγον
2901 516 2982 578 εἰς
3016 515 3208 586 ὕμνον,
3245 512 3605 584 διηγούμενος

358 580 571 644 datum,
595 590 650 636 et
691 599 801 653 quo
828 586 939 655 jam
969 580 1128 658 plena
1148 583 1231 650 est
1264 606 1371 651 tota
1407 606 1552 652 terra
1583 600 1655 654 ob
1676 601 1929 656 dissemi-

2035 603 2103 656 τὰ
2133 603 2416 674 θαυμάσια
2446 603 2536 659 τοῦ
2577 604 2736 671 Θεοῦ,
2755 608 2850 661 καί
2893 621 3068 678 φησι·

359 683 541 727 natam
572 673 813 746 undique
853 686 1574 751 apostolorumdoctrinam.
1602 693 1927 752 Sermonem
1971 703 2152 754 autem
2194 699 2455 771 deinceps
2496 710 2669 755 mutat
2695 704 2748 756 in
2782 703 3023 766 laudem,
3065 713 3300 756 narrans
3333 698 3606 756 mirabilia

360 764 475 830 Dei,
511 777 563 821 et
593 769 784 827 dicens
821 791 834 826 :

429 861 593 917 Vens.
619 865 671 919 6.
709 865 880 923 Verbo
908 870 1119 926 Domini
1143 875 1258 928 (ωιί
1275 876 1638 944 ﬁrmatisimt,
1662 890 1711 934 et
1734 882 1925 947 spiritu

355 953 464 1007 oris
490 955 602 1023 ejus
638 960 808 1013 omnis
831 965 1066 1032 potentia
1127 983 1332 1021 eorum.
1381 967 1649 1025 Videntur
1704 974 1926 1041 quidem

355 1045 470 1100 lizec
507 1051 670 1105 verba
710 1052 854 1108 idem
887 1071 1042 1126 atque
1061 1059 1390 1128 signilicare.
1447 1062 1584 1117 Dicit
1619 1067 1762 1120 enin
1786 1067 1928 1124 Deus

352 1135 422 1200 de
448 1155 804 1212 unoquoque,
830 1145 969 1213 Fiat,
986 1158 1038 1202 et
1064 1148 1264 1204 factum
1290 1161 1392 1206 est.
1415 1153 1647 1209 Verbum
1669 1167 1925 1226 praeterea

350 1228 467 1284 oris
501 1233 732 1299 spiritus
767 1247 874 1301 est,
917 1254 1097 1295 aerem
1137 1243 1471 1310 verberans;
1502 1256 1554 1301 et
1603 1249 1784 1316 qualis
1841 1261 1926 1305 est

350 1321 464 1372 oris
491 1324 738 1390 spiritus,
764 1329 856 1394 qui
889 1344 1068 1386 aerem
1101 1333 1377 1394 verberat,
1406 1337 1512 1389 tale
1550 1347 1632 1391 est
1659 1346 1713 1391 et
1747 1339 1920 1408 ipsum

349 1411 601 1468 verbum.
669 1415 932 1474 Similiter
991 1423 1390 1480 ﬁrmamentum
1427 1444 1488 1482 ac
1527 1432 1768 1496 potentia
1827 1450 1926 1502 pro

350 1499 544 1555 eodem
577 1515 894 1564 sumuntur.
931 1510 1066 1566 (Σωιί
1111 1517 1256 1569 enim
1286 1517 1504 1573 diﬂicile
1550 1535 1922 1592 corrumpun-

351 1600 462 1653 tur,
490 1595 744 1665 firmiqne
775 1614 838 1654 ac
867 1603 1093 1660 stabiles
1118 1615 1269 1660 sunt.
1327 1608 1434 1664 Sed
1461 1611 1617 1677 juxta
1672 1614 1920 1670 altiorem

353 1698 575 1740 sensum
603 1687 738 1757 [quo
769 1690 954 1747 dicere
984 1709 1280 1764 possumus
1337 1699 1555 1754 beatum
1605 1702 1772 1760 David
1822 1705 1925 1761 hoc

354 1775 408 1828 in
453 1777 574 1832 loco
601 1778 669 1834 de
685 1791 880 1837 sancta
906 1785 1177 1842 Triuitate
1226 1790 1654 1867 philosophari],
1691 1813 1789 1865 per
1817 1799 1926 1855 Do-

351 1867 584 1934 minum,
610 1870 828 1929 Patrem
866 1875 1149 1949 intellige:
1182 1882 1483 1951 etFiiium,
1521 1903 1618 1956 per
1662 1891 1923 1946 verbum:

350 1965 404 2009 et
431 1973 528 2026 per
549 1962 802 2030 spiritum
837 1970 950 2026 oris
991 1972 1134 2041 ejus,
1159 1973 1423 2043 Spiritum
1444 1992 1696 2035 sanctum
1727 1998 1924 2053 :quem
1959 1961 1999 2016 Β

351 2046 476 2103 ideo
499 2053 756 2120 spiritum
791 2060 906 2115 uris
929 2062 1051 2132 ejus
1076 2066 1395 2136 appellavit,
1423 2081 1484 2124 ut
1514 2072 1764 2143 ejusdem
1781 2046 1923 2131 'eum

348 2143 671 2201 ostenderet
699 2162 821 2205 esse
851 2153 1176 2212 subsmntia:
1210 2174 1333 2214 cum
1390 2162 1485 2216 illo
1516 2179 1546 2218 a
1582 2181 1694 2234 quo
1719 2167 1927 2222 emitti-

350 2240 466 2300 tur,
497 2245 550 2289 et
578 2239 726 2306 quod
755 2257 861 2297 non
894 2256 1116 2302 creatus
1141 2259 1290 2306 esset
1310 2253 1557 2310 aliunde.
1599 2255 1706 2311 Per
1760 2259 1928 2313 coelo-

349 2338 471 2378 rum
501 2342 631 2383 vero
660 2336 984 2402 potentiam,
1015 2341 1270 2397 caelestes
1302 2347 1623 2415 angelorum
1646 2351 1922 2417 potentias

349 2415 614 2488 intellige.
652 2423 789 2479 illud
825 2435 1003 2483 tamen
1036 2430 1280 2498 adverte,
1307 2437 1455 2503 quod
1491 2454 1600 2493 non
1627 2415 1920 2508 separatim

349 2505 526 2561 Filius
590 2511 840 2570 homines
885 2521 1113 2585 creavit,
1155 2534 1206 2578 et
1256 2524 1498 2595 Spiritus
1529 2505 1796 2599 angelos;
1827 2533 1922 2588 sed

348 2599 521 2656 Filius
545 2604 764 2673 quidem
786 2608 968 2662 omnia
990 2611 1056 2666 ad
1087 2628 1208 2669 esse
1228 2616 1511 2684 produxit:
1539 2617 1733 2676 Omnia
1750 2623 1921 2689 enim,

350 2691 546 2764 inquit,
578 2711 672 2764 per
703 2697 870 2765 ipsum
899 2700 1048 2769 facta
1078 2716 1203 2759 sunt
1240 2704 1287 2738 "
1314 2723 1330 2774 ;
1361 2716 1589 2766 sanctus
1619 2726 1754 2767 vero
1799 2712 1925 2784 Spi-

347 2783 487 2840 ritus
513 2789 735 2858 angelos
770 2794 1162 2865 sanctiﬁcavit,
1190 2808 1478 2869 postquam
1521 2805 1692 2859 creati
1746 2783 1917 2862 sunt:

346 2880 596 2945 quamob
627 2895 850 2940 causam
891 2903 998 2941 non
1021 2888 1089 2944 de
1117 2888 1265 2946 facili
1291 2902 1581 2949 moventur
1605 2898 1671 2950 ad
1694 2896 1918 2952 malum.

346 2966 403 3022 In
433 2969 576 3025 bono
614 2976 923 3030 conﬁrmati
969 2981 1144 3050 angeli
1202 2984 1354 3038 nullo
1416 2985 1577 3040 modo
1627 2996 1920 3043 moventur

346 3063 414 3118 ad
443 3067 670 3133 malum,
712 3085 837 3124 cum
872 3071 938 3126 ab
970 3073 1130 3128 initio
1162 3075 1370 3142 statim,
1399 3076 1519 3146 ipso
1549 3089 1742 3135 sancto
1792 3081 1921 3150 Spi-

347 3154 478 3220 ritu,
514 3156 682 3210 veluti
726 3159 968 3214 tinctura
1000 3164 1239 3230 quadam
1273 3167 1596 3222 consolidati
1629 3183 1694 3224 ac
1734 3185 1921 3225 corro-

2111 885 2195 950 Τῷ
2243 887 2406 955 ,πόρῳ
2473 891 2696 956 Κυρίου
2723 893 2778 943 oi
2832 888 3072 956 οὐραγοὶ
3115 889 3598 958 ἐστερεώθησαν.

2033 977 2130 1030 καὶ
2162 977 2241 1042 τῷ
2262 980 2552 1048 πνεύματι
2587 980 2696 1034 τοῦ
2744 981 3044 1049 στόματος
3099 979 3290 1034 αὑτοῦ
3353 978 3523 1035 πᾶσα
3559 979 3600 1046 ἡ

2031 1067 2284 1136 δύναμις
2324 1069 2546 1123 αὐτῶν.
2577 1071 2733 1124 Κατὰ
2761 1071 2859 1140 μὲν
2889 1069 2949 1122 τὸ
2997 1069 3310 1140 πρόχειρον,
3335 1071 3400 1122 ὲκ.
3449 1085 3592 1140 παρ-

2030 1160 2262 1230 αλλήλου
2320 1163 2382 1215 τὸ
2437 1163 2568 1216 αὐτό
2589 1181 2754 1233 φησιν
2771 1180 2785 1194 ο
2825 1159 2981 1215 εἶπεν
3006 1163 3114 1231 γὰρ
3140 1164 3168 1216 ὁ
3197 1162 3332 1224 Θεὸς
3358 1163 3444 1230 ἐφ’
3468 1163 3599 1215 ἐκα-

2027 1253 2226 1324 τέρουο
2277 1255 2587 1326 Γενηθήτω,
2641 1256 2736 1308 καὶ
2784 1255 3032 1324 ἐγένετο·
3085 1255 3180 1308 καὶ
3223 1254 3436 1322 ὀλὸγος
3490 1255 3599 1325 γὰρ

2035 1343 2256 1412 πνεῦμά
2278 1346 2392 1397 ἐστι
2420 1345 2688 1415 στόματος
2714 1346 2774 1398 τὸ
2796 1345 3032 1412 πλῆττον
3063 1343 3156 1396 τὸν
3179 1344 3348 1412 ἀέρων
3376 1343 3599 1398 τοιῶσδε

2028 1438 2124 1488 καὶ
2178 1436 2240 1489 τὸ
2295 1437 2515 1508 πνεῦμα
2563 1439 2657 1493 τοῦ
2715 1439 2981 1507 στόματος
3027 1439 3260 1506 πλῆττον
3296 1437 3390 1491 τὸν
3440 1438 3600 1507 ἀέρα.

2027 1527 2249 1581 τοιῶσόε
2269 1527 2429 1598 λόγος
2462 1531 2634 1584 ἐστίν.
2677 1531 2911 1600 ὀμοίως
2940 1531 2997 1583 δὲ
3031 1531 3127 1584 καὶ
3154 1529 3451 1600 στερέωσις
3507 1529 3601 1582 καὶ

2025 1618 2257 1691 δύναμις
2282 1622 2499 1675 ταύτόν·
2533 1621 2620 1693 εἴη
2653 1622 2699 1675 δ’
2731 1622 2798 1676 ἂν
2829 1623 2893 1675 τὸ
2922 1621 3270 1693 δύσφθαρτον
3299 1621 3481 1674 αὐτῶν
3505 1621 3603 1674 καὶ

2030 1710 2262 1764 εὔτονον
2285 1725 2298 1740 '
2336 1713 2481 1766 κατὰ
2519 1713 2663 1766 δὲτὸ
2727 1713 3086 1784 ὑψηλότερον,
3139 1712 3267 1780 περὶ
3290 1713 3389 1782 τῆς
3443 1711 3603 1780 ἁγίας

2029 1801 2258 1869 Τριάδος
2285 1804 2312 1854 ὁ
2343 1804 2506 1856 Δαϐὶδ
2535 1802 2773 1858 ἐνταῦθα
2811 1803 3071 1873 θεολογεῖ,
3110 1805 3316 1872 Κύριον
3383 1804 3482 1875 μὲν
3508 1803 3601 1856 τὸν

2030 1893 2250 1963 Πατέρα
2271 1894 2445 1962 λέγων
2465 1911 2479 1926 ·
2510 1895 2670 1963 λόγον
2695 1896 2773 1960 δὲ,
2798 1896 2889 1948 τὸν
2919 1897 3074 1950 Υἱόνο
3142 1896 3369 1966 πνεῦμα
3420 1895 3497 1960 δὲ,
3536 1895 3597 1948 τὸ

2029 1986 2186 2053 ἅγιον
2218 1985 2466 2058 Πνεῦμα.
2523 1988 2632 2041 Τοῦ
2664 1989 2934 2059 στόματος
2967 1989 3025 2042 δὲ
3080 1985 3257 2051 εἶπεν,
3307 1988 3444 2042 διότι
3502 1988 3603 2057 τῆς

2030 2079 2203 2148 αὐτῆς
2219 2081 2410 2144 οὐσίας
2435 2082 2553 2136 ἐστὶ
2574 2083 2654 2152 τῷ
2679 2081 3126 2153 προϐαλλομένῳ,
3157 2083 3252 2136 καὶ
3277 2081 3378 2136 οὐκ
3402 2080 3602 2147 ἔξωθεν

2030 2171 2272 2227 κτιστύν.
2301 2171 2544 2242 Δύναμις
2579 2173 2636 2227 δὲ
2663 2174 2933 2244 οὐρανῶν,
2975 2177 3032 2227 αἱ
3081 2173 3404 2244 ἐπουράνιαι
3445 2171 3603 2226 δυνά-

2034 2279 2162 2333 μεις
2195 2265 2308 2317 τῶν
2353 2265 2625 2334 ἀγγέλων.
2651 2256 2752 2318 ’ού
2783 2265 3114 2336 διῃρημένος
3157 2265 3215 2318 δὲ
3243 2266 3270 2317 ὁ
3311 2265 3410 2334 μὲν
3467 2263 3596 2326 Υἱὸς

2026 2354 2152 2417 τοὺς
2173 2354 2497 2426 ἀνθρώπους
2529 2355 2734 2420 ἔκτισε,
2753 2355 2814 2408 τὸ
2837 2355 2894 2408 δὲ
2922 2355 3146 2426 Πνεῦμα
3165 2356 3291 2417 τοὺς
3314 2353 3599 2423 ἀγγέλους,

2026 2446 2140 2500 ἀλλ’
2164 2449 2194 2500 ὁ
2216 2447 2314 2516 μὲν
2345 2448 2475 2512 Υἱὸς
2515 2448 2696 2503 πάντα
2748 2449 3102 2519 παρήγαγεν,
3137 2446 3340 2501 Πάντα
3368 2445 3476 2516 γὰρ
3526 2444 3601 2498 δι’

2023 2540 2210 2594 αὐτοῦ
2262 2539 2529 2610 ἐγένετο·
2586 2541 2648 2594 τὸ
2684 2541 2906 2610 Πνεῦμα
2957 2541 3101 2594 δὲτὸ
3154 2539 3310 2609 ἅγιον
3369 2539 3600 2609 ἡγίασεν

2023 2632 2150 2696 τοὺς
2185 2631 2476 2701 ἀγγέλους,
2513 2632 2631 2703 ἅμα
2684 2636 2751 2703 τῇ
2807 2633 2990 2686 κτίσει
3034 2633 3258 2686 αὐτῶνθ
3325 2631 3449 2684 ὅθεν
3502 2631 3598 2683 καὶ

2022 2725 2336 2796 δυσκίνητοι
2404 2725 2542 2796 πρὸς
2589 2725 2651 2779 rb
2709 2726 2878 2779 κακόν
2918 2727 3059 2780 εἰσιν
3109 2725 3271 2789 εὐθὺς
3305 2724 3365 2791 ἐξ
3398 2725 3594 2794 ἀρχῆς.

2021 2813 2110 2870 οἷα
2156 2816 2301 2888 βαφῇ
2358 2835 2468 2879 τινι
2517 2818 2598 2888 τῷ
2633 2816 2890 2888 ἁγιασμῷ
2940 2817 3330 2887 στομωοέντες.
3373 2813 3596 2869 Νοοῖντο

2021 2909 2138 2963 δ’ἂν
2170 2910 2394 2982 ούρανοὶ
2422 2911 2518 2964 καὶ
2542 2912 2590 2963 οἱ
2627 2911 2941 2977 ἀπόστολοι,
2995 2909 3071 2974 ὡς
3091 2909 3160 2962 τὰ
3191 2908 3418 2978 οὐράνια
3468 2922 3602 2978 φρο-

2022 3000 2244 3064 νοῦντες
2273 3001 2370 3054 καὶ
2399 3002 2793 3073 ύπερκείμενοι
2824 3001 2934 3054 τῶν
2966 3001 3195 3071 γηΐνων,
3229 3000 3280 3052 οἳ
3327 2999 3406 3067 τῷ
3452 2997 3598 3066 λόγῳ

2021 3092 2122 3162 τῆς
2144 3093 2238 3147 τοῦ
2271 3094 2524 3164 Σωτῆρος
2556 3093 2907 3157 διδασκαλίας
2935 3092 3158 3164 στερῤοὶ
3204 3092 3496 3160 γεγόνασιν
3517 3089 3594 3152 εἰς

2027 3184 2232 3249 πίστιν,
2291 3185 2388 3238 καὶ
2414 3187 2493 3249 εἰς
2516 3185 2714 3256 Θλῖψιν,
2741 3187 2934 3256 καὶτῷ
2959 3185 3236 3256 πνεύματι
3263 3183 3357 3237 τοῦ
3389 3181 3593 3252 στόμαο

348 3245 522 3298 borati
556 3247 685 3301 sint.
722 3248 955 3321 lntelligi
990 3260 1172 3306 autem
1204 3263 1439 3324 possunt
1480 3257 1603 3312 ωιιὶ
1657 3260 1917 3330 apostoli,

2029 3291 2119 3336 τος
2148 3274 2313 3328 αὐτοῦ
2361 3277 2556 3346 πᾶσαὴ
2579 3276 2812 3347 δύναμις
2833 3276 3012 3330 αὐτῶν
3030 3275 3220 3343 γέγονε
3243 3290 3257 3303 ο
3288 3274 3449 3327 τοῦτο
3486 3270 3594 3344 γὰρ

344 3338 544 3409 quippe
561 3341 652 3407 qui
681 3341 926 3397 cmlestia
948 3344 1188 3412 sapiunt,
1212 3348 1556 3418 terrenisque
1574 3353 1736 3407 rebus
1755 3367 1920 3422 supe-

345 3430 519 3484 riores
558 3443 707 3498 sunt,
762 3435 856 3504 qui
922 3442 1088 3492 verbo
1127 3439 1391 3495 doctrina:
1459 3441 1915 3498 Salvatorislirnti

345 3519 471 3575 farti
504 3533 630 3579 sunt
659 3525 726 3579 ad
760 3527 919 3583 tidem
959 3537 1122 3599 atque
1147 3532 1578 3600 tribulationem,
1613 3547 1776 3606 atque
1807 3539 1922 3607 spi-

2029 3363 2476 3427 συνεξακούεται.
2514 3367 2848 3438 Ἐνεφύσησε
2877 3367 2988 3436 γὰρ
3016 3367 3118 3420 καὶ⁵
3167 3361 3318 3419 εἶπεν
3369 3364 3549 3425 αὐτοῖς
3575 3379 3596 3394 ο

2027 3454 2250 3509 Λάϐετε
2283 3457 2523 3525 Πνεῦμα
2549 3459 2724 3527 ἅγιον
2745 3477 2760 3491 ο
2791 3460 3021 3530 δύναμις
3051 3461 3132 3525 δὲ,
3157 3461 3193 3528 ἠ
3219 3457 3306 3510 διὰ
3329 3457 3438 3509 τῶν
3472 3457 3596 3508 tm-

2026 3541 2183 3594 τελου
2195 3544 2377 3612 μένων
2412 3563 2478 3615 ση
2488 3563 2552 3614 με
2562 3547 2676 3602 ἔων.

345 3609 456 3664 ritu
491 3613 606 3670 oris
627 3617 746 3685 ejus
800 3620 980 3674 omnis
1004 3621 1183 3676 virtus
1207 3639 1395 3678 eorum
1423 3626 1656 3680 exstitit.
1696 3627 1753 3681 ld
1785 3629 1928 3683 enim
1971 3609 2320 3690 subauditur.
2355 3609 2655 3692 lnsnlilavit
2688 3640 2858 3699 statim.
2882 3648 2936 3694 et
2970 3639 3107 3694 dixit
3141 3657 3155 3694 :
3197 3639 3437 3708 Accipite
3475 3633 3600 3705 Spi-

343 3710 506 3763 ritum
539 3722 782 3766 sanctum
811 3713 876 3766 ‘3.
916 3715 1387 3785 Potentiaautem,
1415 3737 1535 3791 quae
1557 3722 1901 3780 manifestata
1941 3737 2024 3781 est
2046 3744 2142 3799 per
2171 3732 2324 3802 signa
2361 3743 2524 3802 atque
2550 3735 2814 3806 prodigia.
2840 3752 2962 3805 quae
2995 3743 3366 3806 patrarentur.

414 3803 580 3861 Vens.
618 3807 670 3861 ’1.
701 3807 1036 3880 Cungregans
1083 3815 1240 3883 quasi
1279 3825 1449 3870 utrem
1505 3835 1672 3888 aqua:
1723 3820 1909 3874 maris.

345 3895 809 3970 Subiutelltgenda
829 3912 912 3957 est
948 3908 1258 3975 praepositio
1290 3909 1364 3973 in,
1398 3919 1460 3964 ut
1490 3911 1561 3965 sit
1592 3912 1913 3982 ordo,quod

341 4003 638 4062 congregat
677 3997 832 4064 quasi
853 3997 908 4050 in
928 4008 1128 4055 utram.
1157 4000 1488 4072 Cungt‘egat,
1518 4003 1721 4072 inquit,
1747 4019 1916 4074 aquas

341 4090 510 4144 maris
544 4091 601 4144 in
638 4099 800 4148 terra:
826 4097 1224 4165 concavitates,
1261 4100 1416 4167 quasi
1462 4101 1516 4153 in
1566 4109 1766 4156 utrem.
1814 4100 1914 4157 Vel

339 4180 497 4235 aliter
531 4199 544 4235 :
579 4182 882 4255 Cougregat
916 4203 1088 4256 aquas
1117 4193 1286 4244 maris
1310 4231 1322 4254 ,
1355 4193 1511 4261 quasi
1569 4203 1780 4258 utrem,
1813 4194 1916 4248 hoc

339 4282 441 4332 est,
476 4273 649 4327 instar
683 4277 843 4341 utris,
875 4285 1150 4334 tumentes
1185 4281 1444 4336 nimirum
1483 4297 1593 4338 non
1645 4297 1804 4340 secus
1835 4295 1920 4340 at-

339 4379 446 4433 que
481 4375 620 4425 uter.
653 4377 939 4421 ventorum
970 4370 1046 4430 vi,
1076 4380 1133 4424 et
1156 4373 1273 4440 pari
1309 4375 1471 4428 modo
1497 4375 1784 4441 remissas,
1805 4391 1921 4432 ces-

340 4460 592 4515 santibus
626 4461 824 4516 ventis.
860 4459 957 4516 Vel
982 4477 1078 4530 per
1103 4472 1302 4526 utrem,
1337 4465 1616 4521 humorem
1649 4469 1915 4537 intelligit,

339 4551 434 4618 qui
487 4553 546 4604 in
587 4560 707 4606 utre
756 4552 1112 4617 continetur,
1168 4569 1197 4606 a
1245 4554 1558 4611 continente
1597 4569 1914 4614 contentum

2093 3827 2400 3897 Συνάγων,
2430 3830 2573 3883 ὡσεὶ
2608 3831 2824 3894 ἀσκὸν,
2857 3831 3044 3884 ῦὸατίι
3075 3827 3416 3894 θαλάσσης.
3473 3823 3598 3879 Δεί-

2024 3933 2116 3968 πει
2144 3917 2204 3969 τὸ
2243 3921 2348 3984 εἰς,
2406 3921 2471 3972 ἵν’
2498 3916 2554 3992 ᾗ,
2590 3921 2666 3986 ὠς
2706 3924 2792 3986 εις
2820 3922 3034 3976 ἀσκόν.
3066 3921 3343 3987 Συνὰγων,
3408 3917 3593 3986 φησιν,

1971 4011 1974 4014 ’
2020 4006 2141 4074 ἦτοι
2177 4008 2256 4070 εἰς
2311 4009 2380 4060 τὰ
2424 4010 2743 4080 κοιλώματα
2787 4012 2886 4081 τῆς
2916 4015 3044 4081 γῆς,
3069 4010 3145 4074 ὡς
3184 4011 3265 4073 εἰς
3316 4009 3484 4062 ἀσκδν
3524 4006 3595 4060 τὰ

2020 4098 2192 4152 ὕδατα
2232 4102 2328 4169 τῆς
2366 4101 2716 4174 Θαλάσσης,ῆ
2750 4103 2884 4156 ὡσεὶ
2911 4103 3101 4169 ἀσκὸν,
3139 4105 3260 4160 ἀντὶ
3290 4101 3406 4162 τοῦ,
3437 4099 3595 4168 δίκην

2018 4192 2214 4259 ἀσκοῦ,
2269 4195 2620 4266 ὲξοιδούμενα
2653 4200 2751 4268 μὲν
2780 4201 2844 4268 τῇ
2877 4197 2964 4269 βία
2981 4198 3076 4252 τοῦ
3095 4197 3299 4268 ἀνέμου
3319 4231 3338 4262 ,›
3369 4193 3593 4249 συστελ-

2017 4282 2221 4353 λόμενα
2272 4287 2328 4340 δὲ
2379 4291 2448 4359 τῇ
2514 4289 2772 4360 ἀπουσίᾳ.
2810 4291 2880 4343 Ἢ
2925 4289 3093 4344 ἀσκὸν
3129 4288 3278 4357 λέγει
3302 4288 3364 4341 τὸ
3414 4290 3472 4341 ὲν
3517 4284 3594 4357 τῷ

2017 4373 2173 4445 ἀσκῷ
2214 4376 2403 4447 ὑγρὸν,
2445 4380 2511 4432 ἐκ
2543 4380 2638 4433 τοῦ
2669 4380 3020 4450 περιέχοντος
3063 4379 3124 4433 τὸ
3161 4379 3549 4449 περιεχόμενον
3572 4393 3588 4408 ο

2017 4459 2129 4518 οἷον
2184 4470 2433 4536 συνάγων
2481 4470 2551 4524 τὰ
2636 4470 2808 4525 ὕδατα
2843 4474 2944 4542 τῆς
2983 4471 3281 4541 θαλάσσης,
3333 4470 3410 4534 ὡς
3447 4470 3509 4524 τὸ
3534 4470 3594 4522 ὲν

2017 4557 2177 4628 ἀσκῷ
2212 4561 2500 4630 συνῆκται,
2545 4564 2912 4634 κατεχόμενα,
2941 4564 3038 4616 καὶ
3067 4563 3140 4634 μὴ
3191 4561 3594 4632 σκεδαννύμενα

338 4638 521 4706 ipsum
550 4640 886 4708 signiﬁcans,
925 4651 983 4695 ut
1009 4643 1081 4698 sit
1109 4657 1343 4702 sensus:
1371 4642 1723 4716 Cungregans
1743 4662 1913 4717 aquas

2023 4652 2164 4706 κατὰ
2191 4654 2286 4724 τῆς
2312 4658 2415 4725 γῆς
2440 4656 2517 4727 τῷ
2542 4629 2925 4728 προστάγματι
2943 4629 3262 4721 σουίκαθὼς
3283 4629 3524 4727 ἐκείνου
3542 4655 3590 4725 l)

337 4731 529 4795 maris,
558 4747 624 4786 eo
651 4733 814 4788 modo
839 4749 948 4803 quo
979 4735 1177 4789 humor
1213 4735 1409 4805 aliquis
1439 4737 1491 4790 in
1518 4745 1637 4793 utre
1664 4741 1914 4796 contine-

337 4831 445 4877 tur.
479 4823 842 4880 Cominentur
879 4827 1080 4882 ctenim
1145 4829 1198 4882 in
1241 4829 1439 4898 seipsis
1493 4844 1649 4900 aquae
1699 4833 1870 4890 maris
1896 4876 1910 4900 ,

336 4917 597 4970 mandato
630 4916 746 4983 Dei,
782 4935 880 4973 nec
913 4921 1305 4991 d:sperguntur
1335 4922 1386 4976 in
1420 4932 1617 4976 terram
1647 4963 1662 4987 ,
1697 4940 1804 4979 non
1832 4942 1915 4981 se-

333 5022 433 5063 cus
460 5017 625 5079 atque
657 5011 853 5067 humor
878 5009 991 5070 ille.
1024 5015 1117 5084 qui
1139 5014 1292 5085 quasi
1325 5014 1559 5070 vinculis
1593 5017 1919 5086 quibusdam

2023 4747 2102 4814 τῷ
2151 4746 2361 4817 δεσμῷ.
2417 4749 2576 4811 Τινὲς
2610 4749 2666 4803 δὲ
2697 4749 2968 4818 λέγουσιν,
3005 4752 3087 4804 ὅτι
3147 4750 3278 4821 περὶ
3321 4748 3431 4802 τῶν
3482 4747 3592 4802 ἀπὸ

2023 4837 2300 4906 θαλάσσης
2350 4839 2542 4907 ἀτμῶν
2585 4843 2612 4894 ὁ
2633 4842 2810 4910 λόγος,
2838 4842 2889 4895 οἳ
2917 4843 3059 4895 κατὰ
3097 4842 3290 4912 μικρὸν
3319 4838 3589 4908 ἀναφερό-

2026 4943 2200 4996 μενοι,
2253 4929 2623 4997 συνίστανται,
2682 4932 2778 4985 καὶ
2812 4933 3172 5003 παχύνονται,
3205 4928 3362 5001 δίκην
3391 4929 3589 4995 ἀσκοῦ,

2015 5021 2110 5072 καὶ
2139 5020 2361 5088 νεφέλαι
2395 5021 2662 5090 γίνονται.

331 5108 386 5162 iu
419 5115 542 5162 utre
567 5109 903 5164 continetur.
937 5109 1165 5177 Quidam
1195 5112 1357 5165 etiam
1395 5111 1626 5179 dicunt,
1659 5114 1986 5184 Propbetam
2027 5115 2117 5168 bic
2148 5117 2213 5168 de
2284 5117 2349 5171 iis
2427 5117 2570 5187 loqui
2647 5121 2973 5189 vaporibus,
3014 5119 3105 5190 qui
3191 5125 3521 5190 generantur
3559 5131 3592 5172 ο

332 5202 490 5265 mari,
521 5211 575 5257 et
606 5202 864 5272 paulatim
899 5202 1204 5258 circumlati
1229 5204 1283 5258 in
1315 5218 1439 5260 aere
1470 5205 1805 5269 consistunt,
1845 5217 1898 5261 et
1940 5208 2079 5262 utris
2111 5208 2288 5261 instar
2325 5212 2736 5265 condensantur
2767 5222 2820 5266 et
2852 5211 2987 5266 liunt
3012 5213 3064 5266 in
3097 5211 3318 5267 nubem.

398 5294 610 5350 Patiens
627 5298 682 5350 in
713 5297 975 5353 thesauris
999 5299 1237 5370 abyssos.
1261 5299 1503 5370 Abyssus
1523 5301 1722 5355 dicitur
1744 5317 1911 5370 aqua-

248 5402 254 5412 '
330 5402 450 5440 rum
484 5389 836 5457 profundum.
864 5389 960 5445 Est
984 5399 1165 5446 autem
1200 5392 1386 5446 Graeca
1417 5392 1588 5447 dictio
1614 5435 1626 5458 ,
1660 5392 1906 5461 abyssus,

327 5490 376 5532 et
416 5478 576 5550 juxta
610 5485 1265 5566 nominis:etymologiam
1299 5487 1379 5542 sic
1409 5487 1553 5542 dicta
1598 5487 1755 5557 quasi
1806 5487 1908 5540 im-

399 5657 442 5688 "
467 5657 629 5711 Joan.
684 5677 722 5724 ι,
751 5662 808 5715 5.
887 5662 932 5694 ⁸⁸
955 5663 1114 5720 Joan.
1141 5679 1231 5729 xx,
1255 5661 1348 5718 22.

2096 5306 2281 5373 Τιθεὶς
2323 5309 2393 5360 ἐν
2445 5310 2774 5380 θησαιιοοῖς
2809 5312 3139 5377 ἀϐύσσους.
3181 5339 3248 5350 --
3281 5310 3593 5374 Ἀϐυσσος

2018 5396 2236 5464 λέγεται
2261 5399 2322 5452 τὸ
2359 5400 2521 5469 βάθος
2552 5403 2650 5470 τῆς
2679 5402 2978 5471 Θαλάσσης,
3009 5405 3089 5466 εἰς
3119 5401 3146 5454 ὂ
3170 5402 3230 5455 ού
3260 5399 3450 5471 βύεταί
3481 5416 3586 5461 τις.

2015 5490 2295 5562 Θησαυροὶ
2340 5491 2396 5546 δὲ
2446 5493 2719 5560 ἀϐύσσων,
2763 5495 2811 5549 oi
2858 5494 3051 5549 κόλποι
3089 5496 3188 5564 τῆς
3223 5491 3351 5563 γῆς,
3391 5490 3483 5560 ἀφ’
3511 5481 3588 5542 ὧν

1687 5755 1890 5819 Variae
1923 5756 2252 5824 lectiones.

397 5853 444 5923 (l
465 5853 507 5925 I)
534 5855 619 5909 ΑΙ.
652 5856 864 5930 ἐκείνῳ.
