4054 6210
401 295 500 380 διε

1476 373 1492 386 ς
1553 311 1950 385 COMMENT.
1989 321 2072 383 IN
2095 315 2457 385 PSAIMOS.

3555 331 3665 397 37L

400 433 735 491 ἂναδίδονται
777 433 974 506 πηγαὶ,
1031 434 1126 489 καὶ
1159 435 1346 507 ῥέουσι
1380 439 1638 508 ποταμοί.
1670 439 1741 491 Ἢ
1770 437 1975 508 θησαυ-

2092 437 2344 507 possibile
2375 439 2445 495 sit
2472 445 2531 492 ut
2571 438 2623 494 in
2660 438 2792 494 illud
2827 438 3156 510 profundum
3184 443 3306 514 quis
3338 445 3663 506 descendat.

405 531 507 601 "poi,
557 531 584 582 6
631 529 819 583 ἐπάνω
873 529 968 583 τοῦ
1023 529 1415 600 στερεώματος
1459 523 1646 596 τύπος,
1688 521 1863 599 έφ⁹οὖ
1905 527 1975 581 τὰ

399 627 569 696 ἡμίση
608 625 719 680 τῶν
755 626 965 681 ὑδάτων
1009 629 1290 698 καταρχὰς
1324 629 1351 681 6
1378 609 1508 692 Θεὸς
1540 627 1730 681 ἔθετοο
1766 619 1976 696 θησαυ-

402 711 482 790 poi
523 717 604 783 δὲ,
644 704 734 772 διὰ
783 718 845 773 τὸ
896 713 1141 790 δαψιλές,
1169 722 1265 774 καλ⁵
1296 722 1357 775 τὸ
1388 721 1800 794 κεκρυμμένον,
1833 719 1980 771 κατᾶ

397 813 587 883 χρείαν
619 809 975 883 ἀνοιγόμενον
1027 814 1120 868 καὶ
1155 811 1501 885 κλειόμενον·
1533 815 1707 870 ταῦτα
1730 815 1840 886 γὰρ
1872 814 1979 868 ἴδια

2082 529 2418 600 Ahysso‘rum
2469 539 2650 587 autem
2705 532 2948 590 theSauri
2994 544 3123 590 sunt
3180 537 3336 592 sinus
3383 547 3588 606 terrm,
3636 558 3667 596 e

2083 621 2283 692 quibus
2319 623 2497 678 [ciues
2553 626 2881 694 proveniunt
2917 635 2970 681 et
3001 625 3248 685 ﬁumina.
3277 620 3374 685 Vel
3421 647 3516 702 per
3548 633 3666 689 tlie-
3729 675 3743 697 ,

2087 719 2281 794 saturos
2347 717 2524 773 locum
2586 718 2832 791 intellige
2877 737 3044 791 supra
3087 722 3491 779 ﬁrmamentum
3519 769 3535 793 ,
3579 725 3672 782 ubi

2088 807 2585 881 Deusaprincipio
2611 827 2876 882 aquarum
2930 814 3219 869 dimidium
3276 818 3499 885 posuit:
3553 817 3672 872 tlte-

400 901 702 975 θησαυροῦ,
742 904 888 973 Ἐγὼ
923 906 980 960 δὲ
1014 907 1075 958 τὸ
1114 907 1280 978 ῥητὸν
1340 910 1437 962 καὶ
1487 893 1602 970 τοῖς
1660 905 1984 967 ἀποστόλοις

2092 890 2282 956 Sauros
2310 910 2489 956 autem
2520 917 2644 957 cum
2677 897 2857 959 locum
2881 903 3291 976 appellavit,vcl
3316 918 3535 978 propter
3557 911 3674 966 loc-.i

398 997 788 1067 προσαρμόζει),
831 999 880 1052 οἳ
933 997 1200 1069 θησαυροὶ
1234 1003 1326 1054 καὶ
1377 1000 1620 1069 φύλακες
1647 999 1756 1052 τῶν
1808 982 1980 1052 ἀϐύσ-

2092 991 2520 1062 am‘plitudinem,
2563 995 2646 1050 vel
2676 996 2804 1067 quia
2840 992 2970 1052 latet
3032 1009 3084 1053 et
3113 1001 3361 1056 occultus
3397 1011 3501 1070 est,
3531 1011 3676 1056 tam-

397 1107 526 1151 σων,
559 1090 677 1160 ἦτοι
717 1092 824 1144 τῶν
861 1089 1182 1161 βαθυτάτων
1215 1095 1537 1164 μυστηρίων
1580 1095 1683 1163 τῆς
1735 1091 1979 1153 πίστεως

2092 1085 2182 1139 etsi
2223 1096 2532 1154 opportuno
2561 1097 2805 1159 tempore
2845 1092 3124 1161 aperiatur
3159 1091 3324 1148 etiam
3369 1095 3416 1163 a2
3443 1095 3551 1150 Deo
3575 1135 3590 1156 .
3624 1109 3677 1152 et

400 1183 672 1252 ἐγένοντο,
738 1203 741 1207 -
2077 1167 2389 1234 claudatur.
2429 1178 2756 1250 Huiusmodi
2789 1185 2931 1238 enim
2963 1194 3092 1240 sunt
3123 1185 3366 1242 thesauri
3395 1181 3672 1259 ‘proprie-

398 1286 552 1330 tates.
590 1271 704 1344 Ego
767 1292 894 1329 vero
943 1276 1086 1330 hunc
1127 1277 1462 1333 versiculum
1512 1287 1647 1348 puto
1697 1272 1964 1346 apostolis
2003 1283 2333 1335 congruere.
2371 1271 2463 1339 qui
2497 1268 2742 1328 thesauri
2779 1271 3022 1340 fuerunt,
3097 1275 3357 1332 custodes
3418 1278 3677 1332 nimirmn

391 1377 448 1423 et
485 1377 901 1424 conservatores
934 1369 1283 1440 abyssorum,
1319 1371 1423 1424 hoc
1451 1379 1559 1434 est,
1595 1365 2159 1441 profundissimorum
2191 1360 2341 1416 ﬁdei.

468 1459 774 1526 Φοϐήθητε
805 1459 912 1512 τὸν
951 1461 1194 1528 Κύριον,
1227 1459 1398 1515 πᾶσα
1426 1461 1463 1529 ἦ
1494 1457 1590 1530 γῆ.
1634 1458 1746 1531 Γῆν
1775 1459 1974 1536 πολλάέ

403 1569 488 1614 ut;
523 1552 680 1610 καλεῖ
707 1551 834 1616 τοὺς
860 1552 1210 1640 ἀνθρώπους,
1234 1550 1311 1618 ὡς
1339 1554 1436 1609 καὶ
1466 1554 1585 1619 νῦν,
1610 1554 1644 1626 ἢ
1667 1551 1758 1608 διὰ
1782 1552 1844 1606 τὸ
1869 1551 1978 1606 ἀπὸ

402 1643 502 1712 γῆς
536 1642 874 1710 πεπλάσθαι,
901 1643 933 1714 ἢ
961 1644 1050 1698 διὰ
1082 1646 1143 1699 τὸ
1166 1647 1259 1700 ἐπὶ
1291 1649 1396 1719 γῆς
1416 1648 1607 1702 οἰκεῖν.
1638 1643 1979 1718 Παραδείξας

400 1735 507 1805 γὰρ
534 1735 643 1789 ἀπὸ
667 1735 770 1805 τῆς
801 1737 1208 1809 μεγαλουργίας
1236 1739 1344 1792 τῶν
1381 1739 1697 1810 κτισμάτων
1739 1738 1838 1809 τὴν
1884 1736 1978 1791 τοῦ
2020 1732 2030 1741 ’

2156 1451 2323 1508 Vsus.
2354 1454 2410 1508 8.
2443 1451 2644 1510 Timete
2673 1455 2978 1522 Dominum,
3014 1458 3184 1512 omnis
3230 1469 3394 1514 terra.
3451 1459 3679 1517 Terram

2085 1561 2484 1616 saepenumero,
2527 1559 2586 1602 ut
2622 1565 2788 1616 nunc,
2827 1549 3078 1606 homines
3125 1565 3303 1619 vocat,
3345 1555 3436 1608 vel
3465 1554 3589 1624 quia
3614 1554 3682 1632 de

2087 1633 2230 1694 terra
2259 1638 2514 1710 plasmati
2547 1650 2712 1708 sunt,
2746 1643 2865 1708 vel,
2920 1641 3046 1713 quia
3098 1644 3347 1698 habitant
3401 1645 3455 1700 in
3512 1654 3679 1699 terra.

2086 1713 2223 1786 Nam
2255 1747 2380 1787 cum
2445 1747 2475 1785 a
2522 1744 2903 1790 creaturarum
2959 1733 3367 1804 magniﬁcentia
3401 1733 3681 1791 Creatoris

400 1827 687 1891 κτίσαντος
715 1828 971 1899 δύναμιν,
1008 1831 1201 1885 τοῦτον
1252 1831 1560 1903 φοϐηθῆναι
1590 1832 1687 1887 καὶ
1727 1831 1981 1885 σέϐεσθαι

2093 1823 2394 1894 potentiam
2433 1821 2759 1891 ostenderit,
2789 1824 2934 1895 quod
2964 1825 3239 1897 reliquum
3274 1836 3381 1891 est,
3419 1827 3683 1881 admonet

397 1918 793 1992 προτρέπεται,
821 1920 897 1985 ὡς
936 1924 1098 1992 μόνον
1129 1922 1284 1979 Θεόν.
1320 1924 1390 1977 Ἦ
1415 1923 1522 1993 γῆν
1560 1923 1711 1992 λέγει
1731 1922 1826 1976 νῦν
1856 1921 1982 1984 τοὺς

401 2011 655 2080 μόνοντὰ
694 2012 870 2083 γεώδη
907 2013 1274 2084 φρονοῦντας’
1313 2016 1432 2070 ἐστι
1464 2016 1576 2088 γὰρ
1613 2015 1705 2069 καὶ
1755 2013 1982 2084 τοιαύτη

400 2105 655 2174 σημασία
704 2107 977 2176 πολλαχοῦ
1028 2108 1127 2178 τῆς
1155 2109 1403 2178 Γραφῆς
1440 2107 1536 2171 οὓς
1565 2106 1781 2162 κελεύει
1813 2104 1984 2176 φοϐη-

399 2196 562 2266 θῆναι
594 2196 688 2250 τὸν
718 2197 872 2264 Θεὸν,
901 2200 994 2252 καὶ
1029 2198 1265 2268 φυλάξαι
1299 2199 1400 2264 τὰς
1429 2189 1653 2264 ἐντολὰς
1694 2193 1886 2253 αὑτοῦ.

481 2373 612 2429 Ἀπ’
649 2375 841 2431 αὐτοῦ
885 2375 954 2430 δὲ
981 2361 1467 2448 σαλευθήτωσαν
1507 2379 1731 2446 πάντες
1760 2383 1816 2435 οἱ
1845 2397 1986 2434 κατ-

391 2465 712 2534 οικοῦντες
761 2467 879 2536 τὴν
927 2470 1320 2540 οἰκουμένην.
1373 2471 1509 2526 Ἀπὸ
1562 2471 1619 2524 δὲ
1667 2472 1762 2526 τοῦ
1814 2471 1982 2542 φόϐου

392 2557 569 2612 αὑτοῦ
621 2559 1055 2631 τρομαξάτωσαν
1087 2563 1136 2615 oi
1188 2561 1492 2634 ἄνθρωποι,
1528 2563 1612 2617 ὅτι
1666 2563 1844 2633 μέγας
1891 2563 1986 2617 καὶ

395 2648 638 2720 φοόερός
686 2651 858 2704 ἐστιν.
904 2652 964 2705 '0
1003 2653 1061 2706 δὲ
1120 2653 1298 2724 μέγας
1340 2653 1624 2716 Βασίλειο;
1657 2655 1830 2718 ἄλλως
1869 2653 1986 2708 ἐδέ-

392 2739 528 2806 ξατο
561 2741 624 2793 τὸ
659 2743 850 2812 ῥητόν⁸
886 2744 946 2796 τὸ
981 2745 1080 2813 μὲν
1133 2745 1244 2816 γὰρ
1300 2747 1402 2800 ἀπ’
1431 2745 1648 2811 αὑτοῦ,
1695 2745 1772 2810 ὡς
1823 2747 1986 2810 αὐτὸς

392 2833 651 2902 βούλεται
670 2849 684 2864 ⁸
717 2833 776 2887 τὸ
799 2835 854 2887 δὲ
885 2835 1391 2903 σαλευθήτωσαν,
1421 2838 1544 2893 ἀντὶ
1573 2835 1987 2904 τοῦ’,κινείσθωο

392 2942 522 2980 σαν.
586 2920 732 2980 Οἷονο
772 2928 958 2982 Ἔστω
1007 2929 1221 2992 τούτοις
1257 2931 1352 2984 καὶ
1385 2930 1456 2983 τὰ
1483 2931 1774 2999 σωματικὰ
1799 2931 1896 2987 καὶ
1919 2933 1988 2986 τὰ

390 3019 606 3088 ψυχικὰ
641 3021 919 3090 κινήματα
971 3023 1113 3077 κατὰ
1147 3023 1302 3086 Θεὸν,
1333 3023 1429 3077 τοῦ
1480 3024 1624 3077 θείου
1673 3025 1840 3094 φόϐου
1869 3025 1988 3096 ὲχό-

393 3127 560 3179 μενα.
612 3111 754 3180 Ἐγὼ
776 3113 832 3166 δὲ
858 3114 952 3166 καὶ
982 3115 1063 3180 είς
1095 3115 1261 3186 αὑτὸν
1294 3115 1585 3189 [Χριστὸν]
1607 3116 1902 3187 ἐκδέχομαι
1928 3117 1988 3168 τὸ

2086 1916 2390 1972 timendum
2420 1933 2544 1972 eum
2581 1932 2706 1973 esse
2765 1928 2818 1974 et
2855 1919 3226 1989 venerandum
3257 1960 3272 1984 ,
3309 1919 3467 1989 quasi
3503 1921 3677 1974 solum

2084 2009 2276 2064 Deum.
2314 2007 2404 2062 Vel
2432 2005 2529 2078 per
2558 2010 2787 2075 terram,
2830 2007 2980 2065 nunc
3007 2009 3103 2063 eos
3139 2001 3294 2076 dicit,
3327 2009 3420 2079 qui
3459 2019 3679 2064 terrena

2086 2101 2302 2156 tantum
2337 2101 2606 2171 cogitant,
2644 2116 2784 2170 quos
2814 2101 2968 2171 jubet
2998 2111 3056 2155 ut
3091 2101 3323 2158 timeant
3360 2091 3527 2157 Deum
3560 2119 3679 2158 svr-

2085 2202 2324 2263 ventque
2356 2193 2475 2262 ejus
2507 2189 2785 2248 mandata.
2813 2191 2916 2248 ista
2947 2191 3092 2249 enim
3123 2191 3536 2265 signiﬁcariper
3570 2203 3682 2249 ter-

2087 2303 2202 2340 ram
2237 2301 2382 2353 saepe
2410 2283 2552 2354 apud
2587 2281 2929 2356 Scri’pturam
2961 2285 3302 2342 invenimus.

2159 2365 2238 2431 Alt
2259 2394 2318 2450 eo
2347 2377 2524 2431 autem
2552 2375 2976 2432 commoveantur
3022 2395 3202 2432 omnes
3246 2379 3552 2434 habitantes
3591 2396 3678 2433 or-

2089 2470 2224 2525 bem.
2274 2461 2393 2525 Prae
2415 2470 2612 2526 timore
2660 2471 2803 2543 ejus,
2839 2471 3058 2541 inquit,
3113 2480 3350 2526 tremant
3393 2472 3667 2537 homines,

2087 2563 2346 2633 quoniam
2378 2578 2612 2632 magnus
2644 2571 2729 2618 est
2763 2573 2817 2618 et
2866 2565 3154 2619 terribilis.
3205 2552 3434 2634 Magnus
3489 2577 3674 2620 autem

2091 2641 2326 2714 Basilius
2356 2658 2691 2712 versiculum
2729 2657 2874 2712 hunc
2901 2657 3064 2714 aliter
3105 2658 3396 2714 intellexit.
3419 2641 3682 2712 Habitan-

2088 2758 2170 2806 tes
2198 2749 2408 2814 orbem,
2441 2748 2636 2819 inquit,
2667 2759 3120 2804 commoveantur
3151 2750 3220 2802 ab
3252 2764 3318 2804 eo
3349 2789 3367 2816 ,
3422 2749 3523 2805 lioc
3571 2759 3678 2810 est.

2089 2851 2445 2906 moveantur,
2497 2839 2965 2911 quemadmodum
2998 2841 3118 2908 ipse
3149 2840 3292 2894 Deus
3324 2841 3470 2907 vult;
3513 2849 3570 2894 ut
3611 2841 3682 2894 sit

2090 2948 2307 2997 sensus,
2328 2933 2650 3001 Proplietam
2675 2932 2912 3002 precari.
2936 2941 2993 2986 ut
3016 2932 3276 2986 omnibus
3293 2932 3676 2987 habitantibus

2089 3023 2300 3089 orbem,
2329 3024 2580 3094 corporis
2601 3032 2766 3092 atque
2791 3023 2987 3077 anim're
3004 3032 3205 3086 motus,
3227 3022 3337 3077 sint
3362 3022 3678 3077 secundum

2093 3116 2283 3182 Deum,
2313 3123 2366 3171 et
2389 3132 2418 3171 a
2451 3116 2640 3171 divino
2671 3116 2870 3169 timore
2897 3101 3231 3184 dirigantur.
3262 3111 3372 3184 Ego
3395 3129 3525 3169 vero
3552 3122 3683 3183 puto

393 3202 597 3271 ῥητόν
620 3203 730 3258 ἀπὸ
754 3206 863 3277 γὰρ
893 3207 1004 3260 τῶν
1041 3205 1217 3274 λόγων
1273 3209 1369 3262 καὶ
1417 3208 1599 3279 ἔργων
1647 3209 1816 3262 αὐτοῦ
1849 3210 1988 3262 ἐσεί-

2097 3209 2201 3262 hoc
2233 3208 2301 3263 de
2336 3207 2558 3262 Clu-isto
2585 3207 2792 3288 dictum
2827 3197 2951 3266 esse
2975 3248 2990 3273 ,
3047 3221 3076 3260 a
3121 3207 3280 3278 cujus
3337 3205 3596 3275 operibus
3631 3216 3684 3259 et

393 3294 611 3362 σθησαν
637 3294 875 3357 πάντεςο
913 3297 962 3349 oi
998 3296 1119 3368 μὲν,
1150 3298 1480 3367 μεταθέντες
1519 3300 1594 3362 εἰς
1639 3300 1741 3371 τὴν
1768 3300 1984 3354 πίστινο

389 3387 438 3439 oi
465 3386 553 3451 δὲ,
586 3389 976 3459 ταραχθέντες.

465 3480 605 3533 Ὅτι
648 3481 833 3546 αὐτὸς
865 3479 1015 3550 εἶπε,
1067 3485 1164 3540 καὶ
1222 3485 1628 3552 ἐγενήθησαν.
1671 3486 1778 3541 Τοῦ
1814 3487 1983 3556 φόϐου

394 3566 451 3618 τὸ
477 3565 711 3635 εὔλογον
743 3569 1077 3640 παρίστησιν
1130 3573 1156 3624 6
1198 3570 1356 3640 λόγος
1377 3589 1390 3603 ο
1419 3571 1596 3638 Αὐτὸς
1627 3575 1757 3646 γὰρ,
1793 3577 1981 3647 φησιν,

397 3661 424 3711 6
450 3658 664 3712 τούτων
697 3658 1032 3730 δημιουργός
1052 3678 1066 3693 ο
1118 3657 1274 3716 εἶπεν
1305 3662 1415 3733 γάρ
1437 3678 1450 3693 '
1504 3665 1804 3738 Γενηθήτω
1835 3667 1981 3732 τόδε,

397 3751 486 3804 καὶ
515 3751 714 3820 γέγονε
741 3753 1081 3822 παραυτίκα.

457 3841 655 3906 Αὐτὸς
687 3841 1050 3907 ἐνετείλατο,
1087 3845 1185 3899 καὶ
1215 3847 1612 3915 ἐκτίσθησαν.
1650 3849 1745 3903 Ἐκ
1780 3850 1990 3917 παραλ-

395 3932 564 4002 λήλου
598 3934 660 4015 τὸ
683 3934 848 3988 αὑτό·
936 3937 1017 4001 τὸ,
1041 3937 1407 4007 ἐνετείλατο,
1443 3942 1838 4012 σαφηνιστικόν
1863 3931 1984 3998 ’ἐστι

394 4019 514 4091 τοῦ,
548 4022 740 4082 εἶπεν.
781 4029 855 4082 Οὐ
884 4029 991 4100 γὰρ
1021 4031 1211 4096 ἁπλῶς
1241 4029 1416 4100 εἶπεν,
1449 4035 1588 4088 ἀλλά
1627 4038 1981 4107 προσέταξεν,

395 4119 468 4183 ὡς
499 4118 951 4193 παντοδύναμος·
984 4125 1016 4193 ἢ
1073 4125 1134 4178 τὸ
1191 4126 1322 4195 μὲν,
1372 4123 1523 4182 Eine
1560 4128 1659 4182 καὶ
1697 4130 1985 4200 ἐγενήθη-

395 4228 541 4278 σαν,
571 4213 805 4266 τακτέον
830 4215 923 4268 ἐπὶ
947 4215 1044 4285 τῆς
1074 4217 1264 4281 ἁπλῶς
1298 4218 1666 4290 δημιουργίας
1722 4221 1832 4276 τῶν
1888 4225 1985 4276 ἀν-

396 4301 668 4369 θρώπων·
694 4305 754 4357 τὸ
784 4306 841 4359 δὲ
860 4347 874 4369 ,
920 4307 1298 4363 Ἐνετείλατο
1333 4311 1430 4364 καὶ
1459 4311 1856 4385 ἐκτίσθησαν,
1890 4315 1984 4368 ἐπὶ

395 4395 492 4464 τῆς
524 4395 618 4450 διὰ
667 4396 762 4450 τοῦ
793 4397 1154 4469 κηρύγματος
1187 4400 1603 4473 ἀναγεννήσεως
1631 4420 1644 4435 ’
1679 4395 1986 4459 ἐνετείλατο

397 4489 506 4560 γὰρ
538 4492 656 4552 τοῖς
687 4490 1032 4558 ἀποστόλοις,
1085 4493 1168 4547 ὅτι
1225 4495 1649 4563 Πορευθέντες,
1682 4500 1982 4566 μαθητεύ-

398 4556 553 4638 σατε
607 4582 806 4638 πάντα
846 4583 917 4639 τὰ
971 4556 1141 4653 ἔθνη,
1178 4589 1276 4640 καὶ
1307 4556 1380 4640 τὰ
1426 4556 1740 4658 έξῆςονὲῡπεὶ
1798 4556 1893 4642 κιαὶ
1936 4590 1987 4644 oi
2021 4556 2063 4610 Β

403 4673 612 4740 πιστοὶ,
643 4673 808 4746 καινὴ
845 4674 1023 4740 κτίσις
1059 4674 1413 4744 ὀνομάζεται.

473 4943 690 5013 Κύριος
719 4938 1093 5004 διασκεδάζει
1133 4943 1374 5008 ,ϐουλὰς
1407 4941 1602 4997 ἐθνῶν
1621 4962 1636 4977 σ
1669 4945 1871 5001 ἀθετεῖ
1921 4948 1991 5002 δὲ

405 5034 741 5106 λογισμοὺς
768 5035 957 5101 λαῶν,
991 5034 1090 5090 καὶ
1119 5033 1323 5090 ἀθετεῖ
1362 5034 1603 5102 ,βουλὰς
1655 5036 1986 5105 ἀρχόντων.

409 5125 692 5196 Διαφόρως
726 5128 822 5179 καὶ
854 5125 1028 5180 ταῦτα
1045 5127 1289 5194 νοητέον,
1323 5124 1415 5178 ὲπί
1449 5143 1510 5179 τε
1542 5125 1654 5179 τῶν
1689 5145 1989 5198 περικεκα-

410 5218 641 5273 θικότων
690 5220 792 5290 τὴν
851 5219 1206 5291 Ἰερουσαλὴμ
1265 5220 1593 5287 Ἀσσυρίων,
1641 5221 1733 5274 έπί
1787 5240 1847 5275 τε
1878 5224 1988 5278 τῶν

414 5311 843 5382 έσταυρωκότων
872 5311 966 5365 τὸν
1009 5311 1238 5382 Κύριον,
1273 5312 1368 5365 καί¹
1397 5311 1492 5364 ἐπὶ
1517 5311 1625 5363 τῶν
1655 5314 1984 5383 τυραννούν-

410 5417 520 5455 των
560 5404 690 5466 τοὺς
730 5403 1064 5466 ἀποστόλους
1111 5405 1208 5457 καὶ
1244 5402 1568 5474 μάρτυρας·
1609 5404 1702 5456 καὶ
1743 5405 1836 5457 ἐπὶ
1887 5407 1987 5474 μὲν

410 5495 520 5547 τῶν
551 5496 872 5569 Ἀσσυρίων,
902 5497 1030 5570 ἔθνη
1051 5497 1201 5568 λέγει
1239 5497 1485 5560 τούτους,
1517 5496 1593 5559 ὼς
1623 5496 1687 5550 ὲκ
1713 5497 1986 5572 διαφόρων
2033 5521 2042 5532 κ

413 5586 578 5644 ἐθνῶν
647 5592 1166 5661 συστρατεύσαντας
1219 5590 1362 5646 κατὰ
1419 5589 1520 5658 τῆς
1580 5588 1984 5664 Ἰερουσαλήμ·

473 5769 522 5801 ⁴⁹
552 5773 741 5830 Matth.
777 5792 971 5847 xxvm,
1006 5775 1102 5831 l9.
1175 5775 1220 5809 ⁵ο
1244 5771 1284 5828 Il
1312 5775 1435 5834 Cor.
1465 5795 1518 5846 ν,
1564 5776 1658 5834 17.

2095 3301 2276 3356 verbis
2301 3315 2495 3356 omnes
2537 3298 2811 3358 commoti,
2833 3307 2964 3354 sunt
2987 3338 3000 3361 ,
3035 3296 3128 3351 alii
3165 3297 3384 3364 quidem
3411 3296 3477 3350 ad
3522 3293 3680 3349 ﬁdem

2093 3395 2313 3456 mutati,
2355 3393 2446 3446 alii
2487 3406 2614 3446 vero
2651 3399 2857 3468 terrore
2887 3405 2950 3444 ac
2989 3390 3404 3458 perturbatione
3443 3386 3652 3443 atl'ecti.

2164 3485 2328 3540 Vens.
2398 3485 2453 3540 9.
2519 3484 2787 3551 Quoniam
2857 3484 2968 3551 ipse
2999 3482 3158 3544 dixit,
3224 3492 3270 3535 et
3331 3483 3479 3552 facta
3536 3487 3680 3534 sunt.

2093 3558 2350 3630 Traditur
2381 3575 2637 3643 hicjusta
2669 3574 2888 3628 timoris
2928 3587 3117 3627 causa.
3180 3570 3299 3640 Ipse
3335 3571 3482 3623 enim
3522 3611 3536 3634 ,
3590 3568 3678 3621 in~

2092 3668 2232 3736 quit,
2260 3667 2503 3722 omnium
2524 3665 2749 3721 Creator
2774 3675 2876 3720 est.
2913 3657 3057 3717 Dixit
3088 3662 3232 3716 enim
3257 3679 3270 3718 :
3294 3659 3415 3715 Fiat
3435 3660 3559 3723 hoc,
3589 3666 3682 3713 aut

2095 3759 2250 3824 illud,
2278 3767 2332 3812 et
2368 3757 2570 3811 factum
2605 3767 2687 3812 est
2725 3756 2942 3812 statim.

2167 3849 2290 3919 Ipse
2315 3849 2586 3904 mandavit
2607 3855 2656 3903 et
2687 3843 2867 3902 creata
2899 3855 3043 3900 sunt.
3081 3837 3228 3900 idem
3266 3839 3381 3900 fere
3435 3845 3538 3900 sibi
3576 3859 3679 3897 vo-

2095 3943 2213 3997 lunt
2245 3944 2357 3996 haec
2387 3941 2571 4006 verba,
2612 3940 2755 4010 quod
2795 3939 3046 4010 proxime
3078 3938 3387 4007 superiora.
3418 3936 3513 3992 Vel
3550 3953 3678 3989 ver.

2093 4033 2550 4100 bum,mandavit,
2564 4031 2872 4102 appositum
2887 4027 3047 4084 estad
3063 4027 3488 4082 declarationem
3507 4027 3680 4092 verbi,

2094 4127 2252 4190 dixit,
2280 4140 2456 4195 neque
2474 4125 2620 4179 enim
2649 4121 2973 4191 simpliciter
2997 4120 3156 4185 dixit,
3181 4119 3276 4175 sed
3302 4119 3467 4186 jussit
3488 4107 3676 4181 etiam,

2093 4220 2250 4292 quasi
2283 4219 2654 4286 omnipotens.
2693 4213 2814 4276 Vel,
2852 4213 3000 4284 quod
3049 4213 3125 4266 ait
3167 4231 3180 4266 :
3233 4209 3406 4276 Dixit,
3437 4219 3485 4264 et
3535 4209 3682 4280 facta

2094 4320 2216 4365 sunt
2244 4352 2258 4373 ,
2288 4311 2350 4363 ad
2385 4311 2556 4379 ipsam
2591 4305 3282 4362 tantummodohominum
3343 4303 3677 4357 creationem

2096 4402 2436 4457 referendum
2467 4407 2573 4456 est.
2619 4398 2776 4466 Quod
2833 4412 2970 4452 vero
2998 4393 3216 4452 subdit:
3266 4392 3545 4449 Handavit
3577 4435 3592 4458 ,
3625 4402 3674 4448 et

2095 4505 2276 4551 creata
2307 4503 2450 4557 sunt,
2481 4493 2548 4549 ad
2587 4491 3054 4563 regenerationem
3093 4489 3354 4549 rel‘ertur,
3412 4501 3533 4553 quin
3585 4501 3681 4554 per

2097 4587 2380 4656 Evangelii
2429 4584 2872 4655 praedicationem
2914 4582 3051 4636 facta
3083 4589 3186 4634 est.
3229 4576 3504 4633 Mand'avit
3534 4577 3679 4630 enim

2097 4677 2361 4752 apostolis
2415 4687 2472 4732 ut
2530 4677 2675 4731 irent
2720 4683 2774 4730 et
2824 4672 3086 4729 docerent
3125 4685 3318 4725 omnes
3380 4677 3571 4737 gentes
3610 4666 3677 4719 δ’.

2097 4770 2230 4826 Nam
2272 4777 2326 4825 et
2352 4769 2457 4840 ipsi
2493 4767 2682 4824 ﬁdeles
2731 4781 2868 4820 nova
2926 4764 3020 4820 Dei
3077 4773 3327 4818 creatura
3379 4763 3426 4796 ⁸ο
3487 4759 3675 4832 appel-

2100 4863 2305 4916 lantur.

2164 4952 2328 5006 Vsus.
2371 4951 2454 5005 lO.
2488 4949 2747 5005 Dominus
2776 4949 3002 5018 dissipat
3041 4948 3273 5002 consilia
3297 4947 3565 5018 gentium;
3591 4960 3676 4996 rc-

2089 5047 2276 5116 probat
2317 5057 2495 5100 autent
2529 5045 2873 5114 cogitationes
2927 5043 3267 5113 populorum,
3315 5050 3365 5094 et
3429 5034 3675 5107 reprobat

2090 5137 2313 5192 consilia
2354 5137 2676 5205 principum.
2730 5134 2929 5192 Varios
2978 5149 3177 5189 sensus
3230 5130 3509 5199 recipiunt
3561 5129 3675 5181 lucc

2091 5230 2275 5285 verba.
2307 5230 2546 5285 Possunt
2575 5227 2721 5284 enim
2755 5231 2823 5283 de
2848 5229 3089 5300 Assyriis
3129 5222 3357 5291 intelligi
3388 5259 3402 5285 ,
3451 5219 3546 5290 qui
3577 5219 3675 5273 ob—

2092 5325 2352 5380 sederunt
2381 5321 2720 5386 Jerusalem;
2752 5327 2806 5376 et
2836 5321 2902 5375 de
2919 5319 3124 5374 Christi
3145 5312 3592 5374 cruciﬁxoribus,
3619 5317 3674 5364 et

2093 5418 2160 5474 de
2192 5417 2258 5474 iis
2291 5416 2382 5488 qui
2419 5415 2695 5487 apostolos
2755 5427 2820 5468 ac
2847 5419 3118 5482 martyres
3181 5408 3229 5460 vi
3265 5414 3429 5477 atque
3483 5413 3673 5476 tyran-

2099 5507 2223 5563 nide
2245 5511 2638 5576 oppresserunt
2671 5521 2685 5570 ;
2716 5509 2791 5567 et,
2826 5501 2870 5556 si
2903 5500 3122 5571 quidem
3173 5497 3241 5554 de
3292 5495 3536 5569 Assyriis
3590 5494 3676 5548 ina

2095 5599 2328 5670 telligas,
2357 5597 2448 5654 dic
2470 5596 2615 5667 quod
2643 5602 2830 5666 gentes
2855 5592 2981 5650 ideo
3010 5606 3106 5650 eos
3123 5592 3358 5663 appellat
3378 5591 3668 5662 Propheta,

2833 5742 2872 5756 μ
