4072 6202
232 314 238 322 _
339 240 450 305 375

1609 251 1991 340 EUTHYMII
2019 254 2382 317 ZIGABENI
3501 255 3610 322 376

344 360 469 427 quia
501 373 563 412 es
599 358 831 415 diversis
879 361 1190 417 nationibus
1231 365 1298 419 ad
1345 365 1547 420 bellum
1592 366 1912 436 hujusmodi

2028 370 2186 435 λαοὺς
2213 371 2292 436 δὲ,
2325 372 2454 435 τοὺς
2504 369 2795 442 Ἐϐραίους
2819 391 2833 406 ο
2870 386 3015 436 τινες
3053 370 3164 442 γάρ
3219 369 3399 424 αὐτῶν
3431 368 3608 438 ὲλογί-
3657 412 3659 414 .

342 449 558 518 fuerant
582 452 894 520 congregati
930 450 1194 508 adversus
1240 453 1541 512 Jerusalem
1567 496 1582 521 ,
1607 466 1662 512 et
1700 473 1796 527 per
1826 473 1923 528 po-

341 544 499 613 pulos
551 541 809 599 Hebraeos
844 545 994 612 ipsos
1026 546 1300 618 intelligit.
1331 549 1564 617 Quidam
1619 551 1765 604 enim
1820 565 1914 605 eo—

2024 463 2182 529 ζοντο
2229 465 2341 518 δεῖν
2387 467 2529 534 σφᾶς
2560 466 2757 528 αὐτοὺς
2805 465 3114 537 ἐγχειρίσαι
3143 467 3256 528 τοῖς
3296 463 3604 535 πολεμίοις,

2021 553 2111 608 διὰ
2139 553 2238 626 τὴν
2261 555 2541 626 ἀνάγκηνο
2573 557 2844 626 ἄρχοντας
2871 557 2948 621 δὲ,
2976 556 3105 619 τοὺς
3131 555 3474 626 στρατηγοὺς
3497 553 3606 607 τῶν

339 651 463 688 rum
499 643 724 705 propter
752 639 1033 706 angustias
1063 638 1117 694 in
1146 641 1346 712 quibus
1383 650 1541 695 erant
1586 641 1873 697 constituti
1903 681 1918 706 ,

2028 646 2462 716 πολιορκούντων
2482 662 2496 676 ·
2532 648 2628 700 ἐπὶ
2655 648 2712 702 δὲ
2747 647 2858 701 τῶν
2911 646 3342 718 ἔσταυρωκὸτων
3371 644 3462 698 τὸν
3491 644 3604 699 Κύ-

335 735 589 796 opurtere
619 730 931 802 cogitabant
967 744 1088 785 sese
1120 732 1172 785 in
1202 746 1398 786 manus
1421 732 1771 788 inimicorum
1806 741 1918 787 tra-

2029 755 2147 808 ριον
2177 738 2300 808 εἴσῃ
2348 739 2450 809 τὴν
2487 737 2780 808 διαφορὰν,
2822 737 3062 808 ἐντυχὼν
3094 740 3160 806 τῇ
3195 736 3458 806 ἐξηγήσει
3509 733 3603 788 τοῦ

336 819 489 873 dere.
528 817 629 873 Per
660 820 933 891 principes
964 837 1112 886 vero,
1147 821 1318 877 duces
1380 838 1444 877 ac
1473 823 1762 892 praefectos
1804 826 1916 878 As-

2028 828 2284 900 δευτὲρου
2314 828 2535 900 ψαλμοῦ
2557 845 2572 861 ο
2602 830 2694 882 ἐπὶ
2727 829 2783 884 δὲ
2818 830 2928 882 τῶν
2961 828 3263 898 τυράννων,
3299 827 3427 894 ἔθνη
3482 826 3603 895 μὲν,

340 912 640 979 syriorum.
676 910 863 981 Quod
895 912 939 967 si
991 912 1261 982 psalmum
1313 930 1559 986 exponas
1600 917 1668 972 dc
1715 915 1917 971 Christi

2028 917 2094 972 τὰ
2131 920 2367 991 διάφορα
2393 920 2535 974 κατὰ
2569 919 2756 983 πόλεις
2784 918 2918 989 γένη
2943 934 2958 950 ·
2988 917 3113 972 λαοὶ
3142 917 3222 979 δὲ,
3256 917 3306 970 οἱ
3338 915 3602 986 Ἑϐραῖοι·

337 1000 781 1068 crucifixoribus,
815 1001 1180 1057 diﬂ‘erentiam
1214 1019 1576 1074 personarum
1618 1020 1839 1068 nosces,
1871 1008 1916 1059 sl

2028 1008 2286 1079 ἄρχοντες
2311 1011 2390 1073 δὲ,
2427 1013 2474 1064 οἱ
2502 1009 2741 1080 βασιλεῖς
2783 1009 2878 1062 καὶ
2901 1007 3199 1078 ἡγεμόνες.
3437 1017 3450 1024 “

337 1093 731 1162 expositionem
765 1095 962 1166 legeris
989 1095 1216 1151 secundi
1240 1098 1434 1166 psalmi
1462 1115 1478 1165 ;
1506 1100 1552 1154 si
1585 1113 1713 1154 vero
1741 1099 1899 1155 malis
1939 1099 2007 1155 de
2035 1105 2283 1172 tyrannis
2315 1105 2642 1175 intelligere,
2705 1120 2806 1175 per
2867 1111 3057 1175 gentes
3120 1100 3371 1156 nationes
3426 1098 3606 1152 varias

337 1185 595 1254 intelligis,
619 1202 738 1256 qua:
763 1189 964 1258 ubique
990 1189 1235 1244 locorum
1259 1200 1385 1245 sunt
1411 1208 1425 1245 :
1459 1199 1512 1245 et
1539 1206 1638 1261 per
1658 1191 1910 1262 populos,
1953 1192 2205 1251 inimicos
2229 1196 2469 1253 ﬁdelium
2499 1195 2747 1261 .ludzeos;
2778 1212 2874 1268 per
2899 1195 3172 1267 principes
3229 1207 3380 1258 vero,
3443 1207 3600 1262 reges

335 1278 487 1349 ipsos
521 1295 584 1334 ac
616 1280 802 1335 duces.

406 1376 575 1432 Vens.
631 1378 715 1432 11.
749 1375 1042 1432 Consilium
1093 1387 1273 1432 autem
1331 1379 1543 1433 Domini
1566 1380 1620 1433 in
1663 1389 1954 1447 atomum,

331 1479 622 1537 permanet.
646 1471 746 1524 Per
769 1471 1056 1524 consilium
1081 1479 1261 1525 autem
1303 1470 1517 1524 Domini
1545 1473 1916 1540 evangelicam

2107 1385 2180 1436 Ἠ
2201 1383 2271 1436 δὲ
2291 1383 2496 1451 βουλὴ
2528 1383 2635 1438 τοῦ
2663 1381 2886 1449 Κυρίου
2917 1378 3086 1448 μένει
3128 1379 3219 1442 εις
3265 1375 3370 1429 τὸν
3395 1371 3602 1430 αἰῶνα.

2027 1477 2199 1547 Βουλὴ
2233 1477 2328 1531 τοῦ
2380 1478 2609 1548 Κυρίου,
2644 1477 2706 1529 τδ
2735 1471 3108 1542 Εὑαγγελικδν
3157 1471 3440 1540 κήρυγμα,
3484 1467 3607 1538 βου-

334 1559 776 1630 ντιιιιιὶοοιίοιιοηι
813 1560 1074 1631 intellige,
1107 1577 1229 1632 qum
1263 1577 1459 1616 omnes
1505 1562 1758 1619 homines
1798 1579 1919 1616 cre—

2028 1569 2251 1640 λόμενον
2303 1569 2545 1638 σωθῆναι
2590 1567 2658 1621 δι’
2706 1565 2874 1621 αὐτοῦ
2908 1564 3119 1626 πάντας
3159 1562 3285 1625 τοὺς
3318 1559 3606 1615 πιστεύον·

336 1651 532 1706 dentes
567 1666 662 1722 per
693 1666 752 1706 se
780 1652 981 1708 salvari
1011 1653 1146 1706 vult.
1227 1653 1340 1708 lloc
1387 1653 1557 1724 igitur
1630 1654 1919 1709 consilium

2028 1681 2140 1727 τας,
2173 1663 2200 1716 ὃ
2230 1662 2383 1733 μένει
2415 1661 2709 1733 μέλλοντος
2741 1660 2938 1721 αἰῶνος
2971 1657 3267 1729 ἀήττητον.

335 1743 531 1798 stabile
583 1745 747 1813 atque
781 1744 1044 1799 invictum
1073 1760 1245 1816 usque
1267 1746 1334 1800 ad
1365 1743 1611 1800 futurum
1650 1745 1914 1801 saeculum

337 1837 704 1906 permanebit.

409 1927 765 1996 Cogitationes
792 1930 967 1984 corais
984 1931 1099 1998 ejus
1130 1931 1184 1984 in
1210 1932 1596 2000 generationem
1636 1942 1683 1987 et
1701 1949 1922 2004 genera-

336 2019 550 2072 tionem.
593 2018 1066 2085 Quemadmodum
1110 2023 1365 2092 superius
1397 2024 1628 2079 consilia
1669 2035 1722 2080 et
1766 2027 1920 2096 cogi-

335 2110 573 2166 tationes
603 2110 760 2176 dixit,
793 2111 865 2167 ita
916 2121 971 2166 et
1011 2129 1177 2168 nunc.
1230 2113 1326 2168 Est
1383 2124 1565 2170 autem
1627 2117 1919 2172 consilium

336 2201 647 2267 sententia,
678 2217 800 2271 qum
847 2211 995 2258 recta
1041 2219 1164 2259 esse
1211 2205 1563 2267 existimatur
1591 2246 1606 2270 ,
1659 2208 1923 2278 cogitatio

335 2304 468 2343 vero
502 2289 733 2360 simplex
759 2293 1152 2348 consideratio.
1182 2293 1245 2347 In
1284 2299 1673 2364 generationem
1697 2309 1745 2352 et
1765 2316 1920 2369 gene-

334 2381 600 2434 rationem
625 2391 1035 2436 consueverunt
1075 2385 1282 2452 antiqui
1316 2383 1500 2439 dicere
1548 2401 1648 2451 pro
1697 2404 1920 2456 semper,

334 2471 491 2538 quasi
535 2485 629 2538 per
676 2471 919 2523 onmium
949 2471 1364 2540 generatiouum
1394 2475 1794 2532 successiones.
1825 2477 1923 2532 Per

336 2577 433 2615 eor
479 2569 661 2614 autem
714 2560 860 2626 Dei,
913 2563 1156 2617 humano
1198 2563 1434 2632 quodam
1485 2581 1637 2622 more
1691 2569 1921 2638 loquens

337 2655 635 2723 Propheta,
659 2654 1004 2708 voluntatem
1037 2655 1130 2710 Dei
1167 2655 1418 2727 intelligit
1449 2677 1462 2722 ;
1500 2669 1555 2714 et
1588 2675 1786 2717 sensus
1819 2671 1920 2728 est,

337 2747 480 2815 quod
515 2761 737 2815 semper
775 2747 828 2801 id
868 2757 1155 2814 permanet
1190 2751 1335 2818 quod
1377 2751 1491 2804 vult
1523 2753 1663 2806 Deus
1693 2796 1706 2819 ,
1738 2769 1914 2823 neque

337 2840 390 2893 id
425 2841 600 2894 solmn
629 2839 774 2909 quod
813 2840 949 2904 vult,
983 2841 1075 2895 sed
1115 2843 1244 2896 illud
1287 2842 1446 2897 e:iam
1497 2845 1642 2914 quod
1699 2847 1920 2917 cogitat.

2094 1932 2384 2004 Λογισμοὶ
2418 1930 2525 1997 τῆς
2561 1927 2810 1996 καρδίας
2862 1922 3070 1988 αὑτοῦ,
3121 1922 3209 1987 εις
3257 1916 3473 1990 γενεὰν
3505 1914 3606 1970 καὶ

2026 2024 2263 2096 γενεάν.
2305 2023 2518 2092 Ὠσπερ
2555 2021 2668 2074 ἄνω
2698 2017 2894 2089 βουλάς
2937 2015 3034 2069 καὶ
3079 2011 3377 2082 λογισμοὺς
3420 2005 3600 2070 εἶπεν,

2023 2117 2168 2172 οὕτω
2217 2115 2313 2169 καὶ
2350 2113 2466 2166 νῦν.
2502 2113 2627 2167 Ἔτι
2656 2111 2714 2164 δὲ
2752 2108 2918 2180 βουλὴ
2948 2107 3068 2179 μὲν,
3100 2107 3135 2176 ἡ
3188 2102 3372 2165 καλῶς
3402 2099 3606 2166 δόξασα

2025 2211 2218 2278 γνώμη
2239 2225 2255 2241 ο
2290 2206 2550 2277 λογισμὸς
2581 2205 2659 2270 δὲ,
2705 2205 2739 2273 ἠ
2782 2201 2968 2262 ἁπλῶς
2998 2197 3324 2268 ὲνθύμησις.
3353 2196 3456 2258 Εἰς
3501 2207 3604 2260 τε·

2023 2303 2172 2356 νεὰν
2216 2301 2272 2354 δὲ
2318 2300 2416 2354 καὶ
2479 2297 2710 2367 γενεὰν,
2739 2293 2963 2348 εἰώθασι
2993 2290 3175 2359 λέγειν
3205 2287 3256 2341 οἱ
3293 2284 3514 2340 παλαιοὶ
3543 2281 3609 2335 τὸ

2025 2393 2134 2455 ἀεὶ,
2179 2391 2242 2443 τὸ
2296 2391 2376 2451 είς
2429 2389 2607 2440 πᾶσαν
2643 2384 2837 2453 γενεὰν
2886 2382 2950 2434 ἐκ
3000 2377 3270 2449 διαδοχῆς.
3304 2372 3517 2443 Καρδία
3545 2369 3604 2422 δὲ

2024 2483 2160 2536 Θεοῦ
2222 2477 2713 2550 άνθρωποπρεπῶς
2767 2473 2985 2545 εἴρηται
3044 2473 3078 2541 ἡ
3142 2468 3361 2538 θέλησις
3411 2461 3600 2517 αὐτοῦ.

2026 2573 2235 2637 Σκοπδς
2283 2573 2338 2625 δὲ
2375 2574 2490 2634 τοῖς
2549 2570 2731 2640 ῥητοῖς
2789 2565 3055 2627 τοιοῦτος,
3109 2559 3248 2615 ὅτιὸ
3286 2556 3534 2628 βούλεται
3574 2555 3604 2606 ὁ

2025 2666 2178 2729 Θεὸς,
2222 2665 2308 2718 ἀεὶ
2364 2663 2550 2733 μένειο
2609 2659 2704 2713 καὶ
2733 2657 2795 2711 οὐ
2828 2657 2986 2709 τοῦτο
3040 2652 3223 2723 μόνον,
3281 2647 3418 2702 ἀλλὰ
3449 2645 3542 2698 καὶ
3573 2643 3605 2696 ὃ

2026 2757 2332 2826 ἐνθυμηοῇ.
2411 2753 2485 2806 Τὸ
2540 2751 2649 2822 γὰρ
2708 2749 2970 2818 ἐννόημα,
3027 2745 3215 2815 φησὶν,
3271 2741 3432 2810 ἔργον
3483 2735 3603 2790 νῦν.

2031 2849 2185 2900 Ἔστι
2215 2846 2270 2900 δὲ
2300 2845 2397 2899 καὶ
2427 2844 2599 2907 ἄλλως
2629 2843 2827 2906 εἰπεῖν,
2879 2837 3141 2907 λογισμδν
3167 2834 3397 2904 καρδίας
3441 2829 3599 2892 θεοῦ,

335 2933 608 3004 Cogitatio
633 2936 778 2989 enim
813 2935 995 2989 divina
1058 2935 1359 3004 perfectum
1391 2953 1529 3006 opus
1565 2951 1668 2996 est.
1706 2940 1912 2996 Possu-

2028 2942 2126 3012 τὴν
2163 2938 2404 2992 Παλαιὰν
2458 2936 2552 2990 καὶ
2611 2936 2711 3004 τὴν
2756 2935 2903 2988 Νέαν
2954 2931 3265 3001 Διαθήκην·
3297 2925 3490 2995 γενεάν
3544 2923 3602 2976 δὲ

339 3043 460 3080 u:us
499 3040 553 3080 et
584 3027 741 3082 aliter
797 3027 978 3082 dicere
1007 3029 1151 3096 quod
1185 3030 1543 3098 cogitationes
1575 3033 1753 3087 cordis
1785 3032 1880 3088 Dei
1911 3075 1925 3097 ,

344 3113 508 3168 Vetus
527 3115 785 3169 nimirum
817 3130 880 3171 ac
899 3115 1110 3169 Novum
1137 3114 1572 3185 Testamentum,
1607 3131 1930 3189 permanent

338 3207 392 3258 in
425 3205 880 3275 generationem:
924 3207 1154 3261 alterum
1202 3208 1454 3262 videlicet
1509 3211 1560 3264 in
1614 3210 1925 3267 Judzeorum

341 3297 777 3360 generationem,
811 3298 1047 3351 alterum
1080 3313 1210 3352 vero
1239 3299 1291 3352 in
1336 3299 1592 3354 ﬁdelium.
1619 3301 1921 3372 Antiquum

339 3387 543 3456 quippe
572 3388 702 3453 illis,
732 3386 942 3443 Novum
993 3400 1172 3444 autem
1204 3390 1322 3445 istis
1354 3402 1654 3459 permanet.
1698 3394 1928 3465 lntelligi

338 3477 502 3531 etiam
543 3486 766 3547 possunt
797 3479 912 3535 haec
933 3480 1092 3534 verba
1133 3481 1455 3549 simpliciter
1485 3483 1552 3538 de
1598 3486 1926 3551 visibllibus.

2024 3034 2118 3088 καὶ
2143 3030 2358 3100 γενεάν,
2385 3029 2485 3098 τήν
2514 3045 2572 3081 τε
2618 3025 2731 3080 τῶν
2776 3023 3046 3078 Ἰουδαίων
3078 3021 3172 3077 καὶ
3198 3020 3308 3072 τῶν
3335 3020 3604 3086 Χριστια-

2025 3125 2162 3178 νῶν·
2197 3125 2229 3193 ἡ
2267 3122 2367 3190 μὲν
2397 3120 2506 3191 γὰρ
2543 3118 2796 3180 ἐκείνοις.
2828 3118 2861 3186 ἡ
2900 3115 2957 3168 δὲ
3007 3112 3220 3175 τούτοις
3271 3108 3603 3180 παραμένει.

2037 3213 2407 3285 Ἐκδεχόμεθα
2444 3213 2499 3266 δὲ
2529 3210 2716 3272 ἁπλῶς
2742 3208 2808 3260 τὰ
2847 3207 2986 3279 ῥητά
3013 3205 3106 3259 καὶ
3134 3203 3228 3255 ὲτιὶ
3256 3203 3362 3255 τῶν
3388 3198 3605 3252 ἐπιϐου-

2024 3308 2335 3362 λευσάντων
2364 3306 2497 3374 ἡμῖν
2523 3301 2738 3372 ὁρατῶν
2763 3299 2796 3369 ἦ
2829 3299 3078 3370 ἀοράτων
3109 3293 3338 3365 ἐχθρῶν,
3371 3292 3453 3344 ὅτι
3491 3289 3606 3342 Κύ-

2030 3416 2144 3470 ριος
2165 3395 2512 3459 διασκεδάζει
2539 3395 2636 3457 τὰς
2668 3392 2861 3462 βουλὰς
2892 3389 3089 3453 αὐτῶν,
3118 3387 3213 3440 καὶ
3235 3387 3262 3439 ὃ
3287 3383 3449 3446 αὐτὸς
3476 3379 3602 3451 βού·

2034 3492 2209 3554 λεται,
2242 3491 2386 3542 ποιεῖ
2417 3486 2554 3557 πρὸς
2589 3483 2866 3554 σωτηρίαν
2889 3482 3068 3551 ἡμῶν.

340 3585 437 3625 seu
501 3573 662 3627 etiam
714 3572 1079 3631 invisibilibus
1123 3574 1362 3630 inimicis
1401 3593 1414 3630 ι
1464 3579 1608 3645 quod
1663 3579 1917 3640 Christus
1943 3585 2200 3638 nimirum
2223 3596 2413 3638 eorum
2455 3579 2685 3634 consilia
2709 3575 3017 3649 dissipabit,
3044 3582 3100 3627 et
3155 3569 3301 3641 quod
3343 3567 3602 3624 Dominus

337 3664 582 3734 perliciet
641 3679 978 3734 quacunque
1037 3665 1104 3720 ad
1142 3665 1374 3721 salutem
1409 3676 1652 3724 nostram
1681 3669 1969 3741 disponere
1995 3673 2247 3730 voluerit.

415 3759 591 3816 Vens.
641 3761 731 3818 12.
775 3761 945 3817 Beata
995 3778 1138 3832 gens,
1183 3762 1335 3832 cujus
1363 3772 1441 3820 est
1483 3764 1744 3822 Dominus
1783 3767 1925 3825 Deus

341 3855 478 3924 ejus.
514 3854 676 3910 Beata
709 3869 862 3923 gens,
895 3869 1012 3923 qua:
1044 3855 1251 3926 regitur
1294 3863 1349 3908 et
1386 3857 1726 3926 gubernatur
1760 3875 1788 3912 a
1820 3859 1929 3916 Deo

346 3961 473 4001 suo.
523 3945 652 4001 llaec
684 3958 867 4002 autem
899 3947 1014 4003 sola
1051 3957 1134 4002 est
1177 3947 1621 4003 Christianorum
1655 3966 1808 4018 gens,
1841 3954 1929 4008 cui

348 4037 604 4093 Salvator
653 4040 905 4109 promisit
937 4040 1127 4094 dicens
1161 4057 1174 4092 :
1205 4038 1342 4093 Ecce
1376 4055 1470 4110 ego
1511 4043 1775 4095 vobiscum
1816 4061 1934 4098 sum

343 4146 507 4201 usque
534 4131 603 4184 ad
634 4133 1136 4189 consummationem
1168 4132 1436 4187 srcculi".

417 4310 654 4378 Populus
676 4327 826 4381 quem
852 4311 1008 4380 elegit
1035 4311 1088 4364 in
1114 4310 1474 4366 Iiwreditatem
1500 4313 1620 4368 sibi.
1651 4313 1759 4368 Nos
1791 4313 1929 4369 ﬁde-

2096 3767 2404 3837 Μακάρων
2458 3766 2526 3820 τὸ
2579 3765 2775 3828 ἔθνος,
2814 3756 2886 3816 οὗ
2909 3761 3042 3814 ἐστι
3096 3757 3310 3824 Κύριος
3375 3757 3408 3808 ὁ
3459 3753 3607 3820 Θεὸς

2027 3859 2239 3914 αὑτοῦ.
2276 3857 2565 3927 Μακάρων
2617 3853 2678 3907 τὸ
2733 3853 2908 3916 ἔθνος,
2958 3849 3020 3904 τὸ
3070 3846 3464 3918 κυριευόμενον
3511 3845 3607 3898 καὶ

2029 3946 2485 4018 οίκονομούμενον
2532 3945 2638 3999 ὑπὸ
2691 3942 2787 3996 τοῦ
2856 3941 2990 3995 ἰδίου
3029 3938 3199 3993 Θεοῦ·
3235 3939 3320 4008 εἴη
3374 3936 3419 3989 δ’
3452 3935 3518 3988 ἂν
3544 3933 3606 3986 τὸ

2032 4043 2142 4094 τῶν
2173 4037 2520 4110 Χριστιανῶν
2573 4038 2754 4106 μόνον,
2799 4027 2879 4096 οἷς
2934 4030 3302 4100 ἐπηγγείλατο
3355 4027 3530 4095 λέγων
3577 4029 3608 4080 ὁ

2037 4129 2228 4201 Σωτήρ
2248 4146 2262 4161 ο
2289 4129 2398 4184 Kal
2426 4125 2557 4182 ἰδοὺ
2590 4123 2706 4196 ἐγὼ
2747 4123 2876 4193 μεθ’
2909 4121 3075 4191 ὑμῶν
3105 4121 3223 4189 ειμι
3253 4117 3457 4185 πάσας
3501 4114 3610 4181 τὰς

2033 4224 2280 4294 ἡμέρας,
2312 4222 2423 4288 ἓως
2454 4220 2563 4290 τῆς
2583 4217 2944 4282 συντελείας
2968 4214 3075 4269 τοῦ
3107 4212 3343 4278 αιῶνος.

2105 4316 2265 4381 Λαὸς
2305 4314 2378 4368 ὃν
2428 4313 2750 4379 ἐξελέξατο
2803 4312 2891 4376 είς
2941 4306 3346 4377 κληρονομίαν
3395 4301 3604 4368 ἐαυτῷ.

347 4404 428 4458 les
468 4413 523 4459 et
563 4418 697 4473 gens
739 4403 997 4463 dicimur,
1040 4403 1208 4455 veluti
1247 4418 1309 4456 ex
1358 4405 1612 4472 gentibus
1664 4407 1716 4458 in
1759 4421 1921 4460 uuam

2044 4409 2233 4477 Ἡμεῖς
2258 4407 2428 4476 ἐσμεν
2457 4405 2613 4466 ἔθνος
2651 4403 2772 4473 μὲν,
2805 4401 2878 4465 ὡς
2901 4399 2962 4464 ἐξ
2998 4399 3170 4452 ἐθνῶν
3225 4396 3606 4463 συλλεγέντες.

348 4495 652 4549 Ειοοιοείιιιιι
687 4494 1004 4562 congregati
1039 4510 1052 4558 ;
1095 4504 1147 4546 ct
1183 4494 1442 4562 populus,
1471 4494 1634 4546 vi-luti
1679 4495 1769 4562 qui
1814 4495 1934 4546 loro

348 4584 546 4652 abjccti
588 4583 736 4636 illius
785 4582 1102 4636 Judmorttm
1143 4581 1328 4652 populi
1391 4581 1688 4635 introducti
1716 4583 1958 4638 sumus.'

350 4674 530 4742 lClegit
553 4673 697 4727 enim
734 4688 836 4727 nos
873 4673 1014 4726 Deus
1043 4673 1095 4726 in
1131 4672 1528 4738 litereditatem,
1556 4674 1708 4742 juxta
1742 4673 1874 4726 illud
1915 4690 1930 4728 :

351 4763 502 4818 Dabo
537 4762 629 4817 tibi
665 4774 841 4833 gentes
870 4764 1233 4817 [nereditatem
1281 4773 1427 4817 tuam
1455 4766 1520 4818 δ’.
1561 4764 1758 4818 Beatos
1807 4781 1932 4822 vero

281 4899 287 4906 .
351 4873 454 4913 nos
498 4855 756 4928 appellat,
793 4856 866 4910 ob
914 4866 1229 4928 paratarum
1287 4857 1444 4911 nobis
1474 4859 1742 4912 bonorum
1797 4857 1934 4912 frui-

351 4951 582 5004 tionem.

421 5039 590 5094 Vens.
622 5039 710 5093 l3.
753 5037 829 5092 De
867 5039 995 5092 coelo
1032 5040 1259 5105 respexit
1300 5039 1576 5095 Dominus.
1609 5041 1733 5096 llaec
1763 5044 1926 5099 verba

346 5135 510 5191 etiam
547 5134 817 5190 habentur
862 5135 917 5187 in
954 5132 1173 5186 Psalnto
1212 5149 1302 5186 xm
1350 5152 1363 5187 :
1419 5135 1672 5189 Dominus
1701 5137 1765 5190 de
1801 5139 1929 5191 cazlo

349 5227 620 5297 prospexit
671 5225 740 5282 ad
774 5209 914 5293 filios
966 5225 1259 5278 hominum.
1297 5225 1431 5279 Vide
1479 5243 1600 5296 qua:
1639 5228 1752 5282 illic
1785 5229 1926 5284 dicta

353 5332 505 5374 sunt.
781 5320 808 5328 “

427 5409 566 5465 Vidit
630 5427 808 5466 omnes
867 5410 1009 5478 ﬁlios
1053 5409 1343 5461 hominum.
1396 5409 1598 5466 Omnes
1633 5413 1778 5469 enim
1823 5415 1924 5469 sub

350 5503 490 5559 coelo
517 5503 767 5560 habitant
803 5511 901 5572 :Ict
927 5503 1114 5556 nullus
1153 5516 1274 5555 eum
1309 5501 1460 5556 latet.

425 5706 465 5740 ⁸⁸
506 5701 696 5760 Matth.
732 5719 926 5771 xn'ttt,
958 5705 1050 5760 20.
1125 5703 1336 5778 ιιρωι.
1362 5720 1422 5770 ιι,

2031 4497 2158 4562 λαὸς
2193 4497 2274 4563 δὲ,
2300 4498 2376 4561 ὡς
2409 4493 2861 4567 άντεισαχθέντες
2889 4491 2985 4545 τοῦ
3021 4487 3421 4559 ἁποὸληθέντος
3451 4485 3604 4541 λαοῦ.

2042 4590 2355 4656 Ἐξελέξατο
2369 4589 2424 4642 δὲ
2447 4590 2594 4659 ἡμᾶς
2631 4588 2711 4649 είς
2728 4583 3117 4655 κληρονομίαν,
3139 4580 3280 4633 κατὰ
3305 4579 3365 4632 τό
3383 4595 3398 4610 ·
3431 4577 3608 4630 Δώσω

2031 4701 2130 4738 σοι
2157 4685 2302 4751 ἔθνη
2343 4681 2457 4747 τὴν
2504 4679 2910 4747 κληρονομίαν
2931 4689 3070 4728 σου.
3104 4672 3391 4739 Μακάρων
3420 4670 3496 4734 δὲ,
3519 4670 3609 4723 διὰ

2030 4779 2131 4848 τὴν
2165 4777 2274 4830 τῶν
2301 4773 2727 4845 ἡτοιμασμένων
2755 4769 2980 4839 ἀγαθῶν
3010 4767 3339 4820 ἀπόλαυσιν.

2118 5039 2213 5101 Ἐξ
2245 5035 2504 5106 οι⁹γ>ανοῦ
2529 5033 2869 5102 ἐπέϐλεψεν
2892 5031 2925 5084 ὀ
2957 5028 3193 5095 Κύριος.
3230 5022 3400 5076 Τοῦτο
3429 5020 3518 5073 καλ.
3548 5020 3606 5072 ἐν

2029 5130 2107 5200 τῷ
2143 5126 2581 5199 τρισκαιδεκάτῳ
2614 5125 2793 5177 κεῖται
2830 5115 3073 5189 ψαλμῷ·
3117 5115 3332 5181 Κύριος
3380 5110 3448 5163 ἐκ
3498 5107 3607 5163 τοῦ

2031 5221 2293 5287 οὐρανοῦ
2313 5217 2606 5285 διέκοψεν
2633 5213 2731 5268 ἐπὶ
2751 5211 2887 5278 τοὺς
2911 5207 3082 5273 υἱοὺς
3109 5205 3226 5260 τῶν
3253 5205 3394 5270 (ira;
3409 5201 3603 5253 ώπων·

2038 5314 2132 5368 καὶ
2167 5311 2319 5382 ζήτει
2354 5312 2491 5363 ἐκεῖ.

2105 5402 2246 5459 Eme
2280 5403 2504 5467 πάντας
2535 5399 2673 5466 τοὺς
2707 5396 2876 5462 υἱοὺς
2899 5392 3241 5462 ἀνθρώπων.
3267 5389 3475 5446 Πάντες
3500 5383 3611 5452 γὰρ

2032 5497 2139 5550 ὑπὸ
2167 5495 2259 5550 τὸν
2303 5495 2536 5568 οὐρανὸν
2569 5489 2802 5557 οἰκοῦσι,
2839 5487 2933 5542 καὶ
2982 5483 3172 5539 λοιπὸν
3197 5479 3375 5543 οὐδεὶς
3415 5473 3611 5530 λανθά-

2025 5606 2127 5642 νει.
