4110 6210
305 379 426 443 377

1477 388 1870 450 COMMENT.
1902 389 1984 449 IN
2024 386 2425 451 PSALMOSJ

3470 391 3578 454 3⁵18

403 497 506 561 Ἐξ
532 495 773 568 ἑτοίμου
819 502 1274 574 κατοικητηρίου
1302 500 1513 557 αὐτοῦ.
1535 497 1644 553 Τοῦ
1679 503 1896 572 προχεί-

2077 500 2242 556 Vsus.
2273 479 2358 556 η.
2393 501 2468 556 De
2488 511 2786 570 pra‘parato
2810 504 3115 558 habitacula
3155 521 3274 558 suo.
3328 503 3443 560 Hoc
3473 520 3574 564 est.

332 611 431 662 ρου
464 593 545 658 είς
575 593 638 646 τδ
661 593 842 649 πάντα
874 595 1102 650 θεᾶσθαι
1133 598 1286 668 ῥᾷον.

406 772 786 843 Ἐπέὸλεψεν
839 774 937 829 ἐπὶ
998 775 1232 843 πάντας
1284 778 1727 844 κατοικοῦντας
1786 777 1905 844 τὴν

2014 593 2180 647 habili
2228 609 2290 648 ac
2331 594 2640 660 commodo,
2683 605 2742 648 ut
2801 595 2960 651 facile
3021 595 3177 651 illinc
3225 599 3409 652 omnia
3459 614 3580 666 per-

2009 682 2230 751 spiciat.

2085 769 2332 838 Respexit
2365 771 2418 824 in
2448 788 2628 827 omnes
2657 775 2747 844 qui
2773 775 3012 828 habitant
3051 785 3270 830 terram.
3315 778 3450 832 Dum
3504 796 3587 833 rc-

324 865 464 938 γῆν.
488 867 589 920 Διὰ
628 867 730 935 τῆς
779 866 1196 933 ἀναδιπλώσεως
1257 870 1579 940 ἐπέϐλεψεν,
1616 872 1699 936 είς
1737 872 1897 940 φόϐον

2009 864 2146 932 petit
2206 861 2476 932 Propheta
2540 863 2711 918 Deum
2774 868 3118 936 respexisse,
3179 869 3394 922 videtur
3448 872 3584 922 velle

324 957 584 1026 ὲμδαλείν
630 959 890 1026 πειρᾶται
945 959 1071 1022 τοὺς
1114 959 1572 1030 ἐντυγχάνοντας,
1595 961 1670 1025 ὡς
1713 962 1776 1016 οὐ
1809 961 1906 1032 λὴο

324 1046 520 1110 θοντας
557 1047 644 1117 ἐφ’
675 1044 758 1110 οἷς
795 1047 861 1100 ἂν
901 1047 1169 1103 ποιοῦσιν.

403 1139 472 1191 '0
519 1136 763 1203 πλάσας
808 1137 959 1191 κατὰ
998 1138 1192 1205 μόνας
1248 1138 1356 1204 τὰς
1404 1137 1652 1206 καρδίας
1681 1137 1900 1192 αὐτῶν.

329 1231 455 1284 Ἐτι
499 1229 878 1301 φοϐερώτερον
936 1228 1100 1284 τοῦτο
1121 1245 1137 1262 ⁸
1169 1231 1220 1284 εί
1281 1231 1389 1300 γὰρ
1420 1229 1645 1295 ἔπλασε,
1680 1231 1900 1293 πάντως

325 1316 434 1374 οἶδε
465 1322 559 1374 καὶ
586 1321 685 1383 τὰς
722 1322 971 1390 κινήσεις
1004 1320 1204 1377 αὐτῶν.
1255 1320 1376 1392 Χρὴ
1431 1321 1615 1374 τοίνυν
1646 1321 1896 1386 δεδιέναι,

317 1414 369 1466 εί
399 1414 474 1484 μὴ
508 1412 671 1483 μόνον
705 1413 764 1466 ἐν
804 1412 884 1482 τῷ
914 1412 1176 1483 πράττειν
1209 1413 1272 1466 οὐ
1304 1413 1566 1484 λήθομεν,
1621 1412 1738 1466 ἀλλ’
1786 1411 1898 1466 οὐδ’

314 1506 374 1557 ὲν
397 1504 476 1574 τῷ
499 1503 852 1559 διανοεῖσθαι.
884 1502 1047 1558 Κατὰ
1077 1506 1268 1572 μόνας
1290 1505 1368 1569 δὲ,
1400 1504 1523 1560 ἀντὶ
1548 1502 1668 1568 τοῦ,
1724 1521 1898 1575 μεμο-

312 1597 570 1667 νωμένας
622 1596 717 1649 καὶ
764 1596 1175 1666 κεχωρισμένας
1252 1595 1353 1666 τῆς
1404 1597 1607 1660 κακίας
1652 1595 1747 1648 καὶ
1794 1596 1896 1666 τῆς

309 1686 612 1756 ἐπιπλοκῆς
633 1687 738 1740 τῶν
752 1686 962 1743 παθῶν.
987 1689 1058 1741 Ἢ
1076 1688 1222 1742 κατὰ
1235 1688 1450 1757 μόνης,
1470 1688 1590 1741 ἀντὶ
1611 1687 1704 1740 τοῦ
1723 1705 1895 1756 κεχω-

314 1778 596 1849 ρισμένως
637 1778 757 1849 (12)
795 1778 951 1850 παρὰ
1004 1777 1102 1843 τὰς
1157 1777 1269 1831 τῶν
1323 1777 1526 1831 λοιπῶν
1584 1775 1764 1842 ζώων,
1812 1776 1889 1839 ὡς

305 1869 553 1936 λογικάς.
609 1924 612 1928 _

2007 954 2202 1008 lectori
2236 955 2489 1010 timorem
2517 957 2791 1022 incutere,
2816 959 2979 1013 veluti
3014 974 3079 1014 ex
3111 975 3179 1015 eo
3209 961 3354 1029 quod
3370 961 3583 1015 occulta

2003 1061 2125 1102 esse
2161 1045 2273 1104 Deo
2300 1064 2408 1103 non
2444 1050 2656 1116 possint
2681 1050 2823 1104 mala
2850 1067 2972 1121 quae
2999 1051 3214 1107 fecerit.

2075 1138 2244 1196 Vens.
2268 1141 2354 1196 15.
2383 1139 2484 1206 Qui
2513 1142 2964 1212 ﬁnxitsigillatim
2988 1143 3149 1198 corda
3168 1160 3369 1200 eorum.
3388 1143 3580 1198 Adhuc

2005 1228 2408 1288 formidabilius
2462 1232 2736 1301 quoddam
2782 1233 2938 1288 dicit.
2995 1231 3133 1288 Nam
3185 1233 3233 1288 si
3297 1233 3582 1303 plastnavit

2002 1335 2198 1378 omnes
2220 1321 2384 1382 Deus.
2417 1325 2643 1378 omnino
2673 1325 2837 1378 etiam
2865 1334 2919 1379 et
2947 1327 3096 1380 novit
3128 1324 3487 1395 cogitationes
3529 1335 3584 1379 et

2005 1426 2187 1470 motus
2217 1430 2409 1473 omnes
2434 1433 2624 1471 eorum
2645 1417 2844 1487 quibus
2872 1417 3015 1472 dedit
3044 1426 3103 1471 ut
3125 1425 3332 1473 essent.
3365 1415 3586 1471 Timen-

1999 1503 2126 1558 dum
2157 1515 2242 1561 est
2274 1507 2431 1562 nobis
2461 1509 2628 1578 igitur
2650 1523 2678 1561 a
2704 1507 2836 1574 Deo,
2861 1523 2986 1562 cum
3021 1524 3129 1561 non
3167 1522 3334 1578 prava
3371 1515 3581 1562 tantum

1998 1609 2187 1664 opera,
2253 1599 2346 1652 sed
2397 1615 2497 1653 nec
2545 1598 2678 1669 ipsae
2734 1598 2900 1651 etiam
2966 1596 3330 1667 cogitationes
3378 1609 3582 1651 nostrae

1995 1686 2163 1742 latere
2192 1705 2315 1745 eum
2346 1692 2576 1760 possint.
2614 1688 2782 1760 ,ρειοά
2809 1705 2940 1744 vero
2983 1691 3059 1745 ait
3089 1688 3254 1742 Deum
3295 1688 3571 1760 s'gillatim

1997 1779 2221 1838 ﬁnxisse
2249 1784 2416 1838 corda
2449 1800 2666 1848 eorum,
2693 1784 2836 1837 idem
2861 1792 2943 1836 est
2969 1798 3030 1836 ac
3054 1781 3099 1836 si
3122 1782 3348 1842 diceret.
3381 1781 3581 1836 fecisse

1922 1861 1964 1915 Β
1991 1885 2057 1924 ea
2105 1872 2274 1927 Deum
2322 1874 2647 1944 singularia,
2681 1889 2743 1928 ac
2791 1882 3042 1942 separata
3075 1888 3104 1925 a
3137 1873 3309 1935 vitiis,
3351 1883 3514 1942 atque
3548 1889 3577 1924 ιι

306 1964 628 2031 passionum
677 1963 936 2026 vinculis,
976 1962 1062 2018 vel
1108 1963 1273 2018 etiam
1325 1962 1635 2033 sigillatim,
1673 1961 1779 2017 hoc
1803 1969 1888 2018 est
1927 1969 2248 2034 separatim,
2284 1969 2353 2023 ab
2381 1970 2502 2024 aliis
2528 1967 2788 2024 nimirum
2831 1966 3191 2033 animalibus,
3263 1967 3422 2039 quasi
3489 1981 3581 2022 ra-

307 2054 626 2110 tionahilia.

387 2145 626 2210 Συνιείς
657 2146 745 2209 είς
776 2143 976 2196 πάντα
1013 2143 1084 2196 τὰ
1138 2143 1282 2211 ἔργα
1311 2140 1533 2194 αὐτῶν.
1569 2141 1681 2194 Καὶ
1740 2139 1899 2192 τοῦτο

322 2237 608 2306 μέγιστον,
638 2236 724 2289 ὅτι
757 2235 880 2306 μηδ’
906 2234 1213 2304 αἰσθήσεως
1242 2234 1416 2288 δεῖται
1446 2233 1586 2303 πρὸς
1627 2233 1898 2304 κατανόη-

324 2345 410 2380 σιν
445 2327 555 2380 τῶν
589 2329 1008 2398 πραττομένων,
1035 2328 1069 2398 ἦ
1121 2327 1458 2396 λεγομένων,
1494 2327 1526 2397 ἢ
1560 2327 1894 2396 νοουμένων,

316 2419 440 2474 ἀλλ’
471 2419 661 2482 ἁπλῶς
694 2419 945 2488 συνίησιν
978 2421 1038 2471 ἐν
1073 2419 1264 2471 πᾶσιν.

389 2509 476 2564 Οὐ
511 2507 756 2570 σώζεται
814 2508 1118 2573 ,ϐασιλεὺς
1170 2508 1267 2562 διὰ
1323 2509 1567 2575 πολλὴν
1611 2509 1891 2578 δύναμιν,

308 2601 412 2654 καὶ
445 2601 614 2670 γίγας
644 2602 716 2653 οὐ
746 2600 1086 2665 σωθήσεται
1133 2599 1202 2653 ἐν
1258 2601 1475 2666 πλήθει
1531 2603 1743 2670 ισχύος
1788 2604 1894 2655 αὐ-

259 2733 264 2736 -
311 2693 446 2748 τοῦ.
479 2693 575 2745 Διὰ
610 2692 808 2762 πολλὴν
853 2691 1116 2760 δύναμιν,
1154 2693 1253 2764 τὴν
1294 2695 1352 2746 ὲν
1381 2693 1582 2764 πλήθει
1615 2711 1890 2764 στρατιω-

313 2784 449 2846 τῶν,
479 2784 574 2836 καὶ
602 2783 806 2847 ἵππων,
840 2783 936 2836 καὶ
963 2783 1166 2847 ὃπλων,
1195 2784 1289 2836 καί
1313 2783 1572 2838 πλούτου.
1622 2783 1786 2851 Γίγας
1813 2783 1891 2845 δὲ,

315 2877 348 2927 ὁ
384 2875 526 2928 κατὰ
562 2874 622 2927 τδ
673 2876 832 2944 σῶμα
877 2876 1290 2943 γενναιότατοςο
1316 2875 1454 2928 ὥστε
1492 2878 1546 2929 ετ
1573 2893 1654 2938 τις
1690 2875 1897 2928 τούτων

315 2964 545 3035 σωθείη,
599 2964 686 3019 διὰ
731 2965 890 3036 χάριν
952 2965 1087 3018 Θεοῦ
1140 2965 1396 3032 σώζεται,
1444 2965 1540 3020 καὶ
1588 2966 1648 3019 οὐ
1697 2966 1764 3022 δι’
1821 2969 1897 3021 οἰ-

314 3051 477 3104 κείαν
513 3052 646 3122 (l5).

395 3319 637 3388 Ψευὸἡς
661 3321 846 3384 ἵππος
868 3321 956 3384 εἰς
987 3321 1313 3388 σωτηρίαν.
1352 3319 1658 3386 ’Λῦἐσαιοςο
1701 3322 1898 3394 tam»;

316 3409 450 3482 γὰρ,
483 3410 531 3463 εἰ
564 3409 729 3463 σώσει
765 3411 857 3462 τὸν
881 3409 1174 3482 ἐπιὸἇτην.

401 3586 503 3640 Ἔν
528 3586 595 3639 δὲ
623 3585 839 3652 πλήθει
872 3586 1177 3657 δυνάμεως
1219 3590 1406 3645 αὐτοῦ
1435 3592 1508 3646 οὐ
1531 3592 1887 3659 σωθήσεται.

327 3678 392 3730 ’0
422 3677 589 3740 ἵππος
609 3677 892 3746 δηλονότι·
924 3681 1036 3741 τοῖς
1060 3680 1170 3747 γὰρ
1198 3680 1657 3750 ἐπαριθμηοείσιν
1677 3685 1706 3734 ὁ
1729 3684 1894 3737 Σενα-

315 3771 526 3841 χηρεὶμ
577 3769 993 3839 εὐθηνούμενος.
1039 3771 1194 3824 οὐδὲν
1225 3769 1460 3824 ἐνταῦθα
1491 3770 1770 3839 ἀπώνατο,
1795 3791 1895 3826 κα-

313 3863 417 3926 κδς
448 3862 632 3925 κακῶς
647 3861 988 3933 διαφθαρείς.

393 3953 548 4008 Ἰδοὺ
599 3957 656 4008 ol
707 3954 1001 4023 ὀφθαλμοὶ
1047 3954 1272 4019 Κυρίου
1309 3952 1407 4006 ἐπὶ
1439 3953 1578 4018 τοὺς
1611 3950 1900 4020 φοϐουμέ-

313 4063 473 4112 νους
521 4046 732 4111 αὐτὸν,
761 4046 902 4112 τοὺς
931 4045 1289 4111 ἐλπίζοντας
1340 4045 1439 4097 ἐπὶ
1475 4044 1541 4098 τὸ
1568 4045 1747 4109 ἕλεος
1789 4045 1897 4096 αὐ·

313 4137 454 4193 τοῦ.
492 4137 662 4192 Τοῦτο
715 4140 846 4209 περὶ
897 4138 1120 4192 πάντων
1146 4138 1256 4190 τῶν
1289 4136 1550 4191 τοιούτων
1571 4155 1585 4168 ο
1620 4153 1899 4208 προηγου-

319 4230 507 4298 μένως
542 4229 623 4296 δὲ,
669 4229 759 4283 διὰ
811 4232 940 4292 τοὺς
996 4229 1127 4299 περὶ
1179 4228 1466 4294 Ἐζεκίαν’
1519 4227 1750 4282 τοιοῦτοι
1790 4230 1898 4299 γὰρ

317 4317 491 4392 ἦσαν.
515 4317 649 4376 Εἶτα
670 4321 852 4393 τίθησι
879 4321 973 4376 καὶ⁸
1003 4321 1104 4374 τὴν
1134 4320 1318 4374 αἰτίαν
1344 4321 1441 4392 τῆς
1472 4321 1772 4375 ἐποπτείας
1811 4337 1827 4353 ο

423 4494 740 4549 Ρὺσασθαι
769 4493 837 4547 ἐκ
869 4493 1132 4547 θανάτου
1155 4491 1262 4558 τὰς
1289 4493 1490 4562 ψυχὰς
1541 4485 1760 4548 αὐτῶν.
1790 4494 1897 4548 Τοῦ

328 4586 783 4656 προσδοκωμένου
814 4584 936 4639 καθ’
966 4585 1199 4656 ἡμέραν,
1248 4586 1323 4648 ώς
1352 4589 1787 4658 προειρήκαμεν.
1826 4590 1896 4642 Τὸ

331 4676 590 4746 ἑσπέρας
622 4677 731 4747 γὰρ
760 4675 1202 4743 αὐλισθήσεται
1223 4677 1548 4745 κλαυθμός.

400 4853 512 4907 Kal
543 4854 859 4924 διαθρέψαι
889 4855 1114 4920 αὐτοὺς
1145 4855 1212 4909 ἐν
1239 4856 1412 4925 λιμῷ.
1444 4856 1534 4927 Τῷ
1553 4857 1662 4913 ἀπὸ
1684 4860 1784 4930 τῆς
1811 4878 1905 4914 πο-

2075 2137 2180 2202 Qui
2209 2136 2456 2205 intelligit
2485 2137 2536 2188 in
2585 2135 2764 2187 omnia
2815 2149 2975 2201 opera
3022 2149 3225 2186 eorum.
3261 2133 3440 2202 Atque
3473 2132 3579 2188 hoc

1999 2228 2164 2284 etiam
2206 2243 2461 2296 magnum
2511 2235 2620 2290 est,
2671 2226 2814 2296 quod
2857 2226 3027 2280 nullis
3068 2225 3325 2278 sensibus
3381 2225 3588 2295 indiget

2002 2319 2146 2373 Deus
2163 2319 2227 2371 ad
2250 2317 2661 2388 percipiendum
2693 2332 2816 2384 qum
2845 2316 2981 2370 llunt
3012 2327 3106 2368 aut
3124 2315 3455 2384 cogitantur,
3490 2314 3584 2369 scd

1999 2424 2156 2479 pure,
2194 2407 2537 2476 simpliciter,
2578 2421 2643 2460 ac
2672 2407 2888 2460 sincere
2924 2406 3108 2457 omnia
3162 2403 3436 2474 intelligit.

2068 2499 2232 2555 Vens.
2270 2500 2357 2554 l6.
2393 2498 2516 2552 Non
2559 2498 2858 2552 salvabitur
2891 2513 2983 2550 rex
3015 2498 3078 2550 ob
3127 2497 3350 2550 multam
3391 2507 3577 2566 poten-

1997 2593 2150 2654 tiam,
2185 2602 2234 2644 et
2267 2593 2413 2662 gigas
2435 2607 2535 2644 non
2566 2590 2862 2644 salvabitur
2894 2591 2948 2642 in
2986 2589 3329 2644 multitudine
3359 2590 3577 2658 fortitu-

1996 2684 2136 2736 dinis
2169 2700 2301 2737 sua'.
2340 2683 2422 2736 0b
2451 2681 2677 2736 multam
2715 2681 3034 2749 petentium,
3068 2680 3168 2735 hoc
3203 2691 3309 2742 est,
3345 2682 3413 2734 ob
3440 2680 3582 2733 mili-

2001 2783 2117 2828 tum
2181 2781 2276 2826 aut
2347 2788 2615 2842 equorum
2656 2771 2866 2840 copias,
2905 2785 3166 2838 armaque
3199 2779 3294 2823 aut
3328 2770 3575 2824 divitias.

1997 2866 2102 2920 Per
2141 2867 2422 2934 gigantem
2465 2879 2595 2917 vero
2637 2876 3021 2930 quemcunque
3058 2859 3346 2913 robustum
3404 2860 3583 2912 horni-

2000 2971 2124 3010 nem
2157 2955 2422 3020 intellige.
2452 2954 2544 3022 qui
2576 2966 2847 3021 generoso
2883 2965 2947 3003 ac
2980 2949 3265 3018 praestanti
3294 2949 3364 3002 sit
3387 2963 3576 3017 corpo-

2003 3063 2082 3103 re.
2125 3045 2293 3113 Quasi
2329 3045 2373 3099 si
2417 3044 2540 3113 quis
2580 3045 2810 3097 istorqu
2845 3038 3146 3109 aliquando
3173 3039 3436 3101 salvetur,
3472 3053 3580 3090 non

2007 3138 2248 3210 propriis
2286 3136 2512 3201 viribus,
2538 3134 2632 3189 sed
2666 3133 2846 3187 divina
2883 3131 3058 3203 gratia
3096 3129 3332 3185 salutem
3368 3143 3580 3184 conse-

2003 3232 2216 3300 quitur.

2076 3320 2242 3376 Vens.
2281 3320 2369 3374 l7.
2424 3316 2626 3373 Fallax
2674 3333 2837 3386 equus
2891 3313 2960 3370 ad
3007 3314 3257 3382 salutem.
3305 3312 3581 3367 Instabilis

1917 3395 1962 3458 (ἶ
1995 3415 2204 3472 scilicet
2236 3428 2299 3468 ac
2327 3428 2433 3467 non
2466 3420 2634 3466 tutus.
2674 3411 2946 3464 Incertum
2976 3408 3120 3460 enim
3143 3414 3249 3470 est,
3281 3418 3350 3456 an
3385 3417 3550 3457 ascen

1987 3522 2177 3564 .sorem
2211 3521 2370 3562 suum
2412 3505 2727 3559 salvaturus
2761 3501 2834 3556 sit

2067 3597 2134 3653 In
2182 3594 2524 3650 multitudine
2569 3601 2747 3646 autem
2776 3591 3027 3658 potentim
3057 3602 3168 3641 sna:
3195 3600 3300 3638 non
3336 3583 3573 3638 salvabi-

1997 3695 2108 3740 tur.
2136 3683 2325 3752 Equus
2352 3682 2588 3736 scilicet.
2623 3678 2780 3732 Unde
2822 3675 3204 3730 Scnnacherib
3235 3671 3329 3742 qui
3362 3685 3576 3725 connu-

2002 3773 2230 3827 mcratis
2264 3770 2476 3824 viribus
2499 3767 2838 3832 abundabat,
2881 3766 3016 3819 nihil
3055 3765 3181 3817 inde
3206 3760 3428 3828 adjutus
3450 3759 3575 3822 luit,

1998 3861 2247 3931 quiuimo
2275 3860 2455 3912 malus
2488 3858 2737 3926 perditus
2763 3863 2870 3908 est.

2071 3950 2239 4006 Vsus.
2263 3949 2353 4003 18,
2381 3947 2515 4000 Ecce
2548 3945 2688 4000 oculi
2722 3943 2936 3997 Domini
2964 3957 3122 4011 super
3154 3940 3395 3993 timentes
3429 3953 3575 4000 eum,

1999 4053 2052 4097 et
2102 4057 2262 4110 super
2302 4056 2392 4095 eos
2416 4040 2507 4110 qui
2549 4043 2765 4107 sperant
2797 4035 2852 4089 in
2889 4031 3253 4088 misericordia
3292 4028 3426 4097 ejus.
3455 4026 3583 4082 Haec

2000 4135 2068 4190 de
2090 4133 2348 4190 omnibus
2370 4132 2438 4188 iis
2461 4131 2554 4200 qui
2587 4129 2723 4184 tales
2744 4135 2904 4192 sunt,
2935 4125 2990 4180 in
3017 4124 3207 4194 primis
3229 4130 3410 4177 autem
3435 4119 3582 4176 dicta

1999 4235 2132 4284 sunt
2195 4237 2417 4297 propter
2466 4223 2754 4280 Ezecltiam
2824 4234 3005 4291 regem
3066 4225 3122 4272 et
3181 4214 3364 4271 socios
3401 4215 3582 4270 :talcs

1999 4321 2144 4376 enim
2182 4327 2360 4374 erant.
2388 4315 2595 4372 Deinde
2617 4327 2838 4368 causam
2865 4310 3063 4366 divinae
3091 4307 3258 4377 hujus
3287 4304 3584 4376 protectio-

2000 4412 2088 4467 nis
2130 4421 2292 4480 atque
2314 4408 2576 4464 custodia:
2623 4405 2792 4472 addit,
2822 4404 3011 4459 dicens
3047 4418 3062 4456 :

2070 4501 2241 4557 Vsus.
2298 4501 2387 4554 l9.
2440 4497 2509 4553 Ut
2561 4507 2710 4553 eruat
2742 4513 2776 4550 a
2823 4505 2991 4550 morte
3028 4494 3238 4548 animas
3284 4507 3489 4547 eorum.
3541 4492 3582 4544 Α

2008 4603 2210 4658 morte,
2242 4593 2483 4664 inquam,
2508 4605 2628 4662 quae
2655 4598 2776 4660 post
2795 4589 2939 4644 diem
2973 4588 3126 4642 illum
3150 4585 3584 4655 exspectabitur,

1939 4724 1984 4780 ι)
2009 4698 2068 4744 ut
2104 4687 2475 4757 praediximus.
2504 4683 2583 4739 Ad
2603 4697 2868 4753 vesperum
2895 4681 3068 4745 enim,
3100 4676 3300 4748 inquit,
3340 4676 3588 4731 demora-

2010 4784 2151 4834 bitur
2175 4780 2332 4847 ﬂetus
2364 4779 2430 4829 ⁵³.

2036 4929 2060 4938 η
2083 4872 2151 4926 Et
2189 4872 2298 4924 alat
2335 4886 2422 4924 eos
2452 4869 2504 4921 in
2530 4864 2771 4937 [autenm
2789 4863 2930 4917 fame
2950 4877 3072 4932 qua:
3095 4867 3318 4931 propter
3343 4857 3589 4914 obsidio-

315 4945 608 5015 λιοριιίας·
637 4945 674 4998 ἃ
706 4946 882 5000 πάντα
935 4945 1247 5014 γεγόνασιν,
1282 4946 1355 5010 ὡς
1390 4948 1424 5015 ὴ
1463 4947 1573 4998 τῶν
1609 4948 1897 5002 Βασιλειῶν

2011 4978 2137 5018 nem
2197 4969 2419 5016 causata
2465 4969 2567 5010 est.
2619 4955 2752 5020 Quae
2783 4951 2970 5007 omnia
3000 4950 3295 5006 subsecuta
3327 4955 3482 5012 sunt,
3528 4957 3589 4999 ut

317 5037 516 5110 βίϐλος
546 5038 861 5108 ἑρμηνεύει.

411 5127 474 5182 Ἠ
505 5128 574 5182 δὲ
594 5129 767 5198 ψυχὴ
798 5129 966 5199 ἡμῶν
997 5129 1290 5198 ὑπομενεῖ
1316 5128 1396 5195 τῷ
1417 5131 1632 5199 Κυρίῳ.
1666 5131 1775 5185 Καὶ
1806 5131 1905 5185 αὖ·

317 5221 418 5279 οις
449 5219 511 5272 ὲν
559 5221 742 5292 καιρῴ
769 5221 1094 5300 πειρασμῶν
1123 5221 1514 5292 ὑπομενοῦμεν
1542 5225 1637 5275 τὸν
1662 5223 1870 5293 Κύριον
1889 5240 1905 5254 ο

314 5314 405 5367 δι’
428 5313 593 5367 αὐτὸν
644 5315 756 5384 γὰρ
811 5313 1121 5385 μισούμεθα
1171 5315 1322 5385 παρὰ
1370 5317 1485 5378 τοῖς
1555 5316 1908 5386 ἐτεροδόξοις.

314 5400 470 5462 εἶτα
504 5407 599 5459 καὶ
621 5405 720 5478 τὴν
749 5408 930 5461 αἰτίαν
958 5410 1206 5479 ἐπήγαγε
1239 5410 1340 5477 τῆς
1379 5410 1676 5482 ὑπομονῆς.

411 5607 460 5642 ⁵³
485 5605 632 5664 Psal.
677 5606 832 5674 sits,
870 5609 923 5668 6.

2013 5057 2066 5110 in
2107 5052 2264 5107 libris
2285 5050 2494 5118 Regum
2531 5045 2786 5099 traditur.

2083 5143 2252 5198 Vens.
2284 5141 2376 5194 20.
2427 5137 2614 5191 Anima
2666 5143 2848 5188 nostra
2891 5130 3173 5188 sustinebit
3218 5129 3468 5183 Domino.
3525 5123 3589 5175 Et

2012 5251 2256 5298 rursum,
2280 5231 2474 5302 inquit,
2516 5230 2571 5284 in
2608 5226 2967 5283 tentationum
3009 5233 3253 5292 tempore
3291 5214 3592 5274 sustinebi-

2015 5345 2138 5383 mus
2166 5325 2398 5380 Domino
2430 5338 2447 5383 ς
2476 5321 2528 5376 id
2580 5327 2688 5385 est,
2713 5320 2767 5374 in
2800 5317 3029 5388 gratiam
3069 5312 3308 5371 Demini,
3341 5323 3437 5362 seu
3465 5319 3590 5374 pro-

2015 5429 2138 5487 pter
2167 5418 2457 5472 Dominum
2485 5423 2707 5483 prepter
2733 5424 2892 5480 quem
2917 5401 3157 5461 oderunt
3183 5415 3282 5453 nos
3316 5395 3584 5450 inﬁdeles.

2019 5486 2224 5562 Deinde
2246 5503 2684 5569 longanimitatis
2718 5514 2783 5554 ac
2824 5493 3105 5566 patientiae
3134 5502 3358 5546 causam
3399 5486 3586 5544 infert.

1684 5685 1879 5749 Varia?
1909 5685 2234 5750 lectiones.

410 5778 427 5844 (
439 5776 524 5849 12)
549 5778 633 5832 ῖσ.
662 5778 1094 5851 κεχωρισμένας,
1127 5789 1183 5834 ιιι
1208 5778 1262 5835 in
1288 5779 1395 5836 alio
1416 5779 1640 5837 Codice.

2066 5785 2180 5857 (l5)
2201 5781 2441 5839 Subaudi
2467 5780 2718 5852 δύναμιν.
2749 5777 2834 5833 ΔΙ.
2865 5773 3102 5846 ἐκείνην.
