4072 6202
577 401 684 486 381
1766 420 2155 482 eorum”
2192 419 2556 482 ZlGABENI
3721 418 3829 486 38i

643 541 809 593 Vens.
851 537 904 592 5.
954 536 1234 607 Exquisivi
1277 537 1586 599 Dominum,
1639 544 1687 590 et
1737 537 2005 590 exaudivit
2048 553 2148 591 me.
2183 541 2224 597 Α

2219 579 2224 596 ,
2325 533 2697 602 Ἐξεζῆτηοαα
2727 533 2832 587 τὸν
2859 531 3102 602 Κύριον,
3138 529 3238 587 καί
3256 531 3565 598 ἐπήκουσέ
3585 551 3729 603 μου.
3761 535 3827 588 'll

571 629 900 699 Praepositio
959 645 1045 692 ex,
1097 628 1466 704 iutensionem
1521 627 1817 697 quamdam
1879 626 2143 697 majorem

2249 628 2318 691 ἐξ
2352 628 2608 698 πρόθεσις
2654 625 2906 678 ἐπίτασιν
2953 625 3214 695 ἐμφαίνει
3250 623 3555 696 ζητήσεως.
3600 626 3694 680 Ἐν
3735 628 3830 698 μὲ-

572 721 943 776 demonstrat.
995 720 1055 773 In
1112 719 1329 780 mediis.
1383 718 1596 788 inquit,
1645 720 1908 788 periculis
1941 719 2146 775 dereli-

2265 737 2389 782 τοις,
2443 719 2599 790 φησι,
2651 720 2765 780 τοῖς
2811 717 3077 782 κινδύνοις
3133 715 3514 787 ἀπολειφθεὶς,
3570 718 3873 796 ὲμπόνωςχ

569 816 719 871 ctus,
747 821 871 861 cum
897 806 1086 861 labore
1109 805 1410 876 perquisivi
1438 806 1728 862 Dominum
1755 809 1809 863 in
1844 810 2145 875 auxilium,

2253 811 2498 879 ἐζήτησα
2537 809 2632 864 τὸν
2665 807 2871 880 Κύριον
2930 811 3009 873 εἶς
3057 809 3404 880 ἐπικουρίαν,
3466 811 3562 864 καὶ
3618 810 3830 882 ταχέως

572 907 631 953 et
665 899 848 953 statim
881 900 1165 953 exaudivit
1195 915 1303 954 me.

2271 905 2463 971 ἱπήκου
2472 901 2532 954 σέ
2566 919 2691 970 μου.
3868 914 3879 974 .j

643 988 708 1042 Et
740 1005 807 1043 ea:
855 990 1098 1044 omnibus
1145 991 1585 1047 tribulationibus
1627 991 1756 1046 meis
1796 993 1992 1062 eripuit
2045 1009 2148 1047 me.

2321 992 2430 1046 Kal
2453 994 2521 1046 ἐκ
2556 991 2773 1047 πασῶν
2800 993 2919 1047 τῶν
2947 991 3214 1062 att-war
3253 1012 3372 1063 μου
3413 994 3714 1064 tepente
3729 1012 3826 1065 με.

570 1077 750 1134 Varia:
795 1081 944 1136 enim
977 1081 1303 1139 aﬂlictiones
1335 1099 1459 1139 eum
1491 1084 1866 1150 detinueraut,
1904 1083 2035 1139 dum
2080 1086 2152 1138 ti-

2253 1084 2512 1155 Διάιροροι
2559 1087 2669 1153 γὰρ
2712 1084 2877 1138 αὑτὸν
2915 1080 3061 1156 εῐχον
3097 1084 3326 1154 θλίψεις,
3376 1085 3460 1139 ὅτι
3509 1086 3693 1156 μέλλει
3738 1088 3828 1140 ἔκ-

579 1179 778 1234 meret.
834 1186 904 1227 ne
931 1172 987 1228 in
1035 1173 1218 1231 Saulis
1266 1190 1464 1230 manus
1505 1175 1795 1236 incideret,
1843 1189 1911 1230 ne
1963 1183 2155 1230 contu-

2251 1176 2469 1246 δοθῆναι
2499 1177 2576 1246 τῷ
2602 1177 2778 1230 Σαοὺλ
2805 1216 2820 1242 ,
2860 1178 2943 1231 ὅτι
2987 1179 3340 1250 αἰκισθῆναι,
3370 1181 3454 1234 ὅτι
3491 1181 3834 1252 προπηλακι-

577 1264 744 1318 melia
777 1265 1120 1328 alliciendas.
1150 1275 1203 1323 et
1235 1275 1516 1338 postremo
1568 1279 1637 1320 ne
1679 1280 1822 1321 saeve
1865 1267 2033 1322 etiam
2079 1266 2155 1319 in-

1981 1280 2033 1320 m
2079 1266 2155 1319 in-
2256 1267 2473 1337 σθῆναι,
2505 1268 2590 1322 ὅτι
2613 1269 2926 1323 τελευταῖον
2955 1271 3313 1343 ἀναιρεθῆναι
3346 1273 3580 1345 πικρῶς.

579 1357 927 1412 terimendus
953 1367 1124 1413 esset.

648 1445 814 1512 Vens.
842 1448 896 1502 6.
931 1447 1178 1502 Accedite
1209 1449 1278 1500 ad
1297 1465 1438 1510 eum,
1465 1459 1512 1503 et
1537 1447 1951 1510 illuminamini,
1977 1454 2028 1501 et
2068 1447 2155 1516 fa-

2326 1449 2703 1516 Προσέλθετε
2747 1451 2900 1518 πριλς
2929 1452 3136 1516 αὐτὸν,
3194 1453 3296 1506 καί
3337 1454 3699 1523 φωτίσθητε,
3734 1453 3834 1508 καί

577 1539 682 1594 cies
719 1549 906 1594 vestra-
944 1557 1047 1594 non
1083 1540 1504 1610 confundantur.
1559 1541 1710 1596 Solet
1746 1540 1968 1595 aﬂlictio
2001 1554 2156 1594 men-

2255 1540 2327 1594 τὰ
2352 1543 2645 1609 πρόσωπα
2675 1542 2846 1611 ὑμῶν
2872 1545 2945 1598 οὐ
2973 1543 3060 1613 μὴ
3091 1545 3529 1614 καταισχυνθῇ.
3559 1545 3624 1599 Ἦ
3655 1547 3837 1614 ολῖψις

583 1639 694 1686 tem
722 1631 1005 1686 hominum
1040 1631 1379 1688 confundere
1437 1642 1600 1703 atque
1627 1633 2007 1688 obtenebrare.
2043 1629 2154 1686 Vos

2259 1631 2456 1685 εἴωθεν
2485 1633 2740 1704 συγχέειν
2773 1635 2868 1687 καὶ
2901 1635 3174 1698 σκοτίζειν
3194 1637 3286 1688 τὸν
3311 1635 3457 1690 νοῦν.
3475 1639 3534 1690 Oi
3562 1638 3619 1689 ἐν
3652 1637 3835 1690 σκότει

578 1721 752 1790 igitur
801 1725 891 1790 qui
920 1723 972 1777 in
1001 1726 1360 1780 amiCtionum
1397 1725 1640 1780 tenebris
1671 1725 1958 1780 constituti
1991 1725 2149 1789 estis,

2257 1716 2351 1775 οὖν
2388 1721 2642 1791 θλίψεως,
2675 1723 3006 1794 προσέλθετε
3038 1725 3113 1794 τῷ
3146 1725 3298 1796 Θεῷ,
3345 1725 3434 1779 διὰ
3463 1726 3558 1779 τοῦ
3584 1725 3837 1796 ἒκζητεῖν

579 1815 825 1869 accedite
854 1816 919 1868 ad
953 1831 1101 1882 eum,
1158 1826 1216 1870 ut
1245 1817 1706 1884 quemadmodum
1763 1833 1866 1887 ego
1894 1816 2020 1878 feci,
2056 1831 2154 1871 vos

2258 1812 2443 1875 αὐτὸν,
2489 1813 2564 1874 ὡς
2605 1813 2753 1881 ἐγώ·
2801 1808 2916 1867 καί
2950 1815 3290 1884 φωτίσθητε
3343 1819 3408 1888 τῇ
3441 1817 3676 1890 εὐθυμία
3723 1818 3837 1871 δια-

576 1905 694 1974 pari
724 1905 884 1959 modo
916 1921 1038 1960 eum
1071 1909 1396 1977 exquiratis.
1452 1908 1520 1961 Et
1573 1909 1996 1971 iliumiuamini;
2036 1910 2152 1979 ipsa

2260 1903 2599 1978 σκεδαςούσῃ
2630 1905 2728 1974 τὴν
2751 1905 2918 1975 ἀχλὺν
2947 1908 3046 1975 τῆς
3079 1906 3332 1977 Ολίψεως,
3362 1885 3458 1962 καὶ
3489 1910 3550 1962 οὐ
3705 1928 3842 1964 κατ-

574 1995 834 2049 nimirum
870 1996 1058 2050 laetitia
1122 2007 1287 2064 atque
1315 1997 1624 2065 alacritate,
1651 1999 2028 2053 calamitatum
2072 2009 2152 2053 te-

2260 1993 2589 2064 αισχυνοῆτε
2621 1997 2740 2057 ταῖς
2766 1995 2948 2048 ἐλπίσι
2982 1998 3080 2065 τῆς
3121 1999 3417 2069 σωτηρίας.
3455 2000 3844 2068 Ἀναγωγικῶ-

579 2085 780 2140 nebras
819 2101 883 2140 ac
931 2087 1220 2156 caliginem
1268 2087 1596 2158 dissipante,
1629 2106 1697 2144 ne
1737 2089 2151 2145 confundamini

2260 2102 2420 2154 τερον
2445 2084 2520 2148 δὲ,
2552 2086 2682 2154 περὶ
2725 2085 2821 2138 τοῦ
2854 2086 3012 2154 ἁγίου
3045 2087 3423 2156 βαπτίσματος
3465 2090 3498 2158 ή
3527 2090 3839 2160 προτροπῆ,

578 2177 746 2231 etiam
785 2192 920 2248 spe;
953 2194 1075 2248 spe,
1114 2179 1364 2249 inquam,
1395 2183 1610 2236 salutis.
1655 2181 1816 2237 Juxta
1849 2199 2152 2253 anagogen,

2262 2172 2676 2244 λαμπρύνοντος
2707 2173 2805 2244 τὴν
2835 2173 3036 2244 ψυχὴν,
3067 2177 3162 2230 καὶ
3201 2177 3259 2228 τὸ
3289 2177 3443 2246 ὄμμα
3469 2179 3672 2247 ταύτης
3698 2178 3838 2232 ἀνα-

574 2277 756 2338 potest
794 2271 908 2325 haec
965 2271 1257 2341 Propheta:
1291 2273 1606 2328 exhortatio
1660 2274 1729 2329 de
1758 2275 1947 2329 divino
1977 2275 2158 2343 bapti—

2265 2265 2642 2337 καθαίροντος.
2710 2267 2820 2319 Καὶ
2869 2267 2931 2319 οὐ
2997 2267 3072 2338 μὴ
3115 2269 3574 2339 καταισχυνθῆτε,
3627 2269 3718 2323 διὰ
3773 2270 3843 2323 τὸ

577 2367 757 2414 smate
830 2360 1082 2431 intelligi.
1124 2362 1401 2430 Accedite,
1467 2365 1665 2432 inquit,
1717 2364 1787 2418 ad
1849 2364 2054 2419 Christi
2097 2363 2159 2418 ii-

2264 2358 2676 2412 ἀπολούσασθαι
2714 2359 2784 2412 τὰ
2824 2361 2974 2414 αἴτια
3030 2361 3131 2429 τῆς
3183 2362 3466 2433 αἰσχύνης.
3524 2362 3604 2417 Τὰ
3642 2365 3845 2431 {060'-

576 2447 724 2510 dem,
771 2463 898 2511 vos,
939 2451 1032 2518 qui
1098 2451 1151 2504 in
1212 2467 1400 2506 errore
1453 2453 1613 2516 estis,
1668 2460 1722 2506 et
1769 2453 2153 2507 illumiuamini

2263 2465 2394 2504 ωπα
2449 2451 2508 2504 δὲ
2566 2451 2768 2520 ὑμῶν,
2837 2453 2961 2506 ἀντὶ
3028 2452 3162 2520 τοῦ,
3233 2456 3428 2526 ὑμεῖς,
3477 2455 3586 2510 ἀπδ
3636 2456 3842 2528 μέρους

575 2550 678 2606 per
731 2538 1106 2608 baptismum,
1155 2557 1264 2611 quo
1320 2545 1502 2596 anima
1552 2544 1849 2599 illuminari
1883 2546 2059 2610 solet,
2103 2555 2158 2600 et
2261 2542 2322 2595 τὸ
2362 2543 2491 2596 πᾶν.

577 2637 772 2691 anima:
807 2638 1004 2693 oculus
1035 2643 1254 2711 purgari
1282 2656 1297 2695 :
1331 2651 1386 2696 et
1417 2657 1524 2697 non
1548 2643 1986 2708 confundemini,
2019 2645 2147 2715 quia
2188 2657 2408 2696 omnem
2438 2642 2550 2697 illic
2582 2642 2929 2697 confusionis
2955 2642 3259 2706 materiam,
3327 2649 3493 2713 atque
3559 2642 3844 2715 originem

587 2728 849 2782 ahluetis.
907 2727 1092 2784 Facies
1153 2742 1333 2786 autem
1387 2744 1603 2799 uestrae,
1662 2737 2150 2806 circumloquendo
2188 2737 2345 2797 dixit,
2378 2750 2498 2802 pro,
2543 2750 2665 2798 vos,
2700 2737 2867 2790 veluti
2900 2744 3072 2790 totum
3109 2751 3137 2790 a
3170 2745 3345 2805 parte.

649 2815 816 2871 Vens.
847 2818 900 2872 7.
937 2817 1047 2873 I‘ste
1076 2836 1276 2890 pauper
1305 2822 1577 2887 clamavit,
1608 2834 1656 2878 et
1688 2826 1944 2880 Dominus
1980 2843 2118 2880 exau

2323 2821 2512 2890 Οὗτος
2552 2828 2584 2879 ὀ
2609 2825 2847 2893 πτωχὸς
2883 2825 3189 2893 ἑκέκραξε,
3223 2826 3320 2881 καὶ
3359 2829 3393 2881 ό
3446 2829 3660 2896 Κύριος
3696 2831 3831 2883 εισι

583 2908 714 2961 divit
744 2918 968 2970 eunt,'et
994 2926 1058 2964 ea:
1088 2911 1330 2966 omnibus
1362 2915 1798 2970 tribulationibus
1827 2917 1942 2983 ejus
1977 2918 2156 2970 salva-

2252 2918 2530 2984 ήκουσεν
2571 2916 2783 2981 αὐτοῦ,
2853 2917 2952 2971 καί
2997 2919 3064 2971 ἐκ
3128 2919 3344 2973 πασῶν
3401 2919 3518 2974 τῶν
3574 2923 3833 2990 θλίψεων»

583 3003 656 3054 vit
689 3018 828 3056 erant.
863 3003 1018 3067 Quod
1051 3006 1128 3057 ait
1162 3005 1282 3065 iste,
1314 3005 1748 3064 demonstrative
1813 3010 2014 3063 dictum
2052 3017 2158 3075 est,

2253 3010 2493 3065 ἔσωσεν
2525 3010 2732 3064 αὐτόν.
2768 3039 2815 3050 --
2864 3005 3075 3074 Οὗτος,
3152 3009 3424 3064 δεικτικὸν
3457 3028 3471 3042 ⁸
3530 3013 3843 3064 τουτέστιν.

581 3108 647 3148 ac
681 3095 727 3148 si
762 3095 969 3149 diceret
1015 3114 1028 3150 :
1069 3097 1184 3166 Ego
1226 3097 1342 3165 ipse
1366 3115 1528 3166 quem
1557 3102 1802 3155 cernitis.
1860 3101 2160 3171 Pauperem

2279 3099 2426 3169 Ἐγὼ
2455 3100 2514 3154 ὂν
2557 3102 2743 3171 ὁρᾶτε.
2781 3100 3002 3171 nmst
3032 3101 3088 3154 δὲ
3122 3101 3320 3154 ἑαυτὸν
3357 3103 3535 3168 καλεῖ,
3571 3103 3643 3166 ὡς
3680 3103 3849 3172 ἐνδεῆ

586 3197 770 3239 autem
796 3201 854 3240 se
885 3194 1063 3252 vocat,
1113 3189 1238 3256 quia
1274 3190 1520 3244 humano
1579 3191 1857 3260 indigebat
1911 3193 2112 3247 auxilio
2144 3209 2160 3259 ;

2272 3193 2452 3260 πάσης
2483 3193 2827 3264 ἐπικουρίας,
2863 3193 2894 3264 ἢ
2931 3194 3024 3246 καὶ
3051 3193 3137 3246 διὰ
3165 3193 3261 3266 τὴν
3287 3195 3564 3249 εὐτέλειαν
3617 3197 3710 3249 τοῦ
3745 3197 3849 3264 γέ-

585 3274 671 3330 Vel
703 3275 772 3328 oh
807 3273 1031 3328 humani
1065 3277 1282 3345 generis
1326 3280 1668 3333 tenuitatem.

1006 3276 1031 3328 li
1065 3277 1282 3345 generis
1326 3280 1668 3333 tenuitatem.
2271 3301 2396 3346 νους
2427 3283 2614 3338 αὐτοῦ.

657 3363 824 3420 Vens.
865 3365 918 3418 8.
953 3364 1446 3420 Castrametabitur
1472 3368 1692 3436 angelus
1731 3369 1941 3422 Domini
1971 3370 2026 3423 in
2053 3371 2160 3424 eir-
2189 3385 2232 3447 α

2338 3377 2717 3447 Παρεμϐαλεῖ
2740 3378 2997 3451 ἅγγελος
3039 3380 3261 3450 Κῳίου
3301 3381 3533 3447 κύκλῳ.
3559 3379 3676 3435 τῶν
3737 3397 3854 3450 5:0-

583 3456 1216 3520 cuitutimeutiumeum,
1255 3467 1304 3512 et
1350 3459 1535 3527 eripiet
1586 3475 1694 3516 eos.
1759 3460 1952 3517 Castra
2012 3465 2164 3534 ponit

2271 3469 2577 3539 σουμένων
2641 3472 2848 3526 αὐτόν.
2918 3473 3349 3542 Στρατοπεδεύει
3401 3472 3558 3544 πέριξ
3611 3473 3851 3525 ἕκαστον

592 3548 856 3604 Dominus
895 3550 1040 3604 circa
1089 3563 1531 3623 unumquemque
1587 3554 1867 3609 hominum
1934 3553 2047 3627 [qui
2094 3556 2164 3610 ti-

2274 3561 2410 3629 (l8),
2461 3563 2845 3634 περιτειχίζων
2872 3565 3056 3620 αὐτόν.
3099 3566 3239 3636 Ὅρα
3272 3566 3330 3619 δὲ
3364 3567 3464 3633 τὴν
3489 3566 3718 3635 δύναμιν
3749 3566 3846 3619 τοῦ

587 3649 699 3695 met
724 3641 918 3703 Deum.
982 3643 1135 3698 illum
1170 3645 1426 3699 nimirum
1487 3646 1754 3702 adversus
1796 3663 2011 3702 omnem
2069 3663 2170 3702 no-

2270 3653 2511 3720 φύ).ακος
2546 3656 2646 3725 τῆς
2679 3657 2911 3710 ἑκάστου
2963 3657 3108 3726 ζωῆς
3165 3657 3437 3725 ἀγγέλουο
3479 3651 3562 3721 εἷς
3606 3657 3718 3726 γὰρ
3751 3657 3832 3710 ὣν

585 3731 730 3784 xiam
767 3734 1023 3789 muniens
1058 3733 1500 3808 adversitatem].
1559 3734 1762 3790 Verum
1817 3736 1962 3792 illius
1992 3737 2169 3807 angeli

2269 3744 2376 3815 ὅλῳ
2417 3748 2632 3817 στρατῷ
2667 3749 3038 3820 παρείκασται
3069 3749 3208 3819 (19).
3276 3749 3650 3819 Φοόουμένους
3674 3748 3732 3801 δὲ
3760 3749 3851 3801 λέ-

583 3825 880 3890 potentiam
915 3825 1226 3888 considera,
1275 3826 1367 3896 qui
1427 3827 1864 3899 uniuscujusque
1923 3839 2171 3885 nostrum

2269 3852 2358 3906 γει
2386 3839 2512 3901 τοὺς
2543 3837 2847 3910 τηροῦντας
2872 3839 2974 3904 τὰς
3002 3839 3243 3904 ἐντολάς.
3281 3832 3358 3894 Οὗ
3376 3840 3482 3910 γὰρ
3531 3837 3721 3908 φόϐος,
3756 3841 3853 3892 ὲν-

589 3913 754 3967 vitam
810 3915 1076 3970 custodit.
1113 3915 1250 3970 Nam
1283 3930 1406 3972 cum
1463 3933 1609 3972 unus
1675 3933 1907 3972 numero
1957 3927 2170 3973 tantum

1113 3915 1250 3970 Nam
1283 3930 1406 3972 cum
1463 3933 1609 3972 unus
1675 3933 1907 3972 numero
1957 3927 2170 3973 tantum
2272 3929 2444 3982 στολῶν
2469 3929 2719 4000 τήρησις,

587 4003 680 4063 sit.
725 4004 984 4058 universo
1027 4005 1428 4074 atqueintegro
1476 4005 1722 4060 hostium
1759 4006 2022 4062 exercitui
2058 4011 2285 4072 resistit.
2339 4017 2620 4075 Timentes
2648 4029 2830 4075 autem
2901 4021 3188 4078 Dominum
3261 4039 3356 4079 eos
3430 4022 3687 4094 appellat,
3741 4004 3856 4093 qui

588 4097 735 4152 illius
769 4098 1068 4153 observant
1092 4099 1370 4156 mandata.
1435 4099 1540 4156 Ubi
1604 4100 1774 4165 enim,
1836 4101 2034 4171 inquit,
2089 4115 2172 4160 est
2209 4109 2394 4179 timor,
2430 4114 2502 4170 ibi
2532 4117 2694 4171 etiam
2732 4119 3111 4173 mandatorum
3143 4118 3464 4176 observatio,

660 4189 826 4244 Vens.
852 4189 908 4244 9.
933 4188 1154 4244 Gustate
1182 4199 1233 4244 et
1265 4192 1448 4256 uidete,
1479 4193 1728 4261 quoniam
1757 4192 1922 4248 bonus
1947 4203 2023 4248 est
2054 4193 2168 4250 Do-

2341 4206 2656 4261 Γεύσασθε
2685 4208 2782 4261 καὶ
2817 4207 2994 4273 ἴδετε,
3047 4209 3137 4264 ὅτι
3193 4210 3462 4278 χρηστὸς
3513 4211 3548 4264 ὁ
3603 4208 3851 4277 Κύριος.

589 4281 785 4338 minus.
814 4280 1374 4351 Cognoscite,inquit,
1405 4292 1458 4337 et
1483 4296 1618 4346 vos;
1652 4297 1748 4351 per
1770 4292 1993 4352 gustum
2021 4284 2168 4338 enim

2267 4298 2446 4352 Γνῶτε
2479 4300 2580 4364 καὶ,
2613 4299 2774 4368 ὑμεῖς
2807 4316 2822 4334 ο
2846 4300 3034 4368 γεῦσιν
3063 4301 3172 4370 γὰρ
3201 4300 3435 4355 ἐνταῦθα
3486 4300 3585 4372 τὴν
3641 4301 3855 4370 γνῶσιν

590 4373 679 4428 hic
707 4373 1102 4442 experientiam
1135 4373 1409 4444 intelligit.
1441 4373 1748 4430 Gustabitis
1802 4383 1984 4430 autem
2017 4375 2161 4446 (20),

2274 4389 2558 4460 ὀνομάζει.
2623 4391 2750 4454 Πῶς
2805 4391 2862 4446 δὲ
2927 4391 3241 4460 γεύσεσθε;
3294 4392 3356 4445 Et
3422 4391 3675 4460 καθάπερ
3729 4372 3882 4459 ιγὼ’

593 4465 638 4519 si
670 4466 774 4518 mei
806 4464 1057 4534 exemplo
1075 4479 1141 4518 ex
1176 4473 1291 4519 tota
1319 4466 1385 4520 ad
1418 4481 1543 4520 eum
1569 4466 1746 4520 anima
1773 4467 2167 4533 clamaveritis,

2273 4483 2525 4555 κράξετε,
2562 4484 2612 4538 εί
2636 4485 2971 4556 ὲκζητήσετε
3002 4485 3168 4539 αὑτὸν
3189 4485 3515 4556 ὁλοσχερῶς,
3573 4486 3624 4538 εί
3687 4483 3847 4538 ἐλπί-

594 4553 679 4606 vel
709 4551 757 4606 si
783 4552 1197 4621 exquisiveritis
1226 4568 1350 4607 eum
1378 4554 1693 4625 diligenter,
1736 4555 1782 4610 si
1845 4570 1954 4610 non
1998 4556 2173 4611 ambi-

2274 4551 2396 4630 σετε
2425 4577 2514 4630 ἐπ’
2544 4575 2706 4630 αὑτὸν
2737 4551 3094 4640 ἀδιστάκτως.
3129 4551 3505 4648 Προτρίῠπεται
3539 4575 3595 4629 δὲ
3625 4576 3719 4628 καὶ
3748 4575 3849 4629 ἄλ-

590 4653 752 4713 guam
784 4641 838 4698 in
865 4642 958 4697 illo
987 4658 1140 4713 spem
1177 4646 1550 4703 servaveritis.
1577 4644 1673 4701 Vel
1701 4646 1880 4712 aliter,
1907 4646 2173 4702 exhorta-

2271 4667 2381 4731 λως
2459 4669 2542 4731 είς
2615 4669 2716 4738 τὴν
2764 4667 3069 4740 μετάληψιν
3127 4667 3222 4723 τοῦ
3273 4670 3608 4722 Δεσποτικοῦ
3653 4665 3853 4737 σῶμα-

592 4745 684 4788 tur
708 4748 808 4789 nos
833 4732 1107 4806 Propheta
1133 4734 1199 4789 ad
1232 4734 1501 4792 Dominiei
1529 4737 1777 4806 corporis
1802 4751 1868 4792 ac
1889 4738 2174 4807 sanguinis

2273 4777 2368 4823 τος
2417 4759 2511 4813 καὶ
2580 4761 2833 4832 αἵματος,
2895 4753 2972 4814 ὧν
3021 4762 3072 4814 el
3163 4761 3449 4832 γευόμενοι
3537 4759 3702 4824 ἀξίως
3756 4758 3855 4812 εὖ·

591 4820 1113 4891 participationem:
1151 4837 1274 4894 quae
1333 4823 1444 4879 duo
1486 4839 1679 4880 omnes
1712 4823 1806 4894 qui
1851 4825 2017 4895 digne
2070 4843 2168 4897 gu-

2275 4820 2375 4914 θὺς
2460 4820 2830 4907 αἰσθάνονται,
2873 4852 2973 4924 τῆς
3055 4820 3211 4923 παρα
3285 4820 3439 4906 ὀεοῦ·
3491 4820 3695 4922 ῥοπῆς
3754 4851 3855 4904 καὶ

595 4911 887 4978 slaverint,
929 4913 1168 4970 sentient
1191 4914 1296 4971 sibi
1327 4916 1512 4972 statim
1545 4918 1687 4972 vires
1715 4926 1881 4986 atque
1909 4917 2171 4971 auxilium
2273 4911 2548 5015 βοήθειας,

595 5003 840 5071 praestari
865 5017 895 5056 a
932 5003 1064 5059 Deo.
2203 5065 2206 5067 _

665 5091 862 5148 Beatus
899 5095 978 5149 uir
1006 5097 1096 5165 qui
1125 5107 1304 5166 sperat
1335 5099 1392 5152 in
1420 5115 1500 5154 eo.
1538 5096 1673 5152 Nam
1743 5098 1788 5153 si
1849 5097 2174 5156 maledictus

2342 5096 2647 5165 Μακάριος
2675 5096 2854 5166 ἀνὴρ,
2887 5097 2956 5162 ὃς
2981 5097 3204 5158 ἐλπίζει
3225 5097 3319 5152 ἐπ’
3353 5095 3563 5151 αὐτόν.
3613 5095 3679 5148 Ei
3741 5097 3858 5166 γὰρ

595 5182 765 5242 homo
787 5194 874 5240 est
901 5187 993 5255 qui
1034 5197 1221 5256 sperat
1251 5189 1307 5244 in
1336 5189 1575 5252 homine.
1609 5199 1802 5246 contra
1843 5192 1950 5247 erit
1982 5193 2173 5247 beatus

2272 5189 2686 5259 itmxasdpatoc
2715 5191 2744 5243 ὁ
2783 5189 3018 5252 ἐλπίζων
3075 5188 3164 5241 ἐπ’
3189 5188 3498 5259 ἄνθρωπον,
3536 5186 3857 5242 τούναντίον

591 5275 687 5344 qui
715 5286 902 5346 sperat
928 5277 981 5332 in
1018 5277 1150 5332 Deo.

2285 5282 2556 5352 μακάριος
2586 5280 2614 5332 ὁ
2642 5279 2878 5343 ἐλπίζων
2907 5279 3000 5332 ἐπὶ
3030 5278 3255 5352 Κύριον.

663 5367 828 5425 Vens.
845 5368 932 5425 10.
955 5367 1156 5424 Timete
1172 5369 1473 5437 Dominum,
1491 5387 1668 5426 omnes
1683 5372 1856 5426 sancti
1871 5372 2009 5442 ejus.
2029 5370 2172 5428 San-

2351 5370 2653 5438 Φοϐήθητε
2689 5369 2798 5424 τὸν
2821 5369 3058 5436 Κύριον,
3121 5370 3343 5434 πάντες
3371 5370 3427 5424 οι
3455 5355 3606 5438 cii-tos
3637 5368 3854 5424 αὐτοῦ.

596 5469 720 5517 ctos
757 5475 853 5518 eos
881 5469 1059 5529 vocat,
1091 5461 1185 5532 qui
1214 5463 1326 5518 Deo
1366 5463 1534 5519 oblati
1563 5475 1726 5534 atque
1759 5464 1808 5520 ei
1840 5465 2170 5521 sanctiﬁcati

2291 5461 2510 5532 ’Δγίους
2536 5461 2687 5530 λέγει
2716 5446 2843 5524 τοὺς
2874 5460 3308 5531 ἅφωσιωμένους
3362 5461 3442 5532 τῷ
3485 5460 3630 5531 Θεῷ.
3672 5458 3858 5528 Φοϐή-

1945 5642 2140 5707 Variaa
2163 5640 2500 5706 lectiones.

698 5766 782 5837 i8)
816 5767 899 5822 Al.
927 5769 1182 5824 ἑκάστου.
1955 5797 1959 5800 ·

2358 5768 2472 5830 (20)
2509 5767 2691 5822 Graeca
2723 5766 2885 5837 verba
2920 5763 2992 5818 ita
3023 5771 3224 5837 sonant
3256 5780 3270 5816 :
3299 5763 3578 5832 Quomodo
3596 5762 3865 5837 'gustabi-

694 5839 776 5903 i9;
800 5838 885 5893 ισ.
916 5839 1276 5912 παρίσταται.
2288 5851 2302 5894 t

2288 5841 2354 5895 tis
2387 5839 2412 5895 ?
2436 5838 2494 5896 Si
2522 5839 2769 5893 nimirum
2799 5836 3120 5905 domabilis,
3155 5843 3211 5889 ut
3240 5851 3349 5906 ego.
