4114 6208
304 190 411 252 335

1457 196 1850 261 COMMENT.
1889 201 1970 262 IN
2012 199 2368 263 PSALMOS.

3453 208 3561 274 386

306 302 434 372 θητε
467 301 581 367 οὖν,
615 301 749 355 διότι
778 302 806 355 6
842 303 1010 372 φόϐος
1047 305 1142 359 τοῦ
1186 304 1322 360 Θεοῦ
1360 307 1552 379 δεσμεῖ
1599 313 1699 374 τὰς
1753 313 1879 366 ἀτά-

2000 327 2140 374 sunt.
2169 317 2378 370 Timete
2401 315 2564 387 igitur
2597 315 2907 382 Dominum,
2956 316 3086 388 quia
3145 301 3456 386 huiusmodi
3490 327 3565 375 tl-

304 409 463 456 κτους
486 393 686 464 ὁρμάς.
709 397 1084 464 Καθήλωσον
1107 399 1235 471 γὰρ,
1255 404 1442 472 φησιν,
1467 404 1534 458 ἐκ
1565 403 1675 458 τοῦ
1693 406 1884 473 φόϐου

304 498 418 536 σου
449 485 556 547 τὰς
577 485 811 552 σάρκας
835 505 976 557 μου.
1020 485 1152 544 Εἶτα
1192 493 1390 562 ἐπάγει
1411 494 1507 548 καὶ
1553 494 1617 549 τὸ
1649 496 1758 548 ἀπὸ
1787 495 1882 549 τοῦ

307 570 475 637 φόϐου
515 571 730 640 κέρδος.

381 661 506 716 Ὅτι
542 664 656 718 οὐκ
716 664 890 720 ἔστιν
939 669 1250 740 ὑστέρημα
1310 672 1439 740 τοῖς
1495 675 1885 744 φοϐουμένοις

306 755 520 810 αὐτόν.
550 757 614 809 Οἱ
646 757 754 828 γὰρ
781 760 870 811 τὸν
905 762 1049 815 Θεῑον
1077 763 1249 832 φόϐον
1276 767 1336 819 ὲν
1379 769 1444 838 τῇ
1475 767 1621 839 ψυχῇ
1681 771 1885 838 φυτεύ-

314 864 533 915 σαντες,
567 848 668 902 οὐκ
703 850 1041 908 ἐλλείπουσιν
1067 857 1150 920 είς
1179 857 1408 928 ἀρετὴν,
1435 859 1530 913 τοῦ
1563 860 1733 930 φόϐου
1761 862 1888 916 τού-

309 959 437 1006 τους
467 941 898 1010 ἀναγκάζοντος.
949 948 1110 1001 Ἔστι
1141 950 1199 1003 δὲ
1233 952 1330 1005 καὶ
1370 951 1548 1016 ἄλλως
1578 955 1774 1022 είπεῖν,
1807 957 1890 1009 ὅτι

309 1033 410 1085 οὐκ
436 1033 580 1085 ἐστιν
599 1034 866 1106 ἔλλειμμα
892 1038 1124 1103 τούτοις.
1161 1043 1385 1112 Ἔχουσι
1409 1046 1517 1115 γὰρ
1544 1045 1744 1116 ἔνδυμα
1766 1048 1886 1116 μὲν,

313 1123 377 1174 τὸ
409 1126 554 1178 θεῖον
578 1125 866 1198 βάπτισμα
884 1147 899 1162 ο
925 1132 1134 1203 τροφὴν
1163 1133 1242 1200 δὲ,
1270 1137 1371 1204 τὴν
1392 1137 1486 1190 τοῦ
1515 1137 1663 1192 Θείου
1703 1138 1892 1208 σῶμα·

315 1230 408 1276 τος
435 1217 529 1268 καὶ
560 1217 792 1286 αἵματος
826 1236 840 1266 τ
866 1222 1036 1275 ὅπλον
1065 1223 1144 1288 δὲ,
1167 1225 1260 1278 τὸν
1289 1226 1473 1296 τίμιον
1512 1229 1769 1301 σταυρὸν,
1797 1231 1891 1286 καὶ

318 1305 525 1372 ἁπλῶς,
562 1302 636 1362 ὧν
670 1311 975 1382 χρῄζουσιν
995 1315 1349 1373 ἀπολαύουσι.

382 1541 671 1597 Πλούσιοι
720 1545 1112 1617 ἐπτώχευσαν
1162 1553 1262 1607 καὶ
1329 1555 1696 1613 ἐπείνασαν
1731 1563 1787 1616 οἱ
1821 1560 1891 1616 δὲ

1991 425 2115 465 mor
2151 409 2494 463 inordinatos
2530 417 2713 465 motus
2737 416 2980 463 coercet.
3005 408 3219 480 Confige
3255 411 3426 476 enim,
3474 411 3566 464 in-

1986 501 2129 572 quit,
2159 501 2347 554 timore
2378 511 2469 553 tuo
2495 515 2682 554 carnes
2707 515 2873 555 meas.
2899 499 3105 556 Deinde
3134 500 3299 556 infert
3325 501 3562 567 lucrum,

1987 593 2130 662 quod
2166 593 2236 648 ab
2267 593 2380 648 isto
2418 592 2672 663 provenit
2697 593 2918 655 timore.

2065 711 2332 777 Quoniam
2403 729 2507 767 non
2581 721 2660 768 est
2724 713 2946 783 defectio
3041 713 3346 768 timentibus
3420 730 3561 770 eum.

1988 801 2124 857 Nam
2209 803 2302 874 qui
2356 804 2448 858 Dei
2529 804 2778 859 timorem
2863 804 2916 857 in
2975 819 3073 858 sua
3145 804 3327 857 anima
3410 803 3565 873 plan-

1990 903 2269 960 laverunt,
2304 911 2588 965 nunquam
2619 910 2650 949 a
2683 895 2902 950 virtutis
2919 896 3244 964 operatione
3271 894 3562 959 deficiunt,

1990 993 2219 1056 cogente
2252 999 2350 1040 eos
2381 985 2594 1040 timore.
2624 983 2930 1040 Possumus
2959 985 3127 1039 etiam
3163 983 3370 1048 dicere,
3419 985 3563 1050 quod

1995 1074 2322 1131 timentibus
2360 1073 2650 1129 Dominum
2685 1075 2831 1128 nulla
2873 1085 2956 1130 est
2997 1075 3236 1131 defectio
3276 1076 3450 1146 :quia
3511 1087 3567 1130 et

1989 1176 2145 1224 veste
2173 1167 2318 1222 sacri
2375 1166 2722 1237 baptismatis
2771 1167 2944 1222 induti
3024 1177 3174 1233 sunt,
3231 1176 3286 1223 et
3341 1181 3570 1238 corpore

1990 1276 2056 1316 ac
2087 1261 2354 1330 sanguine
2385 1259 2596 1315 Domini
2629 1269 2956 1323 vescuntur,
2984 1270 3038 1314 et
3096 1262 3204 1315 telo
3242 1259 3428 1315 crucis
3477 1275 3570 1315 ar-

1993 1351 2124 1404 mati
2163 1358 2292 1404 sunt
2324 1364 2339 1402 :
2369 1357 2422 1404 et
2454 1349 2692 1421 denique
2716 1349 2844 1421 quia
2865 1351 3198 1406 necessariis
3225 1350 3570 1422 quibuscun-

1991 1457 2099 1512 que
2119 1441 2282 1497 rebus
2303 1441 2580 1497 fruuntur.

2062 1559 2231 1617 Vens.
2264 1561 2352 1616 11.
2385 1560 2582 1616 Divite:
2613 1570 2866 1631 eguerunt
2897 1569 2944 1615 et
3003 1561 3303 1615 esui-ierunt
3325 1601 3342 1627 ,
3379 1562 3568 1632 exqui-

309 1628 698 1700 ὲκζητοῦντες
759 1639 868 1691 τὸν
906 1639 1126 1709 Κύριον
1193 1647 1306 1700 οὐκ
1359 1648 1888 1720 ἐλαττωθήσονται

2000 1664 2166 1709 rentes
2221 1663 2395 1708 autem
2485 1652 2770 1706 Dominum
2850 1669 2951 1705 non
3008 1653 3368 1707 diminuentur
3426 1655 3569 1707 omni

309 1723 540 1790 παντὸς
577 1727 826 1796 ἀγαθοῦ.
861 1731 1046 1786 Εἰπὼν
1083 1736 1284 1790 ὅτιούκ
1316 1737 1466 1794 ἐστιν
1495 1741 1680 1807 αὐτοῖς
1729 1744 1891 1798 ὑστέ-

315 1829 495 1908 ρημα.
524 1819 812 1874 πιστοῦται
834 1823 1104 1894 τὸνλόγον
1130 1829 1528 1896 ἀποδεικτικῶς
1545 1849 1559 1862 '
1578 1835 1629 1887 oi
1662 1836 1760 1906 μὲν
1782 1836 1915 1908 γάρ·

314 1906 563 1962 πλούσιοι
594 1911 686 1964 τοῦ
727 1912 846 1982 βίου
867 1915 1082 1982 τούτου,
1108 1919 1457 1991 ὲπτώχευσαν
1484 1925 1765 1993 πολλάκις,
1797 1906 1893 1982 καὶ

311 1996 609 2053 ἐπείνασαν
633 2015 650 2034 ο
677 2002 1108 2072 εὐμετάπτωτος
1140 2008 1250 2080 γὰρ
1282 2011 1310 2063 6
1329 2011 1591 2083 αἰσθητὸς
1635 2015 1894 2080 πλοῦτος,

318 2088 413 2140 καὶ
453 2089 707 2154 ἄπιστος.
745 2093 810 2144 Oi.
841 2092 897 2145 δὲ
921 2094 1009 2147 διά
1047 2095 1142 2149 τοῦ
1158 2097 1301 2150 Θείου
1335 2100 1502 2168 φόϐου
1529 2102 1625 2156 καὶ
1652 2103 1750 2174 τῆς
1779 2105 1898 2158 ὀδοῦ

319 2175 428 2227 τῶν
455 2177 687 2229 ἐντολῶν
743 2179 1103 2249 ὲκζητοῦντες
1149 2185 1240 2238 τὸν
1304 2187 1513 2257 Κύριον
1564 2190 1662 2243 οὐκ
1717 2193 1901 2263 ἐνδεή-

321 2279 479 2317 σουσι
509 2267 712 2330 παντὸς
743 2270 972 2338 ἀγαθοῦ,
1003 2274 1363 2345 δηλονότιτοῦ
1387 2279 1760 2350 ἀποκειμένου
1788 2287 1901 2346 τοῖς

320 2355 751 2427 εὐηρεστηκόσιν
782 2361 950 2433 αὐτῷ.
977 2365 1099 2418 Τῶν
1129 2367 1237 2438 γὰρ
1280 2368 1643 2440 ἀνθρωπίνων
1677 2373 1900 2441 ἀγαθῶν

319 2447 416 2497 καὶ
455 2448 596 2500 πάνυ
639 2451 975 2520 ἐνδεήσουσι,
1003 2455 1089 2509 διὰ
1140 2459 1332 2529 στενῆς
1376 2461 1472 2513 καὶ
1531 2462 1899 2534 τεθλιμμένης

314 2534 440 2586 ὀδοῦ
472 2535 802 2604 βαδίζοντες.
841 2541 1152 2594 Αίνίττεται
1202 2544 1258 2597 δὲ
1316 2547 1344 2599 6
1399 2545 1558 2614 λόγος
1621 2550 1716 2601 καὶ
1771 2550 1897 2612 τοὺς

327 2624 638 2694 Ἰουδαίους,
667 2628 716 2682 οἳ
752 2630 998 2685 πλούσιοι
1044 2635 1317 2706 πρότερον
1362 2637 1514 2701 ὅντες
1574 2641 1633 2693 ὲν
1681 2641 1893 2707 πόλεσι,

313 2718 412 2769 καὶ
436 2718 628 2790 πλήθει
656 2723 918 2791 στρατοῦ,
957 2726 1051 2778 καὶ
1093 2727 1172 2798 τῷ
1201 2731 1537 2802 περιωνύμῳ
1598 2732 1734 2802 ναῷ,
1799 2735 1896 2787 καὶ

309 2814 395 2883 ’τῷ
417 2815 542 2887 θείῳ
569 2819 740 2888 νόμῳ,
762 2823 857 2874 καὶ
883 2824 949 2892 τῇ
981 2823 1115 2895 πρὸς
1143 2825 1275 2879 Θεδν
1304 2827 1512 2898 ὁμιλίᾳ,
1544 2827 1898 2899 ὲπτὼχευσαν

314 2906 528 2959 τούτων
563 2909 806 2976 πάντων,
837 2913 1026 2985 ἐπειδὴ
1056 2915 1149 2969 τὸν
1195 2916 1452 2973 πλούσιον
1510 2919 1570 2971 ὲν
1599 2919 1761 2984 ἐλέει,
1803 2921 1900 2972 καὶ

313 2995 537 3065 πτωχὸν
566 2997 634 3050 δι’
665 2999 813 3068 ἡμᾶς
865 3003 1194 3057 ἀπέκτειναν
1231 3007 1494 3076 ἀνοήτως,
1543 3010 1638 3063 καὶ
1683 3011 1902 3063 ἐπείνα-

321 3101 449 3145 σαν,
477 3086 722 3142 διότιτδν
751 3091 916 3160 ἄρτον
958 3094 1056 3163 τῆς
1101 3093 1246 3165 ζωῆς
1299 3099 1508 3152 ἀνεῖλον
1535 3114 1553 3132 ⁸
1588 3101 1636 3152 οἱ
1688 3100 1745 3154 δὲ
1812 3103 1900 3153 ix-

315 3174 620 3317 ξητοῦντες
647 3181 738 3234 τὸν
763 3182 971 3254 Κύριον
999 3187 1063 3253 ἐξ
1123 3187 1294 3242 ἐθνῶν
1345 3190 1672 3264 αὑξήσουσιν
1701 3193 1782 3247 ἔτι
1809 3197 1903 3246 καὶ

347 3282 423 3317 τι.

347 3282 423 3320 τι.

1995 1743 2148 1799 bono.
2219 1743 2354 1799 Cum
2422 1744 2626 1798 nullam
2685 1757 2807 1798 esse
2856 1743 3252 1801 asseveravcrit
3301 1743 3568 1798 defectio-

1996 1853 2116 1892 nem
2145 1836 2214 1891 iis
2241 1837 2333 1907 qui
2367 1836 2564 1890 timent
2591 1834 2906 1911 Dominum,
2969 1850 3115 1889 [tunc
3165 1835 3410 1890 sermoni
3465 1849 3568 1891 suo

1997 1926 2154 1981 iidem
2184 1926 2336 1991 facit,
2372 1925 2581 1979 docens
2613 1925 2894 1992 quomodo
2926 1925 3087 1993 hujus
3127 1926 3314 1980 saeculi
3367 1925 3566 1982 divites

1997 2017 2200 2086 saepius
2229 2015 2407 2070 eii‘eeti
2432 2023 2559 2068 sunt
2588 2028 2879 2082 pauperes,
2915 2022 2970 2068 et
3025 2014 3173 2069 fame
3206 2016 3408 2069 vexati.
3433 2014 3572 2070 Ter-

2001 2122 2146 2162 rente
2180 2107 2330 2161 enim
2364 2105 2571 2158 divitiae
2609 2102 2839 2157 fallaces
2868 2110 3023 2168 sunt,
3052 2113 3107 2157 et
3140 2118 3284 2172 sarpe
3325 2118 3577 2156 commu-

2003 2207 2223 2265 tantur,
2255 2213 2319 2252 ac
2347 2197 2612 2252 decidunt
2639 2214 2653 2251 :
2691 2204 2886 2249 contra
2915 2209 3046 2249 vero
3077 2208 3293 2259 omnes,
3350 2194 3442 2263 qui
3479 2209 3580 2265 per

2003 2289 2096 2344 Dei
2144 2290 2395 2343 timorem
2455 2301 2518 2341 ac
2548 2285 2928 2339 mandatorum
2995 2282 3436 2337 observationem
3478 2282 3582 2336 Do-

2001 2383 2210 2435 minum
2249 2386 2528 2449 quaerunt,
2561 2377 2728 2432 nullis
2764 2390 3004 2443 unquam
3034 2374 3194 2428 bonis
3227 2373 3572 2444 indigebunt,

1998 2485 2061 2524 ex
2132 2470 2200 2524 iis
2244 2468 2502 2524 nimirum
2545 2481 2668 2536 qua:
2728 2464 2967 2534 reposita
3025 2470 3158 2518 sunt
3223 2461 3579 2533 diligentibus

1999 2560 2315 2614 Dominum.
2371 2558 2640 2612 Humanis
2695 2555 2842 2610 enim
2904 2553 3066 2608 bonis
3121 2568 3283 2622 quam
3341 2553 3580 2606 maxime

1998 2649 2338 2718 indigebunt,
2371 2661 2492 2700 cum
2538 2660 2632 2713 per
2664 2654 2870 2696 arctam
2921 2640 3270 2694 amictiomun
3308 2653 3371 2692 ac
3402 2648 3578 2692 tenta-

1999 2742 2208 2794 tionnm
2251 2738 2392 2792 viam
2425 2737 2505 2791 eis
2537 2733 2900 2789 incedendum
2935 2732 3028 2787 sit.
3078 2729 3363 2785 Pertinere
3409 2729 3576 2782 etiam

1999 2829 2256 2885 videntur
2287 2828 2402 2880 haec
2431 2824 2595 2879 verba
2628 2823 2695 2877 ad
2742 2821 2982 2888 Judaeos,
3042 2822 3135 2890 qui
3197 2820 3326 2874 olim
3376 2819 3579 2873 divites

2012 2921 2254 2981 filerunt,
2290 2918 2575 2971 civitatum
2601 2915 2814 2969 scilicet
2841 2928 2906 2968 ac
2940 2913 3175 2966 militum
3216 2910 3395 2980 copia,
3428 2911 3580 2964 insu-

2007 3024 2100 3078 per
2123 3015 2174 3061 et
2205 3005 2563 3060 celeberrimo
2595 3003 2690 3057 illo
2738 3002 2962 3071 templo,
2993 3000 3180 3054 divina
3217 3000 3334 3068 lege
3361 3006 3413 3052 et
3445 3014 3582 3053 con-

2008 3099 2321 3154 versatione
2355 3095 2469 3160 Dei,
2504 3109 2566 3149 ac
2600 3093 2861 3163 deinceps
2904 3092 2986 3146 his
3050 3090 3309 3145 omnibus
3364 3089 3581 3160 privati.

2011 3202 2277 3258 pauperes
2303 3183 2481 3240 eﬂ'ecti
2505 3190 2652 3248 sunt,
2705 3197 2768 3237 ea
2836 3180 3098 3235 nimirum
3163 3179 3396 3245 ratione,
3452 3178 3582 3249 quia

2016 3281 2300 3335 Dominum
2328 3281 2511 3332 Jesum
2544 3271 2924 3331 misericordia
2959 3273 3208 3338 divitem,
3269 3281 3324 3325 et
3363 3287 3569 3343 paupe-

320 3374 435 3414 rem
465 3360 719 3418 eii‘ectum
752 3375 976 3438 propter
1005 3385 1127 3437 nos,
1199 3370 1678 3443 impudentissime
1745 3376 2069 3434 occiderunt
2113 3391 2126 3428 :
2178 3373 2379 3444 quique
2437 3370 2770 3437 esurierunt,
2824 3380 3112 3442 postquam
3173 3383 3364 3425 verum
3421 3367 3576 3421 illum

319 3455 450 3510 vita:
480 3474 674 3528 panem
711 3460 780 3518 de
811 3463 993 3521 medio
1015 3468 1384 3525 sustulerunt.
1458 3469 1674 3528 Fideles
1747 3482 1928 3530 autem
2008 3471 2104 3542 qui
2154 3486 2219 3525 ex
2289 3468 2541 3540 gentiLus
2599 3466 2840 3536 fuerunt,
2889 3474 3200 3536 quaerentes
3271 3461 3585 3519 Dominum.

314 3551 573 3606 omnibus
604 3555 764 3612 bonis
791 3559 955 3613 etiam
996 3571 1159 3633 atque
1199 3563 1362 3619 etiam
1397 3565 1543 3621 aucti
1583 3575 1740 3622 sunt.

392 3647 590 3712 Δεῦτε,
629 3649 830 3719 τέκνα,
886 3640 1188 3712 ἀκούσατέ
1242 3678 1385 3729 μου,
1431 3663 1621 3731 φόϐον
1668 3665 1890 3733 Κυρίου

320 3732 544 3799 διδάξω
569 3739 746 3808 ὑμᾶς.
775 3743 926 3816 Αὕτη
956 3747 1274 3802 διδασκάλου
1307 3754 1463 3821 φωνή
1486 3768 1499 3782 ’
1536 3755 1726 3806 τέκνον
1757 3732 1892 3826 γάρ

318 3827 351 3878 6
383 3829 630 3902 μαθητὴς
661 3833 754 3886 τοῦ
780 3834 1148 3902 διδάσκοντος,
1175 3841 1544 3910 πλαττόμενος
1578 3844 1894 3913 είςάρετὴν,

321 3919 421 3969 καὶ
447 3914 554 3973 οἷον
581 3927 979 3996 μορφούμενος.
1004 3929 1176 3982 Φόϐον
1203 3931 1259 3984 δὲ
1291 3933 1498 4000 Κυρίου
1525 3929 1703 3998 εἶπεν,
1758 3935 1894 4003 πρὸς

317 4008 733 4084 ἁντιδιαστολὴν
758 4016 851 4069 τοῦ
884 4019 1052 4087 φόϐου
1086 4019 1181 4072 τοῦ
1248 4020 1530 4091 δαίμονος,
1578 4021 1636 4073 ὃν
1689 4023 1897 4087 ἐκεῖνος

320 4098 566 4165 ἐμποιεῖ,
591 4107 720 4176 περὶ
753 4101 814 4160 οὗ
846 4125 1010 4181 φησιν
1031 4113 1088 4164 ὲν
1121 4112 1302 4176 ἄλλοις
1335 4127 1349 4141 ·
1394 4113 1536 4168 Ἀπὸ
1583 4115 1778 4182 φόϐου
1808 4115 1903 4185 ἐχ·

319 4191 472 4260 θροῦ
505 4195 722 4260 ἐξελοῦ
753 4199 869 4268 τὴν
887 4203 1100 4271 ψυχήν
1130 4222 1271 4273 μου.

2066 3664 2236 3720 Vsus.
2271 3665 2357 3718 12.
2397 3663 2580 3718 Venite
2615 3663 2740 3730 ﬁlii,
2771 3661 2949 3714 audite
2976 3675 3077 3726 me,
3104 3659 3343 3710 timorem
3373 3650 3583 3705 Domini

1995 3754 2187 3808 docebo
2219 3767 2327 3805 vos.
2359 3751 2454 3804 Est
2489 3752 2578 3803 hic
2612 3749 2856 3818 quidam,
2880 3747 3046 3800 veluti
3075 3742 3451 3814 praeceptoris,
3478 3753 3574 3792 seu

1999 3839 2244 3893 doctoris
2281 3851 2482 3912 sermo.
2518 3837 2708 3889 Solent
2743 3837 2888 3888 enim
2929 3833 3187 3886 doctores
3249 3829 3450 3882 habere
3495 3825 3585 3879 di-

2003 3929 2246 3998 scipulos
2269 3927 2507 3980 ﬁliorum
2535 3926 2678 3990 loco,
2708 3940 2773 3978 eo
2801 3923 2948 3992 quod
3007 3922 3213 3992 ﬁngant
3269 3918 3395 3973 illos
3447 3931 3588 3987 quo-

2003 3997 2300 4077 dammodo
2353 4033 2417 4074 ac
2452 4017 2689 4071 forment
2715 4016 2780 4069 ad
2807 4015 3039 4068 virtutes
3073 4010 3163 4083 [ac
3218 4023 3358 4079 pene
3413 3997 3585 4062 veluti

2011 4113 2134 4170 novi
2163 4121 2344 4182 patres
2387 4126 2483 4167 eos
2527 4109 2723 4164 iterum
2757 4103 3064 4178 gez.erent.]
3095 4102 3368 4158 Timorem
3402 4111 3584 4160 autem
3649 4137 3664 4154 .

2013 4205 2226 4261 Domini
2255 4205 2414 4269 dixit,
2443 4202 2510 4258 ad
2547 4200 2954 4256 distinctionem
3010 4196 3227 4252 timoris
3253 4193 3585 4249 daemonum.

321 4287 517 4345 Potest
581 4292 778 4346 etenim
832 4302 888 4349 et
937 4295 1149 4350 daemon
1221 4298 1473 4354 timorem
1531 4297 1798 4366 incutere,
1847 4299 1912 4354 de
1949 4310 2059 4370 quo
2127 4295 2259 4352 alibi
2334 4293 2601 4365 scriptum
2656 4299 2784 4347 est:
2832 4289 2877 4344 Α
2935 4288 3124 4343 timore
3178 4287 3383 4341 inimici
3448 4284 3590 4352 eripe

320 4387 559 4437 animam
581 4401 752 4439 meam
779 4387 844 4444 ⁸ο.

405 4475 497 4537 Τίς
525 4475 697 4530 ἐστιν
718 4475 1050 4546 ἄνθρωπος,
1083 4481 1116 4534 ὁ
1155 4481 1346 4536 θέλων
1375 4482 1529 4550 ζωήν
1557 4503 1578 4552 ;
1618 4484 1892 4556 Είρηκὼς,

2073 4475 2243 4532 Vsus.
2282 4471 2372 4528 l3.
2407 4471 2539 4539 Quis
2561 4481 2641 4526 est
2668 4470 2844 4534 homo,
2880 4467 2972 4539 qui
3018 4466 3130 4522 vult
3184 4465 3346 4521 vitam
3373 4465 3403 4521 1
3465 4461 3584 4520 Non

325 4563 522 4631 δεῦτε,
567 4565 630 4619 οὐ
655 4567 864 4631 πάντας
894 4570 1073 4636 καλεῖ,
1105 4571 1242 4628 ἀλλά
1275 4573 1330 4626 si
1369 4591 1455 4639 τις
1515 4577 1665 4631 ϐέλει
1727 4577 1897 4648 ζωὴν,

333 4654 393 4705 οὐ
445 4655 546 4726 τὴν
597 4656 786 4728 κοινὴν
845 4657 1067 4730 ταύτην,
1143 4661 1209 4731 ἢν
1284 4664 1378 4717 καὶ
1444 4665 1512 4718 τά
1577 4663 1746 4735 ἄλογα
1811 4667 1902 4738 ζῇ,

329 4745 473 4800 ἀλλά
495 4747 596 4818 τὴν
645 4748 838 4814 ὅντως,
916 4751 1017 4821 τὴν
1100 4753 1270 4808 ἀΐδιον
1301 4771 1315 4786 ’
1371 4757 1405 4826 ἡ
1475 4759 1585 4828 γὰρ
1655 4758 1907 4828 παροῦσα

327 4837 564 4901 Θάνατος
595 4839 798 4908 μᾶλλόν
856 4841 973 4894 ἐστι
1034 4844 1161 4914 περὶ
1215 4840 1284 4917 ἦς
1327 4844 1511 4915 ἔλεγεν
1557 4849 1585 4901 6
1649 4849 1908 4902 ’Λπόστο-

321 4929 424 4990 λος
443 4943 456 4955 ·
496 4930 591 4996 Τίς
612 4947 688 4998 με
707 4932 956 4999 ῥύσεται
983 4933 1052 4986 ἐκ
1087 4934 1194 4989 τοῦ
1221 4935 1489 5006 σώματος
1518 4938 1625 4993 τοῦ
1648 4939 1906 4995 θανάτου

323 5021 590 5087 τούτους
619 5023 852 5078 Θάνατον
911 5025 973 5078 τὸ
1031 5023 1191 5097 σῶμα
1242 5029 1464 5095 καλῶν,
1511 5031 1630 5101 ἦτοι
1694 5032 1792 5104 τὴν
1848 5032 1906 5085 ἐν

325 5115 554 5186 σώματι
591 5116 756 5188 ζωήν.

421 5374 690 5444 Ἆγαπῶν
728 5377 956 5446 ἡμέρας
1007 5377 1156 5431 ἰδεῖν
1215 5377 1463 5448 ἀγαθάς.
1523 5381 1597 5433 Οὐ
1668 5382 1766 5446 τὰς
1808 5381 1902 5436 τοῦ

322 5465 532 5531 αἰῶνος
555 5469 743 5523 τούτου
779 5486 793 5500 ο
824 5469 958 5541 φησὶ
993 5474 1103 5540 γὰρ
1171 5469 1387 5535 Ἰακὼϐ,
1447 5473 1531 5544 δτι
1563 5476 1636 5533 Al
1693 5473 1906 5544 ἡμέραι

406 5650 451 5680 ⁸⁸
477 5647 621 5704 Psal.
663 5664 814 5716 um,
840 5649 893 5704 5.
952 5648 994 5681 ⁶¹
1029 5647 1188 5706 Rom.
1223 5665 1316 5719 vn,
1357 5649 1450 5706 24.

1997 4581 2192 4627 omnes
2222 4573 2382 4621 vocat
2409 4563 2704 4635 Propheta,
2743 4562 2959 4618 tametsi
2983 4560 3307 4618 indistincte
3359 4557 3582 4624 dixerit,

2001 4663 2190 4729 venite,
2228 4660 2325 4718 sed
2360 4675 2456 4717 eos
2510 4667 2724 4714 tantum
2776 4657 3037 4729 appellat,
3094 4657 3189 4726 qui
3253 4654 3422 4710 vitam
3474 4670 3582 4709 non

2007 4754 2146 4808 hanc
2180 4763 2528 4806 communem
2579 4755 2790 4810 amant,
2841 4760 2950 4816 qua
3002 4742 3342 4798 irrationalia
3397 4741 3584 4796 omnia

2005 4844 2197 4900 vivunt
2226 4841 2509 4902 animalia,
2539 4839 2632 4894 sed
2671 4837 3007 4909 peculiarem
3063 4836 3356 4905 quamdam
3397 4847 3582 4887 veram

2009 4943 2174 5005 atque
2201 4946 2486 4988 aeternam.
2519 4931 2770 4985 Praesens
2799 4929 3000 4984 etenim
3065 4927 3176 4982 vita
3217 4940 3365 4981 mors
3398 4925 3583 4995 potius
3651 4993 3658 5005 l

2004 5024 2324 5094 appellanda
2377 5032 2480 5077 est.
2531 5022 2707 5091 Atque
2755 5019 2876 5074 ideo
2931 5019 3123 5074 merito
3171 5015 3466 5086 Apostolus
3496 5014 3584 5068 di-
3633 5016 3648 5057 .’

1998 5117 2159 5171 cebat
2190 5115 2357 5180 :Quis
2386 5130 2466 5168 me
2499 5111 2739 5167 liberabit
2763 5111 2826 5164 de
2851 5126 3065 5179 corpore
3089 5111 3271 5165 mortis
3295 5107 3452 5176 hujus
3479 5103 3522 5135 “
3554 5102 3579 5154 ἲ
3646 5168 3652 5180 '

2000 5222 2095 5277 per
2125 5211 2353 5260 mortem
2395 5203 2573 5273 ipsum
2640 5218 2838 5274 corpus
2887 5202 3214 5272 intelligens,
3270 5201 3354 5254 vel
3413 5196 3578 5248 vitam

2005 5299 2211 5370 potius,
2234 5311 2358 5368 quae
2380 5304 2468 5350 est
2497 5295 2550 5349 in
2581 5310 2833 5366 corpore.

2087 5387 2324 5458 Diligens
2357 5385 2471 5440 dies
2502 5386 2676 5441 videre
2737 5385 2921 5439 bonos.
2979 5382 3097 5438 Non
3155 5378 3320 5447 hujus
3389 5369 3574 5429 sacuii

2015 5479 2134 5536 dies
2157 5477 2313 5544 dicit,
2366 5477 2432 5532 de
2487 5476 2686 5546 quibus
2745 5472 3113 5548 patriarcbam
3159 5465 3328 5522 Jacob
3370 5461 3575 5518 dixisse
