4114 6208
580 209 686 273 381
1776 193 2156 256 EUTHYMII
2200 190 2564 251 ZlGABENI
3001 187 3005 192 ’
3749 186 3855 250 338

582 329 859 398 lrgimus:
900 322 1022 378 Dies
1069 333 1327 374 annorum
1361 329 1596 369 meorum
1625 311 1781 381 pauci
1841 319 1891 363 et
1923 309 2052 362 mali
2075 308 2121 348 ⁸⁸
2149 320 2169 374 ς’

2273 307 2394 360 τῶν
2423 305 2575 359 ἐτῶν
2593 322 2715 375 μου
2737 303 2946 374 μικραί
2975 304 3074 358 καί
3142 303 3404 370 πονηραί
3424 319 3436 332 ·
3497 303 3591 355 καὶ
3626 303 3656 356 ὁ
3683 303 3857 373 μέγας

583 395 932 484 etvinagnum
964 410 1189 463 Paulum
1221 422 1235 459 :
1277 404 1612 458 Redimentes
1650 410 1870 468 tempus,
1904 399 2158 466 quoniam

2268 399 2480 462 Παῦλος
2516 416 2528 428 ·
2568 397 3090 467 Ἑξατοραζῖόμενοι
3121 396 3228 450 τὸν
3272 396 3483 465 καιρὸν
3501 395 3592 449 ὅτι
3617 398 3678 450 al
3708 396 3855 466 ἠμέ·

582 507 698 559 dies
733 505 860 557 ntali
889 511 1010 554 sunt
1047 500 1114 551 ⁸³.
1148 495 1254 550 Sed
1285 497 1350 550 de
1377 494 1547 548 futuri
1601 490 1790 546 5330"“
1851 491 2046 545 diebus
2074 490 2160 543 Ιοφ

2266 507 2359 557 ραι
2385 489 2649 558 πονηραί
2675 493 2856 545 εἰσιν.
2911 490 3158 560 Ἡμέρας
3191 489 3249 541 δὲ
3279 487 3411 542 ἰδεῖν
3462 489 3700 558 ἀγαθὰς,
3726 490 3853 561 περὶ

583 597 795 666 quitur.
828 591 960 645 Illud
1001 589 1148 644 enim
1175 598 1258 641 est
1288 585 1576 645 saeculum,
1620 582 1767 651 quod
1841 584 2017 635 bonos
2072 581 2162 634 ha-

591 693 682 746 bet
711 684 852 746 dies,
880 683 951 738 ob
981 695 1170 736 verum
1197 679 1328 740 illud
1385 685 1550 745 atque
1577 672 1849 728 int-[labile
1876 671 2159 742 gaudium.

586 777 714 832 Dies
781 784 963 830 autem
1017 774 1139 828 ideo
1191 771 1353 832 dixit,
1407 771 1536 838 quia
1591 767 1702 828 illic
1757 773 2018 834 perpetua
2079 773 2163 820 est

585 871 825 1017 minus.
853 954 937 1008 ιι.
967 949 1160 1008 Cohibe
1203 950 1442 1018 linguam
1495 956 1643 1006 tuam
1706 962 1738 1000 α
1785 943 1949 1002 malo.
2005 941 2163 1000 Nunc

585 1058 751 1112 opera
775 1039 1022 1108 subjicit,
1061 1051 1182 1106 quae
1211 1034 1429 1098 edicere
1460 1035 1602 1094 solet
1653 1033 1748 1088 Dei
1811 1034 1998 1094 timor.
2066 1030 2162 1086 Ti!

585 1148 793 1192 olorem
825 1146 956 1194 vero
987 1130 1078 1186 Dei
1106 1142 1254 1182 nunc
1303 1127 1574 1186 initialem
1621 1125 1771 1190 dico,
1828 1140 1942 1186 non
1989 1123 2166 1194 perle-

582 1233 756 1284 ctum.
791 1223 858 1285 Et
912 1225 1152 1292 linguam
1195 1223 1249 1274 in
1316 1221 1507 1290 primis
1585 1217 1745 1288 jubet
1790 1231 2160 1287 compescere,

585 1318 753 1374 veluti
788 1316 1093 1372 membrum
1122 1316 1264 1368 inter
1293 1322 1490 1366 caetera
1518 1310 1690 1380 magis
1738 1308 1922 1376 labile,
1982 1318 2037 1362 et
2095 1309 2162 1370 ad

585 1427 750 1466 omne
777 1408 892 1462 vitii
918 1422 1093 1477 genus
1121 1403 1293 1472 magis
1324 1410 1660 1472 promptum.
1699 1398 1949 1454 Ministra
2014 1399 2162 1460 enim

589 1499 749 1554 nobis
767 1505 851 1552 est
877 1497 944 1550 ad
980 1496 1262 1549 hominum
1287 1491 1674 1553 contumelias,
1713 1498 1766 1542 et
1795 1489 1862 1543 ad
1891 1487 1982 1542 Dei
2018 1490 2166 1550 blas-

588 1593 835 1661 phemias
886 1609 900 1642 :
937 1587 1190 1656 turpibus
1215 1584 1376 1639 etiam
1409 1581 1879 1649 concupiscentiis
1933 1581 2166 1635 inservit

2264 583 2356 635 τοῦ
2388 581 2682 652 μέλλοντός
2717 599 2884 650 φησιν
2919 581 3142 644 αἰῶνος.
3173 575 3347 644 Οὗτος
3372 581 3483 650 γὰρ
3513 580 3725 660 ἀγαθὰς
3751 582 3852 654 μὲν

2265 673 2400 739 ἔχει,
2439 670 2530 724 διὰ
2556 670 2658 739 τὴν
2689 669 2948 739 ἄληκτον,
2966 671 3064 723 καὶ
3099 671 3345 742 ᾶρῤητον
3392 670 3570 743 χαράν
3590 688 3605 703 ·
3636 673 3850 742 ἡμέρας

2263 762 2342 828 δὲ,
2374 760 2461 818 διὰ
2497 760 2559 814 τὸ
2579 787 2582 792 ·
2602 761 2668 813 δι’
2697 759 2820 818 ὅλου
2845 761 2982 830 φῶς.

2341 940 2591 994 Παῦσον
2628 938 2743 1009 τὴν
2769 939 3064 1009 γλῶσσάν
3095 954 3214 994 σου
3245 940 3368 995 ἀπὸ
3398 941 3609 997 κακοῦ.
3646 942 3853 996 Ἑντεῦ-

2267 1031 2358 1086 οεν
2385 1032 2702 1092 ὑποτίθεται
2741 1031 2880 1101 ἔργα
2907 1031 3002 1086 τοῦ
3037 1030 3182 1083 θείου
3225 1032 3418 1101 φόϐου,
3449 1032 3545 1087 τοῦ
3579 1050 3855 1104 στοιχειω-

2265 1123 2442 1178 τικοῦ.
2473 1125 2773 1194 Προτὶθησι
2796 1124 2854 1176 δὲ
2878 1124 2981 1193 τὴν
3015 1123 3294 1191 γλῶσσαν,
3333 1125 3410 1187 ὡς
3438 1125 3718 1180 εὐόλισθον
3753 1126 3854 1196 μό-

2269 1231 2407 1286 ριον,
2473 1217 2569 1270 καὶ
2629 1215 3059 1286 προχειρότατον
3107 1217 3186 1278 εἰς
3232 1217 3344 1270 πᾶν
3431 1212 3572 1279 εῐδος
3628 1221 3849 1281 κακίας.

2279 1305 2579 1376 ’Υπουργεῖ
2608 1307 2718 1374 γὰρ
2741 1305 3119 1374 βλασφημίαις
3148 1304 3312 1368 θεοῦ,
3359 1304 3582 1375 ὕϐρεσιν
3637 1306 3851 1378 ἀνθρώ.

2268 1415 2406 1465 πων,
2453 1398 2830 1469 μαστροπεύει
2889 1400 3146 1468 αἰσχραῖς
3181 1398 3525 1468 ἐπιθυμίαις,
3583 1415 3851 1468 συκοφαν-

2267 1494 2370 1556 τεῖ,
2397 1491 2714 1556 καταλαλεῖ,
2747 1493 3070 1561 κατηγορεῖ,
3086 1489 3271 1554 δόλους
3301 1490 3542 1560 ὑφαίνει,
3578 1489 3846 1562 ἐξαπατᾷ,

2272 1586 2714 1655 καταμαρτυρεῖ,
2777 1583 3050 1653 ἐπιορκεῖ,
3114 1583 3210 1637 καὶ
3265 1582 3404 1651 ὅλως
3455 1583 3685 1654 ὄργανόν
3735 1588 3851 1637 ἐστι

588 1695 644 1738 et
705 1679 999 1742 lenocinio,
1065 1676 1344 1732 detrahit:
1411 1685 1667 1744 prmterca
1728 1681 1970 1737 accusat,
2030 1673 2166 1726 texit

2272 1675 2443 1730 κακοῦ
2482 1676 2702 1738 παντὸς.

591 1777 776 1841 dolos,
817 1773 1045 1843 decipit,
1088 1773 1221 1825 l'alsa
1279 1773 1484 1838 prabet
1542 1764 1881 1829 testimonia,
1933 1763 2164 1832 peierat,

589 1878 648 1926 et
682 1869 931 1927 omnium
965 1864 1203 1930 denique
1261 1863 1516 1914 vitiorum
1574 1860 2002 1918 instrumentum
2057 1865 2162 1916 est.

659 1959 725 2012 Et
757 1957 900 2018 labia
935 1966 1114 2012 tuane
1148 1955 1432 2024 loquantur
1453 1953 1656 2006 dolum.
1689 1951 1855 2006 Dolus
1879 1955 2161 2006 occultum

587 2063 674 2108 est
715 2051 933 2110 facinus
955 2049 1062 2106 sub
1118 2048 1246 2102 boni
1312 2046 1665 2100 simulatione
1719 2045 2052 2100 coniictum:
2109 2050 2164 2098 et

585 2144 715 2198 dum
748 2140 1003 2210 superius
1029 2138 1168 2193 dixit
1204 2155 1217 2190 :
1249 2135 1444 2190 Cohibe
1475 2135 1710 2207 linguam
1747 2144 1892 2189 tuam
1930 2155 1962 2189 ιι
1999 2135 2162 2200 malo,

587 2248 782 2292 onmes
831 2232 886 2287 in
926 2232 1245 2288 universum
1297 2243 1499 2298 pravos
1570 2243 1853 2281 sermones
1914 2243 2166 2296 compre-

589 2322 902 2385 hendit;at
927 2333 1076 2373 nunc
1101 2319 1166 2371 de
1197 2331 1366 2386 pravo
1396 2315 1634 2384 quoniam
1690 2330 1754 2368 ac
1815 2317 1988 2385 magis
2040 2331 2168 2383 par-

2336 1947 2441 2007 Kal
2472 1964 2644 2024 lem;
2673 1964 2810 2011 σου,
2838 1946 2945 2004 τοῦ
2971 1947 3058 2021 μὴ
3107 1946 3380 2016 λαλῆσαι
3434 1948 3640 2004 δόλον.
3689 1948 3845 2013 Δόλος

2264 2039 2382 2096 ἐστὶ
2439 2041 2740 2096 κακοποιία
2793 2040 3055 2111 λαθραία,
3126 2042 3186 2094 ἐν
3240 2043 3600 2113 προσποιήσει
3654 2040 3844 2095 καλοῦ.

2267 2132 2606 2202 Προσεκτέον
2638 2131 2753 2196 οὖν,
2784 2133 2867 2188 ὅτι
2895 2133 2984 2186 διὰ
3028 2132 3125 2186 τοῦ
3186 2135 3385 2198 εἰπεῖν,
3445 2131 3692 2192 Παῦσον
3732 2131 3847 2200 τὴν

2272 2222 2699 2292 γλῶσσάνσου
2738 2225 2858 2279 ἀπὸ
2898 2226 3112 2290 κακοῦ,
3166 2226 3395 2280 καθόλου
3444 2225 3622 2284 πάντα
3690 2225 3845 2292 λόγον

2268 2315 2439 2368 κακὸν
2473 2317 2880 2387 συμπεριέλαϐε
2905 2329 2919 2347 ⁸
2945 2319 3040 2378 νῦν
3087 2318 3146 2372 δὲ
3210 2318 3598 2390 κατεξαίρετον
3649 2319 3843 2374 ἐπανέ-

589 2411 806 2466 ticulari
835 2416 1035 2464 tractat
1066 2421 1344 2468 sermone,
1375 2405 1540 2458 veluti
1596 2405 1667 2458 de
1728 2405 1859 2458 vitio
1922 2406 2166 2459 omnium

2274 2403 2408 2458 λαῦε
2429 2405 2520 2459 τὸν
2541 2406 2713 2472 δόλον,
2741 2409 2812 2471 ὡς
2838 2409 3244 2479 χαλεπώτατον,
3269 2410 3357 2468 διὰ
3381 2409 3441 2462 τὸ
3464 2409 3722 2478 λαθραῖον
3751 2409 3842 2463 καὶ

591 2499 942 2574 gravissimo,
977 2511 1102 2552 cum
1133 2495 1483 2556 clandestine
1535 2494 1790 2562 componi
1849 2493 2063 2549 soleant
2104 2492 2160 2556 hi

2269 2495 2531 2563 ἄφυκτον,
2565 2497 2783 2568 πρῶτον
2808 2503 2918 2572 γὰρ
2951 2502 3140 2560 τοῦτον
3164 2501 3252 2556 τὸν
3307 2503 3383 2557 ἰὸν
3414 2504 3442 2556 ό
3485 2501 3726 2566 διάϐολος
3754 2501 3840 2566 ἑξ-

589 2592 725 2656 doli,
755 2599 920 2660 atque
943 2588 1066 2642 ideo
1101 2587 1266 2642 etiam
1304 2584 1530 2644 minime
1561 2585 1753 2639 evitari
1806 2585 2019 2654 possint
2051 2603 2065 2638 :
2097 2599 2161 2640 ac

2271 2585 2476 2654 ήμεσεν
2503 2587 2592 2640 ὅτε
2623 2589 2722 2661 τὴν
2773 2587 2918 2654 Εὕαν
2969 2594 3275 2667 ἠπάτησεν,
3317 2597 3411 2654 καὶ
3455 2595 3530 2660 ὠς
3585 2593 3844 2654 ὲπιπολόι·

589 2683 756 2746 veluti
788 2681 856 2737 de
881 2697 958 2746 re,
995 2695 1114 2750 qua:
1141 2679 1196 2732 in
1228 2678 1487 2738 universo
1504 2692 1702 2748 genere
1734 2678 1973 2732 humano
1997 2692 2159 2747 quam

2271 2679 2435 2743 ζοντα
2467 2683 2670 2752 μᾶλλον
2702 2689 2814 2752 τοῖς
2837 2686 3169 2758 ἀνθρώποις.

589 2771 859 2830 latissime
890 2776 1099 2844 pateat,
1131 2768 1187 2822 in
1239 2767 1388 2847 quod
1441 2769 1510 2824 ab
1561 2768 1718 2830 initio
1761 2768 2014 2831 diabolus
2062 2768 2170 2824 leth

2266 2786 2382 2826 rum
2440 2773 2543 2828 hoc
2593 2775 2746 2842 virus
2793 2781 3056 2845 evomuit.
3123 2781 3344 2856 quando
3395 2781 3625 2851 primum
3670 2780 3840 2838 Evam

590 2869 822 2938 decepit.

659 2957 828 3016 Vsus.
851 2955 942 3013 l5.
972 2954 1194 3018 Declina
1227 2971 1258 3017 a
1313 2952 1477 3020 malo,
1507 2963 1556 3016 et
1595 2954 1682 3025 fac
1715 2954 1928 3012 bonum.
1961 2954 2162 3012 Consi-
2188 2964 2230 3020 c

586 3053 717 3109 dera
767 3049 1032 3120 optimum
1091 3047 1340 3102 ordinem
1373 3064 1388 3106 :
1420 3047 1548 3122 quia
1596 3048 1765 3110 verba
1798 3048 1853 3108 in
1906 3059 2161 3118 promptu

590 3143 764 3213 magis
795 3149 945 3206 sunt,
967 3153 1132 3209 quam
1162 3137 1326 3204 facta,
1360 3137 1538 3208 primo
1567 3153 1596 3191 a
1630 3139 1810 3212 pravis
1843 3154 1943 3195 nos
1976 3141 2166 3196 admo-

591 3248 682 3290 net
720 3232 904 3292 verbis
929 3228 1317 3286 abstinendum
1351 3244 1471 3285 esse
1497 3244 1513 3282 :
1535 3228 1728 3290 Cohibe
1759 3231 1931 3296 enim,
1963 3231 2163 3304 inquit,

591 3327 829 3397 linguam
863 3333 1009 3380 tuam
1047 3339 1080 3376 a
1104 3321 1267 3385 malo.
1323 3323 1517 3378 Sermo
1549 3325 1719 3388 enim,
1772 3335 1830 3381 ut
1885 3326 2168 3396 sapientes.

593 3421 801 3483 dixere,
837 3418 923 3471 via
947 3415 1197 3490 qumdam
1238 3425 1320 3474 est
1377 3417 1442 3470 ad
1467 3416 1735 3476 actiones.
1759 3417 1835 3471 Ac
1862 3418 2058 3474 deinde
2097 3421 2166 3476 ab

593 3512 728 3583 ipsis
761 3509 925 3566 etiam
956 3507 1142 3578 pravis
1169 3507 1368 3561 avertit
1399 3507 1877 3578 operibus,dicens
1906 3524 1920 3560 :
1945 3509 2166 3565 Declina

591 3627 624 3662 a
667 3605 832 3662 caelo.
860 3604 927 3659 Et
955 3611 1386 3673 consequenter,
1444 3603 1682 3658 sublatis
1732 3604 2162 3675 impedimentis,

591 3715 696 3758 nos
726 3701 953 3769 insuper
971 3696 1040 3754 ad
1069 3697 1204 3758 bene
1235 3697 1575 3766 operandum
1623 3696 1871 3762 adducit,
1917 3696 2109 3754 dicens
2146 3715 2161 3752 :

595 3789 662 3855 Et
695 3789 782 3860 [ac
812 3789 1024 3848 bonum.
1052 3787 1187 3848 Nam
1207 3787 1672 3856 quemadmodum
1701 3790 2164 3869 impossibileest,

593 3881 873 3945 inﬁrmum
903 3880 1137 3947 aliquem
1167 3877 1234 3933 ad
1259 3879 1550 3942 sanitatem
1580 3882 1825 3948 restitui,
1867 3882 1974 3940 nisi
2010 3881 2164 3954 prius

591 3989 622 4028 a
667 3973 859 4036 inorbo
921 3973 1204 4039 liberetur,
1240 3971 1318 4026 ita
1352 3975 1517 4030 etiam
1563 3973 1904 4044 impossibile
1950 3985 2035 4032 est
2066 3978 2166 4038 ali-

591 4080 754 4134 quem
784 4063 923 4129 bene
949 4063 1189 4138 Operari,
1220 4063 1314 4132 qui
1346 4078 1373 4120 a
1412 4065 1562 4120 vitiis
1608 4067 1759 4132 prius
1800 4081 1908 4122 non
1937 4068 2164 4133 absces-

587 4157 747 4218 serit,
787 4155 928 4214 Illud
974 4156 1138 4216 etiam
1187 4153 1515 4216 considera.
1567 4157 1846 4226 quomodo
1889 4159 2164 4216 abstinere

590 4253 803 4302 tantum
826 4260 938 4300 non
965 4244 1159 4301 sufﬁcit
1189 4258 1218 4297 a
1251 4244 1423 4308 vitiis,
1453 4247 1547 4298 sed
1585 4244 1744 4300 bonis
1773 4245 1938 4300 eliam
1971 4263 2165 4316 opera-

2338 2957 2668 3017 Ἐκκλινον
2704 2957 2822 3016 ἀπὸ
2866 2961 3080 3025 κακοῦ.
3130 2961 3230 3020 καὶ
3281 2961 3546 3034 ποίησον
3591 2963 3841 3036 ἀγαθόν.

2269 3051 2415 3122 “Ope.
2437 3051 2588 3121 τάξιν
2621 3051 2849 3124 ἀρίστην
2869 3067 2884 3083 ο
2915 3051 3107 3122 ἐπειδὴ
3155 3053 3265 3130 γὰρ
3313 3055 3656 3129 ἑτοιμότερός
3688 3058 3840 3112 ἐστιν

2265 3145 2293 3198 ό
2319 3144 2476 3211 λόγος
2514 3144 2615 3214 τῆς
2654 3144 2931 3214 πράξεως,
2985 3149 3244 3214 παραινεί
3293 3147 3509 3215 πρῶτον
3536 3149 3844 3220 ἀπέχεσθαι

2266 3233 2440 3288 κακοῦ
2468 3233 2651 3302 λόγον’
2685 3231 2934 3287 Παῦσον
2993 3232 3125 3304 γὰρ,
3182 3238 3336 3306 φησὶ,
3390 3240 3508 3303 τὴν
3552 3237 3870 3306 γλῶσσάν,

2265 3343 2382 3381 σου
2419 3327 2539 3380 ἀ.τό
2567 3325 2782 3386 κακοῦ·
2813 3327 2842 3380 ό
2885 3327 2994 3398 γὰρ
3030 3327 3187 3396 λόγος
3243 3329 3360 3394 ὁδός
3393 3331 3541 3384 ἐστιν
3591 3331 3670 3394 είς
3698 3333 3844 3403 πρᾶ-

2266 3415 2372 3483 ξιν,
2403 3419 2478 3481 ὡς
2504 3417 2552 3470 οἱ
2591 3416 2747 3488 σοφοὶ
2770 3415 3057 3487 λέγουσιν·
3111 3415 3234 3474 εἶτα
3281 3420 3584 3494 ἀποτρέπει
3619 3421 3716 3474 καὶ
3748 3421 3842 3475 τοῦ

2265 3509 2438 3564 κακοῦ
2495 3509 2822 3584 πράγματος
2852 3525 2868 3543 ο
2905 3513 3234 3568 Ἕκκλινον
3287 3511 3395 3583 γὰρ
3420 3553 3435 3580 ,
3491 3513 3676 3584 φησὶν,
3719 3515 3838 3578 ἀπὸ

2265 3602 2455 3662 κακοῦ
2487 3619 2501 3634 ·
2532 3604 2626 3660 καὶ
2676 3605 2818 3658 οὕτω
2871 3606 3064 3675 ἀνάγει
3118 3606 3255 3677 πρὸς
3286 3605 3384 3680 τὴν
3435 3606 3838 3680 ἀγαθοεργίαν,

2267 3694 2572 3766 προεξάξας
2624 3695 2736 3767 (2i)
2773 3695 2841 3750 τὰ
2903 3697 3124 3750 σκῶλα’
3179 3698 3368 3768 ὥσπερ
3409 3699 3518 3770 γᾲρ
3559 3701 3840 3771 ἀμήχανον

2267 3787 2457 3856 ὑγείαν
2495 3787 2792 3844 ἀπολαϐεῖν
2827 3788 2903 3861 μὴ
2926 3789 3314 3862 ἀπαλλαγέντα
3346 3790 3449 3861 τῆς
3479 3793 3659 3857 νότου,
3700 3794 3842 3847 οὕτω

2267 3881 2362 3937 καὶ
2379 3879 2602 3949 ποιῆσαι
2631 3881 2836 3950 ἀγαθὸν
2862 3884 2939 3954 μὴ
2961 3883 3275 3939 ἀποστάντα
3298 3883 3394 3937 τοῦ
3415 3883 3611 3944 κακοῦ.
3638 3885 3839 3942 Σκόπει

2265 3969 2319 4022 δὲ
2349 3972 2431 4024 ὅτι
2458 3971 2558 4026 οὐκ
2611 3972 2775 4043 ἀρκεῖ
2828 3974 2987 4041 μόνον
3039 3975 3071 4042 ἡ
3121 3974 3302 4046 ἀποχὴ
3340 3973 3436 4034 τοῦ
3469 3973 3669 4040 κακοῦ,
3702 3975 3836 4030 α).λὰ

2265 4063 2374 4134 χρὴ
2402 4065 2496 4119 καὶ
2522 4065 2748 4134 ποιῆσαι
2791 4066 2851 4118 τὸ
2882 4065 3110 4136 ἀγαθὸν,
3154 4069 3202 4118 εἰ
3235 4049 3310 4137 μὴ
3342 4067 3526 4136 μέλλει
3568 4085 3652 4131 τις
3706 4071 3845 4122 ἀπο-

2267 4159 2489 4226 σχέσθαι
2529 4159 2628 4229 μὲν
2673 4159 2767 4211 τοῦ
2799 4159 2993 4224 κακοῦ,
3052 4159 3128 4229 μὴ
3176 4160 3402 4232 ποιῆσαι
3435 4161 3489 4216 δὲ
3523 4161 3584 4214 τὸ
3629 4160 3800 4214 καλόν
3827 4175 3844 4191 ⁸

2265 4249 2379 4319 (22)
2414 4249 2476 4307 τὸ
2509 4251 2626 4322 μὲν,
2655 4251 2739 4303 ἵνα
2771 4252 2846 4322 μὴ
2869 4251 3220 4322 τιμωρηθῇς’
3252 4252 3313 4308 τὸ
3342 4251 3418 4316 δὲ,
3450 4251 3535 4308 ἵνα
3577 4255 3843 4324 τιμηθῇς.

595 4337 838 4389 tionibus
864 4350 1001 4403 opus
1039 4342 1144 4388 est.
1182 4331 1322 4404 [Vel
1359 4333 1514 4387 aliter
1545 4351 1558 4386 :
1599 4335 1818 4388 Declina
1854 4353 1884 4389 a
1921 4338 2081 4401 malo,
2116 4352 2162 4393 et

2271 4340 2409 4394 Καθ’
2440 4343 2624 4411 ἓτερον
2657 4343 2712 4396 δὲ
2741 4344 2920 4411 λόγον,
2955 4343 3050 4396 καὶ
3076 4343 3139 4396 τὸ
3171 4343 3247 4412 μὴ
3277 4343 3498 4413 ποιῆσαι
3530 4343 3587 4395 τὸ
3635 4323 3842 4410 ἀγαθὸν

586 4427 674 4496 [ac
704 4424 958 4496 bonum
985 4425 1136 4488 illud,
1162 4441 1230 4479 ue
1257 4442 1415 4493 ptena
1442 4427 1714 4491 alliciaris,
1741 4429 1841 4482 hoc
1871 4440 2076 4491 autem.
2106 4441 2167 4485 ut

591 4518 758 4578 etiam
793 4517 1104 4575 honoreris.
1157 4517 1277 4575 Alia
1327 4519 1558 4582 ratione,
1613 4519 1744 4576 vitio
1783 4521 1866 4582 cui
1913 4521 2095 4588 datur,
2124 4523 2167 4586 si

588 4609 795 4663 bonum
837 4624 943 4664 non
978 4608 1142 4668 faciat
1171 4627 1185 4663 :
1221 4609 1350 4678 quia
1380 4611 1567 4666 inertis
1621 4625 1683 4663 ac
1715 4611 1891 4682 ἰδιωκὶ
1934 4614 2168 4674 hominis

585 4708 669 4755 est
697 4699 830 4758 nihil
866 4701 1106 4770 operari,
1141 4708 1306 4769 atque
1335 4699 1448 4758 otio
1478 4709 1810 4769 torpescere.

663 4789 882 4859 Inquire
909 4806 1112 4860 pacem,
1145 4799 1194 4847 et
1243 4805 1548 4858 persequere
1581 4805 1719 4848 cant.
1767 4789 1876 4855 Pax
1913 4802 1997 4854 estl
2050 4808 2166 4856 om-

593 4882 744 4946 nium
781 4882 1049 4942 bonorum
1083 4890 1266 4951 caput,
1304 4897 1466 4952 quam
1505 4882 1792 4950 discipulis
1838 4885 1954 4940 suis
1985 4883 2168 4938 Domi-

588 4991 694 5030 nus
729 4975 896 5037 vcluti
924 4974 1293 5034 hatreditatem
1317 4974 1606 5045 quamdam
1640 4975 1860 5044 reliquit
1893 4991 1906 5027 :
1950 4975 2164 5042 Pacem,

586 5065 862 5137 inquiens,
916 5082 1084 5122 meant
1112 5064 1178 5128 do
1215 5067 1378 5140 vobis,
1420 5082 1598 5134 pacem
1644 5067 1880 5135 relinquo
1928 5067 2156 5122 vobis“.

585 5157 724 5216 Nam
756 5159 845 5228 qui
895 5173 1024 5230 erga
1061 5155 1228 5213 Deum
1272 5166 1328 5212 et
1376 5157 1625 5214 homines
1678 5159 1840 5211 fuerit
1875 5157 2155 5234 paciﬁcus,

587 5252 640 5307 is
669 5250 938 5306 humanas
960 5249 1124 5304 etiam
1176 5247 1462 5318 passiones
1512 5263 1706 5308 omnes
1741 5261 1986 5318 superat.
2029 5248 2150 5305 Non

2263 4432 2425 4502 ἑτέρα
2456 4435 2536 4495 τίς
2566 4437 2683 4487 ὲστι
2729 4436 2917 4500 κακία,
2965 4437 3041 4500 ὼς
3081 4435 3249 4506 ἀργία
3285 4435 3377 4489 τοῦ
3415 4435 3603 4496 καλοῦ.
3654 4438 3838 4498 Κακία

2263 4525 2380 4576 ἐστὶ
2410 4525 2692 4597 προδήλως
2723 4529 2757 4598 ἡ
2787 4526 3016 4602 τοιαύτη
3045 4529 3234 4599 ἀργία.

2337 4785 2619 4860 Ζήτησον
2668 4787 2935 4863 ειρήνηγ,
2978 4789 3076 4844 καὶ
3119 4788 3341 4855 δίωξον
3371 4790 3584 4864 αὐτὴν.
3653 4791 3720 4844 Ἣ
3761 4791 3836 4843 εί-

2267 4881 2400 4950 ρήνη
2441 4879 2549 4933 τῶν
2614 4881 2833 4950 ἀγαθῶν
2888 4883 3006 4935 ἐστι
3059 4882 3120 4934 τὸ
3175 4883 3490 4952 κεφάλαιον,
3551 4885 3616 4952 ἣν
3669 4883 3760 4946 καὶ
3807 4882 3835 4932 ὁ

2263 4973 2468 5042 Κύριος
2498 4966 2587 5025 οἷά
2610 4991 2732 5026 τινα
2761 4973 2962 5046 κλῆρον
3005 4976 3117 5038 τοῖς
3145 4975 3340 5028 ἑαυτοῦ
3387 4975 3656 5048 μαθηταῖς
3704 4975 3838 5027 ἀπο.

2265 5063 2518 5116 λέλοιπεν
2543 5079 2558 5094 ο
2588 5063 2852 5132 Εἰρήνην
2889 5063 3018 5134 γὰρ,
3065 5066 3228 5135 φησὶ,
3266 5065 3381 5132 τὴν
3423 5065 3578 5133 ἐμὴν
3624 5065 3841 5135 ἀφίημι

2266 5155 2426 5225 ὑμῖν.
2477 5157 2538 5208 '0
2573 5157 2679 5226 γὰρ
2719 5155 3016 5226 εἰρηνεύων
3065 5157 3201 5227 πρὸς
3247 5157 3380 5209 Θεὸν
3431 5159 3525 5210 καὶ
3573 5155 3709 5226 πρὸς
3744 5158 3844 5209 ἁν-

2264 5249 2516 5319 θρώπους
2576 5248 2776 5312 παντὸς
2836 5249 3037 5313 πάθους
3121 5251 3464 5319 ὑπέρκειται.
3513 5249 3606 5319 Μὴ
3656 5249 3843 5304 τοίνυν

692 5395 739 5426 ⁸⁸
767 5393 904 5448 Gen.
937 5407 1104 5457 nvu,
1141 5391 1195 5446 9.
1275 5391 1320 5424 ⁸⁸
1348 5389 1550 5461 Ephes.
1583 5405 1634 5457 ν,
1669 5391 1756 5447 16.
1838 5391 1884 5423 ⁸⁸
1931 5391 2091 5447 Joan.
2154 5413 2262 5462 xrv,
2291 5395 2384 5447 27.

1936 5484 2131 5548 Variae
2179 5489 2509 5551 lectiones.

801 5587 885 5658 ᾼΙ.
922 5587 1251 5658 προεξάρας.

657 5654 767 5723 (22)
804 5654 1032 5714 Latinus
1069 5654 1340 5727 interpres
1367 5658 1562 5728 legisse
1596 5665 1854 5728 praeterea
1905 5660 2144 5716 videtur.

2255 5589 2336 5642 Ἦ
2367 5587 2464 5652 καὶ
2490 5587 2693 5654 ἄλλως
2714 5602 2728 5619 ’
2770 5586 3057 5640 Ἐκκλινον
3093 5584 3204 5640 ἀπὸ
3245 5583 3439 5652 κακοῦ,
3475 5582 3576 5637 καὶΡ
3610 5579 3848 5653 ποίησον

2264 5657 2492 5727 ἀγαθόν.

3299 5733 3328 5743 ,-
