4114 6208
577 232 679 299 331

1783 232 2167 295 EUTHYMII
2195 231 2558 293 ZIGABENI

3748 236 3858 301 3‘32

583 351 781 405 mundo
824 349 1219 403 tribulationem
1254 349 1533 414 habebitis,
1579 348 1669 403 sed
1705 348 1951 415 conﬁdite
1977 347 2059 412 "';
2111 356 2164 400 ct

2279 345 2625 409 Ἀπόστολος·
2658 346 2759 402 Ἐν
2786 344 2967 400 παντὶ
3002 344 3364 414 θλιϐόμενοι,
3390 343 3531 401 ἀλλ’
3556 347 3630 401 οὐ
3650 363 3861 405 στενο-

584 443 923 514 Apostolus:
959 439 1024 493 In
1072 442 1311 493 omnibus
1344 440 1586 494 tribulati
1623 440 1771 505 estis,
1803 438 1894 492 sed
1922 454 2024 492 non
2060 455 2167 491 an-

582 534 803 604 gnstiati
826 532 892 595 ⁸⁸,
927 541 981 586 et
1014 530 1184 584 multa
1210 532 1314 585 alia
1344 533 1617 586 habentur
1654 530 1998 597 hujusmodi.

656 624 816 678 Vens.
848 622 939 677 2i.
996 621 1238 676 Custodit
1292 622 1551 677 Dominus
1595 623 1773 676 omnia
1808 638 1929 676 ossa
1957 638 2164 689 eorum,

580 730 745 767 unum
776 728 841 766 ex
869 712 949 766 Itis
980 728 1081 765 non
1117 724 1429 767 conteretur.
1460 714 1625 783 Atqui
1676 715 1972 768 multorum
2016 727 2168 767 mar-

578 815 758 876 tyrum
792 819 916 859 ossa
950 808 1187 858 contrita
1242 813 1391 859 sunt.
1428 802 1625 859 Verum
1658 805 1823 859 homo
1858 818 1963 858 non
1989 805 2167 859 solum

581 896 627 947 is
681 893 914 956 dicitur,
958 892 1051 961 qui
1084 893 1322 947 exterior
1366 902 1467 957 est,
1523 893 1626 947 hoc
1675 901 1763 948 est
1816 907 1926 947 non
1986 893 2166 947 solum

581 987 763 1055 ipsum
794 1000 1017 1055 corpus,
1062 986 1155 1039 sed
1190 986 1352 1038 etiam
1378 985 1469 1054 qui
1497 985 1752 1050 interior,
1783 985 1887 1039 hoc
1914 995 1999 1039 est
2052 985 2168 1054 ipsa

579 1078 784 1139 anima,
813 1091 935 1145 quae
967 1092 1066 1131 sua
1088 1078 1254 1133 etiam
1278 1080 1523 1133 membra
1551 1078 1751 1133 habere
1782 1077 2006 1144 dicitur,
2027 1077 2170 1132 sicut

579 1176 633 1223 et
664 1184 890 1238 corpus,
922 1178 1089 1238 atque
1121 1170 1331 1225 eisdem
1360 1168 1681 1225 nominibus
1720 1169 2002 1224 distincta.
2031 1167 2167 1223 Nam

580 1276 704 1314 cum
740 1261 973 1330 legimus
1007 1276 1023 1313 :
1059 1261 1373 1315 Mandatum
1416 1262 1633 1315 Domini
1663 1263 1922 1326 lucidum,
1965 1262 2168 1316 illumi-

578 1368 711 1405 nans
743 1353 924 1406 oculos
960 1353 1005 1383 "
1031 1370 1046 1418 ;
1075 1354 1202 1408 item
1238 1370 1250 1406 :
1283 1352 1387 1418 Qui
1414 1353 1567 1407 habet
1593 1370 1747 1406 aures
1777 1352 2027 1406 audiendi
2068 1370 2169 1405 au-

577 1445 686 1497 diat
712 1444 759 1475 ⁷⁸
787 1461 803 1511 ;
846 1445 930 1499 vel
964 1462 979 1499 :
1007 1444 1079 1499 0s
1104 1461 1273 1498 meum
1309 1446 1491 1513 aperui
1521 1456 1569 1499 et
1603 1446 1805 1499 attraxi
1824 1442 2123 1514 spiritum"
2149 1460 2165 1511 ;

584 1544 677 1591 et:
700 1536 890 1590 Dentes
919 1553 1099 1591 eorum
1131 1539 1423 1591 contrivisti
1443 1540 1519 1604 7';
1552 1537 1703 1605 item,
1729 1537 1967 1591 Ventrem
1995 1551 2169 1590 meum

579 1626 731 1679 doleo
752 1625 828 1691 ⁷³;
855 1634 972 1692 aut,
998 1623 1096 1679 Pes
1110 1627 1245 1695 justi
1269 1642 1371 1679 non
1402 1625 1625 1695 o/fendet
1653 1627 1718 1691 ",
1749 1636 1802 1681 et
1834 1626 1941 1680 alia
1978 1626 2168 1696 hujus-

580 1716 728 1771 modi
760 1734 775 1771 :
806 1733 916 1772 non
963 1718 1236 1790 corporis,
1276 1718 1370 1773 sed
1398 1719 1596 1772 anima:
1618 1766 1621 1773 ,
1641 1719 1883 1773 membra
1917 1718 2167 1788 intelligi-

581 1822 725 1862 mus.
778 1805 938 1863 Unde
993 1816 1049 1862 et
1106 1823 1256 1863 nunc
1295 1823 1391 1878 per
1424 1822 1549 1865 ossa
1576 1808 1867 1865 solidiores
1901 1811 2165 1879 quasdam

580 1900 774 1954 animae
819 1899 1181 1971 cogitationes
1215 1900 1491 1970 intelligit,
1528 1916 1650 1970 qua:
1692 1915 1812 1958 eam
1855 1916 1964 1956 non
2002 1916 2166 1957 secus

580 1999 747 2061 atque
808 2006 935 2046 ossa
976 2006 1183 2063 corpus
1245 1993 1545 2060 sustinent,
1604 2004 1765 2064 atque
1815 1994 2165 2048 conﬁrmant.

578 2081 837 2137 Custodit
868 2092 1054 2138 autem
1087 2082 1352 2140 Dominus
1389 2084 1528 2149 haec,
1557 2101 1681 2155 qua:
1727 2084 2167 2155 diximusjusto-

579 2191 698 2228 rum
740 2176 1036 2246 ossa,quia
1067 2176 1116 2231 ei
1139 2176 1446 2245 placent,et
1466 2177 1602 2232 nihil
1627 2192 1818 2233 eorum
1849 2185 2168 2233 conteretur

580 2265 834 2320 violentia
866 2266 1075 2321 scilicet
1107 2267 1338 2336 peccati.

648 2357 814 2411 Vens.
832 2357 927 2411 ‘22.
950 2358 1089 2411 Mors
1107 2369 1441 2427 peccatorum
1465 2375 1649 2427 prava.
1671 2360 1787 2415 Hoc
1803 2367 1909 2425 est,
1929 2361 2166 2417 laborio-

579 2463 639 2502 sa
672 2458 834 2519 atque
869 2450 1097 2505 molesta
1136 2450 1306 2521 [quod
1340 2466 1405 2505 ex
1432 2449 1637 2505 Graeca:
1668 2449 1923 2507 dictionis
1952 2460 2166 2524 etymo-

582 2541 723 2611 logia
762 2541 960 2597 melius
1025 2540 1378 2614 percipitur].
1438 2541 1595 2596 Tunc
1652 2544 1914 2611 temporis
1962 2543 2164 2598 etenim

581 2635 790 2688 certius
827 2634 1161 2703 dignoscunt
1196 2650 1391 2705 pceuas
1438 2635 1543 2689 sibi
1595 2634 1711 2689 fore
1746 2636 2036 2704 repositas.
2069 2635 2165 2691 Ju-

582 2735 796 2780 storum
836 2738 1018 2780 autem
1074 2742 1221 2782 mors
1256 2727 1441 2782 suavis
1487 2738 1610 2793 est,
1641 2728 1768 2798 quia
1810 2727 2008 2798 gaudia
2057 2729 2163 2785 sibi

583 2820 830 2872 sentiunt
867 2827 1195 2888 praeparata.

650 2909 718 2963 Et
746 2911 835 2981 qui
867 2910 1092 2963 oderunt
1140 2912 1364 2978 iustum,
1396 2912 1721 2982 delinquent.
1773 2911 2023 2969 Oderunt
2075 2913 2165 2982 ju-

2269 438 2611 508 χωρούμενο
2619 456 2635 489 ι
2645 478 2658 491 .

2341 614 2655 669 Φυλάσσει
2687 615 2904 683 Κύριος
2960 615 3162 669 πάντα
3216 615 3291 670 τὰ
3336 614 3491 672 ὀστᾶ
3533 614 3755 682 αὐτῶν,
3792 617 3860 672 ἓν

2267 705 2339 770 ἐξ
2363 704 2563 760 αὐτῶν
2583 708 2657 760 οὐ
2680 705 3171 774 συντριϐήσεται.
3206 698 3319 761 Kal
3351 708 3461 778 μὴν
3485 708 3698 762 πολλῶν
3725 728 3860 779 μαρ-

2268 799 2449 870 τύρων
2504 798 2904 869 συνετρίσησαν
2933 816 2947 831 ο
2987 798 3104 852 ἀλλ’
3144 800 3269 852 ἐπεὶ
3314 798 3606 870 ἄνθρωπος
3641 801 3859 870 λέγεται

2270 889 2368 959 οὐχ
2392 891 2419 943 6
2443 890 2601 953 ἐκτὸς
2639 890 2823 961 μόνον,
2849 890 2971 962 ἦτοι
3004 892 3068 945 τὸ
3103 891 3284 960 σῶμα,
3323 893 3462 946 ἀλλὰ
3510 895 3604 948 καὶ
3626 897 3653 948 6
3684 896 3857 960 ἐντὸς,

2268 982 2552 1036 τουτέστιν
2582 982 2615 1051 ή
2640 983 2810 1052 ψυχὴ,
2854 983 2970 1053 ἔχει
3005 983 3228 1048 πάντως
3267 986 3363 1038 καὶ
3409 984 3545 1055 μέλη
3588 986 3857 1056 ὁμώνυμα

2269 1075 2382 1137 τοῖς
2412 1072 2508 1127 τοῦ
2554 1078 2833 1144 σώματος,
2869 1076 2947 1138 ὼς
2989 1075 3073 1129 τό⁸
3108 1074 3181 1129 Ἠ
3228 1075 3452 1144 ἐντολὴ
3485 1078 3723 1144 Κυρίου,
3760 1094 3857 1145 τη-

2268 1166 2524 1234 λαυγὴς,
2588 1166 2935 1235 φωτίζουσα
2993 1166 3366 1236 ὀφθαλμοὺς,
3428 1167 3671 1239 δηλονότι
3728 1171 3859 1233 τοὺς

2269 1257 2370 1327 τῆς
2400 1256 2600 1328 ψυχῆςο
2629 1259 2747 1311 καί·
2797 1257 2860 1311 '0
2886 1258 3047 1325 ἔχων
3081 1253 3203 1313 ὦτα
3248 1259 3521 1322 ἀκούειν,
3550 1259 3816 1313 ἀκουέτω
3840 1275 3857 1295 ·

2272 1350 2388 1403 καίο
2427 1350 2497 1404 Τὸ
2524 1352 2721 1419 στόμα
2745 1367 2867 1419 μου
2900 1349 3138 1418 ἤνοιεα,
3172 1351 3270 1406 καί
3303 1352 3567 1405 εἵλκυσα
3602 1351 3857 1421 πνεῦμα*

2272 1442 2387 1495 καῖ’
2420 1441 2696 1509 Ὀδόντιις
2724 1441 3094 1511 ἁμαρτωλῶν
3135 1440 3541 1512 συνέτριψας·
3574 1442 3670 1498 καί
3693 1458 3707 1473 ·
3744 1444 3863 1512 Τὴν

2271 1533 2513 1588 κοιλίαν
2535 1550 2658 1603 μου
2692 1533 2883 1604 ἀλγῶο
2921 1533 3039 1588 καί·
3082 1534 3136 1588 '0
3183 1535 3338 1603 ποὺς
3374 1535 3483 1591 τοῦ
3515 1535 3754 1591 δικαίου
3788 1540 3859 1592 οὐ

2267 1624 2354 1693 μὴ
2383 1627 2733 1694 προσκόψῃ,
2787 1629 2881 1680 καὶ
2908 1626 3033 1680 ὅσαι
3062 1626 3315 1680 τοιαῦται
3344 1628 3605 1698 δυνάμεις
3634 1628 3736 1699 τῆς
3759 1628 3860 1700 ψυ-

2274 1716 2395 1786 χῆς.
2423 1714 2613 1781 Οὕτως
2636 1716 2731 1770 οὖν
2763 1716 2858 1771 καὶ
2890 1717 2986 1772 νῦν
3011 1718 3323 1787 ὀστᾶλέγει
3347 1720 3474 1784 τοὺς
3496 1720 3857 1791 στερεοῦντας

2274 1809 2369 1861 καὶ
2397 1808 2690 1880 ἀνέχοντας
2724 1808 2826 1882 τὴν
2849 1809 3029 1882 ψυχὴν
3069 1811 3389 1883 λογισμοὺς,
3412 1812 3487 1876 ὡς
3510 1814 3696 1867 καὶτὰ
3722 1816 3857 1869 ὀστᾶ

2272 1902 2335 1955 τὸ
2367 1902 2548 1972 σῶμα.
2569 1904 2840 1957 Φυλάσσει
2866 1904 2923 1958 δὲ
2949 1904 3179 1969 τούτους
3198 1905 3451 1977 δΚύριος
3479 1906 3569 1959 διὰ
3584 1907 3681 1977 τὴν
3721 1907 3855 1978 πρὸς

2274 1995 2439 2050 αὑτὸν
2468 1996 2857 2067 εὐαρέστησιν.
2893 1997 3062 2052 Οὐδὲν
3087 1998 3147 2053 δὲ
3182 1997 3394 2054 τούτων
3433 2000 3853 2073 συντριϐήσεται

2271 2088 2339 2158 τῇ
2377 2086 2470 2159 βίᾳ
2507 2087 2610 2159 τῆς
2637 2088 2942 2160 ἁμαρτίας.

2348 2355 2615 2423 Θάνατος
2667 2357 3036 2439 ᾴμαρτωλῶν
3083 2362 3367 2431 πονηρός.
3413 2362 3723 2427 Ἐπίπονος,
3762 2351 3858 2414 ἀλ·

2272 2448 2470 2516 γεινός.
2523 2447 2658 2501 Τότε
2694 2449 2806 2519 γὰρ
2839 2450 3009 2516 ὀξέως
3060 2452 3410 2507 αἰσθάνονται
3460 2452 3563 2522 τῆς
3616 2452 3852 2522 διαδεχο-

2278 2540 2447 2609 μὲνης
2478 2540 2679 2603 αὐτοὺς
2712 2541 2988 2604 κολάσεως
3022 2560 3037 2574 ·
3069 2545 3097 2597 ὀ
3135 2544 3190 2599 δὲ
3224 2546 3332 2599 τῶν
3360 2545 3604 2613 δικαίων,
3631 2546 3855 2614 ἀγαθὸς,

2274 2628 2683 2700 αἰσθανομένων
2713 2630 2812 2701 τῆς
2848 2632 3120 2705 μενούσης
3151 2634 3351 2699 αὐτοὺς
3386 2636 3582 2706 χαρᾶς.

2344 2898 2454 2949 Kat
2485 2912 2538 2947 ο.
2583 2894 2913 2963 μισοῦντες
2942 2896 3051 2952 τὸν
3084 2897 3340 2964 δίκαιον,
3377 2902 3853 2970 πλημμελήσου-

580 3011 724 3057 stum
758 3002 790 3053 ii
821 3001 913 3068 qui
962 3001 1017 3054 in
1056 3004 1301 3071 peceatis
1361 3010 1531 3068 sunt;
1590 3018 1715 3057 nam
1772 3004 1817 3058 si
1857 3004 2035 3058 simile
2063 3017 2164 3057 suo

2272 3003 2394 3042 σιν.
2427 2987 2662 3041 Βίισοῦσι
2694 2988 2785 3042 τὸν
2813 2989 3023 3043 δίκαιον
3079 2992 3127 3044 οἱ
3160 2994 3219 3045 ὲν
3278 2993 3577 3064 ἁμαρτίαις
3598 3010 3613 3024 ·
3660 2996 3711 3047 εί
3744 2995 3855 3068 γὰρ

581 3089 748 3145 simili
779 3091 1016 3155 laetatur,
1050 3092 1183 3146 illud
1215 3104 1623 3164 consequenter
1654 3102 1822 3164 patet,
1863 3094 2012 3164 quod
2047 3094 2163 3149 dis-

581 3180 761 3236 simile
792 3196 951 3234 suum
978 3182 1092 3234 odit
1128 3182 1397 3235 dissimile
1437 3196 1709 3251 :quorum
1736 3183 1880 3235 enim
1910 3181 2015 3234 vita
2046 3180 2165 3236 dis-

584 3269 783 3325 similis
814 3281 920 3334 est,
953 3270 1149 3323 borum
1181 3271 1345 3324 etiam
1374 3273 1662 3326 sententiae
1685 3280 1994 3341 pugnantes
2024 3271 2167 3324 inter

584 3377 646 3417 se
681 3370 835 3428 sunt,
878 3370 1043 3431 atque
1082 3363 1397 3416 contrarize.
1436 3362 1764 3433 Delinquent
1790 3372 2006 3428 autem,
2039 3364 2166 3433 quia

582 3452 840 3507 omnibus
869 3454 995 3507 aliis
1036 3454 1258 3510 delictis
1299 3454 1405 3509 boc
1444 3454 1556 3509 odii
1622 3463 1908 3524 peccatum
1940 3454 2167 3510 addide-

584 3550 737 3597 runt.
763 3542 877 3597 Non
923 3544 1103 3599 solum
1148 3545 1293 3599 enim
1340 3560 1467 3601 eum
1512 3546 1710 3600 imitati
1746 3560 1858 3600 non
1893 3554 2044 3611 sunt,
2071 3545 2165 3616 qui

583 3643 706 3689 erat
741 3633 945 3704 justus,
976 3636 1073 3691 sed
1110 3636 1239 3690 odio
1286 3638 1516 3708 insuper
1554 3652 1679 3692 eum
1713 3638 1989 3704 prosecuti
2013 3649 2164 3694 sunt.

583 3725 896 3797 Delinquent
929 3728 1118 3798 igitur,
1153 3726 1208 3783 id
1229 3735 1335 3796 est,
1366 3730 1695 3799 peccabunt,
1726 3737 1845 3795 aut,
1886 3731 2168 3801 periclita-

588 3817 814 3873 buntur.

664 3906 831 3965 Vens.
884 3910 979 3966 25.
1036 3910 1275 3968 Redimet
1334 3911 1594 3969 Dominus
1641 3915 1847 3970 animas
1895 3931 2167 3970 servorum

586 4016 829 4055 suorum.
852 4004 936 4058 Ab
959 4005 1215 4061 humanis
1240 4006 1497 4061 nimirum
1516 4022 1580 4063 ac
1604 4006 1896 4064 diabolicis
1925 4009 2165 4074 insidiis,

584 4110 726 4165 quas
759 4097 980 4166 propria
1014 4099 1276 4168 patientia
1311 4105 1673 4171 superabunt.

658 4188 727 4241 Et
751 4205 853 4242 non
876 4189 1177 4259 delinquont
1230 4206 1409 4245 omnes
1455 4190 1545 4260 qui
1596 4201 1816 4259 sperant
1846 4191 1903 4244 in
1930 4207 2012 4245 eo.
2045 4189 2165 4246 Non

588 4282 920 4350 peccabunt,
950 4295 1016 4335 eo
1044 4281 1192 4352 quod
1236 4281 1413 4336 valida
1445 4292 1611 4351 atque
1657 4284 1936 4337 constanti
1969 4299 2067 4353 spe
2096 4272 2161 4338 aid

592 4373 890 4427 Dominum
930 4375 1198 4439 ferantur,
1230 4388 1335 4429 nec
1378 4374 1546 4429 ullum
1580 4375 1743 4431 etiam
1777 4376 1975 4430 anima!
2014 4377 2161 4445 peri-
2196 4399 2239 4456 ι)

586 4466 770 4519 culum
804 4466 1175 4520 sustinebunt.

1049 4575 1184 4631 Psal
1191 4592 1305 4631 mus
1354 4577 1458 4647 ipsi
1496 4576 1695 4633 David.

1076 4709 1402 4767 PSALMUS
1435 4709 1684 4767 XXXIV.

656 4824 813 4881 llunc
847 4826 1011 4881 etiam
1052 4823 1324 4895 psalmum
1363 4824 1677 4894 composuit
1730 4822 1926 4879 beatus
1967 4820 2158 4889 David,

585 4934 709 4975 cum
742 4920 1184 4990 persecutionem
1227 4917 1539 4973 sustineret
1569 4931 1599 4970 a
1640 4915 1824 4981 Saule,
1872 4924 1926 4971 et
1971 4916 2159 4971 nullibi

584 5011 633 5066 ei
662 5010 889 5064 daretur
923 5018 1039 5064 tuto
1067 5015 1396 5072 consistere,
1437 5008 1798 5078 congruitque
1827 5007 1948 5063 aliis
1978 5009 2159 5062 omni-

586 5104 690 5158 bus
724 5100 1073 5155 inimicorum
1117 5100 1556 5169 persecutionem
1589 5100 2014 5157 sustinentibus.
2055 5099 2161 5153 lm-

2267 3081 2345 3152 τῷ
2374 3081 2545 3152 ὁμοίῳ
2583 3082 2765 3151 χαίρει
2810 3082 2871 3136 τὸ
2899 3083 3108 3153 ὅμοιον,
3148 3084 3309 3156 δῆλον
3341 3086 3417 3149 ὡς
3464 3088 3615 3156 μισεῖ
3642 3087 3705 3139 τὸ
3734 3087 3860 3140 ἀνό-

2270 3188 2445 3243 μοιον·
2484 3174 2582 3227 καὶ
2619 3168 2694 3227 ὧν
2723 3175 2751 3226 6
2782 3174 2897 3245 βίος
2928 3176 3209 3245 ἀνόμοιος,
3250 3177 3459 3232 τούτων
3486 3179 3725 3232 ἐναντίαι
3758 3180 3859 3232 καὶ

2268 3266 2325 3318 αἱ
2350 3266 2589 3334 γνῶμαι.
2623 3266 3092 3338 Πλημμελήσουσι
3116 3268 3195 3333 δὲ,
3223 3270 3299 3333 ὼς
3328 3271 3442 3334 τοῖς
3466 3270 3647 3333 ἄλλοις
3672 3271 3859 3325 αὐτῶν

2269 3360 2661 3431 ἁμαρτήμασιν
2704 3361 2787 3413 ἔτι
2842 3361 3230 3431 προστιθέντες
3286 3362 3384 3417 καὶ
3432 3363 3492 3416 τὸ
3530 3362 3625 3417 τοῦ
3658 3364 3858 3433 μίσους

2270 3451 2437 3506 αὐτοῦ
2480 3451 2810 3523 ἁμάρτημα.
2863 3454 2939 3506 Οὐ
3001 3454 3165 3525 μόνον
3206 3455 3318 3525 γὰρ
3365 3456 3466 3508 οὐκ
3512 3456 3859 3527 ἐμιμήσαντο

2267 3541 2478 3607 τοῦτον,
2533 3543 2671 3596 ἀλλὰ
2700 3545 2795 3596 καὶ
2830 3544 3125 3616 ἐμίσησαν.
3168 3548 3240 3599 Ἢ
3270 3546 3452 3599 τοίνυν
3481 3547 3546 3600 τδ
3586 3551 3857 3617 summa.

2267 3634 2600 3703 λήσουσιν,
2639 3636 2761 3689 ἀντὶ
2790 3636 2905 3703 τοῦ,
2930 3637 3331 3710 ἁμαρτήσουσι,
3398 3637 3640 3709 νοητὲον,
3672 3638 3708 3710 ἢ
3734 3634 3855 3694 ἀντὶ

2267 3722 2385 3786 τοῦ,
2434 3723 2863 3778 κινδυνεύσουσι.

2340 3902 2716 3971 Λυτρώσεται
2747 3904 2956 3973 Κύριος
2982 3905 3187 3975 ψυχὰς
3213 3904 3451 3960 δούλων
3477 3905 3688 3962 αὐτοῦ.
3720 3906 3851 3960 ’Δπδ

2267 3997 2378 4051 τῶν
2408 3997 2768 4069 ἀνθρωπίνων
2798 3998 2895 4051 καὶ
2928 3998 3261 4068 δαιμονικῶν
3302 3998 3627 4065 ἐπιϐουλῶν,
3670 3998 3729 4053 αἳ
3756 4000 3851 4068 ἡτ-

2267 4085 2597 4156 τηθήσονται
2625 4087 2726 4158 τῆς
2759 4087 3043 4159 ὑπομονῆς
3073 4087 3276 4143 αὐτῶν.

2341 4180 2449 4233 Kal
2505 4181 2579 4233 οὐ
2618 4179 2705 4250 μὴ
2756 4180 3273 4250 πλημμελήσουω
3324 4180 3549 4247 πάντες
3580 4182 3636 4236 οι
3689 4180 3849 4233 6.11:1-

2269 4269 2470 4337 ζοντες
2493 4270 2588 4324 ἐπ’
2613 4272 2823 4326 αὐτόν.
2867 4271 3007 4325 Οὗτε
3036 4271 3147 4343 γὰρ
3181 4271 3584 4343 ἁμαρτήσουσι,
3616 4271 3685 4340 τῇ
3714 4269 3857 4339 πρὸς

2267 4362 2431 4415 αὐτὸν
2474 4362 2653 4418 ἐλπίδι
2691 4364 3230 4436 χειραγωγούμενοι,
3264 4363 3392 4418 οὔτε
3441 4364 3852 4419 κινδυνεύσουσι

2268 4454 2540 4527 ψυχικῶς.

2771 4569 3019 4639 Ψαλμὸς
3039 4568 3119 4635 τῷ
3147 4570 3346 4625 Δαείδ.

2826 4706 3121 4762 ΨΔΛΜΟΣ
3151 4706 3273 4763 ΛΔ’.

2337 4820 2451 4873 Καὶ
2498 4819 2689 4874 τοῦτον
2734 4819 2928 4891 εἴρηκε
2962 4821 3054 4874 τὸν
3086 4820 3326 4892 ψαλμὸν,
3382 4820 3465 4875 ἔτι
3518 4823 3848 4890 διωκόμενος

2266 4912 2371 4965 ὑπὸ
2414 4912 2588 4967 Σαοὺλ
2612 4952 2627 4975 ,
2664 4914 2762 4966 καὶ
2816 4912 3070 4983 μηδαμοῦ
3100 4914 3297 4985 στῆναι
3356 4916 3809 4987 συγχωρούμενος
3831 4933 3846 4949 ·

2266 5010 2536 5079 προσήκει
2562 5007 2620 5060 δὲ
2650 5008 2744 5060 καὶ
2788 5007 2922 5059 πᾶσι
2956 5006 3454 5077 καταδιωκομένοις
3482 5007 3575 5060 ὑπ’
3606 5008 3848 5078 ἐχθρῶν.

2265 5101 2386 5171 Χρὴ
2419 5100 2475 5153 δὲ
2522 5101 2642 5161 ταῖς
2679 5098 2779 5168 μὲν
2826 5099 2987 5167 ἀραῖς
3033 5099 3090 5150 ἐν
3126 5099 3261 5151 πᾶσι
3304 5101 3419 5160 τοῖς
3448 5098 3684 5169 ψαλμοῖς
3709 5099 3855 5152 κατά

584 5195 996 5267 precationibus
1044 5200 1250 5256 autem,
1291 5209 1416 5264 quae
1456 5201 1567 5247 tam
1621 5194 1675 5248 iu
1717 5193 1970 5265 praesenti
2028 5201 2158 5247 sunt

2268 5194 2364 5245 τῶν
2409 5192 2680 5262 δαιμόνων
2714 5189 2986 5260 χρῆσθαι·
3026 5183 3176 5244 οὗτοι
3212 5190 3320 5261 γὰρ
3374 5191 3471 5243 καὶ
3516 5190 3644 5251 τοὺς
3688 5190 3856 5242 πολε-

586 5288 820 5359 psalmo,
853 5300 1018 5356 quam
1046 5283 1198 5350 alibi,
1239 5284 1318 5338 uti
1351 5299 1452 5341 nos
1481 5292 1701 5355 oportet
1755 5285 2024 5340 adversus
2050 5282 2159 5337 dae-

588 5393 782 5436 mones
814 5396 828 5432 :
864 5377 902 5433 ii
933 5377 1079 5433 enim
1115 5383 1267 5442 sunt,
1304 5376 1397 5445 qui
1441 5385 1661 5434 nostros
1688 5378 1931 5434 excitant
1971 5374 2159 5429 inimi-

654 5578 876 5635 "Juan.
917 5595 1027 5647 xvr,
1061 5580 1152 5635 55.
1274 5578 1317 5612 ⁸⁸
1350 5580 1389 5635 ll
1413 5581 1537 5638 Cor.
1578 5600 1649 5648 ιν,
1679 5582 1733 5639 8.

1854 5582 1899 5613 "
1943 5580 2084 5636 Psal.
2118 5595 2276 5643 nm,
2318 5578 2403 5633 i9.

2261 5282 2494 5353 μοῦντας
2525 5283 2661 5351 ἡμῖν
2707 5279 3033 5351 ἀνθρώπους
3072 5281 3429 5353 διεγείρουσι·
3461 5282 3577 5342 τοῖς
3613 5281 3853 5334 ὀνείδεσι

2256 5374 2337 5440 δὲ,
2373 5373 2516 5427 κατὰ
2549 5372 2660 5426 τῶν
2688 5371 3162 5429 ἐπιϐουλευόντων
3208 5375 3344 5445 ἡμῖν
3398 5372 3708 5445 ἀνθρώπων
3730 5389 3750 5408 ο
3781 5374 3853 5427 τὰ

2508 5576 2555 5611 ⁷⁸
2582 5573 2774 5632 Matth.
2826 5590 2906 5647 ιι,
2953 5576 3021 5634 15
3049 5585 3104 5633 ct
3132 5574 3260 5633 alibi
3282 5578 3510 5649 passim.
3608 5570 3665 5610 Ἠ
3696 5575 3846 5636 Psal.

587 5664 770 5719 cxvnt,
806 5653 926 5707 151.
970 5652 1181 5709 "Psal.
1208 5652 1367 5717 111,8.
1444 5656 1490 5687 ⁷³
1527 5647 1729 5712 Jerem.
1759 5669 1830 5720 tv,
1880 5652 1968 5706 l9.
2046 5652 2092 5683 "
2126 5651 2143 5704 ι

2268 5664 2319 5721 g.
2378 5663 2439 5718 11,
2472 5648 2525 5704 9.
