4072 6202
471 273 582 338 3ῆὸ

1719 281 2099 341 ΕΗΤΠΥΜΗ
2145 283 2502 346 ZIGAilENi

3621 299 3729 364 396

533 386 708 442 Vens.
743 386 795 440 6.
841 384 967 440 Fiat
1004 386 1086 439 via
1134 402 1314 441 eorum
1363 388 1608 453 tenebrae,
1644 405 1706 442 ac
1755 390 2029 442 lubricum.

2217 395 2536 461 Γενηθήτω
2563 397 2600 462 ἡ
2627 396 2766 463 ὁδὸς
2799 397 2999 452 αὐτῶν
3019 401 3242 465 σκότος
3277 403 3371 454 καὶ
3406 405 3726 478 ὀλίσθημα,

453 479 809 534 'Cravissima
834 484 919 532 est
947 475 1264 547 bujusmodi
1295 479 1640 550 imprecatio.
1687 481 1849 551 Optat
1894 481 2040 533 enim

473 581 530 622 ut
556 569 664 622 illis
702 566 1029 636 fugientibus
1062 567 1146 622 via
1180 568 1314 622 adeo
1351 569 1421 622 sit
1447 570 1701 634 obscura,
1761 579 1818 624 ut
1861 571 2044 625 videre

469 667 764 729 nequeant,
811 672 916 728 qua
963 671 1110 715 recta
1164 660 1268 714 sibi
1317 661 1559 715 eundum
1609 664 1732 718 sit:
1784 674 2042 733 praeterea

468 755 632 804 etiam
672 757 724 803 ut
760 749 895 805 adeo
928 751 999 806 sit
1027 751 1263 815 lubrica,
1301 751 1525 821 quodin
1551 768 1792 824 praeceps
1824 753 2042 824 aliquod

467 841 813 896 deferantur.

541 930 611 984 Et
645 930 861 1001 angelus
887 930 1103 984 Domini
1144 947 1453 1003 persequens
1503 948 1610 986 eos.
1665 933 1807 987 Istos
1853 933 2040 998 etiam,

459 1023 562 1092 qui
599 1021 655 1076 in
684 1031 761 1076 tot
815 1037 879 1076 ac
925 1029 1075 1077 tanta
1106 1025 1248 1077 mala
1285 1024 1620 1090 inciderunt,
1657 1026 1888 1094 angelus
1941 1025 2043 1078 Do-

457 1115 599 1169 ‘mini
643 1124 938 1169 conterens
984 1125 1382 1185 persequatur.
1433 1115 1574 1180 Quid
1631 1117 1799 1184 igitur
1827 1131 1924 1186 par
1960 1127 2040 1169 est

465 1216 788 1262 eventurum
823 1208 872 1262 ei
906 1221 1052 1273 esse,
1087 1209 1177 1278 qui
1212 1222 1390 1276 neque
1423 1207 1829 1272 oculis'videat,
1865 1223 2040 1277 neque

465 1301 696 1371 pedibus
749 1301 1061 1370 adjuvetur,
1106 1309 1160 1355 et
1203 1301 1271 1356 ab
1328 1301 1448 1370 ipso
1481 1301 1643 1354 etiam
1680 1309 2041 1368 persequente

464 1394 659 1464 angelo
693 1403 954 1464 urgeatur
980 1393 1002 1444 ?

539 1482 778 1541 Vensﬁ7.
815 1486 1076 1551 Quoniam
1108 1487 1273 1555 gratis
1309 1486 1689 1540 absconderant
1724 1484 1852 1539 mihi
1877 1486 2039 1537 inter-

461 1582 595 1632 itum
630 1579 802 1647 laquei
849 1579 954 1631 sui.
989 1576 1354 1647 Symmachus
1386 1591 1484 1646 pro
1513 1577 1676 1646 gratis
1730 1575 1888 1640 dixit,
1929 1576 2042 1629 sine

461 1681 650 1726 eausa.
681 1671 816 1725 Cum
843 1672 976 1724 nihil
1006 1687 1034 1723 ει
1061 1684 1166 1735 me,
1191 1670 1390 1740 inquit,
1420 1669 1531 1725 laesi
1558 1669 1786 1730 fuerint,
1809 1669 2040 1723 abscon-

2151 483 2340 542 Τοῦτο.
2367 487 2663 559 σφοδρότης
2690 489 2788 557 τῆς
2816 491 2953 559 ἀρᾶς
2979 507 2993 521 ·
3034 495 3358 564 κατεύχεται
3393 499 3502 568 γὰρ
3527 502 3726 568 αὐτῶν,

2151 573 2235 627 ἵνα
2265 575 2560 643 φεύγουσιν
2593 580 2779 642 αὐτοῖς
2829 584 2859 650 ὴ
2893 581 3006 644 ὁδὸς
3058 583 3285 654 γένηται
3328 591 3573 660 σκοτεινὴ
3605 594 3722 661 μὲν,

2146 663 2221 724 ὡς
2251 664 2309 716 τὸ
2369 666 2442 734 μὴ
2502 666 2762 721 δύνασθαι
2816 669 3052 740 βαδίζειν
3089 673 3292 745 ὀρθῶς,
3341 679 3605 751 ὀλισθηρὰ
3645 684 3723 748 δὲ,

2147 757 2286 807 ὥστε
2318 757 2878 829 κατακρημνιςεσῦαι.

2215 937 2324 989 Καὶ
2349 937 2600 1008 ἅγγελος
2629 943 2853 1010 Κυρίου
2891 947 3272 1002 καταδιώκων
3317 954 3559 1021 αὐτούς.
3593 957 3728 1010 Τού-

2145 1043 2268 1089 τους
2291 1029 2347 1081 δὲ
2380 1030 2654 1096 τοσούτοις
2694 1039 2883 1099 κακοῖς
2927 1040 3378 1108 περιπίπτοντας,
3425 1046 3516 1098 καὶ
3561 1048 3588 1099 ὁ
3628 1051 3724 1102 ἐκ·

2145 1117 2342 1172 θλίϐων
2375 1123 2606 1190 ἄγγελος
2639 1127 3023 1182 καταδιωκέτω
3062 1133 3309 1200 προσέτι.
3347 1135 3411 1186 Τί
3451 1134 3544 1192 οὖν
3578 1141 3724 1204 εἰκὸς

2143 1208 2338 1262 παθεῖν
2362 1213 2450 1266 τὸν
2480 1216 2615 1285 μήτε
2646 1218 2967 1289 ὀφθαλμοῖς,
3014 1226 3150 1293 μήτε
3179 1228 3304 1279 ποδὶ
3331 1229 3720 1301 βοηθούμενον,

2144 1301 2279 1354 ἀλλὰ
2313 1306 2408 1356 καὶ
2447 1311 2910 1378 κατεπειγόιιενον
2939 1315 3043 1368 ὑπὸ
3072 1317 3165 1370 τοῦ
3195 1318 3519 1389 διώκοντοςς

2215 1485 2335 1537 Ὅτι
2381 1485 2607 1555 δωρεὰν
2629 1490 2906 1561 ἔκρινψὰν
2947 1513 3048 1564 μοι
3093 1497 3424 1568 διαφθορὰν·
3472 1505 3723 1573 παγίδος

2141 1577 2360 1632 αὐτῶν.
2382 1580 2454 1632 Τὸ
2492 1581 2723 1649 δωρεὰν
2748 1587 2773 1638 ὁ
2795 1585 3089 1659 Σύμμαχος
3115 1591 3395 1658 ἀναιτίως
3420 1591 3560 1651 εἷπε.
3599 1600 3720 1668 Μη-

2141 1669 2228 1725 δὲν
2255 1674 2346 1724 ὑπ’
2376 1676 2534 1744 ἐμοῦ,
2561 1681 2716 1751 φησὶ,
2761 1682 3068 1750 βλαϐέντες,
3109 1687 3352 1757 ἐκρυψάν
3385 1708 3473 1756 μοι
3501 1691 3730 1762 ὄλεθρον

460 1764 663 1817 derunt
687 1762 816 1815 mihi
854 1771 1034 1814 tamen
1077 1761 1355 1814 interitqu
1386 1759 1563 1830 laquei
1598 1759 1703 1812 sui.
1733 1757 1828 1811 Est
1858 1770 2029 1814 autem

2411 1743 2416 1744 ,
2573 1743 2584 1747 ν
2622 1743 2635 1751 ,
2705 1743 2712 1745 ~
2761 1743 2772 1750 .
3029 1743 3066 1750 -υ
3178 1743 3190 1757 ι
3259 1743 3269 1757 ο
3385 1743 3396 1756 I
3509 1743 3520 1744 ί
3569 1743 3582 1745 “
3603 1743 3651 1762 'r
3673 1743 3712 1746 ⁷⁷

2145 1764 2368 1830 παγίδος
2390 1769 2592 1822 αὐτῶν·
2643 1773 2730 1824 τὸν
2762 1777 2871 1846 γὰρ
2899 1775 2988 1829 διὰ
3019 1780 3242 1846 παγίδος
3280 1781 3500 1851 ὄλεθρον
3555 1802 3724 1840 nata-

463 1871 648 1912 sermo
679 1855 765 1908 hic
794 1855 1227 1923 metaphoricus,
1265 1867 1294 1904 a
1327 1851 1682 1906 venatoribus
1713 1852 2036 1917 translatus,

461 1952 556 2017 qui
589 1941 814 2017 laqueos
838 1949 1056 2001 occulte
1085 1947 1408 2014 disponunt,
1441 1957 1540 2014 per
1578 1957 1718 2014 quos
1759 1942 2037 1997 interitum

460 2040 593 2096 feris
623 2039 890 2094 inferunt.
1987 2026 1995 2040 ’

533 2130 866 2201 Supervacua
917 2129 1369 2198 exprobrauerunt
1403 2130 1636 2182 animam
1670 2145 1862 2183 meam.
1908 2128 2040 2182 Ani-

462 2237 605 2275 mam
654 2236 832 2276 meam
865 2219 1362 2290 circumloquendo
1403 2220 1561 2286 dixit,
1609 2235 1708 2289 pro
1745 2223 2036 2290 meipsum.

461 2315 672 2384 Estque
717 2313 1285 2373 animadvertemlum.
1324 2313 1469 2382 quod
1509 2313 1819 2380 bujusmodi
1868 2315 2034 2381 figura

461 2405 741 2476 loquendi,
775 2418 897 2475 qum
922 2402 1112 2458 Graece
1148 2403 1489 2472 periphrasis
1515 2402 1742 2468 dicitur,
1782 2404 2037 2472 frequen-

463 2500 678 2554 tissima
727 2497 999 2566 reperitur
1050 2495 1192 2565 apud
1244 2495 1462 2548 beatum
1513 2494 1700 2553 David.
1750 2504 1805 2546 ut
1854 2495 2032 2548 illud:

459 2589 652 2643 Anima
684 2603 837 2651 mea;
865 2586 971 2639 vita
1009 2600 1170 2647 mea;
1208 2595 1394 2638 nomen
1420 2591 1590 2646 tuum,
1618 2592 1671 2638 et
1707 2585 1808 2636 alia
1842 2583 2034 2653 hujus-

461 2679 628 2734 inodi.
694 2677 1042 2736 Mentientes,
1109 2678 1318 2746 inquit,
1390 2677 1864 2744 exprolwaverunt
1928 2692 2032 2740 tne,

467 2779 740 2842 ingratum
779 2771 1145 2840 appellantes.
1177 2778 1230 2822 et
1259 2770 1406 2838 regis
1457 2768 1858 2822 insidiatorem.

529 2863 695 2916 Vens.
727 2861 780 2916 8.
828 2860 1012 2915 Veniat
1049 2861 1129 2913 illi
1154 2861 1393 2930 laqueus,
1429 2875 1580 2928 quem
1614 2861 1845 2930 ignorat.
1876 2857 2036 2913 lnex-

457 2953 944 3025 spectata,.inquit,
980 2951 1263 3006 calamitas
1320 2951 1396 3004 illi
1455 2951 1709 3005 obveniat
1748 2967 1762 3016 ;
1799 2951 1918 3016 illi,
1957 2951 2040 3003 iu-

2142 1857 2480 1926 κρύπτουσιν
2515 1864 2564 1914 οἱ
2598 1863 2942 1933 θηρεύοντες.

2211 2122 2420 2190 Μάτην
2465 2123 2787 2180 ὼνείδισαν
2837 2130 2949 2197 τὴν
2983 2134 3195 2201 ψυχήν
3233 2154 3374 2205 μου.
3406 2139 3723 2205 Τουτέστιν,

2139 2213 2258 2281 ἐμὲ,
2289 2216 2429 2268 κατὰ
2471 2217 2804 2289 περίφρασιν
2827 2239 2842 2251 ο
2885 2228 3304 2296 παρατηρητέον
3353 2229 3430 2292 δὲ,
3462 2233 3544 2283 ὅτι
3579 2234 3714 2287 πολὺ

2142 2308 2292 2374 παρᾶ
2331 2311 2438 2370 τοῖς
2473 2309 2723 2380 Ψαλμοῖς
2779 2313 2873 2366 τοῦ
2907 2316 3073 2368 Δαεὶδ
3102 2319 3161 2370 τὸ
3209 2321 3396 2389 σχῆμα
3431 2325 3528 2392 τῆς
3558 2341 3719 2395 περι·-

2139 2398 2415 2469 φράσεως,
2450 2397 2582 2454 οἷονσ
2620 2404 2652 2473 ἡ
2688 2405 2832 2475 ψυχή
2866 2425 2989 2477 μου,
3020 2411 3050 2478 ἡ
3099 2410 3210 2480 ζωή
3249 2430 3374 2482 μου,
3407 2415 3467 2466 τὸ
3507 2417 3723 2485 πρόσιμ-

2140 2491 2238 2542 πύν
2273 2509 2397 2560 μου,
2436 2493 2496 2544 τὸ
2518 2494 2690 2564 ὄνομά
2719 2515 2833 2563 σου,
2863 2502 2955 2552 καὶ
2979 2502 3047 2554 τὰ
3085 2505 3326 2558 τοιαῦτα.
3355 2508 3720 2578 Ψευδόμενοι,

2139 2584 2324 2650 φησὶν,
2353 2583 2640 2639 ὠνείδισάν
2689 2607 2778 2658 με,
2832 2593 3128 2663 ἀχάριστον
3173 2600 3577 2664 ἀποκαλοῦντες
3618 2605 3715 2656 καὶ

2136 2673 2230 2726 τοῦ
2259 2674 2524 2745 βασιλέως
2554 2681 2860 2736 ἐπίϐουλον.

2224 2857 2471 2910 Ἐλθέτω
2500 2860 2658 2924 αὐτῷ
2689 2864 2888 2930 ama-ie,
2945 2865 3023 2933 ’ἣν
3088 2872 3159 2923 οὺ
3202 2870 3498 2940 γινώσκει.
3563 2879 3712 2948 Συμ-

2141 2950 2278 3017 φορὰ
2313 2951 2647 3020 ἀπρόοπτος.
2683 2958 2842 3026 Αὐτῷ
2872 2959 2949 3024 δὲ,
3010 2961 3087 3030 τῷ
3138 2964 3410 3033 κρύψαντι
3451 2971 3551 3038 τὴν
3598 2973 3714 3024 δια-

455 3062 639 3118 quam,
672 3047 840 3116 quiet
872 3046 1002 3097 mihi
1031 3045 1307 3097 interitum
1346 3042 1632 3097 abscOndit
1654 3083 1666 3104 ,
1694 3053 1746 3096 et
1788 3044 1881 3112 qui
1941 3058 2027 3097 me

2141 3041 2365 3109 (p'lopdw,
2404 3047 2496 3098 καὶ
2527 3047 2870 3116 ὀνειδίσαντι,
2898 3053 3011 3105 εἴτε
3038 3054 3130 3107 τὸν
3163 3057 3338 3111 Σαοὺλ
3369 3061 3560 3125 εἴποις,
3599 3065 3712 3116 είτε

455 3140 826 3209 exprobravit,
866 3136 980 3190 sive
1029 3133 1246 3188 Saulem
1288 3133 1599 3203 intelligas,
1643 3149 1738 3188 seu
1786 3133 2033 3202 quemvis

457 3233 644 3294 alium,
678 3231 768 3298 qui
801 3228 1020 3282 Sanlem
1055 3233 1270 3294 urgeret
1305 3226 1570 3279 adversus
1593 3226 1770 3294 ipsum
1805 3227 2030 3278 beatum

458 3323 647 3376 David.

527 3411 596 3466 Et
650 3422 757 3465 rete
801 3409 939 3479 quod
990 3407 1260 3461 abscondit
1323 3399 1722 3474 comprehendat
1781 3422 1918 3459 eum.
1967 3406 2031 3460 Et
2085 3421 2096 3434 ’

457 3514 589 3566 rete,
619 3501 762 3572 quod
795 3500 932 3556 clam
966 3499 1230 3552 adversus
1268 3513 1353 3551 me
1396 3497 1642 3561 tetendit,
1675 3497 2032 3566 comprehen-

455 3597 546 3649 dat
571 3609 720 3659 eurn,
751 3592 856 3647 hoc
886 3600 990 3656 est,
1023 3590 1217 3646 Omnis
1249 3589 1396 3643 illius
1424 3598 1677 3653 conatus,
1706 3603 1866 3644 omne
1895 3604 2029 3644 con-

456 3689 637 3742 silium
662 3688 717 3740 in
746 3697 1021 3739 auctorem
1051 3692 1424 3737 convertatur.

529 3779 593 3832 Et
624 3780 679 3834 in
714 3779 896 3846 laqueo
929 3777 1079 3830 cadet
1106 3777 1158 3828 in
1187 3777 1316 3845 ipso.
1347 3775 1492 3828 idem
1521 3773 1687 3827 etiam
1714 3772 2028 3843 signiﬁcant

453 3873 569 3925 hate
598 3869 781 3923 verba.
816 3865 1032 3921 Etcum
1082 3865 1284 3919 dixerit
1335 3865 1390 3917 in
1431 3864 1614 3932 laqueo
1639 3903 1655 3930 ,
1723 3861 1928 3917 addidit
1972 3863 2026 3917 in

453 3966 584 4034 ipso.
626 3961 682 4016 lu
708 3963 846 4033 ipso,
877 3959 1118 4029 inquam,
1156 3958 1353 4028 laqueo
1385 3996 1400 4022 ,
1434 3971 1597 4026 quem
1627 3955 1767 4009 idem
1798 3955 1887 4009 ille
1911 3953 2026 4010 dis-

457 4058 658 4128 posuit.

522 4145 685 4199 Vens.
744 4145 798 4198 9.
859 4143 927 4197 Et
951 4143 1130 4196 anima
1182 4157 1297 4194 mea
1348 4138 1632 4194 exsultabit
1677 4137 1731 4191 in
1779 4136 2023 4190 Domino.

452 4237 692 4294 Inimicis
729 4237 864 4290 meis
891 4234 965 4287 ita
1001 4233 1318 4302 castigatis.
1361 4233 1584 4287 laetabor
1633 4229 1688 4284 in
1750 4228 1979 4282 Domino
2006 4267 2021 4290 ,

454 4333 546 4403 qui
573 4330 737 4401 juStis
767 4342 862 4382 eos
891 4324 1072 4378 aifecit
1097 4323 1293 4391 pinnis.

2139 3135 2229 3183 καὶ
2250 3133 2606 3190 ἕκαστοντῶν
2637 3140 3054 3208 ἀναγκαζόντων
3099 3148 3263 3202 αὑτὸν
3325 3153 3468 3205 κατά
3526 3156 3710 3209 Δαϐίδ.

2206 3397 2311 3450 Kal
2337 3397 2508 3466 θήρα,
2536 3398 2615 3467 ἢν
2641 3401 2891 3472 ἔκρυψε,
2933 3411 3286 3464 συλλαϐἐτω
3340 3413 3545 3469 αὺτέν.
3599 3416 3712 3468 Καὶ

2133 3486 2191 3537 τὸ
2213 3487 2424 3541 δίκτυον
2444 3495 2541 3561 τῆς
2568 3492 2760 3563 Θήρας,
2795 3497 2821 3548 ὃ
2847 3496 3124 3568 λαθραίοις
3154 3502 3378 3572 ἥπλωσε
3403 3522 3471 3557 κα
3484 3508 3523 3558 τ’
3546 3509 3710 3577 ἐμοῦ,

2134 3581 2442 3636 συλλαὸέτω
2479 3586 2662 3653 αὐτὸν,
2688 3590 2934 3644 τουτέστι
2970 3594 3090 3644 κατ’
3119 3595 3283 3649 αὐτοῦ
3313 3603 3711 3671 περιτραπήτω

2130 3673 2162 3741 ἡ
2189 3675 2411 3747 μηχανὴ
2436 3678 2624 3732 αὑτοῦ.

2201 3767 2306 3818 Καὶ
2335 3767 2406 3820 ἐν
2433 3768 2508 3836 τῇ
2537 3773 2741 3841 παγίὸι
2779 3778 3051 3830 πεσεῖται
3099 3779 3169 3831 ἐν
3223 3780 3398 3848 αὐτῇ.
3459 3783 3531 3837 Τὸ
3571 3787 3712 3840 αὐτὰ

2131 3860 2223 3910 καὶ
2257 3859 2416 3914 τοῦτο
2447 3862 2614 3933 δηλοῖ·
2642 3866 2812 3919 εἰπὼν
2838 3868 2915 3932 δὲ,
2948 3870 3016 3922 ἐν
3045 3870 3118 3939 τῇ
3143 3875 3368 3942 uariat,
3395 3879 3703 3950 προσέθηκε

2128 3949 2208 4014 τὸ,
2231 3955 2300 4005 ἐν
2329 3953 2503 4022 αὐτῇ,
2541 3955 2759 4028 δηλαδὴ,
2789 3963 2854 4030 τῇ
2891 3963 3020 4032 παρ’
3039 3963 3202 4017 αὐτοῦ
3231 3969 3486 4039 παγείσῃ.

2210 4124 2280 4178 Ἡ
2301 4126 2370 4178 δὲ
2395 4129 2561 4196 ψυχή
2587 4147 2708 4198 μου
2768 4133 3200 4201 ἀγαλλιάσεται
3245 4139 3340 4190 ἐπὶ
3374 4138 3449 4205 τῷ
3486 4144 3698 4209 Κυρίῳ.

2129 4209 2251 4266 Τῶν
2283 4217 2492 4285 ἐχθρῶν
2520 4218 2662 4271 οὕτω
2722 4224 3165 4293 τιμωρηθέντων,
3220 4231 3533 4300 χαρήσομαι
3605 4235 3700 4283 επὶ

2125 4301 2202 4370 τῷ
2235 4304 2444 4375 Κυρίῳ,
2475 4305 2700 4372 δικαίως
2729 4311 2923 4373 αὐτοὺς
2970 4314 3280 4372 κολάσαντι.

522 4393 884 4475 Delectabitur
915 4415 970 4466 in
999 4413 1230 4466 salutari
1263 4429 1380 4466 suo.
1409 4412 1545 4477 Quia
1571 4413 1692 4466 illos
1743 4410 1975 4480 perdidit
2002 4449 2016 4474 ,

2199 4393 2720 4465 Τερςοθήσεταιέπί
2749 4401 2827 4467 τῷ
2853 4409 3124 4473 σωτηρίῳ
3156 4410 3364 4462 αὑτοῦ.
3407 4412 3527 4464 Ὅτι
3555 4414 3697 4465 ὲκεί-

451 4522 504 4565 et
536 4525 636 4564 nos
670 4505 918 4561 salvavil.

529 4598 687 4651 Vens.
720 4594 804 4646 10.
833 4591 1024 4645 Οιιιηῖα
1047 4606 1166 4643 ossa
1199 4607 1311 4644 utea
1343 4591 1553 4644 dicent:
1599 4589 1816 4644 Domine
1841 4631 1855 4654 ,
1903 4593 2020 4660 quis

447 4687 637 4744 similis
686 4684 799 4749 tibi,
853 4699 1038 4736 eruens
1084 4697 1364 4750 pauperem
1425 4687 1488 4735 de
1532 4697 1690 4734 manu
1738 4681 2022 4749 fortiorum

449 4781 565 4838 illo.
586 4779 795 4839 inopem
821 4784 866 4828 et
883 4789 1165 4843 pauperem
1203 4790 1234 4826 a
1256 4772 1624 4842 diripientibus
1644 4789 1759 4826 eum
1780 4775 1805 4827 .’
1828 4775 2020 4829 Omnia

449 4879 627 4924 autem
658 4883 782 4922 ossa
813 4883 955 4932 mea,
991 4867 1041 4920 id
1066 4875 1174 4930 est,
1203 4865 1446 4919 membra
1500 4879 1616 4920 mea
1666 4866 1850 4920 omnia
1899 4884 2020 4938 qua:

446 4963 502 5016 in
529 4960 797 5044 profundo
821 4959 1071 5026 corporis
1104 4965 1251 5013 sunt.
1292 4955 1617 5027 Signiﬁcare
1643 4965 1824 5013 autem
1871 4959 2020 5014 vide-

446 5065 539 5109 tur
571 5068 663 5123 per
691 5053 806 5106 haec
829 5049 991 5104 verba
1019 5049 1389 5119 plenissimam
1419 5050 1716 5119 gratiarum
1746 5051 2015 5106 actionem

443 5161 512 5202 ex
546 5145 738 5200 intimo
771 5144 964 5197 anima:
997 5141 1429 5210 provenientem.
1476 5141 1608 5204 Vel,
1631 5157 1724 5211 per
1753 5157 1899 5204 ossa,
1929 5158 2017 5196 so—

446 5238 588 5293 lidas
621 5252 684 5290 ac
711 5235 1000 5289 validiores
1028 5232 1222 5284 auium
1249 5231 1611 5301 cogitationes
1644 5231 1935 5301 intelligit,
1959 5244 2015 5287 ut

449 5344 592 5398 saepe
638 5328 896 5380 diximus.
963 5322 1182 5391 Inopem
1241 5331 1419 5376 autem
1460 5324 1698 5393 seipsum
1747 5323 2013 5392 Propheta

444 5420 700 5490 appellat,
733 5417 888 5487 quasi
907 5416 1173 5476 exsulem,
1202 5415 1748 5483 necessariorumque
1768 5415 2009 5468 omnium

441 5507 793 5576 indigentem,
817 5513 872 5559 et
901 5504 1102 5557 solum.
1136 5501 1240 5556 Per
1287 5502 1566 5557 fortiorem
1617 5515 1746 5555 vero
1792 5499 2010 5556 Saulem

441 5597 714 5665 intelligit,
744 5597 833 5661 qui
865 5605 919 5650 et
951 5595 1156 5650 divitiis
1186 5604 1240 5648 et
1275 5593 1488 5648 bellicis
1513 5592 1685 5662 copiis
1715 5592 1966 5648 adluebat
1991 5613 2006 5658 ;

442 5697 501 5744 et
540 5689 663 5741 dum
698 5688 911 5757 inopem
941 5702 1000 5742 se
1025 5686 1106 5740 bis
1144 5685 1312 5750 dicit,
1336 5691 1390 5739 et
1437 5683 1660 5752 insuper
1711 5697 2004 5754 pauperem

2132 4504 2255 4549 νους
2294 4491 2586 4555 ἀπολέσας,
2621 4496 2765 4564 ἡμᾶς
2789 4496 2983 4550 ἔσωσε.

2201 4580 2404 4634 Πάντα
2434 4584 2504 4637 τὰ
2533 4584 2683 4639 ὀστᾶ
2711 4605 2829 4654 μου
2858 4589 3084 4655 ἐροῦσι,
3117 4594 3312 4660 Κύριε,
3369 4598 3564 4665 Κύριε,
3611 4599 3700 4664 τίς

2129 4670 2335 4740 (λαός
2378 4691 2498 4739 σοι,
2531 4677 2832 4746 ῥυόμενος
2859 4681 3098 4749 πτωχὸν
3136 4683 3203 4735 ἐκ
3229 4688 3425 4754 χειρὸς
3447 4705 3699 4756 στερεωο

2127 4764 2310 4832 τέρων
2335 4767 2541 4831 αὑτοῦ,
2572 4769 2667 4822 καὶ
2699 4772 2938 4838 πτωχὸν
2988 4773 3086 4826 καὶ
3136 4774 3363 4844 πένητα
3417 4781 3538 4832 ἀπὸ
3586 4779 3702 4833 τῶν

2126 4857 2567 4925 διαρπαζόντων
2595 4863 3029 4928 αὐτόνςῐιὲιντα
3059 4869 3126 4917 τὰ
3171 4870 3227 4919 ἐν
3272 4869 3346 4938 τῷ
3388 4869 3543 4941 βάθει
3601 4874 3698 4925 τοῦ

2129 4950 2380 5019 σώματος
2415 4952 2550 5022 μέλη
2579 4968 2592 4981 ·
2635 4955 2887 5024 ἐμφαίνει
2919 4955 2972 5008 δὲ
3006 4957 3094 5009 διὰ
3116 4960 3309 5012 τούτου
3343 4962 3438 5031 τὴν
3493 4965 3558 5016 ἐκ
3600 4966 3700 5034 βά-

2125 5043 2254 5104 Θους
2286 5042 2463 5113 ψυχῆς
2497 5044 2760 5116 ὁλοσχερῆ
2796 5048 3166 5118 εὐχαριστίαν.
3202 5054 3269 5105 Ἢ
3305 5053 3435 5107 ὀστᾶ
3482 5059 3700 5126 νοήσεις

2124 5137 2213 5186 ἐπὶ
2238 5135 2417 5206 ψυχῆς
2449 5138 2650 5205 μᾶλλον
2700 5140 2824 5201 τοὺς
2855 5143 3247 5214 στεῤῥοτέρους
3306 5146 3399 5199 καὶ
3446 5163 3699 5202 συνεκτι-

2123 5227 2253 5288 κοὺς
2285 5226 2600 5297 λογισμοὺς,
2627 5229 2700 5292 ὡς
2737 5230 2996 5290 πολλάκις
3026 5234 3352 5304 εἰρήκαμεν.
3388 5237 3609 5310 Πτωχὸν
3636 5241 3696 5292 δὲ

2120 5318 2313 5371 ἑαυτὸν
2341 5319 2512 5388 λέγει,
2549 5322 2621 5382 ὡς
2653 5323 2886 5391 φυγάδα,
2930 5327 3024 5377 καὶ
3060 5326 3165 5378 τῶν
3203 5329 3522 5396 ἀναγκαίων
3567 5334 3692 5384 ἐπι⁴

2119 5407 2233 5476 δεῆ,
2293 5409 2386 5459 καὶ
2446 5412 2878 5480 μεμονωμένον·
2953 5419 3351 5488 στερεωτέρους
3404 5419 3498 5484 δὲ,
3564 5423 3691 5482 τοὺς

2117 5499 2259 5568 ἀμφὶ
2288 5499 2480 5565 Σαοὺλ,
2507 5495 2595 5554 οἷα
2632 5502 2847 5573 πλούτῳ
2869 5507 2962 5557 καὶ
2994 5507 3210 5578 στρατῷ
3244 5508 3526 5578 βριϐέντας
3547 5528 3563 5544 ·
3609 5513 3689 5568 δὶς

2119 5592 2332 5662 πτωχὸν
2355 5592 2551 5659 εἰπὼν,
2599 5595 2691 5648 καὶ
2712 5596 2804 5648 τὸν
2829 5597 3038 5669 πένητα
3076 5601 3357 5669 προσθεὶς,
3405 5602 3506 5671 τὴν
3545 5604 3687 5671 ἄγαν

2117 5685 2394 5739 εὐτέλειαν
2420 5687 2614 5741 ἑαυτοῦ
2647 5688 2925 5758 ἐνέφηνεν,
2979 5691 3096 5762 ἅμα
3149 5695 3241 5746 καὶ
3304 5696 3686 5766 ταπεινολογίᾳ
