4072 6202
396 272 501 338 399

1653 270 2037 353 EUTIIYMII
2079 266 2442 328 ZlGABENI

3536 265 3643 328 MO

386 382 706 442 laudabant.
739 381 1087 446 humilis-bar,
1128 380 1334 450 (iungens
1376 395 1460 437 me
1497 382 1707 436 tristem
1741 394 1803 433 ac
1836 395 1942 435 mo:

2073 397 2144 447 νῳ
2174 379 2324 450 παρά
2354 377 2447 431 τοῦ
2479 377 2735 449 πλήθους,
2764 376 3185 448 ὲταπεινούμην,
3226 376 3366 431 ἑκὼν
3419 394 3638 450 σχημα-

386 484 530 526 stunt
573 489 716 528 esse.
780 473 929 526 Solet
986 473 1130 526 enim
1172 474 1332 528 invisi
1385 473 1624 526 hominis
1676 471 1958 524 humilitas

383 580 545 639 atque
575 568 808 637 dejectio
862 566 1119 619 invidiam
1139 567 1434 635 reprimere
1458 582 1472 619 :
1498 563 1957 634 quemadmodum

380 674 569 716 contra
601 658 854 728 superbia
892 666 1054 727 atque
1097 658 1264 711 elatio
1296 672 1519 726 augere.

450 754 614 808 Vrsas.
641 753 721 806 15.
744 750 1032 805 Adversum
1067 767 1146 803 me
1162 751 1331 804 lwtati
1353 758 1562 812 sunt,et
1582 758 1954 803 convenerunt.

377 846 459 899 Me
503 846 616 900 haec
650 850 862 913 agente,
903 852 1066 912 atque
1096 842 1198 895 hoc
1229 850 1387 911 pacto
1424 841 1719 907 sentiente,
1752 841 1829 895 illi
1862 841 1953 894 ιω-

376 938 469 990 tati
507 944 656 1000 sunt,
689 934 974 988 credentes
1009 932 1239 1002 periisse
1267 934 1412 988 vires
1462 948 1610 989 meas
1641 951 1656 997 ;
1706 942 1762 988 et
1819 948 1953 988 con-

377 1035 670 1089 venerunt,
705 1036 764 1079 ut
791 1025 1022 1080 insidias
1059 1023 1349 1080 adversum
1381 1040 1465 1080 me
1489 1024 1863 1095 disponerent.

445 1118 772 1185 Congregata
806 1126 927 1170 sunt
982 1131 1138 1185 super
1163 1132 1242 1170 me
1287 1115 1501 1187 ﬂagella
1530 1157 1545 1181 ,
1602 1127 1651 1171 et
1690 1119 1947 1188 ignoravi.

370 1212 525 1279 Quod
557 1208 695 1263 LXX
727 1209 1054 1280 [interpretes
1101 1208 1358 1263 dixerunt
1407 1209 1644 1279 ﬂagella,
1696 1210 1948 1280 Symma-

370 1308 507 1360 chus
537 1305 883 1373 percutienles
903 1306 1155 1359 reddidit.
1179 1307 1267 1359 Ait
1298 1306 1462 1375 igitur
1490 1322 1503 1358 :
1534 1302 1823 1359 Occisores
1852 1305 1947 1359 ad-

371 1413 586 1453 versum
631 1413 715 1451 me
753 1398 1065 1467 congregati
1104 1406 1233 1453 sunt
1262 1412 1279 1463 ;
1334 1410 1457 1459 me,
1490 1395 1711 1465 inquam
1744 1436 1760 1457 .
1794 1398 1948 1467 igno-

372 1500 580 1545 rantem
640 1490 950 1559 hnjnsnxodi
985 1506 1173 1544 eorum
1221 1490 1450 1544 consilia
1514 1499 1678 1559 atque
1720 1490 1946 1545 insidias

372 1598 507 1651 quas
545 1583 831 1636 adversum
863 1597 947 1636 me
982 1581 1368 1652 disponebant.
1420 1580 1520 1637 Eas
1570 1592 1752 1636 autem
1816 1594 1945 1651 puto

364 1672 691 1736 subnomri,
743 1682 863 1741 quae
920 1671 973 1725 in
1044 1674 1271 1727 historia
1340 1672 1549 1742 Regum
1599 1673 1938 1737 traduntur,

364 1763 585 1831 quando
612 1762 733 1832 ejus
765 1779 903 1816 uxor
936 1762 1135 1817 Michol
1168 1764 1352 1817 omnia
1383 1765 1458 1817 illi
1494 1765 1747 1833 aperuit,
1779 1775 1941 1835 atque
1973 1757 2016 1811 Β

365 1872 391 1906 a
424 1855 667 1923 periculo
693 1853 853 1906 etiam
883 1868 1005 1907 eum
1046 1853 1296 1907 salvavit.

439 1942 603 1996 Vens.
640 1944 725 1997 16.
754 1943 1015 2011 Ih’ssipati
1044 1952 1192 2006 sunt,
1228 1955 1275 1998 et
1328 1963 1429 2000 non
1474 1949 1937 2017 suntcompuncti.

368 2034 622 2102 Dissipati
666 2044 795 2087 sunt
820 2049 942 2086 cum
970 2049 1054 2087 me
1083 2050 1191 2089 non
1223 2036 1586 2103 invenissent,
1632 2038 1722 2092 ubi
1754 2054 1941 2107 spera-

368 2135 573 2188 verant,
602 2134 649 2175 et
682 2132 859 2175 tamen
899 2125 1209 2193 compuncti
1248 2141 1353 2179 non
1384 2138 1511 2182 sunt
1540 2170 1554 2191 ,
1618 2130 1745 2199 quia
1794 2130 1939 2183 nulla

363 2215 509 2267 ducti
548 2224 673 2267 sunt
718 2212 1057 2281 pmnitentia.

438 2304 791 2358 ’I'enlauerunt
853 2320 954 2367 me.
1011 2302 1473 2360 subsannaverunt
1530 2324 1611 2361 me
1644 2308 1941 2362 subsanna-

366 2400 530 2462 tione,
566 2399 909 2461 {remluerunt
943 2414 1100 2467 super
1134 2415 1215 2452 me
1236 2399 1482 2455 dentibus
1506 2402 1640 2455 suis.
1675 2402 1827 2465 Saul,
1854 2405 1939 2456 in-

364 2495 505 2561 quit,
540 2499 595 2544 et
642 2491 730 2557 qui
768 2505 891 2543 cum
933 2504 997 2543 eo
1029 2498 1205 2556 erant,
1250 2493 1548 2563 aliquando
1595 2502 1943 2548 tentaverunt

366 2602 448 2636 me
482 2584 777 2651 probantes
812 2592 977 2651 atque
1009 2583 1402 2652 experientiam
1434 2594 1713 2639 sumentes
1743 2587 1940 2642 mentis

370 2691 551 2730 mete:
597 2674 893 2744 aliquando
948 2674 1114 2727 etiam
1152 2675 1650 2738 subsannaverunt,
1705 2676 1941 2730 irriden-

362 2777 467 2827 tes.
503 2768 669 2821 veluti
696 2767 1002 2828 inﬁrmum,
1030 2781 1175 2820 nunc
1204 2782 1335 2820 vero
1361 2766 1538 2834 palam
1577 2766 1823 2839 [leonum
1856 2768 1939 2821 in-

360 2856 503 2929 star]
540 2858 591 2910 in
630 2873 717 2911 me
743 2854 950 2910 ellerati
981 2865 1133 2910 sunt.
1171 2854 1447 2910 Frendere
1475 2854 1732 2910 dentibus
1760 2855 1939 2911 solent

360 2967 555 3005 ιηιιιιεε
592 2949 890 3020 aliquando
917 2948 988 3002 ob
1035 2948 1311 3012 timorem,
1360 2947 1651 3018 aliquando
1688 2964 1817 3004 vero
1867 2949 1939 3005 ob

366 3044 597 3095 nimiam
655 3042 1118 3112 indignationem,
1158 3040 1380 3110 quando
1429 3041 1711 3105 nimirum,
1771 3041 1937 3095 veluti

362 3131 548 3187 furore
573 3133 836 3202 quodam,
867 3130 1139 3185 collidunt
1164 3140 1356 3185 mutuo
1382 3130 1574 3185 dentes
1600 3144 1653 3186 et
1683 3144 1940 3186 resonant

2070 474 2351 545 τιζόμενος
2380 474 2469 526 τὸν
2500 472 2793 526 πενθοῦντα
2814 476 2908 525 καὶ
2938 471 3422 543 σκυθρωπάζοντα.
3454 474 3636 526 Κατα·

2069 565 2277 620 στέλλει
2306 565 2414 637 γὰρ
2443 566 2534 619 τὸν
2562 566 2755 633 φθόνον
2806 568 2840 635 ἡ
2881 565 2974 619 τοῦ
3031 565 3399 635 φθονουμένου
3447 565 3637 619 ταπεί-

2067 675 2253 722 νωσις,
2288 658 2477 727 ὥσπερ
2506 656 2661 722 αὔξει
2692 657 3002 710 τούναντίον
3027 658 3059 727 ἡ
3080 656 3335 727 ἔπαρσις.

2133 750 2271 804 Κατ’
2296 749 2441 819 ἐμοῦ
2458 748 2908 817 εὐφράνθησαν,
2937 747 3034 801 καὶ
3059 747 3489 815 συνήχθησαν.
3526 748 3639 800 Καὶ

2062 841 2198 912 ἐμοῦ
2242 840 2416 895 ταῦτα
2475 840 2777 906 ποιοῦντος,
2825 842 2920 894 καὶ
2955 839 3129 903 οὓτως
3182 838 3435 910 ἔχοντος,
3483 840 3636 894 αὐτοὶ

2062 937 2445 1007 εὐφράνθησαν
2475 938 2619 1001 τότε,
2651 936 2931 1002 δοκοῦντες
2964 938 3222 1009 ὑπορρεῖν
3241 936 3341 1007 ἤδη
3370 937 3470 1006 τὴν
3499 936 3634 1007 ἐμὴν

2059 1026 2311 1097 δύναμιν,
2346 1028 2438 1081 καὶ
2470 1028 2816 1098 συνήχθησαν
2842 1030 2922 1091 εις
2953 1028 3183 1099 μελέτην
3217 1027 3532 1097 ἐπιϐουλῆς.

2127 1117 2535 1187 Συνήχθησαν
2559 1119 2650 1171 ἐπ’
2677 1118 2782 1187 ἐμὲ
2804 1117 3117 1188 μάστιγες,
3148 1118 3247 1173 καὶ
3275 1118 3385 1173 οὐκ
3420 1118 3627 1187 ἔγνων.

2059 1208 2169 1272 Τὰς
2198 1211 2471 1279 μάστιγας
2498 1209 2755 1275 ἐνταῦθα,
2793 1210 3138 1281 πλήττοντας
3168 1205 3322 1262 εἶπεν
3346 1211 3373 1262 ό
3403 1210 3632 1278 Σύμμα-

2056 1318 2169 1371 χος.
2191 1302 2357 1369 Λέγει
2384 1301 2584 1366 τοίνυν,
2614 1303 2698 1354 ὅτι
2727 1302 2911 1365 Φονείς
2948 1299 3299 1370 συνήχθησαν
3343 1298 3463 1351 κατ’
3496 1297 3630 1365 ἐμοῦ

2054 1393 2398 1461 ἀγνοοῦντος⁹
2422 1392 2796 1465 ὲνεδρεύοντές
2830 1411 2940 1463 μοι.
2973 1394 3108 1461 Περὶ
3140 1390 3331 1444 τούτου
3368 1390 3424 1442 δὲ
3445 1389 3631 1457 σαφῶς

2053 1488 2086 1554 ἡ
2119 1486 2333 1557 ἱστορία
2365 1486 2630 1548 διδάσκει,
2661 1486 2751 1540 ὅτε
2774 1485 3005 1555 Μελχὼλ
3033 1487 3066 1555 ἡ
3096 1484 3233 1555 γυνὴ
3276 1482 3440 1536 αὐτοῦ
3493 1500 3625 1535 κατ-

2054 1582 2327 1651 εμήνυσεν
2352 1580 2499 1652 αὐτῷ
2528 1580 2627 1651 τὴν
2652 1580 2909 1652 τοιαύτην
2951 1577 3267 1650 ὲπιῦουλὴν,
3318 1575 3413 1630 καὶ
3442 1572 3630 1644 φυγὼν

2050 1669 2301 1741 διεσώθη.

2112 1938 2584 2006 Διεσχίσθησαν,
2620 1937 2718 1991 καὶ
2754 1955 2828 1993 ου
2857 1939 3300 2009 κατενύγησαν.
3334 1936 3622 1989 Διεσκεδά-

2045 2027 2270 2098 σθησαν,
2299 2030 2374 2099 μὴ
2403 2029 2656 2098 εὑρόντες
2689 2047 2782 2099 με,
2838 2028 2968 2083 ἔνθα
3006 2029 3234 2099 ἤλπιζον
3262 2047 3274 2059 ·
3320 2030 3415 2082 καὶ
3474 2030 3622 2098 ὅμως

2043 2121 2105 2172 οὐ
2150 2120 2555 2190 κατενύγησαν,
2577 2122 2701 2174 οὐδὲ
2729 2123 3090 2193 μετενόησαν.

2127 2210 2485 2279 Ἐπείρασάν
2511 2229 2623 2281 με,
2664 2211 3159 2281 ἐξεμυκτήρισάν
3206 2229 3283 2282 με
3338 2228 3620 2281 μυκτηρι-

2044 2304 2223 2372 σμὸν,
2247 2304 2508 2372 ἔερυξαν
2542 2305 2641 2357 ἐπ’
2688 2305 2795 2375 ἐμὲ
2828 2305 2970 2372 τοὺς
3011 2305 3263 2371 ὀδόντας
3306 2303 3525 2358 αὐτῶν.
3558 2305 3619 2355 0i

2044 2398 2176 2469 περὶ
2200 2399 2393 2464 Σαοὺλ,
2430 2401 2585 2471 φησὶ,
2617 2402 2748 2454 ποτὲ
2788 2402 2887 2472 μὲν
2915 2401 3218 2473 ὲπείρασάν
3267 2418 3357 2470 με,
3395 2400 3619 2466 δοκιμά-

2044 2491 2229 2555 ζοντες
2255 2491 2370 2555 πῶς
2404 2492 2685 2562 διάκειμαι
2715 2511 2731 2526 ο
2780 2496 2907 2547 ποτὶ
2943 2495 2999 2547 δὲ
3044 2494 3507 2564 ὲξεμυκτήρισαν,
3556 2494 3616 2543 ἐν

2043 2581 2209 2653 χλεύῃ
2229 2582 2611 2651 διαγελῶντες,
2646 2585 2721 2647 ὠς
2747 2585 2946 2655 ἀσθενῆ
2980 2603 2993 2615 ·
3028 2586 3122 2638 νῦν
3149 2586 3204 2639 δὲ
3250 2584 3500 2655 φανερῶς
3534 2584 3618 2648 ἐξ-

2042 2673 2444 2744 εθηριώθησαν.
2470 2676 2683 2729 Γίνεται
2708 2677 2762 2730 δὲ
2784 2677 3031 2747 βρυγμὸς
3058 2678 3308 2743 ὀδόντων,
3343 2679 3471 2731 ὅταν
3528 2676 3617 2728 ἁλ-

2041 2767 2244 2837 λήλοις,
2282 2767 2774 2838 ἑξυπερὸἀλλοντος
2810 2770 2976 2839 φόϐου
3014 2770 3046 2841 ἦ
3076 2768 3272 2838 θυμοῦ,
3303 2785 3616 2839 προσαρασ-

2042 2861 2258 2929 σόμενον.
2293 2860 2564 2913 κτυπῶσι.
2596 2858 2730 2925 Νῦν,
2776 2863 2930 2931 φησι,
2980 2861 3057 2930 τῷ
3111 2860 3268 2931 θυμῷ
3338 2859 3613 2924 ζέσαντες,

2041 2947 2156 3005 οἷον
2186 2952 2484 3006 κτυποῦσιν
2512 2952 2599 3005 ἐπ’
2650 2952 2749 3022 ἐμὲ
2790 2955 2916 3015 τοὺς
2969 2953 3188 3016 ὀδόντας
3254 2952 3451 3018 αὐτῶν,
3500 2952 3614 3003 δια-

2047 3044 2325 3113 μασᾶσθαι
2354 3045 2455 3108 τὰς
2487 3044 2625 3114 ἐμὰς
2654 3044 2965 3115 γλιχόμενοι
2990 3046 3222 3115 σάρκας.

1947 3170 1962 3185 .
2004 3130 2183 3201 Nunc,
2218 3134 2419 3205 inquit,
2449 3135 2526 3189 ira
2552 3151 2615 3190 ac
2642 3136 2792 3191 rabie
2820 3136 2987 3206 pleni,
3062 3152 3321 3194 resonare
3366 3138 3615 3191 videntur

361 3246 526 3296 super
560 3246 643 3281 me
671 3228 929 3281 dentibus
954 3227 1089 3291 suis,
1133 3226 1277 3281 avidi
1326 3226 1587 3281 nimirum
1633 3236 1691 3281 ut
1728 3242 1926 3283 carnes
1966 3243 2117 3285 meas
2144 3231 2432 3286 dilanient.

436 3324 597 3375 \‘sns.
638 3322 726 3377 l7.
766 3320 989 3375 Domine
1044 3321 1259 3390 quando
1318 3322 1560 3388 respicies
1592 3322 1617 3373 ?
1671 3320 1749 3375 Tu
1786 3323 1931 3378 enim

2107 3327 2306 3393 Κύριε,
2347 3328 2491 3380 πότε
2511 3328 2762 3397 ἀπόψεις
2786 3329 3174 3399 Μακροθυμῶν
3206 3333 3316 3401 γὰρ
3344 3331 3438 3384 ἐπὶ
3485 3332 3609 3383 τούς

359 3411 689 3483 longanimis
740 3410 807 3464 ad
862 3411 996 3475 haec,
1062 3410 1339 3480 respicere
1395 3424 1491 3464 eos
1542 3425 1649 3464 non
1706 3412 1929 3468 videris.

358 3502 597 3571 Quanth
656 3502 824 3572 igitur
890 3484 1343 3567 animaduertes,
1389 3510 1444 3555 et
1504 3502 1799 3556 vindictam
1850 3503 1929 3557 l‘a-

358 3596 475 3650 cius
500 3596 522 3647 ’ἐ

430 3688 671 3741 llestitue
700 3686 937 3740 animam
973 3700 1145 3739 meam
1173 3702 1204 3738 a
1240 3684 1575 3755 malignitate
1605 3701 1812 3741 eorum.
1848 3685 1930 3741 Tu

359 3795 445 3833 me
477 3778 670 3841 libera,
702 3776 904 3846 inquit,
941 3775 1011 3829 ab
1050 3776 1270 3829 iuorum
1332 3776 1719 3845 perversitate.
1775 3784 1829 3831 et
1875 3777 1931 3830 in

360 3870 651 3941 pristinam
689 3868 1043 3924 securitatem
1068 3868 1318 3923 restitue.

428 4048 473 4102 Α
505 4047 742 4103 leonibus
785 4048 1109 4119 unigenitum
1147 4064 1340 4103 meam.
1380 4045 1654 4102 Frendere
1712 4048 1928 4117 prOprie

354 4142 614 4195 dicuntur
643 4140 827 4195 leones
856 4156 871 4193 :
898 4149 1293 4210 consequenter
1334 4139 1497 4209 igitur
1528 4155 1650 4194 cum
1681 4138 1929 4194 frendere

355 4247 449 4286 eos
475 4231 696 4296 dixerit,
731 4231 1077 4300 postmodum
1108 4231 1295 4286 leones
1327 4231 1493 4285 etiam
1524 4229 1847 4300 appellavit;
1875 4239 1930 4284 et

359 4324 594 4378 maxime
624 4323 693 4377 ob
720 4322 1019 4393 ingenitam
1045 4321 1129 4376 eis
1154 4322 1412 4377 saevitiam
1466 4330 1520 4375 et
1547 4321 1759 4377 insidiis
1786 4335 1927 4375 sem-

2036 3434 2169 3483 τοις,
2198 3419 2375 3483 δοκεῖς
2408 3420 2506 3490 μὲν
2535 3423 2633 3490 οὐχ
2657 3423 2788 3492 ὀρᾷν
2820 3422 3015 3476 ταῦτα.
3070 3423 3204 3475 Πότε
3260 3424 3354 3475 οὒν
3393 3424 3611 3492 Eadd/at,

2038 3513 2131 3563 καὶ
2162 3511 2507 3582 ἐκδικήσεις;

2118 3679 2645 3749 Ἀποκατάστησον
2681 3682 2795 3752 τὴν
2818 3684 3029 3753 ψυχήν
3050 3702 3171 3754 μου
3198 3687 3318 3741 ἀπὸ
3346 3688 3455 3756 τῆς
3500 3705 3606 3742 κα-

2035 3775 2326 3843 κουργίας
2391 3775 2608 3831 αὐτῶν.
2655 3777 2785 3830 Ἀπὸ
2849 3778 2947 3847 τῆς
3022 3778 3360 3849 κακουργίας
3426 3781 3608 3834 αὐτῶν

2036 3866 2412 3938 ἐλευθερώσας
2442 3886 2533 3938 με,
2574 3871 3027 3941 ἀποκατάστησον
3055 3872 3135 3934 εἰς
3177 3870 3274 3941 τὴν
3332 3872 3605 3944 προτέραν

2033 3959 2282 4027 ἀφοϐίαν.

2116 4052 2259 4105 Ἀπὸ
2288 4055 2556 4108 λεόντων
2587 4055 2701 4125 τὴν
2721 4057 3025 4125 μονογενῆ
3076 4075 3215 4127 μου.
3266 4058 3338 4110 Τὸ
3383 4058 3605 4131 βρύκειν

2032 4144 2237 4213 κυρίως
2270 4146 2362 4198 ἐπὶ
2394 4146 2625 4199 λεόντων
2690 4148 2928 4216 λέγεται.
2988 4149 3323 4212 Ἀκολούθως
3373 4149 3487 4217 οὖν,
3526 4150 3603 4210 ὡς

2033 4234 2366 4306 βρύξαντας,
2408 4238 2631 4300 λέοντας
2662 4240 2911 4310 ὠνόμασε
2939 4241 3185 4307 τούτους,
3212 4241 3304 4295 διὰ
3330 4242 3427 4312 τὴν
3448 4241 3599 4310 ὡμό-

2029 4346 2167 4398 τητα
2198 4330 2292 4382 καὶ
2320 4330 2930 4404 ὲπιόουλήν.Μονογενῆ
2964 4333 3019 4386 δὲ
3071 4334 3223 4403 λέγει
3279 4336 3377 4405 τὴν
3406 4334 3601 4388 ἑαυτοῦ

352 4430 450 4485 per
481 4418 750 4469 intentum
792 4414 1059 4466 animum.
1095 4409 1443 4483 Unigenitam
1478 4422 1660 4467 autem
1686 4413 1925 4466 animam

2040 4420 2206 4492 lnaqu
2262 4424 2379 4493 ἦτοι
2427 4424 2639 4490 ἑαυτὸν,
2677 4424 2755 4489 ὡς
2804 4427 3110 4496 εἰρήκαμεν
3145 4429 3203 4479 ἐν
3233 4427 3311 4497 τῷ
3363 4427 3599 4497 εἰκοστῴ

356 4506 666 4571 suam,hoe
711 4512 795 4558 est
848 4506 1113 4574 seipsum,
1153 4518 1216 4558 ea
1240 4506 1450 4559 ratione
1478 4504 1788 4574 appellavit,
1817 4519 1926 4573 qua

354 4596 757 4651 deetaravimus
815 4592 870 4647 in
918 4592 1126 4663 psalmo
1182 4608 1312 4658 ut;
1370 4607 1402 4647 a
1445 4596 1720 4648 communi
1755 4596 1920 4650 etiam

357 4702 526 4742 sensu
557 4687 661 4740 hoc
691 4685 744 4738 in
774 4684 897 4739 loco
942 4683 1379 4739 subaudiendum
1427 4693 1511 4740 est
1559 4686 1809 4753 verbum,
1842 4703 1922 4740 re-
1954 4674 2003 4733 D

354 4789 531 4832 stttue.

429 4869 594 4925 Vens.
628 4869 717 4924 18.
751 4869 1055 4940 Conﬁtebor
1090 4870 1185 4925 tibi
1233 4871 1285 4924 in
1341 4870 1575 4925 Ecclesia
1626 4872 1814 4936 multa,
1870 4873 1925 4925 in

355 4963 546 5031 papula
596 4964 743 5032 gravi
808 4963 1041 5017 laudabo
1104 4974 1171 5017 te.
1229 4961 1363 5017 Vide
1423 4979 1545 5033 qua:
1604 4965 1926 5034 exponendo

356 5053 656 5109 dixerimus
686 5053 740 5108 in
765 5064 1191 5109 commemorato
1239 5055 1489 5123 superius
1541 5055 1770 5124 psalmo,
1805 5054 1877 5108 ibi
1908 5071 1923 5107 :

354 5143 422 5198 In
460 5143 695 5198 Ecclesia
728 5161 920 5214 magna
953 5145 1234 5213 conﬁtebor
1267 5145 1360 5197 tibi
1382 5143 1446 5200 ⁷⁸.

422 5235 491 5289 In
522 5237 715 5306 populo
748 5238 896 5306 gravi
933 5236 1160 5290 laudabo
1208 5246 1275 5290 te.
1332 5234 1435 5288 Pro
1490 5235 1689 5303 βαρεῖ,
1750 5235 1920 5304 graui,

354 5328 717 5398 Symmachus
749 5330 909 5383 habet
938 5329 1281 5399 παμπληθεῖ,
1310 5329 1593 5398 frequenti.
1625 5329 1916 5381 hstantcm

350 5421 708 5487 praecedentis
743 5422 871 5476 dicti
903 5422 1302 5491 interpretatio.

428 5506 709 5566 VEIS.§9.
764 5511 884 5564 Non
948 5516 1372 5579 supergomleant
1422 5514 1509 5565 aui
1563 5511 1917 5564 adversantur

468 5694 511 5723 ’⁷⁵
573 5693 711 5747 l‘sal.
752 5708 857 5747 ut,
895 5692 983 5744 ΞΒ.

2030 4514 2231 4584 πρώτῳ
2260 4513 2463 4587 ψαλμῷ
2485 4532 2498 4545 ·
2523 4519 2629 4570 ἀπὸ
2656 4518 2837 4571 κοινοῦ
2866 4519 2924 4571 δὲ
2956 4518 3235 4573 κάνταῦθα
3259 4519 3338 4584 τὸ,
3368 4520 3602 4575 ἀποκα-

2024 4601 2356 4670 τάστησον.

2108 4862 2654 4933 Ἐξομολογήσομαί
2679 4880 2781 4918 σοι
2834 4867 2904 4918 ἐν
2974 4868 3303 4934 Ἐκκλησία
3368 4868 3593 4937 πολλῇ.-

2038 4954 2125 5008 Ἐν
2160 4956 2256 5027 τῷγ
2273 4954 2420 5025 αὐτῷ
2447 4954 2648 5026 ψαλμῷ
2683 4958 2842 5010 πάλιν
2876 4953 3031 5012 εἶπεν
3062 4976 3075 4991 ·
3113 4961 3217 5014 Ἐν
3263 4960 3580 5027 Ἐκκλησίᾳ

2023 5045 2249 5116 μεγάλῃ
2282 5046 2806 5117 ἐξομολογήσομαί
2832 5067 2929 5103 σοι
2969 5069 2981 5082 ·
3009 5053 3101 5104 καὶ
3131 5050 3283 5122 ζήτει
3317 5053 3416 5121 τὴν
3448 5054 3563 5105 Exst-

2023 5156 2112 5190 νου
2150 5138 2241 5191 τοῦ
2274 5137 2439 5209 ῥητοῦ
2463 5140 2741 5211 ἐξήγησιν.

2103 5229 2204 5281 Ἔν
2234 5227 2362 5294 λαῷ
2383 5230 2567 5299 βαρεῖ
2586 5233 2806 5285 αἰνέσω
2836 5250 2933 5287 σε.
2968 5233 3040 5287 Τὸ
3064 5236 3270 5304 βαρεῖ,
3307 5242 3592 5306 παμπλη-

2018 5320 2111 5374 θεῖ
2135 5322 2360 5391 εἷρηκεν
2415 5324 2444 5375 ό
2497 5324 2827 5396 Σύμμαχος·
2871 5328 2987 5379 ἐστι
3043 5328 3098 5381 δὲ
3137 5329 3231 5381 τοῦ
3277 5330 3381 5399 πρὸ
3422 5328 3588 5383 αὐτοῦ

2020 5413 2183 5482 ῥητοῦ
2218 5414 2549 5485 ὲπεξήγησις
2586 5456 2599 5469 .

2092 5508 2147 5558 Μ
2156 5505 2187 5572 ὴ
2217 5506 2647 5577 ἑπιχαρείησάν
2666 5527 2765 5577 μοι
2797 5512 2851 5564 οἱ
2880 5511 3298 5579 ἐχθραίνοντές
3318 5504 3420 5582 μοι
3460 5513 3591 5567 ἀδί-
