4114 6208
466 379 560 442 ιυι
1681 375 2065 438 (ῘΟΜΜΕΝΤ.

2117 375 2190 434 IN
2239 374 2595 434 l’SAL-MOS.
3629 374 3732 438 802

463 517 599 561 κως,
632 498 684 548 οἱ
707 494 1028 563 μισοῦντές
1055 511 1132 563 με
1182 494 1430 561 δωρεὰν,
1494 489 1592 543 καὶ
1660 489 2045 552 διανεύοντες
2079 536 2088 561 ι

2108 533 2117 562 λ
2149 486 2281 538 mihi
2309 485 2526 554 injuste.
2557 485 2646 554 qui
2675 482 2900 538 oderunt
2935 500 3014 538 me
3048 485 3214 553 gratis
3247 494 3294 537 et
3332 495 3574 538 annuum
3607 503 3733 538 ocn-

461 586 819 656 ὀφθαλμοῖς.
857 587 930 637 Τὸ
970 587 1224 653 Δωρεὰν,
1285 585 1406 638 ἀντὶ
1456 581 1552 636 τοῦ
1603 581 1837 649 Μάτηνο
1893 580 2047 632 οὐδὲν

2153 578 2242 631 lis.
2285 576 2493 636 Gratis.
2521 577 2625 630 hoc
2668 586 2772 642 est,
2815 577 2938 631 sine
2968 591 3155 631 causa.
3191 575 3376 644 Neque
3425 577 3569 631 enim
3627 593 3729 648 ego

460 689 568 752 γὰρ
599 681 798 742 αὐτοὺς
819 680 1072 749 ἠδίκησα,
1118 680 1151 750 ἢ
1209 679 1400 748 μίσους
1457 675 1608 742 ἄξιον
1664 672 2045 742 ἐνεδειξάμην.

2151 669 2351 738 injuria
2383 684 2478 722 eos
2509 667 2688 731 aﬂ'eci,
2745 676 2840 722 aut
2891 667 3145 722 odiosum
3202 682 3288 721 me
3346 668 3574 735 praebui.
3629 669 3731 724 Per

460 771 814 834 Διανεύοντας
839 771 895 823 δὲ
934 770 1238 840 ὀφθαλμοῖς
1259 769 1408 836 λέγει
1441 767 1568 829 τοὺς
1595 765 1856 827 κόλακας,
1915 764 2049 816 οἵτι-

2151 770 2468 814 annuentcs
2501 776 2628 813 vero
2689 761 2884 823 oculis,
2939 761 3259 814 adulatores
3321 760 3600 830 intelligit,
3635 761 3727 830 qui

459 883 549 926 νες
577 863 762 917 ἔνευον
790 861 867 932 τῷ
911 863 1110 928 Σαοὺλ,
1151 861 1504 931 διασύροντες
1531 856 1609 927 τῷ
1641 856 1870 926 τοιούτῳ
1911 855 2043 925 σχή-

2148 854 2300 909 Sauli
2360 853 2705 919 annucbant,
2786 855 2889 908 hoc
2939 865 3102 924 pacto
3159 852 3519 908 detrahentes
3570 853 3729 907 beato

459 974 611 1028 ματι,
638 956 692 1009 εἷ
713 973 768 1008 τι
792 955 982 1023 παρὼν
1014 955 1178 1010 Δαδὶδ
1209 949 1388 1018 εἶπεν,
1415 951 1449 1022 ἢ
1478 949 1740 1022 ἔπραξεν.

2149 944 2340 1007 David,
2373 956 2469 999 aut
2505 962 2630 1001 cum
2666 956 2960 1016 carpentes
2993 947 3038 1002 si
3087 946 3216 1017 quid
3261 947 3562 1017 aliquando
3592 963 3731 1017 pra:-

2147 1051 2275 1090 scus
2311 1035 2404 1090 ille
2432 1035 2682 1098 dixisset,
2729 1044 2822 1090 aut
2850 1036 3096 1092 fecisset.

528 1138 662 1191 Ὅτε
697 1137 826 1205 ἐμοὶ
849 1137 969 1206 μὲν
994 1137 1266 1206 εἰρηνικὰ
1294 1137 1584 1201 ἐλάλουν,
1615 1135 1712 1188 καὶ
1735 1135 1828 1188 ἐπ’
1854 1134 2042 1202 (τργὴν

2215 1127 2360 1183 Vens
2412 1128 2503 1186 20.
2531 1128 2798 1195 Quoniam
2821 1129 2948 1182 nti/ti
2971 1128 3181 1198 quidem
3203 1130 3424 1199 paciﬁce
3445 1128 3729 1197 loqueban-

457 1227 642 1282 δόλου
669 1226 1094 1296 διελογίζοντο.
1141 1226 1449 1298 Εἰρηνικῶς
1496 1244 1588 1297 μοι
1626 1225 1741 1295 (25)
1777 1224 2038 1293 ὡμίλουν,

2145 1229 2254 1285 tur,
2281 1229 2334 1274 et
2360 1221 2412 1273 in
2442 1222 2526 1274 ira
2552 1220 2702 1275 dolos
2729 1219 3060 1291 cogitabant.
3088 1221 3321 1276 Paciﬁce
3346 1221 3568 1292 quidem
3614 1237 3726 1275 mc-

457 1318 584 1388 περὶ
610 1318 832 1387 ἀγάπης
859 1318 1228 1389 διαλεγόμενοι
1265 1334 1279 1349 ·
1331 1318 1402 1371 δι’
1445 1316 1616 1388 ὀργὴν
1647 1316 1726 1379 δὲ,
1781 1315 1849 1386 ἢν
1902 1313 2039 1367 ὑπέ-

2141 1327 2263 1366 cum
2285 1311 2414 1365 olim
2448 1311 2811 1368 versabantur
2829 1314 3002 1368 amica
3034 1315 3340 1384 loquentes,
3367 1323 3529 1383 atque
3559 1314 3730 1368 bene-

453 1427 717 1481 κρυπτον,
751 1411 1138 1465 διεσκέπτοντο
1164 1411 1371 1476 δόλους,
1399 1410 1516 1464 πῶς
1538 1411 1605 1464 ἄν
1630 1427 1695 1462 us
1732 1408 2036 1479 λεληθότως

2140 1402 2432 1457 volentiam
2469 1417 2533 1457 ac
2559 1402 2914 1458 dilectionem
2965 1418 3074 1473 ιιι-ω
3107 1418 3166 1458 sc
3207 1403 3347 1457 ferre
3378 1403 3726 1456 videbantur.

447 1505 531 1566 ei;
565 1503 818 1558 κίνδυνον
845 1503 1154 1558 ὲνσείσωσι.

2140 1491 2339 1546 Verum
2389 1508 2603 1548 summa
2652 1509 2776 1548 cum
2841 1495 2944 1556 ira,
3005 1509 3172 1562 quam
3235 1494 3508 1557 celabant,
3569 1494 3730 1551 dolos

2139 1585 2521 1651 conterebant,
2558 1585 2873 1656 cogitantes
2909 1600 3148 1656 quonam
3174 1600 3260 1642 me
3293 1597 3454 1657 pacto
3489 1587 3543 1642 in
3575 1588 3726 1658 peri-

2134 1677 2258 1732 cula
2294 1676 2654 1747 conjicerent.

516 1775 622 1830 Kal
689 1774 1040 1828 ὲπλὰτυναν
1097 1775 1193 1828 ἐπ’
1260 1773 1369 1842 ἐμὲ
1418 1773 1483 1827 τὸ
1541 1774 1741 1841 στόμα
1806 1769 2028 1826 αὐτῶν.

2208 1767 2383 1824 Vens.
2418 1769 2510 1825 2i.
2566 1769 2637 1824 Et
2704 1772 3065 1828 dilataverunt
3126 1789 3288 1843 super
3321 1789 3403 1828 me
3449 1788 3504 1827 os
3541 1789 3718 1827 suum.

446 1865 715 1935 ’Ὕστερον
751 1866 809 1918 δὲ
837 1866 932 1918 καὶ
963 1866 1250 1936 παρρησίᾳ
1297 1864 1643 1935 κατηγόρουν
1699 1880 1766 1932 με
1821 1865 2030 1916 ἀνυποι
2067 1884 2071 1930 1

2099 1857 2451 1938 ‘Novissime
2514 1863 2681 1916 etiam
2737 1864 2914 1933 palam
2973 1880 3038 1919 ac
3080 1865 3190 1918 lato
3244 1880 3341 1920 ore
3391 1865 3724 1920 accusabant

444 1956 649 2018 στόλως
681 1970 695 1985 ⁸
725 1957 753 2008 ὀ
779 1955 888 2025 γὰρ
915 1953 1202 2006 λανθάνειν
1249 1953 1596 2024 πειρώμενος
1649 1953 2033 2023 ὑποψιθυρίζει

2140 1965 2250 2014 me,
2291 1965 2401 2005 non
2452 1952 2595 2007 clam
2623 1955 2886 2022 amplius,
2930 1963 3026 2010 aut
3065 1969 3199 2009 voce
3246 1955 3543 2010 submissa.
3585 1953 3721 2009 Nam

441 2048 556 2110 τοῖς
586 2045 1047 2115 συνεσταλμένως
1069 2044 1332 2114 χείλεσιν.

2148 2043 2244 2112 qui
2279 2041 2514 2112 cupiunt
2544 2043 2748 2109 latere,
2786 2046 3120 2115 compressis
3156 2060 3291 2115 pene
3340 2046 3502 2100 labiis
3528 2060 3724 2101 susur-

2145 2144 2297 2190 rant.

517 2217 741 2274 Εἶπον-ο
765 2217 941 2291 Εὖγε,
969 2225 1130 2297 εὖγε,
1153 2217 1320 2280 εἶδον
1333 2227 1387 2278 ol
1407 2225 1699 2294 ὀφθαλμοὶ
1729 2223 1918 2294 ἡμῶν.
1939 2225 2030 2289 Τὸ,

2210 2226 2508 2283 Dixerunt:
2534 2227 2704 2298 Euge,
2725 2243 2876 2298 euge,
2899 2227 3145 2282 viderunt
3171 2227 3314 2281 oculi
3345 2227 3536 2284 nostri.
3569 2226 3724 2296 Apud

449 2311 632 2384 Εὖγε,
674 2317 902 2374 παλαιὸν
920 2317 990 2392 ἦν
1016 2323 1352 2392 ἐπιφώνημα
1420 2319 1530 2372 τῶν
1597 2319 2035 2388 ἐντυγχανόντων

2138 2319 2396 2388 antiquos
2443 2320 2521 2375 illi
2591 2320 2930 2385 clamabant,
2981 2320 3168 2391 Euge,
3217 2335 3366 2390 euge,
3423 2319 3516 2389 qui
3571 2333 3726 2374 assc-

441 2401 508 2460 οῦ
536 2409 790 2480 ηὔχοντο,
815 2413 905 2466 διὰ
938 2414 1032 2468 τοῦ
1060 2414 1462 2484 διπλασιασμοῦ
1495 2413 1595 2483 τὴν
1641 2413 1782 2481 ἄγαν
1840 2411 2033 2483 ἡδονὴν

2137 2410 2250 2464 cuti
2284 2411 2490 2481 aliquid
2544 2411 2788 2475 fuerant,
2833 2411 2977 2482 quod
3041 2412 3331 2482 Oplaliant,
3389 2410 3723 2480 repetitione

440 2500 538 2554 τοῦ
572 2504 896 2572 πράγματος
933 2507 1222 2575 ἐμφαῖνον.
1292 2505 1514 2568 ’ἰδόντες
1549 2521 1642 2575 με,
1691 2504 1848 2573 φησὶ,
1899 2503 2032 2571 φεύ-

2134 2501 2221 2554 illa
2260 2501 2503 2556 laetitiam
2533 2503 2830 2573 quamdam
2867 2517 2978 2572 prae
3011 2518 3071 2558 se
3107 2502 3371 2557 ferentes.
3430 2499 3716 2564 Videntes,

438 2609 606 2658 γοντα
631 2595 727 2648 καὶ
757 2596 1304 2668 ταλαιπωρούμενον,
1338 2595 1707 2666 ἐπεφώνησαν
1743 2594 1804 2648 τὸ
1853 2597 2028 2666 πρόσ-

2131 2592 2334 2661 inquit,
2368 2593 2577 2650 inimici
2607 2596 2714 2650 mei
2759 2609 2847 2650 me
2888 2593 3210 2667 fugientem,
3267 2595 3720 2650 acclamaverunt

439 2700 592 2754 ρημα
634 2687 730 2753 τῆς
745 2687 1106 2759 εὐφροσύνης,
1139 2695 1201 2742 τὸ
1229 2684 1403 2758 Εὖγε,
1439 2684 1598 2756 εὖγε,
1633 2687 1662 2741 ὃ
1721 2687 1874 2758 δηλοῖ
1941 2687 2024 2753 τὸ,

2130 2685 2296 2740 verba
2335 2687 2427 2742 illa
2460 2686 2683 2751 laetitiae,
2730 2686 2898 2757 Euge,
2947 2703 3096 2758 euge,
3137 2687 3518 2758 signiﬁcantes
3551 2687 3718 2741 nimi-

443 2775 639 2842 Καλῶς
658 2777 770 2847 ἔχει
797 2779 857 2833 τὸ
880 2783 1133 2851 πρᾶγμα.
1161 2777 1296 2834 Εἶτα
1339 2783 1420 2847 τὸ,
1447 2781 1624 2834 Εἶδον
1645 2783 1701 2834 σι
1731 2780 2028 2849 ὀφθαλμοὶ

2131 2795 2276 2844 rum,
2306 2794 2501 2835 eorum
2529 2796 2644 2836 rem
2681 2779 2821 2836 bene
2858 2795 2918 2835 se
2943 2779 3168 2835 habere.
3231 2781 3391 2847 Quod
3442 2779 3716 2850 sequitur,

441 2866 629 2935 ήμῶν,
659 2871 786 2925 καθ’
833 2872 1029 2928 ἑαυτὸν
1059 2874 1458 2942 ἀναγνωστέον,
1514 2867 1648 2936 οἷον,
1673 2873 1756 2926 ὅτι
1788 2867 1966 2932 Εἶδον,
1993 2871 2029 2926 ἃ.

2138 2871 2384 2926 Viderunt
2409 2873 2546 2926 oculi
2586 2873 2777 2934 nostri,
2807 2886 2904 2941 per
2929 2887 2990 2926 se
3021 2872 3309 2940 legendum
3357 2880 3464 2936 est,
3489 2881 3542 2927 ct
3581 2875 3717 2928 sub~

439 2960 727 3031 ἠθέλομεν.
785 2964 1055 3018 Ἐλλείπει
1100 2966 1233 3037 γὰρ,
1285 2967 1362 3029 ὡς
1424 2965 1756 3019 ἐνδιάθετον.
1808 2965 1876 3016 Ἢ
1934 2964 2030 3016 καὶ

2135 2965 2546 3035 intelligendum
2597 2973 2680 3020 cst
2725 2964 2930 3034 aliquid
2980 2962 3063 3036 [ut
3093 2973 3248 3034 puta,
3278 2965 3547 3020 Viderunt
3573 2965 3713 3020 oculi

442 3053 742 3122 ἡνωμένως
766 3071 782 3088 ⁸
820 3057 1020 3122 Καλῶς
1058 3053 1201 3112 εἶδον
1230 3059 1282 3112 οἱ
1331 3057 1606 3130 ὀφθαλμοὶ
1635 3056 1819 3129 ἡμῶν,
1867 3072 2028 3109 τουτ-

2134 3057 2308 3110 nostri
2349 3057 2564 3112 hostem
2600 3064 2856 3118 nostrum
2891 3055 3064 3110 David
3119 3057 3263 3113 male
3295 3057 3578 3121 ati'ectum,
3615 3074 3712 3112 seu

444 3143 612 3208 ἐστιν,
643 3145 873 3210 εύκτῶς.

2133 3145 2188 3200 ἰη
2217 3160 2461 3217 praeceps
2487 3145 2830 3220 delapsum];
2858 3149 2974 3203 vel:
3000 3147 3268 3204 Viderunt
3293 3148 3436 3205 oculi
3457 3151 3628 3205 nostri
3660 3149 3713 3202 id

438 3236 585 3305 quod
617 3249 735 3295 erat
767 3241 1123 3303 involis.ld.
1180 3246 1326 3314 quod
1359 3245 1520 3300 facile
1588 3243 1934 3302 subauditur,
1971 3247 2374 3310 proptereaque
2431 3241 2729 3298 omittitur.
2828 3241 2926 3300 Vel
2982 3243 3320 3315 coniunctim
3381 3245 3548 3302 etiam
3604 3245 3712 3316 legi

439 3341 616 3400 patest
646 3332 973 3399 versiculus,
1015 3352 1079 3391 ac
1137 3337 1183 3392 si
1259 3337 1463 3392 diceret
1503 3355 1516 3390 :
1551 3335 1693 3393 Bene
1748 3335 2003 3393 viderunt
2041 3331 2184 3387 oculi
2246 3333 2423 3390 nostri
2497 3349 2624 3404 quae
2656 3334 3004 3407 optabamus.

503 3420 696 3491 Εἶδες,
721 3425 916 3494 Κύριε.
945 3428 1013 3481 Ἀ
1039 3427 1240 3497 δηλαδὴ
1264 3430 1474 3500 πάσχω.
2041 3430 2085 3488 C

2192 3425 2356 3481 Vens.
2396 3424 2488 3484 22.
2529 3425 2740 3497 Vidisti,
2783 3426 3034 3485 Domine.
3061 3429 3138 3483 Ea
3171 3429 3432 3484 nimirum
3460 3441 3583 3500 qua:
3615 3441 3713 3496 pa-

2125 3518 2252 3574 tior.

513 3606 608 3671 Μὴ
637 3607 1141 3677 παρασιωπήσῃς.
1167 3609 1258 3680 Μὴ
1278 3609 1584 3682 ύπομείνῃς
1624 3628 1638 3642 ’
1673 3611 1722 3664 οἱ
1753 3610 1861 3682 γὰρ
1890 3611 2021 3664 ὓπο-

2198 3609 2284 3664 Ne
2305 3611 2492 3666 sileas.
2522 3611 2601 3666 Ne
2633 3611 2868 3683 amplius
2897 3612 3202 3670 sustineas.
3235 3610 3371 3667 Nam
3405 3612 3500 3682 qui
3535 3611 3709 3668 susti-

446 3693 695 3760 μένοντες
730 3695 953 3750 εἰώθασι
983 3702 1372 3771 παρασιωπᾷν.

1099 3702 1372 3771 ασιωπᾷν.
2126 3709 2273 3764 nent,
2305 3712 2488 3756 tacere
2521 3703 2723 3757 solent.

513 3785 710 3852 Κύριε,
744 3787 831 3857 μὴ
886 3788 1166 3857 ἀποστῇς
1213 3791 1314 3845 ἀπ’
1359 3792 1528 3861 ἐμοῦ.
1561 3794 1674 3846 Καὶ
1702 3794 1878 3855 οὐδεὶς
1928 3794 2025 3846 ἅλ-

2199 3789 2280 3844 Ne
2307 3791 2559 3846 discedas
2587 3810 2618 3844 a
2653 3809 2754 3846 me.
2775 3791 2970 3850 Nullus
2993 3796 3138 3849 enim
3173 3795 3315 3847 alius
3343 3799 3428 3848 est
3461 3791 3589 3846 mihi
3616 3792 3711 3846 ad-

442 3874 531 3937 λος
549 3876 740 3930 ὲπίκου
748 3894 859 3949 ρος.

669 3894 859 3949 ιουρος.
2123 3880 2294 3948 jutor.

524 3968 918 4040 Ἔξεγέρθητι,
940 3972 1138 4041 Κύριε,
1207 3973 1305 4026 καὶ
1361 3975 1631 4042 πρόσχες
1693 3973 1768 4042 τῇ
1823 3975 2022 4041 κρίσει

2199 3970 2365 4028 Vsus.
2401 3973 2491 4027 23.
2527 3972 2790 4044 Exsurge,
2829 3972 3072 4038 Domine,
3107 3974 3321 4028 intende
3340 3974 3548 4043 judicio
3571 3991 3705 4030 meo.

433 4077 574 4129 μου.
616 4062 1130 4136 ’Δνθρωποπρεπῶς
1161 4063 1374 4137 εἴρηται
1407 4064 1609 4132 ταῦτα,
1648 4067 1794 4121 καθὰ
1820 4067 2023 4121 πολλά-

2127 4065 2375 4121 Humano
2403 4080 2554 4122 more
2613 4065 2728 4121 haec
2759 4066 2902 4120 dicta
2937 4072 3090 4131 sunt,
3123 4074 3184 4119 ut
3216 4068 3417 4136 saepius
3444 4065 3704 4122 diximus.

439 4168 527 4215 κις
568 4152 795 4225 ἔφημεν.
832 4155 1230 4226 Ἔξεγέρθητι,
1267 4157 1400 4228 φησί
1420 4173 1435 4189 ⁸
1469 4159 1843 4230 μακροθυμῶν
1890 4160 2021 4232 γὰρ,

2124 4159 2390 4229 Exsurge,
2433 4157 2632 4229 inquit,
2687 4158 2938 4214 Domine.
2984 4158 3340 4228 Louganimis
3389 4160 3532 4214 enim
3582 4174 3705 4214 cum

441 4245 537 4298 καὶ
579 4247 655 4317 μὴ
686 4246 921 4319 βοηθῶν,
964 4250 1145 4314 δοκεῖς
1176 4252 1461 4305 καθεύδειν
1484 4269 1498 4283 θ
1523 4253 1585 4305 τὸ
1621 4253 1676 4306 δὲ
1725 4255 2018 4324 Πρόσχες,

2123 4253 2222 4316 sis,
2245 4251 2512 4307 adversus
2536 4251 2792 4307 inimicos
2815 4266 2990 4318 meos,
3017 4251 3261 4307 dormire
3279 4250 3515 4323 quodam
3545 4252 3707 4306 modo

439 4336 690 4408 εὑρήσεις
717 4341 799 4404 εις
831 4340 932 4412 τὴν
957 4341 1219 4413 ἐξήγησιν
1251 4342 1346 4398 τοῦ
1377 4344 1597 4416 ψαλμοῦ
1645 4353 1709 4399 ε’.

2123 4342 2347 4398 videris.
2375 4342 2440 4396 Et
2467 4344 2597 4413 quid
2631 4343 2934 4416 significat,
2968 4344 3219 4410 Intende,
3247 4345 3372 4401 ride
3398 4344 3451 4399 in
3483 4345 3705 4413 exposi-

2125 4432 2274 4487 tione
2309 4433 2505 4503 psalmi
2539 4433 2737 4505 quinti.

516 4519 585 4572 '0
635 4521 781 4587 Θεός
819 4539 938 4590 μου
989 4523 1086 4576 καὶ
1128 4525 1162 4576 ὁ
1186 4523 1404 4591 Κύριός
1437 4541 1558 4594 μου
1583 4527 1671 4592 εὶς
1702 4525 1816 4594 τὴν
1842 4527 2022 4595 δίκην

2197 4521 2336 4576 Deus
2361 4538 2504 4576 meus
2527 4532 2574 4576 et
2611 4522 2865 4577 Dominus
2899 4541 3043 4578 meus
3072 4525 3126 4577 in
3152 4540 3372 4578 causam
3429 4541 3624 4579 meant.
3662 4525 3704 4578 A

433 4629 574 4679 μου.
622 4613 758 4666 Ἀπὸ
787 4613 968 4667 κοινοῦ
999 4614 1281 4668 κάνταῦθα
1314 4616 1552 4686 ληπτέον
1602 4618 1663 4670 τὸ
1696 4621 1974 4690 Πρόσχες
2001 4637 2014 4653 ⁶

2124 4612 2399 4668 communi
2451 4627 2615 4669 sensu
2671 4613 2778 4668 boc
2823 4615 2879 4668 iu
2918 4614 3040 4668 loco
3102 4613 3439 4668 sumendum
3464 4622 3549 4669 est
3587 4629 3708 4667 ver-

435 4699 592 4769 δικην
646 4701 703 4755 δὲ
735 4702 834 4773 τὴν
868 4704 1051 4773 κρίσιν
1084 4703 1332 4760 ἐκάλεσε.
1359 4705 1432 4759 Τὸ
1470 4707 1527 4760 δέ
1552 4723 1566 4737 ’
1630 4707 1694 4762 '0
1728 4709 1874 4776 Θεός
1893 4727 2014 4778 μου

2126 4704 2278 4768 bum,
2346 4703 2598 4771 Intende,
2652 4713 2706 4759 et
2751 4721 2848 4775 per
2901 4721 3126 4758 causam
3188 4704 3454 4774 judicium
3513 4720 3704 4762 rursus

437 4790 539 4843 καὶ
572 4794 604 4846 ὁ
629 4792 845 4861 Κύριός
873 4811 1019 4862 μου,
1072 4795 1166 4847 καὶ
1221 4795 1289 4848 τὰ
1337 4796 1567 4851 τοιαῦτα
1609 4798 2012 4869 ἀλλεπάλληλα,
2049 4784 2062 4839 Ῐ

2078 4787 2094 4838 ⁵
2123 4794 2399 4855 intelligit.
2441 4794 2535 4848 Illa
2574 4803 2758 4848 autem
2791 4795 2956 4848 verba
2999 4814 3010 4848 :
3044 4793 3185 4848 Deus
3237 4810 3402 4860 meus,
3434 4804 3483 4848 et
3518 4794 3703 4849 Domi.

439 4883 838 4955 ὲπιτεταμένης
855 4885 1236 4957 καὶόλοψύχου
1277 4889 1676 4960 παρακλήσεως
1706 4892 1844 4944 εἰσὶν
1885 4892 2017 4958 ἴδια,

2123 4904 2221 4942 nus
2246 4903 2414 4950 meus,
2454 4895 2508 4940 et
2539 4885 2645 4940 alia
2676 4886 2998 4955 huiusmodi
3035 4887 3198 4941 verba
3249 4888 3504 4958 repetita,
3547 4888 3703 4942 invo-

441 4973 661 5026 καὶτοῦ
694 4974 834 5044 πρὸς
862 4976 995 5030 Θεὸν
1035 4977 1305 5049 διαπύρου
1349 4980 1536 5033 πόθου.
1603 4981 1761 5052 Φέρει
1826 4982 1884 5037 δὲ
1925 4983 2020 5036 καί

2123 4977 2360 5034 cationis
2398 4976 2766 5032 intensioncm
2821 4979 3230 5043 demonstrant,
3257 4995 3382 5050 quae
3416 4995 3480 5034 ex
3510 4980 3705 5034 intimo

437 5079 562 5116 τινα
607 5066 675 5120 τὰ
723 5063 949 5120 τοιαῦτα
1018 5067 1381 5138 ψυχαγωγίαν
1412 5086 1429 5101 ·
1500 5070 1850 5140 Ἐμνήσθην
1887 5073 2017 5143 γὰρ,

2125 5070 2294 5124 corde
2355 5069 2666 5138 proveniat,
2711 5075 2766 5122 et
2810 5068 3053 5125 ardentis
3100 5070 3154 5124 in
3213 5068 3383 5126 Deum
3425 5069 3701 5123 desiderii.

439 5155 627 5225 φησὶν,
655 5157 763 5212 τοῦ
789 5159 960 5225 Θεοῦ,
997 5161 1096 5214 καὶ
1123 5160 1502 5231 ηὐφράνθην.

2121 5159 2292 5215 Aﬂ'ert
2323 5161 2469 5216 enim
2535 5159 2849 5228 bujusmodi
2903 5161 3181 5217 invocatio
3206 5161 3479 5231 quoddam
3511 5172 3699 5215 secum

2131 5253 2400 5320 solamen,
2427 5253 2584 5324 juxta
2614 5253 2746 5310 illud
2778 5273 2791 5310 :
2828 5253 3039 5310 Memor
3081 5255 3162 5324 [ui
3218 5254 3330 5315 Dei,
3387 5261 3436 5305 et
3493 5251 3704 5304 (tutatus

2129 5363 2246 5402 sum
2276 5348 2344 5403 "’.

509 5425 731 5494 Κρῖνόν
754 5445 877 5496 μοι,
900 5429 1096 5497 Κύριε,
1125 5429 1276 5485 κατὰ
1312 5432 1425 5500 τὴν
1455 5432 1856 5504 δικαιοσύνην
1876 5455 2017 5507 μου.

2201 5439 2370 5496 Vens.
2395 5440 2485 5497 Ἦ.
2516 5440 2716 5498 Indica
2744 5442 2872 5498 mihi
2902 5441 3189 5498 secundum
3206 5434 3480 5507 justitiam
3509 5449 3699 5488 meam.

514 5604 564 5636 "
595 5604 736 5660 Psal.
785 5623 966 5671 uim,
1003 5609 1086 5663 li.

1793 5701 1990 5764 Varias
2031 5702 2364 5771 lectiones.

512 5797 626 5868 (ἳὸ)
662 5800 744 5853 Al.
787 5799 986 5870 μέντοι.
