4114 6208
394 289 501 356 439
1554 294 1945 357 COMMENT.
1991 292 2074 353 IN
2115 294 2477 357 PSALMOS.
3547 298 3658 363 UO

395 418 494 477 Ιιιε,
523 415 853 485 voluptatem
891 413 1068 487 [olim,
1106 425 1160 473 et
1187 416 1375 472 carnis
1397 412 1671 471 desideria
1701 427 1962 485 pecorum
2006 412 2210 487 instar]
2241 423 2541 472 sectantes.
2582 416 2649 471 Et
2677 424 2812 473 tunc
2837 418 3066 474 verbum
3142 419 3388 474 Satuabis
3447 416 3504 472 iu
3551 434 3653 473 sua

393 516 717 573 permaneat
761 509 1186 580 signiﬁcatione,
1227 517 1282 563 et
1314 508 1485 563 futuri
1536 508 1609 561 sit
1636 510 1902 576 temporis
1945 523 1959 559 :
2039 511 2095 558 et
2160 506 2503 576 prophetiam
2525 507 2887 564 continebant
2917 508 3036 564 hac
3060 509 3228 563 verba
3278 510 3347 565 de
3373 508 3649 565 ﬁdelibus.

393 601 644 657 Salrabis
681 602 828 657 enim
858 618 974 668 eos,
1007 603 1099 673 qui
1126 604 1469 659 crediderint
1519 603 1707 658 audita
1758 597 2151 671 praedicatione
2182 600 2490 669 Evangelii.

474 694 573 760 Ὠς
595 695 950 764 ἑπλήθυγας
977 697 1044 752 τὸ
1072 698 1246 763 ἔλεός
1263 712 1405 763 σου,
1426 701 1459 753 ὁ
1485 700 1651 764 θεός.
1672 698 1746 751 Τὸ
1770 698 1863 757 Ὠς
1878 697 1958 749 ἐν·

2145 694 2323 762 Quam
2344 696 2715 766 multiplicati
2731 696 3152 767 misericordiam
3176 704 3345 759 tatam,
3367 695 3528 751 Deus.
3558 696 3649 751 Dio

387 784 585 849 τιῦθα,
609 784 983 856 θαυμαστικόν
1018 789 1130 859 (28)
1162 791 1336 846 ἐστιν.
1379 788 1707 858 Ἐκπλαγεὶς
1739 790 1850 857 γὰρ
1868 789 1958 857 τὴν

2070 788 2204 852 ctio,
2237 804 2423 857 quam,
2450 788 2554 842 hoc
2580 787 2633 842 in
2664 789 2783 843 loco
2806 786 3132 843 admirantis
3155 788 3400 841 animum
3421 787 3650 841 demon-

392 878 702 949 ὑπερσολὴν
729 879 831 948 τῆς
867 879 962 933 τοῦ
990 880 1127 934 Θεοῦ
1167 880 1506 953 ἀγαθότητος
1536 881 1631 934 καὶ
1663 880 1958 951 ὲλεημοσύ·

2070 886 2232 933 strut.
2267 876 2681 947 Obstupesccns
2718 879 2864 937 enim
2923 876 3194 946 Propheta
3254 876 3552 932 bonitatem
3586 893 3650 933 ac

388 988 509 1039 νης,
545 969 613 1023 δι’
642 972 712 1041 ἢν
742 970 905 1035 σώζει
930 972 1159 1037 τούτους
1191 974 1508 1039 κάκείνους,
1545 973 1836 1042 ὲπιφωνεῖ,
1884 973 1958 1027 ὃτι

2072 968 2511 1024 misericordiam
2546 984 2820 1025 summam
2858 969 2973 1033 Dei,
3009 985 3116 1041 qua
3150 970 3205 1024 hi
3243 969 3449 1040 pariter
3486 977 3652 1039 atque

391 1062 528 1121 Λίαν
551 1061 864 1133 ὲπλήθυνας
894 1065 974 1128 είς
1001 1065 1154 1135 ἡμᾶς
1178 1064 1240 1119 τὸ
1266 1065 1417 1128 ἔλεός
1446 1082 1563 1119 σου.

2071 1058 2153 1113 illi
2220 1059 2536 1125 salvantur,
2592 1061 2855 1116 inclamat
2909 1060 2977 1115 ad
3038 1060 3229 1126 Deum,
3286 1061 3482 1115 dicens
3526 1075 3649 1114 eum

2069 1166 2234 1221 quam
2265 1153 2502 1210 maxime
2527 1169 2681 1209 suam
2706 1154 2760 1209 in
2790 1170 2894 1210 nos
2928 1153 3363 1210 misericordiam
3390 1151 3654 1221 multipli-

2069 1259 2247 1301 casse.

2143 1334 2276 1391 Filii
2307 1345 2488 1391 autem
2515 1336 2788 1390 hominum
2834 1337 2888 1390 in
2916 1337 3240 1405 protectioue
3267 1338 3484 1392 alarum
3524 1347 3649 1393 tua-

388 1434 511 1483 γων
533 1434 650 1471 σου
668 1417 1011 1474 ἐλπιοῦσιν.
1040 1421 1161 1473 Υἱοὶ
1184 1421 1293 1474 τῶν
1335 1420 1659 1491 ἀνθρώπων,
1693 1422 1817 1476 ἀντὶ
1842 1420 1958 1484 τοῦ,

2068 1445 2184 1483 rum
2211 1430 2522 1497 sperabunt.
2556 1425 2678 1482 Filii
2699 1427 3008 1490 hominum,
3044 1428 3150 1483 hoc
3179 1439 3264 1484 est
3289 1429 3566 1494 homines,
3591 1439 3651 1485 ιιι

388 1509 723 1580 Ἄνθρωποι,
773 1511 961 1576 καθὼς
1003 1514 1061 1565 ἐν
1092 1514 1167 1582 τῷ
1195 1515 1440 1587 τετάρτῳ
1460 1514 1661 1585 ψαλμῷ
1696 1515 1958 1587 προείρη-

2066 1522 2310 1577 diximus
2378 1522 2430 1575 in
2463 1521 2677 1591 psalmo
2707 1529 2927 1590 quarto.
2956 1520 3047 1576 Ait
3079 1520 3245 1592 igitur
3275 1522 3423 1591 quod
3455 1537 3649 1578 omnes

381 1620 469 1655 ται
491 1619 505 1631 ·
541 1603 692 1671 λέγει
722 1603 803 1669 δὲ,
835 1604 919 1658 ὅτι
942 1604 1099 1661 Ὅσοι
1128 1606 1337 1678 κυρίως
1364 1607 1504 1660 εἰσὶν
1537 1608 1841 1679 ἄνθρωποι,
1885 1606 1958 1676 μὴ

2065 1613 2159 1683 qui
2182 1613 2295 1668 veri
2324 1613 2575 1667 homines
2599 1620 2751 1671 sunt.
2780 1619 2834 1665 et
2863 1612 2957 1681 qui
2988 1609 3153 1677 hujus
3179 1612 3423 1666 nominis
3462 1614 3650 1681 appel-

382 1694 873 1765 παραχαράξαντες
923 1699 1190 1768 πονηραῖς
1241 1699 1477 1768 πράξεσι
1527 1699 1629 1770 τὴν
1682 1715 1958 1769 προσηγο-

2065 1703 2325 1759 Ialioncm
2352 1703 2651 1759 sceleribus
2673 1702 2788 1758 suis
2814 1718 2920 1759 non
2945 1703 3344 1766 adulteraruut,
3378 1702 3432 1756 iu
3461 1702 3645 1756 divina

380 1784 526 1853 ρίαν,
562 1789 621 1840 ἐν
645 1790 713 1858 τῇ
754 1789 938 1861 σκέπῃ
964 1791 1064 1857 τῆς
1094 1790 1247 1859 παρὰ
1296 1789 1392 1843 σοῦ
1447 1790 1694 1858 eadem;
1729 1784 1958 1861 καὶψυ-

2065 1796 2367 1866 sperabunt
2397 1795 2761 1865 protectione,
2796 1797 3057 1866 quodque
3097 1811 3193 1851 eos
3221 1796 3366 1851 Deus
3419 1804 3479 1850 ut
3524 1797 3645 1851 avis

376 1877 554 1947 λακῆς
584 1879 889 1933 ἐλπιοῦσιν.
945 1881 1018 1933 Ἦ
1055 1883 1151 1934 καὶ
1200 1880 1413 1945 ἄλλως·
1447 1882 1758 1953 πρόρρησις
1802 1882 1958 1936 τοῦτο

2067 1888 2323 1958 preprios
2355 1887 2536 1956 pullos
2569 1886 2782 1942 fovebit
2813 1903 2876 1942 ac
2910 1887 3212 1942 Custodiet.
3255 1888 3320 1943 Et
3363 1889 3525 1943 aliter
3557 1889 3647 1942 in-

377 1970 511 2039 περὶ
540 1970 651 2023 τῶν
688 1970 1055 2042 Χριστιανῶν.
1338 1978 1349 1989 ’

2067 1978 2237 2048 telligi
2269 1986 2452 2047 potest
2479 1979 2812 2043 versiculus,
2842 1987 2904 2032 ut
2943 1979 3019 2033 sit
3072 1979 3359 2048 prophetia
3389 1979 3457 2034 dc
3482 1978 3646 2034 Chri-

2065 2070 2286 2127 stianis.

468 1328 533 1379 οι
556 1325 624 1378 δὲ
659 1325 776 1379 υἱοί
803 1326 923 1381 τῶν
945 1327 1272 1394 ἀνθρώπων
1296 1329 1365 1383 ἐν
1391 1328 1593 1398 σκέπῃ
1621 1327 1737 1384 τῶν
1754 1327 1967 1396 πτερύ-

445 2149 957 2219 Μεθυσθήσονται
994 2150 1115 2204 ἀπὸ
1145 2151 1432 2218 πιότητος
1460 2151 1634 2206 οἵκου
1666 2164 1809 2205 σου.
1854 2150 1967 2205 Μέ-

375 2242 483 2309 θην
508 2242 747 2295 ἐνταῦθα
786 2242 887 2314 τὴν
914 2242 1260 2315 εὐφροσύνην
1281 2244 1460 2308 καλεῖ,
1507 2245 1699 2313 ὥσπερ
1728 2241 1823 2296 καὶ
1846 2242 1967 2295 mdo

375 2351 521 2405 τητα
540 2334 636 2387 τὸν
656 2335 906 2391 πλοῦτον.
938 2337 1117 2404 οἶνός
1142 2354 1203 2390 τε
1244 2337 1355 2408 γὰρ
1382 2338 1692 2407 εὐφραίνει
1714 2335 1965 2404 καρδίαν

373 2424 699 2492 ἀνθρώπου
718 2443 733 2458 ⁸
764 2431 856 2478 καὶ
877 2427 910 2496 ἡ
932 2428 1128 2495 πιότης
1176 2428 1466 2498 περισσεία
1491 2430 1610 2482 ἐστὶ
1635 2429 1730 2481 τοῦ
1746 2429 1955 2492 λίπους.

374 2516 651 2589 Τοιαύτην
679 2518 736 2572 δὲ
767 2519 1012 2573 διάνοιαν
1041 2520 1156 2589 ἔχει
1196 2522 1256 2574 τὸ
1284 2522 1470 2592 ῥητὸν,
1494 2521 1577 2575 ὅτι
1610 2521 1676 2575 Ol
1724 2520 1958 2574 τοιοῦτοι

372 2612 845 2682 εὐφρανθήσονται
869 2612 980 2666 ἀπὸ
1004 2612 1099 2667 τοῦ
1127 2613 1358 2668 πλούτου
1376 2613 1468 2666 τοῦ
1493 2614 1645 2667 οἷκου
1678 2627 1793 2667 σουο
1808 2609 1958 2677 οἶκος

378 2702 613 2775 μὲνγὰρ
641 2704 735 2757 τοῦ
762 2703 920 2771 Θεοῦ,
945 2706 981 2777 ἠ
1017 2705 1320 2775 Ἐκκλησία
1341 2722 1356 2736 ο
1403 2704 1540 2759 πλοῦ
1551 2722 1637 2770 τος
1673 2705 1735 2760 δὲ
1763 2707 1955 2777 αὐτῆς,

372 2796 441 2848 τὰ
469 2794 671 2866 εὐσεῆἧ
696 2793 966 2867 δόγματα,
1006 2797 1372 2867 εὐφραίνοντα
1404 2797 1795 2866 πνευματικῶς
1828 2799 1957 2862 τοὺς

376 2888 919 2959 μεταλαμϐάνοντας.
939 2890 1013 2942 ’Ἡ
1042 2883 1189 2951 οἶκος
1222 2889 1323 2960 μὲν
1351 2889 1445 2943 τοῦ
1474 2890 1653 2958 Λόγου
1676 2891 1772 2944 καὶ
1794 2889 1955 2959 Θεοῦ,

372 2981 407 3049 ἡ
435 2979 844 3050 προσληφθεῖσα
874 2979 1117 3052 ἔμψυχος
1150 2980 1309 3051 σὰρξ,
1333 2981 1391 3035 ἐν
1483 2982 1765 3051 ἐσκήνωσε
1786 2999 1799 3013 ·
1836 2984 1959 3037 πιό-

371 3088 472 3139 της
495 3070 573 3135 δὲ,
599 3073 633 3139 ἡ
686 3070 838 3141 παρὰ
873 3069 1068 3124 τούτου
1118 3070 1462 3137 διδασκαλία,
1516 3072 1754 3143 ἄρδουσα
1779 3072 1960 3144 ψυχὰς

371 3164 467 3217 καὶ
498 3162 788 3216 πιαίνουσα
823 3163 918 3216 καὶ
963 3162 1340 3231 εὐφραίνουσα
1364 3180 1380 3195 ο
1422 3161 1498 3226 ὡς
1527 3162 1788 3217 δύνασθαι
1821 3165 1961 3233 μετὰ

372 3256 591 3312 Παύλου
619 3255 803 3325 λέγειν
823 3272 837 3287 ⁸
879 3256 975 3324 Τίς
997 3254 1157 3326 ἡμᾶς
1181 3256 1424 3326 χωρίσει
1449 3255 1570 3312 ἀπὸ
1590 3254 1695 3327 τῆς
1719 3256 1959 3328 ἀγάπης

372 3348 484 3406 τοῦ
511 3347 775 3418 Χριστοῦ
796 3364 818 3414 ;

449 3611 555 3667 Καὶ
584 3613 694 3666 τὸν
742 3612 1110 3681 χειμὰρῤουν
1166 3612 1278 3684 τῆς
1314 3615 1547 3685 τρυφῆς
1583 3631 1701 3674 σου
1728 3618 1955 3687 ποτιεῖς

380 3706 617 3772 αὐτούς.
642 3705 717 3759 Τὸ
737 3705 870 3760 αὐτὸ
901 3705 1065 3759 πάλιν
1082 3706 1360 3761 κάνταῦθα
1396 3710 1575 3779 νόημα
1599 3726 1614 3741 ·
1647 3711 1819 3780 μέθης
1844 3712 1954 3782 γὰρ

378 3801 783 3868 μνημονεύσας,
812 3798 1123 3860 ἀκολούθως
1156 3797 1250 3850 καὶ
1279 3798 1409 3868 περὶ
1434 3800 1677 3870 πόματος
1710 3801 1959 3855 διέλασεε

376 3892 487 3945 Καὶ
506 3891 596 3944 τὸν
627 3891 867 3960 ποταμὸν
898 3892 993 3960 τῆς
1028 3889 1178 3957 παρᾶ
1208 3887 1324 3953 σοῦ,
1356 3890 1514 3958 φησὶ,
1543 3889 1960 3960 χορηγουμένης

375 3982 711 4054 εὐφροσύνης
740 3984 982 4047 ποτίσεις
1006 3981 1224 4045 αὐτούς.
1261 3981 1611 4051 Χειμάρῤους
1632 3982 1689 4035 δὲ
1718 3981 1958 4053 τρυφῆς,

373 4076 437 4129 τὸ
477 4074 654 4147 ῥεῦμα
698 4075 796 4144 τῆς
828 4074 1165 4146 ιύφροσύνου
1202 4072 1546 4135 διδασκαλίας
1570 4087 1585 4103 ³
1619 4073 1959 4144 χειμάρρους

376 4168 499 4237 μὲν,
528 4165 616 4220 διὰ
657 4166 718 4220 τὸ
743 4166 1085 4238 πρόσκαιρον
1111 4164 1213 4235 τῆς
1243 4164 1333 4219 διὰ
1384 4163 1563 4233 στόμα
1594 4163 1686 4218 τοῦ
1717 4165 1956 4235 Χριστοῦ

371 4260 617 4332 διδαχῆς,
647 4260 744 4313 καὶ
773 4258 835 4313 τὸ
876 4259 1100 4330 ίσχυρδν
1125 4259 1299 4330 αὐτῆς
1329 4257 1425 4313 καὶ
1454 4257 1633 4327 βίαιον
1662 4260 1742 4322 είς
1767 4260 1957 4331 ἀντίρσ

377 4355 558 4424 ῥησιν,
587 4350 762 4406 καὶτὸ
788 4348 896 4404 ἀπὸ
922 4351 1277 4423 προφητικῶν
1302 4351 1477 4418 λόγων
1505 4351 1956 4423 συγκεκροτημέ-

375 4462 501 4498 νον·
534 4445 626 4498 καὶ
655 4445 685 4497 ὁ
730 4445 1068 4516 χειμάρρους
1098 4444 1230 4515 γὰρ,
1282 4444 1640 4514 πρόσκαιρος,
1682 4445 1778 4497 κα)⁸
1824 4461 1958 4512 duo.»

374 4538 523 4607 δρὸς,
554 4539 649 4591 καὶ
675 4537 873 4607 βίαιος,
920 4539 1016 4592 καὶ
1042 4537 1151 4590 ἀπὸ
1190 4535 1449 4609 συρῤοίας
1500 4536 1711 4590 ὑδάτων
1746 4555 1958 4607 συμπε-

375 4632 684 4702 φορημένος
703 4648 717 4661 ⁸
749 4631 932 4702 τρυφὴ
948 4631 1026 4692 δὲ,
1046 4631 1121 4693 ὡς
1139 4630 1507 4699 εὑτρραίνουσα
1524 4630 1620 4684 καὶ
1639 4631 1954 4696 πιαίνουσα,

2137 2160 2309 2217 Vsus.
2346 2162 2402 2217 9.
2436 2159 2852 2216 Iucbriabuutur
2875 2159 2941 2213 ab
2982 2160 3224 2214 ubertate
3270 2159 3463 2215 domus
3519 2170 3646 2217 tua.

2067 2251 2534 2325 |Inebriabuntur,
2590 2251 2695 2306 hoc
2763 2260 2850 2307 est
2903 2249 3310 2325 Laetab’untur.]
3370 2251 3641 2308 Laetitiam

2064 2346 2213 2400 cnim
2249 2346 2339 2400 hic
2370 2345 2699 2401 ebrietatem
2760 2343 3022 2412 appellat,
3085 2343 3551 2414 quemadmodum
3594 2352 3651 2399 et

2060 2437 2281 2493 divitias
2331 2437 2657 2492 ubertatem.
2710 2435 2902 2489 Vinum
2950 2435 3122 2498 enim,
3154 2443 3216 2489 ut
3272 2436 3404 2491 alibi
3468 2435 3649 2522 inquit
3750 2456 3760 2465 ·

2058 2527 2351 2599 Propheta,
2393 2528 2636 2596 ltrtiﬁcat
2667 2544 2758 2581 cor
2784 2527 3017 2581 hominis
3060 2527 3133 2583 ⁸⁸.
3196 2526 3428 2583 Ubertas
3479 2527 3643 2581 etiam

2057 2619 2272 2690 copiam
2305 2619 2597 2689 quamdam
2626 2618 2946 2688 ampliorem
2975 2616 3270 2687 signiﬁcat.
3293 2616 3642 2686 Huiusmodi,

2059 2710 2259 2782 inquit,
2306 2712 2557 2767 homines
2595 2711 2697 2765 laeti
2742 2718 2905 2766 erunt
2945 2726 2973 2764 a
3002 2709 3212 2766 divitiis
3257 2709 3459 2765 domus
3512 2718 3641 2764 tuae.

2060 2805 2266 2859 Domus
2328 2812 2513 2858 autem
2571 2801 2665 2858 Dei
2734 2803 2985 2857 Ecclesia
3036 2810 3145 2863 est,
3220 2801 3380 2870 cujus
3442 2802 3646 2855 divitia:

2057 2892 2148 2962 pia
2209 2899 2341 2946 sunt
2391 2892 2644 2961 dogmata
2674 2929 2689 2951 ,
2772 2905 2895 2959 quae
2946 2890 3096 2959 ipsos
3152 2890 3469 2961 dogmatum
3518 2905 3645 2959 par-

2065 2984 2262 3054 ticipes
2300 2982 2578 3052 spirituali
2609 2982 2859 3037 alliciunt
2896 2982 3110 3037 laetitia.
3150 2981 3248 3035 Vel
3286 2997 3383 3051 per
3418 2982 3642 3037 domum

2064 3072 2186 3137 Dei,
2219 3070 2383 3128 Verbi
2410 3087 2635 3128 carnem
2667 3072 2913 3143 intellige
2940 3091 2957 3127 :
2992 3071 3144 3126 illam
3183 3071 3447 3125 nimirum
3476 3084 3643 3141 quam

2063 3166 2229 3223 simul
2257 3181 2383 3221 cum
2434 3166 2620 3220 anima
2652 3166 2981 3234 assumpsit,
3013 3174 3067 3220 et
3097 3165 3151 3220 in
3201 3179 3309 3235 qua
3342 3163 3643 3230 habitavit;

2063 3265 2117 3312 et
2157 3272 2255 3328 per
2291 3257 2624 3321 ubertatem,
2667 3255 2875 3312 Christi
2916 3255 3246 3317 doctrinam,
3276 3268 3400 3322 quae
3428 3250 3643 3305 animas

1980 3372 2027 3435 ο
2062 3351 2273 3423 irrigat,
2327 3349 2657 3422 impingunt,
2684 3358 2742 3404 et
2768 3347 3053 3414 laetiﬁcat;
3088 3349 3164 3403 ita
3203 3354 3265 3402 ut
3299 3361 3425 3401 cum
3473 3343 3644 3397 Paulo

2061 3444 2250 3499 dicere
2315 3443 2582 3513 possint:
2622 3441 2756 3509 Quis
2809 3456 2906 3495 nos
2961 3439 3231 3510 separabit
3296 3455 3331 3491 a
3383 3435 3649 3491 charitate

2055 3534 2255 3589 Christi
2278 3533 2322 3566 ⁸¹
2353 3533 2377 3587 ?

2133 3620 2202 3679 Et
2227 3634 2460 3680 torrente
2480 3623 2801 3677 deliciarum
2843 3629 3059 3673 tuarum
3087 3617 3299 3687 potabis
3328 3633 3442 3671 eos.
3472 3616 3638 3669 Eam-

2060 3717 2182 3771 dem
2215 3716 2416 3783 repetit
2448 3712 2808 3777 sententiam,
2838 3719 2894 3763 et
2922 3725 3049 3763 cum
3077 3707 3363 3763 ebrietatis
3388 3705 3646 3761 memine-

2067 3808 2162 3869 rit,
2230 3815 2641 3873 consequenter
2692 3811 2750 3857 et
2805 3801 3066 3869 poculum
3120 3798 3383 3853 addidit:
3420 3798 3644 3853 Potabis

2062 3896 2210 3953 enim
2249 3908 2375 3956 eos,
2432 3893 2634 3962 inquit,
2686 3890 2923 3945 Ιιιιιιιίιιο
2962 3890 3086 3959 ejus
3123 3888 3346 3950 latitia,
3381 3903 3503 3957 quae
3530 3904 3561 3942 a
3592 3896 3645 3943 te

2064 3983 2548 4042 subministratur.
2574 3980 2901 4035 Torrentem
2936 3988 3122 4033 autem
3163 3977 3507 4041 deliciarum,
3547 3977 3642 4044 juo

2061 4075 2405 4134 cundissima
2454 4073 2660 4129 Christi
2706 4072 2975 4126 doctrina:
3035 4069 3236 4123 ﬂuvida
3299 4067 3586 4137 appellavit
3628 4083 3642 4119 :

2062 4177 2362 4227 torrentem
2398 4167 2623 4239 quidem
2651 4165 2723 4219 ob
2743 4162 3126 4232 tempestivam
3160 4160 3495 4223 doctrinam,
3525 4173 3646 4230 quae

2063 4271 2216 4318 certo
2244 4269 2489 4330 tempore
2515 4257 2584 4311 ab
2616 4271 2713 4311 ore
2740 4253 2943 4309 Christi
2967 4253 3241 4306 deﬂuebat
3260 4291 3276 4315 ,
3312 4259 3645 4321 propterque

2061 4355 2184 4426 ejus
2211 4349 2637 4415 vehementiam,
2668 4362 2735 4403 ac
2765 4348 2874 4403 vim
2929 4346 3012 4419 (ut
3044 4347 3115 4400 ita
3151 4345 3355 4412 dicam)
3395 4342 3646 4397 indeten-

2064 4460 2198 4516 tam,
2231 4456 2285 4503 et
2317 4455 2536 4518 propter
2570 4444 2738 4497 multa
2778 4457 2900 4512 qua:
2932 4441 3000 4495 de
3054 4436 3395 4510 prepheticis
3440 4449 3647 4490 sermo-

2065 4546 2227 4601 nibus
2273 4542 2328 4599 iu
2363 4555 2532 4594 unum
2580 4538 2811 4593 collecta
2848 4534 3178 4591 adducebat.
3230 4531 3469 4585 Torrens
3497 4528 3643 4583 enim

2063 4639 2138 4695 ad
2159 4646 2374 4707 tempus
2406 4634 2555 4698 ﬂuit,
2580 4644 2635 4689 et
2666 4633 2961 4687 vehemens
2988 4639 3074 4686 est
3120 4643 3185 4683 ac
3233 4626 3532 4689 violentus,
3591 4633 3646 4679 et

374 4722 560 4787 καθὼς
584 4724 911 4795 εἰρήκαμεν.
944 4722 1102 4785 Τινὲς
1135 4722 1191 4776 δὲ
1229 4722 1462 4794 πιότητα
1496 4721 1597 4791 μὲν
1630 4723 1808 4787 οἴκου,
1858 4723 1955 4777 τοῦ

2061 4747 2125 4786 ex
2158 4728 2445 4799 multiplici
2497 4726 2727 4783 conﬂuit
2759 4739 3030 4795 aquarum
3060 4735 3374 4784 concursu;
3416 4717 3644 4774 delicias

374 4817 554 4885 Λόγου
600 4817 695 4870 καὶ
729 4815 866 4870 Θεοῦ
895 4816 1115 4886 λέγουσι
1149 4815 1208 4869 τὸ
1256 4814 1647 4886 καταρρεῦσαν
1688 4810 1832 4885 αἷμα
1861 4815 1958 4885 τῆς

2059 4834 2241 4877 autem
2290 4821 2413 4876 ideo
2444 4819 2607 4883 dixit,
2661 4819 2790 4886 quia
2843 4816 3125 4871 Iaatillcant
3186 4822 3243 4869 et
3277 4813 3640 4884 impinguant.

373 4911 651 4981 ἀχράντου
682 4911 954 4982 πλευρᾶς*
1013 4911 1354 4981 χειμάρρους
1398 4909 1477 4972 δὲ,
1529 4909 1591 4962 τὸ
1628 4909 1958 4980 συνεκχυθὲν

2059 4914 2237 4983 Aliqui
2260 4928 2356 4983 per
2382 4913 2687 4966 ubertatem
2712 4911 2909 4963 domus
2946 4906 3063 4969 Dei,
3088 4906 3409 4976 sanguinem
3436 4900 3652 4960 Cbristi.

374 5002 528 5073 αὐτῷ
547 5001 714 5075 ὕδωρ.
745 5004 855 5056 Καὶ
876 5002 984 5074 γὰρ
1007 5003 1065 5056 ἐν
1103 5000 1283 5070 καιρῷ
1308 5001 1579 5071 χειμῶνος
1604 5001 1905 5073 ἐρρύησαν,
1927 5000 1958 5056 ἃ

2063 5004 2395 5073 intelligunt,
2426 5003 2519 5073 qui
2548 5017 2611 5056 ex
2640 5000 2787 5056 illius
2811 4999 3162 5055 immaculato
3186 4999 3355 5054 latere
3377 4996 3602 5053 deﬂuxit
3626 5032 3641 5058 ,

376 5095 474 5146 καὶ
503 5093 670 5163 ἄμφω
727 5092 1003 5163 ἑμέθυσαν
1033 5093 1205 5164 ἡμᾶς,
1237 5091 1313 5156 ὡς
1347 5091 1786 5164 ὲκὸακχευθῆναι
1828 5095 1958 5162 πρὸς

2061 5105 2118 5152 et
2157 5112 2253 5166 per
2285 5103 2609 5155 torrentem,
2643 5107 2841 5164 aquam
2864 5092 3035 5159 illam,
3060 5106 3183 5163 qua:
3220 5098 3354 5145 tunc
3383 5084 3645 5155 temporis

378 5187 676 5257 σωτηρίαν,
709 5188 803 5240 καὶ
853 5187 1114 5258 ἐκστῆναι
1154 5186 1255 5258 τῆς
1302 5184 1582 5261 προτέρας
1611 5185 1833 5259 ἀπάτης
1868 5188 1958 5241 καὶ

2070 5203 2194 5243 cum
2227 5188 2495 5259 sanguine
2519 5187 2724 5258 pariter
2748 5185 2927 5242 eﬂusa
2957 5196 3067 5253 εει,
3094 5194 3148 5240 et
3170 5199 3292 5255 quae
3326 5187 3411 5252 (ut
3441 5179 3651 5234 Graeca:

377 5278 611 5349 πλάνης,
641 5280 737 5335 καὶ
762 5278 1073 5353 ηὓιρραναν.
1522 5346 1527 5349 _

2071 5279 2329 5337 dictionis
2363 5279 2695 5354 etymologia
2750 5278 2982 5352 indicat)
3014 5278 3252 5332 hiberno
3284 5281 3528 5339 tempore
3549 5264 3645 5319 dea

377 5371 541 5428 ﬂuxit
599 5371 815 5445 {hyems
846 5373 996 5429 enim
1024 5383 1145 5428 erat
1174 5376 1392 5443 quando
1418 5390 1617 5438 passus
1657 5383 1741 5432 est
1775 5370 2087 5447 Dominus].
2120 5388 2242 5444 quae
2274 5372 2443 5429 etiam
2512 5373 2812 5431 inchriavit
2887 5385 3011 5438 nos,
3081 5368 3157 5424 ita
3229 5373 3288 5420 ut
3322 5356 3651 5423 debaccltaki

435 5557 484 5590 ⁸³
509 5556 657 5612 Psal.
690 5572 806 5619 cm.
830 5556 915 5611 l5.
983 5558 1025 5589 ³³
1057 5559 1212 5614 Rom.
1259 5576 1375 5629 vtu,
1409 5560 1499 5619 35.

1706 5655 1905 5719 Varia)
1940 5652 2267 5719 lectiones.

453 5755 566 5823 (38)
598 5758 684 5814 AL
710 5756 1040 5830 θαυμαστόν.
