4072 6202
447 293 512 356 41
531 289 550 360 Ξ
1656 299 2044 359 EUTHYMII
2085 300 2446 362 ZIGABENI

3593 303 3700 366 [ΛΞ

453 423 632 461 ειειιιιε
692 405 758 460 ad
811 406 1064 466 salutem,
1115 413 1172 458 et
1216 418 1245 457 ει
1304 405 1474 475 priori
1527 421 1717 462 errore
1765 423 1875 478 quo
1924 409 2334 468 .seducebamur
2371 417 2623 469 intutum
2653 416 2862 476 educti.
2935 423 2990 470 et
3065 424 3277 470 summa
3359 414 3540 468 allecti
3614 419 3704 470 la:-

450 503 593 554 titia.

521 593 686 649 Vsus.
717 593 805 646 l0.
840 592 1105 657 Quoniam
1137 593 1279 660 apud
1325 603 1373 648 te
1415 603 1491 648 est
1547 593 1666 663 fons
1699 596 1840 652 vim.
1871 596 2023 664 Quo-
2051 605 2097 661 Α

454 688 598 740 niam
661 693 716 736 ιιι
759 699 819 738 es
849 684 943 751 qui
976 685 1140 738 vitam
1187 693 1439 762 praestas.
1484 685 1597 757 Ego
1636 703 1776 748 sum.
1827 689 2022 759 inquit,

449 778 554 834 via.
590 775 802 836 veritas,
831 781 881 828 et
904 775 1013 827 rita
1036 776 1114 842 ⁸’;
1145 777 1198 828 ἱιι
1223 777 1404 845 seipso
1429 777 1574 831 enim
1601 778 1852 836 Christus
1882 782 2026 841 vitat.

452 875 511 920 ut
536 867 610 919 ita
647 866 847 929 dicam,
884 866 1274 936 scaturiginem
1311 869 1497 934 habet,
1529 879 1582 924 et
1620 886 1729 926 non
1758 872 1979 927 aliunde
2012 889 2026 926 :

449 958 914 1030 quemadmmlum
951 960 1129 1012 sancti
1181 958 1258 1013 illi
1309 960 1550 1015 habuere
1585 963 1675 1030 qui
1733 962 2027 1032 aliquando

453 1062 698 1107 mortuos
727 1052 1099 1116 suscitarnnt;
1136 1052 1218 1106 vel
1253 1067 1268 1104 :
1301 1051 1439 1118 Quia
1482 1054 1624 1122 apud
1681 1064 1732 1109 te
1783 1053 2025 1119 Patrem,

452 1146 622 1202 Filius
655 1147 745 1216 qui
770 1148 1027 1216 perennis
1066 1155 1151 1202 est
1195 1148 1319 1201 vitae
1369 1149 1618 1218 largitor,
1650 1152 2030 1220 inseparabilis

454 1243 734 1303 permanet
766 1251 780 1288 :
809 1234 916 1304 Ego
942 1235 1108 1300 enim,
1139 1237 1341 1306 inquit,
1377 1238 1428 1291 in
1463 1237 1650 1302 Patre,
1698 1250 1748 1294 et
1785 1240 1948 1294 Pater
1973 1243 2028 1295 in

452 1341 532 1378 me
552 1335 629 1378 est
663 1326 731 1379 ⁸³.
757 1324 984 1380 Foutem
1017 1337 1199 1382 autem
1236 1329 1356 1382 vitae
1382 1330 1638 1398 appellat,
1672 1333 2030 1401 quemadmo-

451 1416 578 1469 dum
609 1426 662 1470 et
697 1416 824 1470 alibi
860 1416 1127 1472 Jeremias
1158 1418 1350 1474 dicens
1381 1436 1444 1474 ex
1469 1419 1590 1490 ejus
1637 1437 1874 1492 persona
1911 1441 1924 1477 :
1961 1422 2032 1476 Et

453 1524 532 1558 me
559 1508 754 1576 fontem
786 1509 906 1562 vitre
939 1509 1290 1576 reliquerunt.

529 1597 597 1652 In
627 1599 826 1654 lumine
851 1612 939 1653 tuo
972 1601 1261 1656 videbimus
1299 1603 1497 1659 (auten.
1537 1604 1637 1663 llic
1699 1607 2030 1679 theologiam

454 1691 627 1744 tradit
657 1691 724 1747 de
749 1703 940 1748 sancta
996 1693 1267 1750 Trinitate
1289 1711 1354 1750 ex
1407 1697 1643 1752 ﬁdelium
1687 1716 1923 1771 persona
1955 1702 2035 1757 lo-

453 1798 649 1851 quens.
690 1783 824 1849 Nos,
881 1785 1078 1855 inquit,
1115 1802 1147 1842 o
1172 1786 1355 1854 Pater,
1384 1790 1478 1859 qui
1516 1790 1700 1848 ﬁdeles
1724 1791 1893 1846 futuri
1937 1809 2034 1848 su-

464 1887 608 1936 mus,
644 1888 739 1942 per
782 1875 992 1938 lumen,
1019 1875 1122 1930 hoc
1143 1884 1248 1937 est,
1284 1891 1380 1946 per
1405 1877 1743 1933 divinitatem
1786 1877 1907 1933 Filii
1933 1881 2032 1948 tui,

2203 599 2322 651 Ὅτι
2353 595 2511 664 παρὰ
2545 596 2642 650 σοὶ
2684 595 2846 664 πηγὴ
2891 593 3056 661 ζωῆς.
3115 591 3288 646 Τοῦτο
3335 590 3582 661 βούλεται
3608 593 3699 646 λέ-

2131 701 2271 754 γειν*
2295 687 2419 738 Ὀτι
2442 686 2504 738 σὺ
2525 679 2575 736 εἷ
2594 685 2621 735 ὁ
2643 683 2906 752 ζωοδότης
2924 699 2938 712 ·
2967 682 3188 749 καὶγὰρ
3206 697 3370 749 φησιν
3395 682 3420 732 ὁ
3443 681 3699 750 Χριστός

2141 777 2288 848 Ἐγώ
2320 779 2434 846 εἰμι
2478 778 2514 844 ή
2561 775 2723 841 ὁδὸς,
2749 775 2845 828 καὶ
2871 777 2908 843 ἠ
2939 775 3208 840 ἀλήθεια,
3243 773 3342 826 καὶ
3385 774 3423 840 ἡ
3451 771 3562 833 ζωή
3590 788 3604 801 ’
3644 773 3704 824 ὲν

2130 869 2277 939 αὐτῷ
2306 870 2416 938 γὰρ
2445 865 2556 937 εἶχε
2587 867 2685 936 τὴν
2716 866 2899 936 βλύσιν
2927 866 3026 934 τῆς
3049 867 3213 930 ζωῆς.
3234 864 3330 918 καὶ
3356 864 3454 916 οὐκ
3481 862 3699 928 ἔξωθεν,

2129 963 2204 1026 ὼς
2233 965 2278 1016 0i
2307 965 2536 1031 νεκροὺς
2583 961 2980 1029 ἀναστήσαντες
3014 957 3179 1024 ὅιγιοι·
3207 957 3264 1026 η’
3293 956 3415 1009 Ὅτι
3443 956 3591 1024 παρὰ
3618 955 3703 1007 σοὶ

2129 1053 2208 1125 τῷ
2259 1054 2433 1122 Πατρὶ
2479 1055 2505 1104 ὁ
2537 1051 2823 1119 ζωοδότης,
2884 1049 2958 1112 ὡς
2991 1047 3313 1117 ἀχώριστος.
3369 1045 3516 1113 Ἐγὼ
3568 1049 3698 1114 γὰρ,

2133 1149 2320 1217 φησὶν,
2351 1147 2421 1198 ἐν
2473 1143 2553 1209 τῷ
2585 1143 2792 1210 Πιιτρὶ,
2847 1141 2942 1194 καὶ
2982 1144 3013 1195 ό
3051 1138 3252 1207 Πατὴρ
3282 1139 3350 1192 ἐν
3369 1139 3515 1206 ἐμοί.
3545 1139 3702 1207 ῐΙιλγὴ

2131 1241 2185 1292 δὲ
2217 1238 2378 1308 ζωῆς,
2417 1240 2498 1292 ὅτι
2527 1237 2725 1291 καὶδιὰ
2761 1235 3025 1306 Ἱερεμίου
3062 1234 3258 1303 φησίν
3300 1232 3439 1300 Ἐμὲ
3485 1232 3706 1302 ἐγκατ-

2133 1333 2348 1386 έλιπον
2369 1330 2572 1401 πηγὴν
2604 1328 2821 1393 ὕδατες
2849 1326 3021 1395 ζωῆς.

2221 1607 2325 1658 Ἔν
2349 1600 2428 1666 τῷ
2448 1599 2596 1669 φωτί
2625 1615 2740 1653 σου
2765 1597 3033 1664 ὀψόμεθα
3057 1592 3202 1663 φῶς.
3235 1591 3404 1644 Τοῦτο
3437 1589 3708 1656 θεολογία,

2138 1698 2267 1766 περὶ
2301 1695 2400 1764 τῆς
2425 1693 2586 1760 ἁγίας
2631 1689 2862 1761 Τριάδος
2905 1684 3352 1757 προφητεύουσα,
3385 1683 3466 1736 ὅτι
3518 1682 3710 1748 Ἱιμείς

2136 1791 2186 1843 οί
2210 1787 2490 1841 πιστεύειν
2543 1785 2829 1854 μέλλοντες
2874 1781 2962 1834 διὰ
3016 1779 3111 1832 τοῦ
3166 1776 3296 1830 Υίοῦ
3350 1793 3444 1828 σου
3496 1772 3711 1841 Πατρὶς

2140 1876 2562 1948 ὲπιγνωσὸμεθα
2591 1877 2650 1929 τὸ
2681 1872 2904 1941 Πνεῦμα
2930 1871 2989 1925 τὸ
3023 1871 3198 1938 ἅγιον.
3230 1869 3290 1920 Εἰ
3319 1867 3429 1936 γὰρ
3448 1864 3560 1932 φῶς
3590 1879 3710 1932 τρι-

459 1979 863 2035 rOgnoscemus
893 1967 1080 2021 lumen
1124 1968 1364 2037 Spiritus
1395 1970 1598 2024 sancti.
1637 1968 1770 2023 Nam
1807 1970 1853 2025 si
1897 1969 2039 2026 Deus

2144 1974 2354 2042 λαμπὲς
2383 1975 2411 2026 ὁ
2440 1972 2592 2034 Θεὸς,
2636 1971 2869 2023 ἕκαστον
2911 1969 3020 2020 τῶν
3051 1966 3215 2036 τριῶν
3265 1963 3570 2033 προσώπων
3598 1960 3713 2025 φιίς

450 2053 537 2125 {ut
570 2055 748 2125 inquit
776 2054 1074 2127 Gregorius
1104 2057 1441 2130 Theologus]
1491 2059 1674 2114 lumen
1703 2060 1900 2130 triplex
1931 2069 2035 2124 est,

454 2157 863 2218 consequenter
913 2165 1258 2219 unaquaeque
1308 2151 1361 2205 in
1413 2149 1522 2206 Dco
1577 2167 1810 2221 persona
1856 2153 2040 2208 lumen

456 2238 686 2293 dicenda
715 2251 822 2295 est.
852 2237 1026 2295 Filius
1067 2241 1234 2310 igitur
1265 2242 1453 2296 doruit
1479 2242 1546 2296 dc
1578 2241 1786 2313 Spiritu
1823 2253 2038 2312 sancto,

455 2328 799 2385 l‘aracletum
851 2333 1016 2386 alium
1051 2334 1452 2388 consolatorem
1480 2345 1644 2404 atque
1669 2337 1835 2390 alium
1874 2322 2042 2392 advo-

455 2432 636 2474 catum
669 2438 795 2476 eum
827 2425 1134 2492 appellans,
1169 2425 1529 2494 ejusdeu'tque
1553 2429 1842 2492 potestatis
1872 2437 2038 2497 atque

454 2511 698 2578 ejusdem
727 2527 850 2566 esse
882 2514 1109 2568 honoris
1149 2513 1485 2582 signiﬁcans.
1525 2513 1616 2568 Vel
1652 2516 1832 2580 aliter,
1865 2515 1975 2572 Nos
2009 2532 2040 2571 a

460 2614 650 2657 sancto
669 2603 872 2673 Spiritu
908 2605 1198 2659 illuminati
1251 2607 1434 2660 radios
1472 2607 1612 2662 lttcis
1635 2608 1754 2662 Filii
1793 2610 1869 2662 tui
1905 2625 2041 2664 con-

2140 2067 2310 2119 ὲστιν.
2345 2063 2404 2118 ’0
2426 2063 2554 2126 Tib;
2582 2062 2762 2115 τοίνυν
2793 2060 2997 2125 ἐδίδαξε
3018 2057 3251 2127 περὶτοῦ
3275 2054 3430 2124 ἁγίου
3461 2051 3713 2121 Πνειέμα-

2140 2175 2254 2221 τος,
2291 2155 2650 2226 Παράκλητον
2685 2152 2820 2207 αὐτὸ
2850 2152 3109 2214 καλέσας,
3135 2149 3230 2202 καὶ
3250 2146 3594 2216 ὁμοδύναμον
3619 2143 3713 2194 καὶ

2147 2250 2408 2318 ἰσότιμον.
2449 2249 2518 2300 Ἦ
2550 2248 2640 2300 καὶ
2678 2246 2738 2298 τὸ
2767 2244 3035 2299 ἀνάπαλιν
3069 2240 3201 2310 (29),
3257 2238 3393 2292 ’Υπὺ
3432 2237 3526 2290 τοῦ
3558 2236 3714 2304 ἁγίου

2145 2343 2465 2410 Πνεύματος
2498 2337 2880 2407 φωτιζόμενοι,
2916 2335 3017 2396 τὰς
3051 2333 3276 2395 ἀκτῖνας
3296 2328 3390 2384 τοῦ
3416 2326 3546 2380 Υίοῠ
3582 2326 3718 2378 θεω-

2143 2430 2346 2501 ροῦμεν
2379 2429 2620 2494 ·Ο·ὐόεις
2661 2428 2770 2495 γὰρ
2801 2427 3048 2480 δύναται
3101 2421 3291 2476 εἰπεῖν
3353 2421 3568 2487 Κύριον
3603 2418 3718 2482 ⁸1η-

2143 2522 2320 2586 (γοῦν,
2348 2524 2398 2573 εὶ
2428 2521 2512 2587 μὴ
2534 2521 2604 2572 ἐν
2627 2519 2921 2586 Πνεύματι
2939 2517 3102 2585 ἁγίῳ.
3138 2515 3277 2577 Καὶ,
3322 2511 3485 2580 Ἡμῖν
3509 2513 3540 2562 ό
3570 2509 3718 2570 Θεὸς

2145 2609 2507 2677 ἀπεκάλυψε
2523 2609 2619 2662 διὰ
2647 2608 2753 2662 τοῦ
2787 2610 2960 2677 ἁγίου
2999 2607 3346 2674 Πνεύματος
3370 2601 3577 2655 αὑτοῦ.

461 2696 867 2765 templabimur.
899 2697 1070 2752 Nemo
1127 2700 1266 2752 enim
1308 2709 1478 2768 potest
1530 2699 1702 2754 dicere
1747 2700 2037 2756 Dominum
2070 2701 2254 2757 Jesum
2291 2704 2395 2757 nisi
2429 2705 2482 2756 in
2519 2702 2725 2771 Spiritu
2755 2710 2936 2754 sancto
2966 2700 3035 2755 ⁸⁸.
3101 2698 3253 2771 [ltcm
3303 2693 3508 2765 alibi:]
3579 2692 3722 2745 Deus

459 2790 609 2842 nobis
631 2789 867 2842 revelavit
897 2807 989 2860 per
1015 2788 1274 2859 Spiritum
1296 2804 1544 2847 sanctum
1568 2793 1636 2847 ⁸⁵.

531 2901 698 2958 Vens.
733 2905 813 2958 ll.
837 2905 1079 2958 Extende
1105 2906 1522 2961 misericordiam
1554 2920 1699 2962 tuam
1718 2924 2041 2978 cognoscen-

462 2997 598 3048 tibus
632 3004 698 3048 te.
754 2993 1021 3064 Perpetuo
1070 3013 1257 3050 eorum
1302 2999 1582 3062 miserere,
1616 3001 1706 3068 qui
1741 3000 2044 3054 divinitatis

463 3086 781 3156 cognitione
820 3086 966 3156 digni
997 3096 1124 3141 sunt
1163 3104 1177 3141 :
1210 3087 1356 3157 quod
1414 3089 1683 3159 Propheta
1717 3105 1863 3144 nunc
1909 3089 2046 3144 dicit

466 3178 716 3248 rogantis
748 3178 800 3231 in
838 3193 1068 3232 morem.

531 3271 598 3322 Et
618 3270 895 3338 justitiam
928 3281 1074 3322 tuam
1101 3271 1188 3334 iis,
1226 3287 1315 3340 qui
1350 3282 1492 3324 recto
1526 3280 1649 3325 sunt
1679 3272 1933 3326 c0rde.Et
1957 3287 2049 3328 as-

2217 2911 2579 2981 Παράτεινον
2623 2911 2688 2964 τὸ
2721 2909 2893 2974 ἔλεός
2920 2924 3036 2961 σου
3067 2907 3193 2971 τοῖς
3241 2905 3604 2976 γινώσκουσί
3625 2919 3724 2958 σε.

2145 3004 2420 3074 Διηνεκῶς
2469 3003 2611 3056 ἐλέει
2656 3003 2783 3065 τοὺς
2826 3002 2924 3070 τῆς
2974 3001 3302 3069 θεογνωσίας
3363 2995 3720 3069 ἠξιωμένους.

2147 3098 2313 3166 Λέγει
2348 3097 2507 3150 τοῦτο
2533 3095 2894 3164 παρακαλῶν.

2217 3280 2323 3334 Kal
2353 3278 2468 3344 τὴν
2495 3275 2893 3342 δικαιοσύνην
2921 3289 3039 3328 σου
3073 3273 3200 3338 τοῖς
3235 3269 3439 3326 εὺθὲσι
3484 3268 3558 3336 τῇ
3588 3285 3725 3335 καρ-

465 3359 621 3414 sidue
645 3361 1074 3431 pranstajustum
1115 3363 1377 3415 auxilium
1408 3369 1560 3415 tuum
1597 3363 1666 3417 iis
1703 3365 1798 3432 qui
1835 3364 1888 3418 in
1929 3379 2041 3419 scr-

2153 3371 2272 3439 δίᾳ.
2299 3370 2409 3424 Καὶ
2436 3370 2661 3438 διηνεκῆ
2693 3369 2838 3422 δίδου
2859 3365 2957 3437 τὴν
2977 3365 3195 3419 δικαίαν
3219 3381 3309 3416 σου
3335 3361 3587 3432 βοήθειαν
3609 3363 3725 3422 τοῖς

473 3452 727 3506 monibus
751 3460 915 3520 atque
948 3453 1256 3508 actionibus
1285 3453 1398 3508 suis
1433 3454 1568 3508 recti
1605 3463 1752 3510 sunt.

540 3545 704 3598 Vens.
729 3545 817 3599 l2.
869 3545 988 3599 Non
1030 3547 1201 3599 reniat
1242 3547 1371 3599 mihi
1411 3563 1500 3614 pes
1526 3547 1804 3615 superbire.
1846 3547 2044 3602 Pedem

469 3640 738 3709 superbia:
775 3655 872 3710 pro
895 3640 1103 3707 integra
1129 3640 1280 3709 ponit
1304 3640 1587 3709 superbia,
1614 3641 1781 3695 veluti
1812 3649 1984 3696 tottun
2015 3657 2046 3696 a

467 3740 639 3800 parte.
678 3730 795 3784 Non
829 3731 1145 3784 dominetur
1185 3731 1313 3794 mei,
1363 3730 1558 3798 inquit,
1607 3732 1886 3799 superbia.
1949 3731 2049 3784 Su-

466 3824 666 3891 perbiae
735 3833 917 3878 autem
955 3823 1177 3877 nomine
1225 3837 1388 3877 onmc
1422 3824 1614 3876 vitium
1661 3822 1992 3893 signiﬁcavit
2029 3839 2044 3877 ε

467 3917 723 3985 quoniam
746 3925 928 3969 vertex
974 3923 1060 3968 est
1090 3924 1141 3968 et
1165 3913 1400 3984 genitrix
1429 3922 1778 3983 peccatorum
1801 3915 2044 3969 omnium

468 4005 748 4076 Superbia.

532 4121 600 4170 Et
632 4134 818 4172 manus
862 4119 1153 4184 peccatoris
1205 4134 1309 4172 non
1348 4118 1616 4172 concutiat
1659 4134 1758 4172 me.
1789 4117 1900 4172 Hoc
1941 4125 2046 4182 est,

474 4210 593 4277 ipse
634 4216 912 4278 peccator,
948 4224 976 4261 a
1009 4218 1161 4280 parte
1199 4216 1371 4264 totum
1409 4210 1726 4279 signiﬁcans
1763 4207 1846 4281 [ut
1880 4223 2046 4277 supra

469 4299 755 4371 diximus],
785 4309 837 4354 et
865 4315 961 4370 per
990 4311 1332 4370 peccatorem
1360 4302 1534 4370 ipsum
1571 4301 1855 4355 demonem
1889 4299 2050 4354 intel-

470 4391 608 4458 ligit,
655 4392 740 4444 vel
789 4389 1034 4455 Saulem,
1066 4402 1159 4445 aut
1187 4393 1353 4445 alium
1387 4408 1452 4446 ex
1499 4393 1649 4467 omni
1692 4400 1840 4459 parte
1882 4391 2052 4446 scele-

471 4493 637 4538 stum.
672 4481 796 4534 Non
839 4484 1102 4535 concutiat
1140 4491 1342 4547 autem,
1379 4483 1480 4537 boc
1511 4493 1613 4549 est,
1671 4482 1786 4538 Non
1839 4493 2051 4537 moveat

471 4575 540 4628 ab
564 4574 654 4628 illa
684 4571 942 4627 nimirum
965 4573 1267 4628 stabilitate
1289 4588 1353 4628 ac
1382 4572 1534 4637 sede,
1565 4589 1730 4643 quam
1764 4575 1816 4627 in
1855 4574 2054 4628 virtute

470 4667 760 4722 collocavi.

542 4757 708 4816 Vens.
752 4759 837 4814 15.
885 4757 1012 4813 Illic
1063 4758 1364 4812 ceciderunt
1400 4775 1576 4813 omnes
1625 4758 1717 4829 qui
1768 4769 2054 4826 operantur

472 4852 830 4921 iniquitatem.
868 4850 1016 4918 Illic,
1055 4851 1105 4905 id
1142 4861 1250 4916 est,
1290 4852 1342 4905 in
1375 4850 1495 4906 loco
1527 4853 1643 4916 illo,
1685 4866 1781 4904 seu
1831 4852 1886 4906 in
1918 4859 2057 4904 tem-

474 4960 603 5014 pore
644 4960 673 4998 a
715 4944 824 5000 Deo
878 4945 1200 5000 constituto.
1261 4943 1325 4997 Et
1367 4961 1473 4999 non
1507 4943 1666 5010 dixit,
1699 4944 1926 5006 Cadent,
1961 4941 2057 4997 sed

476 5037 842 5091 Ceciderunt:
877 5038 1042 5092 veluti
1102 5039 1196 5108 qui
1252 5036 1591 5106 prOpbcticis
1619 5037 1794 5091 oculis
1848 5037 2058 5090 illorum

476 5132 692 5184 ruinam
723 5140 992 5185 cerneret.
1025 5129 1284 5200 lntelligit
1315 5138 1496 5183 autem
1523 5127 1742 5183 Saulem
1766 5137 1820 5183 et
1849 5143 2052 5198 sequa-

477 5240 607 5285 ces,
645 5233 739 5276 aut
775 5224 912 5276 alios
949 5222 1265 5291 ltujusmodi
1303 5222 1565 5276 seelestos
1587 5222 1856 5276 homines.

547 5315 771 5383 Expulsi
801 5325 940 5378 sunt,
963 5323 1010 5367 et
1051 5330 1151 5367 non
1186 5322 1464 5381 potuerunt
1487 5321 1654 5367 stare.
1693 5311 1912 5382 Expulsi
1943 5311 2055 5379 jam

549 5494 595 5527 ε’
627 5493 782 5548 Joan.
819 5509 932 5557 xtv,
971 5491 1024 5546 6.
1144 5491 1188 5523 ⁸³
1216 5490 1354 5544 ibid.
1398 5489 1483 5544 l0.

2083 4692 2130 4748 1)

2153 3463 2335 3533 ὀρθοῖς
2373 3461 2500 3531 περί
2534 3478 2592 3515 τε
2632 3461 2793 3528 λόγον
2816 3460 2914 3513 καὶ⁵
2945 3459 3165 3529 πρᾶξιν.

2225 3554 2321 3622 Μὴ
2353 3554 2572 3608 ἐλθέτω
2613 3569 2716 3621 μοι
2754 3550 2908 3616 ποὺς
2955 3549 3386 3618 ὑπερηφανίας.
3434 3545 3727 3598 ’τουτέστιν

2154 3644 2521 3714 ὑπερηφανία,
2558 3642 2666 3696 ἀπὸ
2707 3643 2904 3713 μέρους
2931 3640 2991 3693 τὸ
3046 3641 3186 3693 πᾶν·
3221 3638 3366 3706 λέγει
3395 3637 3472 3698 δὲ,
3504 3637 3584 3690 ὅτι
3631 3637 3726 3705 Μὴ

2153 3735 2504 3807 προσγένοιτό
2554 3733 2676 3804 εμοι
2754 3731 3122 3802 ὑπερηφανία.
3154 3731 3251 3783 Διὰ
3303 3730 3358 3782 δὲ
3395 3728 3492 3796 τῆς
3546 3729 3728 3799 ὑπερ-

2155 3830 2412 3901 ηφανίας,
2476 3829 2654 3881 πᾶσαν
2729 3825 2926 3880 κακίαν
3002 3825 3262 3895 ᾐνίξατο·
3317 3822 3589 3894 κορυφαῖα
3621 3822 3728 3889 γὰρ

2157 3922 2295 3993 αὕτη
2329 3922 2422 3975 καὶ
2457 3921 2722 3973 νενῆτοια
2756 3919 2936 3980 πάσης
2968 3918 3166 3979 κακίας
3201 3915 3338 3971 ἐστί.

2228 4120 2337 4175 Καὶ
2375 4120 2502 4189 χείρ
2549 4111 2899 4187 ἁμαρτωλοῦ
2929 4115 3014 4184 μὴ
3070 4115 3368 4169 Galatiam
3416 4129 3511 4182 με.
3560 4111 3730 4162 Τουτ-

2158 4213 2303 4266 έστιν
2354 4209 2697 4280 ἁμαρτωλὸς,
2720 4207 2825 4260 ἀπὸ
2859 4208 3056 4277 μέρους
3093 4205 3153 4258 τὸ
3203 4206 3332 4258 πᾶν.
3357 4203 3516 4270 Λέγει
3543 4201 3599 4254 δὲ
3636 4201 3729 4252 τὶν

2156 4303 2421 4364 διάϐολον,
2483 4301 2516 4370 ἦ
2568 4300 2658 4352 τὸν
2719 4298 2916 4359 Σαοὺλ,
2953 4300 3028 4361 ὡς
3095 4296 3435 4364 παράνομον,
3481 4291 3729 4361 ἦπάντα

2161 4395 2415 4463 πονηρόν.
2440 4393 2741 4446 Saleium
2777 4392 2852 4452 δὲ,
2878 4389 2940 4441 τὸ
2975 4390 3347 4458 παρακινῆσαι
3379 4383 3478 4454 τῆς
3511 4381 3729 4453 ἑδραίας

2161 4486 2393 4556 βάσεως,
2427 4485 2524 4554 τῆς
2559 4484 2614 4538 ἐν
2645 4485 2835 4553 ἀρετῇ.

2239 4753 2404 4808 Ἐκεῖ
2425 4753 2654 4807 ἔπεσον
2701 4748 2924 4814 πάντες
2953 4749 3006 4800 ol
3047 4743 3420 4815 ἐργαζόμενοι
3451 4739 3567 4807 τὴν
3594 4739 3737 4793 ἀνο-

2155 4848 2314 4916 μίαν.
2347 4845 2419 4897 Τὸ
2468 4843 2647 4909 Ἐκεῖ,
2680 4842 2799 4896 ἀντὶ
2859 4841 2976 4907 τοῦ,
3020 4840 3109 4891 Ἐν
3143 4840 3337 4905 ἐκείνῳ
3384 4834 3461 4902 τῷ
3499 4833 3672 4901 τόπῳ,
3701 4830 3736 4901 ἦ

2157 4939 2232 5010 τῷ
2255 4937 2546 5009 ὡρισμένῳ
2590 4937 2739 5006 παρὰ
2771 4934 2930 4987 Θεοῦ.
2964 4933 3077 4985 Οὐκ
3107 4926 3226 4983 εἷπε
3272 4929 3351 4992 δὲ,
3411 4925 3739 4988 Πεσοῦνται,

2157 5033 2271 5088 ἀλλ’
2301 5035 2588 5093 Ἐπεσον,
2621 5024 2710 5082 οἷα
2747 5031 2858 5090 τοῖς
2887 5026 3247 5095 προφητικοῑς
3272 5020 3571 5088 ὀφθαλμοῖς
3609 5016 3739 5069 ἰδὼν

2161 5126 2260 5196 τὴν
2293 5123 2497 5178 πτῶσιν
2522 5121 2723 5176 αὐτῶν,
2751 5120 2913 5187 Λέγει
2939 5117 2994 5170 δὲ
3023 5116 3195 5169 Σαούλ
3217 5131 3274 5168 τε
3322 5112 3414 5164 καὶ
3453 5111 3580 5171 τοὺς
3606 5109 3738 5177 περὶ

2165 5217 2336 5271 Σαοὺλ
2371 5259 2384 5278 ,
2417 5216 2508 5269 καὶ
2535 5215 2588 5267 εί
2613 5231 2694 5278 τις
2721 5209 2978 5281 πονηρός.

2250 5307 2664 5375 Ἐξὼσθησαν,
2717 5303 2815 5358 καὶ
2879 5297 3082 5370 οὐ¹μὴ
3139 5298 3430 5351 δύνωνται
3489 5291 3736 5362 στῆναι.

1565 5491 1609 5521 ’³⁸
1640 5488 1656 5542 1
1693 5488 1818 5544 Cor.
1853 5503 1949 5550 xu,
1983 5502 2034 5538 ο.
2108 5485 2153 5516 ⁸⁵
2186 5486 2200 5539 1
2233 5487 2359 5538 Cor.
2397 5501 2455 5547 tt,
2484 5485 2535 5541 Ι.

1823 5597 2017 5660 Varire
2059 5596 2382 5658 lectiones.

561 5728 771 5797 (‘29’Al
810 5729 896 5784 oti
929 5729 986 5783 τὸ
1016 5730 1303 5784 ἀνάπαλιν.
