4072 6202
324 248 428 308 413

1456 266 1846 334 COMMEN’I‘.
1883 273 1965 333 1N
2001 262 2362 339 PSALMOS.

3464 279 3573 345 4H

321 361 688 461 ‘Eizbancrav
718 366 818 439 ἥδη
854 368 978 461 τῆς
1011 372 1163 443 παρᾶ
1191 375 1327 430 Θεοῦ
1373 376 1648 450 βοηθείας,
1685 383 1772 437 διὰ
1797 384 1878 455 τὴς

2000 398 2128 443 sunt
2158 404 2188 444 a
2223 390 2410 444 divino
2469 391 2695 457 auxilio,
2732 392 2803 447 ob
2833 408 3024 449 eorum
3068 393 3279 450 scilicet
3329 394 3483 461 vitia,
3521 407 3578 455 et

319 456 520 522 κακίαν
547 456 754 525 αὐτῶν,
780 460 875 513 καὶ
902 461 1089 520 λοιπὸν
1114 467 1177 520 οὐ
1227 468 1492 526 δύνωνται
1526 490 1616 526 et:
1628 475 1876 545 ρεωθῆνα

2000 479 2261 551 deinceps
2291 481 2498 536 ﬁrmari
2534 498 2640 538 non
2680 494 2959 554 poterunt.

316 550 394 609 εἰς
424 548 486 602 τὺ
520 547 707 620 ζῆσαι.

809 650 1056 719 Ψαλμὸς
1097 651 1177 718 τῷ
1203 656 1401 711 Auditi.

865 743 1156 800 ΨΑΛΜΟΣ
1191 748 1331 818 Acr.

379 823 687 891 Νουθεσίας
748 831 778 883 ὁ
832 831 1048 902 ψαλμὸς
1089 831 1247 900 οὗτος
1284 842 1552 912 περιέχει,
1606 847 1894 917 παραινῶν

312 922 479 975 παντὶ
514 924 886 996 μακροθύμως
928 927 999 981 τὰ
1031 930 1420 999 συμπίπτοντα
1448 935 1661 1006 φέρειν,
1691 940 1785 992 καὶ
1816 939 1891 1010 μὴ

311 1015 607 1086 προσέχειν
639 1019 764 1082 ταῖς
785 1017 1112 1092 εὐημερίαις
1139 1024 1247 1077 τῶν
1283 1028 1561 1098 πονηρῶν.

379 1195 478 1261 Μὴ
505 1196 849 1264 παραξήλου
890 1200 961 1253 ἐν
994 1203 1523 1273 πονηρευομένοις.
1562 1208 1751 1263 Ἔστιν
1790 1212 1893 1281 μὲν

309 1284 489 1346 εἰπεῖν
538 1285 929 1357 παραζήλωσιν
986 1290 1085 1360 τὴν
1127 1292 1382 1365 μίμησιν,
1412 1294 1546 1360 οἷον,
1572 1297 1662 1361 Μὴ
1714 1298 1886 1367 μιμοῦ

308 1376 436 1437 τοὺς
460 1378 951 1449 πονηρευομένους,
982 1384 1032 1435 εί
1062 1382 1623 1455 εὐπραγοῦσιν.Ἔστι
1642 1386 1699 1439 δὲ
1717 1388 1891 1441 εἰπεῖν

309 1467 407 1519 καὶ
437 1466 532 1519 τὸν
564 1469 878 1540 ἑρεθισμὸν,
919 1467 1052 1539 οἷον,
1095 1476 1186 1545 Μὴ
1222 1476 1476 1546 ὲρεϐίζου
1512 1478 1650 1547 πρὸς
1687 1476 1887 1547 λύπην,

307 1559 438 1622 τοὺς
488 1563 763 1632 πονηροὺς
796 1564 1013 1634 βλέπων
1040 1567 1391 1637 εὐροοῦντας.
1433 1567 1499 1621 Ἢ
1529 1568 1586 1621 δὲ
1641 1567 1889 1634 σύνταξις

309 1649 604 1722 ἀδιάφορος
639 1655 840 1719 κεῖται,
871 1655 996 1709 καθ’
1051 1657 1343 1729 Ἐσραῖκὸν
1371 1659 1593 1729 ἰδίωμα.

2457 661 2712 716 Psalmns
2742 664 2847 733 ipsi
2894 662 3083 717 David.

2453 751 2776 809 PSALSIUS
2831 753 3080 808 XXXVI.

2064 844 2483 902 Admonitiones
2538 846 2784 901 continet
2842 848 2931 901 hic
2989 849 3259 917 psalmus.
3308 846 3580 902 Admonet

1993 936 2139 992 enim
2174 944 2234 990 ut
2263 939 2646 1008 unusquisque
2676 939 2860 993 varios
2893 953 3075 992 rerum
3100 936 3334 993 eventus
3361 939 3577 1005 patien-

1996 1035 2080 1081 ter
2128 1026 2291 1091 ferat,
2315 1036 2369 1084 et
2427 1037 2666 1083 mentem
2727 1045 2834 1083 non
2866 1030 3125 1084 adhibeat
3182 1029 3250 1084 ad
3282 1043 3574 1084 pravorum

1995 1118 2282 1172 hominum
2316 1119 2730 1188 prosperitates.

2063 1208 2230 1265 Vens.
2267 1211 2318 1264 1.
2354 1208 2439 1263 Ne
2472 1210 2739 1265 (sustuleris
2779 1213 2832 1264 in
2872 1211 3319 1283 malignantibus.
3376 1210 3572 1264 JEmu-

1992 1300 2255 1356 lationem
2286 1301 2650 1355 imitationem
2682 1302 2918 1372 appellat
2948 1319 2962 1367 ;
2997 1318 3061 1357 ac
3084 1304 3129 1356 si
3162 1303 3412 1357 diceret:
3450 1300 3573 1356 Noli

1991 1389 2195 1444 imitari
2252 1391 2636 1460 malignantes,
2680 1391 2898 1446 tametsi
2957 1392 3197 1447 secunda
3244 1407 3341 1447 eos
3389 1390 3574 1446 videas

1990 1476 2188 1534 ﬂorere
2218 1477 2463 1533 fortuna.
2504 1478 2810 1536 Possumus
2842 1481 3005 1534 etiam
3040 1482 3443 1535 :rmulationem
3473 1493 3574 1549 pro

1991 1569 2303 1624 irritatione
2337 1569 2638 1639 intelligere
2671 1568 3162 1643 [quemadmodum
3188 1569 3375 1625 Graeca
3399 1570 3573 1623 dictio

1990 1661 2397 1730 signiﬁcantius
2461 1661 2742 1734 exprimit]
2786 1663 2987 1726 zelum,
3039 1662 3445 1716 mutilationem
3478 1676 3576 1729 ap-

309 1742 544 1810 pellans.
578 1743 735 1800 Unde
773 1748 938 1802 etiam
972 1750 1196 1805 verbum
1255 1768 1415 1807 suum
1450 1750 1691 1806 deducit.
1723 1752 1800 1807 Ac
1834 1752 1880 1807 si
1921 1750 2132 1807 diceret
2162 1768 2178 1806 :
2218 1752 2337 1807 Noli
2373 1752 2596 1819 irritari,
2628 1762 2723 1807 aut
2764 1768 3018 1816 moerere,
3089 1754 3309 1823 quando
3376 1768 3574 1824 pravos

306 1835 687 1891 videsl'elicem
722 1838 885 1895 vitam
916 1842 1128 1910 degere.
1184 1841 1538 1899 Constructio
1577 1855 1761 1899 autem
1822 1844 1926 1900 hoc
2008 1845 2063 1899 in
2118 1845 2240 1901 loco
2292 1845 2610 1902 indiﬂ‘erens
2662 1853 2767 1911 est,
2807 1855 2861 1900 et
2913 1847 3154 1917 regulam
3210 1861 3318 1901 non
3364 1855 3571 1915 servat.

299 1926 459 1993 juxta
494 1926 816 1983 llcbraicum
851 1929 1074 1984 idioma.

378 2019 549 2086 Μηδὲ
572 2020 753 2088 ζηλοῦ
778 2023 918 2089 τοὺς
945 2022 1274 2090 ποιοῦντας
1300 2025 1416 2093 τὴν
1446 2028 1727 2096 ἀνομίαν.
1750 2029 1878 2083 Πολ-

2068 2024 2253 2095 Neque
2279 2024 2545 2081 a'muleris
2570 2025 2821 2094 facientes
2850 2024 3207 2093 iniquitatem.
3236 2022 3388 2078 Multi
3419 2025 3569 2080 enim

302 2112 386 2177 λοὶ
416 2112 530 2183 γὰρ
550 2111 838 2181 βλέποντες
864 2115 985 2179 τοὺς
1007 2117 1213 2178 κακοὺς
1243 2116 1696 2188 εὐθηνουμένους,
1716 2136 1790 2172 πα
1801 2135 1878 2187 ρο⁴

1994 2120 2220 2188 quoties
2256 2130 2454 2186 pravos
2511 2116 2697 2170 vident
2746 2116 2992 2171 externis
3025 2115 3177 2170 hisce
3208 2114 3367 2170 bonis
3393 2115 3571 2170 abun-2

303 2204 561 2270 ξύνονται
593 2205 730 2275 πρὸς
763 2206 996 2275 μίμησιν
1022 2207 1204 2261 αὐτῶν
1230 2211 1294 2261 ὲκ
1327 2210 1711 2280 μικροψυχίας,
1748 2211 1878 2282 ὅπερ

1991 2211 2144 2276 dare,
2176 2210 2630 2280 pusillanimitate
2650 2208 2824 2271 ducti,
2851 2208 2918 2263 ad
2954 2207 3171 2262 illorum
3208 2206 3567 2262 imitationem

300 2296 372 2359 ὡς
398 2295 649 2367 ὀλέθριον
703 2298 1022 2368 ἀποτρέπει.
1055 2299 1210 2352 Ἔστι
1260 2300 1315 2353 δὲ
1345 2300 1503 2369 ζῆλος
1539 2301 1716 2373 ὄρεξις
1750 2304 1878 2373 κτή-

1992 2303 2308 2357 ἰιιοῑιειιιιιιτ.
2347 2302 2518 2367 Quam
2577 2316 2689 2354 rem
2744 2299 3008 2370 PrOpheta
3082 2299 3246 2354 veluti
3298 2299 3573 2368 pernicioe

300 2404 445 2450 σεως
489 2387 586 2440 τοῦ
625 2388 918 2453 δοκοῦντος
959 2394 1242 2460 προσεῖναι
1294 2391 1371 2462 τῷ
1424 2393 1599 2456 πέλας
1650 2393 1878 2460 ἀγαθοῦ.

1992 2408 2109 2449 sam
2164 2394 2497 2448 detestatur.
2544 2391 2637 2448 Est
2678 2403 2859 2447 autem
2913 2391 3190 2445 aemulatio
3215 2389 3334 2460 [seu
3387 2391 3568 2458 potius

299 2479 575 2533 Τάττεται
622 2479 679 2534 δὲ
723 2481 931 2552 κυρίως
999 2482 1099 2552 μὲν
1133 2484 1227 2537 ἐπὶ
1256 2483 1461 2538 καλοῦ·
1498 2484 1765 2547 πολλάκις
1809 2485 1878 2550 δὲ,

1986 2486 2138 2556 juxta
2183 2484 2424 2540 Grzecam
2476 2486 2736 2545 litteram.
2794 2483 2967 2555 zelus]
3020 2483 3296 2554 appetitus
3344 2481 3569 2549 quidam

296 2573 388 2625 ἐπὶ
448 2571 648 2628 κακοῦ.
682 2567 851 2637 Οὗτος
902 2575 959 2628 δὲ
1007 2578 1036 2629 ὁ
1094 2576 1277 2647 στίχος
1332 2577 1728 2646 σαφηνιστικός
1771 2578 1878 2630 ἐστι

1991 2576 2304 2647 possidendi
2333 2579 2535 2633 bonum
2570 2577 2731 2642 illud,
2763 2577 2906 2645 quod
2935 2576 3062 2647 quis
3089 2575 3233 2629 videt
3268 2576 3320 2628 in
3353 2575 3461 2628 alio
3481 2591 3495 2635 ;
3515 2583 3571 2628 et

293 2662 384 2716 ’εοῦ⁹
449 2662 695 2733 πρώτου,
725 2667 816 2719 καὶ
861 2666 1116 2736 συνῳδός.
1151 2668 1221 2720 Ἦ
1253 2667 1349 2735 Μὴ
1376 2666 1582 2736 τηλοῦ,
1615 2668 1735 2722 ἀντὶ
1771 2667 1878 2732 ιιςοῦ1

1992 2670 2213 2738 proprie
2269 2670 2490 2739 quidem
2539 2669 2761 2738 ponitur
2813 2668 2867 2722 in
2913 2667 3140 2731 bonum,
3195 2681 3570 2737 smpcnnmero

293 2754 386 2824 Μὴ
416 2755 698 2826 μακάριζε
727 2757 863 2827 μηδὲ
897 2756 1058 2828 εὔχου
1085 2758 1449 2830 ὁμοιωθῆναι.

1989 2760 2155 2814 etiam
2182 2760 2239 2814 in
2270 2761 2497 2814 malum.
2533 2758 2853 2815 Versiculus
2886 2773 3014 2813 vero
3046 2759 3149 2813 iste
3189 2759 3441 2828 proxime
3472 2774 3569 2814 suo

291 2852 572 2920 perierem
618 2856 951 2909 versiculum
988 2857 1258 2924 declarat,
1297 2864 1460 2926 atque
1497 2856 1741 2927 ejusdem
1779 2862 1866 2912 est
1903 2868 2098 2912 sensus
2137 2870 2262 2910 cum
2321 2856 2437 2911 illo.
2476 2853 2572 2911 Vel
2615 2846 2700 2910 Ne
2760 2854 3046 2920 aemuleris,
3072 2854 3176 2911 hoc
3233 2865 3319 2911 est
3350 2873 3367 2912 :
3429 2853 3557 2910 Noli

290 2945 486 3003 beatos
511 2959 609 3000 eos
638 2946 843 3012 dicere,
871 2963 972 3002 nec
993 2950 1232 3020 precari,
1266 2957 1325 3003 ut
1350 2948 1549 3005 similis
1569 2950 1652 3005 eis
1683 2949 1805 3016 llas.

358 3036 489 3089 Ὅτι
514 3036 661 3091 ὡσεὶ
685 3039 898 3105 χόρτος
913 3038 1544 3108 ἀποξηρανθήοεογται.
1583 3040 1676 3112 Μὴ
1729 3040 1880 3110 ἔχον-

288 3144 378 3191 τες
404 3126 574 3198 ῥίζαν
606 3128 858 3198 ἰσχυράν.

2049 3033 2220 3088 Vens.
2247 3033 2304 3087 2.
2351 3031 2617 3098 Quoniam
2652 3032 2790 3086 sicut
2834 3032 3020 3097 herba,
3085 3032 3193 3086 cito
3240 3043 3561 3087 exarescent.

1976 3127 2095 3184 Non
2122 3125 2390 3179 habentes
2423 3123 2637 3178 scilicet
2665 3123 2904 3178 radicem
2940 3123 3204 3178 validam.

356 3219 477 3276 Kal
513 3219 660 3274 ὡσεί
688 3220 931 3290 λάχανα
966 3223 1158 3292 χλόης
1189 3222 1343 3292 ταχὺ
1400 3223 1876 3279 ἁποπεσοῦνται.

288 3306 361 3360 Τὸ
391 3307 540 3361 αὐτὸ
586 3307 752 3387 πάλιν
784 3310 955 3378 δηλοῖ.
990 3312 1214 3381 Λάχανα
1264 3312 1321 3364 δὲ
1372 3311 1558 3383 χλόης,
1586 3315 1710 3367 ἀντὶ
1756 3314 1873 3378 τοῦ,

2043 3220 2112 3272 Et
2141 3216 2299 3289 quasi
2333 3216 2479 3271 olera
2504 3215 2786 3270 herbarum
2823 3216 2931 3270 cito
2952 3215 3215 3270 desident.
3244 3214 3393 3272 Idem
3433 3232 3562 3271 rur-

1980 3326 2079 3367 sus
2116 3310 2335 3380 repetit.
2379 3307 2541 3364 Olera
2578 3315 2761 3361 autem
2797 3307 3094 3363 herbarum
3136 3307 3271 3361 dixit
3304 3322 3402 3378 pro
3429 3307 3565 3377 ipsis

289 3398 620 3467 χλοάζοντα,
650 3402 746 3454 καί
779 3400 1066 3468 θάλλοντα,
1101 3403 1134 3473 ἢ
1168 3404 1237 3458 τὰ
1270 3404 1398 3458 ὄντα
1431 3407 1528 3459 τοῦ
1553 3406 1747 3475 γένους
1773 3409 1874 3480 τῆς

1980 3403 2188 3468 herbis,
2249 3400 2388 3458 vivis
2439 3399 2698 3454 nimirum
2759 3413 2820 3453 ac
2846 3399 3176 3463 virentibus,
3241 3398 3328 3453 vel
3368 3413 3470 3467 pro
3497 3399 3565 3452 iis

289 3491 482 3563 χλόης.
516 3490 708 3545 Ταῦτα
739 3492 848 3564 γὰρ
877 3493 1263 3565 ξηραινόμενα,
1296 3498 1544 3569 ὑπορρεῖ.

357 3671 672 3725 Ἐλέησον
723 3672 820 3726 ἐπὶ
852 3673 1072 3741 Κύριον
1113 3673 1215 3728 καί
1274 3674 1430 3729 ποίει
1472 3676 1877 3744 χρηστότητα.

291 3761 584 3827 τελπισον,
624 3764 791 3817 ὅτιού
816 3764 1138 3836 περιόψεται
1182 3767 1311 3829 τοὺς
1365 3766 1570 3828 πόνους
1609 3765 1720 3819 τῶν
1755 3766 1878 3817 ἐνα-

294 3853 499 3921 ρέτων,
530 3856 629 3908 καὶ¹
677 3855 837 3925 μόνον
868 3856 1107 3927 ἐργάζου
1131 3856 1191 3910 τὸ
1222 3856 1419 3911 καλόν*
1452 3855 1613 3909 τοῦτο
1642 3855 1752 3925 γὰρ
1780 3853 1877 3908 νῦν

289 3946 317 4016 .‘,
343 3947 670 4017 χρηστότης
702 3948 983 4017 σημαίνει.

353 4039 473 4094 Καὶ
507 4040 1039 4109 κατασκήνουτὴν
1071 4040 1210 4112 γῆν.
1241 4041 1399 4096 Οὕτω
1427 4043 1483 4097 δὲ
1516 4043 1705 4107 ποιῶν,
1738 4043 1874 4112 ἀπρόσ

283 4132 397 4198 ϐως
427 4134 786 4205 κατασκήνου
805 4148 820 4164 ⁶
850 4134 945 4188 τὸν
971 4134 1105 4188 Θεὸν
1137 4135 1247 4206 γὰρ
1276 4134 1424 4206 ἔχεις
1456 4136 1696 4204 φύλακα.

351 4311 474 4367 Καὶ
502 4310 842 4379 ποιμανθῇς
869 4311 969 4364 ἐπὶ
1005 4312 1085 4377 τῷ
1115 4312 1355 4376 πλούτῳ
1385 4311 1596 4379 αὐτῆς.
1628 4313 1740 4365 Καὶ
1762 4331 1879 4368 ποι-

286 4405 551 4482 μανθήση
568 4404 716 4472 παρᾶ
734 4401 893 4465 Θεοῦ,
916 4405 1009 4458 ἐπὶ
1027 4407 1138 4466 τοῖς
1157 4404 1381 4472 ἀγαθοῖς
1404 4407 1592 4475 αὐτῆς
1614 4406 1752 4461 ὥστε
1769 4408 1876 4462 τῶν

284 4496 382 4564 μὲν
398 4494 703 4565 χρησίμοιν
716 4495 1033 4561 ἀπολαύειν,
1052 4494 1160 4547 τῶν
1177 4496 1232 4549 δὲ
1252 4495 1532 4567 βλαϐερῶν
1551 4499 1872 4570 ἀπέχεσθαι.

351 4585 850 4653 Κατατρύςρησον
862 4586 970 4639 τοῦ
988 4588 1231 4654 Κυρίου.
1271 4588 1618 4659 Ἐνηδύνθητι
1648 4591 1726 4660 τῷ
1756 4592 1873 4644 Κυ-

290 4676 416 4749 ρίῳ,
484 4675 578 4729 διὰ
629 4674 734 4743 τῆς
785 4675 1084 4746 ἀκορέστου
1138 4678 1359 4749 ἀγάπης
1391 4678 1619 4753 αὑτοῦ,ἢ
1658 4681 1746 4736 διὰ
1774 4683 1875 4755 τῆς

284 4769 580 4840 ἀπλήστου
628 4766 860 4838 μελέτης
902 4769 1011 4822 τῶν
1052 4769 1282 4823 ἐντολῶν
1307 4771 1494 4827 αὐτοῦ.

357 4938 474 4994 Καί
528 4939 653 5009 δῴη
697 4957 799 4997 σοι
839 4942 911 4997 τὰ
938 4946 1235 5015 αἰτήματα
1269 4947 1383 5017 τῆς
1434 4952 1685 5020 καρδίας
1733 4973 1872 5011 σου.

285 5028 441 5098 Δῴη,
504 5032 630 5085 ἀντὶ
688 5034 785 5086 τοῦ
833 5035 1027 5101 Δώσει,
1085 5038 1337 5093 εὐκτικὸν
1391 5041 1513 5095 ἀντὶ
1566 5043 1874 5114 μέλλοντος.

296 5121 566 5189 Ἀγαπῶν
596 5123 705 5196 γὰρ
733 5125 826 5178 τὸν
858 5126 1014 5194 Θεὸν,
1042 5130 1196 5183 οὐδὲν
1224 5133 1470 5203 αἰτήσεις
1489 5134 1729 5202 ἀνάξιον.

367 5212 814 5284 Ἀποκάιυψον
875 5220 1030 5287 πρὸς
1077 5223 1295 5289 Κύριον
1353 5223 1472 5293 τὴν
1527 5225 1674 5280 ὁδόν
1724 5244 1864 5283 σου.

295 5302 452 5357 Ὀδὸν
502 5304 601 5358 νῦν
649 5306 752 5376 τὴν
787 5308 1068 5363 πολιτείαν
1113 5312 1471 5384 ὑποληπτέον,
1535 5315 1602 5387 ἢν
1654 5316 1867 5371 κελεύει

285 5394 523 5464 ποιῆσαι
559 5396 719 5462 ἀξίαν
757 5400 1063 5474 ἐπισκοπῆς
1089 5402 1227 5458 Θεοῦ
1255 5421 1271 5435 ’
1313 5405 1572 5474 γινώσκει
1612 5408 1720 5482 γὰρ
1748 5411 1866 5465 Κύο

1982 3510 2106 3566 quaa
2133 3493 2408 3563 pertinent
2439 3491 2507 3548 ad
2543 3488 2716 3561 genus
2748 3490 3064 3545 herbarum.
3096 3488 3218 3545 Haec
3245 3490 3391 3544 enim
3444 3504 3564 3543 om-

1980 3584 2072 3638 nia
2114 3582 2361 3638 delluunt
2392 3597 2517 3637 cum
2555 3581 2828 3636 aruerint.

2053 3672 2225 3727 Vsus.
2250 3673 2301 3727 5.
2334 3672 2501 3741 Spera
2522 3673 2573 3725 in
2597 3671 2821 3726 Domino
2851 3680 2901 3725 et
2923 3671 3010 3741 [ac
3028 3672 3341 3726 bonitatem.
3363 3670 3560 3740 Spera,

1981 3766 2183 3836 inquit,
2240 3765 2295 3817 in
2335 3763 2566 3818 Domino
2617 3764 2710 3833 qui
2768 3763 3030 3817 virtutum
3071 3773 3287 3817 tuarum
3342 3762 3560 3817 labores

1979 3873 2088 3914 non
2121 3855 2410 3924 despiciet,
2440 3862 2495 3910 et
2523 3855 2671 3924 quod
2714 3855 2919 3909 bonum
2950 3863 3055 3916 est,
3110 3868 3359 3923 operare.
3396 3852 3561 3908 Boni-

1980 3960 2140 4004 tatem
2173 3950 2316 4005 enim
2343 3949 2528 4019 posuit
2555 3963 2659 4018 pro
2674 3948 2845 4002 Bono.

2051 4046 2120 4098 Et
2146 4042 2385 4096 inhabita
2416 4051 2635 4094 terram.
2666 4037 2756 4094 Sic
2787 4037 3023 4098 faciens.
3056 4038 3256 4108 inquit,
3288 4039 3558 4109 intrepide

1978 4149 2145 4204 quam
2181 4133 2352 4188 habes
2374 4130 2771 4187 habitationem
2808 4128 3047 4199 posside.
3101 4129 3270 4183 Deum
3303 4131 3450 4185 enim
3475 4130 3557 4183 tui

1979 4226 2261 4281 custodem
2303 4224 2496 4279 habes.

2045 4318 2114 4370 Et
2137 4316 2367 4385 pasceris
2396 4316 2452 4368 in
2475 4315 2680 4369 divitiis
2709 4314 2847 4384 ejus.
2875 4313 2941 4367 Et
2978 4312 3220 4384 pasceris
3276 4327 3307 4365 a
3350 4313 3462 4366 Deo
3499 4311 3558 4368 in

1981 4410 2140 4463 honis
2168 4407 2313 4478 ejus,
2341 4408 2416 4461 ita
2451 4415 2510 4461 ut
2556 4407 2790 4463 utilibus
2819 4406 3046 4471 fruaris,
3080 4412 3137 4460 et
3174 4420 3203 4458 a
3241 4405 3418 4460 noxiis
3446 4419 3555 4459 non

1980 4500 2218 4555 laedaris.

2057 4590 2225 4647 Vens.
2259 4593 2314 4647 4.
2346 4592 2614 4648 Deliciare
2638 4593 2690 4647 in
2726 4591 2968 4646 Domino.
3001 4591 3313 4657 Delectare,
3353 4590 3552 4661 inquit,

1981 4684 2037 4739 in
2071 4683 2322 4747 Domino,
2358 4700 2456 4754 per
2483 4685 2807 4738 immensam
2839 4683 3099 4737 nimirum
3133 4691 3298 4751 atque
3329 4682 3557 4737 insatia-

1903 4783 1949 4839 ι)
1980 4777 2144 4832 bilem
2177 4778 2299 4846 ejus
2315 4776 2688 4837 dilectionem,
2724 4781 2818 4828 aut
2846 4788 2945 4843 per
2976 4773 3362 4843 inexplebilem
3393 4787 3555 4827 man-

1975 4871 2230 4925 datorum
2247 4868 2386 4938 ejus.
2423 4882 2488 4922 ac
2518 4867 2719 4921 divina:
2761 4866 2900 4936 legis
2922 4865 3479 4935 contemplationem.

2050 4959 2116 5013 Et
2169 4960 2255 5013 det
2307 4958 2405 5011 tibi
2446 4959 2719 5026 petitiones
2753 4958 2927 5011 cordis
2961 4957 3060 5010 tui.
3122 4955 3244 5028 Δῴη
3296 4956 3404 5020 det,
3454 4969 3555 5025 pro

1971 5050 2167 5114 Δὼσει,
2199 5049 2371 5113 dabit,
2437 5048 2741 5119 Optativuni
2791 5064 2890 5117 pro
2940 5047 3150 5103 futuro.
3213 5048 3351 5100 Cum
3406 5046 3553 5099 enim

1972 5143 2170 5212 diligas
2202 5141 2393 5202 Deum.
2421 5142 2556 5195 nihil
2587 5141 2655 5195 ab
2678 5156 2743 5197 eo
2772 5141 3061 5211 indignum
3097 5138 3424 5209 postulahis.

2045 5232 2212 5290 Vens.
2267 5234 2318 5288 5.
2376 5232 2565 5288 Revela
2619 5232 2843 5287 Domino
2876 5233 3015 5287 viam
3055 5242 3220 5285 tuam.
3257 5228 3362 5282 Per
3407 5226 3549 5281 viam

1975 5341 2123 5381 nunc
2162 5325 2640 5381 conversationem
2706 5339 2770 5378 ac
2811 5324 2933 5379 vita:
2988 5338 3238 5379 normam
3271 5300 3585 5389 intelligit,‘

1975 5433 2137 5488 quam
2200 5416 2514 5473 visitatione
2565 5432 2630 5473 ac
2685 5416 2937 5474 custodia
2992 5415 3087 5468 Dei
3147 5412 3370 5481 dignam
3431 5411 3550 5464 ﬁeri

461 5484 583 5580 ὁδον
625 5486 892 5580 δικαίων·
947 5493 1041 5552 καὶ
1091 5492 1243 5565 ζήτει
1285 5497 1618 5571 σαφέστερον
1674 5500 1757 5565 είς
1804 5502 1866 5556 τὺ

1979 5484 2146 5579 jubet.
2190 5507 2352 5563 Novit
2387 5510 2533 5564 enim
2584 5510 2844 5563 Dominus
2882 5508 2997 5563 vias
3039 5506 3313 5576 justort‘im
3364 5504 3432 5559 ⁸⁸.
3474 5502 3549 5559 De

284 5572 446 5637 τέλος
484 5576 578 5628 τοῦ
610 5578 832 5647 πρώτου
861 5582 1095 5655 ψαλμοῦ.

351 5692 403 5749 ⁸⁸9
434 5690 580 5772 ξἐκιιιι.
613 5712 658 5772 ι,
677 5695 729 5768 ϐε

1974 5613 2084 5667 quo
2106 5596 2252 5661 vide,
2281 5613 2404 5667 qua:
2428 5598 2574 5654 circa
2605 5598 2766 5654 tinent
2809 5596 2970 5668 primi
3002 5595 3367 5668 psalmidicta
3392 5604 3541 5650 sunt.
