4072 6202
454 260 560 324 4ὶὸ

1690 258 2071 319 ΕΗΊἩΥΜΙΙ
2112 258 2471 317 ZlGABENl

3614 251 3720 317 HG

530 370 695 439 Spera
747 370 799 420 iu
834 385 914 424 eo.
959 368 1168 423 Rursus
1210 382 1359 437 spem
1422 366 1721 437 protendit,
1782 374 2037 435 tauquam

2216 366 2324 421 Καὶ
2353 368 2614 421 ἐλπίσω·
2640 368 2735 420 ἐπ’
2767 368 2976 421 αὐτόν.
3014 366 3183 419 Πάλιν
3242 367 3338 435 τὴν
3368 365 3558 418 ἐλπίδα
3587 384 3720 436 προ-

457 460 831 514 uecessariam
860 460 924 512 iis
946 459 1034 528 qui
1061 460 1113 512 iu
1140 459 1531 514 afﬂictionibus
1564 466 1692 514 sunt
1718 458 2036 523 constituti;

461 554 579 605 sola
616 552 760 604 enim
796 566 923 616 spes
963 552 1162 605 minuit
1192 553 1438 607 dolores.

534 641 601 694 Et
630 643 740 710 ipse
790 643 971 710 faciet.
1041 642 1227 699 Faciet
1283 643 1569 707 nimirum,
1620 658 1741 714 quae
1779 643 1942 715 petis,
1989 651 2044 699 et

455 750 576 803 qua!
614 732 952 787 conducunt.
1057 732 1064 740 ’

537 824 697 879 Vens.
736 824 790 878 6.
825 824 893 878 Et
924 826 1107 880 educet
1158 826 1313 896 quasi
1351 825 1525 879 lumen
1563 825 1839 894 justitiam
1871 832 2041 881 tuam.

457 919 678 972 Justitia
714 919 818 971 hoc
875 920 928 972 in
982 919 1105 974 loco
1156 921 1422 974 summula
1486 927 1572 974 est
1615 935 1713 989 pro
1737 918 1889 989 justa
1919 934 2046 975 scn-

458 1012 654 1066 tentia.
689 1010 755 1063 Et
791 1011 1011 1077 educet,
1047 1012 1253 1081 inquit,
1278 1011 1486 1082 justam
1514 1011 1582 1066 de
1607 1022 1658 1066 te
1690 1011 2041 1076 sententiam,

461 1102 795 1171 lnminisque
831 1103 1119 1172 cujusdam
1152 1096 1327 1159 instar
1374 1102 1673 1173 fulgentem
1722 1118 1786 1157 ac
1816 1103 2041 1172 conspi-

460 1206 620 1243 cuam
716 1206 903 1245 coram
961 1193 1218 1247 omnibus
1285 1194 1603 1248 constituet.
1669 1195 1836 1246 Pater
1898 1202 2042 1257 tuus,

460 1283 642 1351 inquit
694 1283 849 1350 alibi,
901 1284 991 1351 qui
1044 1284 1178 1337 videt
1229 1285 1282 1336 in
1324 1284 1552 1348 occulto,
1603 1284 1788 1338 reddet
1846 1284 1941 1338 tibi
1988 1285 2046 1338 in

463 1375 744 1444 manifesto
772 1373 843 1427 ⁸⁷.
868 1372 965 1429 Vel
999 1374 1189 1429 aﬁ‘eret
1218 1376 1473 1430 virtutem
1508 1384 1655 1428 tuam
1696 1376 1750 1428 in
1780 1375 2042 1437 medium,

461 1466 750 1536 divulgaus
780 1481 897 1521 eam
937 1467 1093 1534 quasi
1158 1482 1357 1535 purum
1413 1466 1619 1528 lumen,
1653 1477 1706 1520 et
1737 1465 2046 1531 prmdicans

464 1560 516 1610 in
556 1565 805 1625 tempore
856 1568 1191 1626 opportuno.

539 1648 603 1701 Et
632 1649 897 1717 judicium
953 1658 1098 1702 tuum
1148 1656 1401 1719 tauquam
1454 1650 1749 1706 meridiem.
1790 1650 2046 1706 Eamdem

2141 459 2331 524 τείνει,
2380 459 2456 521 ὡς
2491 459 2795 526 ἀναγκαίαν
2842 461 2956 522 τοῖς
3009 459 3069 511 ἐν
3107 456 3318 526 θλίψεσι
3352 474 3368 488 °
3429 459 3567 529 μόνη
3616 459 3724 529 γὰρ

2144 551 2330 613 αὐτοῖς
2355 550 2699 618 ἐπικουφίζει
2731 550 2792 602 τὸ
2827 550 3013 617 ἄλγος.

2215 647 2322 701 Καὶ
2352 644 2535 711 αὐτὸς
2569 644 2833 711 ποιήσει.
2860 644 3082 714 Ποιὴσει
3114 642 3150 697 ἂ
3187 638 3449 707 ἐλπίζεις,
3474 640 3509 695 ἃ.
3531 643 3722 706 αἰτεῖς,

2142 740 2177 795 ἃ
2204 739 2495 809 συμφέρει.

2228 830 2491 895 Ἐξοίσει
2520 829 2600 893 ὠς
2620 827 2747 896 φῶς
2780 827 2895 891 τὴν
2925 826 3331 892 δικαιοσύνην
3346 842 3483 879 σου.
3509 828 3729 878 Amato-

2146 925 2312 992 σύνην
2344 921 2577 977 ἐνταῦθα
2624 920 2861 989 ληπτέον
2899 920 2997 989 τὴν
3041 919 3256 972 δικαίαν
3288 920 3583 987 ἀπόφασιν.
3618 919 3728 973 Καὶ

2145 1016 2430 1088 ἐξενέγκῃ,
2467 1014 2626 1084 φησὶ,
2659 1014 2757 1084 τὴν
2808 1014 2959 1083 παρά
3012 1012 3106 1067 σοῦ
3163 1013 3380 1066 δικαίαν
3429 1015 3725 1081 ἀπόφασιν,

2145 1110 2222 1173 ὡς
2251 1109 2365 1178 φῶς
2404 1108 2666 1179 λαμπρὰν
2702 1107 2934 1161 ἐνώπιον
2963 1108 3240 1163 ἁπάντων.
3279 1107 3341 1161 '0
3372 1106 3577 1173 Πατήρ
3610 1121 3728 1160 σου

2146 1200 2276 1273 γὰρ.
2310 1201 2495 1271 φησὶν,
2530 1202 2563 1254 ὁ
2602 1200 2856 1264 ,βλέπων
2886 1200 2956 1253 ἐν
2993 1198 3073 1264 τῷ
3121 1198 3382 1266 κρυπτῷ,
3430 1196 3731 1253 ἀποδώσει

2148 1310 2246 1349 σοι
2280 1294 2349 1347 ἐν
2377 1291 2457 1358 τῷ
2502 1291 2761 1361 φανερῷ.
2804 1293 2876 1345 Ἢ
2923 1291 3183 1362 ἐξενέγκῃ
3228 1290 3327 1361 τὴν
3385 1292 3587 1361 ἀρετήν
3635 1308 3731 1342 σου

2148 1387 2226 1447 είς
2256 1386 2317 1436 τὸ
2346 1384 2532 1454 μέσον,
2590 1383 2665 1447 ὡς
2713 1383 2828 1451 φῶς
2884 1382 3127 1452 καθαρὸν
3158 1382 3498 1451 δημοσιεύων
3536 1381 3731 1451 αὐτὴν,

2148 1477 2242 1529 καὶ
2264 1474 2656 1544 ἀνακηρύττων
2685 1477 2741 1526 ἐν
2770 1474 2948 1545 καιρῷ
2977 1473 3055 1544 τῷ
3088 1475 3448 1544 προσήκοντι.

2221 1651 2331 1706 Καὶ
2366 1650 2432 1703 τὸ
2464 1649 2639 1719 κρῖμά
2699 1665 2816 1703 σου
2864 1648 2944 1715 ὡς
2998 1648 3399 1718 μεσημϐρίαν.
3446 1648 3514 1701 Ἦ
3542 1648 3737 1703 ταύτὸν

467 1742 666 1809 repetit
700 1741 1053 1795 sententiam.
1094 1739 1351 1795 Meridies
1376 1743 1521 1795 enim
1556 1758 1691 1809 pura
1740 1751 1789 1797 et
1831 1744 2049 1798 sincera

2168 1744 2301 1812 ’.έγει
2330 1745 2394 1811 τῇ
2425 1741 2665 1812 προτέρᾳ
2688 1742 2967 1811 ἐξηγήσει,
2990 1743 3058 1811 τῇ
3097 1740 3225 1809 περὶ
3245 1743 3345 1808 τῆς
3375 1739 3701 1807 ἀποφάσεως
3720 1752 3733 1765 '

465 1840 551 1884 est
607 1847 670 1886 ac
702 1831 1105 1902 fulgentissima
1134 1831 1241 1886 diei
1279 1832 1395 1887 lux.
1422 1832 1518 1887 Vel
1555 1833 1750 1889 educet
1776 1833 2047 1903 judicium

468 1934 619 1976 tuum
656 1965 670 1989 ,
730 1924 834 1978 hoc
886 1931 993 1988 est,
1045 1924 1523 1979 conversationem
1570 1940 1635 1979 ac
1682 1926 1848 1979 vitam
1903 1926 2051 1980 illam

466 2033 631 2084 quam
692 2016 902 2087 judicio
960 2025 1059 2073 tuo
1128 2017 1227 2071 tibi
1287 2019 1603 2073 sectandam
1662 2020 2052 2089 proposuisti,

469 2108 790 2173 publicabit,
823 2117 880 2163 et
914 2109 1174 2164 omnibus
1202 2118 1385 2165 notam
1426 2111 1614 2174 faciet,
1651 2118 1710 2164 ut
1742 2111 2051 2166 meridiem.

470 2198 727 2255 Meridies
778 2200 925 2255 enim
988 2201 1248 2256 omnibus
1305 2209 1388 2256 est
1457 2201 1818 2266 manifestus,
1887 2202 2053 2256 veluti

470 2289 911 2356 splendidissima
952 2305 1016 2342 ac
1039 2291 1421 2345 lucentissima
1452 2292 1558 2345 diei
1589 2308 1737 2361 pars.

541 2379 795 2433 Subditus
841 2388 953 2433 esto
1010 2380 1258 2433 Domina.
1307 2380 1546 2436 Servans
1603 2383 1860 2436 nimirum
1914 2384 2058 2439 illius

473 2474 754 2537 mandata,
786 2482 839 2526 et
875 2487 982 2526 non
1009 2487 1154 2542 aegre
1208 2472 1389 2528 ferens
1428 2473 1635 2543 ﬂagella
1671 2474 1739 2529 ab
1772 2490 1837 2529 eo
1870 2476 2055 2536 missa,

473 2563 566 2615 sed
599 2563 804 2632 gratias
859 2562 908 2615 ei
962 2578 1151 2633 agens,
1209 2565 1366 2633 quasi
1421 2565 1694 2621 erudienti
1748 2575 1801 2621 te
1846 2580 1912 2620 ac
1964 2580 2060 2620 ca-

473 2651 725 2719 stigauti.

544 2739 613 2794 Et
660 2758 754 2795 ora
788 2757 928 2797 euut.
967 2741 1038 2799 Ut
1080 2742 1298 2799 scilicet
1326 2745 1658 2802 misereatur
1712 2747 1791 2802 tui
1836 2758 1889 2803 et
1930 2762 2060 2819 pro-

473 2841 620 2902 tegat
662 2842 733 2888 te.

547 2924 709 2979 Vens.
749 2925 799 2979 7.
836 2924 917 2979 Ne
949 2928 1215 2982 mmuleris
1262 2930 1317 2981 in
1358 2946 1440 2991 eo,
1499 2931 1588 2998 qui
1625 2943 1972 3001 prosperatur
2006 2933 2061 2985 in

2157 1832 2511 1903 μεσημϐρίαν
2569 1832 2678 1901 γὰρ
2736 1832 2796 1884 τὸ
2844 1831 3146 1902 ἀκραιφνὲς
3199 1831 3297 1883 καὶ
3351 1831 3588 1899 ἀκμαῖον
3642 1827 3739 1880 τοῦ

2155 1924 2334 1992 φωτὸς
2368 1923 2465 1992 τῆς
2492 1921 2704 1991 ἡμέρας
2732 1941 2743 1952 ο
2780 1922 2813 1987 ἢ
2844 1922 3004 1976 πάλιν
3055 1921 3128 1977 Τὸ
3166 1921 3346 1991 κρῖμά
3388 1938 3528 1985 σου,
3581 1937 3739 1973 τουτο

2158 2016 2325 2079 ἐστιν,
2373 2014 2476 2068 Ἦν
2507 2014 2728 2083 ἔκρινας
2761 2015 2855 2067 καὶ
2885 2013 3029 2066 εἵλου
3081 2013 3383 2075 πολιτείαν,
3426 2010 3741 2083 δημοσιεύει

2157 2107 2233 2170 ὡς
2262 2105 2611 2177 μεσημϐρίαν
2639 2123 2655 2140 ο
2688 2106 2822 2159 πᾶσι
2852 2105 3016 2175 γάρή
3056 2103 3375 2175 μεσημϐρία
3410 2102 3743 2173 κατάδηλος,

2158 2193 2246 2251 οἶα
2270 2198 2656 2269 λαμπροτάτη.

2240 2374 2605 2443 ’Υποτάγηοι
2646 2374 2724 2438 τῷ
2776 2374 2994 2440 Κυρίῳ.
3027 2372 3318 2427 Φυλάττων
3364 2372 3462 2433 τὰς
3522 2371 3746 2433 ἐντολὰς

2161 2466 2326 2520 αὐτοῦ
2355 2483 2369 2497 ο
2413 2468 2444 2536 ἢ
2485 2467 2581 2518 καὶ
2616 2465 2687 2535 μὴ
2727 2464 3142 2535 δυσανασχετῶν
3176 2466 3313 2536 πρὸς
3342 2465 3437 2526 τὰς
3465 2462 3746 2533 ἐπαγομέ-

2160 2575 2259 2621 νας
2291 2557 2586 2627 μάστιγας,
2617 2556 2732 2609 ἀλλ’
2763 2557 3106 2628 εὐχαριστῶν
3138 2556 3465 2610 παιδεύοντι.

2234 2740 2340 2796 Kal
2371 2741 2688 2795 ἱκέτευσον
2723 2740 2932 2796 αὐτόν.
2968 2741 3132 2795 Ὥστε
3163 2739 3454 2811 ἐλεηθῆναι
3487 2739 3579 2792 καὶ
3619 2756 3738 2792 σκεο

2164 2834 2460 2905 πασθῆναι.

2236 2926 2332 2993 Μὴ
2381 2922 2726 2994 παραζήλου
2776 2924 2846 2978 ἐν
2891 2922 2971 2989 τῷ
3016 2922 3505 2993 κατευοδουμένῳ
3554 2922 3625 2976 ἐν
3671 2921 3749 2991 τῇ

477 3015 561 3067 via
592 3032 714 3077 sua,
743 3016 797 3069 in
826 3017 1036 3072 homine
1069 3019 1299 3087 faciente
1345 3018 1703 3088 iniquitatem.
1734 3022 1860 3076 Haec
1895 3024 2057 3077 verba

2168 3020 2283 3086 ὀδῷ
2338 3019 2547 3083 αὑτοῦ,
2585 3019 2654 3071 ἐν
2691 3017 2982 3085 ἀνθρώπῳ
3033 3016 3311 3071 ποιοῦντι
3346 3018 3745 3084 παρανομίαν.

475 3107 728 3161 eumdem
764 3122 989 3164 sensum
1024 3111 1249 3176 habent,
1286 3129 1452 3183 quam
1493 3115 1624 3168 illa:
1679 3113 1763 3168 Ne
1795 3115 2061 3169 (emuleris

476 3201 532 3252 in
567 3200 1009 3269 malignantibus,
1062 3220 1228 3274 neque
1273 3208 1542 3262 armuleris
1580 3207 1834 3273 facientes
1869 3209 2066 3278 iniqui-

474 3300 674 3343 tatem:
706 3305 895 3343 verum
932 3293 1211 3361 apertiora
1250 3305 1398 3349 sunt.
1437 3297 1521 3361 Et,
1557 3299 1685 3350 dum
1723 3298 1798 3351 ait
1836 3314 1850 3350 :
1889 3296 1955 3350 In
1981 3313 2063 3363 eo,

472 3383 570 3450 qui
604 3394 948 3451 prosperatur
1003 3387 1058 3438 iu
1110 3388 1194 3440 via
1246 3404 1366 3453 sua,
1423 3390 1677 3445 distinxit
1709 3390 1776 3446 de
1823 3407 2063 3460 quonam

486 3476 795 3544 loquatur:
860 3476 929 3530 de
984 3477 1193 3546 injusto
1253 3480 1539 3535 nimirum.
1591 3480 1727 3535 Nam
1796 3483 2063 3553 alioquin,

478 3566 529 3618 si
582 3566 774 3634 justus
835 3567 929 3633 sit,
963 3568 1055 3638 qui
1093 3580 1478 3640 prosperatur,
1540 3564 1745 3628 imitari
1795 3589 1919 3629 eum
1976 3575 2065 3630 de-

480 3659 697 3712 bemus.

560 3749 727 3806 Vens.
761 3752 813 3807 8.
857 3738 1049 3808 Desine
1090 3756 1155 3808 ab
1193 3756 1297 3817 ira,
1349 3764 1400 3809 et
1453 3757 1753 3828 derelinque
1813 3762 2066 3827 [urorem.

488 3841 623 3894 Cum
660 3842 835 3907 vides,
888 3844 1089 3913 inquit,
1143 3844 1384 3914 injnslos
1432 3846 1685 3902 homines
1738 3849 1791 3903 in
1826 3851 2070 3904 secunda

488 3947 612 3991 esse
645 3932 890 3999 fortuna,
947 3936 1059 3989 noli
1123 3937 1309 4000 irasci,
1367 3946 1463 3991 aut
1494 3937 1767 4008 indignari
1796 3956 1923 4011 erga
1954 3957 2072 4005 eos,

493 4024 653 4089 quasi
683 4033 879 4094 praeter
907 4025 960 4080 id
995 4036 1412 4096 prosperentur,
1440 4028 1587 4097 quod
1621 4044 1718 4098 par
1740 4038 1825 4084 est
1852 4048 1865 4083 :
1898 4047 2075 4097 neque

492 4121 670 4167 tecum
697 4113 816 4182 ipse
851 4114 984 4169 illud
1030 4116 1244 4181 doleas,
1298 4118 1445 4186 quod
1489 4118 1560 4173 ob
1609 4132 1886 4171 summum
1921 4127 2073 4173 tuum

491 4217 619 4271 erga
674 4202 908 4257 virtutes
963 4219 1200 4257 amorem
1266 4205 1452 4274 potius
1511 4204 1786 4259 infelicior
1842 4205 1944 4259 sis.
1995 4204 2075 4258 Ira

494 4298 673 4345 autem
698 4301 752 4344 et
779 4292 1087 4362 indignatio
1120 4293 1209 4347 hic
1239 4293 1382 4348 idem
1422 4292 1737 4361 significant
1764 4311 1777 4347 :
1810 4309 1999 4346 verum
2031 4295 2074 4349 si

2165 3114 2352 3168 Ταῦτα
2381 3112 2578 3166 ταύτδν
2631 3111 2729 3179 μὲν
2787 3109 3043 3163 δύνανται
3098 3109 3215 3178 τῷ’
3269 3110 3365 3175 Μὴ
3402 3107 3750 3177 παραζήλου

2165 3207 2234 3260 ἐν
2267 3202 2800 3271 πονηρευομένοις,
2833 3201 2989 3270 μηδέ
3021 3201 3208 3266 ζήλου
3255 3201 3397 3266 τοὺς
3427 3199 3751 3264 ποιοῦντας

2167 3297 2283 3362 τὴν
2321 3296 2578 3363 ἀνομίαν
2604 3311 2618 3324 υ
2663 3296 2870 3345 κεῖνται
2908 3292 2963 3344 δὲ
3000 3292 3404 3363 φανερώτερον.
3456 3291 3641 3344 Εἰπὼν
3669 3291 3752 3353 δέ,

2167 3390 2273 3444 Ἐν
2293 3389 2372 3453 τῷ
2395 3384 2884 3455 κατευοδουμένφ
2911 3383 2981 3438 ἐν
3013 3384 3086 3452 τῇ
3114 3383 3237 3450 ὀδῷ
3263 3383 3470 3449 αὐτοῦ,
3492 3384 3757 3436 διέστειλε

2170 3480 2298 3549 περὶ
2331 3480 2487 3531 ποίου
2538 3477 2712 3544 λέγει,
2769 3476 2851 3528 ὅτι
2909 3476 3042 3546 περὶ
3094 3474 3190 3527 τοῦ
3249 3473 3574 3545 παρανόμου
3607 3487 3623 3503 ⁸
3658 3471 3758 3523 τὸν

2170 3570 2280 3640 γὰρ
2310 3570 2518 3622 δίκαιον
2546 3566 2902 3637 εὐοδούμενον
2943 3564 3230 3636 μιμεῖσθαι
3276 3563 3475 3634 χρεών.

2243 3748 2483 3803 Παῦσαι
2537 3745 2659 3800 ἀπὸ
2711 3742 2930 3812 ὀργῆς,
2979 3742 3080 3796 καὶ
3134 3740 3499 3811 ἐγκατάλιπε
3540 3740 3757 3808 θυμόν.

2174 3840 2399 3893 Βλέπων
2444 3838 2573 3899 τοὺς
2619 3835 2842 3897 ἀδίκους
2895 3832 3330 3903 εὐημεροῦντας,
3385 3831 3458 3901 μὴ
3507 3830 3756 3900 ὀργίζου,

2178 3930 2315 4002 μηδὲ
2375 3929 2572 3998 θυμοῦ,
2644 3928 2780 3997 μήτε
2838 3926 2961 3978 κατ’
3019 3924 3239 3989 αὐτῶν,
3288 3923 3364 3987 ὡς
3418 3924 3548 3993 παρ’
3602 3922 3760 3986 ἀξίαν

2177 4020 2570 4090 εὐτυχούντων,
2604 4019 2745 4089 μήτε
2774 4015 2915 4070 κατά
2956 4014 3209 4080 σεαυτοῦ,
3258 4014 3333 4076 ὡς
3372 4015 3461 4066 διά
3492 4013 3553 4065 τὸ
3582 4013 3762 4080 φιλεῖν

2176 4114 2277 4184 τὴν
2308 4110 2509 4182 ἀρετὴν
2557 4108 2759 4179 μᾶλλον
2789 4106 3207 4175 δυστυχοῦντος.
3270 4104 3367 4157 Ἐκ
3410 4103 3762 4173 παραλλήλου

2177 4206 2233 4258 δὲ
2266 4203 2360 4259 νῦν
2392 4204 2531 4273 ὀργὴ
2563 4203 2656 4254 καὶ
2681 4199 2850 4269 θυμός
2885 4214 2900 4231 °
2944 4200 2993 4251 εί
3038 4197 3095 4251 δὲ
3126 4197 3222 4249 καὶ
3253 4195 3517 4267 διαφορὰν
3554 4196 3759 4265 ζητεῖς.

2181 4296 2436 4366 εὑρήσεις
2473 4294 2531 4346 ἐν
2562 4293 2705 4363 ἀρχῇ
2737 4290 2832 4343 τοῦ
2866 4290 3027 4343 ἕκτου
3058 4287 3301 4358 ψαλμοῦ.

491 4395 682 4434 eorum
716 4380 1084 4436 diil‘ereutiam
1123 4383 1351 4449 quaeris,
1416 4383 1538 4437 vide
1581 4399 1706 4453 qua:
1753 4385 2079 4453 exponendo
2113 4389 2154 4443 D

496 4474 801 4527 dixerimus
832 4474 1349 4544 circagpriueipium
1385 4477 1525 4529 sexti
1564 4477 1786 4545 psalmi.

570 4560 653 4614 Ne
706 4562 999 4627 azmuleris,
1059 4572 1113 4615 nt
1149 4564 1479 4633 maligueris.
1536 4563 1675 4629 Quia
1733 4580 1932 4633 pravos
1976 4565 2074 4619 ali-

497 4656 742 4722 quando,
780 4664 833 4710 et
881 4656 1182 4725 aliquando
1228 4658 1406 4714 bonos
1451 4658 1800 4721 :emulainur,
1841 4658 2072 4727 primam

499 4746 863 4801 aamulationis
916 4748 1150 4816 speciem
1222 4749 1444 4803 avertit.
1507 4746 1642 4802 Nam
1696 4749 1943 4803 mutulari
2008 4748 2075 4801 ad

504 4839 743 4902 bonum,
788 4849 998 4892 rectum
1055 4849 1162 4895 est.
1217 4840 1283 4894 Et
1341 4841 1631 4896 considera
1696 4841 1973 4911 quomodo
2026 4841 2079 4893 in

501 4930 780 4999 principio
825 4931 1019 5000 psalmi
1069 4933 1361 4987 obscurius
1393 4934 1707 5001 hujusmodi
1758 4933 2084 4988 admonitio-

500 5037 629 5074 nem
678 5022 922 5088 tradidit,
973 5033 1028 5078 et
1085 5025 1363 5093 quomodo
1404 5025 1666 5094 deinceps
1716 5026 2080 5095 procedendo,

500 5113 787 5180 aliquanto
813 5128 933 5167 eam
966 5114 1209 5182 apertius
1240 5116 1561 5180 declaravit,
1595 5129 1659 5168 ac
1690 5131 1836 5169 nunc
1863 5115 2079 5169 tendent

506 5203 726 5271 plenius
787 5202 1135 5257 manifestam
1194 5203 1344 5258 facit.
1400 5203 1602 5258 Eadem
1657 5212 1840 5257 autem
1887 5203 2088 5270 saepius

510 5295 704 5364 repetit
735 5292 1033 5364 I’rOpheta,
1063 5302 1118 5349 et
1151 5310 1318 5364 supra
1347 5303 1513 5364 atque
1565 5294 1704 5348 infra
1743 5308 1805 5347 ea
1840 5294 2089 5359 revolvit,

820 5388 922 5443 hac
988 5388 1264 5443 sermonis
1331 5388 1695 5458 perpetuitate
1745 5387 1955 5441 firmam
2026 5400 2088 5440 ac

503 5402 744 5454 sperans

508 5478 766 5535 stabilem
796 5477 1110 5532 doctrinam
1143 5479 1195 5532 in
1230 5479 1544 5533 auditorum
1572 5493 1736 5533 aures
1768 5476 2086 5530 immittere.

514 5570 723 5627 ilzinde
749 5570 901 5639 ponit
936 5586 1183 5638 causam,
1220 5588 1388 5645 quare
1425 5570 1836 5641 maliguandum
1868 5584 1975 5624 non
2000 5568 2088 5624 sit.

576 5683 625 5716 ³⁷
660 5681 851 5739 Matth.
891 5701 964 5751 vn,
994 5684 1046 5739 ι.

2256 4559 2351 4625 Μὴ
2423 4554 2771 4625 παραζήλου
2838 4553 2993 4607 ὥστε
3072 4540 3552 4621 πονηρεύεσθαι.
3611 4548 3764 4603 Ἐπεὶ

2188 4649 2497 4721 παραζηλοῖ
2555 4664 2639 4709 τις
2685 4646 2783 4698 καὶ
2838 4645 2916 4707 είς
2974 4643 3214 4713 πονηρὸν
3267 4644 3364 4696 καὶ
3416 4640 3642 4709 ἀγαθὸν,
3704 4639 3767 4690 τὸ

2187 4744 2402 4814 πρῶτον
2460 4739 2804 4809 ἀποτρέπει·
2868 4736 2930 4788 τδ
3004 4735 3113 4804 γὰρ
3170 4733 3559 4805 παραζηλοῦν,
3622 4733 3764 4785 ὥστε

2189 4830 2612 4905 χρηστεύεσθαι,
2647 4829 2812 4884 καλόν
2843 4830 3012 4881 ἐστιν.
3042 4830 3185 4897 Ὅρα
3218 4828 3276 4880 δὲ
3318 4829 3467 4891 ὅπως
3512 4828 3571 4879 ἐν
3620 4828 3765 4895 ἀρχῇ

2184 4925 2265 4987 τὸ,
2309 4921 2404 4987 Μὴ
2436 4918 2803 4988 παραζήλου,
2834 4917 3177 4985 δύσφραστον
3212 4916 3424 4970 τέθεικε
3452 4934 3466 4949 ·
3508 4934 3761 4986 παρακα»

2187 5008 2318 5061 τιὼν
2377 5007 2457 5071 δὲ,
2523 5004 2863 5076 σαφέστερον
2920 5004 3053 5057 αὐτὸ
3098 5005 3497 5075 κπροστέθηκε·
3564 5004 3659 5058 νῦν
3711 5005 3769 5057 δέ

2186 5100 2366 5154 τέλεον
2434 5098 2566 5152 αὐτὸ
2636 5098 2983 5167 ἐσαφήνισεν.
3049 5096 3319 5159 Πολλάκις
3368 5098 3425 5151 δέ
3492 5099 3564 5151 τὰ
3629 5099 3771 5153 αὐτὰ

2191 5195 2360 5264 λέγει,
2417 5194 2509 5245 καὶ
2566 5192 2678 5245 ἄνω
2721 5191 2818 5242 καὶ
2876 5188 3027 5243 κάτω
3077 5189 3336 5259 στρέφει,
3398 5189 3622 5259 βεϐαίαν
3672 5190 3771 5259 τὴν

2191 5284 2541 5340 διδασκαλίαν
2574 5283 2695 5344 ταῖς
2729 5280 2838 5334 τῶν
2885 5278 3171 5350 ἀκροατῶν
3215 5279 3417 5351 ψυχαῖς
3460 5270 3768 5352 ἐναπεργά-

2196 5379 2393 5433 σασθαι
2436 5376 2525 5431 διὰ
2569 5375 2666 5443 τῆς
2719 5372 3000 5442 συνεχείας
3031 5373 3583 5442 πραγματευόμενος.
3636 5369 3773 5429 Εἶτα

2196 5471 2376 5543 τίθησι
2416 5469 2507 5523 καὶ
2549 5466 2646 5536 τὴν
2677 5463 2857 5518 αἰτίαν
2886 5461 2981 5515 τοῦ
3019 5462 3092 5533 μὴ
3127 5462 3236 5516 δεῖν
3274 5463 3696 5534 πονηρεύεσοαι.
