4072 6202
536 301 644 364 419

1778 283 2159 356 EUTHYMII
2186 281 2556 352 ZIGABENI

3691 279 3800 343 420

536 418 706 475 veluti
771 419 840 473 iis
898 417 992 488 qui
1055 417 1204 486 pravi
1255 415 1669 496 erant._0n:nis
1737 413 1908 475 enim,
1943 409 2121 480 inquit

2231 422 2472 474 χαιραν,
2494 405 2564 457 ἐν
2589 401 2855 471 μαχαιζρᾳ
2889 398 3298 456 ἀποθανεῖται.
3343 392 3465 448 Εἶεν
3496 395 3541 447 δ’
3571 395 3638 448 ἂν
3671 397 3800 465 ῥομ-

537 511 827 580 Domintts,
861 509 949 576 qui
995 509 1252 576 acceperit
1286 507 1546 578 gladium,
1595 504 1775 575 gladio
1836 503 2021 572 peribit
2050 502 2118 552 ⁸⁸.

543 600 771 654 Gladius
805 608 1066 667 praetcrea
1099 605 1154 651 et
1195 612 1359 652 arcus
1387 597 1562 667 accipi
1589 595 1677 650 hic
1741 605 1972 665 possunt
2022 608 2121 663 pro

544 694 729 760 lingua
761 690 1150 760 malignorum.
1192 690 1382 744 Dentes
1415 690 1562 744 enim
1595 704 1802 751 eorum,
1839 687 1970 740 alibi
2039 689 2122 740 in-

538 780 680 847 quit,
709 795 861 832 arma
915 788 964 832 et
993 780 1223 849 sagittae,
1255 787 1304 832 et
1335 779 1519 849 lingua
1543 793 1724 832 eorum
1749 774 1962 847 gladius
1989 793 2118 830 acu-

540 881 623 924 tus
647 872 716 924 ⁸⁸.
741 870 967 940 Propria
1003 872 1168 943 igitur
1204 872 1384 942 llngua
1423 887 1520 927 eos
1545 871 1862 929 interﬁciet.
1891 880 1945 924 et
1978 870 2120 925 labia

537 977 730 1015 eorum
759 972 934 1015 morte
965 962 1409 1030 exstinguentur.

607 1053 777 1108 Vens.
813 1053 900 1109 16.
975 1053 1171 1108 Melius
1196 1064 1274 1108 est
1308 1055 1574 1108 modicum
1599 1054 1750 1122 justo
1790 1069 1950 1122 super
1981 1051 2120 1106 clivi-

540 1146 644 1199 tias
672 1156 1006 1214 peccatorum
1039 1147 1258 1202 multas.
1299 1147 1500 1200 Verum
1532 1148 1706 1201 multo
1749 1147 1947 1200 melius
1981 1144 2121 1213 aju-

537 1246 623 1289 sto
683 1237 904 1292 homine
953 1253 1077 1292 esse
1141 1247 1402 1292 censetur
1456 1236 1734 1290 modicum
1785 1235 1916 1306 quid
1973 1235 2123 1304 juste

539 1340 790 1396 partum:
827 1339 992 1399 atque
1046 1331 1171 1384 ideo
1234 1332 1394 1400 plura
1462 1344 1569 1384 non
1603 1329 1808 1399 appetit
1867 1343 1992 1381 cum
2037 1327 2122 1381 in-

533 1420 770 1487 justitia.
838 1420 1044 1476 llorum
1115 1423 1298 1492 itaque
1351 1421 1670 1476 felicitatem
1729 1420 1973 1475 mmulari
2021 1435 2122 1474 nos

540 1522 782 1580 oportet.

611 1601 777 1656 Vens.
813 1603 900 1656 17.
960 1602 1102 1668 Quia
1143 1603 1360 1656 brachia
1412 1605 1704 1672 peccatoris
1761 1611 2118 1658 conterentur.

542 1693 770 1747 Brachia
816 1695 957 1748 vires
1015 1695 1330 1763 appellavit,
1365 1696 1417 1748 in
1445 1694 1646 1764 quibus
1678 1704 1790 1748 tota
1816 1710 1956 1764 pene
1989 1709 2119 1764 ope-

542 1786 694 1839 raudi
729 1802 793 1841 ac
823 1786 1024 1841 laboris
1063 1789 1146 1841 vis
1171 1787 1448 1841 consistit.

611 1878 904 1946 Conﬁrmat
939 1889 1113 1932 autem
1138 1879 1320 1948 justas
1359 1878 1644 1933 Dominus.
1680 1877 1920 1934 chatos
1957 1879 2122 1932 nitui-

543 1986 660 2022 rum
693 1972 758 2024 ab
784 1971 1012 2040 iniquis,
1051 1987 1150 2025 seu
1183 1971 1353 2025 etiam
1380 1986 1408 2023 a
1433 1969 2122 2025 daemonibus.Considera

534 2074 746 2131 autem,
780 2065 1063 2134 quomodo
1098 2065 1360 2133 utrinque
1401 2078 1503 2117 nos
1538 2061 1812 2130 Propheta
1843 2062 1909 2116 ad
1942 2062 2118 2116 virtu-

542 2168 648 2210 tem
681 2158 1027 2222 exhortatur,
1059 2156 1188 2210 dum
1226 2166 1278 2212 et
1305 2165 1658 2225 peccatorum
1699 2169 1908 2225 poenas,
1932 2162 1984 2208 et
2031 2154 2125 2223 ξυι-

539 2260 746 2303 storum
770 2258 953 2302 narrat
989 2247 1235 2318 prmmia.

600 2423 764 2481 Vens.
810 2426 893 2480 l8.
956 2424 1236 2494 Cognoscit
1294 2425 1553 2479 Dominus
1606 2427 1719 2480 uias
1756 2426 2126 2479 immaculato-

475 2521 480 2526 '
540 2531 678 2568 rum.
717 2518 834 2585 Ipse
859 2517 1002 2570 enim
1049 2531 1142 2569 eas
1179 2516 1379 2570 sanxit.
1417 2515 1512 2570 Vel
1541 2517 1698 2571 aliter
1741 2519 2122 2587 interpretare,

543 2624 598 2661 ut
635 2609 876 2663 diximus
907 2610 1052 2662 circa
1084 2609 1245 2662 liuent
1275 2610 1435 2678 primi
1456 2611 1666 2679 psalmi.

616 2700 677 2752 Et
709 2701 998 2754 ha'reditas
1031 2703 1248 2755 illorum
1310 2703 1362 2754 in
1386 2702 1636 2756 sarculum
1664 2703 1782 2758 erit.
1827 2703 2126 2762 Haereditas

537 2795 818 2860 iustorum
849 2809 1075 2861 regnum
1132 2802 1218 2848 est
1275 2794 1581 2848 caelorum:
1662 2793 1865 2863 Venite,
1923 2797 2122 2868 inquit,

542 2887 799 2940 benedicti
833 2885 1018 2940 l’atris
1051 2889 1172 2952 mei,
1211 2887 1520 2941 Itareditute
1565 2899 1815 2957 paratum
1862 2893 2006 2946 vobis
2041 2909 2126 2946 re—

541 2998 701 3050 gnum
729 2983 796 3035 ”.
831 2981 986 3047 Quod
1013 2996 1141 3036 vero
1169 2981 1265 3045 ait,
1293 2983 1345 3033 in
1375 2980 1653 3044 sarculum,
1680 2982 1822 3036 idem
1853 2991 1936 3036 est
1955 2987 2122 3052 quod,

541 3082 824 3142 perpetuo.
860 3073 1012 3128 Illius
1045 3075 1192 3126 enim
1245 3074 1582 3126 haereditatis
1620 3088 1728 3128 non
1783 3075 1888 3128 erit
1954 3077 2080 3131 linis
2107 3094 2122 3143 ;
2149 3089 2194 3150 ρ

541 3164 749 3216 velerit
775 3165 828 3218 in
867 3165 1152 3226 saeculum,
1195 3163 1442 3217 l‘uturum
1482 3164 1718 3218 scilicet.
1748 3165 1806 3217 In
1842 3166 1944 3220 hoc
1979 3167 2123 3221 enim

541 3259 744 3311 saeculo
780 3259 1155 3312 haereditatem
1188 3271 1299 3311 non
1335 3258 1559 3320 habent,
1595 3257 1842 3327 hospites
1883 3273 1943 3313 se
1999 3273 2125 3314 esse

542 3347 801 3409 scientes,
839 3361 902 3402 ac
937 3348 1282 3417 peregrinos.

599 3525 778 3582 Vens.
800 3528 888 3584 19.
915 3526 1040 3582 Non
1067 3529 1458 3598 confundentnr
1482 3530 1534 3584 in
1559 3537 1788 3598 tempore
1811 3531 1972 3586 malo.
2006 3532 2123 3589 Non

541 3622 949 3690 superabantur
980 3623 1035 3676 in
1068 3634 1319 3693 tempore
1353 3623 1708 3679 amictorum.
1737 3623 1950 3681 Habent
1974 3628 2122 3681 cnim

543 3713 847 3782 adjutorum
885 3714 1076 3769 Deum.
1111 3715 1203 3769 Vel
1228 3725 1448 3786 tempus
1476 3717 1682 3771 malum
1711 3717 1958 3773 futurum
2018 3736 2117 3789 ap-

543 3804 704 3872 pellat
731 3806 1030 3874 judicium,
1086 3807 1234 3876 quod
1288 3807 1676 3877 peccatoribus
1737 3810 2124 3880 gravissimum

541 3895 647 3950 erit
671 3911 734 3951 ac
759 3900 1230 3954 molestissimum.

616 3987 689 4043 Et
723 3991 778 4042 in
816 3990 1004 4046 diebus
1071 3992 1234 4062 [amis
1272 3993 1684 4049 saturabuntur.
1751 3995 1929 4052 Veluti
1977 3998 2125 4053 Elius

542 4081 636 4148 qui
665 4095 692 4133 a
728 4094 895 4135 corvo
924 4083 1169 4136 nutritus
1195 4091 1313 4148 est,
1375 4092 1428 4137 et
1449 4083 1540 4138 alii
1585 4084 1765 4148 multi,
1799 4084 1890 4154 qui
1949 4086 2126 4138 admi-

544 4170 788 4224 rabiliter
817 4186 848 4224 a
885 4171 1118 4226 Domino
1144 4172 1404 4227 alimenta
1431 4179 1784 4241 acceperunt.
1821 4171 1913 4226 Vel
1971 4180 2122 4227 satu.

543 4261 812 4317 rabuntur
853 4278 950 4332 spe
983 4263 1288 4318 futurorum
1315 4265 1605 4330 bonorum,
1639 4265 1847 4318 nullum
1891 4264 2125 4334 amplius

544 4355 958 4423 corruptibilem
1002 4354 1186 4409 cibum
1223 4362 1568 4424 appetentes.
1633 4352 1815 4425 Neque
1871 4356 2016 4409 enim
2068 4358 2122 4409 in

2223 499 2361 567 φαία
2384 497 2480 552 καὶ
2507 493 2662 560 τόξον
2707 496 2802 548 καὶ
2836 495 2892 547 αἱ
2933 492 3181 561 γλῶσσαι
3235 489 3348 543 τῶν
3403 489 3691 559 πονηρῶν·
3738 491 3803 540 ()3

2222 591 2468 655 ὀδόντες
2495 587 2628 656 γὰρ,
2658 587 2845 657 φησὶν,
2881 583 3103 650 αὐτῶν,
3133 584 3296 637 ὅπλα
3333 582 3432 635 καὶ
3464 582 3625 648 ,βέλη
3654 595 3668 612 ⁸
3700 582 3802 633 καί

2221 683 2260 750 ἢ
2290 683 2544 752 γλῶσσα
2566 680 2786 744 αὐτῶν,
2807 678 3073 749 μάχαιρα
3105 677 3292 742 ὀξεῖα.
3339 675 3404 728 Ἦ
3439 674 3664 743 γλῶσσα
3708 669 3804 726 οὖν

2223 775 2405 828 αὐτῶν
2429 773 2733 827 θανατώσει
2769 772 2967 834 αὐτούς
2987 786 3000 800 ⁸
3033 772 3130 825 καὶ
3164 770 3232 823 τὰ
3259 768 3417 838 χείλη
3449 766 3629 819 αὐτῶν
3677 766 3802 817 σεε-

2226 869 2379 939 σθείη
2418 867 2658 937 θανάτῳ.

2295 1044 2607 1114 Κρεῖσσον
2651 1042 2862 1111 ὀλίγον
2911 1038 2992 1105 τῷ
3044 1039 3272 1103 δικαίῳ,
3317 1035 3474 1106 ὑπὲρ
3534 1034 3805 1090 πλοῦτον

2230 1136 2600 1208 ἁμαρτωλῶν
2618 1135 2842 1188 πολύν.
2868 1135 2914 1186 Κ
2924 1134 3140 1199 ρεῖσσον
3176 1131 3393 1199 ἀληθῶς
3422 1129 3708 1200 νομίζεται
3728 1128 3804 1195 τῷ

2222 1226 2418 1295 δικαίῳ
2457 1227 2517 1279 τὸ
2554 1225 2737 1292 ὀλίγον
2773 1224 2912 1295 μετὰ
2933 1221 3311 1291 δικαιοσύνης,
3345 1224 3438 1274 καὶ
3461 1221 3563 1273 οὐκ
3609 1219 3802 1290 ὀρέγε-

2223 1338 2314 1374 ται
2385 1319 2633 1381 πλείονος
2680 1318 2904 1370 ἀδίκουσ
2954 1317 3036 1370 διὸ
3069 1315 3130 1368 οὐ
3165 1315 3270 1385 χρὴ
3316 1312 3668 1383 παραζηλοῦν
3706 1311 3805 1381 τὴν

2223 1413 2430 1467 τούτων
2446 1410 2764 1482 εὐημερίαν.

2297 1587 2426 1641 ’Ὁτι
2479 1587 2809 1657 βραχίονες
2837 1587 3205 1660 λὰμαρτωλοῦ
3260 1585 3790 1653 συντριόἡσονται.

2225 1680 2531 1750 Βραχίονας
2559 1681 2661 1745 τὰς
2695 1681 2956 1749 δυνάμεις
3015 1680 3278 1734 ἐκάλεσεν
3300 1696 3315 1711 ο
3345 1682 3403 1734 ὲν
3431 1679 3642 1740 τούτοις
3672 1681 3803 1748 γὰρ,

2149 1747 2196 1807 Β
2224 1747 2377 1842 ήλεοῦ
2403 1771 2778 1842 ἐργαζομένου
2807 1747 3059 1840 δύναμις.

2308 1863 2719 1933 ’Υποστηρίζει
2745 1864 2813 1917 δὲ
2840 1865 2984 1930 τοὺς
3001 1865 3152 1918 (Saxa.
3166 1884 3273 1931 ους
3303 1867 3335 1920 ὀ
3356 1866 3589 1932 Κύριος.
3619 1863 3805 1917 Ὦθοῡ-

2230 1955 2422 2026 μένους
2453 1957 2546 2008 καὶ
2566 1957 2718 2026 παρὰ
2749 1956 3006 2028 πονηρῶν
3032 1958 3267 2026 ἀνδρῶν,
3288 1958 3384 2010 καὶ
3415 1959 3571 2028 παρὰ
3609 1958 3798 2024 δαιμὸο

2227 2064 2355 2100 νων.
2390 2047 2593 2100 Σκόπει
2620 2048 2675 2101 δὲ
2701 2049 2850 2112 ὅπως
2889 2050 3285 2120 ἀμφοτέρωθεν
3313 2050 3409 2102 καὶ
3437 2051 3524 2102 διὰ
3570 2051 3668 2118 τῆς
3695 2049 3803 2101 τῶν

2228 2137 2569 2207 ἁμαρτωλῶν
2602 2138 2914 2208 συντριδῆς,
2941 2141 3037 2192 καὶ
3077 2138 3168 2193 διὰ
3190 2139 3290 2210 τῆς
3312 2139 3421 2192 τῶν
3447 2139 3676 2192 δικαίων
3707 2143 3802 2190 ἀνο

2226 2228 2499 2300 τιλήψεως
2525 2230 2604 2292 εἰς
2636 2230 2838 2301 ἀρετὴν
2887 2231 3190 2302 προτρέπει
3251 2232 3379 2294 τοὺς
3447 2230 3802 2299 ἐντυγχάνονι

2228 2338 2350 2384 τας.

2299 2411 2598 2466 Γινώσκει
2627 2414 2845 2482 Κύριος
2874 2416 2980 2482 τὰς
3000 2415 3182 2482 ὀδοὺς
3197 2415 3319 2469 τῶν
3343 2416 3616 2486 ἀμώμων.
3635 2416 3808 2475 Αὐτὸς

2228 2502 2338 2572 γὰρ
2370 2503 2575 2566 ταύτας
2606 2505 2974 2576 ἐνομοθέτησε
2997 2523 3013 2538 ο
3047 2509 3202 2578 ζήτει
3226 2509 3282 2561 δὲ
3311 2509 3404 2560 καὶ
3434 2507 3610 2570 ἄλλως
3642 2510 3727 2569 si;
3748 2511 3807 2559 τὸ

2228 2593 2378 2656 τέλος
2405 2593 2498 2647 τοῦ
2524 2594 2740 2663 πρώτου
2761 2595 3001 2665 ψαλμοῦ.

2301 2687 2412 2743 Καὶ
2463 2688 2501 2756 ἡ
2552 2690 2926 2757 κληρονομία
2978 2688 3178 2744 αὐτῶν
3236 2692 3325 2752 εἰς
3373 2687 3560 2742 αἰῶνα
3611 2689 3805 2742 ἔσται.

2229 2781 2580 2852 κληρονομία
2603 2781 2713 2834 τῶν
2733 2781 2982 2846 δικαίων,
3019 2787 3052 2852 η
3085 2783 3334 2853 βασιλεία
3381 2782 3491 2835 τῶν
3538 2782 3808 2850 οὐρανῶν.

2227 2872 2407 2928 Δεῦτε
2429 2873 2558 2943 γὰρ,
2589 2875 2776 2945 φησὶν,
2802 2877 2858 2928 οι
2873 2876 3272 2945 εὐλογημένοι
3290 2875 3398 2929 τοῦ
3423 2878 3651 2942 Πατρός
3664 2881 3806 2943 μου,

2229 2966 2734 3036 κληρονομήσατε
2783 2967 2898 3034 τὴν
2950 2967 3407 3037 ’ἡτοιμασμένην
3431 2966 3569 3036 ὑμῖν
3627 2967 3809 3031 ,βασι-

2227 3059 2421 3112 λείαν.
2456 3059 2530 3112 Τὸ
2559 3059 2636 3120 δὲ,
2675 3062 2780 3124 Εις
2817 3060 2925 3112 τὸν
2946 3057 3155 3124 αἰῶνα,
3219 3060 3341 3114 ἀντὶ
3384 3059 3505 3119 τοῦ⁹
3566 3059 3804 3121 Ἀἳδέως.

2226 3144 2296 3221 ἦς
2333 3150 2434 3202 ούκ
2463 3149 2617 3203 ἔσται
2647 3149 2822 3212 τέλος.
2875 3149 2942 3204 Ἣ
2978 3151 3059 3214 εἰς
3110 3150 3204 3202 τὸν
3251 3149 3426 3202 αἰῶνα
3471 3151 3648 3211 ἔσται,
3713 3151 3806 3201 τὸν

2231 3237 2529 3307 μέλλοντα·
2591 3240 2648 3290 ὲν
2704 3238 2782 3308 τῷ
2807 3239 3040 3308 παρόντι
3083 3239 3192 3310 γὰρ
3244 3231 3395 3292 οὗτοι
3435 3238 3808 3310 κληρονομίαν

2226 3331 2327 3383 οὑκ
2358 3331 2564 3400 ἔχουσι,
2596 3331 2785 3396 ξένους
2827 3331 3062 3394 ἑαυτοὺς
3096 3331 3299 3395 εἰδότες
3355 3338 3450 3385 καὶ
3503 3332 3804 3403 παρεπιδή·

2228 3439 2384 3492 μους.

2302 3515 2384 3566 Οὐ
2402 3512 3037 3581 καταισχυνθήσονται
3071 3514 3140 3568 ἐν
3169 3513 3351 3582 καιρῷ
3385 3512 3646 3582 πονηρῷ.
3697 3514 3809 3583 Οὐχ

2228 3601 2630 3672 ἡττηθήσονται
2656 3605 2713 3653 ὲν
2746 3603 2924 3674 καιρῴ
2984 3603 3250 3673 ὲπιπόνῳ,
3291 3605 3460 3674 ἤγουν
3513 3607 3570 3656 ὲν
3613 3622 3811 3674 πειρα-

2228 3694 2350 3765 σμῴ
2370 3712 2383 3725 ·
2415 3694 2598 3763 ἔχουσι
2631 3693 2740 3765 γὰρ
2769 3695 2860 3748 τὸν
2884 3696 3445 3768 ἀντιλαμϐανόμενον.
3494 3698 3563 3749 Ἢ
3619 3699 3808 3768 καιρὸν

2227 3789 2461 3860 πονηρὸν
2485 3790 2631 3859 λέγει
2663 3791 2760 3862 τὴν
2798 3793 3012 3862 ἡμέραν
3046 3793 3146 3862 τῆς
3191 3793 3495 3864 μελλούσης
3537 3793 3802 3864 κρίσεως,

2227 3884 2352 3953 ἥτις
2386 3884 2538 3937 ἐστὶν
2574 3885 2834 3948 ἐπίπονος
2859 3888 2972 3949 τοῖς
3001 3888 3378 3957 ἁμαρτωλοῖς.
3545 3950 3556 3962 .

2295 3977 2404 4030 Kal
2453 3977 2524 4030 ἐν
2562 3978 2755 4046 ἡμέρᾳ
2796 3979 2977 4047 λιμοῦ
3019 3982 3562 4049 χορτασθήσονται..
3639 3981 3728 4047 Ὠς
3781 3984 3810 4035 ὁ

2239 4069 2428 4132 Ἠλίας
2453 4071 2794 4141 τρεφόμενος
2828 4072 2933 4124 ὑπὸ
2966 4073 3227 4142 κόρακος,
3273 4076 3378 4127 καὶ
3422 4074 3570 4128 ἄλλοι
3617 4075 3810 4129 πολλοὶ

2225 4163 2543 4232 παραδόξως
2573 4165 2636 4217 ὲκ
2668 4163 2804 4217 Θεοῦ
2835 4165 3119 4234 δεχόμενοι
3161 4167 3264 4235 τὴν
3291 4168 3536 4237 τροφήν·
3569 4168 3600 4237 ἢ
3669 4187 3800 4238 χορο

2224 4251 2589 4322 τασθήσονται
2619 4256 2740 4317 ταῖς
2799 4254 2980 4308 ἐλπίσι
3038 4255 3148 4308 τῶν
3205 4257 3513 4326 μελλόντων
3557 4261 3804 4324 ἀγαθῶν,

2229 4345 2306 4415 μὴ
2339 4345 2737 4415 ἐπιθυμοῦντες
2782 4347 2881 4416 τῆς
2907 4347 3156 4418 φθαρτῆς
3205 4349 3486 4419 βρώσεως.
3536 4354 3656 4405 Οὐκ
3713 4353 3810 4405 ἐπ’

544 4447 658 4499 solo
685 4461 823 4510 pane
852 4448 974 4500 vivit
1025 4451 1179 4500 homo
1208 4448 1279 4500 ⁹¹.
1317 4446 1412 4501 Vel
1475 4463 1570 4516 per
1633 4446 1835 4502 famem
1897 4447 2123 4516 ﬁgurate

2228 4436 2383 4504 ἄρτῳ
2400 4437 2529 4507 γὰρ,
2550 4440 2704 4508 φησὶ,
2717 4439 2885 4505 μόνῳ
2907 4436 3145 4508 ζήσεται
3180 4441 3512 4510 ἅνθρωπος.
3547 4445 3616 4496 Ἦ
3647 4446 3697 4495 λι
3707 4447 3804 4514 μὲν

543 4552 760 4590 omnem
806 4538 1190 4592 necessitatem
1225 4539 1510 4608 intelligit,
1542 4549 1598 4594 et
1641 4554 1739 4609 per
1771 4540 2118 4594 saturitatem

2228 4528 2366 4594 λέγει
2422 4529 2698 4598 τροπικῶς
2747 4532 3009 4583 παντοίαν
3051 4533 3300 4603 ἀνάγκην
3328 4551 3342 4563 ·
3387 4537 3685 4603 χορτασίαν
3716 4536 3795 4595 δὲ.

543 4629 911 4683 visitationem
940 4643 1002 4683 ac
1029 4631 1424 4697 protectionem
1458 4631 1570 4684 Dei.

617 4721 884 4786 Quoniam
909 4730 1208 4790 peccatores
1231 4722 1496 4791 peribunt.
1516 4721 1704 4792 Neque
1721 4721 1868 4777 enim
1889 4721 1979 4775 diu
2001 4737 2124 4793 per-

543 4821 724 4868 manet
759 4829 882 4868 cum
923 4813 1004 4869 eis
1027 4813 1288 4871 felicitas.
1321 4815 1511 4870 Perire
1537 4821 1721 4870 autem
1767 4829 1876 4867 non
1913 4823 2121 4868 tantum

542 4907 590 4960 is
619 4906 841 4972 dicitur,
879 4907 973 4976 qui
1002 4908 1056 4961 in
1084 4907 1187 4963 hoc
1223 4908 1429 4963 mundo
1460 4907 1618 4978 perit,
1654 4905 1751 4962 sed
1805 4905 1897 4961 ille
1953 4906 2117 4961 etiam

543 4998 637 5067 qui
673 5007 896 5054 aeternae
927 4999 1126 5055 salutis
1155 5001 1427 5069 iacturam
1480 4999 1695 5056 fecerit.
1756 4996 1910 5054 Perit
1972 4999 2119 5053 enim

544 5097 711 5160 atque
744 5089 957 5145 deletur
987 5092 1058 5146 ab
1089 5092 1732 5160 lnmeditatejustorum.

615 5260 782 5317 Vens.
823 5263 915 5318 20.
943 5262 1160 5318 Inimici
1188 5274 1368 5319 autem
1404 5263 1621 5320 Domini
1661 5266 1824 5319 simul
1848 5281 1912 5318 ac
1959 5263 2123 5334 glori-

541 5357 692 5423 ﬁcati
728 5357 944 5424 fuerunt
984 5365 1034 5410 et
1079 5357 1329 5422 exaltati,
1379 5357 1683 5426 deﬁcientes
1740 5359 1880 5412 sicut
1943 5357 2120 5426 {unius

543 5450 865 5522 defecerunt.
895 5448 1020 5504 Haec
1049 5450 1118 5504 de
1146 5449 1348 5504 iudicis
1387 5448 1590 5506 Christi
1649 5450 1990 5506 occisorihus
2033 5450 2120 5504 in-

544 5542 831 5613 telligenda
889 5551 1040 5607 sunt,
1082 5544 1174 5612 qui
1213 5544 1439 5613 gloriam
1489 5559 1518 5598 a
1571 5542 1928 5600 multitudine
1985 5559 2120 5600 con-

592 5717 637 5750 ⁵⁸
669 5717 860 5774 Matth.
896 5736 1046 5785 xxvi,
1079 5721 1166 5776 53.
1209 5722 1254 5756 θ’
1288 5720 1434 5777 Psal.
1470 5739 1579 5788 ωτι,
1621 5723 1669 5776 5'.

2218 4619 2318 4688 τὴν
2351 4619 2504 4672 θείαν
2537 4620 2855 4690 ἐπίσκεψιν.

2294 4712 2422 4764 Ὀτι
2453 4714 2501 4764 ol
2535 4713 2872 4780 ἁμαρτωλοὶ
2907 4713 3303 4770 ἀπολοῦνται.
3345 4719 3417 4771 03
3445 4735 3552 4788 γαρ
3615 4723 3803 4789 παραυ

2224 4801 2374 4870 μένει
2417 4801 2627 4866 τούτοις
2660 4805 2692 4873 ἡ
2730 4805 3039 4875 εὐπραγία·
3071 4809 3132 4860 οὑ
3169 4811 3330 4878 μόνον
3352 4812 3405 4863 δὲ
3431 4812 3652 4881 νοητέον
3699 4815 3808 4865 ἀττ-

2225 4891 2425 4945 ὠλειαν
2451 4894 2553 4962 τὴν
2589 4894 2850 4964 βιωτικὴν
2899 4897 3218 4966 δυστυχίαν,
3253 4900 3389 4954 ἀλλὰ
3442 4904 3536 4954 καὶ
3565 4904 3657 4954 ἐπὶ
3712 4905 3808 4956 τοῦ

2234 4985 2525 5054 μέλλοντος
2545 4987 2738 5050 αἰῶνος
2763 4987 3041 5042 ἀπώλειαν
3071 4990 3307 5062 λέγομεν
3367 4995 3469 5062 τὴν
3525 4996 3806 5048 ἔκπτωσιν

2227 5077 2328 5145 τῆς
2363 5078 2638 5149 σωτηρίας
2657 5095 2672 5109 ο
2709 5081 3036 5148 ἀφανίζεται
3066 5083 3176 5153 γὰρ
3207 5085 3316 5137 ἀπὸ
3343 5087 3436 5138 τοῦ
3472 5087 3677 5157 κλήρου
3698 5089 3805 5141 τῶν

2227 5171 2450 5224 δικαίων
2487 5174 2514 5224 ὁ
2548 5173 2895 5242 ἁμαρτωλός.
3900 5241 3902 5243 _

2279 5266 2345 5315 Ol
2397 5262 2464 5316 δὲ
2493 5264 2688 5331 ἐχθροὶ
2720 5264 2827 5317 τοῦ
2861 5265 3082 5331 Κυρίου
3131 5267 3251 5337 ἅμα
3298 5272 3402 5326 τοῦ
3433 5273 3807 5343 δοξασθῆνιιι

2227 5355 2448 5420 αὐτοὺς
2485 5356 2579 5408 καὶ
2605 5355 2939 5424 ὑψωθῆναι,
2968 5358 3358 5428 ἐκλείποντες
3382 5365 3524 5417 ὡσεὶ
3573 5367 3807 5430 καπνὸς

2229 5448 2536 5513 ἐξέλιπον.
2571 5448 2743 5501 Τοῦτο
2775 5450 2904 5519 περὶ
2934 5451 3043 5504 τῶν
3075 5456 3477 5524 χριστοκτόνων
3509 5457 3803 5511 Ἰουδαίων.

2231 5539 2592 5606 Δοξατθέντες
2654 5541 2763 5611 γὰρ
2831 5541 2936 5595 ὑπὸ
2966 5544 3062 5596 τοῦ
3116 5546 3356 5617 πλήθους
3392 5550 3440 5601 οἱ
3476 5551 3805 5619 προέχοντες

1733 5724 1779 5756 ⁹⁰
1815 5723 2003 5778 Matth.
2042 5739 2168 5788 xxv,
2199 5724 2287 5776 Si.
2345 5726 2386 5754 “
2425 5722 2615 5776 Matth.
2652 5721 2796 5789 tv,i.
