4114 6208
411 307 511 374 421
1594 311 1990 374 COMMENT.

2159 307 2522 370 PSALMOS.
3562 305 3670 370 42:2

415 428 614 489 αὐτῶν,
651 426 745 480 καὶ
774 427 1082 497 ὑψωθέντες
1111 428 1204 480 ἐπὶ
1249 430 1315 499 τῇ
1341 427 1628 499 ἀναιρέσει
1682 427 1776 481 τοῦ
1811 427 1996 495 Σωτῆ-

2113 425 2300 489 secuti,
2358 438 2407 478 e:
2475 424 2688 481 caeteris
2719 424 2965 490 antelati,
3008 424 3079 480 de
3143 430 3318 480 morte
3372 423 3678 479 Salvatoris

417 537 530 590 ρος,
561 518 662 572 οὐκ
692 521 773 582 είς
803 520 1020 588 μακρὰν
1073 519 1423 591 πανωλεθρίᾳ
1457 519 1832 590 διεφθάρησαν
1891 518 1998 572 ὑπὸ

2113 517 2452 588 gloriabundi
2478 533 2587 571 non
2613 518 2786 572 multo
2815 528 2941 586 post
2983 528 3230 588 tempore
3280 517 3529 572 funditus
3573 526 3673 572 cx-

414 607 535 668 τῶν,
551 605 859 674 Ῥωμαίων,
884 606 1089 661 καπνοῦ
1107 607 1264 677 δίκην
1290 607 1684 671 σκεδασθέντες
1716 607 1812 661 καὶ
1854 608 1999 675 ἀφα-

2113 608 2385 661 Lerminati
2421 616 2553 661 sunt
2584 623 2613 661 a
2647 608 2932 671 Romanis,
2965 623 3030 662 ac
3065 609 3197 661 l'umi
3227 609 3398 662 instar
3425 607 3676 677 dissipati

417 698 717 759 νισθέντες.
757 697 972 768 Ῥηθείη
1008 697 1052 750 δ’
1085 697 1151 751 ἂν
1193 697 1354 750 τοῦτο
1385 698 1479 750 καὶ
1511 698 1642 768 περὶ
1671 697 1782 750 τῶν
1843 695 1996 749 είδώ·

2113 698 2324 767 penitus
2368 709 2532 768 atque
2563 699 2751 752 deleti.
2816 699 2931 752 Dici
2967 700 3132 753 etiam
3165 699 3281 753 haec
3316 707 3545 766 possunt
3609 699 3681 753 de

419 791 548 856 λων,
575 789 611 843 ἃ
643 789 805 859 μέχρι
843 789 985 851 τινὸς
1017 789 1356 860 δοξαζόμενα
1386 790 1481 842 καὶ
1511 790 1817 859 ὑψούμενα,
1849 788 2000 842 ὔστε-

2113 790 2266 845 ιόοιὶε
2291 805 2414 859 quae
2447 791 2685 846 exaltata
2716 797 2770 845 et
2805 790 3112 860 glorificata
3144 791 3208 844 ad
3239 801 3482 860 tempus,
3556 800 3676 844 tan-

423 899 514 950 ρον
552 880 962 950 ἠφανίσθησαν
987 880 1076 933 διὰ
1102 882 1306 934 τούτων
1337 881 1416 946 δὲ,
1446 881 1541 934 καὶ
1559 882 1609 934 οἱ
1653 881 1996 944 ἐνοικοῦντες

2113 886 2226 940 dem
2263 886 2480 954 penitus
2513 895 2886 949 evanuerunt,
2919 895 2973 939 et
3039 886 3216 939 deleta
3261 893 3424 948 sunt;
3471 894 3526 938 et
3585 899 3682 952 per

422 974 606 1036 αὐτοῖς
625 972 900 1042 δαίμονες.
1175 976 1196 998 ‘

2113 976 2194 1028 illa
2235 975 2512 1028 daemones
2561 975 2768 1044 pariter
2790 976 2882 1044 qui
2921 976 2973 1029 in
3005 976 3084 1030 eis
3118 976 3470 1030 habitabant.

495 1061 826 1124 Δανείζεται
854 1067 886 1118 ὀ
906 1062 1281 1134 ἁμαρτωλὸς,
1309 1063 1408 1117 καὶ
1442 1066 1554 1118 οὐκ
1585 1065 1881 1120 ἀποτίσει.
1924 1065 1998 1118 Οὐ

2173 1065 2341 1120 Vens.
2369 1067 2461 1120 ει.
2493 1065 2778 1120 Mutuatur
2817 1078 3081 1136 peccator,
3111 1076 3158 1120 et
3190 1083 3293 1120 non
3322 1065 3503 1121 solvet.
3566 1064 3688 1120 Non

429 1155 588 1222 μόνον
647 1153 756 1222 γὰρ
777 1154 837 1206 οὐ
867 1153 1222 1224 μεταδίδωσιν
1251 1152 1484 1218 οἴκοθεν,
1507 1155 1621 1206 ἀλλ’
1657 1156 1775 1208 οὐδὲ
1800 1156 1859 1207 τὸ
1884 1156 1997 1224 (50)

2113 1159 2304 1221 solum,
2337 1158 2532 1228 inquit,
2573 1167 2831 1228 peccator
2868 1173 2974 1212 non
3017 1159 3206 1225 donat,
3233 1172 3412 1228 neque
3474 1159 3674 1227 imper-

429 1244 875 1315 χρεωττούμενον
912 1245 1231 1298 ἀποδίδωσι.
1265 1243 1536 1298 Τοσοῦτόν
1579 1247 1728 1301 ἐστιν
1783 1248 1999 1318 ἀπηνὴς

2113 1252 2242 1305 titur
2267 1251 2515 1321 propria,
2547 1250 2641 1306 sed
2669 1251 2796 1306 aliis
2835 1266 2864 1305 a
2892 1267 2952 1305 se
2993 1251 3178 1306 debita
3213 1251 3377 1306 etiam
3405 1266 3514 1305 non
3564 1251 3682 1306 red.

429 1338 522 1388 καὶ
547 1337 892 1404 παράνομος.

2113 1343 2217 1410 dit;
2278 1343 2416 1398 adeo
2449 1342 2714 1398 nimirum
2748 1343 2975 1411 iniquus
3000 1353 3084 1397 est
3116 1351 3171 1396 et
3200 1357 3402 1398 saevus.

509 1427 561 1476 Ὁ
590 1425 658 1478 δὲ
681 1425 913 1493 δίκαιος
946 1430 1240 1499 olus/pet,
1275 1431 1373 1485 καί
1417 1431 1684 1486 δίδωσιν.
1722 1431 2000 1502 Οίκτείρει

2174 1434 2364 1488 Justus
2404 1443 2580 1488 autem
2613 1434 2916 1495 miseretur,
2933 1443 2982 1486 et
3013 1434 3219 1487 tribuit.
3254 1433 3548 1490 Miseretur
3571 1434 3700 1505 qui-~

428 1517 548 1586 μὲν,
603 1518 846 1572 οἴκοθεν·
910 1520 1090 1574 δίδωσι
1128 1523 1206 1586 δὲ,
1259 1523 1319 1576 τὸ
1359 1524 1796 1595 δεδανεισμένον,
1832 1526 2001 1595 ἡγουν

2113 1529 2236 1582 dem
2267 1528 2491 1597 propria
2531 1527 2784 1592 donans;
2826 1534 2882 1580 et
2938 1526 3155 1588 tribuit,
3182 1525 3289 1581 hoc
3345 1537 3455 1587 est,
3508 1527 3687 1581 reddit

425 1610 767 1676 ἀποδίδωσιν,
825 1613 920 1666 καὶ
977 1613 1208 1681 βαδίζων
1260 1615 1358 1688 τὴν
1386 1618 1638 1670 ἐναντίαν
1688 1617 1766 1686 τῷ
1823 1617 2003 1686 ἁμαρ-

2113 1637 2228 1690 quze
2258 1621 2326 1676 ab
2351 1621 2471 1676 aliis
2497 1627 2782 1674 mutuatus
2805 1629 2912 1683 est,
2941 1620 3156 1675 diversa
3193 1620 3413 1689 penitus
3462 1629 3516 1673 et
3563 1635 3688 1672 cono

423 1701 598 1769 τωλῷ.
623 1703 692 1754 Ἥ
711 1705 804 1756 καὶ
830 1704 1024 1766 ἄλλως.
1065 1704 1121 1758 '0
1139 1705 1348 1770 δίκαιος
1373 1708 1528 1772 εἰδὼς
1551 1709 1644 1761 τὸν
1674 1707 2001 1779 ἁμαρτωλὸν

2113 1714 2274 1767 traria
2298 1712 2563 1768 incedens
2589 1712 2701 1775 via,
2739 1722 2907 1781 atque
2944 1713 3228 1767 incesserit
3257 1720 3544 1781 peccator.
3593 1711 3687 1763 Vel

422 1793 714 1864 ὸγνὼμονα
750 1796 1172 1868 χρεωφειλέτην,
1209 1799 1358 1870 ὅμως
1401 1801 1458 1853 ὲν
1509 1799 1692 1872 καιρῷ
1751 1801 2001 1870 ἀνάγκης

2113 1806 2297 1860 aliter:
2347 1804 2541 1860 Justus
2596 1803 2788 1858 videns
2847 1814 3192 1874 peccatorem
3248 1806 3522 1873 ingratum
3563 1817 3690 1857 esse

421 1885 682 1951 δανείζει.
2106 1895 2412 1950 debitorem
2439 1896 2496 1948 in
2530 1906 2777 1964 tempore
2806 1895 3176 1959 necessitatis,
3209 1895 3260 1948 ei
3321 1895 3692 1948 nihilominus

2110 1991 2359 2036 tnutuum
2395 1991 2641 2052 prastat.

2189 2071 2350 2126 Vens.
2381 2070 2474 2124 22.
2510 2071 2776 2136 Quoniam
2811 2070 3165 2124 benedicentes
3208 2071 3255 2123 ei
3307 2071 3688 2124 ltwreditabunt

2113 2175 2330 2230 terram,
2346 2164 2712 2218 maledicentes
2733 2173 2908 2216 autent
2926 2163 2974 2216 ei
2990 2162 3500 2216 exterminabuntnr.
3519 2159 3691 2212 Tanta

2113 2255 2222 2310 Deo
2251 2255 2500 2322 dejustis
2533 2270 2666 2307 cura
2698 2269 2760 2307 ac
2833 2251 3146 2308 sollicitudo
3205 2260 3310 2313 est,
3353 2258 3410 2304 ut
3475 2251 3690 2303 illorum

2111 2349 2274 2402 etiam
2309 2349 2664 2405 misereatur,
2697 2346 2790 2414 qui
2825 2346 2905 2398 eis
2939 2344 3300 2402 benedicunt,
3333 2354 3387 2395 et
3417 2341 3540 2395 illos
3601 2356 3695 2394 ca-

2111 2437 2294 2507 stiget,
2327 2436 2421 2506 qui
2476 2435 2556 2489 eis
2609 2434 2964 2489 maledicunt.
3017 2434 3147 2486 Nam
3214 2441 3268 2486 et
3311 2433 3514 2486 dictum
3571 2446 3694 2486 esse

2110 2531 2342 2599 legimus
2381 2542 2409 2580 a
2446 2527 2557 2580 Deo
2579 2527 2645 2579 ad
2678 2527 2988 2580 Abraham:
3035 2525 3351 2580 Benedicam
3385 2525 3694 2579 benedicen-

430 2611 571 2678 τοὺς
601 2613 1054 2683 καταρωμένους
1083 2631 1158 2667 σε
1180 2614 1616 2683 καταράσομαι.
1648 2615 1910 2683 Κατάραν
1951 2612 2007 2666 δὲ

2113 2620 2253 2674 tibus
2293 2620 2410 2685 tibi,
2440 2631 2487 2673 et
2527 2619 2843 2672 maledicam
2877 2618 3314 2670 maledicentibus
3336 2619 3405 2670 ".
3467 2615 3697 2669 Maledi-

432 2703 528 2757 νῦν
565 2705 665 2776 τὴν
697 2705 854 2774 ὕὸριν
887 2704 1116 2759 ἐκάλεσε
1138 2722 1151 2735 ·
1189 2706 1250 2758 τὸ
1285 2705 1342 2758 δὲ
1382 2704 1497 2770 ὅτι,
1519 2707 1619 2758 οὐκ
1648 2705 1795 2758 ἔστιν
1837 2707 2010 2758 αίτιο-

2113 2713 2347 2766 ctionem
2379 2721 2560 2766 autem
2593 2713 2677 2766 hic
2706 2711 3094 2766 conlumeliam
3115 2709 3370 2779 appellat.
3395 2708 3487 2761 Illa
3509 2716 3690 2760 autem

431 2794 671 2865 λογικὸν,
713 2797 829 2849 ἀλλ’
889 2797 1288 2865 ἀποφαντικὸν,
1347 2795 1538 2849 δοκοῦν
1592 2798 1874 2867 περιττόν.
1919 2796 2010 2848 Ἐν

2113 2803 2302 2866 dictio,
2338 2802 2627 2866 Quoniam,
2660 2799 2762 2853 hoc
2792 2800 2845 2852 in
2879 2800 2996 2853 loco
3034 2813 3143 2851 non
3193 2797 3375 2852 reddit
3401 2799 3694 2856 rationem,

435 2889 651 2952 πολλοῖς
685 2887 741 2940 δὲ
772 2887 850 2958 τῷ
877 2887 1129 2959 ἰδιώματι
1147 2888 1322 2957 τούτῳ
1347 2889 1636 2960 κέχρηται.

2117 2895 2210 2949 sed
2264 2903 2596 2949 sententiam
2659 2901 2874 2944 tantum
2928 2897 3231 2950 asseverat,
3284 2889 3369 2941 vel
3425 2885 3698 2956 superﬂua

2119 2993 2222 3048 est,
2265 2992 2322 3038 ut
2375 2997 2754 3053 saepenumero
2818 2980 2960 3050 apud
3029 2979 3365 3050 Prophetam
3428 2977 3700 3046 reperi-Zur

2047 3099 2090 3155 ο
2118 3072 2269 3141 juxta
2305 3071 2630 3125 llebraicum
2661 3069 2886 3124 idioma.

2194 3163 2359 3218 Vens.
2394 3163 2482 3218 23.
2515 3163 2558 3216 Α
2597 3163 2823 3216 Domino
2857 3178 3066 3232 gressus
3107 3159 3339 3214 hominis
3373 3158 3705 3229 dirigentur.

2119 3255 2409 3312 Manifeste
2430 3259 2611 3322 ᾱοοιιι,
2643 3257 2788 3326 quod
2821 3256 3028 3325 absque
3060 3253 3248 3307 divino
3279 3251 3488 3306 auxilio
3538 3253 3708 3305 homo

2118 3365 2216 3419 per
2268 3364 2328 3404 se
2384 3348 2593 3402 nullum
2626 3355 2804 3416 potest
2844 3347 3046 3402 bonum
3079 3346 3322 3415 operari.
3373 3340 3497 3397 Nisi
3528 3343 3702 3406 enim,

2118 3437 2314 3508 inquit,
2355 3437 2611 3491 Dominus
2646 3437 2990 3504 aediﬁcaverit
3053 3432 3288 3497 domum,
3319 3433 3371 3485 in
3405 3447 3596 3485 vanum
3623 3429 3702 3483 la-

500 2069 619 2120 Ὅτι
673 2071 728 2123 οἱ
769 2069 1170 2137 εὐλογοῦντες
1219 2070 1407 2124 αὑτὸν
1469 2072 2008 2137 κληρονομησουσι

426 2158 548 2227 τῆν
570 2175 584 2189 ·
607 2162 662 2212 οι
693 2160 761 2213 δὲ
791 2160 1193 2230 καταρώμενοι
1218 2161 1406 2214 αὐτόν
1464 2157 2011 2228 ἐξολοθρευθήσον-

431 2267 549 2304 ται.
591 2252 863 2305 Τοσοῦτον
897 2253 1050 2322 μέλει
1071 2253 1148 2323 τῷ
1173 2252 1295 2324 Θεῷ
1327 2252 1572 2323 περὶτοῦ
1601 2251 1833 2313 δικαίου,
1869 2249 2008 2302 ὥστε

433 2342 562 2402 τοὺς
583 2341 683 2410 μὲν
699 2341 1084 2411 εὐφημοῦντας
1120 2343 1282 2395 αὑτὸν
1308 2340 1448 2394 ἐλεεῖ
1470 2342 1607 2410 (51),
1627 2341 1750 2402 τοὺς
1777 2339 1832 2392 δὲ
1857 2338 2012 2408 ὑϐρί-

434 2429 630 2494 ζοντας
662 2433 850 2485 τοῦτον
893 2434 1150 2497 κολάζει·
1201 2431 1405 2502 ἔφησεν
1459 2432 1568 2500 γὰρ
1622 2432 1650 2482 ὁ
1688 2430 1818 2492 θεὸς
1871 2428 2008 2499 πρὸς

444 2521 730 2591 Ἀϐραάμ·
757 2523 1091 2592 Εὐλογήσω
1120 2523 1260 2588 τοὺς
1299 2522 1708 2591 εὐλογοῦντάς
1757 2537 1852 2583 σε,
1908 2519 2007 2572 καὶ

509 3159 670 3228 Παρὰ
700 3160 926 3227 Κυρίου
962 3160 1033 3214 τὰ
1053 3158 1388 3229 διαδήματα
1443 3159 1763 3229 ἀνθρώπου
1815 3176 2018 3213 κατευ-

436 3253 696 3308 θύνεται.
728 3251 982 3304 Διδάσκει
1020 3252 1208 3320 σαφῶς
1223 3253 1306 3305 ὅτι
1345 3253 1518 3321 χωρὶς
1552 3251 1653 3321 τῆς
1682 3251 1832 3320 παρὰ
1879 3251 2014 3304 Θεοῦ

439 3344 692 3416 βοηθείας
735 3344 886 3397 οὐδέν
935 3361 989 3396 τι
1019 3343 1320 3415 κατορθοῦν
1373 3345 1401 3396 6
1450 3344 1738 3414 ἄνθρωπος
1762 3343 2012 3398 δύναται.

451 3434 592 3488 Ἐὰν
623 3435 730 3504 γὰρ
754 3432 840 3502 μὴ
876 3433 1114 3501 Κύριος,
1180 3435 1372 3503 φησιν,
1406 3433 1779 3503 οὶκοδομήσῃ
1821 3431 2011 3503 οἷκον,

439 3528 527 3592 είς
549 3525 745 3596 μάτην
775 3525 1114 3578 ἐκοπίασαν
1151 3527 1204 3578 οἱ
1242 3525 1708 3594 οἰκοδομοῦντες
1735 3543 1749 3558 ο
1787 3529 1856 3598 τῇ
1905 3529 2015 3597 γὰρ

443 3621 720 3692 προθυμίᾳ
761 3623 1041 3690 συνεργεῖν
1074 3620 1286 3675 εἰωθεν.
1338 3621 1656 3692 Ἀνθρώπου
1726 3623 1784 3676 δὲ
1841 3624 2013 3692 λέγει,

443 3713 536 3765 τοῦ
559 3711 792 3764 δικαίου.

514 3799 623 3851 Kal
648 3797 759 3864 τὴν
789 3798 932 3852 ὁδὸν
966 3799 1154 3853 αὑτοῦ
1181 3798 1429 3864 θελήσει
1461 3800 1727 3868 σφόδρα.
1753 3801 1868 3869 Τὴν
1923 3817 2022 3852 πο-

2067 3581 2072 3594 ,
2120 3531 2436 3585 boraverunt
2469 3531 2560 3600 qui
2585 3529 2859 3599 a‘diﬁcant
2887 3544 3006 3581 eam
3043 3527 3112 3578 ".
3146 3524 3572 3591 Promptitudiui
3608 3539 3704 3575 au-

2121 3629 2227 3676 tem
2261 3629 2467 3674 nostra:
2494 3619 2782 3688 cooperari
2819 3618 2980 3672 solet.
3023 3616 3316 3670 Hominem
3373 3623 3556 3668 autem
3614 3613 3704 3666 bic

2119 3711 2327 3779 justum
2363 3709 2658 3778 intelligit.5

2199 3797 2272 3850 Et
2329 3798 2467 3850 viam
2519 3797 2632 3863 ejus
2694 3793 2826 3848 volet
2851 3793 3020 3846 valde.
3049 3792 3544 3847 Conversationem
3575 3791 3707 3862 justi

445 3888 650 3942 λιτεὶαν
682 3888 776 3941 τοῦ
799 3889 1008 3943 δικαίου
1035 3887 1362 3952 ἀποδέξεται
1383 3890 1410 3939 6
1435 3889 1660 3957 Κύριος,
1690 3889 1764 3952 ὡς
1788 3889 2011 3958 ἀμώμη-

2128 3889 2362 3956 benigne
2405 3885 2638 3954 suscipit
2688 3884 2975 3948 Dominus,
3020 3892 3206 3944 utpote
3252 3883 3709 3953 irrepreheusibi-

445 3999 558 4035 τον.
604 3981 662 4035 ὐ
688 3981 982 4052 Σύμμαχος
1003 3981 1084 4048 δὲ,
1113 3979 1237 4034 ἀντὶ
1270 3977 1363 4031 τοῦ
1402 3979 1682 4046 Θελήσει,
1720 3979 2011 4034 Εὐοδώσει

2131 3980 2260 4035 lem.
2291 3978 2650 4050 Symmachus
2678 3983 2858 4029 autem
2895 3991 2992 4045 pro
3022 3974 3168 4032 Volet
3192 3977 3710 4044 transtulitProspe-

448 4070 626 4129 εἶπεν.
1621 4137 1626 4142 _
2129 4073 2293 4128 rabit.

525 4167 709 4219 Ὅταν
734 4165 919 4233 πέσῃ,
947 4167 1019 4219 οὐ
1058 4164 1584 4235 καταραχθήσεται
1610 4163 1747 4233 (52),
1791 4163 1878 4217 ὅτι
1914 4165 2011 4218 Κά

2201 4164 2368 4221 Vens.
2399 4164 2489 4221 24.
2542 4163 2674 4220 Cum
2699 4163 2966 4229 ceciderit,
3001 4177 3106 4216 non
3167 4160 3546 4230 confringatur,
3581 4159 3708 4228 quia

442 4274 578 4326 ptoc
613 4257 1007 4325 ἀντιστηρίζει
1023 4257 1193 4326 χεῷα
1211 4257 1421 4312 αὑτοῦ.
1447 4258 1556 4310 Καὶ
1590 4255 1857 4326 βιωτικῶς
1900 4257 2001 4309 δυσ

2131 4260 2390 4314 Dominus
2417 4268 2603 4312 contra
2625 4258 2804 4326 ﬁrmat
2833 4272 3045 4310 manum
3080 4270 3258 4308 suam.
3285 4252 3340 4307 Si
3377 4254 3430 4306 in
3467 4252 3712 4306 externis

453 4351 766 4420 πραγήσας,
817 4350 891 4411 ώς
920 4347 1061 4414 Ἰὼϐ,
1092 4351 1184 4403 καὶ
1219 4347 1471 4418 ψυχικῶς
1518 4347 1836 4416 ὀλισθήσεις,
1871 4348 1945 4412 ὡς
2000 4349 2011 4397 1‘

2136 4351 2300 4407 bonis
2333 4352 2563 4406 adversa
2594 4358 2820 4404 vexetur
2869 4348 3111 4413 fortuna,
3146 4355 3206 4400 ut
3235 4345 3356 4411 Job,
3391 4346 3471 4400 vel
3499 4348 3544 4400 si
3571 4344 3720 4398 circa

455 4441 642 4505 Δασὶδ,
671 4443 772 4494 οὐκ
805 4442 1134 4510 ὲναπομενεῖ
1178 4439 1258 4508 τῷ
1320 4438 1600 4508 πτώματι,
1641 4438 1776 4491 διότι
1825 4438 2011 4508 Κύριοι

2139 4445 2442 4514 spiritualia
2475 4444 2617 4497 bona
2641 4443 2824 4510 lapsus
2847 4439 3109 4502 luerit,ut
3141 4439 3331 4502 David,
3364 4454 3469 4491 non
3507 4451 3721 4506 perma-

454 4535 854 4607 ἁντιστηρίζει,
885 4534 1160 4597 τουτέστι,
1192 4533 1516 4604 ὑποτίθησιν
1539 4531 1690 4602 αὑτῷ
1717 4533 1876 4602 χεῖρα
1898 4533 2011 4584 ἑαυ-

2142 4538 2293 4592 nebit
2322 4537 2586 4591 tamenin
2623 4536 2725 4590 hac
2787 4536 2968 4601 ruina,
3007 4533 3137 4603 quia
3199 4531 3463 4586 Dominus
3524 4535 3721 4583 contra

453 4626 576 4690 τοῦ,
602 4627 748 4697 φημὶ
777 4626 1035 4698 βοήθειαν
1062 4643 1075 4656 ·
1111 4627 1206 4677 καὶ
1237 4626 1270 4693 ἡ
1301 4625 1564 4694 μετάνοια
1594 4624 1706 4694 γὰρ
1749 4624 1883 4677 Θεοῦ
1907 4624 2011 4696 χείρ

2141 4630 2346 4695 (limat,
2380 4629 2483 4684 hoc
2512 4641 2618 4693 est,
2653 4629 2912 4700 supponit
2941 4641 3164 4680 manum
3217 4641 3395 4691 suam,
3421 4638 3580 4678 suum
3607 4620 3717 4676 sci-

456 4721 733 4784 ὲστιν,ώς
789 4720 974 4774 θεόθεν
1027 4717 1390 4788 έπιφοιτῶσα,
1461 4718 1554 4770 καὶ
1608 4716 1876 4772 ἀνελοῦσα
1934 4719 2011 4770 τοὶ

2141 4722 2271 4777 licet
2328 4721 2618 4775 auxilium.
2688 4719 3020 4775 Pteuitentia
3083 4719 3248 4771 etiam
3303 4716 3570 4786 accipitur
3620 4727 3725 4783 pro

457 4810 774 4882 πτώματος·
2144 4831 2310 4869 manu
2353 4815 2469 4881 Dei,
2516 4825 2771 4883 tanquam
2831 4827 2952 4882 quae
2984 4826 3014 4865 a
3074 4810 3185 4864 Deo
3221 4811 3610 4880 proﬁciscitur,
3665 4813 3722 4860 et

2143 4917 2244 4956 nos
2278 4903 2346 4957 de
2382 4903 2543 4972 lapsu
2591 4916 2656 4955 ac
2687 4903 2845 4957 ruina
2877 4901 3045 4956 trahit
3081 4910 3244 4969 atque
3319 4898 3591 4955 convertit
3650 4894 3720 4948 ad

2146 4993 2460 5048 Dominum.

536 5086 836 5154 Νεώτερος
884 5085 1178 5155 ἐγενόμην
1210 5122 1226 5147 ,
1263 5083 1362 5137 καί
1415 5083 1544 5154 γὰρ’ζ
1588 5081 1880 5152 ἐγήρασα,
1933 5099 2011 5136 κα

2217 5083 2384 5139 Vens.
2421 5084 2511 5138 25.
2554 5083 2749 5137 Junior
2793 5085 2870 5153 fui
2893 5125 2907 5149 ,
2955 5085 3144 5139 etenim
3189 5087 3338 5138 senui
3369 5125 3382 5149 ,
3412 5096 3462 5135 et
3488 5095 3590 5133 non
3616 5075 3728 5129 vitii

465 5180 578 5231 οὐκ
607 5174 770 5231 εἶδον
815 5176 1049 5229 δίκαιον
1085 5173 1722 5244 ἐγκαταλελειμμένον.
1774 5174 2011 5244 Περιττὸη

2138 5174 2348 5242 justum
2398 5173 2724 5229 derelictum.
2777 5175 3064 5245 Superﬂua
3113 5185 3197 5228 est
3248 5173 3334 5225 illa
3399 5163 3727 5234 conjuttt‘tio

468 5270 580 5338 γὰρ
601 5271 627 5320 6
659 5267 954 5338 σύνδεσμος
993 5283 1006 5298 ο
1040 5266 1234 5318 ἔστιδὲ
1265 5265 1510 5330 τοιοῦτος
1533 5265 1561 5318 6
1595 5265 1720 5329 νοῦς
1741 5305 1756 5332 ,
1787 5265 1872 5319 ὅτι
1899 5266 2008 5320 Neo

2148 5267 2309 5322 enim.
2342 5263 2548 5322 Sensus
2579 5275 2662 5322 est
2696 5283 2715 5319 τ
2743 5265 2969 5324 Juveuis
3013 5266 3112 5329 fui,
3140 5274 3190 5318 ct
3224 5259 3379 5318 senui
3407 5259 3541 5327 jam,
3573 5263 3625 5308 et
3662 5253 3723 5307 in

540 5444 587 5474 ν’
622 5439 758 5496 Gen.
799 5457 896 5508 xit,
937 5442 991 5496 5.
1066 5440 1112 5473 ⁸³
1140 5439 1286 5495 l’sal.
1315 5455 1503 5504 csm,
1536 5441 1588 5495 1.

1783 5553 1983 5613 Variaa
2013 5553 2345 5618 lectiones.

545 5662 660 5734 {'50)
699 5657 1308 5734 ALxsxpetos'rqpévov.
1359 5729 1369 5734 _
1675 5725 1690 5734 _
1722 5723 1778 5734 ___
2219 5657 2330 5729 (3‘2)
2365 5657 2439 5714 Al.
2492 5653 3030 5729 καταρῤαχθήσεται.

552 5723 664 5803 ζει)
696 5723 1142 5794 Μειιοιίῖὲλεεῖνς
1175 5737 1227 5784 ct
1248 5729 1409 5797 paulo
1442 5734 1565 5797 post
1611 5723 1884 5788 κολάζειν.
