4072 6202
432 277 540 342 4°23

1643 260 2025 327 EUTHYMII
2053 254 2418 320 ZIGABENI

3583 243 3695 302 42!.

438 399 553 444 tota
590 387 693 442 ltac
727 387 837 440 vita
879 398 999 438 mea
1051 393 1330 450 nunquam
1365 376 1470 432 vidi
1507 374 1688 444 justos
1722 388 1751 425 a
1783 371 1890 425 Deo
1925 370 2020 423 de-

2136 365 2417 434 ὲγενόμην,
2451 362 2544 416 καὶ
2568 362 2819 431 ἐγήρασα
2846 359 2946 430 ἤδη
2975 375 2987 389 ·
3023 356 3116 410 καὶ
3146 352 3275 422 παρ’
3311 351 3439 420 ὅλην
3474 367 3576 419 μου
3598 351 3696 420 τὴν

437 479 696 548 relinqui.
729 474 972 531 Custodit
1003 471 1150 526 enim
1181 470 1315 523 Deus
1347 481 1522 522 omnes
1551 503 1568 529 ,
1613 465 1701 532 qui
1740 475 1858 514 eum
1900 456 2017 508 dili-

437 579 566 642 gunt
597 570 662 621 ".
683 566 837 633 Quod
871 566 915 619 si
945 565 1237 631 aliquando
1268 561 1416 614 visus
1433 565 1514 611 est
1538 555 1681 608 Deus
1704 552 1771 605 ad
1801 560 2016 618 tempus

438 663 651 731 aliquos
680 659 1083 726 derelinquere,
1118 653 1285 708 veluti
1319 652 1497 722 ipsum
1533 645 1700 700 David
1726 685 1741 709 ,
1794 657 1905 697 non
1939 651 2018 695 ta-

439 768 560 808 men
591 767 686 805 eos
711 749 926 820 penitus
955 745 1266 814 dereliquit,
1291 742 1386 796 sed
1419 752 1614 808 magna
1643 751 1767 792 cum
1791 734 2016 803 dispen-

438 842 651 896 satione
677 841 748 893 ita
781 837 1072 908 permisit,
1109 843 1169 888 ut
1221 840 1344 903 post
1391 829 1720 886 tentationes
1763 825 2018 892 deinceps

440 934 761 987 attentiores
797 929 1174 984 redderentur.

518 1131 703 1202 Neque
724 1145 895 1185 semen
926 1128 1040 1197 ejus
1079 1139 1320 1196 quwrens
1345 1135 1556 1192 panem.
1595 1115 1782 1186 Neque
1809 1115 1929 1184 eius
1957 1114 2020 1168 li-

445 1231 547 1282 lios
572 1226 901 1294 indigentes.
936 1219 1070 1274 Nam
1101 1219 1204 1272 etsi
1241 1217 1306 1270 ad
1355 1227 1571 1281 tempus
1624 1208 2019 1279 aliquantulum

444 1319 632 1373 afﬂicti
665 1325 812 1381 sunt,
837 1329 946 1368 non
981 1321 1160 1365 tamen
1192 1317 1471 1379 perpetuo.
1499 1303 1562 1357 Et
1594 1303 1752 1356 aliter
1783 1318 1800 1357 :
1829 1301 2021 1355 beatus

454 1409 622 1464 David
681 1423 740 1461 se
791 1419 1034 1472 eousque
1087 1400 1141 1453 id
1189 1413 1298 1453 non
1339 1395 1540 1450 vidisse
1581 1403 1877 1447 asseverat.
1930 1389 2023 1443 Vel

454 1501 617 1555 altius
651 1495 876 1564 intelligi
913 1500 1106 1563 potest,
1134 1502 1190 1544 ut
1213 1489 1359 1543 dicat
1385 1501 1444 1542 se
1472 1500 1583 1539 non
1612 1483 1815 1539 vidisse
1845 1482 2026 1552 justo-

450 1605 570 1645 rum
605 1604 790 1643 semen
822 1585 1139 1644 famescerc,
1177 1581 1278 1634 hoc
1312 1588 1415 1642 est,
1457 1575 1726 1646 spirituali
1775 1575 1900 1628 cibo
1933 1587 2027 1626 ca-

455 1697 575 1736 rere
607 1698 623 1744 ;
652 1682 805 1748 juxta
838 1676 970 1730 illttd
999 1692 1015 1729 :
1063 1671 1185 1726 Non
1222 1670 1428 1724 necabit
1465 1669 1605 1739 fame
1627 1667 1879 1721 Dominus
1906 1665 2024 1717 ani-

2123 457 2284 526 ἐντῷ
2323 454 2528 526 μεταξὺ
2580 454 2724 521 ζωὴν
2771 453 2871 503 οὐκ
2927 445 3068 501 εἶδον
3133 443 3700 513 ἐγκαταλελειμμένον

2125 549 2230 602 ὑπὸ
2259 547 2396 600 Θεοῦ
2435 546 2665 598 δίκαιον.
2717 541 3030 594 Φυλάσσει
3086 536 3215 606 γὰρ,
3257 536 3413 605 φησὶ,
3485 535 3700 600 Κύριος

2124 641 2356 706 πάντας
2406 638 2548 702 τοὺς
2585 633 2930 705 ἀγαπῶντας
2967 632 3175 686 αὐτόν.
3233 633 3291 682 Εἰ
3333 630 3389 682 δέ
3443 631 3534 680 καὶ
3565 627 3699 694 πρὶς

2128 731 2324 802 μικρὸν
2377 729 2767 797 ἐγκαταλιπεῖν
2815 742 2972 787 τινας
3021 727 3049 776 ό
3105 723 3236 807 θεὸς
3264 721 3460 784 ἔδοξεν,
3487 719 3560 781 ὼς
3607 718 3701 770 καὶ

2126 824 2310 886 αὐτὸν,
2341 823 2456 877 ἀλλ’
2486 822 2587 874 οὐκ
2617 817 2974 886 ἐγκατέλιπεν
3004 833 3017 847 ·
3048 813 3414 883 οἰκονομικῶς
3467 813 3523 864 δὲ
3555 829 3701 880 παρ-

2126 915 2428 986 εχώρησεν,
2460 914 2548 967 ἵνα
2581 911 2866 974 παθόντες,
2897 907 2992 962 τοῦ
3012 907 3202 960 λοιποῦ
3260 903 3703 975 προσεκτικὼτεε-

2129 1023 2211 1078 ροι
2238 1008 2529 1077 γένωνται.

2201 1123 2354 1179 Οὐδὲ
2377 1123 2443 1176 τό
2473 1119 2712 1190 σπέρμα
2737 1119 2922 1174 αὐτοῦ
2973 1115 3188 1184 ζητοῦν
3207 1115 3448 1182 ἄρτους.
3478 1111 3614 1166 Οὐδὲ
3643 1109 3705 1162 ab

2127 1215 2316 1268 τέκνον
2347 1212 2515 1265 αὐτοῦ
2538 1209 2836 1281 πενόμενον
2860 1225 2874 1240 ·
2911 1211 2960 1262 εἰ
3010 1207 3120 1278 γὰρ
3175 1206 3271 1258 καὶ
3296 1207 3298 1209 ’
3324 1204 3461 1272 πρὸς
3509 1201 3706 1272 μικρόν

2129 1321 2258 1358 ποτε
2283 1301 2805 1373 κακοπαθήσει.ἁλλ’
2839 1301 2900 1352 οὐ
2937 1299 3099 1368 μέχρι
3126 1297 3338 1356 τέλους.
3406 1295 3610 1355 Ἀλλως
3643 1311 3702 1345 τε

2129 1398 2208 1460 δὲ,
2243 1396 2465 1467 μερικὺς
2489 1397 2516 1447 ό
2552 1393 2745 1462 λόγος’
2775 1390 2936 1454 αὐτὸς
2967 1393 3078 1459 γὰρ
3127 1387 3266 1451 τέως
3323 1387 3352 1438 ὁ
3402 1385 3566 1438 Δαῦὶδ
3633 1384 3708 1453 μὴ

2133 1490 2262 1542 ἰδεῖν
2285 1488 2525 1540 τοιοῦτον
2558 1485 2916 1555 ἰσχυρίζεται.
2989 1482 3064 1535 ’Ἡ
3121 1483 3214 1534 καὶ
3253 1478 3579 1550 ὑψηλότερον
3629 1479 3706 1528 si.

2131 1583 2254 1635 πεῖν
2283 1579 2397 1632 ἔστι
2428 1579 2608 1641 τοῦτο,
2644 1578 2764 1630 ἀντὶ
2816 1575 2934 1642 τοῦ,
2967 1573 3250 1643 Λιμῶττον
3281 1571 3488 1643 mosi};
3547 1586 3712 1621 πνευο

2137 1669 2394 1740 ματικῆς,
2422 1669 2564 1722 κατὰ
2593 1669 2686 1719 τό’
2730 1669 2812 1720 Οὐ
2853 1663 3284 1734 λιμοκτονήσει
3336 1663 3549 1728 Κύριος
3589 1663 3707 1727 ψυ·

451 1788 565 1824 mas
589 1743 949 1840 justorum“.
993 1766 1128 1820 Nam
1181 1761 1423 1832 alioquin
1455 1799 1469 1820 .
1527 1773 1714 1814 semen
1752 1755 1926 1812 Jacob
1980 1755 2030 1807 in

2136 1764 2248 1832 κὰς
2276 1763 2522 1816 δικαίων
2560 1777 2573 1793 ⁶
2614 1761 2788 1823 ἄλλως
2816 1761 2925 1829 γὰρ
2968 1757 3028 1811 τὸ
3087 1756 3309 1826 σπέρμα
3355 1755 3447 1808 τοῦ
3515 1754 3713 1808 Ἰακὼὸ

450 1865 684 1936 Egypt!)
720 1877 910 1932 panem
939 1859 1212 1931 quaesivit.

524 1975 689 2028 Vens.
722 1974 813 2027 26.
851 1973 984 2026 Tota
1020 1971 1102 2024 die
1153 1971 1426 2024 miseretur
1487 1977 1538 2022 et
1588 1975 1795 2021 mutual
1827 1965 2029 2034 justus.

456 2065 591 2119 Tota
625 2065 731 2127 die,
769 2078 866 2134 pro
909 2060 1158 2130 Semper.
1211 2059 1278 2115 Et
1331 2059 1642 2128 petentibus
1669 2097 1684 2123 ,
1744 2056 2036 2125 aliquando

455 2155 736 2224 pecunias,
770 2153 1064 2224 aliquando
1103 2151 1264 2206 utiles
1304 2150 1708 2204 admonitiones
1738 2155 1978 2218 pnestat.

531 2353 594 2407 Et
626 2370 799 2407 semen
828 2353 941 2421 ejus
967 2353 1019 2404 in
1070 2350 1481 2405 benedictionem
1529 2349 1650 2402 erit.
1710 2347 1851 2400 Dixit
1891 2347 2035 2401 enim

459 2445 600 2498 Deus
637 2444 702 2495 ad
738 2441 995 2512 Moysetn,
1034 2456 1093 2494 sc
1123 2438 1370 2493 misereri
1427 2438 1660 2491 ﬁliorum
1696 2446 1916 2506 propter
1939 2451 2031 2490 eo-

456 2548 574 2587 rum
603 2539 806 2601 patres,
843 2529 931 2598 qtti
962 2528 1066 2581 sibi
1105 2527 1242 2596 grati
1275 2526 1496 2580 fuerunt
1523 2548 1535 2580 :
1570 2535 1625 2579 et
1655 2526 1801 2594 quod
1849 2525 2040 2579 simili-

457 2633 540 2679 ter
574 2633 792 2693 propter
825 2629 1109 2690 parentutn
1143 2618 1273 2672 vitia
1306 2617 1562 2672 retribuit
1614 2617 1848 2687 posteris
1893 2617 2040 2670 cala-

458 2717 697 2770 mitates.
723 2712 788 2766 In
823 2710 1231 2765 benedictionem
1255 2717 1433 2762 autem
1468 2709 1592 2771 erit,
1621 2708 1725 2762 hoc.
1743 2718 1846 2768 est,
1870 2707 2036 2761 benc—

456 2809 671 2862 dicetur
703 2815 755 2860 et
776 2803 1108 2866 laudabitur,
1129 2801 1198 2854 ob
1231 2799 1742 2871 parentisnimit'utn
1761 2801 1974 2853 merita.

533 2897 698 2953 Vens.
744 2898 834 2951 ‘27.
873 2895 1090 2948 Declina
1115 2911 1148 2946 a
1179 2892 1318 2947 malo
1343 2904 1390 2947 et
1426 2892 1516 2962 [ac
1545 2892 1756 2946 bonum.
1816 2893 1927 2947 lloc
1983 2891 2038 2945 in

468 2991 677 3060 DSSIIIIIO
711 3005 881 3043 xum
921 2989 1260 3042 declaratqu
1295 2997 1398 3041 est.

531 3083 600 3136 Et
630 3081 870 3135 inltabita
903 3080 955 3132 in
985 3079 1236 3132 swculum
1268 3076 1468 3131 swculi.
1493 3078 1627 3131 Cum
1657 3117 1671 3142 ,
1704 3076 1901 3146 inquit,
1925 3075 2034 3145 jam
2063 3085 2108 3128 υ

461 3174 743 3236 didiceris,
781 3185 1031 3241 quamam
1068 3169 1178 3224 sint
1207 3169 1490 3233 virtutum,
1524 3178 1577 3222 et
1611 3168 1867 3221 vitiorum
1901 3183 2041 3237 prte-

462 3264 591 3327 mia,
622 3263 758 3332 elige
798 3259 1042 3326 meliora;
1093 3269 1147 3313 et
1198 3258 1383 3312 ltabita
1445 3257 1604 3327 longo
1655 3267 1918 3327 tempore.
1983 3257 2040 3312 ld

462 3352 609 3408 enim
661 3351 971 3420 signiﬁcant
1021 3349 1184 3402 verba
1229 3349 1364 3402 illa:
1417 3345 1485 3400 In
1534 3346 1784 3400 swculum
1832 3347 2038 3401 sa'culi.

461 3441 605 3497 Justi
644 3442 866 3505 eteuittt,
917 3440 1010 3509 qui
1044 3439 1171 3493 olim
1228 3438 1420 3503 fuere,
1476 3438 1681 3494 diutius
1738 3441 2040 3493 vixerunt:

463 3533 607 3601 quod
642 3531 688 3584 si
720 3530 887 3600 aliqui
921 3546 986 3585 es
1025 3530 1104 3583 eis
1130 3529 1378 3599 juniores
1415 3529 1614 3582 mortui
1657 3539 1825 3596 sunt,
1861 3530 2042 3584 divina

465 3626 517 3677 id
553 3623 960 3692 dispensatione
989 3623 1190 3677 laetum
1227 3630 1330 3677 est.
1371 3619 1505 3674 Nam
1537 3629 1592 3676 et
1633 3622 1888 3677 Salomon
1923 3624 2046 3676 diu-

465 3729 680 3768 turnam
715 3716 999 3785 pollicetur
1027 3716 1191 3769 vitam
1223 3714 1542 3769 timentibus
1576 3712 1888 3768 Dominum.
1928 3711 2044 3778 Vel,

468 3807 657 3862 llabita
696 3809 749 3862 in
784 3807 1043 3861 saeculum
1091 3807 1361 3870 futurum,
1425 3814 1481 3860 tu
1539 3807 1631 3876 qui
1680 3806 1858 3860 incola
1899 3821 1959 3861 es
1993 3808 2045 3860 in

467 3901 722 3967 praesenti
757 3899 980 3962 sazcnlo,
1020 3898 1106 3952 ubi
1139 3913 1246 3952 non
1288 3907 1550 3968 perpetuo
1574 3937 1589 3962 ,
1641 3897 1736 3951 scd
1777 3905 1928 3952 certo
1983 3912 2046 3950 ac

468 3991 619 4044 brevi
652 3990 901 4060 degimus
944 4000 1206 4060 tempore.

543 4103 705 4157 Vens.
735 4103 826 4156 28.
859 4104 1125 4169 Quoniam
1147 4103 1405 4158 Dominus
1427 4101 1599 4172 diligit
1632 4101 1916 4170 judicium.
1937 4100 2050 4158 Hoc

468 4205 554 4251 est
588 4212 602 4248 :
629 4196 893 4261 Quoniam
917 4195 1178 4250 Dominus
1195 4196 1363 4266 judes
1391 4206 1493 4252 est.
1516 4191 1615 4252 Vel
1635 4211 1732 4264 per
1757 4194 2047 4265 judicium,

464 4287 737 4356 juStitiatn
774 4288 1052 4356 intelligit.

2136 1856 2409 1924 ἐζήτησαν
2435 1856 2600 1926 ἄρτον
2632 1856 2689 1908 ἐν
2720 1855 3006 1922 Αἰγύπτῳ.

2207 1969 2405 2035 Ὅλην
2459 1965 2574 2034 τὴν
2631 1967 2859 2035 ἡμέραν
2915 1964 3077 2020 ἐλεεῖ
3115 1966 3214 2019 καὶ
3254 1962 3505 2024 δανείζει
3555 1969 3588 2019 ὀ
3623 1965 3710 2016 ὅτι

2138 2076 2326 2124 natae.
2347 2088 2417 2098 —-
2450 2060 2643 2124 Ὅλην
2676 2058 2790 2126 τὴν
2810 2058 3060 2128 ἡμέραν.
3095 2059 3217 2111 ἀντὶ
3245 2058 3362 2122 τοῦ,
3426 2057 3537 2109 Ἀεξ
3568 2073 3582 2086 ο
3617 2058 3716 2109 καὶ

2139 2153 2272 2205 ποτέ
2311 2153 2408 2222 μὲν
2463 2151 2698 2216 δανείζει
2725 2155 2837 2215 τοῖς
2871 2150 3081 2204 αἰτοῦσι
3121 2151 3408 2224 χρήματα,
3463 2150 3592 2203 ποτέ
3657 2152 3715 2202 δὲ

2139 2244 2332 2310 λόγους
2360 2241 2652 2310 ὠφελείας.

2209 2353 2318 2407 Καὶ
2374 2353 2440 2405 τὸ
2501 2351 2739 2421 σπέρμα
2785 2349 2975 2406 αὑτοῦ
3037 2354 3126 2419 εἰς
3171 2352 3459 2421 εὐλογίαν
3521 2353 3716 2407 ἔσται.

2142 2443 2275 2498 Εἴπε
2303 2446 2410 2516 γὰρ
2441 2446 2571 2517 πρὸς
2606 2447 2813 2514 Μωσῆν
2855 2447 2883 2498 ό
2915 2445 3070 2507 Θεὸς,
3104 2445 3185 2498 ὅτι
3229 2445 3372 2497 ἐλεεῖ
3425 2444 3591 2499 τέκνα
3627 2445 3720 2497 διὰ

2142 2537 2394 2606 πατέρων
2421 2537 2807 2607 εὐαρέστησιν,
2840 2539 2936 2590 καὶ
2963 2532 3118 2600 αὖθις
3147 2537 3436 2591 ἀποδίδωσι
3452 2538 3536 2590 διὰ
3553 2539 3722 2590 πατέδ

2145 2648 2253 2700 ρων
2282 2629 2502 2682 κακέαν.
2536 2633 2640 2695 Εἰς
2675 2625 2964 2697 εὐλογίαν
2999 2629 3077 2694 δὲ,
3103 2629 3226 2684 ἀντὶ
3260 2629 3378 2695 τοῦ,
3415 2630 3717 2698 sitiemus-

2141 2740 2229 2774 νον
2257 2724 2351 2776 καὶ⁸
2375 2723 2681 2786 ἐπαινετὸν,
2709 2721 2798 2775 διὰ
2829 2721 2923 2774 τὸν
2953 2720 3188 2792 πατέρα.

2217 2903 2542 2958 Ἔκκλινον
2575 2903 2694 2958 ἀπὸ
2743 2903 2955 2965 κακοῦ,
3024 2902 3124 2955 καί
3171 2903 3436 2970 ποίησον
3472 2903 3720 2968 ἀγαθόν.

2144 2995 2313 3050 Τοῦτο
2342 2995 2564 3065 εἴρηκεν
2595 2996 2690 3048 καὶ
2722 2997 2780 3047 ἐν
2808 2994 2885 3064 τῷ
2920 2991 3001 3062 λγ⁸
3026 2993 3251 3063 ψαλμῷ.

2211 3088 2320 3142 Kal
2341 3086 2732 3153 κατασκήνου
2755 3089 2840 3153 εἰς
2861 3085 3048 3140 αἰῶνα
3087 3085 3322 3152 αἰῶνος.
3359 3087 3520 3155 Ἤδη,
3563 3089 3724 3158 φησῖ,

2145 3175 2338 3247 μαθὼν
2362 3177 2484 3229 τίνα
2525 3178 2626 3246 μὲν
2660 3177 2728 3230 τὰ
2755 3177 3010 3247 ἐπίχειρα
3039 3177 3141 3247 τῆς
3199 3177 3425 3247 ἀρετῆς,
3482 3178 3606 3232 τίνα
3659 3179 3721 3231 δὲ

2141 3265 2244 3334 τῆς
2303 3265 2529 3329 κακίας,
2587 3263 2710 3317 ἑλοῦ
2757 3266 2824 3318 τὰ
2881 3265 3189 3335 κρείττονα,
3247 3266 3342 3319 καὶ
3376 3272 3722 3337 κατασκήνου

2149 3357 2542 3426 μακροχρονίᾳ·
2601 3354 2759 3408 τοῦτο
2795 3355 2906 3425 γὰρ
2939 3355 3092 3426 δηλοῖ
3131 3357 3212 3424 τὸ,
3249 3359 3357 3423 Εἰς
3391 3357 3576 3412 αἰῶνα
3629 3361 3724 3411 αὶ-

2143 3446 2297 3512 ῶνος
2321 3464 2334 3478 ·
2364 3450 2413 3500 οἰ
2442 3449 2550 3518 γὰρ
2579 3447 2748 3500 πάλαι
2779 3447 3001 3512 δίκαιοι,
3055 3447 3345 3518 μακρόόιοι
3404 3448 3724 3518 ἐτύγχανον.

2147 3539 2210 3590 Εἰ
2230 3537 2286 3590 δὲ
2318 3538 2410 3590 καί
2436 3555 2579 3600 τινες
2615 3540 2674 3590 ἐν
2731 3539 2944 3606 νεότητι
3003 3539 3355 3608 τεθνήκασιν,
3407 3539 3542 3592 ἀλλὰ
3598 3537 3726 3591 κατ’

2145 3628 2462 3697 οἰκονομίαν
2492 3628 2671 3681 τοῦτο.
2700 3629 2810 3682 Καὶ
2833 3628 3086 3698 Σολομὼν
3124 3629 3232 3699 γὰρ
3293 3628 3504 3699 μακρὸν
3547 3631 3727 3700 γῆρας

2081 3787 2087 3791 Π
2148 3722 2261 3781 τοῖς
2325 3719 2687 3789 φοϐουμένοις
2755 3719 2846 3772 τὸν
2897 3719 3103 3790 Κύριον
3138 3721 3562 3788 ἐπαγγέλλεται.
3624 3721 3723 3786 Ἢ,

2149 3813 2496 3882 κατασκήνου
2528 3813 2607 3874 εἰς
2639 3812 2732 3864 τὸν
2760 3812 2936 3865 αἰῶνα
2969 3814 3060 3865 τὸν
3085 3813 3374 3884 μέλλοντα,
3406 3815 3465 3867 ἐν
3522 3815 3598 3885 τῷ
3627 3813 3727 3866 νῦν

2148 3903 2307 3957 αἰῶνι
2334 3902 2638 3974 παροικῶν,
2669 3903 2758 3956 διὰ
2784 3903 2846 3957 τὸ
2881 3903 3220 3976 πρόσκαιρον
3245 3904 3343 3973 τῆς
3376 3903 3544 3972 ζωῆς.

2222 4103 2351 4157 Ὀτι
2399 4103 2610 4172 Κύριος
2664 4100 2869 4170 ἀγαπᾷ
2914 4101 3144 4170 κρίσιν.
3189 4100 3470 4166 Τουτέστι,
3532 4101 3726 4171 κριτής

2151 4197 2318 4251 ἐστιν.
2357 4197 2424 4248 Ἦ
2461 4197 2556 4249 καὶ
2583 4195 2767 4266 κρίσιν
2789 4194 2851 4246 τὸ
2871 4192 3083 4246 δίκαιον
3111 4193 3284 4261 λέγει.

543 4382 613 4433 Et
645 4395 744 4432 non
790 4378 1110 4448 derelinquet
1171 4384 1386 4432 sanctos
1439 4394 1586 4433 suos.
1633 4379 1850 4434 Justum
1900 4380 2036 4434 enim

2220 4374 2328 4429 Kal
2349 4374 2463 4428 οὐκ
2482 4372 2903 4442 ἐγκαταλείψει
2937 4371 3084 4438 τοὺς
3113 4372 3327 4438 ὁσίους
3371 4370 3576 4426 αὑτοῦ.
3637 4373 3730 4424 Δι-

467 4478 574 4533 est,
610 4477 666 4521 ut
701 4483 795 4521 eos
824 4483 928 4518 non
955 4466 1300 4534 derelinquat
1327 4506 1343 4531 ,
1387 4467 1480 4536 qui
1515 4468 1662 4522 illum
1704 4484 1814 4523 non
1850 4469 2047 4523 dereli-

469 4563 708 4630 queriut.
743 4557 844 4611 l’er
879 4567 1100 4612 sanctos
1141 4571 1322 4612 autem
1374 4558 1679 4630 lticjustos,
1727 4575 1824 4616 seu
1850 4560 2048 4614 virtute

471 4659 803 4721 praestantes
831 4649 980 4702 viros
1017 4649 1295 4721 intelligit.

544 4739 611 4794 In
645 4739 894 4794 saxulum
928 4741 1299 4796 servabuntur.
1335 4741 1392 4795 In
1429 4757 1667 4812 prasens
1709 4741 1920 4797 scilicet
1947 4781 1960 4806 ,
1994 4751 2050 4796 et

475 4826 531 4885 in
569 4833 837 4886 futurum.
1836 4895 1839 4898 _

546 4921 720 4990 Iniqui
752 4934 926 4976 autem
955 4922 1311 4991 expellentur.
1347 4925 1386 4976 A
1419 4923 1782 4993 praesentibus
1807 4934 1862 4979 et
1903 4925 2050 4978 iutu-

475 5013 552 5068 t‘is
586 5012 741 5068 bouis
772 5014 1300 5084 (ἐκδιωχθήσονται).

547 5103 615 5156 Et
636 5121 806 5158 semen
841 5108 1123 5173 impiorum
1173 5106 1633 5162 exterminabitur.
1666 5108 1739 5162 De
1770 5108 1871 5163 hoc
1895 5110 2053 5177 paulo

476 5197 729 5264 superius
758 5196 962 5249 dictum
997 5207 1100 5262 est,
1139 5198 1210 5250 ibi
1259 5214 1273 5252 :
1337 5197 1400 5250 Et
1435 5215 1604 5253 semen
1657 5201 1769 5268 ejus
1815 5200 1866 5252 in
1902 5201 2054 5253 bene-

475 5287 757 5338 dictionem
781 5287 903 5340 erit.

551 5375 716 5434 Vsus.
753 5376 1017 5432 29.1usti
1074 5390 1247 5432 autem
1289 5379 1675 5433 Itwreditabunt
1723 5389 1951 5446 terram,
1999 5395 2047 5435 et

477 5466 843 5523 inhabitabant
875 5469 1408 5522 inswcqutnstt'culi
1433 5485 1589 5537 super
1633 5485 1772 5522 eam.
1835 5469 1906 5522 De
1950 5473 2048 5525 ltoe

554 5648 599 5678 ⁸⁸
629 5646 772 5699 PSaI.
811 5658 993 5712 chtv,
1033 5646 1121 5700 (ΞΟ.
1201 5645 1247 5676 θ’
1275 5643 1439 5699 Prov.
1475 5661 1528 5708 tt,
1561 5644 1617 5698 3.

2153 4483 2307 4521 καιον
2330 4466 2440 4536 γὰρ
2471 4466 2545 4536 μὴ
2568 4464 2956 4534 ἐγκαταλιπεῖν
2995 4465 3123 4527 τοὺς
3152 4463 3229 4534 μὴ
3255 4464 3726 4532 ἐγκαταλιπόντας

2153 4560 2337 4613 αὐτόν.
2393 4558 2581 4621 "Octo;
2607 4557 2665 4611 δὲ
2686 4557 2802 4623 νῦν,
2833 4557 2860 4608 ό
2882 4557 3109 4621 δίκαιο;,
3144 4557 3263 4626 ἡτοι
3286 4556 3561 4627 ἐνάρετος.

2229 4740 2330 4802 Εἰς
2387 4737 2492 4790 τὸν
2537 4736 2724 4790 αἰῶνα
2781 4735 3302 4806 φυλαχθήσονται.
3363 4736 3473 4788 Καὶ
3525 4736 3608 4796 εἰς
3635 4736 3730 4787 τὸν

2159 4829 2422 4898 παρόντα,
2452 4830 2545 4881 καὶ
2569 4832 2646 4892 εἰς
2676 4830 2768 4882 τὸν
2807 4829 3093 4899 μέλλοντα.

2230 4924 2464 4989 Ἀνομοι
2535 4921 2603 4974 δὲ
2671 4921 3200 4989 ἐκδιωχθήσονται.
3266 4921 3377 4973 Καὶ
3458 4921 3567 4972 ἀπὸ
3619 4921 3732 4972 τῶν

2159 5015 2444 5083 παρόντων
2477 5016 2720 5084 ἀγαθῶν,
2759 5015 2856 5069 καὶ
2890 5016 2999 5069 ἀπὸ
3046 5017 3156 5068 τῶν
3187 5015 3512 5085 μελλόντων.

2229 5110 2337 5162 Καὶ
2368 5110 2608 5178 σπέρμα
2627 5109 2864 5163 ἀσεϐῶν
2891 5107 3484 5176 ἑξολοθρευθήσεται.
3536 5109 3734 5176 Προεὶο

2164 5219 2325 5271 ρηται
2359 5202 2488 5271 περὶ
2517 5200 2708 5253 τούτου
2743 5201 2938 5271 μικρὸν
2973 5201 3250 5271 ἀνωτέρω,
3273 5203 3352 5262 εἰς
3379 5200 3460 5260 τὸ,
3518 5199 3628 5251 Καὶ
3663 5201 3733 5251 τὸ

2157 5293 2398 5360 σπέρμα
2425 5291 2612 5345 αὑτοῦ
2640 5293 2727 5356 εις
2753 5292 3043 5361 εὐλογίαν
3077 5293 3270 5344 ἔσται.

2229 5386 2450 5436 Δι’καιοι
2511 5383 2579 5435 δὲ
2639 5381 3174 5452 κληρονομήσουσι
3223 5381 3361 5451 γῆν,
3411 5382 3509 5435 καὶ
3554 5399 3704 5436 κατα

2158 5472 2596 5539 σκηϊώσουσιν
2629 5477 2717 5538 εἰς
2749 5473 2935 5528 αἰῶνα
2960 5473 3178 5540 αἰῶνος
3211 5474 3303 5526 ἐπ’
3351 5472 3563 5541 αὐτῆς.
3623 5475 3732 5526 Ka‘t
