  <div class='ocr_page' id='page_1' title='image "/cluster/home/n/w/nwhite01/storage/ocr_20150623/128/hvd.32044073502403/219.png"; bbox 0 0 4114 6208; ppageno 0'>
   <div class='ocr_carea' id='block_1_1' title="bbox 439 261 549 322">
    <p class='ocr_par' dir='ltr' id='par_1_1' title="bbox 439 261 549 322">
     <span class='ocr_line' id='line_1_1' title="bbox 439 261 549 322; baseline 0 0"><span class='ocrx_word' id='word_1_1' title='bbox 439 261 549 322; x_wconf 65' lang='grc' dir='ltr'><strong>ᾆΞῚ</strong></span> 
     </span>
    </p>
   </div>
   <div class='ocr_carea' id='block_1_2' title="bbox 1647 259 2433 321">
    <p class='ocr_par' dir='ltr' id='par_1_2' title="bbox 1647 259 2433 321">
     <span class='ocr_line' id='line_1_2' title="bbox 1647 259 2433 321; baseline -0.006 0"><span class='ocrx_word' id='word_1_2' title='bbox 1647 261 2027 321; x_wconf 84' lang='lat' dir='ltr'><strong>EUTIlYMll</strong></span> <span class='ocrx_word' id='word_1_3' title='bbox 2073 259 2433 320; x_wconf 77' lang='lat' dir='ltr'><strong>ZIGABENI</strong></span> 
     </span>
    </p>
   </div>
   <div class='ocr_carea' id='block_1_3' title="bbox 3592 257 3695 319">
    <p class='ocr_par' dir='ltr' id='par_1_3' title="bbox 3592 257 3695 319">
     <span class='ocr_line' id='line_1_3' title="bbox 3592 257 3695 319; baseline 0 0"><span class='ocrx_word' id='word_1_4' title='bbox 3592 257 3695 319; x_wconf 64' lang='lat'><strong>427.8</strong></span> 
     </span>
    </p>
   </div>
   <div class='ocr_carea' id='block_1_4' title="bbox 439 373 1994 446">
    <p class='ocr_par' dir='ltr' id='par_1_4' title="bbox 439 377 1994 446">
     <span class='ocr_line' id='line_1_4' title="bbox 439 377 1994 446; baseline -0.003 -11"><span class='ocrx_word' id='word_1_5' title='bbox 439 382 737 435; x_wconf 80' lang='lat' dir='ltr'><strong>iiberoruut</strong></span> <span class='ocrx_word' id='word_1_6' title='bbox 771 377 1231 446; x_wconf 57' lang='lat' dir='ltr'><strong>prorreationem,</strong></span> <span class='ocrx_word' id='word_1_7' title='bbox 1259 385 1354 430; x_wconf 88' lang='lat' dir='ltr'><strong>aut</strong></span> <span class='ocrx_word' id='word_1_8' title='bbox 1373 377 1721 432; x_wconf 86' lang='lat' dir='ltr'><strong>inimicorum</strong></span> <span class='ocrx_word' id='word_1_9' title='bbox 1749 378 1994 430; x_wconf 24' lang='lat' dir='ltr'><strong>exterruit</strong></span> 
     </span>
    </p>
   </div>
   <div class='ocr_carea' id='block_1_5' title="bbox 2099 373 3704 446">
    <p class='ocr_par' dir='ltr' id='par_1_5' title="bbox 2131 373 3704 445">
     <span class='ocr_line' id='line_1_5' title="bbox 2131 373 3704 445; baseline 0.003 -17"><span class='ocrx_word' id='word_1_10' title='bbox 2131 379 2308 436; x_wconf 76' lang='grc' dir='ltr'>ποιῖα,</span> <span class='ocrx_word' id='word_1_11' title='bbox 2340 375 2431 428; x_wconf 72' lang='grc' dir='ltr'><strong>καὶ</strong></span> <span class='ocrx_word' id='word_1_12' title='bbox 2473 377 2504 442; x_wconf 84' lang='grc' dir='ltr'>ἡ</span> <span class='ocrx_word' id='word_1_13' title='bbox 2533 373 2640 426; x_wconf 79' lang='grc' dir='ltr'><strong>τῶν</strong></span> <span class='ocrx_word' id='word_1_14' title='bbox 2665 373 2878 445; x_wconf 75' lang='grc' dir='ltr'>ἐχθρῶν</span> <span class='ocrx_word' id='word_1_15' title='bbox 2913 373 3310 444; x_wconf 74' lang='grc' dir='ltr'>ἐξολόθρευσις,</span> <span class='ocrx_word' id='word_1_16' title='bbox 3354 375 3447 428; x_wconf 71' lang='grc' dir='ltr'>καὶ</span> <span class='ocrx_word' id='word_1_17' title='bbox 3495 377 3563 430; x_wconf 82' lang='grc' dir='ltr'>τὰ</span> <span class='ocrx_word' id='word_1_18' title='bbox 3594 397 3704 432; x_wconf 68' lang='grc' dir='ltr'>τοις</span> 
     </span>
    </p>
   </div>
   <div class='ocr_carea' id='block_1_6' title="bbox 441 469 2016 539">
    <p class='ocr_par' dir='ltr' id='par_1_6' title="bbox 441 469 2016 539">
     <span class='ocr_line' id='line_1_6' title="bbox 441 469 2016 539; baseline -0.003 -11"><span class='ocrx_word' id='word_1_19' title='bbox 441 474 741 536; x_wconf 84' lang='lat' dir='ltr'><strong>nationem,</strong></span> <span class='ocrx_word' id='word_1_20' title='bbox 777 482 871 524; x_wconf 88' lang='lat' dir='ltr'><strong>aut</strong></span> <span class='ocrx_word' id='word_1_21' title='bbox 899 472 1001 524; x_wconf 77' lang='lat' dir='ltr'><strong>alia</strong></span> <span class='ocrx_word' id='word_1_22' title='bbox 1043 469 1353 539; x_wconf 73' lang='lat' dir='ltr'><strong>huiusmodi</strong></span> <span class='ocrx_word' id='word_1_23' title='bbox 1384 487 1398 534; x_wconf 91' lang='lat'><strong>;</strong></span> <span class='ocrx_word' id='word_1_24' title='bbox 1433 470 1637 524; x_wconf 89' lang='lat' dir='ltr'><strong>idcirco</strong></span> <span class='ocrx_word' id='word_1_25' title='bbox 1670 470 1754 523; x_wconf 88' lang='lat' dir='ltr'><strong>his</strong></span> <span class='ocrx_word' id='word_1_26' title='bbox 1781 470 2016 539; x_wconf 81' lang='lat' dir='ltr'><strong>promis-</strong></span> 
     </span>
    </p>
   </div>
   <div class='ocr_carea' id='block_1_7' title="bbox 441 561 2013 630">
    <p class='ocr_par' dir='ltr' id='par_1_7' title="bbox 441 561 2013 630">
     <span class='ocr_line' id='line_1_7' title="bbox 441 561 2013 630; baseline -0.005 -10"><span class='ocrx_word' id='word_1_27' title='bbox 441 565 691 620; x_wconf 87' lang='lat' dir='ltr'><strong>sionibus</strong></span> <span class='ocrx_word' id='word_1_28' title='bbox 725 561 991 630; x_wconf 75' lang='lat' dir='ltr'><strong>Propheta</strong></span> <span class='ocrx_word' id='word_1_29' title='bbox 1037 577 1228 614; x_wconf 76' lang='lat' dir='ltr'><strong>omnes</strong></span> <span class='ocrx_word' id='word_1_30' title='bbox 1265 562 1330 615; x_wconf 85' lang='lat' dir='ltr'><strong>ad</strong></span> <span class='ocrx_word' id='word_1_31' title='bbox 1364 561 1620 614; x_wconf 88' lang='lat' dir='ltr'><strong>virtutem</strong></span> <span class='ocrx_word' id='word_1_32' title='bbox 1666 562 2013 623; x_wconf 76' lang='lat' dir='ltr'><strong>exhortatur,</strong></span> 
     </span>
    </p>
   </div>
   <div class='ocr_carea' id='block_1_8' title="bbox 442 651 2015 724">
    <p class='ocr_par' dir='ltr' id='par_1_8' title="bbox 442 651 2015 724">
     <span class='ocr_line' id='line_1_8' title="bbox 442 651 2015 724; baseline -0.006 -11"><span class='ocrx_word' id='word_1_33' title='bbox 442 657 690 714; x_wconf 88' lang='lat' dir='ltr'><strong>eamdem</strong></span> <span class='ocrx_word' id='word_1_34' title='bbox 719 655 916 724; x_wconf 61' lang='lat' dir='ltr'><strong>sapius</strong></span> <span class='ocrx_word' id='word_1_35' title='bbox 948 661 1199 723; x_wconf 84' lang='lat' dir='ltr'><strong>repetens</strong></span> <span class='ocrx_word' id='word_1_36' title='bbox 1225 653 1572 709; x_wconf 89' lang='lat' dir='ltr'><strong>sententiam.</strong></span> <span class='ocrx_word' id='word_1_37' title='bbox 1598 651 1644 706; x_wconf 84' lang='lat' dir='ltr'><strong>A</strong></span> <span class='ocrx_word' id='word_1_38' title='bbox 1679 653 2015 707; x_wconf 87' lang='lat' dir='ltr'><strong>sublimiori-</strong></span> 
     </span>
    </p>
   </div>
   <div class='ocr_carea' id='block_1_9' title="bbox 440 745 2014 811">
    <p class='ocr_par' dir='ltr' id='par_1_9' title="bbox 440 745 2014 811">
     <span class='ocr_line' id='line_1_9' title="bbox 440 745 2014 811; baseline -0.004 -6"><span class='ocrx_word' id='word_1_39' title='bbox 440 757 544 807; x_wconf 91' lang='lat' dir='ltr'><strong>bus</strong></span> <span class='ocrx_word' id='word_1_40' title='bbox 567 762 748 804; x_wconf 90' lang='lat' dir='ltr'><strong>tamen</strong></span> <span class='ocrx_word' id='word_1_41' title='bbox 804 749 1122 802; x_wconf 86' lang='lat' dir='ltr'><strong>soblimiora</strong></span> <span class='ocrx_word' id='word_1_42' title='bbox 1155 749 1320 801; x_wconf 88' lang='lat' dir='ltr'><strong>etiam</strong></span> <span class='ocrx_word' id='word_1_43' title='bbox 1359 747 1448 801; x_wconf 89' lang='lat' dir='ltr'><strong>hic</strong></span> <span class='ocrx_word' id='word_1_44' title='bbox 1487 745 1931 811; x_wconf 83' lang='lat' dir='ltr'><strong>considerantur,</strong></span> <span class='ocrx_word' id='word_1_45' title='bbox 1960 755 2014 798; x_wconf 94' lang='lat' dir='ltr'><strong>ut</strong></span> 
     </span>
    </p>
   </div>
   <div class='ocr_carea' id='block_1_10' title="bbox 440 839 986 910">
    <p class='ocr_par' dir='ltr' id='par_1_10' title="bbox 440 839 986 910">
     <span class='ocr_line' id='line_1_10' title="bbox 440 839 986 910; baseline -0.011 -14"><span class='ocrx_word' id='word_1_46' title='bbox 440 841 690 910; x_wconf 83' lang='lat' dir='ltr'><strong>superius</strong></span> <span class='ocrx_word' id='word_1_47' title='bbox 725 839 986 894; x_wconf 83' lang='lat' dir='ltr'><strong>diximus.</strong></span> 
     </span>
    </p>
   </div>
   <div class='ocr_carea' id='block_1_11' title="bbox 509 927 2010 997">
    <p class='ocr_par' dir='ltr' id='par_1_11' title="bbox 509 927 2010 997">
     <span class='ocr_line' id='line_1_11' title="bbox 509 927 2010 997; baseline -0.007 -8"><span class='ocrx_word' id='word_1_48' title='bbox 509 934 636 989; x_wconf 88' lang='lat' dir='ltr'><strong>Cum</strong></span> <span class='ocrx_word' id='word_1_49' title='bbox 669 931 1010 986; x_wconf 74' lang='lat' dir='ltr'><strong>exterminari</strong></span> <span class='ocrx_word' id='word_1_50' title='bbox 1041 929 1232 997; x_wconf 78' lang='lat' dir='ltr'><strong>fuerint</strong></span> <span class='ocrx_word' id='word_1_51' title='bbox 1263 938 1585 997; x_wconf 84' lang='lat' dir='ltr'><strong>peccatores,</strong></span> <span class='ocrx_word' id='word_1_52' title='bbox 1619 929 1831 982; x_wconf 79' lang='lat' dir='ltr'><strong>videbis.</strong></span> <span class='ocrx_word' id='word_1_53' title='bbox 1873 927 2010 980; x_wconf 79' lang='lat' dir='ltr'><strong>Mul-</strong></span> 
     </span>
    </p>
   </div>
   <div class='ocr_carea' id='block_1_12' title="bbox 437 1019 2010 1094">
    <p class='ocr_par' dir='ltr' id='par_1_12' title="bbox 437 1019 2010 1094">
     <span class='ocr_line' id='line_1_12' title="bbox 437 1019 2010 1094; baseline -0.006 -13"><span class='ocrx_word' id='word_1_54' title='bbox 437 1037 617 1081; x_wconf 89' lang='lat' dir='ltr'><strong>torum</strong></span> <span class='ocrx_word' id='word_1_55' title='bbox 672 1023 1173 1094; x_wconf 82' lang='lat' dir='ltr'><strong>pnsillanimitatem</strong></span> <span class='ocrx_word' id='word_1_56' title='bbox 1233 1023 1528 1076; x_wconf 88' lang='lat' dir='ltr'><strong>consolans</strong></span> <span class='ocrx_word' id='word_1_57' title='bbox 1572 1019 1866 1090; x_wconf 80' lang='lat' dir='ltr'><strong>Propheta,</strong></span> <span class='ocrx_word' id='word_1_58' title='bbox 1919 1020 2010 1088; x_wconf 89' lang='lat' dir='ltr'><strong>qui</strong></span> 
     </span>
    </p>
   </div>
   <div class='ocr_carea' id='block_1_13' title="bbox 437 1109 2010 1185">
    <p class='ocr_par' dir='ltr' id='par_1_13' title="bbox 437 1109 2010 1185">
     <span class='ocr_line' id='line_1_13' title="bbox 437 1109 2010 1185; baseline -0.002 -20"><span class='ocrx_word' id='word_1_59' title='bbox 437 1130 576 1185; x_wconf 71' lang='lat' dir='ltr'><strong>wgre</strong></span> <span class='ocrx_word' id='word_1_60' title='bbox 603 1113 844 1166; x_wconf 80' lang='lat' dir='ltr'><strong>ferebant</strong></span> <span class='ocrx_word' id='word_1_61' title='bbox 879 1111 1042 1164; x_wconf 81' lang='lat' dir='ltr'><strong>Deum</strong></span> <span class='ocrx_word' id='word_1_62' title='bbox 1077 1111 1339 1166; x_wconf 85' lang='lat' dir='ltr'><strong>adversus</strong></span> <span class='ocrx_word' id='word_1_63' title='bbox 1387 1126 1584 1180; x_wconf 83' lang='lat' dir='ltr'><strong>pravos</strong></span> <span class='ocrx_word' id='word_1_64' title='bbox 1617 1119 1764 1163; x_wconf 82' lang='lat' dir='ltr'><strong>tanta</strong></span> <span class='ocrx_word' id='word_1_65' title='bbox 1797 1109 1874 1162; x_wconf 89' lang='lat' dir='ltr'><strong>uti</strong></span> <span class='ocrx_word' id='word_1_66' title='bbox 1917 1125 2010 1176; x_wconf 89' lang='lat' dir='ltr'><strong>pa-</strong></span> 
     </span>
    </p>
   </div>
   <div class='ocr_carea' id='block_1_14' title="bbox 437 1199 2011 1272">
    <p class='ocr_par' dir='ltr' id='par_1_14' title="bbox 437 1199 2011 1272">
     <span class='ocr_line' id='line_1_14' title="bbox 437 1199 2011 1272; baseline -0.002 -16"><span class='ocrx_word' id='word_1_67' title='bbox 437 1205 621 1257; x_wconf 88' lang='lat' dir='ltr'><strong>tientia</strong></span> <span class='ocrx_word' id='word_1_68' title='bbox 649 1209 703 1257; x_wconf 87' lang='lat' dir='ltr'><strong>et</strong></span> <span class='ocrx_word' id='word_1_69' title='bbox 737 1201 1167 1272; x_wconf 82' lang='lat' dir='ltr'><strong>longanimitate,</strong></span> <span class='ocrx_word' id='word_1_70' title='bbox 1203 1201 1309 1256; x_wconf 88' lang='lat' dir='ltr'><strong>ait:</strong></span> <span class='ocrx_word' id='word_1_71' title='bbox 1342 1199 1584 1264; x_wconf 85' lang='lat' dir='ltr'><strong>Conﬁde,</strong></span> <span class='ocrx_word' id='word_1_72' title='bbox 1619 1201 1744 1269; x_wconf 86' lang='lat' dir='ltr'><strong>quia</strong></span> <span class='ocrx_word' id='word_1_73' title='bbox 1779 1199 2011 1266; x_wconf 86' lang='lat' dir='ltr'><strong>injuste-</strong></span> 
     </span>
    </p>
   </div>
   <div class='ocr_carea' id='block_1_15' title="bbox 436 1289 2008 1361">
    <p class='ocr_par' dir='ltr' id='par_1_15' title="bbox 436 1289 2008 1361">
     <span class='ocr_line' id='line_1_15' title="bbox 436 1289 2008 1361; baseline -0.003 -15"><span class='ocrx_word' id='word_1_74' title='bbox 436 1311 554 1348; x_wconf 89' lang='lat' dir='ltr'><strong>rum</strong></span> <span class='ocrx_word' id='word_1_75' title='bbox 641 1307 703 1347; x_wconf 85' lang='lat' dir='ltr'><strong>ac</strong></span> <span class='ocrx_word' id='word_1_76' title='bbox 790 1307 1080 1361; x_wconf 88' lang='lat' dir='ltr'><strong>pravorum</strong></span> <span class='ocrx_word' id='word_1_77' title='bbox 1167 1291 1410 1345; x_wconf 89' lang='lat' dir='ltr'><strong>omnium</strong></span> <span class='ocrx_word' id='word_1_78' title='bbox 1494 1289 2008 1344; x_wconf 79' lang='lat' dir='ltr'><strong>exterminationem</strong></span> 
     </span>
    </p>
   </div>
   <div class='ocr_carea' id='block_1_16' title="bbox 434 1381 2010 1450">
    <p class='ocr_par' dir='ltr' id='par_1_16' title="bbox 434 1381 2010 1450">
     <span class='ocr_line' id='line_1_16' title="bbox 434 1381 2010 1450; baseline -0.002 -11"><span class='ocrx_word' id='word_1_79' title='bbox 434 1389 643 1441; x_wconf 81' lang='lat' dir='ltr'><strong>videbis</strong></span> <span class='ocrx_word' id='word_1_80' title='bbox 671 1402 685 1450; x_wconf 90' lang='lat'><strong>;</strong></span> <span class='ocrx_word' id='word_1_81' title='bbox 745 1393 798 1440; x_wconf 86' lang='lat' dir='ltr'><strong>et</strong></span> <span class='ocrx_word' id='word_1_82' title='bbox 844 1397 1152 1439; x_wconf 89' lang='lat' dir='ltr'><strong>sermonem</strong></span> <span class='ocrx_word' id='word_1_83' title='bbox 1184 1397 1343 1437; x_wconf 89' lang='lat' dir='ltr'><strong>suum</strong></span> <span class='ocrx_word' id='word_1_84' title='bbox 1376 1382 1664 1436; x_wconf 86' lang='lat' dir='ltr'><strong>conﬁrmat</strong></span> <span class='ocrx_word' id='word_1_85' title='bbox 1687 1396 1750 1434; x_wconf 79' lang='lat' dir='ltr'><strong>ex</strong></span> <span class='ocrx_word' id='word_1_86' title='bbox 1792 1381 1860 1436; x_wconf 92' lang='lat' dir='ltr'><strong>iis</strong></span> <span class='ocrx_word' id='word_1_87' title='bbox 1890 1397 2010 1449; x_wconf 83' lang='lat' dir='ltr'><strong>quae</strong></span> 
     </span>
    </p>
   </div>
   <div class='ocr_carea' id='block_1_17' title="bbox 437 1476 1086 1548">
    <p class='ocr_par' dir='ltr' id='par_1_17' title="bbox 437 1476 1086 1548">
     <span class='ocr_line' id='line_1_17' title="bbox 437 1476 1086 1548; baseline -0.006 -17"><span class='ocrx_word' id='word_1_88' title='bbox 437 1481 551 1548; x_wconf 89' lang='lat' dir='ltr'><strong>ipse</strong></span> <span class='ocrx_word' id='word_1_89' title='bbox 582 1478 738 1531; x_wconf 87' lang='lat' dir='ltr'><strong>vidit.</strong></span> <span class='ocrx_word' id='word_1_90' title='bbox 773 1476 860 1527; x_wconf 84' lang='lat' dir='ltr'><strong>Ait</strong></span> <span class='ocrx_word' id='word_1_91' title='bbox 896 1476 1040 1528; x_wconf 73' lang='lat' dir='ltr'><strong>enim</strong></span> <span class='ocrx_word' id='word_1_92' title='bbox 1073 1493 1086 1528; x_wconf 89' lang='lat'><strong>:</strong></span> 
     </span>
    </p>
   </div>
   <div class='ocr_carea' id='block_1_18' title="bbox 509 1563 2008 1632">
    <p class='ocr_par' dir='ltr' id='par_1_18' title="bbox 509 1563 2008 1632">
     <span class='ocr_line' id='line_1_18' title="bbox 509 1563 2008 1632; baseline -0.003 -13"><span class='ocrx_word' id='word_1_93' title='bbox 509 1566 672 1622; x_wconf 72' lang='lat' dir='ltr'><strong>Vens.</strong></span> <span class='ocrx_word' id='word_1_94' title='bbox 707 1567 796 1620; x_wconf 77' lang='lat'><strong>5-3.</strong></span> <span class='ocrx_word' id='word_1_95' title='bbox 833 1565 951 1618; x_wconf 85' lang='lat' dir='ltr'><strong>Vidi</strong></span> <span class='ocrx_word' id='word_1_96' title='bbox 991 1565 1210 1632; x_wconf 84' lang='lat' dir='ltr'><strong>impium</strong></span> <span class='ocrx_word' id='word_1_97' title='bbox 1240 1563 1711 1630; x_wconf 68' lang='lat' dir='ltr'><strong>super-exaltatum,</strong></span> <span class='ocrx_word' id='word_1_98' title='bbox 1760 1572 1807 1616; x_wconf 86' lang='lat' dir='ltr'><strong>et</strong></span> <span class='ocrx_word' id='word_1_99' title='bbox 1837 1563 2008 1617; x_wconf 69' lang='lat' dir='ltr'><strong>eiera-</strong></span> 
     </span>
    </p>
   </div>
   <div class='ocr_carea' id='block_1_19' title="bbox 433 1653 2004 1724">
    <p class='ocr_par' dir='ltr' id='par_1_19' title="bbox 433 1653 2004 1724">
     <span class='ocr_line' id='line_1_19' title="bbox 433 1653 2004 1724; baseline -0.004 -11"><span class='ocrx_word' id='word_1_100' title='bbox 433 1673 544 1714; x_wconf 88' lang='lat' dir='ltr'><strong>tum</strong></span> <span class='ocrx_word' id='word_1_101' title='bbox 591 1661 728 1713; x_wconf 83' lang='lat' dir='ltr'><strong>sicut</strong></span> <span class='ocrx_word' id='word_1_102' title='bbox 790 1659 972 1711; x_wconf 85' lang='lat' dir='ltr'><strong>cedros</strong></span> <span class='ocrx_word' id='word_1_103' title='bbox 1022 1654 1230 1708; x_wconf 86' lang='lat' dir='ltr'><strong>Libani.</strong></span> <span class='ocrx_word' id='word_1_104' title='bbox 1288 1655 1409 1724; x_wconf 86' lang='lat' dir='ltr'><strong>Ipse</strong></span> <span class='ocrx_word' id='word_1_105' title='bbox 1469 1653 1686 1723; x_wconf 88' lang='lat' dir='ltr'><strong>quidem</strong></span> <span class='ocrx_word' id='word_1_106' title='bbox 1735 1654 2004 1724; x_wconf 74' lang='lat' dir='ltr'><strong>Propheta</strong></span> 
     </span>
    </p>
   </div>
   <div class='ocr_carea' id='block_1_20' title="bbox 2119 462 3702 538">
    <p class='ocr_par' dir='ltr' id='par_1_20' title="bbox 2119 462 3702 538">
     <span class='ocr_line' id='line_1_20' title="bbox 2119 462 3702 538; baseline 0.003 -20"><span class='ocrx_word' id='word_1_107' title='bbox 2119 467 2281 530; x_wconf 79' lang='grc' dir='ltr'>αὕτα,</span> <span class='ocrx_word' id='word_1_108' title='bbox 2317 469 2428 525; x_wconf 77' lang='grc' dir='ltr'>τοῖς</span> <span class='ocrx_word' id='word_1_109' title='bbox 2461 466 2674 528; x_wconf 83' lang='grc' dir='ltr'>πολλοῖς</span> <span class='ocrx_word' id='word_1_110' title='bbox 2701 462 2769 537; x_wconf 80' lang='grc' dir='ltr'>ἦν</span> <span class='ocrx_word' id='word_1_111' title='bbox 2821 468 3298 536; x_wconf 79' lang='grc' dir='ltr'>περισπούδασταο</span> <span class='ocrx_word' id='word_1_112' title='bbox 3350 470 3470 531; x_wconf 74' lang='grc' dir='ltr'>ταῖς</span> <span class='ocrx_word' id='word_1_113' title='bbox 3527 471 3702 538; x_wconf 83' lang='grc' dir='ltr'>ἐπαγ-</span> 
     </span>
    </p>
   </div>
   <div class='ocr_carea' id='block_1_21' title="bbox 2118 559 3704 630">
    <p class='ocr_par' dir='ltr' id='par_1_21' title="bbox 2118 559 3704 630">
     <span class='ocr_line' id='line_1_21' title="bbox 2118 559 3704 630; baseline 0.003 -19"><span class='ocrx_word' id='word_1_114' title='bbox 2118 559 2325 625; x_wconf 85' lang='grc' dir='ltr'>γελίαις</span> <span class='ocrx_word' id='word_1_115' title='bbox 2373 559 2482 610; x_wconf 83' lang='grc' dir='ltr'><strong>τῶν</strong></span> <span class='ocrx_word' id='word_1_116' title='bbox 2516 559 2774 612; x_wconf 82' lang='grc' dir='ltr'>τοιούτων</span> <span class='ocrx_word' id='word_1_117' title='bbox 2808 561 2887 622; x_wconf 80' lang='grc' dir='ltr'><strong>είς</strong></span> <span class='ocrx_word' id='word_1_118' title='bbox 2913 559 3114 630; x_wconf 79' lang='grc' dir='ltr'>ἀρετὴν</span> <span class='ocrx_word' id='word_1_119' title='bbox 3153 559 3548 628; x_wconf 78' lang='grc' dir='ltr'><strong>προτρέπεται.</strong></span> <span class='ocrx_word' id='word_1_120' title='bbox 3593 565 3704 617; x_wconf 70' lang='grc' dir='ltr'><strong>Καὶ</strong></span> 
     </span>
    </p>
   </div>
   <div class='ocr_carea' id='block_1_22' title="bbox 2117 650 3698 720">
    <p class='ocr_par' dir='ltr' id='par_1_22' title="bbox 2117 650 3698 720">
     <span class='ocr_line' id='line_1_22' title="bbox 2117 650 3698 720; baseline 0.003 -17"><span class='ocrx_word' id='word_1_121' title='bbox 2117 651 2254 720; x_wconf 78' lang='grc' dir='ltr'>αὕτη</span> <span class='ocrx_word' id='word_1_122' title='bbox 2303 651 2404 718; x_wconf 82' lang='grc' dir='ltr'>μὲν</span> <span class='ocrx_word' id='word_1_123' title='bbox 2435 651 2636 720; x_wconf 80' lang='grc' dir='ltr'>ἡαίτία</span> <span class='ocrx_word' id='word_1_124' title='bbox 2667 650 2760 702; x_wconf 81' lang='grc' dir='ltr'>τοῦ</span> <span class='ocrx_word' id='word_1_125' title='bbox 2789 651 3044 712; x_wconf 77' lang='grc' dir='ltr'><strong>πολλάκις</strong></span> <span class='ocrx_word' id='word_1_126' title='bbox 3082 651 3500 705; x_wconf 81' lang='grc' dir='ltr'>ἐπανακυκλοῦν</span> <span class='ocrx_word' id='word_1_127' title='bbox 3527 655 3698 709; x_wconf 72' lang='grc' dir='ltr'><strong>αὖτάο</strong></span> 
     </span>
    </p>
   </div>
   <div class='ocr_carea' id='block_1_23' title="bbox 2115 743 3700 815">
    <p class='ocr_par' dir='ltr' id='par_1_23' title="bbox 2115 743 3700 815">
     <span class='ocr_line' id='line_1_23' title="bbox 2115 743 3700 815; baseline 0.001 -18"><span class='ocrx_word' id='word_1_128' title='bbox 2115 745 2360 797; x_wconf 77' lang='grc' dir='ltr'>νοοῦνται</span> <span class='ocrx_word' id='word_1_129' title='bbox 2401 743 2455 796; x_wconf 85' lang='grc' dir='ltr'><strong>δὲ</strong></span> <span class='ocrx_word' id='word_1_130' title='bbox 2488 746 2600 806; x_wconf 86' lang='grc' dir='ltr'>τοῖς</span> <span class='ocrx_word' id='word_1_131' title='bbox 2645 743 3002 813; x_wconf 70' lang='grc' dir='ltr'><strong>ὑψηλοτέροις</strong></span> <span class='ocrx_word' id='word_1_132' title='bbox 3033 743 3366 815; x_wconf 70' lang='grc' dir='ltr'>ὑψηλότερα,</span> <span class='ocrx_word' id='word_1_133' title='bbox 3414 744 3490 808; x_wconf 86' lang='grc' dir='ltr'>ὡς</span> <span class='ocrx_word' id='word_1_134' title='bbox 3515 747 3700 814; x_wconf 79' lang='grc' dir='ltr'>προεί·</span> 
     </span>
    </p>
   </div>
   <div class='ocr_carea' id='block_1_24' title="bbox 2117 853 2311 902">
    <p class='ocr_par' dir='ltr' id='par_1_24' title="bbox 2117 853 2311 902">
     <span class='ocr_line' id='line_1_24' title="bbox 2117 853 2311 902; baseline 0.01 -15"><span class='ocrx_word' id='word_1_135' title='bbox 2117 853 2311 902; x_wconf 55' lang='grc' dir='ltr'>ποίλεν.</span> 
     </span>
    </p>
   </div>
   <div class='ocr_carea' id='block_1_25' title="bbox 2192 931 3694 1000">
    <p class='ocr_par' dir='ltr' id='par_1_25' title="bbox 2192 931 3694 1000">
     <span class='ocr_line' id='line_1_25' title="bbox 2192 931 3694 1000; baseline 0.002 -18"><span class='ocrx_word' id='word_1_136' title='bbox 2192 932 2292 982; x_wconf 77' lang='grc' dir='ltr'><em>Ἐν</em></span> <span class='ocrx_word' id='word_1_137' title='bbox 2345 932 2424 995; x_wconf 81' lang='grc' dir='ltr'>τῷ</span> <span class='ocrx_word' id='word_1_138' title='bbox 2483 932 2979 996; x_wconf 69' lang='grc' dir='ltr'>ἐξολοθρεύεσθιιι</span> <span class='ocrx_word' id='word_1_139' title='bbox 3026 931 3452 998; x_wconf 72' lang='grc' dir='ltr'>ἁμαρτωλοὺς,</span> <span class='ocrx_word' id='word_1_140' title='bbox 3537 933 3694 1000; x_wconf 65' lang='grc' dir='ltr'>ὄψει.</span> 
     </span>
    </p>
   </div>
   <div class='ocr_carea' id='block_1_26' title="bbox 2115 1020 3695 1091">
    <p class='ocr_par' dir='ltr' id='par_1_26' title="bbox 2115 1020 3695 1091">
     <span class='ocr_line' id='line_1_26' title="bbox 2115 1020 3695 1091; baseline 0 -20"><span class='ocrx_word' id='word_1_141' title='bbox 2115 1020 2622 1091; x_wconf 76' lang='grc' dir='ltr'>Παραμυοοὺμενος</span> <span class='ocrx_word' id='word_1_142' title='bbox 2688 1021 2786 1088; x_wconf 78' lang='grc' dir='ltr'><strong>τὴν</strong></span> <span class='ocrx_word' id='word_1_143' title='bbox 2851 1020 3216 1089; x_wconf 66' lang='grc' dir='ltr'>μικροψυχίαν</span> <span class='ocrx_word' id='word_1_144' title='bbox 3279 1022 3389 1074; x_wconf 85' lang='grc' dir='ltr'><strong>τῶν</strong></span> <span class='ocrx_word' id='word_1_145' title='bbox 3465 1023 3695 1086; x_wconf 78' lang='grc' dir='ltr'>πολλῶν,</span> 
     </span>
    </p>
   </div>
   <div class='ocr_carea' id='block_1_27' title="bbox 2113 1111 3696 1182">
    <p class='ocr_par' dir='ltr' id='par_1_27' title="bbox 2113 1111 3696 1182">
     <span class='ocr_line' id='line_1_27' title="bbox 2113 1111 3696 1182; baseline 0.001 -18"><span class='ocrx_word' id='word_1_146' title='bbox 2113 1112 2526 1182; x_wconf 67' lang='grc' dir='ltr'><strong>δυσφορούντων</strong></span> <span class='ocrx_word' id='word_1_147' title='bbox 2583 1113 2673 1163; x_wconf 80' lang='grc' dir='ltr'>ἐπὶ</span> <span class='ocrx_word' id='word_1_148' title='bbox 2739 1112 2846 1162; x_wconf 73' lang='grc' dir='ltr'>τῶν</span> <span class='ocrx_word' id='word_1_149' title='bbox 2907 1111 3160 1182; x_wconf 78' lang='grc' dir='ltr'>πονηρῶν</span> <span class='ocrx_word' id='word_1_150' title='bbox 3219 1113 3546 1182; x_wconf 77' lang='grc' dir='ltr'><strong>ἀνεξικακίᾳ</strong></span> <span class='ocrx_word' id='word_1_151' title='bbox 3602 1114 3696 1166; x_wconf 83' lang='grc' dir='ltr'><strong>τοὺ</strong></span> 
     </span>
    </p>
   </div>
   <div class='ocr_carea' id='block_1_28' title="bbox 2112 1203 3698 1277">
    <p class='ocr_par' dir='ltr' id='par_1_28' title="bbox 2112 1203 3698 1277">
     <span class='ocr_line' id='line_1_28' title="bbox 2112 1203 3698 1277; baseline -0.004 -21"><span class='ocrx_word' id='word_1_152' title='bbox 2112 1204 2268 1267; x_wconf 78' lang='grc' dir='ltr'>Θεοῦ,</span> <span class='ocrx_word' id='word_1_153' title='bbox 2307 1207 2472 1270; x_wconf 65' lang='grc' dir='ltr'>φησιν</span> <span class='ocrx_word' id='word_1_154' title='bbox 2498 1204 2577 1255; x_wconf 79' lang='grc' dir='ltr'><strong>ὅτι</strong></span> <span class='ocrx_word' id='word_1_155' title='bbox 2618 1203 2822 1273; x_wconf 71' lang='grc' dir='ltr'>Θάρρει</span> <span class='ocrx_word' id='word_1_156' title='bbox 2858 1220 2870 1233; x_wconf 83' lang='grc'><em>’</em></span> <span class='ocrx_word' id='word_1_157' title='bbox 2919 1203 3040 1273; x_wconf 69' lang='grc' dir='ltr'>ὄψει</span> <span class='ocrx_word' id='word_1_158' title='bbox 3083 1209 3190 1274; x_wconf 81' lang='grc' dir='ltr'>γὰρ</span> <span class='ocrx_word' id='word_1_159' title='bbox 3229 1205 3326 1276; x_wconf 81' lang='grc' dir='ltr'>τὴν</span> <span class='ocrx_word' id='word_1_160' title='bbox 3388 1205 3698 1277; x_wconf 82' lang='grc' dir='ltr'>ὲξολόϐρευ-</span> 
     </span>
    </p>
   </div>
   <div class='ocr_carea' id='block_1_29' title="bbox 2119 1296 3693 1368">
    <p class='ocr_par' dir='ltr' id='par_1_29' title="bbox 2119 1296 3693 1368">
     <span class='ocr_line' id='line_1_29' title="bbox 2119 1296 3693 1368; baseline 0.004 -20"><span class='ocrx_word' id='word_1_161' title='bbox 2119 1314 2203 1348; x_wconf 87' lang='grc' dir='ltr'><strong>σιν</strong></span> <span class='ocrx_word' id='word_1_162' title='bbox 2228 1296 2336 1348; x_wconf 82' lang='grc' dir='ltr'>τῶν</span> <span class='ocrx_word' id='word_1_163' title='bbox 2375 1296 2741 1366; x_wconf 77' lang='grc' dir='ltr'>ἁμαρτωλῶν.</span> <span class='ocrx_word' id='word_1_164' title='bbox 2781 1297 3074 1352; x_wconf 83' lang='grc' dir='ltr'>ΙΙιστοῦται</span> <span class='ocrx_word' id='word_1_165' title='bbox 3109 1299 3216 1368; x_wconf 78' lang='grc' dir='ltr'><strong>γὰρ</strong></span> <span class='ocrx_word' id='word_1_166' title='bbox 3272 1299 3364 1352; x_wconf 72' lang='grc' dir='ltr'>τὶν</span> <span class='ocrx_word' id='word_1_167' title='bbox 3424 1299 3584 1367; x_wconf 82' lang='grc' dir='ltr'>λόγον</span> <span class='ocrx_word' id='word_1_168' title='bbox 3636 1302 3693 1367; x_wconf 79' lang='grc' dir='ltr'>ἐξ</span> 
     </span>
    </p>
   </div>
   <div class='ocr_carea' id='block_1_30' title="bbox 2109 1383 3015 1460">
    <p class='ocr_par' dir='ltr' id='par_1_30' title="bbox 2109 1383 3015 1460">
     <span class='ocr_line' id='line_1_30' title="bbox 2109 1383 3015 1460; baseline 0.008 -20"><span class='ocrx_word' id='word_1_169' title='bbox 2109 1383 2185 1441; x_wconf 81' lang='grc' dir='ltr'>ὧν</span> <span class='ocrx_word' id='word_1_170' title='bbox 2235 1389 2396 1452; x_wconf 81' lang='grc' dir='ltr'>αὐτὸς</span> <span class='ocrx_word' id='word_1_171' title='bbox 2428 1386 2598 1442; x_wconf 83' lang='grc' dir='ltr'>οἶδεν·</span> <span class='ocrx_word' id='word_1_172' title='bbox 2625 1390 2823 1457; x_wconf 78' lang='grc' dir='ltr'><strong>ἐπάγει</strong></span> <span class='ocrx_word' id='word_1_173' title='bbox 2857 1391 2968 1460; x_wconf 82' lang='grc' dir='ltr'>γάρ</span> <span class='ocrx_word' id='word_1_174' title='bbox 3001 1407 3015 1422; x_wconf 78' lang='grc'><strong>⁸</strong></span> 
     </span>
    </p>
   </div>
   <div class='ocr_carea' id='block_1_31' title="bbox 2182 1548 3692 1636">
    <p class='ocr_par' dir='ltr' id='par_1_31' title="bbox 2182 1548 3692 1636">
     <span class='ocr_line' id='line_1_31' title="bbox 2182 1548 3692 1636; baseline 0 -18"><span class='ocrx_word' id='word_1_175' title='bbox 2182 1561 2362 1618; x_wconf 79' lang='grc' dir='ltr'><strong>Εἶδον</strong></span> <span class='ocrx_word' id='word_1_176' title='bbox 2395 1567 2501 1618; x_wconf 80' lang='grc' dir='ltr'><strong>τὸν</strong></span> <span class='ocrx_word' id='word_1_177' title='bbox 2528 1565 2718 1632; x_wconf 76' lang='grc' dir='ltr'><strong>ἀσεϐῆ</strong></span> <span class='ocrx_word' id='word_1_178' title='bbox 2744 1548 3247 1634; x_wconf 74' lang='grc' dir='ltr'><strong>ὐπερυψούμενον</strong></span> <span class='ocrx_word' id='word_1_179' title='bbox 3297 1567 3391 1620; x_wconf 74' lang='grc' dir='ltr'>καὶ</span> <span class='ocrx_word' id='word_1_180' title='bbox 3454 1567 3692 1636; x_wconf 76' lang='grc' dir='ltr'>ἐπίιιρόο</span> 
     </span>
    </p>
   </div>
   <div class='ocr_carea' id='block_1_32' title="bbox 2105 1656 3690 1727">
    <p class='ocr_par' dir='ltr' id='par_1_32' title="bbox 2105 1656 3690 1727">
     <span class='ocr_line' id='line_1_32' title="bbox 2105 1656 3690 1727; baseline 0.001 -18"><span class='ocrx_word' id='word_1_181' title='bbox 2105 1673 2294 1724; x_wconf 75' lang='grc' dir='ltr'><strong>μενον</strong></span> <span class='ocrx_word' id='word_1_182' title='bbox 2321 1656 2400 1721; x_wconf 87' lang='grc' dir='ltr'>ὡς</span> <span class='ocrx_word' id='word_1_183' title='bbox 2434 1657 2539 1721; x_wconf 79' lang='grc' dir='ltr'>τὰς</span> <span class='ocrx_word' id='word_1_184' title='bbox 2572 1656 2825 1723; x_wconf 79' lang='grc' dir='ltr'>κέδρους</span> <span class='ocrx_word' id='word_1_185' title='bbox 2851 1656 2956 1710; x_wconf 89' lang='grc' dir='ltr'>τοῦ</span> <span class='ocrx_word' id='word_1_186' title='bbox 3005 1656 3288 1711; x_wconf 70' lang='grc' dir='ltr'>Λιϐάνου.</span> <span class='ocrx_word' id='word_1_187' title='bbox 3346 1658 3518 1721; x_wconf 74' lang='grc' dir='ltr'>Αὐτὸς</span> <span class='ocrx_word' id='word_1_188' title='bbox 3589 1659 3690 1727; x_wconf 75' lang='grc' dir='ltr'>μὲν</span> 
     </span>
    </p>
   </div>
   <div class='ocr_carea' id='block_1_33' title="bbox 434 1715 1994 1818">
    <p class='ocr_par' dir='ltr' id='par_1_33' title="bbox 434 1746 1994 1818">
     <span class='ocr_line' id='line_1_33' title="bbox 434 1746 1994 1818; baseline -0.005 -12"><span class='ocrx_word' id='word_1_189' title='bbox 434 1751 713 1806; x_wconf 87' lang='lat' dir='ltr'><strong>indeﬁnite</strong></span> <span class='ocrx_word' id='word_1_190' title='bbox 768 1749 993 1818; x_wconf 87' lang='lat' dir='ltr'><strong>impium</strong></span> <span class='ocrx_word' id='word_1_191' title='bbox 1056 1747 1216 1810; x_wconf 68' lang='lat' dir='ltr'><strong>dixit,</strong></span> <span class='ocrx_word' id='word_1_192' title='bbox 1257 1761 1355 1799; x_wconf 86' lang='lat' dir='ltr'><strong>nos</strong></span> <span class='ocrx_word' id='word_1_193' title='bbox 1396 1754 1576 1799; x_wconf 86' lang='lat' dir='ltr'><strong>tamen</strong></span> <span class='ocrx_word' id='word_1_194' title='bbox 1609 1746 1821 1800; x_wconf 83' lang='lat' dir='ltr'><strong>Goliallt</strong></span> <span class='ocrx_word' id='word_1_195' title='bbox 1857 1785 1872 1810; x_wconf 96' lang='lat'><strong>,</strong></span> <span class='ocrx_word' id='word_1_196' title='bbox 1911 1756 1994 1800; x_wconf 90' lang='lat' dir='ltr'><strong>aul</strong></span> 
     </span>
    </p>
   </div>
   <div class='ocr_carea' id='block_1_34' title="bbox 2099 1715 3685 1818">
    <p class='ocr_par' dir='ltr' id='par_1_34' title="bbox 2109 1715 3685 1818">
     <span class='ocr_line' id='line_1_34' title="bbox 2109 1715 3685 1818; baseline 0.003 -20"><span class='ocrx_word' id='word_1_197' title='bbox 2109 1748 2320 1814; x_wconf 64' lang='grc' dir='ltr'><strong>ἀδήλως</strong></span> <span class='ocrx_word' id='word_1_198' title='bbox 2351 1748 2441 1798; x_wconf 73' lang='grc' dir='ltr'>τὸν</span> <span class='ocrx_word' id='word_1_199' title='bbox 2468 1747 2638 1816; x_wconf 74' lang='grc' dir='ltr'>ἀσεϐῆ</span> <span class='ocrx_word' id='word_1_200' title='bbox 2671 1743 2792 1799; x_wconf 78' lang='grc' dir='ltr'>εἷπε</span> <span class='ocrx_word' id='word_1_201' title='bbox 2830 1765 2842 1777; x_wconf 87' lang='grc'><strong>·</strong></span> <span class='ocrx_word' id='word_1_202' title='bbox 2878 1747 3108 1816; x_wconf 81' lang='grc' dir='ltr'>νοοῦμεν</span> <span class='ocrx_word' id='word_1_203' title='bbox 3133 1748 3188 1801; x_wconf 80' lang='grc' dir='ltr'><strong>δὲ</strong></span> <span class='ocrx_word' id='word_1_204' title='bbox 3233 1749 3325 1801; x_wconf 83' lang='grc' dir='ltr'><strong>τὸν</strong></span> <span class='ocrx_word' id='word_1_205' title='bbox 3387 1715 3601 1813; x_wconf 46' lang='grc' dir='ltr'>Γολιὰθξ</span> <span class='ocrx_word' id='word_1_206' title='bbox 3652 1753 3685 1818; x_wconf 79' lang='grc' dir='ltr'>ἦ</span> 
     </span>
    </p>
   </div>
   <div class='ocr_carea' id='block_1_35' title="bbox 431 1836 2003 1908">
    <p class='ocr_par' dir='ltr' id='par_1_35' title="bbox 431 1836 2003 1908">
     <span class='ocr_line' id='line_1_35' title="bbox 431 1836 2003 1908; baseline -0.004 -11"><span class='ocrx_word' id='word_1_207' title='bbox 431 1842 647 1897; x_wconf 87' lang='lat' dir='ltr'><strong>Saulcm</strong></span> <span class='ocrx_word' id='word_1_208' title='bbox 699 1840 999 1908; x_wconf 81' lang='lat' dir='ltr'><strong>intelligere</strong></span> <span class='ocrx_word' id='word_1_209' title='bbox 1029 1853 1341 1906; x_wconf 87' lang='lat' dir='ltr'><strong>possumus,</strong></span> <span class='ocrx_word' id='word_1_210' title='bbox 1377 1849 1469 1890; x_wconf 90' lang='lat' dir='ltr'><strong>aut</strong></span> <span class='ocrx_word' id='word_1_211' title='bbox 1507 1836 1648 1891; x_wconf 84' lang='lat' dir='ltr'><strong>Naas</strong></span> <span class='ocrx_word' id='word_1_212' title='bbox 1676 1837 2003 1902; x_wconf 86' lang='lat' dir='ltr'><strong>Amanitem,</strong></span> 
     </span>
    </p>
   </div>
   <div class='ocr_carea' id='block_1_36' title="bbox 431 1929 2000 1999">
    <p class='ocr_par' dir='ltr' id='par_1_36' title="bbox 431 1929 2000 1999">
     <span class='ocr_line' id='line_1_36' title="bbox 431 1929 2000 1999; baseline -0.004 -11"><span class='ocrx_word' id='word_1_213' title='bbox 431 1943 524 1988; x_wconf 91' lang='lat' dir='ltr'><strong>aut</strong></span> <span class='ocrx_word' id='word_1_214' title='bbox 563 1934 698 1987; x_wconf 89' lang='lat' dir='ltr'><strong>alios</strong></span> <span class='ocrx_word' id='word_1_215' title='bbox 741 1931 1082 1999; x_wconf 72' lang='lat' dir='ltr'><strong>huiusmodi,</strong></span> <span class='ocrx_word' id='word_1_216' title='bbox 1131 1944 1364 1997; x_wconf 89' lang='lat' dir='ltr'><strong>quorum</strong></span> <span class='ocrx_word' id='word_1_217' title='bbox 1399 1929 1578 1997; x_wconf 89' lang='lat' dir='ltr'><strong>primo</strong></span> <span class='ocrx_word' id='word_1_218' title='bbox 1614 1929 2000 1984; x_wconf 80' lang='lat' dir='ltr'><strong>exaltationem</strong></span> 
     </span>
    </p>
   </div>
   <div class='ocr_carea' id='block_1_37' title="bbox 431 2019 2003 2094">
    <p class='ocr_par' dir='ltr' id='par_1_37' title="bbox 431 2019 2003 2094">
     <span class='ocr_line' id='line_1_37' title="bbox 431 2019 2003 2094; baseline -0.004 -16"><span class='ocrx_word' id='word_1_219' title='bbox 431 2028 586 2092; x_wconf 76' lang='lat' dir='ltr'><strong>vidit,</strong></span> <span class='ocrx_word' id='word_1_220' title='bbox 617 2033 677 2094; x_wconf 33' lang='lat' dir='ltr'><strong>et.</strong></span> <span class='ocrx_word' id='word_1_221' title='bbox 710 2023 906 2078; x_wconf 89' lang='lat' dir='ltr'><strong>deinde</strong></span> <span class='ocrx_word' id='word_1_222' title='bbox 949 2021 1400 2076; x_wconf 87' lang='lat' dir='ltr'><strong>destructionem.</strong></span> <span class='ocrx_word' id='word_1_223' title='bbox 1435 2019 1498 2072; x_wconf 71' lang='lat' dir='ltr'><strong>Et</strong></span> <span class='ocrx_word' id='word_1_224' title='bbox 1547 2021 1690 2090; x_wconf 92' lang='lat' dir='ltr'><strong>quod</strong></span> <span class='ocrx_word' id='word_1_225' title='bbox 1733 2020 1808 2074; x_wconf 86' lang='lat' dir='ltr'><strong>ait</strong></span> <span class='ocrx_word' id='word_1_226' title='bbox 1843 2060 1856 2082; x_wconf 91' lang='lat'><strong>,</strong></span> <span class='ocrx_word' id='word_1_227' title='bbox 1897 2020 2003 2074; x_wconf 88' lang='lat' dir='ltr'><strong>Su-</strong></span> 
     </span>
    </p>
   </div>
   <div class='ocr_carea' id='block_1_38' title="bbox 425 2109 2003 2186">
    <p class='ocr_par' dir='ltr' id='par_1_38' title="bbox 425 2109 2003 2186">
     <span class='ocr_line' id='line_1_38' title="bbox 425 2109 2003 2186; baseline -0.004 -14"><span class='ocrx_word' id='word_1_228' title='bbox 425 2121 836 2186; x_wconf 80' lang='lat' dir='ltr'><strong>perexaltatum,</strong></span> <span class='ocrx_word' id='word_1_229' title='bbox 863 2130 891 2167; x_wconf 91' lang='lat' dir='ltr'><strong>a</strong></span> <span class='ocrx_word' id='word_1_230' title='bbox 916 2109 1173 2168; x_wconf 75' lang='lat' dir='ltr'><strong>subditis</strong></span> <span class='ocrx_word' id='word_1_231' title='bbox 1209 2121 1372 2182; x_wconf 88' lang='lat' dir='ltr'><strong>atque</strong></span> <span class='ocrx_word' id='word_1_232' title='bbox 1411 2115 1482 2166; x_wconf 89' lang='lat' dir='ltr'><strong>ab</strong></span> <span class='ocrx_word' id='word_1_233' title='bbox 1516 2112 1639 2167; x_wconf 90' lang='lat' dir='ltr'><strong>aliis</strong></span> <span class='ocrx_word' id='word_1_234' title='bbox 1691 2112 2003 2166; x_wconf 85' lang='lat' dir='ltr'><strong>hominibus</strong></span> 
     </span>
    </p>
   </div>
   <div class='ocr_carea' id='block_1_39' title="bbox 426 2203 2000 2282">
    <p class='ocr_par' dir='ltr' id='par_1_39' title="bbox 426 2203 2000 2282">
     <span class='ocr_line' id='line_1_39' title="bbox 426 2203 2000 2282; baseline -0.007 -15"><span class='ocrx_word' id='word_1_235' title='bbox 426 2210 890 2282; x_wconf 80' lang='lat' dir='ltr'><strong>superexaltatum</strong></span> <span class='ocrx_word' id='word_1_236' title='bbox 929 2207 1173 2276; x_wconf 84' lang='lat' dir='ltr'><strong>iutellige</strong></span> <span class='ocrx_word' id='word_1_237' title='bbox 1206 2221 1222 2270; x_wconf 87' lang='lat'><strong>;</strong></span> <span class='ocrx_word' id='word_1_238' title='bbox 1253 2205 1523 2259; x_wconf 89' lang='lat' dir='ltr'><strong>elevatum</strong></span> <span class='ocrx_word' id='word_1_239' title='bbox 1571 2219 1699 2256; x_wconf 76' lang='lat' dir='ltr'><strong>vero</strong></span> <span class='ocrx_word' id='word_1_240' title='bbox 1729 2221 1754 2254; x_wconf 88' lang='lat' dir='ltr'><strong>a</strong></span> <span class='ocrx_word' id='word_1_241' title='bbox 1793 2216 1849 2256; x_wconf 82' lang='lat' dir='ltr'><strong>se</strong></span> <span class='ocrx_word' id='word_1_242' title='bbox 1881 2203 2000 2272; x_wconf 79' lang='lat' dir='ltr'><strong>ipso</strong></span> 
     </span>
    </p>
   </div>
   <div class='ocr_carea' id='block_1_40' title="bbox 423 2294 1997 2372">
    <p class='ocr_par' dir='ltr' id='par_1_40' title="bbox 423 2294 1997 2372">
     <span class='ocr_line' id='line_1_40' title="bbox 423 2294 1997 2372; baseline -0.009 -12"><span class='ocrx_word' id='word_1_243' title='bbox 423 2315 478 2360; x_wconf 79' lang='lat' dir='ltr'><strong>et</strong></span> <span class='ocrx_word' id='word_1_244' title='bbox 535 2306 680 2359; x_wconf 74' lang='lat' dir='ltr'><strong>fastu</strong></span> <span class='ocrx_word' id='word_1_245' title='bbox 735 2301 972 2372; x_wconf 86' lang='lat' dir='ltr'><strong>proprio,</strong></span> <span class='ocrx_word' id='word_1_246' title='bbox 1023 2298 1240 2352; x_wconf 89' lang='lat' dir='ltr'><strong>tametsi</strong></span> <span class='ocrx_word' id='word_1_247' title='bbox 1297 2307 1528 2364; x_wconf 88' lang='lat' dir='ltr'><strong>utraque</strong></span> <span class='ocrx_word' id='word_1_248' title='bbox 1577 2294 1817 2349; x_wconf 91' lang='lat' dir='ltr'><strong>dictione</strong></span> <span class='ocrx_word' id='word_1_249' title='bbox 1859 2296 1997 2348; x_wconf 90' lang='lat' dir='ltr'><strong>idem</strong></span> 
     </span>
    </p>
   </div>
   <div class='ocr_carea' id='block_1_41' title="bbox 2110 1839 3686 1910">
    <p class='ocr_par' dir='ltr' id='par_1_41' title="bbox 2110 1839 3686 1910">
     <span class='ocr_line' id='line_1_41' title="bbox 2110 1839 3686 1910; baseline 0.002 -20"><span class='ocrx_word' id='word_1_250' title='bbox 2110 1839 2200 1890; x_wconf 82' lang='grc' dir='ltr'><strong>τὸν</strong></span> <span class='ocrx_word' id='word_1_251' title='bbox 2235 1839 2424 1900; x_wconf 84' lang='grc' dir='ltr'>Σαοὺλ,</span> <span class='ocrx_word' id='word_1_252' title='bbox 2457 1839 2487 1909; x_wconf 78' lang='grc' dir='ltr'>ἢ</span> <span class='ocrx_word' id='word_1_253' title='bbox 2525 1840 2678 1902; x_wconf 60' lang='lat' dir='ltr'><strong>Nai“;</strong></span> <span class='ocrx_word' id='word_1_254' title='bbox 2708 1839 2796 1891; x_wconf 72' lang='grc' dir='ltr'>τὸν</span> <span class='ocrx_word' id='word_1_255' title='bbox 2841 1840 3157 1910; x_wconf 86' lang='grc' dir='ltr'>Ἀμανίτην,</span> <span class='ocrx_word' id='word_1_256' title='bbox 3206 1840 3239 1910; x_wconf 74' lang='grc' dir='ltr'>ἦ</span> <span class='ocrx_word' id='word_1_257' title='bbox 3287 1840 3479 1903; x_wconf 75' lang='grc' dir='ltr'>ἄλλους</span> <span class='ocrx_word' id='word_1_258' title='bbox 3511 1842 3686 1894; x_wconf 71' lang='grc' dir='ltr'>τοιού-</span> 
     </span>
    </p>
   </div>
   <div class='ocr_carea' id='block_1_42' title="bbox 2108 1926 3678 2004">
    <p class='ocr_par' dir='ltr' id='par_1_42' title="bbox 2108 1926 3678 2004">
     <span class='ocr_line' id='line_1_42' title="bbox 2108 1926 3678 2004; baseline 0.003 -21"><span class='ocrx_word' id='word_1_259' title='bbox 2108 1949 2256 1994; x_wconf 81' lang='grc' dir='ltr'>τους.</span> <span class='ocrx_word' id='word_1_260' title='bbox 2293 1926 2367 1984; x_wconf 83' lang='grc' dir='ltr'>ὧν</span> <span class='ocrx_word' id='word_1_261' title='bbox 2404 1929 2513 1984; x_wconf 73' lang='grc' dir='ltr'><strong>εἶδε</strong></span> <span class='ocrx_word' id='word_1_262' title='bbox 2541 1934 2638 1984; x_wconf 80' lang='grc' dir='ltr'>καὶ</span> <span class='ocrx_word' id='word_1_263' title='bbox 2667 1932 2765 2003; x_wconf 83' lang='grc' dir='ltr'><strong>τὴν</strong></span> <span class='ocrx_word' id='word_1_264' title='bbox 2804 1932 3060 2002; x_wconf 75' lang='grc' dir='ltr'><strong>ἔπαρσιν,</strong></span> <span class='ocrx_word' id='word_1_265' title='bbox 3096 1933 3189 1986; x_wconf 73' lang='grc' dir='ltr'>καὶ</span> <span class='ocrx_word' id='word_1_266' title='bbox 3219 1934 3316 2003; x_wconf 81' lang='grc' dir='ltr'>τὴν</span> <span class='ocrx_word' id='word_1_267' title='bbox 3371 1951 3678 2004; x_wconf 81' lang='grc' dir='ltr'>καταστρο-</span> 
     </span>
    </p>
   </div>
   <div class='ocr_carea' id='block_1_43' title="bbox 2110 2024 3684 2096">
    <p class='ocr_par' dir='ltr' id='par_1_43' title="bbox 2110 2024 3684 2096">
     <span class='ocr_line' id='line_1_43' title="bbox 2110 2024 3684 2096; baseline 0.006 -25"><span class='ocrx_word' id='word_1_268' title='bbox 2110 2025 2216 2092; x_wconf 81' lang='grc' dir='ltr'><strong>φήν</strong></span> <span class='ocrx_word' id='word_1_269' title='bbox 2246 2040 2258 2052; x_wconf 89' lang='grc'>·</span> <span class='ocrx_word' id='word_1_270' title='bbox 2295 2024 2744 2093; x_wconf 61' lang='grc' dir='ltr'>ὑπερυψούμενον</span> <span class='ocrx_word' id='word_1_271' title='bbox 2785 2025 2904 2094; x_wconf 78' lang='grc' dir='ltr'>μὲν,</span> <span class='ocrx_word' id='word_1_272' title='bbox 2936 2025 3040 2077; x_wconf 80' lang='grc' dir='ltr'><strong>ὑπὸ</strong></span> <span class='ocrx_word' id='word_1_273' title='bbox 3059 2025 3169 2078; x_wconf 88' lang='grc' dir='ltr'><strong>τῶν</strong></span> <span class='ocrx_word' id='word_1_274' title='bbox 3188 2026 3444 2096; x_wconf 83' lang='grc' dir='ltr'>ὑπηκόων</span> <span class='ocrx_word' id='word_1_275' title='bbox 3483 2043 3496 2056; x_wconf 70' lang='grc'><strong>⁸</strong></span> <span class='ocrx_word' id='word_1_276' title='bbox 3533 2029 3684 2081; x_wconf 82' lang='grc' dir='ltr'>ἐπαι-</span> 
     </span>
    </p>
   </div>
   <div class='ocr_carea' id='block_1_44' title="bbox 2111 2099 3684 2187">
    <p class='ocr_par' dir='ltr' id='par_1_44' title="bbox 2111 2099 3684 2187">
     <span class='ocr_line' id='line_1_44' title="bbox 2111 2099 3684 2187; baseline 0.001 -21"><span class='ocrx_word' id='word_1_277' title='bbox 2111 2115 2338 2182; x_wconf 85' lang='grc' dir='ltr'>ρόμενον</span> <span class='ocrx_word' id='word_1_278' title='bbox 2364 2115 2440 2176; x_wconf 82' lang='grc' dir='ltr'><strong>δὲ,</strong></span> <span class='ocrx_word' id='word_1_279' title='bbox 2473 2099 2706 2168; x_wconf 78' lang='grc' dir='ltr'>οἴκοθεν.</span> <span class='ocrx_word' id='word_1_280' title='bbox 2743 2117 2811 2168; x_wconf 85' lang='grc' dir='ltr'><strong>Ἦ</strong></span> <span class='ocrx_word' id='word_1_281' title='bbox 2843 2117 2937 2168; x_wconf 77' lang='grc' dir='ltr'><strong>καὶ</strong></span> <span class='ocrx_word' id='word_1_282' title='bbox 2957 2115 3124 2184; x_wconf 82' lang='grc' dir='ltr'><strong>ἄμφω</strong></span> <span class='ocrx_word' id='word_1_283' title='bbox 3143 2117 3337 2169; x_wconf 80' lang='grc' dir='ltr'>ταύτὸν</span> <span class='ocrx_word' id='word_1_284' title='bbox 3375 2118 3439 2168; x_wconf 86' lang='grc' dir='ltr'>ὲκ</span> <span class='ocrx_word' id='word_1_285' title='bbox 3475 2119 3684 2187; x_wconf 66' lang='grc' dir='ltr'>παραλ-</span> 
     </span>
    </p>
   </div>
   <div class='ocr_carea' id='block_1_45' title="bbox 2107 2206 3682 2277">
    <p class='ocr_par' dir='ltr' id='par_1_45' title="bbox 2107 2206 3682 2277">
     <span class='ocr_line' id='line_1_45' title="bbox 2107 2206 3682 2277; baseline 0.004 -21"><span class='ocrx_word' id='word_1_286' title='bbox 2107 2207 2272 2274; x_wconf 83' lang='grc' dir='ltr'>λὴλου</span> <span class='ocrx_word' id='word_1_287' title='bbox 2303 2206 2541 2272; x_wconf 72' lang='grc' dir='ltr'>δηλοῦσι.</span> <span class='ocrx_word' id='word_1_288' title='bbox 2587 2208 2719 2270; x_wconf 83' lang='grc' dir='ltr'>Ταῖς</span> <span class='ocrx_word' id='word_1_289' title='bbox 2749 2207 2960 2277; x_wconf 85' lang='grc' dir='ltr'>κέδροις</span> <span class='ocrx_word' id='word_1_290' title='bbox 2988 2207 3045 2261; x_wconf 79' lang='grc' dir='ltr'><strong>δὲ</strong></span> <span class='ocrx_word' id='word_1_291' title='bbox 3068 2208 3234 2262; x_wconf 86' lang='grc' dir='ltr'>αὑτὸν</span> <span class='ocrx_word' id='word_1_292' title='bbox 3276 2208 3568 2270; x_wconf 83' lang='grc' dir='ltr'>ἀπείκασε,</span> <span class='ocrx_word' id='word_1_293' title='bbox 3595 2209 3682 2262; x_wconf 73' lang='grc' dir='ltr'><strong>διὰ</strong></span> 
     </span>
    </p>
   </div>
   <div class='ocr_carea' id='block_1_46' title="bbox 2103 2296 3144 2371">
    <p class='ocr_par' dir='ltr' id='par_1_46' title="bbox 2103 2296 3144 2371">
     <span class='ocr_line' id='line_1_46' title="bbox 2103 2296 3144 2371; baseline 0.006 -24"><span class='ocrx_word' id='word_1_294' title='bbox 2103 2296 2164 2347; x_wconf 84' lang='grc' dir='ltr'><strong>τὸ</strong></span> <span class='ocrx_word' id='word_1_295' title='bbox 2193 2297 2442 2368; x_wconf 76' lang='grc' dir='ltr'>ἄκαρπον</span> <span class='ocrx_word' id='word_1_296' title='bbox 2473 2297 2604 2368; x_wconf 68' lang='grc' dir='ltr'>ὕψος</span> <span class='ocrx_word' id='word_1_297' title='bbox 2637 2301 2729 2352; x_wconf 77' lang='grc' dir='ltr'><strong>καὶ</strong></span> <span class='ocrx_word' id='word_1_298' title='bbox 2764 2303 2863 2370; x_wconf 80' lang='grc' dir='ltr'>τὴν</span> <span class='ocrx_word' id='word_1_299' title='bbox 2901 2301 3144 2371; x_wconf 76' lang='grc' dir='ltr'>πικρίαν.</span> 
     </span>
    </p>
   </div>
   <div class='ocr_carea' id='block_1_47' title="bbox 424 2387 3680 2468">
    <p class='ocr_par' dir='ltr' id='par_1_47' title="bbox 424 2387 3680 2468">
     <span class='ocr_line' id='line_1_47' title="bbox 424 2387 3680 2468; baseline 0 -19"><span class='ocrx_word' id='word_1_300' title='bbox 424 2410 723 2468; x_wconf 84' lang='lat' dir='ltr'><strong>possumus</strong></span> <span class='ocrx_word' id='word_1_301' title='bbox 750 2395 913 2447; x_wconf 88' lang='lat' dir='ltr'><strong>etiam</strong></span> <span class='ocrx_word' id='word_1_302' title='bbox 946 2389 1270 2458; x_wconf 79' lang='lat' dir='ltr'><strong>intelligere.</strong></span> <span class='ocrx_word' id='word_1_303' title='bbox 1317 2387 1510 2442; x_wconf 88' lang='lat' dir='ltr'><strong>Cedris</strong></span> <span class='ocrx_word' id='word_1_304' title='bbox 1541 2395 1722 2440; x_wconf 87' lang='lat' dir='ltr'><strong>autem</strong></span> <span class='ocrx_word' id='word_1_305' title='bbox 1766 2387 1993 2456; x_wconf 90' lang='lat' dir='ltr'><strong>impium</strong></span> <span class='ocrx_word' id='word_1_306' title='bbox 2028 2391 2393 2458; x_wconf 86' lang='lat' dir='ltr'><strong>comparavit,</strong></span> <span class='ocrx_word' id='word_1_307' title='bbox 2427 2406 2492 2446; x_wconf 88' lang='lat' dir='ltr'><strong>eo</strong></span> <span class='ocrx_word' id='word_1_308' title='bbox 2519 2392 2664 2462; x_wconf 90' lang='lat' dir='ltr'><strong>quod</strong></span> <span class='ocrx_word' id='word_1_309' title='bbox 2696 2393 2819 2447; x_wconf 65' lang='lat' dir='ltr'><strong>alta!</strong></span> <span class='ocrx_word' id='word_1_310' title='bbox 2878 2401 3026 2458; x_wconf 88' lang='lat' dir='ltr'><strong>sunt,</strong></span> <span class='ocrx_word' id='word_1_311' title='bbox 3071 2403 3125 2450; x_wconf 85' lang='lat' dir='ltr'><strong>et</strong></span> <span class='ocrx_word' id='word_1_312' title='bbox 3191 2394 3562 2458; x_wconf 62' lang='lat' dir='ltr'><strong>infructuosae,</strong></span> <span class='ocrx_word' id='word_1_313' title='bbox 3628 2401 3680 2442; x_wconf 78' lang='lat' dir='ltr'><strong>ct</strong></span> 
     </span>
    </p>
   </div>
   <div class='ocr_carea' id='block_1_48' title="bbox 423 2499 830 2545">
    <p class='ocr_par' dir='ltr' id='par_1_48' title="bbox 423 2499 830 2545">
     <span class='ocr_line' id='line_1_48' title="bbox 423 2499 830 2545; baseline -0.015 0"><span class='ocrx_word' id='word_1_314' title='bbox 423 2504 589 2545; x_wconf 63' lang='lat' dir='ltr'><strong>SUCCO</strong></span> <span class='ocrx_word' id='word_1_315' title='bbox 621 2499 830 2540; x_wconf 88' lang='lat' dir='ltr'><strong>amaro.</strong></span> 
     </span>
    </p>
   </div>
   <div class='ocr_carea' id='block_1_49' title="bbox 494 2574 1996 2648">
    <p class='ocr_par' dir='ltr' id='par_1_49' title="bbox 494 2574 1996 2648">
     <span class='ocr_line' id='line_1_49' title="bbox 494 2574 1996 2648; baseline -0.007 -10"><span class='ocrx_word' id='word_1_316' title='bbox 494 2587 662 2640; x_wconf 71' lang='lat' dir='ltr'><strong>Vens.</strong></span> <span class='ocrx_word' id='word_1_317' title='bbox 695 2584 786 2638; x_wconf 79' lang='grc'><strong>56.</strong></span> <span class='ocrx_word' id='word_1_318' title='bbox 817 2581 882 2634; x_wconf 84' lang='grc' dir='ltr'>Ει</span> <span class='ocrx_word' id='word_1_319' title='bbox 925 2579 1262 2648; x_wconf 74' lang='lat' dir='ltr'><strong>pertransivi,</strong></span> <span class='ocrx_word' id='word_1_320' title='bbox 1296 2587 1345 2631; x_wconf 81' lang='lat' dir='ltr'><strong>et</strong></span> <span class='ocrx_word' id='word_1_321' title='bbox 1377 2592 1491 2630; x_wconf 80' lang='lat' dir='ltr'><strong>ecce</strong></span> <span class='ocrx_word' id='word_1_322' title='bbox 1519 2593 1620 2630; x_wconf 87' lang='lat' dir='ltr'><strong>non</strong></span> <span class='ocrx_word' id='word_1_323' title='bbox 1646 2584 1782 2629; x_wconf 85' lang='lat' dir='ltr'><strong>erat.</strong></span> <span class='ocrx_word' id='word_1_324' title='bbox 1816 2574 1996 2633; x_wconf 85' lang='lat' dir='ltr'><strong>Modo.</strong></span> 
     </span>
    </p>
   </div>
   <div class='ocr_carea' id='block_1_50' title="bbox 424 2668 2000 2752">
    <p class='ocr_par' dir='ltr' id='par_1_50' title="bbox 424 2668 2000 2752">
     <span class='ocr_line' id='line_1_50' title="bbox 424 2668 2000 2752; baseline -0.011 -15"><span class='ocrx_word' id='word_1_325' title='bbox 424 2681 623 2752; x_wconf 84' lang='lat' dir='ltr'><strong>inquit,</strong></span> <span class='ocrx_word' id='word_1_326' title='bbox 658 2678 807 2731; x_wconf 89' lang='lat' dir='ltr'><strong>illum</strong></span> <span class='ocrx_word' id='word_1_327' title='bbox 844 2689 965 2729; x_wconf 88' lang='lat' dir='ltr'><strong>sese</strong></span> <span class='ocrx_word' id='word_1_328' title='bbox 1017 2671 1342 2742; x_wconf 80' lang='lat' dir='ltr'><strong>gloriantem</strong></span> <span class='ocrx_word' id='word_1_329' title='bbox 1388 2669 1594 2735; x_wconf 89' lang='lat' dir='ltr'><strong>dimisi,</strong></span> <span class='ocrx_word' id='word_1_330' title='bbox 1639 2668 2000 2738; x_wconf 70' lang='lat' dir='ltr'><strong>pertransiri,</strong></span> 
     </span>
    </p>
   </div>
   <div class='ocr_carea' id='block_1_51' title="bbox 422 2760 2000 2828">
    <p class='ocr_par' dir='ltr' id='par_1_51' title="bbox 422 2760 2000 2828">
     <span class='ocr_line' id='line_1_51' title="bbox 422 2760 2000 2828; baseline -0.011 1"><span class='ocrx_word' id='word_1_331' title='bbox 422 2785 479 2828; x_wconf 92' lang='lat' dir='ltr'><strong>et</strong></span> <span class='ocrx_word' id='word_1_332' title='bbox 537 2771 721 2827; x_wconf 86' lang='lat' dir='ltr'><strong>statim</strong></span> <span class='ocrx_word' id='word_1_333' title='bbox 771 2768 1012 2821; x_wconf 73' lang='lat' dir='ltr'><strong>evanuit.</strong></span> <span class='ocrx_word' id='word_1_334' title='bbox 1066 2763 1243 2817; x_wconf 85' lang='lat' dir='ltr'><strong>Dietio</strong></span> <span class='ocrx_word' id='word_1_335' title='bbox 1273 2761 1418 2816; x_wconf 87' lang='lat' dir='ltr'><strong>enim</strong></span> <span class='ocrx_word' id='word_1_336' title='bbox 1449 2778 1586 2826; x_wconf 82' lang='lat' dir='ltr'><strong>ecce,</strong></span> <span class='ocrx_word' id='word_1_337' title='bbox 1636 2760 1738 2815; x_wconf 89' lang='lat' dir='ltr'><strong>hoc</strong></span> <span class='ocrx_word' id='word_1_338' title='bbox 1771 2761 1824 2813; x_wconf 90' lang='lat' dir='ltr'><strong>in</strong></span> <span class='ocrx_word' id='word_1_339' title='bbox 1857 2761 2000 2825; x_wconf 90' lang='lat' dir='ltr'><strong>loco,</strong></span> 
     </span>
    </p>
   </div>
   <div class='ocr_carea' id='block_1_52' title="bbox 420 2861 934 2931">
    <p class='ocr_par' dir='ltr' id='par_1_52' title="bbox 420 2861 934 2931">
     <span class='ocr_line' id='line_1_52' title="bbox 420 2861 934 2931; baseline -0.019 -11"><span class='ocrx_word' id='word_1_340' title='bbox 420 2865 604 2920; x_wconf 85' lang='lat' dir='ltr'><strong>statim</strong></span> <span class='ocrx_word' id='word_1_341' title='bbox 640 2861 934 2931; x_wconf 77' lang='lat' dir='ltr'><strong>signiﬁcat.</strong></span> 
     </span>
    </p>
   </div>
   <div class='ocr_carea' id='block_1_53' title="bbox 492 2944 1991 3024">
    <p class='ocr_par' dir='ltr' id='par_1_53' title="bbox 492 2944 1991 3024">
     <span class='ocr_line' id='line_1_53' title="bbox 492 2944 1991 3024; baseline -0.007 -14"><span class='ocrx_word' id='word_1_342' title='bbox 492 2959 560 3010; x_wconf 84' lang='lat' dir='ltr'><strong>Et</strong></span> <span class='ocrx_word' id='word_1_343' title='bbox 607 2953 842 3024; x_wconf 41' lang='lat' dir='ltr'><strong>quaesivi!</strong></span> <span class='ocrx_word' id='word_1_344' title='bbox 862 2967 1000 3010; x_wconf 88' lang='lat' dir='ltr'><strong>eum,</strong></span> <span class='ocrx_word' id='word_1_345' title='bbox 1044 2957 1091 3001; x_wconf 86' lang='lat' dir='ltr'><strong>et</strong></span> <span class='ocrx_word' id='word_1_346' title='bbox 1122 2963 1222 3000; x_wconf 87' lang='lat' dir='ltr'><strong>non</strong></span> <span class='ocrx_word' id='word_1_347' title='bbox 1258 2956 1334 2998; x_wconf 83' lang='lat' dir='ltr'><strong>est</strong></span> <span class='ocrx_word' id='word_1_348' title='bbox 1383 2946 1619 2999; x_wconf 74' lang='lat' dir='ltr'><strong>inventus</strong></span> <span class='ocrx_word' id='word_1_349' title='bbox 1667 2945 1810 2998; x_wconf 86' lang='lat' dir='ltr'><strong>locus</strong></span> <span class='ocrx_word' id='word_1_350' title='bbox 1856 2944 1991 3012; x_wconf 86' lang='lat' dir='ltr'><strong>ejus.</strong></span> 
     </span>
    </p>
   </div>
   <div class='ocr_carea' id='block_1_54' title="bbox 2180 2575 3679 2650">
    <p class='ocr_par' dir='ltr' id='par_1_54' title="bbox 2180 2575 3679 2650">
     <span class='ocr_line' id='line_1_54' title="bbox 2180 2575 3679 2650; baseline 0.001 -20"><span class='ocrx_word' id='word_1_351' title='bbox 2180 2575 2290 2630; x_wconf 80' lang='grc' dir='ltr'><strong>Καὶ</strong></span> <span class='ocrx_word' id='word_1_352' title='bbox 2319 2577 2652 2645; x_wconf 73' lang='grc' dir='ltr'>παρῆλθον,</span> <span class='ocrx_word' id='word_1_353' title='bbox 2686 2577 2782 2630; x_wconf 76' lang='grc' dir='ltr'><strong>καί</strong></span> <span class='ocrx_word' id='word_1_354' title='bbox 2830 2577 2963 2632; x_wconf 71' lang='grc' dir='ltr'><strong>ἰδοὺ</strong></span> <span class='ocrx_word' id='word_1_355' title='bbox 3013 2582 3126 2632; x_wconf 81' lang='grc' dir='ltr'>οὐκ</span> <span class='ocrx_word' id='word_1_356' title='bbox 3178 2576 3275 2650; x_wconf 81' lang='grc' dir='ltr'><strong>ἦν.</strong></span> <span class='ocrx_word' id='word_1_357' title='bbox 3345 2581 3450 2633; x_wconf 71' lang='grc' dir='ltr'>Καὶ</span> <span class='ocrx_word' id='word_1_358' title='bbox 3492 2581 3679 2650; x_wconf 48' lang='lat' dir='ltr'><strong>deﬁxa</strong></span> 
     </span>
    </p>
   </div>
   <div class='ocr_carea' id='block_1_55' title="bbox 2103 2668 3680 2742">
    <p class='ocr_par' dir='ltr' id='par_1_55' title="bbox 2103 2668 3680 2742">
     <span class='ocr_line' id='line_1_55' title="bbox 2103 2668 3680 2742; baseline 0.003 -22"><span class='ocrx_word' id='word_1_359' title='bbox 2103 2668 2291 2722; x_wconf 81' lang='grc' dir='ltr'>τοῦτον</span> <span class='ocrx_word' id='word_1_360' title='bbox 2344 2669 2516 2732; x_wconf 81' lang='grc' dir='ltr'>οὑτως</span> <span class='ocrx_word' id='word_1_361' title='bbox 2561 2669 2726 2738; x_wconf 80' lang='grc' dir='ltr'>ἔχειν,</span> <span class='ocrx_word' id='word_1_362' title='bbox 2771 2669 2866 2723; x_wconf 81' lang='grc' dir='ltr'>καὶ</span> <span class='ocrx_word' id='word_1_363' title='bbox 2913 2671 3074 2734; x_wconf 75' lang='grc' dir='ltr'>εὐθὺς</span> <span class='ocrx_word' id='word_1_364' title='bbox 3130 2672 3230 2726; x_wconf 90' lang='grc' dir='ltr'><strong>οὑκ</strong></span> <span class='ocrx_word' id='word_1_365' title='bbox 3285 2671 3382 2742; x_wconf 77' lang='grc' dir='ltr'><strong>ἔζη</strong></span> <span class='ocrx_word' id='word_1_366' title='bbox 3412 2689 3426 2702; x_wconf 75' lang='grc'><strong><em>⁸</em></strong></span> <span class='ocrx_word' id='word_1_367' title='bbox 3456 2674 3516 2725; x_wconf 75' lang='grc' dir='ltr'><strong>τὸ</strong></span> <span class='ocrx_word' id='word_1_368' title='bbox 3546 2671 3680 2742; x_wconf 70' lang='grc' dir='ltr'>γὰρ,</span> 
     </span>
    </p>
   </div>
   <div class='ocr_carea' id='block_1_56' title="bbox 2105 2761 3118 2835">
    <p class='ocr_par' dir='ltr' id='par_1_56' title="bbox 2105 2761 3118 2835">
     <span class='ocr_line' id='line_1_56' title="bbox 2105 2761 3118 2835; baseline 0.001 -19"><span class='ocrx_word' id='word_1_369' title='bbox 2105 2761 2260 2827; x_wconf 78' lang='grc' dir='ltr'>ιδοὺ,</span> <span class='ocrx_word' id='word_1_370' title='bbox 2293 2761 2354 2814; x_wconf 85' lang='grc' dir='ltr'>τὸ</span> <span class='ocrx_word' id='word_1_371' title='bbox 2375 2762 2536 2822; x_wconf 74' lang='grc' dir='ltr'>εὐθὺς</span> <span class='ocrx_word' id='word_1_372' title='bbox 2565 2763 2799 2817; x_wconf 79' lang='grc' dir='ltr'>ἐνταῦθα</span> <span class='ocrx_word' id='word_1_373' title='bbox 2836 2764 3118 2835; x_wconf 84' lang='grc' dir='ltr'>σημαίνει.</span> 
     </span>
    </p>
   </div>
   <div class='ocr_carea' id='block_1_57' title="bbox 2163 2939 3664 3012">
    <p class='ocr_par' dir='ltr' id='par_1_57' title="bbox 2163 2939 3664 3012">
     <span class='ocr_line' id='line_1_57' title="bbox 2163 2939 3664 3012; baseline 0.003 -20"><span class='ocrx_word' id='word_1_374' title='bbox 2163 2939 2269 2993; x_wconf 72' lang='grc' dir='ltr'><strong>Καὶ</strong></span> <span class='ocrx_word' id='word_1_375' title='bbox 2321 2939 2582 3008; x_wconf 60' lang='lat' dir='ltr'><strong>emtum:</strong></span> <span class='ocrx_word' id='word_1_376' title='bbox 2629 2942 2837 3012; x_wconf 72' lang='grc' dir='ltr'>αὐτὸν,</span> <span class='ocrx_word' id='word_1_377' title='bbox 2889 2944 2987 2996; x_wconf 80' lang='grc' dir='ltr'>καὶ</span> <span class='ocrx_word' id='word_1_378' title='bbox 3015 2946 3129 3012; x_wconf 85' lang='grc' dir='ltr'><strong>οὐχ</strong></span> <span class='ocrx_word' id='word_1_379' title='bbox 3173 2945 3387 3012; x_wconf 81' lang='grc' dir='ltr'>εὑρέθη</span> <span class='ocrx_word' id='word_1_380' title='bbox 3421 2948 3454 2997; x_wconf 82' lang='grc' dir='ltr'><em>ὁ</em></span> <span class='ocrx_word' id='word_1_381' title='bbox 3483 2946 3664 3008; x_wconf 76' lang='grc' dir='ltr'>τόπος</span> 
     </span>
    </p>
   </div>
   <div class='ocr_carea' id='block_1_58' title="bbox 419 3029 1994 3110">
    <p class='ocr_par' dir='ltr' id='par_1_58' title="bbox 419 3034 1990 3109">
     <span class='ocr_line' id='line_1_58' title="bbox 419 3034 1990 3109; baseline -0.01 -8"><span class='ocrx_word' id='word_1_382' title='bbox 419 3047 483 3102; x_wconf 84' lang='grc' dir='ltr'>Ει</span> <span class='ocrx_word' id='word_1_383' title='bbox 520 3046 645 3099; x_wconf 88' lang='lat' dir='ltr'><strong>inde</strong></span> <span class='ocrx_word' id='word_1_384' title='bbox 677 3043 741 3097; x_wconf 87' lang='lat' dir='ltr'><strong>ad</strong></span> <span class='ocrx_word' id='word_1_385' title='bbox 774 3051 988 3109; x_wconf 85' lang='lat' dir='ltr'><strong>tempus</strong></span> <span class='ocrx_word' id='word_1_386' title='bbox 1017 3039 1344 3107; x_wconf 81' lang='lat' dir='ltr'><strong>cogitatione</strong></span> <span class='ocrx_word' id='word_1_387' title='bbox 1373 3034 1601 3104; x_wconf 67' lang='lat' dir='ltr'><strong>quaesivi</strong></span> <span class='ocrx_word' id='word_1_388' title='bbox 1629 3051 1750 3089; x_wconf 89' lang='lat' dir='ltr'><strong>eum</strong></span> <span class='ocrx_word' id='word_1_389' title='bbox 1784 3035 1990 3098; x_wconf 87' lang='lat' dir='ltr'><strong>videre,</strong></span> 
     </span>
    </p>
   </div>
   <div class='ocr_carea' id='block_1_59' title="bbox 2099 3029 3676 3110">
    <p class='ocr_par' dir='ltr' id='par_1_59' title="bbox 2099 3029 3676 3105">
     <span class='ocr_line' id='line_1_59' title="bbox 2099 3029 3676 3105; baseline 0.003 -22"><span class='ocrx_word' id='word_1_390' title='bbox 2099 3029 2301 3083; x_wconf 80' lang='grc' dir='ltr'>αὐτοῦ.</span> <span class='ocrx_word' id='word_1_391' title='bbox 2336 3029 2439 3083; x_wconf 71' lang='grc' dir='ltr'><strong>Καὶ</strong></span> <span class='ocrx_word' id='word_1_392' title='bbox 2486 3030 2625 3099; x_wconf 78' lang='grc' dir='ltr'>μετὰ</span> <span class='ocrx_word' id='word_1_393' title='bbox 2656 3033 2848 3102; x_wconf 82' lang='grc' dir='ltr'>καιρδν</span> <span class='ocrx_word' id='word_1_394' title='bbox 2881 3031 2959 3103; x_wconf 84' lang='grc' dir='ltr'>τῷ</span> <span class='ocrx_word' id='word_1_395' title='bbox 3004 3033 3251 3103; x_wconf 82' lang='grc' dir='ltr'>λογισμῷ</span> <span class='ocrx_word' id='word_1_396' title='bbox 3312 3033 3552 3105; x_wconf 76' lang='grc' dir='ltr'><strong>ἐζήτησα</strong></span> <span class='ocrx_word' id='word_1_397' title='bbox 3578 3035 3676 3086; x_wconf 86' lang='grc' dir='ltr'>αὑ-</span> 
     </span>
    </p>
   </div>
   <div class='ocr_carea' id='block_1_60' title="bbox 420 3127 1994 3196">
    <p class='ocr_par' dir='ltr' id='par_1_60' title="bbox 420 3127 1994 3196">
     <span class='ocr_line' id='line_1_60' title="bbox 420 3127 1994 3196; baseline -0.009 -4"><span class='ocrx_word' id='word_1_398' title='bbox 420 3149 474 3192; x_wconf 84' lang='lat' dir='ltr'><strong>et</strong></span> <span class='ocrx_word' id='word_1_399' title='bbox 507 3153 614 3191; x_wconf 91' lang='lat' dir='ltr'><strong>non</strong></span> <span class='ocrx_word' id='word_1_400' title='bbox 646 3145 731 3190; x_wconf 90' lang='lat' dir='ltr'><strong>cst</strong></span> <span class='ocrx_word' id='word_1_401' title='bbox 770 3136 1026 3186; x_wconf 77' lang='lat' dir='ltr'><strong>inventus</strong></span> <span class='ocrx_word' id='word_1_402' title='bbox 1059 3130 1209 3182; x_wconf 75' lang='lat' dir='ltr'><strong>locus</strong></span> <span class='ocrx_word' id='word_1_403' title='bbox 1230 3128 1347 3196; x_wconf 78' lang='lat' dir='ltr'><strong>ejus</strong></span> <span class='ocrx_word' id='word_1_404' title='bbox 1375 3143 1390 3192; x_wconf 89' lang='lat'><strong>;</strong></span> <span class='ocrx_word' id='word_1_405' title='bbox 1420 3127 1575 3181; x_wconf 81' lang='lat' dir='ltr'><strong>locus</strong></span> <span class='ocrx_word' id='word_1_406' title='bbox 1597 3127 1878 3191; x_wconf 88' lang='lat' dir='ltr'><strong>nimirum,</strong></span> <span class='ocrx_word' id='word_1_407' title='bbox 1901 3127 1994 3195; x_wconf 91' lang='lat' dir='ltr'><strong>qui</strong></span> 
     </span>
    </p>
   </div>
   <div class='ocr_carea' id='block_1_61' title="bbox 423 3215 1995 3283">
    <p class='ocr_par' dir='ltr' id='par_1_61' title="bbox 423 3215 1995 3283">
     <span class='ocr_line' id='line_1_61' title="bbox 423 3215 1995 3283; baseline -0.008 0"><span class='ocrx_word' id='word_1_408' title='bbox 423 3227 625 3283; x_wconf 86' lang='lat' dir='ltr'><strong>alicubi</strong></span> <span class='ocrx_word' id='word_1_409' title='bbox 692 3241 815 3280; x_wconf 87' lang='lat' dir='ltr'><strong>cum</strong></span> <span class='ocrx_word' id='word_1_410' title='bbox 881 3223 1238 3275; x_wconf 76' lang='lat' dir='ltr'><strong>cxsistcutetn</strong></span> <span class='ocrx_word' id='word_1_411' title='bbox 1315 3220 1640 3274; x_wconf 85' lang='lat' dir='ltr'><strong>contineret.</strong></span> <span class='ocrx_word' id='word_1_412' title='bbox 1708 3215 1995 3281; x_wconf 85' lang='lat' dir='ltr'><strong>Quomodo</strong></span> 
     </span>
    </p>
   </div>
   <div class='ocr_carea' id='block_1_62' title="bbox 417 3305 1996 3375">
    <p class='ocr_par' dir='ltr' id='par_1_62' title="bbox 417 3305 1996 3375">
     <span class='ocr_line' id='line_1_62' title="bbox 417 3305 1996 3375; baseline -0.009 -4"><span class='ocrx_word' id='word_1_413' title='bbox 417 3318 562 3372; x_wconf 87' lang='lat' dir='ltr'><strong>enim</strong></span> <span class='ocrx_word' id='word_1_414' title='bbox 593 3316 922 3373; x_wconf 79' lang='lat' dir='ltr'><strong>invenietur,</strong></span> <span class='ocrx_word' id='word_1_415' title='bbox 957 3326 1080 3362; x_wconf 83' lang='lat' dir='ltr'><strong>cum</strong></span> <span class='ocrx_word' id='word_1_416' title='bbox 1122 3323 1229 3361; x_wconf 88' lang='lat' dir='ltr'><strong>non</strong></span> <span class='ocrx_word' id='word_1_417' title='bbox 1261 3305 1487 3360; x_wconf 84' lang='lat' dir='ltr'><strong>sit?Vel</strong></span> <span class='ocrx_word' id='word_1_418' title='bbox 1520 3322 1614 3375; x_wconf 87' lang='lat' dir='ltr'><strong>per</strong></span> <span class='ocrx_word' id='word_1_419' title='bbox 1661 3307 1838 3360; x_wconf 90' lang='lat' dir='ltr'><strong>locum</strong></span> <span class='ocrx_word' id='word_1_420' title='bbox 1871 3307 1996 3374; x_wconf 84' lang='lat' dir='ltr'><strong>ejus</strong></span> 
     </span>
    </p>
   </div>
   <div class='ocr_carea' id='block_1_63' title="bbox 420 3398 1996 3479">
    <p class='ocr_par' dir='ltr' id='par_1_63' title="bbox 420 3398 1996 3479">
     <span class='ocr_line' id='line_1_63' title="bbox 420 3398 1996 3479; baseline -0.008 -15"><span class='ocrx_word' id='word_1_421' title='bbox 420 3425 622 3479; x_wconf 82' lang='lat' dir='ltr'><strong>corpus</strong></span> <span class='ocrx_word' id='word_1_422' title='bbox 651 3409 824 3476; x_wconf 90' lang='lat' dir='ltr'><strong>ipsum</strong></span> <span class='ocrx_word' id='word_1_423' title='bbox 865 3403 1126 3469; x_wconf 80' lang='lat' dir='ltr'><strong>intelligo,</strong></span> <span class='ocrx_word' id='word_1_424' title='bbox 1159 3400 1305 3468; x_wconf 88' lang='lat' dir='ltr'><strong>quod</strong></span> <span class='ocrx_word' id='word_1_425' title='bbox 1343 3411 1500 3451; x_wconf 84' lang='lat' dir='ltr'><strong>antea</strong></span> <span class='ocrx_word' id='word_1_426' title='bbox 1527 3398 1722 3452; x_wconf 68' lang='lat' dir='ltr'><strong>animae</strong></span> <span class='ocrx_word' id='word_1_427' title='bbox 1759 3398 1996 3452; x_wconf 80' lang='lat' dir='ltr'><strong>domici-</strong></span> 
     </span>
    </p>
   </div>
   <div class='ocr_carea' id='block_1_64' title="bbox 2096 3123 3675 3196">
    <p class='ocr_par' dir='ltr' id='par_1_64' title="bbox 2096 3123 3675 3196">
     <span class='ocr_line' id='line_1_64' title="bbox 2096 3123 3675 3196; baseline 0.003 -21"><span class='ocrx_word' id='word_1_428' title='bbox 2096 3123 2186 3176; x_wconf 83' lang='grc' dir='ltr'><strong>τὸν</strong></span> <span class='ocrx_word' id='word_1_429' title='bbox 2218 3123 2368 3186; x_wconf 78' lang='grc' dir='ltr'>ἰδεῖν,</span> <span class='ocrx_word' id='word_1_430' title='bbox 2393 3124 2487 3176; x_wconf 73' lang='grc' dir='ltr'><strong>καὶ</strong></span> <span class='ocrx_word' id='word_1_431' title='bbox 2521 3125 2619 3194; x_wconf 88' lang='grc' dir='ltr'>οὑχ</span> <span class='ocrx_word' id='word_1_432' title='bbox 2646 3126 2848 3196; x_wconf 76' lang='grc' dir='ltr'>εὑρέθη</span> <span class='ocrx_word' id='word_1_433' title='bbox 2878 3130 2905 3179; x_wconf 79' lang='grc' dir='ltr'><strong>ὁ</strong></span> <span class='ocrx_word' id='word_1_434' title='bbox 2961 3127 3126 3190; x_wconf 81' lang='grc' dir='ltr'>τόπος</span> <span class='ocrx_word' id='word_1_435' title='bbox 3166 3127 3355 3189; x_wconf 74' lang='grc' dir='ltr'>αὑτοῦ,</span> <span class='ocrx_word' id='word_1_436' title='bbox 3407 3129 3434 3180; x_wconf 89' lang='grc' dir='ltr'><strong>ό</strong></span> <span class='ocrx_word' id='word_1_437' title='bbox 3493 3128 3675 3195; x_wconf 80' lang='grc' dir='ltr'>περιέ-</span> 
     </span>
    </p>
   </div>
   <div class='ocr_carea' id='block_1_65' title="bbox 2101 3219 3673 3292">
    <p class='ocr_par' dir='ltr' id='par_1_65' title="bbox 2101 3219 3673 3292">
     <span class='ocr_line' id='line_1_65' title="bbox 2101 3219 3673 3292; baseline 0.003 -22"><span class='ocrx_word' id='word_1_438' title='bbox 2101 3238 2210 3288; x_wconf 83' lang='grc' dir='ltr'>χων</span> <span class='ocrx_word' id='word_1_439' title='bbox 2237 3220 2420 3284; x_wconf 82' lang='grc' dir='ltr'>αὑτὸν,</span> <span class='ocrx_word' id='word_1_440' title='bbox 2446 3219 2520 3282; x_wconf 84' lang='grc' dir='ltr'>ὡς</span> <span class='ocrx_word' id='word_1_441' title='bbox 2565 3221 2714 3274; x_wconf 75' lang='grc' dir='ltr'>ὄντα.</span> <span class='ocrx_word' id='word_1_442' title='bbox 2773 3222 2894 3285; x_wconf 84' lang='grc' dir='ltr'><strong>Πῶς</strong></span> <span class='ocrx_word' id='word_1_443' title='bbox 2937 3225 3044 3292; x_wconf 70' lang='grc' dir='ltr'><strong>γὰρ</strong></span> <span class='ocrx_word' id='word_1_444' title='bbox 3105 3223 3326 3292; x_wconf 80' lang='grc' dir='ltr'>εὑρέθη,</span> <span class='ocrx_word' id='word_1_445' title='bbox 3391 3225 3465 3292; x_wconf 81' lang='grc' dir='ltr'><strong>μὴ</strong></span> <span class='ocrx_word' id='word_1_446' title='bbox 3519 3223 3673 3283; x_wconf 79' lang='grc' dir='ltr'>δντος</span> 
     </span>
    </p>
   </div>
   <div class='ocr_carea' id='block_1_66' title="bbox 2097 3309 3672 3384">
    <p class='ocr_par' dir='ltr' id='par_1_66' title="bbox 2097 3309 3672 3384">
     <span class='ocr_line' id='line_1_66' title="bbox 2097 3309 3672 3384; baseline 0.003 -23"><span class='ocrx_word' id='word_1_447' title='bbox 2097 3310 2308 3376; x_wconf 69' lang='grc' dir='ltr'>αὐτοῦς</span> <span class='ocrx_word' id='word_1_448' title='bbox 2362 3313 2432 3363; x_wconf 88' lang='grc' dir='ltr'><em>Ἢ</em></span> <span class='ocrx_word' id='word_1_449' title='bbox 2463 3311 2629 3364; x_wconf 86' lang='grc' dir='ltr'>τόπον</span> <span class='ocrx_word' id='word_1_450' title='bbox 2653 3313 2822 3365; x_wconf 77' lang='grc' dir='ltr'>αὑτοῦ</span> <span class='ocrx_word' id='word_1_451' title='bbox 2848 3315 2907 3366; x_wconf 71' lang='grc' dir='ltr'><strong>τὸ</strong></span> <span class='ocrx_word' id='word_1_452' title='bbox 2943 3315 3103 3380; x_wconf 82' lang='grc' dir='ltr'>σῶμα</span> <span class='ocrx_word' id='word_1_453' title='bbox 3154 3315 3500 3384; x_wconf 78' lang='grc' dir='ltr'>ὑποληπτέον</span> <span class='ocrx_word' id='word_1_454' title='bbox 3530 3332 3542 3342; x_wconf 89' lang='grc'>·</span> <span class='ocrx_word' id='word_1_455' title='bbox 3593 3309 3672 3367; x_wconf 81' lang='grc' dir='ltr'><strong>οἷ-</strong></span> 
     </span>
    </p>
   </div>
   <div class='ocr_carea' id='block_1_67' title="bbox 2099 3401 3497 3473">
    <p class='ocr_par' dir='ltr' id='par_1_67' title="bbox 2099 3401 3497 3473">
     <span class='ocr_line' id='line_1_67' title="bbox 2099 3401 3497 3473; baseline -0.019 11"><span class='ocrx_word' id='word_1_456' title='bbox 2099 3417 2192 3463; x_wconf 61' lang='grc' dir='ltr'><strong>κος</strong></span> <span class='ocrx_word' id='word_1_457' title='bbox 2220 3401 2327 3470; x_wconf 67' lang='grc' dir='ltr'><strong>γὰρ</strong></span> <span class='ocrx_word' id='word_1_458' title='bbox 2349 3401 2508 3454; x_wconf 69' lang='grc' dir='ltr'><strong>τοῦτο</strong></span> <span class='ocrx_word' id='word_1_459' title='bbox 2544 3404 2644 3471; x_wconf 67' lang='grc' dir='ltr'><strong>τῆς</strong></span> <span class='ocrx_word' id='word_1_460' title='bbox 2667 3403 2844 3473; x_wconf 74' lang='grc' dir='ltr'>ψυχῆς</span> <span class='ocrx_word' id='word_1_461' title='bbox 2885 3405 2965 3470; x_wconf 66' lang='grc' dir='ltr'><strong>ὃν,</strong></span> <span class='ocrx_word' id='word_1_462' title='bbox 2990 3405 3270 3458; x_wconf 77' lang='grc' dir='ltr'>διαλύεται</span> <span class='ocrx_word' id='word_1_463' title='bbox 3302 3407 3497 3459; x_wconf 80' lang='grc' dir='ltr'>σαπέν.</span> 
     </span>
    </p>
   </div>
   <div class='ocr_carea' id='block_1_68' title="bbox 419 3489 3669 3564">
    <p class='ocr_par' dir='ltr' id='par_1_68' title="bbox 419 3489 3669 3564">
     <span class='ocr_line' id='line_1_68' title="bbox 419 3489 3669 3564; baseline -0.001 -9"><span class='ocrx_word' id='word_1_464' title='bbox 419 3507 551 3557; x_wconf 91' lang='lat' dir='ltr'><strong>lium</strong></span> <span class='ocrx_word' id='word_1_465' title='bbox 577 3509 715 3560; x_wconf 89' lang='lat' dir='ltr'><strong>erat,</strong></span> <span class='ocrx_word' id='word_1_466' title='bbox 751 3506 803 3551; x_wconf 91' lang='lat' dir='ltr'><strong>et</strong></span> <span class='ocrx_word' id='word_1_467' title='bbox 874 3503 1060 3564; x_wconf 86' lang='lat' dir='ltr'><strong>postea</strong></span> <span class='ocrx_word' id='word_1_468' title='bbox 1140 3489 1538 3558; x_wconf 76' lang='lat' dir='ltr'><strong>putrefactione</strong></span> <span class='ocrx_word' id='word_1_469' title='bbox 1583 3489 1914 3544; x_wconf 87' lang='lat' dir='ltr'><strong>dissolutum</strong></span> <span class='ocrx_word' id='word_1_470' title='bbox 1956 3498 2059 3544; x_wconf 88' lang='lat' dir='ltr'><strong>est.</strong></span> <span class='ocrx_word' id='word_1_471' title='bbox 2105 3489 2210 3562; x_wconf 88' lang='lat' dir='ltr'><strong>[Si</strong></span> <span class='ocrx_word' id='word_1_472' title='bbox 2240 3508 2476 3562; x_wconf 71' lang='lat' dir='ltr'><strong>quaeres,</strong></span> <span class='ocrx_word' id='word_1_473' title='bbox 2517 3509 2585 3549; x_wconf 88' lang='lat' dir='ltr'><strong>an</strong></span> <span class='ocrx_word' id='word_1_474' title='bbox 2619 3495 2815 3552; x_wconf 85' lang='lat' dir='ltr'><strong>habeat</strong></span> <span class='ocrx_word' id='word_1_475' title='bbox 2869 3499 3068 3561; x_wconf 89' lang='lat' dir='ltr'><strong>locum,</strong></span> <span class='ocrx_word' id='word_1_476' title='bbox 3121 3499 3327 3552; x_wconf 74' lang='lat' dir='ltr'><strong>nulium</strong></span> <span class='ocrx_word' id='word_1_477' title='bbox 3380 3499 3669 3554; x_wconf 76' lang='lat' dir='ltr'><strong>invenies:</strong></span> 
     </span>
    </p>
   </div>
   <div class='ocr_carea' id='block_1_69' title="bbox 416 3584 3670 3662">
    <p class='ocr_par' dir='ltr' id='par_1_69' title="bbox 416 3584 3670 3662">
     <span class='ocr_line' id='line_1_69' title="bbox 416 3584 3670 3662; baseline -0 -9"><span class='ocrx_word' id='word_1_478' title='bbox 416 3597 731 3654; x_wconf 80' lang='lat' dir='ltr'><strong>mansiones</strong></span> <span class='ocrx_word' id='word_1_479' title='bbox 788 3591 931 3646; x_wconf 91' lang='lat' dir='ltr'><strong>enim</strong></span> <span class='ocrx_word' id='word_1_480' title='bbox 983 3602 1172 3642; x_wconf 88' lang='lat' dir='ltr'><strong>eorum</strong></span> <span class='ocrx_word' id='word_1_481' title='bbox 1217 3587 1479 3640; x_wconf 91' lang='lat' dir='ltr'><strong>dicuntur</strong></span> <span class='ocrx_word' id='word_1_482' title='bbox 1526 3585 1620 3655; x_wconf 88' lang='lat' dir='ltr'><strong>qui</strong></span> <span class='ocrx_word' id='word_1_483' title='bbox 1681 3587 1984 3640; x_wconf 87' lang='lat' dir='ltr'><strong>salvantur.</strong></span> <span class='ocrx_word' id='word_1_484' title='bbox 2019 3584 2153 3640; x_wconf 87' lang='lat' dir='ltr'><strong>Nam</strong></span> <span class='ocrx_word' id='word_1_485' title='bbox 2187 3603 2379 3644; x_wconf 88' lang='lat' dir='ltr'><strong>eorum</strong></span> <span class='ocrx_word' id='word_1_486' title='bbox 2408 3591 2504 3658; x_wconf 87' lang='lat' dir='ltr'><strong>qui</strong></span> <span class='ocrx_word' id='word_1_487' title='bbox 2539 3601 2790 3660; x_wconf 87' lang='lat' dir='ltr'><strong>pereunt,</strong></span> <span class='ocrx_word' id='word_1_488' title='bbox 2821 3595 3065 3662; x_wconf 74' lang='lat' dir='ltr'><strong>gehenna</strong></span> <span class='ocrx_word' id='word_1_489' title='bbox 3093 3633 3108 3658; x_wconf 95' lang='lat'><strong>,</strong></span> <span class='ocrx_word' id='word_1_490' title='bbox 3179 3595 3258 3648; x_wconf 86' lang='lat' dir='ltr'><strong>vel</strong></span> <span class='ocrx_word' id='word_1_491' title='bbox 3337 3593 3670 3661; x_wconf 70' lang='lat' dir='ltr'><strong>huiusmodi.</strong></span> 
     </span>
    </p>
   </div>
   <div class='ocr_carea' id='block_1_70' title="bbox 417 3677 2174 3754">
    <p class='ocr_par' dir='ltr' id='par_1_70' title="bbox 417 3677 2174 3754">
     <span class='ocr_line' id='line_1_70' title="bbox 417 3677 2174 3754; baseline -0.009 -4"><span class='ocrx_word' id='word_1_492' title='bbox 417 3690 658 3750; x_wconf 89' lang='lat' dir='ltr'><strong>hominis</strong></span> <span class='ocrx_word' id='word_1_493' title='bbox 705 3701 811 3740; x_wconf 92' lang='lat' dir='ltr'><strong>non</strong></span> <span class='ocrx_word' id='word_1_494' title='bbox 860 3683 1061 3738; x_wconf 73' lang='lat' dir='ltr'><strong>dicitur</strong></span> <span class='ocrx_word' id='word_1_495' title='bbox 1102 3696 1224 3735; x_wconf 81' lang='lat' dir='ltr'><strong>esse</strong></span> <span class='ocrx_word' id='word_1_496' title='bbox 1262 3679 1414 3735; x_wconf 92' lang='lat' dir='ltr'><strong>locus</strong></span> <span class='ocrx_word' id='word_1_497' title='bbox 1465 3677 1687 3747; x_wconf 87' lang='lat' dir='ltr'><strong>aliquis,</strong></span> <span class='ocrx_word' id='word_1_498' title='bbox 1727 3679 1821 3734; x_wconf 89' lang='lat' dir='ltr'><strong>sed</strong></span> <span class='ocrx_word' id='word_1_499' title='bbox 1865 3679 2117 3748; x_wconf 79' lang='lat' dir='ltr'><strong>perditio.</strong></span> <span class='ocrx_word' id='word_1_500' title='bbox 2155 3680 2174 3754; x_wconf 95' lang='lat'>]</span> 
     </span>
    </p>
   </div>
   <div class='ocr_carea' id='block_1_71' title="bbox 485 3771 1990 3842">
    <p class='ocr_par' dir='ltr' id='par_1_71' title="bbox 485 3771 1990 3842">
     <span class='ocr_line' id='line_1_71' title="bbox 485 3771 1990 3842; baseline -0.007 -4"><span class='ocrx_word' id='word_1_501' title='bbox 485 3785 651 3838; x_wconf 69' lang='lat' dir='ltr'><strong>Vens.</strong></span> <span class='ocrx_word' id='word_1_502' title='bbox 685 3781 774 3835; x_wconf 75' lang='lat'><strong>37.</strong></span> <span class='ocrx_word' id='word_1_503' title='bbox 826 3777 1045 3832; x_wconf 81' lang='lat' dir='ltr'><strong>Custodi</strong></span> <span class='ocrx_word' id='word_1_504' title='bbox 1080 3773 1464 3827; x_wconf 83' lang='lat' dir='ltr'><strong>innocentiam.</strong></span> <span class='ocrx_word' id='word_1_505' title='bbox 1494 3801 1561 3816; x_wconf 65' lang='grc' dir='ltr'><strong>υ-</strong></span> <span class='ocrx_word' id='word_1_506' title='bbox 1589 3771 1990 3842; x_wconf 84' lang='lat' dir='ltr'><strong>Simplicitatem</strong></span> 
     </span>
    </p>
   </div>
   <div class='ocr_carea' id='block_1_72' title="bbox 415 3870 970 3945">
    <p class='ocr_par' dir='ltr' id='par_1_72' title="bbox 415 3870 970 3945">
     <span class='ocr_line' id='line_1_72' title="bbox 415 3870 970 3945; baseline -0.023 -11"><span class='ocrx_word' id='word_1_507' title='bbox 415 3878 554 3934; x_wconf 82' lang='lat' dir='ltr'><strong>dixit</strong></span> <span class='ocrx_word' id='word_1_508' title='bbox 586 3870 970 3945; x_wconf 84' lang='lat' dir='ltr'><strong>Symmachus.</strong></span> 
     </span>
    </p>
   </div>
   <div class='ocr_carea' id='block_1_73' title="bbox 429 3959 1989 4034">
    <p class='ocr_par' dir='ltr' id='par_1_73' title="bbox 429 3959 1989 4034">
     <span class='ocr_line' id='line_1_73' title="bbox 429 3959 1989 4034; baseline -0.006 -10"><span class='ocrx_word' id='word_1_509' title='bbox 429 4029 435 4034; x_wconf 52' lang='grc'><strong>,</strong></span> <span class='ocrx_word' id='word_1_510' title='bbox 489 3969 552 4024; x_wconf 82' lang='lat' dir='ltr'><strong>Et</strong></span> <span class='ocrx_word' id='word_1_511' title='bbox 585 3966 700 4022; x_wconf 85' lang='lat' dir='ltr'><strong>vide</strong></span> <span class='ocrx_word' id='word_1_512' title='bbox 728 3961 1118 4017; x_wconf 85' lang='lat' dir='ltr'><strong>rectitudinem.</strong></span> <span class='ocrx_word' id='word_1_513' title='bbox 1143 3959 1406 4022; x_wconf 89' lang='lat' dir='ltr'><strong>Observa,</strong></span> <span class='ocrx_word' id='word_1_514' title='bbox 1434 3959 1632 4029; x_wconf 91' lang='lat' dir='ltr'><strong>inquit,</strong></span> <span class='ocrx_word' id='word_1_515' title='bbox 1692 3966 1750 4012; x_wconf 89' lang='lat' dir='ltr'><strong>ut</strong></span> <span class='ocrx_word' id='word_1_516' title='bbox 1805 3969 1989 4014; x_wconf 89' lang='lat' dir='ltr'><strong>rectus</strong></span> 
     </span>
    </p>
   </div>
   <div class='ocr_carea' id='block_1_74' title="bbox 415 4051 1119 4132">
    <p class='ocr_par' dir='ltr' id='par_1_74' title="bbox 415 4051 1119 4132">
     <span class='ocr_line' id='line_1_74' title="bbox 415 4051 1119 4132; baseline -0.02 -15"><span class='ocrx_word' id='word_1_517' title='bbox 415 4063 494 4117; x_wconf 85' lang='lat' dir='ltr'><strong>sis</strong></span> <span class='ocrx_word' id='word_1_518' title='bbox 525 4059 604 4132; x_wconf 86' lang='lat' dir='ltr'><strong>[et</strong></span> <span class='ocrx_word' id='word_1_519' title='bbox 646 4065 791 4111; x_wconf 89' lang='lat' dir='ltr'><strong>recte</strong></span> <span class='ocrx_word' id='word_1_520' title='bbox 823 4051 1119 4123; x_wconf 85' lang='lat' dir='ltr'><strong>ambules].</strong></span> 
     </span>
    </p>
   </div>
   <div class='ocr_carea' id='block_1_75' title="bbox 490 4142 1988 4218">
    <p class='ocr_par' dir='ltr' id='par_1_75' title="bbox 490 4142 1988 4218">
     <span class='ocr_line' id='line_1_75' title="bbox 490 4142 1988 4218; baseline -0.007 -12"><span class='ocrx_word' id='word_1_521' title='bbox 490 4151 755 4218; x_wconf 82' lang='lat' dir='ltr'><strong>Quoniam</strong></span> <span class='ocrx_word' id='word_1_522' title='bbox 796 4147 1030 4215; x_wconf 80' lang='lat' dir='ltr'><strong>reliquia:</strong></span> <span class='ocrx_word' id='word_1_523' title='bbox 1055 4153 1175 4196; x_wconf 87' lang='lat' dir='ltr'><strong>sunt</strong></span> <span class='ocrx_word' id='word_1_524' title='bbox 1207 4142 1405 4196; x_wconf 80' lang='lat' dir='ltr'><strong>homini</strong></span> <span class='ocrx_word' id='word_1_525' title='bbox 1431 4143 1678 4210; x_wconf 82' lang='lat' dir='ltr'><strong>paciﬁca.</strong></span> <span class='ocrx_word' id='word_1_526' title='bbox 1704 4142 1988 4210; x_wconf 76' lang='lat' dir='ltr'><strong>Reliquias</strong></span> 
     </span>
    </p>
   </div>
   <div class='ocr_carea' id='block_1_76' title="bbox 417 4232 1989 4309">
    <p class='ocr_par' dir='ltr' id='par_1_76' title="bbox 417 4232 1989 4309">
     <span class='ocr_line' id='line_1_76' title="bbox 417 4232 1989 4309; baseline -0.01 -9"><span class='ocrx_word' id='word_1_527' title='bbox 417 4242 737 4300; x_wconf 88' lang='lat' dir='ltr'><strong>memoriam</strong></span> <span class='ocrx_word' id='word_1_528' title='bbox 767 4239 1004 4309; x_wconf 86' lang='lat' dir='ltr'><strong>appellat</strong></span> <span class='ocrx_word' id='word_1_529' title='bbox 1032 4253 1046 4301; x_wconf 90' lang='lat'><strong>;</strong></span> <span class='ocrx_word' id='word_1_530' title='bbox 1080 4236 1194 4287; x_wconf 78' lang='lat' dir='ltr'><strong>[nec</strong></span> <span class='ocrx_word' id='word_1_531' title='bbox 1222 4243 1401 4287; x_wconf 84' lang='lat' dir='ltr'><strong>autem</strong></span> <span class='ocrx_word' id='word_1_532' title='bbox 1435 4234 1638 4302; x_wconf 84' lang='lat' dir='ltr'><strong>duplici</strong></span> <span class='ocrx_word' id='word_1_533' title='bbox 1667 4232 1826 4286; x_wconf 91' lang='lat' dir='ltr'><strong>modo</strong></span> <span class='ocrx_word' id='word_1_534' title='bbox 1856 4247 1989 4286; x_wconf 88' lang='lat' dir='ltr'><strong>con-</strong></span> 
     </span>
    </p>
   </div>
   <div class='ocr_carea' id='block_1_77' title="bbox 415 4325 1981 4401">
    <p class='ocr_par' dir='ltr' id='par_1_77' title="bbox 415 4325 1981 4401">
     <span class='ocr_line' id='line_1_77' title="bbox 415 4325 1981 4401; baseline -0.008 -10"><span class='ocrx_word' id='word_1_535' title='bbox 415 4342 714 4398; x_wconf 78' lang='lat' dir='ltr'><strong>servatur,</strong></span> <span class='ocrx_word' id='word_1_536' title='bbox 773 4344 870 4401; x_wconf 84' lang='lat' dir='ltr'><strong>per</strong></span> <span class='ocrx_word' id='word_1_537' title='bbox 932 4328 1137 4392; x_wconf 79' lang='lat' dir='ltr'><strong>prolem</strong></span> <span class='ocrx_word' id='word_1_538' title='bbox 1195 4326 1494 4389; x_wconf 86' lang='lat' dir='ltr'><strong>videlicet,</strong></span> <span class='ocrx_word' id='word_1_539' title='bbox 1556 4333 1611 4378; x_wconf 90' lang='lat' dir='ltr'><strong>ct</strong></span> <span class='ocrx_word' id='word_1_540' title='bbox 1679 4340 1771 4394; x_wconf 88' lang='lat' dir='ltr'><strong>per</strong></span> <span class='ocrx_word' id='word_1_541' title='bbox 1839 4325 1981 4379; x_wconf 87' lang='lat' dir='ltr'><strong>bona</strong></span> 
     </span>
    </p>
   </div>
   <div class='ocr_carea' id='block_1_78' title="bbox 413 4441 600 4481">
    <p class='ocr_par' dir='ltr' id='par_1_78' title="bbox 413 4441 600 4481">
     <span class='ocr_line' id='line_1_78' title="bbox 413 4441 600 4481; baseline -0.016 0"><span class='ocrx_word' id='word_1_542' title='bbox 413 4441 600 4481; x_wconf 86' lang='lat' dir='ltr'><strong>onera.</strong></span> 
     </span>
    </p>
   </div>
   <div class='ocr_carea' id='block_1_79' title="bbox 450 4444 1964 4579">
    <p class='ocr_par' dir='ltr' id='par_1_79' title="bbox 450 4444 1964 4579">
     <span class='ocr_line' id='line_1_79' title="bbox 483 4444 600 4481; baseline -0.026 0"><span class='ocrx_word' id='word_1_543' title='bbox 483 4444 600 4481; x_wconf 85' lang='lat' dir='ltr'><strong>era.</strong></span> 
     </span>
     <span class='ocr_line' id='line_1_80' title="bbox 450 4444 1964 4579; baseline -0.006 -10"><span class='ocrx_word' id='word_1_544' title='bbox 450 4444 646 4570; x_wconf 74' lang='lat' dir='ltr'><strong>th-ztts.</strong></span> <span class='ocrx_word' id='word_1_545' title='bbox 683 4513 771 4567; x_wconf 79' lang='grc'><strong>58.</strong></span> <span class='ocrx_word' id='word_1_546' title='bbox 801 4509 978 4579; x_wconf 84' lang='lat' dir='ltr'><strong>Iniqui</strong></span> <span class='ocrx_word' id='word_1_547' title='bbox 1014 4516 1188 4560; x_wconf 87' lang='lat' dir='ltr'><strong>autem</strong></span> <span class='ocrx_word' id='word_1_548' title='bbox 1239 4506 1733 4560; x_wconf 76' lang='lat' dir='ltr'><strong>exterminabunlur</strong></span> <span class='ocrx_word' id='word_1_549' title='bbox 1776 4509 1830 4561; x_wconf 87' lang='lat' dir='ltr'><strong>in</strong></span> <span class='ocrx_word' id='word_1_550' title='bbox 1871 4508 1964 4561; x_wconf 88' lang='lat' dir='ltr'><strong>idi-</strong></span> 
     </span>
    </p>
   </div>
   <div class='ocr_carea' id='block_1_80' title="bbox 409 4597 1978 4675">
    <p class='ocr_par' dir='ltr' id='par_1_80' title="bbox 409 4597 1978 4675">
     <span class='ocr_line' id='line_1_81' title="bbox 409 4597 1978 4675; baseline -0.006 -14"><span class='ocrx_word' id='word_1_551' title='bbox 409 4623 584 4675; x_wconf 77' lang='lat' dir='ltr'><strong>psum.</strong></span> <span class='ocrx_word' id='word_1_552' title='bbox 624 4635 693 4646; x_wconf 90' lang='lat'><strong><em>—</em></strong></span> <span class='ocrx_word' id='word_1_553' title='bbox 717 4603 782 4656; x_wconf 87' lang='lat' dir='ltr'><strong>In</strong></span> <span class='ocrx_word' id='word_1_554' title='bbox 807 4601 1033 4668; x_wconf 71' lang='lat' dir='ltr'><strong>idipsum</strong></span> <span class='ocrx_word' id='word_1_555' title='bbox 1063 4597 1204 4652; x_wconf 89' lang='lat' dir='ltr'><strong>idem</strong></span> <span class='ocrx_word' id='word_1_556' title='bbox 1245 4607 1350 4661; x_wconf 89' lang='lat' dir='ltr'><strong>est,</strong></span> <span class='ocrx_word' id='word_1_557' title='bbox 1383 4599 1528 4668; x_wconf 92' lang='lat' dir='ltr'><strong>quod</strong></span> <span class='ocrx_word' id='word_1_558' title='bbox 1580 4614 1706 4664; x_wconf 89' lang='lat' dir='ltr'><strong>una,</strong></span> <span class='ocrx_word' id='word_1_559' title='bbox 1741 4599 1845 4653; x_wconf 89' lang='lat' dir='ltr'><strong>hoc</strong></span> <span class='ocrx_word' id='word_1_560' title='bbox 1875 4605 1978 4664; x_wconf 88' lang='lat' dir='ltr'><strong>est,</strong></span> 
     </span>
    </p>
   </div>
   <div class='ocr_carea' id='block_1_81' title="bbox 411 4689 1978 4758">
    <p class='ocr_par' dir='ltr' id='par_1_81' title="bbox 411 4689 1978 4758">
     <span class='ocr_line' id='line_1_82' title="bbox 411 4689 1978 4758; baseline -0.006 -4"><span class='ocrx_word' id='word_1_561' title='bbox 411 4699 573 4754; x_wconf 89' lang='lat' dir='ltr'><strong>simul</strong></span> <span class='ocrx_word' id='word_1_562' title='bbox 602 4711 727 4751; x_wconf 85' lang='lat' dir='ltr'><strong>cum</strong></span> <span class='ocrx_word' id='word_1_563' title='bbox 750 4708 936 4750; x_wconf 89' lang='lat' dir='ltr'><strong>eorum</strong></span> <span class='ocrx_word' id='word_1_564' title='bbox 960 4690 1243 4745; x_wconf 89' lang='lat' dir='ltr'><strong>memoria.</strong></span> <span class='ocrx_word' id='word_1_565' title='bbox 1265 4689 1423 4755; x_wconf 86' lang='lat' dir='ltr'><strong>Quod</strong></span> <span class='ocrx_word' id='word_1_566' title='bbox 1459 4691 1513 4744; x_wconf 92' lang='lat' dir='ltr'><strong>in</strong></span> <span class='ocrx_word' id='word_1_567' title='bbox 1545 4689 1794 4758; x_wconf 87' lang='lat' dir='ltr'><strong>sequenti</strong></span> <span class='ocrx_word' id='word_1_568' title='bbox 1815 4691 1978 4745; x_wconf 83' lang='lat' dir='ltr'><strong>etiam</strong></span> 
     </span>
    </p>
   </div>
   <div class='ocr_carea' id='block_1_82' title="bbox 413 4782 1486 4856">
    <p class='ocr_par' dir='ltr' id='par_1_82' title="bbox 413 4782 1486 4856">
     <span class='ocr_line' id='line_1_83' title="bbox 413 4782 1486 4856; baseline -0.007 -12"><span class='ocrx_word' id='word_1_569' title='bbox 413 4789 684 4846; x_wconf 89' lang='lat' dir='ltr'><strong>versiculo</strong></span> <span class='ocrx_word' id='word_1_570' title='bbox 709 4785 878 4856; x_wconf 80' lang='lat' dir='ltr'><strong>magis</strong></span> <span class='ocrx_word' id='word_1_571' title='bbox 906 4783 1225 4848; x_wconf 81' lang='lat' dir='ltr'><strong>declaravit,</strong></span> <span class='ocrx_word' id='word_1_572' title='bbox 1251 4782 1439 4837; x_wconf 86' lang='lat' dir='ltr'><strong>dicens</strong></span> <span class='ocrx_word' id='word_1_573' title='bbox 1472 4801 1486 4836; x_wconf 89' lang='lat'><strong>:</strong></span> 
     </span>
    </p>
   </div>
   <div class='ocr_carea' id='block_1_83' title="bbox 480 4872 1983 4949">
    <p class='ocr_par' dir='ltr' id='par_1_83' title="bbox 480 4872 1983 4949">
     <span class='ocr_line' id='line_1_84' title="bbox 480 4872 1983 4949; baseline -0.005 -14"><span class='ocrx_word' id='word_1_574' title='bbox 480 4880 734 4949; x_wconf 62' lang='lat' dir='ltr'><strong>Reliquiae</strong></span> <span class='ocrx_word' id='word_1_575' title='bbox 763 4878 1045 4946; x_wconf 81' lang='lat' dir='ltr'><strong>impiorum</strong></span> <span class='ocrx_word' id='word_1_576' title='bbox 1082 4875 1590 4929; x_wconf 72' lang='lat' dir='ltr'><strong>exterminabuntur.</strong></span> <span class='ocrx_word' id='word_1_577' title='bbox 1633 4873 1735 4929; x_wconf 85' lang='lat' dir='ltr'><strong>Per</strong></span> <span class='ocrx_word' id='word_1_578' title='bbox 1763 4872 1983 4943; x_wconf 81' lang='lat' dir='ltr'><strong>impios,</strong></span> 
     </span>
    </p>
   </div>
   <div class='ocr_carea' id='block_1_84' title="bbox 409 4967 1147 5044">
    <p class='ocr_par' dir='ltr' id='par_1_84' title="bbox 409 4967 1147 5044">
     <span class='ocr_line' id='line_1_85' title="bbox 409 4967 1147 5044; baseline -0.008 -17"><span class='ocrx_word' id='word_1_579' title='bbox 409 4986 607 5044; x_wconf 89' lang='lat' dir='ltr'><strong>pravos</strong></span> <span class='ocrx_word' id='word_1_580' title='bbox 633 4984 823 5025; x_wconf 88' lang='lat' dir='ltr'><strong>omnes</strong></span> <span class='ocrx_word' id='word_1_581' title='bbox 859 4967 1147 5035; x_wconf 77' lang='lat' dir='ltr'><strong>intelliges.</strong></span> 
     </span>
    </p>
   </div>
   <div class='ocr_carea' id='block_1_85' title="bbox 480 5057 1976 5131">
    <p class='ocr_par' dir='ltr' id='par_1_85' title="bbox 480 5057 1976 5131">
     <span class='ocr_line' id='line_1_86' title="bbox 480 5057 1976 5131; baseline -0.005 -12"><span class='ocrx_word' id='word_1_582' title='bbox 480 5065 644 5119; x_wconf 73' lang='lat' dir='ltr'><strong>Vsus.</strong></span> <span class='ocrx_word' id='word_1_583' title='bbox 677 5062 770 5126; x_wconf 79' lang='lat'><strong>59,</strong></span> <span class='ocrx_word' id='word_1_584' title='bbox 806 5061 895 5114; x_wconf 71' lang='grc'><strong>40.</strong></span> <span class='ocrx_word' id='word_1_585' title='bbox 929 5058 1089 5114; x_wconf 81' lang='lat' dir='ltr'><strong>Salus</strong></span> <span class='ocrx_word' id='word_1_586' title='bbox 1126 5071 1300 5113; x_wconf 87' lang='lat' dir='ltr'><strong>autem</strong></span> <span class='ocrx_word' id='word_1_587' title='bbox 1346 5059 1611 5131; x_wconf 70' lang='lat' dir='ltr'><strong>iustorum</strong></span> <span class='ocrx_word' id='word_1_588' title='bbox 1651 5075 1684 5112; x_wconf 88' lang='lat' dir='ltr'><strong>a</strong></span> <span class='ocrx_word' id='word_1_589' title='bbox 1732 5057 1976 5123; x_wconf 88' lang='lat' dir='ltr'><strong>Domino,</strong></span> 
     </span>
    </p>
   </div>
   <div class='ocr_carea' id='block_1_86' title="bbox 407 5150 1977 5228">
    <p class='ocr_par' dir='ltr' id='par_1_86' title="bbox 407 5150 1977 5228">
     <span class='ocr_line' id='line_1_87' title="bbox 407 5150 1977 5228; baseline -0.006 -15"><span class='ocrx_word' id='word_1_590' title='bbox 407 5170 455 5214; x_wconf 85' lang='lat' dir='ltr'><strong>et</strong></span> <span class='ocrx_word' id='word_1_591' title='bbox 490 5160 601 5228; x_wconf 86' lang='lat' dir='ltr'><strong>ipse</strong></span> <span class='ocrx_word' id='word_1_592' title='bbox 637 5164 898 5225; x_wconf 77' lang='lat' dir='ltr'><strong>protector</strong></span> <span class='ocrx_word' id='word_1_593' title='bbox 913 5169 1091 5206; x_wconf 84' lang='lat' dir='ltr'><strong>eorum</strong></span> <span class='ocrx_word' id='word_1_594' title='bbox 1110 5160 1189 5206; x_wconf 88' lang='lat' dir='ltr'><strong>est</strong></span> <span class='ocrx_word' id='word_1_595' title='bbox 1221 5153 1275 5204; x_wconf 89' lang='lat' dir='ltr'><strong>in</strong></span> <span class='ocrx_word' id='word_1_596' title='bbox 1315 5162 1542 5220; x_wconf 80' lang='lat' dir='ltr'><strong>tempore</strong></span> <span class='ocrx_word' id='word_1_597' title='bbox 1570 5150 1928 5204; x_wconf 78' lang='lat' dir='ltr'><strong>tribulationis</strong></span> <span class='ocrx_word' id='word_1_598' title='bbox 1959 5166 1977 5204; x_wconf 90' lang='lat'><strong><em>:</em></strong></span> 
     </span>
    </p>
   </div>
   <div class='ocr_carea' id='block_1_87' title="bbox 404 5242 1973 5321">
    <p class='ocr_par' dir='ltr' id='par_1_87' title="bbox 404 5242 1973 5321">
     <span class='ocr_line' id='line_1_88' title="bbox 404 5242 1973 5321; baseline -0.008 -15"><span class='ocrx_word' id='word_1_599' title='bbox 404 5263 452 5306; x_wconf 85' lang='lat' dir='ltr'><strong>et</strong></span> <span class='ocrx_word' id='word_1_600' title='bbox 484 5249 752 5321; x_wconf 79' lang='lat' dir='ltr'><strong>adjuvaoit</strong></span> <span class='ocrx_word' id='word_1_601' title='bbox 779 5263 866 5300; x_wconf 88' lang='lat' dir='ltr'><strong>eos</strong></span> <span class='ocrx_word' id='word_1_602' title='bbox 906 5245 1182 5308; x_wconf 86' lang='lat' dir='ltr'><strong>Dominus,</strong></span> <span class='ocrx_word' id='word_1_603' title='bbox 1210 5253 1258 5298; x_wconf 91' lang='lat' dir='ltr'><strong>et</strong></span> <span class='ocrx_word' id='word_1_604' title='bbox 1299 5243 1542 5296; x_wconf 82' lang='lat' dir='ltr'><strong>liberabit</strong></span> <span class='ocrx_word' id='word_1_605' title='bbox 1569 5259 1675 5306; x_wconf 86' lang='lat' dir='ltr'><strong>eos,</strong></span> <span class='ocrx_word' id='word_1_606' title='bbox 1714 5251 1763 5296; x_wconf 85' lang='lat' dir='ltr'><strong>et</strong></span> <span class='ocrx_word' id='word_1_607' title='bbox 1791 5242 1973 5310; x_wconf 82' lang='lat' dir='ltr'><strong>eripiet</strong></span> 
     </span>
    </p>
   </div>
   <div class='ocr_carea' id='block_1_88' title="bbox 401 5335 1972 5407">
    <p class='ocr_par' dir='ltr' id='par_1_88' title="bbox 401 5335 1972 5407">
     <span class='ocr_line' id='line_1_89' title="bbox 401 5335 1972 5407; baseline -0.006 -13"><span class='ocrx_word' id='word_1_608' title='bbox 401 5359 488 5396; x_wconf 84' lang='lat' dir='ltr'><strong>eos</strong></span> <span class='ocrx_word' id='word_1_609' title='bbox 513 5358 543 5394; x_wconf 92' lang='lat' dir='ltr'><strong>a</strong></span> <span class='ocrx_word' id='word_1_610' title='bbox 569 5336 932 5407; x_wconf 83' lang='lat' dir='ltr'><strong>peccatoribus</strong></span> <span class='ocrx_word' id='word_1_611' title='bbox 956 5376 970 5398; x_wconf 96' lang='lat'><strong>,</strong></span> <span class='ocrx_word' id='word_1_612' title='bbox 999 5345 1047 5388; x_wconf 90' lang='lat' dir='ltr'><strong>et</strong></span> <span class='ocrx_word' id='word_1_613' title='bbox 1083 5335 1304 5389; x_wconf 84' lang='lat' dir='ltr'><strong>salvabit</strong></span> <span class='ocrx_word' id='word_1_614' title='bbox 1351 5351 1462 5400; x_wconf 87' lang='lat' dir='ltr'><strong>eos,</strong></span> <span class='ocrx_word' id='word_1_615' title='bbox 1508 5336 1755 5403; x_wconf 84' lang='lat' dir='ltr'><strong>quoniam</strong></span> <span class='ocrx_word' id='word_1_616' title='bbox 1793 5347 1972 5400; x_wconf 88' lang='lat' dir='ltr'><strong>spera-</strong></span> 
     </span>
    </p>
   </div>
   <div class='ocr_carea' id='block_1_89' title="bbox 402 5423 1972 5495">
    <p class='ocr_par' dir='ltr' id='par_1_89' title="bbox 402 5423 1972 5495">
     <span class='ocr_line' id='line_1_90' title="bbox 402 5423 1972 5495; baseline -0.006 -8"><span class='ocrx_word' id='word_1_617' title='bbox 402 5443 585 5488; x_wconf 74' lang='lat' dir='ltr'><strong>rerunt</strong></span> <span class='ocrx_word' id='word_1_618' title='bbox 622 5433 674 5484; x_wconf 90' lang='lat' dir='ltr'><strong>in</strong></span> <span class='ocrx_word' id='word_1_619' title='bbox 717 5446 857 5483; x_wconf 86' lang='lat' dir='ltr'><strong>eum.</strong></span> <span class='ocrx_word' id='word_1_620' title='bbox 913 5425 1044 5480; x_wconf 84' lang='lat' dir='ltr'><strong>Vide</strong></span> <span class='ocrx_word' id='word_1_621' title='bbox 1094 5440 1254 5495; x_wconf 89' lang='lat' dir='ltr'><strong>quam</strong></span> <span class='ocrx_word' id='word_1_622' title='bbox 1291 5425 1440 5479; x_wconf 78' lang='lat' dir='ltr'><strong>varie</strong></span> <span class='ocrx_word' id='word_1_623' title='bbox 1482 5439 1546 5478; x_wconf 83' lang='lat' dir='ltr'><strong>ac</strong></span> <span class='ocrx_word' id='word_1_624' title='bbox 1598 5423 1972 5492; x_wconf 89' lang='lat' dir='ltr'><strong>multipliciter</strong></span> 
     </span>
    </p>
   </div>
   <div class='ocr_carea' id='block_1_90' title="bbox 403 5515 1972 5588">
    <p class='ocr_par' dir='ltr' id='par_1_90' title="bbox 403 5515 1972 5588">
     <span class='ocr_line' id='line_1_91' title="bbox 403 5515 1972 5588; baseline -0.003 -12"><span class='ocrx_word' id='word_1_625' title='bbox 403 5524 552 5577; x_wconf 85' lang='lat' dir='ltr'><strong>varia</strong></span> <span class='ocrx_word' id='word_1_626' title='bbox 581 5537 646 5575; x_wconf 91' lang='lat' dir='ltr'><strong>ac</strong></span> <span class='ocrx_word' id='word_1_627' title='bbox 691 5519 1014 5588; x_wconf 88' lang='lat' dir='ltr'><strong>multiplicia</strong></span> <span class='ocrx_word' id='word_1_628' title='bbox 1040 5518 1242 5570; x_wconf 77' lang='lat' dir='ltr'><strong>auxilia</strong></span> <span class='ocrx_word' id='word_1_629' title='bbox 1279 5515 1641 5580; x_wconf 88' lang='lat' dir='ltr'><strong>annuntiavit,</strong></span> <span class='ocrx_word' id='word_1_630' title='bbox 1673 5531 1794 5584; x_wconf 73' lang='lat' dir='ltr'><strong>qua:</strong></span> <span class='ocrx_word' id='word_1_631' title='bbox 1830 5515 1972 5571; x_wconf 85' lang='lat' dir='ltr'><strong>Deus</strong></span> 
     </span>
    </p>
   </div>
   <div class='ocr_carea' id='block_1_91' title="bbox 400 5607 1970 5684">
    <p class='ocr_par' dir='ltr' id='par_1_91' title="bbox 400 5607 1970 5684">
     <span class='ocr_line' id='line_1_92' title="bbox 400 5607 1970 5684; baseline -0.004 -17"><span class='ocrx_word' id='word_1_632' title='bbox 400 5616 438 5684; x_wconf 73' lang='lat' dir='ltr'><strong>j;</strong></span> <span class='ocrx_word' id='word_1_633' title='bbox 465 5618 566 5666; x_wconf 84' lang='lat' dir='ltr'><strong>stis</strong></span> <span class='ocrx_word' id='word_1_634' title='bbox 601 5611 932 5679; x_wconf 87' lang='lat' dir='ltr'><strong>impertitur.</strong></span> <span class='ocrx_word' id='word_1_635' title='bbox 958 5608 1106 5662; x_wconf 80' lang='lat' dir='ltr'><strong>Varii</strong></span> <span class='ocrx_word' id='word_1_636' title='bbox 1135 5609 1280 5661; x_wconf 90' lang='lat' dir='ltr'><strong>enim</strong></span> <span class='ocrx_word' id='word_1_637' title='bbox 1318 5616 1446 5661; x_wconf 89' lang='lat' dir='ltr'><strong>sunt</strong></span> <span class='ocrx_word' id='word_1_638' title='bbox 1484 5621 1673 5661; x_wconf 89' lang='lat' dir='ltr'><strong>eorum</strong></span> <span class='ocrx_word' id='word_1_639' title='bbox 1724 5607 1888 5672; x_wconf 88' lang='lat' dir='ltr'><strong>modi,</strong></span> <span class='ocrx_word' id='word_1_640' title='bbox 1917 5616 1970 5664; x_wconf 89' lang='lat' dir='ltr'><strong>et</strong></span> 
     </span>
    </p>
   </div>
   <div class='ocr_carea' id='block_1_92' title="bbox 402 5698 1965 5770">
    <p class='ocr_par' dir='ltr' id='par_1_92' title="bbox 402 5698 1965 5770">
     <span class='ocr_line' id='line_1_93' title="bbox 402 5698 1965 5770; baseline -0.003 -12"><span class='ocrx_word' id='word_1_641' title='bbox 402 5703 554 5759; x_wconf 76' lang='lat' dir='ltr'><strong>varie</strong></span> <span class='ocrx_word' id='word_1_642' title='bbox 584 5699 1050 5766; x_wconf 80' lang='lat' dir='ltr'><strong>administrantur,</strong></span> <span class='ocrx_word' id='word_1_643' title='bbox 1093 5698 1248 5770; x_wconf 84' lang='lat' dir='ltr'><strong>juxta</strong></span> <span class='ocrx_word' id='word_1_644' title='bbox 1271 5700 1476 5753; x_wconf 91' lang='lat' dir='ltr'><strong>variam</strong></span> <span class='ocrx_word' id='word_1_645' title='bbox 1515 5715 1576 5754; x_wconf 90' lang='lat' dir='ltr'><strong>ac</strong></span> <span class='ocrx_word' id='word_1_646' title='bbox 1609 5699 1965 5770; x_wconf 89' lang='lat' dir='ltr'><strong>multiplicem</strong></span> 
     </span>
    </p>
   </div>
   <div class='ocr_carea' id='block_1_93' title="bbox 2160 3777 3669 3847">
    <p class='ocr_par' dir='ltr' id='par_1_93' title="bbox 2160 3777 3669 3847">
     <span class='ocr_line' id='line_1_94' title="bbox 2160 3777 3669 3847; baseline 0.003 -17"><span class='ocrx_word' id='word_1_647' title='bbox 2160 3777 2450 3831; x_wconf 76' lang='grc' dir='ltr'>Φύλασσε</span> <span class='ocrx_word' id='word_1_648' title='bbox 2490 3777 2768 3832; x_wconf 80' lang='grc' dir='ltr'>ἀκακίαν.</span> <span class='ocrx_word' id='word_1_649' title='bbox 2803 3809 2871 3818; x_wconf 90' lang='lat'><strong>-—</strong></span> <span class='ocrx_word' id='word_1_650' title='bbox 2904 3779 3229 3847; x_wconf 77' lang='grc' dir='ltr'>Ἀπλότητα</span> <span class='ocrx_word' id='word_1_651' title='bbox 3254 3780 3405 3833; x_wconf 78' lang='grc' dir='ltr'>εἶπεν</span> <span class='ocrx_word' id='word_1_652' title='bbox 3458 3784 3484 3833; x_wconf 80' lang='grc' dir='ltr'>ὁ</span> <span class='ocrx_word' id='word_1_653' title='bbox 3528 3780 3669 3836; x_wconf 56' lang='grc' dir='ltr'>Σύξπ</span> 
     </span>
    </p>
   </div>
   <div class='ocr_carea' id='block_1_94' title="bbox 2137 3887 2292 3931">
    <p class='ocr_par' dir='ltr' id='par_1_94' title="bbox 2137 3887 2292 3931">
     <span class='ocr_line' id='line_1_95' title="bbox 2137 3887 2292 3931; baseline 0.013 -8"><span class='ocrx_word' id='word_1_654' title='bbox 2137 3887 2292 3931; x_wconf 69' lang='grc' dir='ltr'>αγος.</span> 
     </span>
    </p>
   </div>
   <div class='ocr_carea' id='block_1_95' title="bbox 2090 3887 3665 4036">
    <p class='ocr_par' dir='ltr' id='par_1_95' title="bbox 2090 3887 3665 4036">
     <span class='ocr_line' id='line_1_96' title="bbox 2137 3887 2292 3931; baseline 0.019 -9"><span class='ocrx_word' id='word_1_655' title='bbox 2137 3888 2167 3923; x_wconf 87' lang='grc' dir='ltr'><strong>α</strong></span> <span class='ocrx_word' id='word_1_656' title='bbox 2211 3887 2292 3931; x_wconf 82' lang='grc' dir='ltr'><strong>ος.</strong></span> 
     </span>
     <span class='ocr_line' id='line_1_97' title="bbox 2090 3887 3665 4036; baseline 0.003 -21"><span class='ocrx_word' id='word_1_657' title='bbox 2090 3887 2129 3937; x_wconf 78' lang='grc' dir='ltr'>μ</span> <span class='ocrx_word' id='word_1_658' title='bbox 2159 3888 2267 4016; x_wconf 43' lang='lat' dir='ltr'><strong>ligat</strong></span> <span class='ocrx_word' id='word_1_659' title='bbox 2301 3961 2394 4016; x_wconf 73' lang='grc' dir='ltr'><strong>ιδε</strong></span> <span class='ocrx_word' id='word_1_660' title='bbox 2425 3964 2744 4032; x_wconf 84' lang='grc' dir='ltr'>εὐθύτητα.</span> <span class='ocrx_word' id='word_1_661' title='bbox 2791 3964 2900 4016; x_wconf 81' lang='grc' dir='ltr'>Καὶ</span> <span class='ocrx_word' id='word_1_662' title='bbox 2929 3965 3169 4034; x_wconf 79' lang='grc' dir='ltr'>τήρησον</span> <span class='ocrx_word' id='word_1_663' title='bbox 3215 3963 3314 4032; x_wconf 77' lang='grc' dir='ltr'><strong>τὴν</strong></span> <span class='ocrx_word' id='word_1_664' title='bbox 3371 3966 3665 4036; x_wconf 80' lang='grc' dir='ltr'>ὀρθότητα.</span> 
     </span>
    </p>
   </div>
   <div class='ocr_carea' id='block_1_96' title="bbox 2162 4148 3664 4219">
    <p class='ocr_par' dir='ltr' id='par_1_96' title="bbox 2162 4148 3664 4219">
     <span class='ocr_line' id='line_1_98' title="bbox 2162 4148 3664 4219; baseline 0.003 -19"><span class='ocrx_word' id='word_1_665' title='bbox 2162 4148 2290 4201; x_wconf 85' lang='grc' dir='ltr'>Ὅτι</span> <span class='ocrx_word' id='word_1_666' title='bbox 2316 4149 2490 4202; x_wconf 78' lang='grc' dir='ltr'>ἐστὶν</span> <span class='ocrx_word' id='word_1_667' title='bbox 2515 4150 2956 4219; x_wconf 75' lang='grc' dir='ltr'><strong>ἐγκατάλειμμα</strong></span> <span class='ocrx_word' id='word_1_668' title='bbox 3007 4149 3298 4217; x_wconf 82' lang='grc' dir='ltr'><strong>ἀνθρώπῳ</strong></span> <span class='ocrx_word' id='word_1_669' title='bbox 3358 4148 3664 4218; x_wconf 72' lang='grc' dir='ltr'>είρηνικῷ.</span> 
     </span>
    </p>
   </div>
   <div class='ocr_carea' id='block_1_97' title="bbox 2105 4240 3666 4312">
    <p class='ocr_par' dir='ltr' id='par_1_97' title="bbox 2105 4240 3666 4312">
     <span class='ocr_line' id='line_1_99' title="bbox 2105 4240 3666 4312; baseline 0.001 -21"><span class='ocrx_word' id='word_1_670' title='bbox 2105 4241 2559 4312; x_wconf 83' lang='grc' dir='ltr'>Ἐγκατάλειμμα</span> <span class='ocrx_word' id='word_1_671' title='bbox 2587 4241 2813 4309; x_wconf 80' lang='grc' dir='ltr'>λέγειτὸ</span> <span class='ocrx_word' id='word_1_672' title='bbox 2845 4242 3190 4310; x_wconf 84' lang='grc' dir='ltr'>μνημόσυνον</span> <span class='ocrx_word' id='word_1_673' title='bbox 3213 4257 3224 4269; x_wconf 75' lang='grc' dir='ltr'><strong>ο</strong></span> <span class='ocrx_word' id='word_1_674' title='bbox 3260 4241 3420 4293; x_wconf 71' lang='grc' dir='ltr'>τοῦτο</span> <span class='ocrx_word' id='word_1_675' title='bbox 3471 4240 3527 4293; x_wconf 79' lang='grc' dir='ltr'><strong>δὲ</strong></span> <span class='ocrx_word' id='word_1_676' title='bbox 3559 4242 3666 4294; x_wconf 77' lang='grc' dir='ltr'>διτ-</span> 
     </span>
    </p>
   </div>
   <div class='ocr_carea' id='block_1_98' title="bbox 2089 4331 3452 4404">
    <p class='ocr_par' dir='ltr' id='par_1_98' title="bbox 2089 4331 3452 4404">
     <span class='ocr_line' id='line_1_100' title="bbox 2089 4331 3452 4404; baseline 0.003 -20"><span class='ocrx_word' id='word_1_677' title='bbox 2089 4333 2178 4384; x_wconf 87' lang='grc' dir='ltr'><strong>τόν</strong></span> <span class='ocrx_word' id='word_1_678' title='bbox 2211 4334 2358 4386; x_wconf 80' lang='grc' dir='ltr'>ἐστιν</span> <span class='ocrx_word' id='word_1_679' title='bbox 2485 4334 2542 4385; x_wconf 76' lang='grc' dir='ltr'>ἐν</span> <span class='ocrx_word' id='word_1_680' title='bbox 2586 4333 2917 4403; x_wconf 77' lang='grc' dir='ltr'>παιδοποιῖᾳ,</span> <span class='ocrx_word' id='word_1_681' title='bbox 2945 4331 2977 4384; x_wconf 65' lang='grc' dir='ltr'><strong>ἢ</strong></span> <span class='ocrx_word' id='word_1_682' title='bbox 3005 4334 3061 4384; x_wconf 81' lang='grc' dir='ltr'>ὲν</span> <span class='ocrx_word' id='word_1_683' title='bbox 3091 4333 3452 4404; x_wconf 71' lang='grc' dir='ltr'>ἀγαθοεργίᾳ.</span> 
     </span>
    </p>
   </div>
   <div class='ocr_carea' id='block_1_99' title="bbox 2155 4505 3663 4576">
    <p class='ocr_par' dir='ltr' id='par_1_99' title="bbox 2155 4505 3663 4576">
     <span class='ocr_line' id='line_1_101' title="bbox 2155 4505 3663 4576; baseline 0.003 -18"><span class='ocrx_word' id='word_1_684' title='bbox 2155 4511 2218 4561; x_wconf 74' lang='grc' dir='ltr'><strong>Οἱ</strong></span> <span class='ocrx_word' id='word_1_685' title='bbox 2278 4507 2345 4560; x_wconf 80' lang='grc' dir='ltr'><em>δὲ</em></span> <span class='ocrx_word' id='word_1_686' title='bbox 2402 4507 2735 4575; x_wconf 81' lang='grc' dir='ltr'>παράνομοι</span> <span class='ocrx_word' id='word_1_687' title='bbox 2790 4505 3407 4576; x_wconf 75' lang='grc' dir='ltr'>ἐξολοθρευθήσονται</span> <span class='ocrx_word' id='word_1_688' title='bbox 3468 4509 3663 4562; x_wconf 66' lang='lat' dir='ltr'><strong>emto-</strong></span> 
     </span>
    </p>
   </div>
   <div class='ocr_carea' id='block_1_100' title="bbox 2084 4598 3663 4669">
    <p class='ocr_par' dir='ltr' id='par_1_100' title="bbox 2084 4598 3663 4669">
     <span class='ocr_line' id='line_1_102' title="bbox 2084 4598 3663 4669; baseline 0.001 -17"><span class='ocrx_word' id='word_1_689' title='bbox 2084 4601 2252 4654; x_wconf 85' lang='grc' dir='ltr'>αυτό.</span> <span class='ocrx_word' id='word_1_690' title='bbox 2289 4629 2358 4638; x_wconf 90' lang='grc'><strong>-</strong></span> <span class='ocrx_word' id='word_1_691' title='bbox 2425 4598 2796 4658; x_wconf 79' lang='grc' dir='ltr'>Ἐπιτοαυτὸ,</span> <span class='ocrx_word' id='word_1_692' title='bbox 2859 4598 2980 4650; x_wconf 80' lang='grc' dir='ltr'>ἀντὶ</span> <span class='ocrx_word' id='word_1_693' title='bbox 3027 4599 3142 4662; x_wconf 81' lang='grc' dir='ltr'>τοῦ,</span> <span class='ocrx_word' id='word_1_694' title='bbox 3213 4599 3380 4667; x_wconf 82' lang='grc' dir='ltr'>Ὁμοῦ</span> <span class='ocrx_word' id='word_1_695' title='bbox 3437 4601 3534 4653; x_wconf 82' lang='grc' dir='ltr'><strong>σὺν</strong></span> <span class='ocrx_word' id='word_1_696' title='bbox 3584 4602 3663 4669; x_wconf 84' lang='grc' dir='ltr'>τῷ</span> 
     </span>
    </p>
   </div>
   <div class='ocr_carea' id='block_1_101' title="bbox 2088 4688 3661 4762">
    <p class='ocr_par' dir='ltr' id='par_1_101' title="bbox 2088 4688 3661 4762">
     <span class='ocr_line' id='line_1_103' title="bbox 2088 4688 3661 4762; baseline 0.004 -22"><span class='ocrx_word' id='word_1_697' title='bbox 2088 4689 2420 4760; x_wconf 83' lang='grc' dir='ltr'>μνημοσὺνῳ</span> <span class='ocrx_word' id='word_1_698' title='bbox 2451 4688 2704 4751; x_wconf 82' lang='grc' dir='ltr'>αὐτῶν,ὅ</span> <span class='ocrx_word' id='word_1_699' title='bbox 2751 4691 2845 4740; x_wconf 72' lang='grc' dir='ltr'>καὶ</span> <span class='ocrx_word' id='word_1_700' title='bbox 2884 4688 2972 4742; x_wconf 77' lang='grc' dir='ltr'>διὰ</span> <span class='ocrx_word' id='word_1_701' title='bbox 3019 4689 3114 4742; x_wconf 82' lang='grc' dir='ltr'>τοῦ</span> <span class='ocrx_word' id='word_1_702' title='bbox 3180 4689 3310 4758; x_wconf 81' lang='grc' dir='ltr'>ἑξῆς</span> <span class='ocrx_word' id='word_1_703' title='bbox 3363 4691 3661 4762; x_wconf 79' lang='grc' dir='ltr'>ἐσαφήνισε</span> 
     </span>
    </p>
   </div>
   <div class='ocr_carea' id='block_1_102' title="bbox 2085 4779 2533 4849">
    <p class='ocr_par' dir='ltr' id='par_1_102' title="bbox 2085 4779 2533 4849">
     <span class='ocr_line' id='line_1_104' title="bbox 2085 4779 2533 4849; baseline -0.004 -17"><span class='ocrx_word' id='word_1_704' title='bbox 2085 4779 2291 4849; x_wconf 89' lang='grc' dir='ltr'>στίχου,</span> <span class='ocrx_word' id='word_1_705' title='bbox 2323 4779 2493 4832; x_wconf 81' lang='grc' dir='ltr'>εἰπών</span> <span class='ocrx_word' id='word_1_706' title='bbox 2520 4794 2533 4807; x_wconf 77' lang='grc' dir='ltr'><strong>ο</strong></span> 
     </span>
    </p>
   </div>
   <div class='ocr_carea' id='block_1_103' title="bbox 2160 4869 3658 4940">
    <p class='ocr_par' dir='ltr' id='par_1_103' title="bbox 2160 4869 3658 4940">
     <span class='ocr_line' id='line_1_105' title="bbox 2160 4869 3658 4940; baseline -0.004 -14"><span class='ocrx_word' id='word_1_707' title='bbox 2160 4872 2241 4926; x_wconf 84' lang='grc' dir='ltr'><em>Τὰ</em></span> <span class='ocrx_word' id='word_1_708' title='bbox 2257 4871 2768 4940; x_wconf 67' lang='grc' dir='ltr'>ἐγκαταλείμμιιτα</span> <span class='ocrx_word' id='word_1_709' title='bbox 2807 4869 2925 4924; x_wconf 82' lang='grc' dir='ltr'><strong>τῶν</strong></span> <span class='ocrx_word' id='word_1_710' title='bbox 2954 4870 3191 4924; x_wconf 71' lang='grc' dir='ltr'><strong>ἀσεϐῶν</strong></span> <span class='ocrx_word' id='word_1_711' title='bbox 3227 4871 3658 4939; x_wconf 70' lang='grc' dir='ltr'><strong>ἐξολοθρευθὴσ</strong></span> 
     </span>
    </p>
   </div>
   <div class='ocr_carea' id='block_1_104' title="bbox 2083 4961 3448 5030">
    <p class='ocr_par' dir='ltr' id='par_1_104' title="bbox 2083 4961 3448 5030">
     <span class='ocr_line' id='line_1_106' title="bbox 2083 4961 3448 5030; baseline -0.004 -11"><span class='ocrx_word' id='word_1_712' title='bbox 2083 4979 2315 5019; x_wconf 65' lang='lat' dir='ltr'><strong>vortat.</strong></span> <span class='ocrx_word' id='word_1_713' title='bbox 2357 4961 2601 5024; x_wconf 80' lang='grc' dir='ltr'>Ἀσεϐεἰς</span> <span class='ocrx_word' id='word_1_714' title='bbox 2621 4962 2733 5014; x_wconf 81' lang='grc' dir='ltr'>νόει</span> <span class='ocrx_word' id='word_1_715' title='bbox 2766 4962 2976 5025; x_wconf 81' lang='grc' dir='ltr'>πάντας</span> <span class='ocrx_word' id='word_1_716' title='bbox 3003 4963 3130 5024; x_wconf 82' lang='grc' dir='ltr'>τοὺς</span> <span class='ocrx_word' id='word_1_717' title='bbox 3157 4962 3448 5030; x_wconf 79' lang='grc' dir='ltr'>πονηρούς.</span> 
     </span>
    </p>
   </div>
   <div class='ocr_carea' id='block_1_105' title="bbox 2153 5051 3655 5122">
    <p class='ocr_par' dir='ltr' id='par_1_105' title="bbox 2153 5051 3655 5122">
     <span class='ocr_line' id='line_1_107' title="bbox 2153 5051 3655 5122; baseline 0 -14"><span class='ocrx_word' id='word_1_718' title='bbox 2153 5055 2416 5122; x_wconf 78' lang='grc' dir='ltr'>Σωτήρια</span> <span class='ocrx_word' id='word_1_719' title='bbox 2474 5053 2542 5105; x_wconf 80' lang='grc' dir='ltr'><strong>δὲ</strong></span> <span class='ocrx_word' id='word_1_720' title='bbox 2606 5053 2726 5105; x_wconf 83' lang='grc' dir='ltr'><strong>τῶν</strong></span> <span class='ocrx_word' id='word_1_721' title='bbox 2762 5053 3006 5106; x_wconf 80' lang='grc' dir='ltr'>δικαίων</span> <span class='ocrx_word' id='word_1_722' title='bbox 3060 5051 3223 5121; x_wconf 82' lang='grc' dir='ltr'>παρὰ</span> <span class='ocrx_word' id='word_1_723' title='bbox 3267 5054 3509 5120; x_wconf 82' lang='grc' dir='ltr'>Κυρίου.</span> <span class='ocrx_word' id='word_1_724' title='bbox 3557 5055 3655 5108; x_wconf 75' lang='grc' dir='ltr'>καὶ</span> 
     </span>
    </p>
   </div>
   <div class='ocr_carea' id='block_1_106' title="bbox 2077 5143 3654 5216">
    <p class='ocr_par' dir='ltr' id='par_1_106' title="bbox 2077 5143 3654 5216">
     <span class='ocr_line' id='line_1_108' title="bbox 2077 5143 3654 5216; baseline -0.004 -12"><span class='ocrx_word' id='word_1_725' title='bbox 2077 5145 2535 5216; x_wconf 61' lang='grc' dir='ltr'>ὑπερασπιστὴς</span> <span class='ocrx_word' id='word_1_726' title='bbox 2561 5143 2761 5200; x_wconf 78' lang='grc' dir='ltr'>αὐτῶν</span> <span class='ocrx_word' id='word_1_727' title='bbox 2801 5145 2972 5198; x_wconf 83' lang='grc' dir='ltr'>ἐστιν</span> <span class='ocrx_word' id='word_1_728' title='bbox 3015 5145 3084 5198; x_wconf 78' lang='grc' dir='ltr'><em>ὲν</em></span> <span class='ocrx_word' id='word_1_729' title='bbox 3135 5145 3321 5214; x_wconf 83' lang='grc' dir='ltr'>καιρῷ</span> <span class='ocrx_word' id='word_1_730' title='bbox 3371 5147 3654 5215; x_wconf 73' lang='grc' dir='ltr'><strong>θλίψεως,</strong></span> 
     </span>
    </p>
   </div>
   <div class='ocr_carea' id='block_1_107' title="bbox 2079 5240 3655 5311">
    <p class='ocr_par' dir='ltr' id='par_1_107' title="bbox 2079 5240 3655 5311">
     <span class='ocr_line' id='line_1_109' title="bbox 2079 5240 3655 5311; baseline 0.002 -17"><span class='ocrx_word' id='word_1_731' title='bbox 2079 5240 2178 5294; x_wconf 76' lang='grc' dir='ltr'>καὶ</span> <span class='ocrx_word' id='word_1_732' title='bbox 2203 5241 2504 5310; x_wconf 74' lang='grc' dir='ltr'>,βοηθήσει</span> <span class='ocrx_word' id='word_1_733' title='bbox 2533 5242 2735 5308; x_wconf 75' lang='grc' dir='ltr'>αὐτοῖς</span> <span class='ocrx_word' id='word_1_734' title='bbox 2764 5245 2998 5311; x_wconf 80' lang='grc' dir='ltr'>Κύριος,</span> <span class='ocrx_word' id='word_1_735' title='bbox 3020 5243 3120 5298; x_wconf 79' lang='grc' dir='ltr'>καὶ</span> <span class='ocrx_word' id='word_1_736' title='bbox 3132 5244 3384 5311; x_wconf 69' lang='grc' dir='ltr'>ῥύσεται</span> <span class='ocrx_word' id='word_1_737' title='bbox 3409 5243 3655 5310; x_wconf 75' lang='grc' dir='ltr'>αὐτοὺς,</span> 
     </span>
    </p>
   </div>
   <div class='ocr_carea' id='block_1_108' title="bbox 2079 5333 3656 5404">
    <p class='ocr_par' dir='ltr' id='par_1_108' title="bbox 2079 5333 3656 5404">
     <span class='ocr_line' id='line_1_110' title="bbox 2079 5333 3656 5404; baseline 0.004 -19"><span class='ocrx_word' id='word_1_738' title='bbox 2079 5333 2176 5386; x_wconf 75' lang='grc' dir='ltr'>καὶ</span> <span class='ocrx_word' id='word_1_739' title='bbox 2203 5333 2492 5398; x_wconf 78' lang='grc' dir='ltr'>ἐξελεῖται</span> <span class='ocrx_word' id='word_1_740' title='bbox 2519 5335 2740 5400; x_wconf 82' lang='grc' dir='ltr'>αὐτοὺς</span> <span class='ocrx_word' id='word_1_741' title='bbox 2782 5336 2850 5400; x_wconf 84' lang='grc' dir='ltr'><strong>ἐξ</strong></span> <span class='ocrx_word' id='word_1_742' title='bbox 2900 5335 3280 5404; x_wconf 66' lang='grc' dir='ltr'><strong>ἁμαρτωλῶν,</strong></span> <span class='ocrx_word' id='word_1_743' title='bbox 3336 5337 3434 5389; x_wconf 78' lang='grc' dir='ltr'>καὶ</span> <span class='ocrx_word' id='word_1_744' title='bbox 3470 5336 3656 5391; x_wconf 77' lang='grc' dir='ltr'>σώσει</span> 
     </span>
    </p>
   </div>
   <div class='ocr_carea' id='block_1_109' title="bbox 2079 5417 3720 5498">
    <p class='ocr_par' dir='ltr' id='par_1_109' title="bbox 2079 5417 3720 5498">
     <span class='ocr_line' id='line_1_111' title="bbox 2079 5417 3720 5498; baseline 0.001 -21"><span class='ocrx_word' id='word_1_745' title='bbox 2079 5424 2321 5491; x_wconf 81' lang='grc' dir='ltr'>αὐτοὺς,</span> <span class='ocrx_word' id='word_1_746' title='bbox 2375 5425 2465 5478; x_wconf 84' lang='grc' dir='ltr'>ὅτι</span> <span class='ocrx_word' id='word_1_747' title='bbox 2512 5426 2932 5494; x_wconf 73' lang='grc' dir='ltr'>ἢλπισαν“ἐπ⁸</span> <span class='ocrx_word' id='word_1_748' title='bbox 2980 5429 3187 5481; x_wconf 83' lang='grc' dir='ltr'>αὐτόν.</span> <span class='ocrx_word' id='word_1_749' title='bbox 3222 5429 3363 5498; x_wconf 82' lang='grc' dir='ltr'>Ὅρα</span> <span class='ocrx_word' id='word_1_750' title='bbox 3412 5429 3529 5491; x_wconf 84' lang='grc' dir='ltr'>πῶς</span> <span class='ocrx_word' id='word_1_751' title='bbox 3555 5431 3657 5497; x_wconf 81' lang='grc' dir='ltr'><strong>τὴν</strong></span> <span class='ocrx_word' id='word_1_752' title='bbox 3707 5417 3720 5423; x_wconf 70' lang='grc'><em>’</em></span> 
     </span>
    </p>
   </div>
   <div class='ocr_carea' id='block_1_110' title="bbox 2082 5515 3655 5590">
    <p class='ocr_par' dir='ltr' id='par_1_110' title="bbox 2082 5515 3655 5590">
     <span class='ocr_line' id='line_1_112' title="bbox 2082 5515 3655 5590; baseline 0.002 -23"><span class='ocrx_word' id='word_1_753' title='bbox 2082 5515 2334 5586; x_wconf 80' lang='grc' dir='ltr'>ποικίλην</span> <span class='ocrx_word' id='word_1_754' title='bbox 2369 5519 2520 5587; x_wconf 75' lang='grc' dir='ltr'>παρὰ</span> <span class='ocrx_word' id='word_1_755' title='bbox 2546 5517 2681 5570; x_wconf 85' lang='grc' dir='ltr'>Θεοῦ</span> <span class='ocrx_word' id='word_1_756' title='bbox 2723 5518 2831 5570; x_wconf 83' lang='grc' dir='ltr'><strong>τῶν</strong></span> <span class='ocrx_word' id='word_1_757' title='bbox 2867 5518 3094 5572; x_wconf 85' lang='grc' dir='ltr'>δικαίων</span> <span class='ocrx_word' id='word_1_758' title='bbox 3147 5519 3432 5590; x_wconf 73' lang='grc' dir='ltr'>ἀντίληψιν</span> <span class='ocrx_word' id='word_1_759' title='bbox 3476 5518 3655 5572; x_wconf 84' lang='grc' dir='ltr'>ποικί-</span> 
     </span>
    </p>
   </div>
   <div class='ocr_carea' id='block_1_111' title="bbox 2081 5608 3654 5683">
    <p class='ocr_par' dir='ltr' id='par_1_111' title="bbox 2081 5608 3654 5683">
     <span class='ocr_line' id='line_1_113' title="bbox 2081 5608 3654 5683; baseline 0.003 -24"><span class='ocrx_word' id='word_1_760' title='bbox 2081 5608 2187 5671; x_wconf 86' lang='grc' dir='ltr'>λως</span> <span class='ocrx_word' id='word_1_761' title='bbox 2215 5609 2518 5679; x_wconf 77' lang='grc' dir='ltr'>ἀπήγγειλε</span> <span class='ocrx_word' id='word_1_762' title='bbox 2546 5627 2560 5641; x_wconf 88' lang='grc'><strong>·</strong></span> <span class='ocrx_word' id='word_1_763' title='bbox 2583 5611 2834 5683; x_wconf 62' lang='grc' dir='ltr'>διάφοροι</span> <span class='ocrx_word' id='word_1_764' title='bbox 2865 5611 2973 5681; x_wconf 82' lang='grc' dir='ltr'><strong>γὰρ</strong></span> <span class='ocrx_word' id='word_1_765' title='bbox 2997 5613 3045 5664; x_wconf 86' lang='lat' dir='ltr'><strong>ol</strong></span> <span class='ocrx_word' id='word_1_766' title='bbox 3083 5610 3290 5682; x_wconf 81' lang='grc' dir='ltr'>ταύτης</span> <span class='ocrx_word' id='word_1_767' title='bbox 3316 5611 3528 5682; x_wconf 82' lang='grc' dir='ltr'>τρόποι,</span> <span class='ocrx_word' id='word_1_768' title='bbox 3558 5616 3654 5663; x_wconf 84' lang='grc' dir='ltr'>καὶ</span> 
     </span>
    </p>
   </div>
   <div class='ocr_carea' id='block_1_112' title="bbox 2079 5697 3649 5771">
    <p class='ocr_par' dir='ltr' id='par_1_112' title="bbox 2079 5697 3649 5771">
     <span class='ocr_line' id='line_1_114' title="bbox 2079 5697 3649 5771; baseline 0.001 -21"><span class='ocrx_word' id='word_1_769' title='bbox 2079 5698 2352 5770; x_wconf 83' lang='grc' dir='ltr'>διαφόρως</span> <span class='ocrx_word' id='word_1_770' title='bbox 2377 5700 2783 5770; x_wconf 77' lang='grc' dir='ltr'>ἐνεργούμενοι,</span> <span class='ocrx_word' id='word_1_771' title='bbox 2821 5701 2961 5754; x_wconf 81' lang='grc' dir='ltr'>κατὰ</span> <span class='ocrx_word' id='word_1_772' title='bbox 2992 5701 3092 5771; x_wconf 80' lang='grc' dir='ltr'>τὴν</span> <span class='ocrx_word' id='word_1_773' title='bbox 3123 5699 3504 5754; x_wconf 87' lang='grc' dir='ltr'>πολυποίκιλον</span> <span class='ocrx_word' id='word_1_774' title='bbox 3554 5697 3649 5752; x_wconf 82' lang='grc' dir='ltr'>τοῦ</span> 
     </span>
    </p>
   </div>
  </div>
