4114 6208
507 279 606 344 431

1731 286 2119 346 EUTHYMH
2151 284 2515 345 ZIGABENI

3641 276 3758 341 {32‘

579 389 700 445 Non
747 402 822 445 est
877 405 983 460 pax
1023 393 1226 446 ossibus
1271 393 1422 458 meis,
1470 409 1499 446 (ι
1551 391 1690 463 facie
1732 407 2068 463 peccatorum

2238 397 2360 448 Οὐκ
2390 394 2564 447 ἐστιν
2593 391 2800 460 εἰρήνη
2833 389 2958 454 τοῖς
2991 389 3228 455 ὀστέοις
3246 405 3385 457 μου,
3418 389 3538 442 ἀπὸ
3560 405 3748 457 προσ-

507 499 761 536 nieorum.
797 480 913 536 Non
943 491 1025 538 est
1069 483 1366 550 stabilitas,
1400 499 1500 540 nec
1539 486 1846 540 constantia
1885 489 1938 540 in
1969 488 2069 543 eis.

505 573 586 626 Ub
621 582 840 641 peccata
871 573 1014 625 enim
1049 587 1166 628 mea
1192 574 1659 630 contremiscunt:
1685 575 1821 632 adeo
1849 591 2074 645 prorsus

505 677 774 718 ροιιοιιεεα
806 669 956 716 SlllIL

574 754 742 809 Vens.
807 756 860 809 5.
918 754 1181 822 Quoniam
1220 758 1523 826 iniquitates
1568 774 1697 813 mea:
1726 774 2074 829 supergressa:

503 856 625 901 sunt
658 855 817 916 caput
850 862 1043 900 meum.
1084 847 1273 901 Aucta:
1304 849 1565 903 nimirum
1620 858 1783 920 atque
1815 853 2069 907 elevatse:

503 938 930 1008 magnitudinem
972 941 1113 992 enim
1161 939 1402 1008 ipsarum
1443 940 1528 996 bis
1573 942 1751 996 verbis
1782 943 2070 1014 signiﬁcat,

500 1030 970 1103 quemadmodum
1047 1040 1100 1084 et
1168 1031 1298 1086 alibi
1356 1033 1782 1098 multitudinem,
1849 1036 2070 1090 dicens:

503 1124 875 1194 Multiplicatm
910 1134 1032 1178 sunt
1065 1141 1221 1193 super
1250 1126 1472 1194 capillos
1500 1128 1688 1193 capitis
1728 1129 1828 1181 mei
1858 1129 1896 1184 ¹.

571 1216 718 1271 Sicut
750 1234 883 1272 onus
926 1235 1084 1288 grave
1111 1229 1346 1286 gravatae
1381 1231 1500 1273 sunt
1528 1235 1686 1286 super
1721 1238 1820 1279 me.
1855 1221 1918 1276 Et
1951 1237 2076 1292 gra-

499 1321 595 1361 vcs
648 1320 712 1360 ac
746 1306 987 1361 molesta:
1038 1306 1168 1360 mihi
1221 1315 1388 1371 sunt,
1425 1308 1550 1376 quia
1599 1309 1815 1363 illarum
1867 1327 2074 1366 memo-

503 1395 640 1448 riam
674 1395 818 1450 ferre
850 1412 956 1449 non
991 1411 1238 1466 possum.
1279 1394 1373 1452 Vel
1410 1414 1477 1452 eo
1505 1400 1649 1469 quod
1691 1401 1873 1457 oneris
1897 1403 2074 1458 instar

503 1501 589 1541 me
628 1487 939 1542 incurvant.
977 1488 1170 1543 Solent
1204 1490 1347 1544 enim
1391 1491 1479 1559 qui
1520 1492 1700 1547 tiimsti
1733 1505 1861 1548 sunt
1917 1497 2069 1565 proni

505 1576 560 1630 in
601 1585 802 1630 terram
853 1577 1122 1647 aspicere,
1159 1579 1618 1647 quemadmodum
1666 1591 1719 1635 et
1771 1581 1807 1635 ii
1866 1581 2073 1638 faciunt

504 1668 595 1738 qui
628 1668 848 1738 aliquod
881 1669 1092 1738 pondus
1116 1669 1318 1726 lerunt.

2173 485 2337 538 ώπου
2368 483 2487 536 τῶν
2509 479 2810 550 ἁμαρτιῶν
2825 499 2967 550 μου.
2992 481 3106 532 Ούκ
3136 481 3286 531 ἔστιν
3344 479 3638 534 εὐστάθεια
3661 485 3752 534 καὶ

2175 574 2465 644 στερέωσις
2492 573 2700 636 αὐτοῖς,
2734 570 2822 623 διὰ
2846 572 2941 632 τὰς
2977 567 3258 639 ἁμαρτίας
3294 585 3396 638 μου
3451 567 3754 639 κλονουμέ-

2174 685 2285 731 νοις
2314 667 2407 719 καὶ
2430 667 2746 736 τρέμουσιν.

2245 759 2366 810 Ὅτι
2412 759 2471 811 al
2504 755 2744 824 ἀνομίαι
2795 771 2916 823 μου
2967 752 3279 820 ὑπερῆραν
3327 751 3444 822 τὴν
3479 752 3753 821 κεφαλήν

2167 865 2306 918 μου.
2335 847 2661 917 Αύξηθεῑσαι
2711 848 2804 900 καὶ
2859 843 3266 915 κορυφωθεῖσαι
3288 859 3302 872 ⁸
3336 846 3397 896 τὸ
3435 843 3663 912 μέγεθος
3691 845 3750 897 δὲ

2172 941 2353 994 αὐτῶν
2414 938 2663 992 ἐντεῦθεν
2715 937 3040 999 αἰνίττεται,
3097 933 3350 1004 καθάπερ
3405 934 3638 1004 ἀλλαχοῦ
3691 937 3750 987 τὸ
3781 987 3802 993 ._

2174 1033 2398 1103 πλῆθος,
2431 1031 2505 1095 ὡς
2537 1032 2600 1084 τό
2622 1049 2636 1063 ·
2687 1028 3193 1096 Ἐπληθύνθησαν
3219 1026 3372 1094 ὑπὲρ
3400 1027 3505 1092 τὰς
3545 1027 3752 1096 τρίχας

2174 1125 2282 1193 τῆς
2311 1123 2582 1192 κεφαλῆς
2607 1140 2745 1191 μου.
3287 1169 3290 1172 .

2258 1216 2411 1268 Ὠσεῑ
2443 1214 2688 1282 φορτίον
2709 1209 2874 1280 ,ϐαρὺ
2902 1210 3325 1278 ἐϐαρύνθησαν
3374 1208 3467 1260 ἐπ’
3499 1207 3619 1276 ἐμέ.
3643 1209 3751 1262 Καὶ

2175 1306 2386 1378 βαρεῖαι
2422 1305 2512 1376 μοι
2542 1305 2670 1366 εἰσι,
2702 1303 2788 1357 διὰ
2819 1303 2879 1355 τὸ
2909 1302 2984 1373 μὴ
3009 1300 3268 1354 δύνασθαί
3302 1317 3369 1370 με
3396 1300 3492 1370 τὴν
3526 1301 3750 1369 μνήμην

2172 1399 2352 1454 αὐτῶν
2387 1389 2698 1469 βαστάζειν,
2741 1395 2773 1464 ἧ
2808 1394 2895 1450 διὰ
2924 1393 2986 1448 τὸ
3021 1393 3300 1462 κάμπτειν
3337 1409 3406 1462 με
3434 1392 3592 1461 δίκην
3619 1408 3757 1459 φορτ

2172 1493 2321 1544 τίου·
2368 1489 2597 1558 καὶγὰρ
2625 1488 2680 1539 οἱ.
2705 1483 3192 1555 σκυθρωπάζοντες
3245 1485 3327 1548 εἰς
3359 1483 3470 1554 γῆν
3519 1483 3749 1552 βλέπου-

2175 1602 2281 1648 σιν,
2306 1583 2495 1653 ὥσπερ
2525 1583 2572 1636 οἱ
2599 1579 3056 1652 ἀχθοφοροῦντες.

571 1758 738 1815 Vens.
773 1759 825 1812 6.
863 1760 1215 1827 Pntruernnt,
1261 1771 1308 1816 et
1357 1773 1618 1832 corr-upr
1643 1776 1763 1819 sunt
1793 1767 2068 1820 cicatrices

2243 1758 2633 1830 Προσώζὲσαν
2679 1757 2778 1812 καί
2830 1755 3157 1823 ἐσάπησιιν
3208 1756 3263 1808 οι
3309 1753 3598 1824 μώλωπες
3632 1774 3754 1823 μου

500 1868 627 1906 mea:
656 1870 687 1905 α
711 1853 848 1921 [acie
877 1854 1190 1921 insipientia:
1239 1871 1386 1908 ntere.
1427 1856 1669 1922 Animae,
1708 1857 1907 1928 inquit,
1941 1875 2072 1914 mea:

499 1946 810 2012 cicatrices,
868 1961 990 2015 qua:
1049 1946 1121 2000 ab
1175 1947 1360 2017 ignitis
1405 1949 1534 2002 mihi
1593 1949 1798 2004 diaboli
1858 1953 2072 2021 sagittis

499 2037 655 2091 factae
682 2045 830 2099 sunt,
859 2046 1227 2107 putruerunt:
1260 2053 1439 2107 neque
1466 2039 1516 2092 id
1551 2048 1764 2095 tantum
1802 2043 1854 2096 in
1887 2059 2074 2114 snper-

499 2129 643 2193 licie,
671 2129 766 2184 sed
805 2128 1080 2184 introrsus
1126 2133 1286 2184 etiam
1318 2132 1537 2200 penitus
1569 2145 2071 2191 connnareuerunt.

499 2219 710 2285 Quibus
741 2219 923 2274 verbis
971 2235 1220 2289 magnam
1251 2225 1448 2276 anima:
1477 2223 1750 2279 laesionem
1777 2226 2070 2296 signiﬂcm,

503 2311 632 2364 dum
690 2325 907 2380 gravem
969 2322 1127 2380 negat
1194 2327 1253 2367 se
1301 2315 1588 2373 vulnerum
1629 2316 1886 2372 olentiam
1932 2320 2074 2374 ferre

504 2413 685 2467 pOSSP.
740 2397 852 2451 Hoc
912 2408 1090 2452 autem
1150 2398 1352 2453 factum
1416 2402 1500 2456 ρει
1563 2404 1634 2458 ob
1699 2405 2072 2474 insipientiam

502 2501 714 2549 nieam;
764 2488 893 2556 quia
945 2487 990 2540 si
1033 2488 1356 2558 sapientiam
1415 2506 1520 2544 non
1574 2493 1909 2557 amisissem,
1966 2511 2072 2550 non

497 2576 737 2630 fuissem
781 2577 884 2630 lioc
930 2587 1090 2646 pacto
1144 2581 1495 2636 vulneratus.
1531 2581 1833 2638 Considera
1905 2587 2070 2642 etiam

498 2666 774 2734 quomodo
823 2665 1017 2720 delicta
1066 2683 1166 2722 sua
1221 2680 1438 2739 augeat,
1479 2681 1532 2726 et
1580 2688 1778 2742 magno
1812 2689 1872 2729 ea
1904 2677 2071 2732 animi

497 2775 621 2812 eum
650 2759 844 2814 ardore
876 2758 1149 2814 fateatur.
1191 2759 1337 2816 Dixit
1362 2763 1507 2817 enim
1543 2780 1736 2835 magna
1773 2782 1835 2822 ea
1867 2783 1990 2823 esse
2019 2779 2074 2824 et

499 2851 706 2920 gravia,
758 2858 811 2906 et
845 2851 1039 2906 laetere
1071 2852 1315 2922 insuper.
1349 2852 1693 2912 Pcenitentia:
1733 2869 1913 2914 autem
1941 2861 2070 2916 illud

499 2943 718 3013 signum
762 2950 848 2998 est
887 2944 969 2999 vel
1029 2944 1349 3010 maximum,
1398 2961 1522 3001 cum
1570 2947 1696 3018 quis
1726 2948 2070 3018 putredincm

497 3036 666 3090 sentit
713 3037 920 3104 pcccali
949 3078 961 3100 ,
1008 3037 1147 3104 quia.
1188 3044 1320 3094 tunc
1370 3037 1723 3096 vehementer
1768 3041 2070 3098 illudabo-

499 3127 762 3181 minatur.

568 3216 737 3273 Vens.
788 3218 838 3271 7.
900 3216 1186 3289 Fatigatus
1231 3229 1280 3276 et
1335 3231 1586 3278 curvatus
1634 3240 1753 3279 sum
1802 3242 1966 3296 usque
2006 3227 2071 3281 in.

501 3311 683 3378 ﬁnem.
736 3310 1078 3381 Delatigatus
1111 3327 1230 3364 sum
1273 3313 1345 3368 ob
1375 3328 1439 3368 ea
1474 3330 1598 3384 qua:
1623 3321 2066 3374 commemoravi.

505 3394 600 3449 Vel
634 3395 832 3450 aliter:
884 3397 1019 3451 Dum
1066 3413 1263 3453 sanare
1293 3401 1461 3471 cupio
1497 3419 1697 3473 corpus
1738 3420 1918 3461 meum
1944 3421 2069 3476 gra-

499 3487 638 3541 viter
692 3486 946 3542 alTeetum
997 3487 1275 3560 fatigatus,
1345 3507 1410 3547 ac
1471 3493 1786 3552 debilitatus
1851 3513 1972 3553 sum
2017 3507 2082 3555 et-

502 3585 762 3629 curvatus
806 3589 978 3646 usque
1033 3577 1090 3631 in
1133 3577 1334 3647 linem,
1388 3579 1492 3637 hoc
1567 3591 1685 3650 est,
1724 3587 1950 3642 omnino
2017 3599 2071 3645 et

500 3679 748 3735 prorsus.

580 3758 710 3809 Tota
742 3755 828 3810 die
850 3759 1194 3835 contristatae
1223 3759 1575 3831 ingrediebar.
1621 3762 1944 3838 Quanquam
1973 3785 2065 3825 rex

497 3865 696 3917 essem,
721 3867 935 3921 semper
967 3860 1144 3908 tamen
1173 3853 1226 3906 in
1262 3855 1519 3910 mmstitia
1575 3861 1852 3924 versabar,
1889 3861 2071 3915 veluti»

499 3943 591 4010 qui
643 3958 671 3994 a
720 3943 1056 3998 conscientia
1113 3953 1249 3999 teste
1300 3948 1602 4018 pungebar,
1651 3959 1706 4004 et
1748 3951 1838 4006 cui
1883 3951 2068 4008 laetitia

501 4035 728 4091 dili'unili
763 4052 870 4091 non
902 4035 1159 4092 dabatur.

575 4129 738 4186 Vens.
777 4129 832 4183 8.
880 4128 1145 4194 Quoniam
1187 4131 1353 4186 lumbi
1397 4134 1497 4187 mei
1524 4134 1730 4204 impleti
1775 4150 1897 4190 sunt
1931 4138 2060 4192 illu-

501 4220 764 4274 sionibus.
806 4220 862 4274 Si
905 4220 1132 4279 aﬂ‘ectus
1159 4226 1619 4294 concupiscentia:
1653 4227 1837 4284 illusio
1876 4240 1982 4296 est,
2015 4241 2070 4286 et

500 4320 903 4381 consequi-nter
941 4312 1287 4367 mendacium
1334 4313 1566 4384 [potius,
1620 4331 1784 4386 quam
1817 4317 2083 4390 veritas],

2171 1854 2288 1909 ἀπὸ
2328 1852 2651 1921 προσώπου
2684 1848 2792 1918 τῆς
2827 1849 3180 1918 ἀφροσύνης
3203 1864 3344 1916 μου.
3390 1847 3451 1900 0i
3488 1844 3750 1916 μώλωπες

2171 1946 2269 2015 τῆς
2301 1943 2476 2014 ψυχῆς
2505 1960 2630 2014 μου,
2671 1943 2720 1995 οἱ
2760 1941 3045 2009 γεγονότες
3077 1940 3141 1992 ὲκ
3187 1940 3302 1993 τῶν
3333 1937 3750 2008 πεπυρωμένων

2171 2037 2267 2090 τοῦ
2302 2037 2550 2089 διαϐόλου
2609 2033 2799 2104 βελῶν,
2856 2033 3234 2103 προσώζεσαν,
3289 2031 3384 2084 καὶ
3431 2031 3532 2082 οὐκ
3559 2032 3752 2081 ἐπιποο

2171 2128 2335 2190 λαίως
2361 2126 2591 2192 ὥζεσαν,
2609 2125 2748 2180 ἀλλὰ
2767 2125 2863 2178 καὶ
2884 2123 3064 2177 τέλεον
3085 2123 3367 2193 ὲσάπησαν
3393 2135 3410 2152 ο
3443 2121 3533 2174 διὰ
3559 2121 3746 2173 τούτου

2171 2216 2359 2287 δὲτὴν
2388 2215 2566 2286 λύμην
2614 2215 2712 2284 τῆς
2758 2212 2937 2282 ψυχῆς
2969 2210 3302 2263 αἰνίττεται·
3343 2207 3418 2270 ὡς
3469 2206 3545 2276 μὴ
3590 2203 3754 2257 δύναε

2173 2308 2297 2364 σθαι
2347 2324 2415 2378 με
2448 2308 2545 2377 τὴν
2580 2302 2846 2358 δυσωδίαν
2881 2301 3174 2372 ὑπομένειν
3197 2316 3212 2332 ο
3263 2297 3424 2352 τοῦτο
3468 2297 3526 2350 δὲ
3557 2297 3745 2363 γέγονε

2171 2401 2258 2453 διὰ
2291 2399 2390 2468 τὴν
2423 2396 2742 2468 ἀφροσύνην
2791 2412 2918 2463 μου.
2973 2393 3040 2448 Ei
3073 2393 3181 2464 γὰρ
3231 2392 3310 2463 μὴ
3343 2388 3600 2444 ἀπώλεσα
3651 2389 3748 2449 τὰς

2173 2493 2373 2563 φρένας
2409 2507 2533 2560 μου,
2566 2491 2667 2544 οὐκ
2701 2488 2766 2541 ἂν
2806 2487 2980 2550 οὕτως
3013 2483 3487 2555 ὲτραυματίσθην.
3523 2482 3663 2550 Ὅρα
3689 2480 3747 2533 δὲ

2172 2587 2319 2646 ὅπως
2346 2583 2498 2646 αὔξει
2531 2581 2600 2634 τὰ.
2645 2578 3180 2650 πεπλημμελημένοι,
3239 2575 3460 2646 θερμῶς
3489 2571 3763 2641 ἐξομολοο;

2170 2677 2434 2746 γούμενος
2459 2691 2474 2706 ο
2511 2670 2631 2727 εἷπε
2663 2673 2772 2742 γὰρ
2803 2673 2887 2724 ὅτι
2925 2670 3138 2741 μεγάλα
3163 2669 3301 2734 εἰσὶ,
3319 2669 3412 2722 καὶ
3439 2668 3521 2721 ὅτι
3552 2665 3758 2735 βαρέαν

2170 2770 2265 2822 καί
2291 2770 2374 2822 ὃτι
2403 2765 2639 2836 δυσώδη.
2665 2767 2739 2836 Ση
2751 2766 2900 2836 μεῖον
2924 2763 2982 2816 δὲ
3015 2761 3330 2833 μετανοίας,
3357 2760 3420 2814 τὸ
3450 2759 3547 2830 τῆς
3574 2758 3759 2811 δυσωρ-

2169 2861 2286 2923 δίας
2308 2859 2404 2928 τῆς
2444 2857 2722 2929 ἁμαρτίας
2771 2855 3128 2910 αἰσθάνεσθαι
3155 2871 3170 2888 ο
3216 2854 3338 2907 τότε
3369 2853 3478 2922 γάρ
3507 2867 3588 2913 τις
3633 2849 3760 2902 ὀλο--

2172 2951 2383 3023 σχεριῖλς
2422 2949 2778 3022 βδελύσσεται
2811 2947 3039 3019 ταύτην.

2253 3237 2747 3305 Ἑταλαιπὼρησα
2769 3237 2868 3291 καὶ
2925 3235 3352 3303 κατεκαμφθην
3369 3230 3476 3297 ἕως
3507 3230 3742 3293 τέλους.

2184 3329 2512 3399 Ἀποκαμὼν
2547 3327 2683 3400 πρὸς
2731 3326 2802 3380 τὰ
2830 3325 3086 3398 ρηθέντα.
3123 3325 3196 3378 Ἢ
3237 3324 3331 3376 καὶ
3381 3319 3557 3384 ἄλλως
3581 3336 3595 3351 ·
3641 3320 3746 3372 Ἰα-

2169 3420 2378 3492 τρεύων
2412 3419 2594 3485 αὐτὸν,
2639 3418 2784 3473 οἷιτω
2832 3418 3176 3488 διακείμενον
3202 3414 3474 3486 χαλεπῶς,
3529 3412 3755 3466 ἐταλαιοι

2171 3512 2421 3582 πώρησα,
2459 3512 2552 3565 καὶ
2581 3510 2908 3580 ἀσθενήσας,
2943 3507 3364 3579 κατεκάμφθην·
3399 3507 3461 3560 τὸ
3488 3505 3566 3570 δὲ,
3590 3505 3746 3568 Ἕως

2170 3603 2406 3670 τέλους,
2440 3603 2560 3656 ἀντὶ
2587 3601 2706 3670 τοῦ,
2741 3601 3048 3665 Παντελῶς.

2244 3777 2426 3844 Ὅλην
2457 3775 2570 3844 τὴν
2614 3776 2845 3846 ἡμέραν
2881 3774 3319 3843 σκυθρωπάζων
3347 3773 3760 3843 ἐπορευόμην..

2183 3869 2295 3922 Ἀεὶ⁸
2326 3868 2735 3938 σκυθρωπάζων
2765 3868 3129 3938 ἐπορευόμην,
3179 3868 3227 3919 εἰ
3276 3867 3371 3919 καὶ
3399 3868 3460 3918 ὲν
3495 3865 3746 3934 βασιλείᾳ

2169 3960 2376 4030 διῆγον,
2402 3960 2850 4029 διακεντούμενος
2876 3959 2981 4013 ὑπὸ
3009 3959 3104 4013 τοῦ
3133 3958 3454 4024 συνειδότος,
3492 3957 3586 4011 καὶ
3630 3956 3756 4009 διαο

2171 4052 2381 4122 κεῖσθαι
2413 4054 2489 4123 μὴ
2523 4033 2998 4124 συγχωρούμενος.

2244 4146 2364 4198 Ὅτι
2402 4148 2462 4199 al
2509 4147 2656 4212 ψόαι
2691 4162 2811 4213 μου
2854 4143 3259 4211 ἐπλήσθησαν
3300 4139 3755 4211 ἐμπαιγψάτων..

2171 4238 2235 4291 Ei
2268 4237 2585 4306 ἐμωιγμός
2623 4237 2739 4288 ἐστι
2765 4235 2859 4289 καὶ
2885 4233 3133 4304 ψεῦδοςή
3170 4233 3425 4301 ἐμπαθὴς
3452 4231 3738 4298 ἐπιθυμία,

2172 4329 2273 4382 οὐκ
2302 4329 2447 4381 ἐστιν
2479 4327 2658 4398 ἡδονὴ,
2683 4327 2820 4380 ἀ),λά
2845 4325 2973 4386 σκιὰ
3000 4325 3220 4396 ἡδονῆς·
3249 4323 3330 4376 διό
3349 4340 3516 4393 φησιν
3539 4325 3566 4374 ὁ
3585 4322 3746 4374 Ἀπὸ-

507 4417 616 4456 non
643 4412 729 4456 est
760 4403 1206 4472 concupiscentia
1232 4403 1498 4473 voluptas,
1535 4408 1632 4461 sed
1664 4409 1854 4463 umbra
1887 4413 2067 4479 potius

2175 4420 2384 4483 στολος,’
2451 4418 2638 4487 Στῆτε
2692 4413 2807 4473 οὖν
2855 4416 3317 4486 περιζωσάμενοι
3369 4415 3482 4482 τὴν
3540 4414 3742 4483 ὀσφὺν

496 4491 821 4563 voluptatis.
869 4489 982 4548 Hac
1022 4496 1089 4549 de
1124 4508 1292 4549 causa
1332 4496 1550 4550 dicebat
1576 4499 1902 4569 Apostolus:
1935 4501 2068 4557 Ma-

498 4591 613 4636 nete
643 4585 915 4652 prwcineti
945 4583 1146 4638 lumbos
1171 4592 1366 4640 vestros
1389 4587 1452 4640 in.
1472 4588 1695 4643 veritate
1719 4592 1793 4657 ¹⁹;
1829 4591 1932 4647 hoc
1962 4603 2066 4659 est,

500 4673 557 4726 in
595 4688 722 4729 vera
764 4677 1064 4748 voluptate,
1096 4692 1220 4748 qua:
1254 4691 1283 4730 a
1318 4678 1575 4734 castitate
1626 4689 1681 4735 et
1713 4688 2084 4752 temperantia

501 4765 694 4830 oritur,
722 4775 885 4837 atque
915 4785 943 4822 a
971 4770 1206 4839 justitia.
1239 4769 1480 4827 Lumbos
1503 4780 1684 4826 autem
1711 4771 2072 4844 Symmachus

499 4856 641 4910 dixit
678 4857 856 4911 latera
889 4875 907 4912 :
959 4871 1012 4914 et
1058 4874 1291 4933 utroque
1339 4877 1592 4919 sermone
1629 4865 2071 4935 concupiscibilis

499 4944 696 4998 animm
729 4961 858 5016 pars
906 4947 1266 5018 signiﬁcatur.
1307 4951 1442 5006 Nam
1486 4953 1645 5022 juxta
1701 4955 1867 5009 latera
1913 4971 2071 5012 renes

500 5045 649 5101 sunt,
707 5036 762 5090 in
815 5037 1018 5105 quibus
1070 5041 1417 5108 putissimum
1500 5045 1743 5102 libidinis
1795 5050 2070 5118 appetitus

493 5128 659 5198 jacet.
700 5128 790 5182 Ait
827 5128 990 5200 igitur
1023 5147 1038 5187 :
1071 5133 1521 5202 Concupiscentia
1575 5154 1691 5192 mea
1725 5140 2070 5198 illusionibns

498 5221 762 5277 damionis
796 5221 1013 5292 impleta
1041 5231 1144 5279 est.
1175 5223 1348 5281 lllusit
1383 5229 1526 5282 enim
1560 5246 1685 5302 eum
1728 5234 1962 5298 ilieinon,
1993 5237 2077 5289 ad.

497 5323 677 5369 motus
705 5314 929 5368 irritms
965 5315 1185 5386 iniquos
1210 5325 1265 5372 et
1297 5327 1504 5389 turpes.

568 5498 585 5530 ί
622 5497 764 5554 l‘sal.
801 5515 986 5568 χχχιχ,
1020 5501 1103 5554 15.
1184 5499 1224 5531 ¹⁶
1262 5501 1461 5572 Epltes.
1496 5518 1568 5566 v1,
1603 5505 1690 5558 14.

2169 4509 2336 4581 ὑμῶν
2371 4511 2440 4565 ἐν
2467 4511 2738 4578 ἀληθείᾳ,
2786 4510 3033 4566 τουτέστι
3086 4511 3153 4580 τῇ
3189 4507 3420 4577 ἀληθινῇ
3453 4506 3638 4576 ἡδονῇ,
3674 4507 3754 4573 τῇ,

2172 4605 2280 4656 ἀπὸ
2315 4602 2668 4674 σωφροσύνης
2688 4605 2782 4656 καὶ
2806 4601 3178 4668 δικαιοσύνης.
3210 4601 3321 4662 Τὰς
3343 4599 3480 4668 ψόας
3510 4597 3568 4650 δὲ
3631 4599 3734 4651 ,ιαο

2171 4697 2361 4767 πλύνας,
2382 4691 2535 4748 εἶπεν
2568 4693 2950 4771 ὁλΣύμμαχοςέ
2999 4693 3321 4763 σημαίνουσι
3351 4691 3408 4743 δὲ
3457 4692 3551 4742 καὶ
3573 4689 3761 4756 ἄμφω·

2171 4788 2232 4841 τὸ
2261 4786 2660 4857 ἐπιθυμητικὸν
2691 4787 2888 4857 μέρος·
2921 4784 3052 4858 περὶ
3081 4781 3286 4854 ταύτης
3314 4782 3422 4851 γὰρ
3449 4781 3498 4834 oi
3531 4782 3756 4848 νεφροὶ..

2173 4880 2292 4934 καθ’
2326 4878 2419 4942 οὓς
2445 4880 2500 4933 αἱ
2529 4878 2738 4949 ὀρέξεις
2780 4877 2881 4947 τῆς
2921 4876 3206 4938 συνουσίας
3236 4876 3604 4928 συνίστανται.
3633 4873 3744 4940 Φη-

2174 4973 2258 5025 σὶν
2306 4967 2434 5026 οὖν’
2479 4972 2543 5024 Ἢ
2576 4970 2842 5040 ἐπιθυμία
2892 4985 2993 5039 μου
3049 4967 3295 5039 ἐπλήσθη
3337 4961 3755 5035 ὲμπαιγμάτων-

2171 5064 2264 5116 τοῦ
2298 5063 2549 5133 δαίμονος
2570 5079 2585 5094 ο
2624 5061 2874 5128 ὲνέπαιξε
2902 5061 3010 5130 γὰρ
3059 5059 3230 5129 αὐτὴν
3269 5057 3406 5128 (56),
3435 5055 3754 5127 διερεθίσας.

2172 5159 2250 5218 εἰς
2271 5157 2505 5219 ἀτόπους
2528 5158 2622 5210 καὶ
2651 5157 2999 5226 παρανόμους
3033 5155 3296 5224 κινήσεις.

1780 5597 1975 5659 Variae
2016 5599 2342 5662 lectiones.

567 5690 676 5753 (56)
704 5691 941 5763 Uterque
968 5695 1136 5751 codex
1165 5695 1326 5753 habet
1353 5697 1554 5768 αὐτήν;
1599 5709 1650 5752 at
1681 5699 1904 5756 Latinus
1933 5703 2204 5770 interpres
2238 5703 2431 5772 legisse
2466 5706 2677 5761 videtur
2701 5707 2883 5762 αὐτόν.
