4072 6202
335 342 440 396 43ft

1490 341 1883 403 COMMENT.
1910 342 1992 398 IN
2033 343 2162 401 PSA
2175 344 2397 403 LMOS.

3476 342 3581 403 13!.

401 450 510 502 Καὶ
543 452 654 503 οὐκ
682 451 858 505 ἐστιν
877 453 1044 518 ἴασις
1061 454 1130 507 ἐν
1151 453 1224 522 τῇ
1245 459 1430 524 σαρκί
1458 474 1598 525 μου.
1652 457 1760 509 Καὶ
1795 457 1903 508 λοι-

2086 455 2151 507 Ιίι
2198 471 2300 508 non
2341 465 2421 508 est
2467 457 2678 508 sanatio
2711 459 2764 508 in
2814 473 2971 508 came
3023 473 3155 509 mea.
3191 457 3257 509 Et
3300 457 3580 525 deinceps,

338 549 435 592 πον
473 543 876 611 ἐμπαιχθέντος
906 563 1028 615 μου,
1078 548 1178 602 οὐκ
1229 548 1376 601 ἔστιν
1425 550 1608 611 ἄνεσις
1638 553 1704 619 τῇ
1742 549 1906 620 σαρκί

337 652 438 702 μου
465 653 479 666 ο
517 635 734 700 κολάζω
761 639 869 706 γὰρ
921 641 1114 711 αὐτὴν,
1147 642 1224 706 ὠς
1249 644 1598 715 προείρηται,
1631 644 1728 698 καὶ
1749 647 1906 707 δίκας

331 727 541 780 ἐπαιτῶ
566 730 666 797 τῆς
690 730 1023 801 φιληδονίας.

409 819 778 888 Ἑκακώθην.
798 823 1086 893 Πεινήσας,
1117 825 1372 897 διψήσας,
1397 829 1776 900 ἀγρυπνήσας,
1808 847 1906 900 χα-

334 911 628 978 μευνήσας,
655 913 746 964 καὶ
778 914 832 964 εἴ
852 932 904 966 τι
935 916 1198 970 τοιοῦτον.

399 1001 510 1054 Καὶ
539 1003 944 1072 ἐταπεινώθην
987 1008 1099 1073 ἓως
1137 1013 1392 1081 σφόδρα.
1447 1016 1540 1081 T'o,
1571 1018 1724 1083 Ἕως
1755 1018 1906 1085 σφό-

324 1092 458 1158 δρα,
494 1093 691 1164 ἰδίωμα
731 1096 1037 1168 Ἐὸραῒκδν,
1069 1102 1188 1154 ἀντὶ
1219 1105 1311 1158 τοῦ
1343 1105 1494 1160 Αἶαν.

409 1270 706 1364 ᾮρυόμην
742 1277 862 1330 ἀπὸ
917 1271 1258 1352 στεναγμοῦ
1322 1287 1433 1356 τῆς
1459 1286 1721 1359 ’καρδίας
1761 1315 1903 1364 μου.

337 1357 472 1412 Ἀπὸ
515 1364 613 1430 τῆς
665 1365 990 1438 ἀγριότητος
1035 1372 1130 1425 τοῦ
1184 1379 1496 1447 στεναγμοῦ
1539 1383 1639 1450 τῆς
1675 1357 1906 1456 καρδίας

331 1471 456 1545 μου,
494 1459 862 1530 κεντουμένης
891 1464 984 1517 καὶ
1032 1467 1378 1543 ὀδυνωμένης
1422 1478 1656 1545 πικρῶς,
1687 1480 1905 1535 ἐδόκουν

329 1544 550 1614 βρύκειν
575 1548 650 1611 ὠς
677 1549 812 1604 λέων
835 1569 849 1583 °
887 1555 946 1617 τὸ
992 1558 1101 1626 γὰρ
1143 1562 1454 1634 Ὠρυόμην,
1500 1544 1800 1639 Ἕϐρυχον
1828 1569 1902 1626 εί-

329 1652 428 1730 πεν
456 1639 484 1687 ὁ
524 1639 773 1728 ’ᾼκύλας.
817 1644 1170 1717 Ἀμαρτωλὸς
1222 1654 1321 1723 μὲν
1367 1658 1475 1725 γὰρ
1505 1663 1586 1724 εἰς
1619 1662 1777 1730 βάθος
1803 1682 1903 1718 κα-

332 1727 441 1781 κῶν
469 1727 746 1798 ἐμπεσὼν,
801 1745 1170 1810 καταφρονεῖ·
1199 1745 1409 1810 δίκαιος
1452 1750 1507 1802 δὲ
1557 1753 1652 1804 καὶ
1685 1754 1752 1808 τὰ
1783 1755 1903 1810 ἐλά-

327 1839 487 1890 χιστα
511 1825 618 1878 τῶν
638 1827 1055 1903 ἁμαρτημάτων
1083 1837 1454 1910 διαφερόντως
1477 1845 1705 1900 δέδοικε.

402 2096 596 2189 Κύριε,
649 2100 932 2156 ἐναντίον
961 2119 1079 2160 σου
1134 2110 1302 2165 πᾶσα
1346 2113 1385 2182 ἡ
1435 2114 1720 2186 ἐπιθυμία
1760 2139 1898 2189 μου.

335 2183 410 2236 ἠ
440 2188 580 2280 μετὰ
601 2190 700 2260 τὴν
731 2194 1040 2265 ἀμαρτίαν’
1074 2194 1224 2264 οἶδας
1247 2203 1356 2276 γὰρ
1390 2206 1471 2260 ὅτι
1505 2183 1778 2280 σωτηρίας
1811 2215 1905 2267 καὶ

324 2279 655 2354 ἀπαλλαγῆς
684 2286 779 2339 τοῦ
806 2289 1006 2358 ἄλγους
1035 2293 1310 2364 ἐπιθυμῶ.

395 2547 506 2600 Καὶ
538 2551 572 2602 ό
604 2556 940 2622 στεναγμός
982 2574 1102 2625 μου
1130 2559 1248 2613 ἀπὸ
1284 2559 1402 2614 σοῦ
1430 2563 1541 2616 οὐκ
1569 2564 1902 2633 ἀπεκρύόη.

333 2639 606 2712 Ἐνωτίζῃ
641 2645 750 2715 γὰρ
767 2649 977 2711 τοῦτον,
1001 2649 1075 2710 ὡς
1099 2651 1284 2723 φωνὴν
1313 2655 1376 2706 ἐκ
1405 2655 1604 2724 βάθους
1633 2659 1906 2730 ἀναφερό-

327 2749 490 2800 μενον
513 2734 646 2804 (37).

410 2827 472 2880 Ἠ
497 2827 711 2897 καρδία
743 2848 864 2899 μου
892 2833 1212 2906 ἐταράχθη.
1282 2838 1418 2892 ’Υπὺ
1464 2842 1558 2895 τοῦ
1606 2845 1907 2911 συνειδότος

315 2919 418 2972 οιαὶ
443 2921 544 2989 τῆς
571 2923 956 2992 μεταμελείας.

408 3010 800 3080 Ἕγκατέλιπέ
826 3036 905 3086 με
938 3021 976 3087 ἡ
1007 3021 1187 3090 ἰσχύς
1212 3043 1350 3092 μου.
1380 3027 1904 3099 Ταλαιπωρηθέντα,

317 3103 512 3168 καθὼς
542 3107 784 3176 εῐρηται.
821 3111 972 3184 πάσῃ
1003 3117 1372 3188 κακοπαθείᾳ.

393 3196 505 3250 Καὶ
542 3200 607 3251 τὸ
631 3195 757 3266 φῶς
786 3200 905 3256 τῶν
953 3206 1278 3274 ὀφθαλμῶν
1307 3230 1428 3278 μου
1475 3214 1573 3268 καὶ
1602 3217 1750 3271 αὐτὸ
1792 3219 1904 3273 οὐκ

319 3288 460 3341 ἔστι
487 3291 617 3358 μετ’
646 3291 815 3360 ἐμοῦ.
881 3295 1014 3350 Ἀπὸ
1054 3299 1155 3366 τῆς
1183 3301 1324 3367 ἄγαν
1356 3304 1779 3377 σκληραγωγίας
1809 3311 1905 3364 καὶ

314 3381 432 3434 τῶν
481 3383 697 3450 πικρῶν
725 3384 838 3453 (58)
869 3385 1140 3456 δακρύων,
1175 3392 1254 3452 είς
1304 3392 1670 3462 ἁμόλυωπὶαν
1716 3393 1898 3468 ἦλθον.

319 3474 487 3526 ἐστι
510 3474 568 3526 δὲ
591 3476 622 3545 ἡ
651 3474 904 3542 σύνταξις
922 3479 1094 3542 οὕτως
1116 3497 1127 3509 ·
1161 3483 1272 3536 Καὶ
1295 3484 1358 3537 τὸ
1389 3485 1516 3553 φῶς
1542 3487 1659 3541 τῶν
1679 3491 1904 3557 ὀφθαλ-

317 3565 454 3631 μῶν
481 3583 605 3634 μου
628 3567 774 3624 αὐτύ
805 3572 918 3623 οὐκ
961 3573 1094 3626 ἐστι
1117 3574 1245 3641 μετ’
1274 3574 1443 3642 ἐμοῦ,
1474 3577 1771 3644 ἀποὶωλδς,
1803 3600 1904 3635 πε-

320 3661 526 3728 ριττῶς
560 3663 813 3730 κειμένου
860 3665 953 3718 τοῦ
996 3666 1249 3737 δευτέρου
1309 3671 1633 3740 συνδέσμου.
1672 3675 1743 3728 Ἥ
1785 3677 1901 3746 φῶς

316 3748 433 3798 τῶν
501 3749 803 3818 ὀφθαλμῶν
864 3754 963 3822 τῆς
1003 3756 1183 3826 ψυχῆς
1239 3759 1427 3825 αὐτοῦ,
1477 3763 1537 3815 τὸ
1569 3765 1792 3835 Πνεῦμα
1840 3769 1904 3821 τὸ

2010 546 2206 620 inquit,
2249 563 2334 600 me
2369 547 2441 600 ita
2473 547 2655 609 illuso,
2694 550 2840 602 nulla
2873 558 2955 603 est
2997 550 3212 618 requies
3246 550 3396 602 carui
3424 566 3577 606 mete.

2006 636 2227 706 Castigo
2262 638 2407 692 enim
2436 653 2579 703 eam,
2617 649 2675 693 ut
2698 641 3024 709 praedictum
3053 648 3157 704 est,
3185 648 3240 694 et
3275 639 3474 694 illicita:
3507 642 3578 694 ab

2005 743 2068 781 ea
2102 729 2401 798 voluptatis
2435 745 2626 797 poenas
2657 732 2836 800 exigo.

2081 817 2239 874 Vens.
2273 822 2326 877 9.
2363 823 2598 892 Aﬁlictus
2629 839 2766 876 sum.
2801 822 2988 887 Fame,
3039 823 3154 886 siti,
3207 821 3430 891 vigiliis,
3471 822 3577 877 ltu-

2006 910 2076 962 ιιιί
2118 913 2388 978 cubando,
2417 914 2540 968 etsi
2573 915 2701 983 quid
2736 914 2881 968 aliud
2913 912 3224 982 liujusmodi
3262 919 3366 966 est.

2081 999 2147 1054 Et
2177 1001 2488 1058 humiliatus
2521 1020 2638 1058 sum
2666 1021 2828 1075 usque
2873 1005 3045 1060 t'a‘lde.
3092 1034 3161 1045 ——
3193 1003 3364 1073 Usque
3405 1004 3576 1067 valde,

2008 1091 2206 1147 idioma
2254 1094 2580 1150 Hebraicum
2628 1108 2731 1160 est,
2778 1105 2832 1152 et
2885 1097 3024 1152 idem
3089 1097 3382 1168 signiﬁcat,
3430 1096 3575 1168 quod

2006 1180 2186 1235 valde.

2079 1269 2365 1340 Rugiebam
2411 1291 2442 1326 a
2486 1275 2683 1344 gemitu
2735 1277 2910 1330 cordis
2970 1279 3087 1332 mei.
3150 1277 3233 1332 Ab
3283 1278 3579 1334 acerbitate

2003 1363 2238 1431 gemitus
2279 1365 2462 1421 cordis
2518 1368 2643 1430 mei,
2699 1383 2805 1437 qua
2875 1370 3190 1434 cruciabar,
3248 1369 3432 1440 rugire
3494 1371 3570 1424 vi-

2005 1459 2192 1519 debar,
2236 1469 2296 1512 ut
2333 1459 2440 1514 leo.
2490 1458 2625 1514 Nam
2667 1460 2811 1531 quod
2871 1461 3009 1515 LXX
3065 1463 3344 1525 dixerunt.
3386 1461 3580 1531 Rugie-

2004 1551 2145 1616 bam,
2189 1551 2384 1622 Aquila
2442 1551 2679 1607 reddidit
2725 1571 2740 1608 ε
2809 1554 3138 1608 Freudebam
3191 1553 3212 1627 [
3255 1556 3343 1610 bis
3394 1563 3574 1609 autem

2006 1642 2184 1698 verbis
2225 1645 2418 1698 beatus
2469 1644 2641 1699 David
2699 1654 2904 1699 rectam
2954 1662 3080 1716 erga
3134 1646 3300 1699 Deum
3342 1653 3578 1700 mentem

2007 1748 2162 1786 suam
2198 1735 2455 1789 omnibus
2502 1735 2786 1808 patefacit]
2822 1755 2836 1794 :
2873 1753 2997 1790 nam
3051 1748 3305 1806 peccator
3357 1751 3478 1789 cum
3521 1738 3578 1789 in

2010 1825 2338 1893 profundum
2396 1829 2663 1882 malorum
2723 1829 3006 1893 ceciderit,
3079 1829 3360 1898 despicere
3419 1828 3577 1889 solet,

2003 1919 2185 1987 justus
2220 1930 2400 1974 autem
2436 1921 2600 1975 etiam
2639 1921 2863 1974 minima
2907 1936 3138 1991 quaeque
3172 1929 3394 1990 peccata
3430 1934 3575 1975 sem.

2007 2022 2104 2076 per
2134 2017 2376 2064 veretur.

2082 2100 2244 2156 Vens.
2316 2102 2400 2156 10.
2452 2100 2693 2164 Domine,
2734 2119 2914 2157 coram
2961 2111 3010 2156 te
3069 2119 3221 2157 omne
3259 2100 3578 2156 desiderium

2004 2187 2198 2252 meum.
2227 2193 2567 2250 Desiderium
2627 2195 2837 2250 scilicet
2867 2196 3011 2260 quod
3041 2202 3164 2264 post
3187 2202 3408 2263 peccata
3443 2192 3574 2246 mibi

2006 2289 2254 2342 innatum
2287 2296 2391 2343 est.
2426 2285 2581 2341 Nosti
2623 2289 2768 2342 enim
2799 2287 2944 2357 quod
2977 2288 3310 2355 concupisco
3341 2286 3574 2342 salutem

2006 2394 2182 2433 meam
2227 2386 2284 2434 et
2337 2393 2366 2432 a
2425 2380 2787 2448 praesentibus
2843 2379 3110 2448 anguetiis
3171 2393 3234 2433 ac
3292 2377 3577 2432 doloribus

2006 2467 2253 2521 liberari.

2081 2556 2147 2609 Et
2180 2557 2404 2626 gemitus
2433 2571 2577 2610 meus
2615 2572 2647 2608 a
2691 2565 2740 2609 te
2793 2571 2894 2609 nou
2942 2563 3020 2608 est
3055 2553 3416 2608 absconditus.
3450 2553 3579 2608 Per-

2005 2648 2146 2716 cipis
2178 2647 2320 2704 enim
2361 2648 2514 2701 illum
2546 2648 2774 2702 auribus
2803 2649 2933 2710 tuis,
2967 2647 3132 2701 veluti
3162 2661 3351 2701 Vocem
3383 2659 3577 2716 quam-

2007 2740 2128 2794 dam
2160 2740 2226 2794 de
2259 2738 2531 2809 profundo
2563 2739 2752 2809 aliquo
2781 2741 2899 2794 loco
2931 2738 3210 2792 emissam.

2085 2830 2250 2885 Vens.
2285 2833 2372 2886 ll.
2405 2831 2513 2886 Cor
2544 2847 2711 2884 meum
2748 2832 3016 2884 turbatum
3052 2839 3150 2883 est.
3184 2829 3227 2882 Δ
3265 2844 3383 2883 mea
3418 2828 3583 2882 nimi-

2010 2939 2128 2975 rum
2158 2923 2496 2977 conscientia
2530 2931 2696 2992 atque
2733 2937 2761 2975 a
2795 2921 3142 2992 paenitentia.

2084 3013 2379 3083 Dereliquit
2415 3031 2495 3068 me
2521 3013 2782 3077 fortitudo
2815 3030 2949 3067 mea.
2979 3013 3138 3067 Omni
3176 3013 3430 3069 videlicet
3455 3030 3571 3084 pas-

1929 3127 1974 3184 ε
2008 3105 2182 3160 siouis
2221 3119 2420 3175 genere
2455 3103 2781 3174 fatigatum,
2817 3113 2874 3158 ut
2903 3104 3222 3173 praedictum
3257 3111 3362 3158 est.

2077 3193 2146 3249 Et
2175 3194 2348 3249 lumen
2378 3195 2651 3248 oculorum
2715 3210 2972 3255 meorum.
3025 3203 3074 3248 et
3124 3195 3300 3262 ipsum
3354 3212 3457 3249 non
3505 3205 3583 3251 est

2006 3302 2226 3340 mecum.
2283 3285 2510 3356 Propter
2572 3286 2730 3340 valde
2787 3286 2980 3340 duram
3075 3300 3140 3340 ac
3224 3288 3580 3357 peracerbum

2005 3381 2172 3435 vitam
2218 3393 2414 3446 meam,
2465 3387 2520 3436 et
2560 3395 2668 3449 prae
2717 3379 2959 3436 assiduis
3016 3379 3271 3450 lacrymis
3319 3381 3372 3435 in
3413 3381 3582 3437 hebe-

2005 3471 2253 3526 tudinem
2284 3471 2580 3540 quamdam
2612 3472 2900 3526 oculorum
2925 3487 2988 3526 ac
3025 3486 3163 3541 pene
3194 3472 3248 3526 in
3279 3474 3580 3527 caecitatem

2004 3562 2221 3618 deveni.
2251 3561 2397 3617 Ordo
2424 3570 2606 3618 autem
2634 3562 2714 3618 sic
2764 3563 2858 3616 ﬁat
2899 3580 2914 3619 :
2954 3562 3021 3616 Et
3074 3564 3251 3618 lumen
3308 3567 3581 3617 oculorum

2004 3671 2237 3708 meorum
2284 3656 2458 3725 ipsum
2489 3671 2591 3708 non
2640 3664 2717 3709 est
2769 3671 3004 3708 mecum:
3036 3670 3160 3709 cum
3203 3655 3420 3710 scilicet
3455 3671 3580 3723 per-

2006 3746 2150 3800 ierit.
2211 3743 2364 3800 Uude
2450 3743 2725 3815 superflua
2793 3744 2939 3812 jacet
2995 3745 3085 3798 illa
3143 3746 3386 3800 secunda
3441 3761 3578 3799 con-

320 3840 480 3906 ἇγιον
506 3841 764 3894 ἀποπτὰν
790 3844 855 3897 ὲκ
891 3846 1110 3914 μέρους,
1135 3849 1220 3902 sit
1246 3850 1344 3920 τὴν
1372 3853 1669 3924 ἁμαρτίαν.
1700 3857 1903 3914 Τοῦτον

2006 3837 2214 3906 iunctio
2243 3843 2326 3899 et;
2363 3836 2474 3900 vel,
2510 3851 2610 3906 per
2646 3837 2832 3890 lumen
2882 3836 3170 3891 oculorum
3210 3835 3409 3890 animae
3440 3837 3581 3890 beati

318 3929 411 3981 τὸν
435 3931 622 4000 στίχον
650 3933 744 3986 καὶ
776 3933 869 3987 τὸν
908 3936 1035 4006 ἑξῆς
1063 3955 1206 4003 τινες
1267 3941 1343 4004 ὡς
1378 3944 1488 3996 ἀπὸ
1537 3945 1632 3998 τοῦ
1664 3948 1901 4016 Χριστοῦ

320 4023 708 4094 προρρηθῆναι
767 4026 898 4097 περὶ
953 4028 1062 4081 τῶν
1117 4031 1375 4102 μαθητῶν
1425 4035 1591 4089 αὐτοῦ
1642 4039 1895 4091 νενοίηκα-

322 4128 430 4165 σιν.
1467 4139 1472 4143 ”

395 4388 463 4438 οι
487 4386 655 4453 φίλοι
683 4404 801 4452 μου
831 4387 929 4440 καὶ
957 4391 1011 4441 οἱ
1043 4393 1314 4456 πλησίον
1337 4408 1457 4460 μου
1503 4393 1571 4456 ἐξ
1623 4395 1902 4466 ἐναντίας

2007 3929 2178 3984 David
2230 3928 2496 3998 Spiritum
2528 3936 2784 3984 sanctum
2818 3928 3085 3997 intelligo,
3129 3929 3224 3999 qui
3259 3931 3328 3984 ob
3366 3937 3582 3999 patrata

2006 4026 2074 4079 ab
2125 4039 2192 4080 eo
2246 4025 2474 4088 scelera,
2525 4038 2722 4092 magna
2759 4038 2824 4078 ex
2857 4027 3013 4093 parte
3063 4022 3397 4076 avolaverat.
3429 4021 3585 4075 Hunc

2007 4126 2188 4172 autem
2263 4116 2594 4172 versiculum
2675 4129 2801 4170 cum
2901 4113 3149 4183 proxime
3228 4114 3583 4184 subsequenti

2005 4211 2224 4280 quidam
2246 4227 2311 4266 ex
2338 4209 2542 4265 Christi
2574 4222 2807 4278 persona
2839 4205 3224 4276 proferendum
3249 4205 3582 4276 intelligunt,

2006 4312 2060 4358 et
2089 4303 2241 4372 loqui
2271 4302 2340 4357 de
2370 4302 2681 4370 discipulis.

2075 4393 2240 4447 Vnus.
2266 4394 2352 4447 12.
2375 4394 2547 4447 Amici
2575 4394 2674 4448 mei
2700 4404 2747 4448 et
2761 4393 2988 4462 proximi
3007 4391 3107 4446 mei
3125 4390 3373 4444 adversus
3392 4404 3471 4442 me
3492 4405 3588 4455 ap-

319 4492 436 4538 μου
464 4472 731 4563 ἤτγισανξ
751 4475 847 4527 καί
886 4477 1181 4542 ἔστησαν.
1214 4480 1317 4532 Τὸν
1355 4481 1637 4551 Ἀχιτόφελ
1667 4461 1902 4541 αἰνίττᾷ

2006 4486 2483 4555 propinquaveruut
2547 4493 2598 4538 et
2671 4461 2947 4537 steterunt.
3007 4481 3310 4563 Subnptare
3367 4478 3584 4532 videtur

319 4581 432 4628 ται,
489 4564 586 4617 καὶ
644 4561 838 4626 ἄλλους
890 4566 1116 4631 πολλοὺς
1138 4570 1433 4635 τοιούτους.
1481 4575 1544 4627 Οί
1576 4576 1717 4642 φίλοι
1773 4595 1898 4646 μου,

321 4660 482 4725 φησὶ,
522 4657 618 4709 καὶ
649 4657 698 4708 οἱ
738 4657 927 4711 οἰκεῖοί
979 4675 1082 4728 μου
1135 4661 1227 4713 ἀπ’
1281 4663 1529 4728 ἐναντίας
1565 4684 1668 4736 μου
1699 4663 1898 4737 ἦλθονο

319 4748 486 4819 ⁸ξοῦτο
526 4747 638 4820 γὰρ
697 4749 952 4818 σημαίνει
998 4750 1080 4816 τὸ,
1144 4752 1439 4820 Ἦγγισαν
1484 4755 1580 4810 καί
1627 4757 1902 4824 ἔστησαν

322 4841 452 4893 κατ’
511 4839 681 4908 ἐμοῦ,
713 4840 808 4893 τοῦ
842 4840 979 4894 Θεοῦ
1011 4842 1228 4906 πάντως
1276 4844 1435 4898 τοῦτο
1468 4851 1902 4919 παραχωρήσανο

323 4948 438 4996 τος,
465 4930 553 4984 διὰ
583 4931 650 4984 τὰ
684 4931 794 5000 ἐμὰ
826 4933 1112 5003 πτώματα.
1155 4935 1433 4989 Ἐντεῦθεν
1470 4939 1580 5009 γάρ
1615 4957 1703 5008 μοι
1734 4943 1766 5011 ἡ
1793 4941 1904 4995 τῶν

323 5023 625 5093 συμφορῶν
649 5021 894 5077 θάλασσα
926 5027 1242 5096 ὲκεκύμανε
1273 5029 1407 5097 (59).

394 5111 505 5165 Καὶ
539 5114 597 5164 οἱ
628 5112 873 5181 ἔγγιοντὰ
920 5132 1040 5183 μου
1104 5116 1222 5170 ἀπὸ
1267 5120 1572 5186 μακρόθεν
1607 5121 1903 5188 ἔστησαν.

324 5205 466 5267 Τοὺς
499 5206 959 5276 αὑτοϋςνοητέον,
989 5210 1188 5273 οἵτινες
1218 5214 1282 5280 τῇ
1319 5212 1418 5280 μὲν
1449 5213 1740 5284 δυσμενείᾳ
1802 5217 1904 5286 ἦγε

326 5311 512 5360 γισαν,
571 5291 662 5348 οἷα
719 5299 1188 5364 καταδιώκοντες·
1259 5307 1325 5375 τῇ
1390 5304 1446 5358 δὲ
1493 5305 1674 5376 εὐνοίᾳ
1717 5308 1907 5377 πόρῤω

327 5387 642 5454 γεγόνασιν,
671 5387 745 5451 ὡς
769 5391 1102 5456 ἀποστάντες
1131 5393 1231 5462 τῆς
1261 5395 1441 5464 φιλίας
1470 5395 1657 5448 αὑτοῦ.
1689 5399 1755 5450 Ἥ
1791 5397 1906 5450 ἐτέ-

2007 4575 2417 4644 Acltit0pltelem
2451 4583 2611 4644 atque
2642 4575 2782 4632 alios
2817 4571 3131 4643 huiusmodi
3165 4571 3384 4624 multos.
3406 4569 3582 4622 Amici

2009 4669 2112 4723 mei
2141 4709 2155 4730 ,
2192 4669 2402 4735 inquit,
2425 4677 2480 4722 et
2511 4666 2808 4720 familiares
2840 4665 2945 4719 mei
2987 4669 3252 4718 venerunt
3294 4660 3583 4715 adversum

2009 4776 2113 4814 me.
2145 4760 2258 4815 Hoc
2284 4758 2429 4814 enim
2462 4758 2771 4828 signiﬁcant
2800 4755 2962 4810 verba
2999 4755 3089 4809 illa
3122 4772 3136 4808 :
3175 4753 3586 4824 Appropinqua-

2007 4860 2189 4903 veruut
2214 4859 2264 4904 et
2288 4855 2543 4904 steterunt
2570 4857 2757 4902 contra
2809 4861 2927 4909 me;
2961 4844 3071 4900 Deo
3094 4845 3305 4899 scilicet
3339 4846 3410 4899 ob
3458 4859 3586 4913 pee-

2006 4954 2124 4996 cata
2159 4959 2274 4997 mea
2300 4943 2354 4996 id
2396 4941 2762 5012 permittente,
2803 4954 2865 4993 ex
2907 4937 3109 5007 quibus
3147 4938 3249 4992 boc
3314 4936 3447 4991 mihi
3493 4951 3585 4989 ca-

2006 5035 2308 5088 lamitatum
2339 5049 2510 5106 genus
2544 5033 2815 5088 incubuit.

2077 5127 2239 5182 Vsus.
2272 5127 2357 5182 15.
2400 5127 2467 5180 Et
2488 5127 2752 5196 quijuxta
2772 5142 2855 5180 me
2873 5126 3125 5191 erant,de
3139 5125 3288 5194 longe
3306 5127 3582 5175 steterunt.

2014 5219 2084 5271 De
2118 5214 2324 5272 eisdem
2364 5218 2600 5272 inimicis
2624 5217 2904 5287 loquitur,
2935 5219 3026 5286 qui
3076 5217 3204 5271 odio
3242 5212 3460 5284 quidem
3498 5224 3587 5277 ap-

2009 5306 2518 5376 Prtlpinfluaverunt
2544 5346 2558 5370 ,
2594 5315 2650 5360 ut
2680 5317 3062 5378 persecutores
3086 5345 3100 5369 ,
3139 5311 3194 5358 et
3245 5303 3312 5355 ab
3357 5299 3582 5365 antiqua

2012 5398 2391 5454 benevolentia
2415 5401 2602 5469 procul
2655 5397 2784 5454 facti
2845 5407 2995 5462 sunt,
3035 5395 3203 5449 veluti
3240 5389 3581 5448 discedentes

1640 5571 1838 5632 ναι-ιω
1866 5571 2197 5634 lectiones.

411 5687 522 5764 (ξῗ)
699 5691 1208 5764 Ἀναειεμπόμενον.

412 5758 520 5827 i3")
548 5760 636 5814 Al.
672 5758 917 5815 πυκνῶν.

2092 5698 2204 5770 (59)
2235 5699 2317 5753 Al.
2345 5697 2710 5770 Ἐπεκύμηνε.
