4072 6202
508 332 617 397 ιδδ

1736 328 2116 391 ΕυΤΠΥΜΙΙ
2160 329 2522 392 ΖΙΟᾹΒΕΝῘ

3646 330 3754 391 436

507 445 575 499 ab
607 443 869 498 amicitia.
923 441 1057 508 Vel,
1101 444 1237 499 alios
1265 444 1430 499 etiam
1483 444 1691 499 amicos
1743 453 1796 496 et
1831 443 2072 498 subditos

2183 458 2307 508 ρους
2349 441 2706 512 ὑποληπτέον,
2749 441 3020 511 φυγόντας
3050 441 3136 494 διὰ
3168 441 3255 493 τὸν
3303 439 3394 492 τοῦ
3435 438 3754 510 Ἀεεσαλὼμ

507 537 815 606 intelligere
843 551 1161 604 possumus,
1197 537 1289 606 qui
1326 538 1522 591 timore
1550 535 1840 592 Absalonis
1863 550 1893 596 a
1917 536 2076 588 beato

444 665 452 675 .
506 628 676 682 David
711 627 776 680 ad
803 628 954 681 illum
981 628 1327 683 deﬁciebant.

576 717 646 771 Et
690 723 790 772 vim
825 718 1090 786 faciebant
1131 723 1219 790 qui
1261 724 1561 792 qurerebant
1612 722 1847 775 animam
1885 739 2072 775 meam.

509 809 571 862 Et
597 810 867 879 angebant
901 827 1006 877 me,
1042 812 1236 881 inquit,
1271 813 1302 866 ii
1346 813 1438 880 qui
1470 814 1707 867 animam
1746 828 1944 877 meam,
1975 815 2077 868 hoc

503 913 607 967 est,
638 905 728 973 qui
767 921 849 958 me
882 906 1058 974 ipsum
1107 906 1439 974 quan-ebant,
1468 915 1522 960 et
1574 907 1718 962 omni
1771 918 1889 960 arte
1946 907 2076 961 mibi

505 993 809 1046 molestiam
831 993 1155 1048 inferebant.
1178 993 1270 1048 Vei
1287 997 1602 1064 qutﬁl'ebaill
1625 997 1858 1049 animam
1877 1010 2074 1060 meam,

505 1092 560 1135 ut
595 1084 866 1140 auferrent
904 1101 1043 1152 eam,
1077 1088 1537 1155 quemadmodum
1583 1086 1716 1140 dixit
1767 1087 1819 1140 in
1868 1088 2076 1156 psalmo

505 1191 697 1230 XXXIX.

573 1269 640 1321 Et
674 1269 1078 1339 quiqnwrebant
1109 1271 1252 1323 mala
1281 1271 1406 1324 mihi
1428 1271 1592 1324 locuti
1625 1281 1749 1324 sunt
1792 1273 2068 1325 vanitates.

499 1363 567 1416 Et
614 1362 706 1430 qui
763 1378 938 1416 meam
1005 1363 1220 1416 ruinam
1255 1362 1540 1424 sitiebant,
1577 1364 1945 1432 blasphemias
1979 1365 2075 1417 ad-

501 1469 718 1509 versum
754 1469 840 1507 me
876 1454 1040 1507 locuti
1075 1463 1242 1517 sunt,
1275 1453 1540 1508 conviciis
1585 1463 1748 1522 atque
1785 1454 2074 1509 caluumiis

503 1560 585 1598 me
616 1546 958 1613 impetcntcs.
997 1543 1272 1599 Vanitates
1303 1555 1485 1599 autem
1515 1545 1648 1600 dixit
1701 1545 1866 1600 veluti
1919 1562 2072 1599 men-

500 1635 650 1688 dacia
676 1637 946 1705 quaedam,
981 1653 1042 1690 ac
1077 1637 1234 1692 falsa.

573 1728 636 1780 Et
672 1729 820 1782 dolos
849 1739 955 1782 tota
982 1731 1062 1782 die
1085 1729 1495 1785 meditabantur.
1520 1729 1633 1783 Hoc
1665 1740 1764 1796 est,
1800 1733 2023 1790 insidias
2053 1752 2066 1788 :

503 1821 776 1887 quomodo
844 1822 1106 1882 nimirum
1151 1839 1233 1876 nte
1271 1824 1583 1891 deciperent
1629 1833 1681 1877 et
1721 1826 2074 1894 comprehen-

500 1914 714 1968 dercut.

567 2004 732 2060 Vrsas.
778 2008 864 2061 Η.
895 2008 1007 2078 Ego
1045 2013 1200 2078 quasi
1239 2012 1434 2066 surdus
1486 2029 1586 2066 non
1641 2015 1939 2069 audiebam.
1996 2013 2072 2068 Rc

499 2113 622 2151 vera
648 2099 866 2167 quidem
897 2100 1188 2154 audiebam
1217 2143 1232 2168 ,
1267 2104 1360 2158 sed
1411 2105 1602 2157 audire
1651 2121 1758 2159 non
1813 2107 2033 2159 videbar
2055 2147 2070 2169 ,

496 2189 624 2257 quia
662 2191 930 2255 tacebam,
956 2200 1012 2244 et
1041 2207 1150 2247 non
1179 2195 1567 2249 conturbabar.
1609 2197 1729 2264 Ipso
1775 2197 1920 2250 enim
1975 2196 2072 2250 Sc-

500 2283 601 2334 mci
636 2282 896 2337 conviciis
929 2299 1052 2338 sese
1077 2284 1379 2340 insectante
1411 2296 1580 2355 atque
1613 2288 1995 2348 maledicente,
2019 2295 2071 2338 et

497 2371 770 2441 plerisque
813 2373 936 2428 aliis
1002 2374 1165 2428 etiam
1245 2376 1385 2429 idem
1441 2376 1796 2439 facientibus,
1857 2378 2070 2430 tacebat

499 2460 692 2513 beatus
726 2459 912 2521 David,
942 2462 1096 2530 quasi
1131 2478 1356 2530 prorsus
1390 2480 1500 2517 non
1534 2466 1760 2518 audiens

570 2549 640 2602 Et
672 2551 807 2603 sicut
834 2560 1008 2604 mutus
1038 2569 1140 2605 non
1170 2553 1408 2618 aperiens
1446 2569 1501 2605 os
1526 2571 1701 2606 suum.
1727 2555 2068 2610 Snbaudien-

497 2640 624 2693 dum
661 2649 744 2694 est
780 2641 1025 2704 verbum,
1061 2658 1230 2698 erant.
1271 2643 1622 2713 Consequens
1652 2655 1736 2698 est
1769 2655 1972 2707 autem,
2013 2659 2070 2700 ut

501 2744 604 2781 non
631 2729 884 2798 loquatur
913 2732 1036 2799 quis
1065 2747 1126 2785 ea
1163 2749 1286 2800 quin
1317 2748 1424 2786 non
1455 2734 1684 2789 audivit.

573 2821 733 2876 VERS-
771 2821 854 2879 15.
898 2825 966 2880 Et
988 2823 1164 2890 factus
1183 2841 1304 2878 sum
1333 2825 1466 2878 sicut
1489 2825 1640 2879 homo
1667 2844 1769 2881 non
1801 2829 2018 2884 and-iens
2051 2871 2065 2893 ,

495 2923 543 2964 ct
577 2928 678 2966 non
700 2912 896 2967 habens
921 2915 974 2972 in
1005 2932 1094 2970 ore
1139 2933 1234 2970 suo
1279 2918 1700 2986 redargntiones.
1761 2919 1884 2974 llaec
1923 2921 2067 2975 dicta

499 3014 625 3057 sunt
651 3003 717 3058 ad
749 3004 1172 3066 declarationem
1197 3011 1595 3065 versiculorum
1634 3012 1878 3080 proxime
1927 3030 2059 3083 prae-

2182 534 2365 600 φόϐον.

2250 719 2358 772 Καὶ
2392 717 2760 782 ἑξεϐιάζοιτο
2797 723 2849 773 οἱ
2878 718 3193 784 ζητοῦντες
3235 717 3350 784 τὴν·
3378 719 3590 786 ψυχήν
3609 736 3751 787 μου.

2179 813 2288 864 Καὶ
2318 811 2627 880 ἠνάγκαζον
2669 811 2963 873 κακοῦντες
2993 829 3058 881 με
3090 812 3242 884 πάσῃ
3295 816 3537 880 μηχανῇ,
3572 813 3621 864 οἱ
3658 811 3756 882 ζη-

2179 903 2397 966 τοῦντες
2431 903 2530 972 τὴν
2565 902 2743 971 ψυχήν
2797 920 2918 971 μου,
2954 903 3232 955 τουτέστιν
3262 902 3381 969 ἐμὲ,
3419 905 3561 954 κατὰ
3593 902 3755 969 περί-

2180 1013 2381 1064 φρασιν
2403 1010 2417 1023 ⁸
2453 995 2485 1065 ἢ
2510 996 2559 1047 οἱ
2591 994 2880 1065 ζητοῦντες
2899 993 2996 1063 τὴν
3024 992 3202 1062 ψυχήν
3230 1008 3353 1062 μου,
3387 992 3527 1045 ὥστε
3560 993 3753 1062 ἐξᾶραι

2179 1093 2364 1162 αὐτὴν,
2389 1092 2464 1154 ὡς
2489 1094 2546 1143 ὲν
2573 1091 2651 1160 τῷ
2680 1090 2755 1141 λθ’
2788 1089 2988 1160 ψαλμῷ
3027 1106 3182 1159 φησι.

2246 1280 2354 1332 Καὶ
2383 1281 2435 1332 οι
2461 1278 2772 1345 ζητοῦντες
2794 1276 2862 1330 τὰ
2894 1273 3048 1328 κακά
3076 1291 3175 1342 μοι
3201 1272 3520 1336 ἐλάλησαν
3546 1287 3754 1339 μαται-

2176 1373 2413 1438 ότητας.
2443 1371 2554 1425 Καὶ
2599 1370 2649 1422 οἱ
2681 1369 2925 1431 θέλοντες
2947 1369 3045 1435 τὴν
3080 1365 3286 1418 πτῶσὼ
3320 1381 3446 1433 μου,
3482 1364 3756 1432 ἐλάλησαν

2177 1462 2297 1516 κατ’
2326 1461 2461 1530 ἐμοῦ
2485 1459 2856 1531 βλασφημίας,
2888 1456 3254 1527 λοιδοροῦντες
3308 1471 3375 1524 με
3410 1455 3502 1506 καὶ
3531 1454 3754 1507 διαϐάλ-

2175 1557 2378 1618 λοντες.
2420 1554 2808 1624 Ματαιότητας
2859 1552 2915 1604 δὲ
2948 1551 3152 1612 ταύτας
3182 1549 3464 1613 ἐκάλεσεν,
3513 1547 3588 1609 ὼς
3621 1545 3753 1610 ψευο

2174 1649 2302 1708 δεῖς.

2242 1741 2350 1793 Καὶ
2376 1739 2731 1806 δολιότητας
2756 1740 2911 1804 ὅλην
2948 1737 3064 1804 τὴν
3092 1737 3320 1805 ἡμέραν
3353 1731 3751 1802 ἐμελέτησαν.

2188 1833 2542 1896 Ἐπιϐουλὰςο
2583 1833 2699 1894 πῶς
2736 1831 2801 1884 ἂν
2835 1829 3248 1898 ἀποστήσαντες
3285 1844 3352 1897 με
3387 1827 3750 1897 θηρεύσωσιν.

2258 2015 2405 2082 Ἐγὼ
2435 2014 2503 2068 δὲ
2523 2013 2663 2067 ὡσεὶ
2701 2011 3028 2079 κωφὸς-οὐκ
3071 2009 3316 2078 ἤκουον.
3369 2008 3449 2077 Τῇ
3491 2005 3591 2076 μὲν
3617 2005 3752 2074 ἁλη-

2176 2108 2318 2179 θείᾳ,
2344 2109 2538 2178 ἢκουον
2562 2123 2578 2144 '-
2607 2107 2671 2174 τῇ
2713 2103 2768 2156 δὲ
2807 2103 3048 2168 δοκήσει,
3074 2101 3173 2153 οὐκ
3199 2101 3417 2170 1ἤκουον,
3445 2094 3532 2149 οἷα
3560 2097 3749 2164 σιγῶν,

2175 2203 2266 2255 καὶ
2318 2200 2391 2269 μὴ
2422 2197 2830 2266 ταρασσόμενος
2857 2211 2870 2222 ·
2915 2194 3091 2248 ἄλλων
3123 2209 3180 2244 τε
3215 2191 3326 2258 γὰρ
3351 2189 3427 2251 ὡς
3450 2188 3619 2251 εἰκὸς,
3656 2186 3749 2240 καὶ

2175 2293 2341 2346 αὑτοῦ
2376 2291 2439 2358 δὴ
2471 2293 2562 2342 τοῦ
2591 2287 2788 2356 Σεμεεὶ
2817 2286 3093 2356 προδήλως
3122 2282 3436 2352 ὑϐρίζοντος
3475 2280 3635 2332 αὐτον
3656 2278 3750 2332 καὶ

2176 2381 2586 2450 καταρωμένου,
2619 2377 2794 2444 ἐσίγα,
2829 2377 2903 2438 ὡς
2937 2375 3012 2445 μὴ
3040 2372 3272 2427 ἁκούων.

2239 2565 2350 2619 Καὶ
2378 2565 2518 2618 ὡσεὶ
2554 2563 2783 2628 ἅλαλος
2810 2562 2922 2615 οὐκ
2946 2560 3203 2630 ἀνοίγων
3229 2562 3294 2615 τὸ
3325 2561 3518 2629 στόμα
3538 2555 3746 2611 αὑτοῦ.

2173 2659 2362 2712 Λείπει
2410 2656 2492 2718 τὸ,
2523 2653 2688 2723 ἥμην
2709 2669 2724 2684 ο
2757 2652 2836 2720 τῷ
2876 2654 2982 2721 γὰρ
3018 2652 3091 2718 μὴ
3121 2650 3338 2705 ἀκούειν
3376 2647 3662 2703 ἀκόλουθον
3689 2649 3751 2698 τδ

2176 2752 2250 2819 μὴ
2278 2740 2479 2810 λαλεῖν,
2518 2747 2648 2816 περὶ
2675 2739 2749 2798 ὧν
2778 2745 2878 2798 οὐκ
2907 2745 3128 2814 ἢκουσε.

2243 2840 2349 2894 Καὶ
2389 2839 2683 2907 ἐγενόμην
2705 2835 2847 2889 ὡσεὶ
2876 2833 3183 2902 ἅνθρωπος
3212 2834 3323 2886 οὐκ
3353 2830 3614 2892 ἁκούων,
3649 2827 3746 2880 καὶ

2171 2935 2283 2986 οὐκ
2313 2932 2468 2999 ἔχων
2500 2931 2568 2983 ἐν
2589 2926 2669 2993 τῷ
2707 2927 2959 2995 στόματι
2994 2925 3183 2979 αὑτοῦ
3217 2924 3532 2993 ἐλεγμούς.
3563 2921 3748 2974 Ταῦτα

2176 3021 2543 3090 σαφηνιστικά
2595 3020 2703 3072 τῶν
2733 3016 3116 3088 προλαϐόντων
3154 3017 3450 3085 δυστίχων·
3484 3014 3750 3083 ὲλεγμοίις

498 3095 825 3152 cedentium.
861 3098 1292 3170 Redargutiones
1339 3112 1520 3156 autem
1558 3103 1662 3157 hoc
1690 3104 1743 3157 in
1775 3105 1895 3159 loco
1933 3121 2063 3159 con-

2176 3117 2226 3168 δὲ
2263 3116 2412 3181 λέγει
2441 3113 2539 3176 τὰς
2571 3113 2944 3182 ἀντιρρήσεις,
2968 3109 3034 3162 δι’
3069 3102 3143 3162 ὧν
3182 3125 3265 3170 τις
3295 3107 3508 3176 ἐλέγχει
3537 3105 3627 3159 τὸν
3649 3120 3743 3157 καθ

496 3189 853 3246 tradictioncs
885 3203 1060 3257 vocat,
1098 3211 1192 3263 per
1221 3212 1362 3263 quas
1413 3197 1741 3266 redarguere
1792 3197 1919 3266 quis
1973 3214 2067 3254 eos

499 3281 655 3345 solet,
689 3283 780 3350 qui
816 3285 955 3337 male
991 3286 1314 3353 loquuntur.

569 3373 730 3432 Vens.
755 3376 834 3429 l6.
861 3376 1000 3440 Quia
1023 3379 1076 3431 in
1099 3388 1167 3442 te,
1187 3379 1429 3446 Domine,
1454 3383 1677 3446 speravi.
1698 3382 1877 3439 Mutus
1898 3383 2070 3440 factus

498 3481 619 3520 sum
659 3474 712 3518 et
752 3469 919 3532 tacui,
975 3470 1099 3538 quia
1135 3480 1184 3524 te
1214 3470 1345 3524 mihi
1374 3472 1614 3541 judicem
1657 3473 1899 3528 futurum
1948 3492 2070 3545 spe-

499 3553 636 3608 ravi.
667 3552 801 3614 Mihi
837 3554 1005 3619 enim,
1037 3557 1233 3627 inquit,
1264 3558 1515 3625 vindicta,
1544 3569 1592 3614 et
1619 3576 1712 3629 ego
1760 3563 2071 3627 retribuam,

498 3645 625 3698 dicit
661 3645 919 3703 Dominus
952 3650 996 3701 '.

570 3736 610 3788 Τ
617 3754 646 3789 ιι
684 3739 934 3796 exaudies
962 3757 1058 3805 me,
1085 3741 1308 3798 Domine
1331 3745 1466 3799 Deus
1509 3762 1672 3800 mens.
1724 3746 1786 3801 Et
1831 3747 1957 3816 quia
2015 3758 2068 3803 tu

499 3834 680 3886 omnia
706 3833 1018 3902 hujusmodi
1038 3838 1321 3893 maledicta
1352 3840 1610 3910 intelligis
1639 3859 1653 3894 :
1686 3849 1740 3894 et
1770 3842 2069 3910 condignas

498 3924 988 3988 calumniatoribus
1013 3943 1205 3997 pinnas
1222 3931 1514 3986 retribues.
1533 3930 1652 3996 Vel,
1686 3932 1766 3986 Tu
1790 3949 1884 3989 eos
1903 3951 2072 3990 exau-

499 4014 641 4078 dios,
677 4017 770 4084 qui
804 4019 931 4074 talia
963 4020 1108 4088 passi
1139 4029 1290 4086 sunt,
1323 4029 1376 4075 et
1402 4030 1608 4078 tacent.
1913 4021 1924 4030 '

573 4106 732 4164 Vens.
754 4109 1002 4176 Περαία
1021 4113 1134 4165 dixi
1147 4129 1165 4165 :
1181 4112 1471 4182 Nequando
1494 4116 1915 4184 super-gaudeant
1945 4119 2074 4172 mihi

499 4200 704 4258 inimici
730 4202 850 4255 mei.
883 4202 1031 4255 Intra
1064 4219 1150 4258 me
1193 4205 1373 4274 ipsum
1415 4207 1561 4260 enim
1611 4223 1735 4260 cum
1786 4208 2069 4266 tunderem

506 4307 692 4358 preces
727 4294 793 4346 ad
819 4293 1017 4358 Deum,
1059 4296 1170 4350 dixi
1206 4338 1220 4362 ,
1281 4313 1482 4368 cupere
1530 4314 1616 4353 me
1665 4301 1956 4366 exaudiri,
2007 4319 2072 4358 ne

395 4418 409 4430 .
501 4384 721 4454 quando
784 4389 1223 4457 supergaudeant
1268 4400 1322 4444 et
1365 4391 1702 4447 delectentur
1775 4408 1942 4464 super
1989 4411 2072 4450 me

504 4496 716 4533 IIIIIIIICI
743 4495 870 4534 IIIeL

570 4569 641 4624 Et
677 4571 806 4624 dunt
832 4573 1081 4625 commoti
1113 4584 1285 4628 essem
1313 4574 1468 4643 pedes
1505 4577 1625 4642 mei,
1660 4593 1816 4645 super
1843 4594 1922 4632 me
1955 4595 2071 4632 ma-

501 4679 606 4732 gna
629 4664 788 4717 locuti
833 4673 976 4720 sunt.
1023 4664 1090 4718 Et
1143 4681 1265 4720 cum
1306 4667 1419 4736 jam
1469 4683 1721 4725 aversum
1772 4681 1918 4725 esset
1970 4672 2071 4727 iter

504 4765 683 4804 meum
704 4767 732 4805 a
758 4751 850 4806 via
867 4751 1176 4808 divinorum
1210 4755 1617 4824 mandatorum,
1656 4757 1732 4811 illi
1771 4757 1955 4811 statim
1976 4774 2074 4828 pu-

505 4837 737 4893 dendam
771 4839 1062 4908 quamdam
1097 4853 1361 4912 ceperunt
1409 4844 1741 4909 libertatem,
1774 4843 2072 4913 gloriantes

504 4929 851 4996 etjactantes
879 4972 893 4994 ,
930 4931 1066 4988 velle
1099 4948 1186 4986 me
1212 4933 1545 4990 interimere.

579 5019 736 5076 Vens.
772 5023 856 5076 18.
893 5023 1158 5088 Quoniam
1186 5027 1354 5093 egoin
1399 5026 1616 5096 ﬂagella
1662 5038 1884 5095 paratus
1936 5045 2072 5084 sum.

503 5112 640 5178 Quia
687 5129 789 5181 ego
836 5123 960 5182 post
1004 5125 1286 5184 peccatum
1340 5118 1526 5172 divino
1583 5119 1823 5176 nudatus
1873 5122 2075 5174 auxilio

504 5212 732 5274 paratus
760 5204 836 5257 l'ui
868 5204 935 5259 iis
963 5206 1054 5274 qui
1092 5206 1363 5276 castigare
1392 5223 1478 5262 me
1512 5209 1828 5265 voluerunt.
1862 5209 1957 5264 Vel
1989 5211 2072 5265 di-

505 5297 766 5360 ctionem,
799 5297 1048 5366 quoniam
1078 5339 1092 5363 ,
1119 5297 1448 5367 superﬂuam
1497 5315 1621 5354 esse
1673 5301 1914 5370 intellige
1965 5302 1986 5373 [
2016 5310 2074 5355 ut

507 5404 648 5458 saepe
679 5389 910 5444 inveniri
930 5388 1214 5460 diximus],
1242 5397 1296 5443 et
1327 5389 1462 5444 ordo
1482 5400 1566 5448 cst
1598 5408 1612 5444 :
1644 5393 1756 5462 Ego
1792 5392 1857 5446 ad
1889 5407 2080 5448 corre-

506 5480 741 5533 clionem
801 5489 856 5534 et
908 5480 1340 5536 emendationem
1383 5491 1528 5535 tuam
1577 5496 1796 5552 semper
1847 5493 2076 5552 paratus

509 5585 650 5622 sum.
682 5571 764 5623 0b
793 5579 1014 5638 peccata
1039 5573 1183 5626 enim
1235 5587 1350 5628 mea
1401 5588 1519 5628 cam
1568 5581 1852 5644 proruptus
1906 5589 1970 5629 ac
2017 5577 2078 5629 li-

512 5661 648 5716 bens
676 5663 942 5730 suscipio.

576 5775 597 5815 ⁸
629 5772 787 5829 Deut.
823 5793 991 5845 χχιιι,
1019 5779 1106 5834 55.

2176 3206 2286 3270 κῶς
2313 3205 2564 3274 λέγοντα.

2246 3395 2374 3447 Ὅτι
2403 3393 2498 3446 ἐπὶ
2561 3406 2681 3456 σοι,
2735 3393 2930 3458 Κύριε,
2967 3389 3224 3458 ἤλπισα.
3290 3385 3623 3454 Ἐκωφώθην
3657 3385 3748 3437 καὶ

2172 3479 2424 3548 ἐσίγησα,
2457 3477 2591 3530 διότι
2625 3477 2776 3546 παρὰ
2804 3475 2897 3528 σοῦ
2933 3475 3139 3546 ήλπισα
3177 3474 3361 3541 τυχεῖν
3390 3471 3745 3536 ἐκδικήσεως.

2185 3570 2338 3637 Ἐμοὶ
2371 3568 2500 3636 γὰρ,
2560 3567 2746 3635 φησιν,
2779 3565 3126 3632 ἐκδίκησις*
3167 3560 3281 3631 ἐγὼ
3312 3559 3750 3620 ἀνταποδώσω,

2171 3656 2331 3724 λέγει
2379 3656 2614 3723 Κύριος.

2238 3748 2321 3802 Σὺ
2363 3747 2720 3814 είσακούσῃ,
2751 3746 2944 3813 Κύριε,
2987 3746 3020 3797 ὁ
3051 3741 3192 3808 Θεός
3222 3758 3361 3810 μου.
3388 3741 3498 3792 Kai.
3524 3738 3657 3789 διότι
3687 3737 3750 3788 σὺ

2175 3838 2512 3909 ὲνωτισθήσῃ
2537 3838 2636 3901 τὰς
2667 3836 2921 3897 τοιαύτας
2966 3832 3337 3905 βλασφημίας,
3383 3833 3476 3886 καὶ
3510 3831 3750 3882 ἀνταποο

2174 3931 2364 3993 δώσεις
2386 3933 2493 3993 τοῖς
2525 3929 2826 4000 ὑϐρισταῖς.
2862 3928 2954 3992 Ἦ,
2985 3925 3063 3982 Σὺ.
3083 3921 3491 3995 ὲπακούσῃμτῶν
3524 3919 3750 3974 τοιαῦτα

2175 4024 2514 4093 πασχόντων,
2547 4023 2640 4075 καὶ
2670 4020 2972 4088 σιγώντων.

2247 4117 2375 4168 Ὀτι
2407 4110 2579 4168 εἷπον
2610 4129 2622 4143 ⁸
2686 4115 2930 4182 Μήποτε
2960 4110 3294 4180 ἐπιχαρῶσί
3338 4126 3440 4178 μοι
3472 4109 3527 4160 oi
3546 4105 3747 4174 ἐχθροί

2169 4225 2309 4276 μου.
2351 4209 2460 4261 Καὶ
2497 4206 2604 4276 γὰρ
2639 4201 2791 4258 εἷπον
2814 4207 2871 4259 ἐν
2901 4203 3120 4273 ἐμαυτῷ
3161 4202 3480 4273 saxeum;-
3515 4201 3608 4270 Μή
3637 4199 3748 4250 ἐπιο

2175 4300 2476 4369 χαρείήσάν
2507 4299 2596 4366 μοί
2628 4315 2756 4350 ποτε
2781 4298 2828 4350 οἱ
2869 4296 3054 4367 ἐχθροί
3087 4312 3212 4362 μου.

2247 4572 2357 4628 Καὶ
2375 4572 2446 4626 ἐν
2468 4571 2548 4636 τῷ
2572 4568 2944 4635 σαλευθῆναι
2975 4566 3164 4630 πόδας
3201 4581 3340 4633 μου,
3374 4563 3466 4616 ἐπ’
3495 4561 3600 4631 ἐμὲ
3617 4563 3747 4631 ἐμε-

2173 4659 2736 4732 γαλορῤημόνησαν.
2788 4658 2896 4711 Καὶ
2927 4656 3035 4708 ἰδοὺ
3066 4654 3499 4724 περιτραπείσης
3529 4653 3626 4722 τῆς
3650 4668 3748 4704 πο-

2183 4755 2331 4825 ρείας
2365 4769 2467 4822 μου
2516 4751 2624 4803 ἀπὸ
2662 4750 2762 4818 τῆς
2801 4747 2921 4800 ὁδοῦ
2954 4746 3064 4799 τῶν
3093 4745 3252 4798 θείων
3284 4746 3533 4807 ἐντολῶν,
3585 4743 3749 4807 εὐθὺς

2179 4844 2371 4898 ἔλαϐον
2396 4843 2546 4896 αὐτοὶ
2575 4840 2888 4912 παρῤησίαν
2908 4836 3307 4907 ἀναισχυντίας,
3332 4837 3753 4905 μεγαλορῤημο-

2179 4936 2438 5004 νήσαντες
2463 4931 2670 4985 ἀνελεῖν
2702 4947 2792 5001 με.

2250 5028 2369 5078 ’Ότι
2398 5024 2514 5094 ἐγὼ
2561 5026 2648 5088 εἰς
2671 5021 2971 5092 μάστιγας
3001 5020 3252 5088 ἕτοιμος.
3296 5017 3441 5070 Διότι
3496 5015 3751 5086 ἁμαρτής

2179 5135 2299 5181 σας,
2331 5117 2424 5169 καὶ
2452 5115 2759 5186 γυμνωθεὶς
2790 5113 2889 5182 τῆς
2936 5112 3086 5175 θείας
3132 5109 3403 5180 βοηθείας,
3457 5109 3749 5180 πρόχειρος

2176 5209 2442 5278 ἐγενόμην
2474 5209 2586 5269 τοῖς
2618 5205 2865 5269 κολάζειν
2912 5203 3211 5258 ἐθέλουσιν.
3245 5202 3317 5253 Ἦ
3371 5201 3433 5252 τὸ
3488 5201 3588 5268 μὲν
3630 5197 3744 5263 ὅτι,

2176 5299 2606 5373 διηγηματικῶς,
2638 5297 2891 5366 περιττὸν
2927 5295 3169 5365 νοήσεις·
3218 5292 3282 5345 τὸ
3310 5291 3367 5344 δὲ
3403 5291 3560 5358 ἑξῆς·
3605 5288 3750 5354 Ἐγὼ

2178 5395 2254 5456 εἰς
2287 5392 2385 5463 τὴν
2414 5389 2571 5460 παρὰ
2589 5389 2682 5443 σοῦ
2713 5386 2963 5442 παιδείαν
2984 5387 3296 5456 πρόχειρος,
3314 5380 3748 5450 ἀπεκδεχόμενος

2178 5483 2344 5551 αὐτὴν
2378 5481 2626 5551 πάντοτε,
2652 5479 2736 5532 διὰ
2762 5478 2861 5540 τὰς
2883 5478 3158 5548 ἁμαρτίας
3183 5492 3305 5545 μου.
