4114 6208
464 260 573 324 437

1627 270 2019 334 COMMENT.
2067 274 2149 333 IN
2190 272 2551 334 PSALMOS.

3612 260 3721 323 £33

534 375 646 428 Kal
677 374 715 440 ἠ
742 374 1022 444 ἀλγηδών
1035 393 1153 447 μου
1174 379 1433 434 ἐνώπιόν
1466 383 1585 450 μού
1615 383 1744 437 ἐστι
1778 382 1876 436 διὰ
1905 400 2053 438 παν-

2229 385 2297 441 Et
2335 387 2490 440 dolor
2520 402 2661 441 mens
2688 388 2746 441 in
2788 398 3060 452 conspersa
3122 401 3228 435 mro
3269 393 3345 437 est
3387 397 3612 450 semper.
3671 380 3731 433 Et

464 469 587 535 τός.
631 469 742 523 Καὶ
773 471 806 538 ἡ
845 471 1032 541 μνήμη
1061 474 1159 542 τῆς
1190 475 1471 545 ἁμαρτίας
1504 493 1626 543 μου,
1659 478 1694 548 ἡ
1743 477 2054 545 ἀλγύνουσά

470 577 559 628 με,
595 560 702 630 πρὸ
727 561 1018 632 ὀφθαλμῶν
1053 565 1157 635 μού
1190 568 1338 620 ἐστιν
1377 567 1484 630 ἀεὶ,
1516 568 1802 634 νύττουσα,
1838 570 1932 623 καὶ
1953 570 2054 623 οὐκ

469 652 816 725 ἐπελαθόμην
843 656 1067 725 ταύτης,
1094 657 1172 721 ὥς
1197 676 1281 723 τις
1307 660 1632 729 ἀνάλγητος.

545 915 677 970 Ὅτι
705 918 822 986 τὴν
866 922 1124 990 ἀνομίαν
1140 942 1261 993 μου
1284 926 1400 995 ἐγὼ
1423 928 1755 995 drum-8.16).
1789 929 1931 983 Διότι
1955 929 2055 999 τὴν

473 1006 750 1077 ἁμαρτίαν
777 1027 879 1080 μου
912 1011 1024 1081 ἐγὼ
1037 1012 1401 1084 δημοσιεύσω,
1437 1018 1530 1070 καὶ
1554 1022 1860 1088 κατήγορος
1886 1020 2053 1089 ἐμαυ-

472 1097 566 1151 τοῦ
601 1101 929 1171 γενήσομαι.

543 1192 651 1245 Καὶ
696 1198 1048 1263 μεριμνήσω
1101 1202 1253 1269 ὑπὲρ
1287 1201 1398 1269 τῆς
1448 1205 1735 1272 ἁμαρτίας
1765 1222 1903 1274 μου.
1940 1205 2053 1259 Καὶ

475 1282 741 1350 φροντίσω
788 1288 889 1356 τῆς
923 1289 1169 1359 ίατρείας
1213 1293 1403 1362 αὐτῆς.
1451 1293 1787 1366 Ἀδιαερόρως
1835 1297 1891 1350 δὲ
1928 1298 2054 1350 ἀνο-

472 1371 602 1440 μίαν
625 1376 719 1428 καὶ
742 1376 1018 1457 ἁμαρτίαν
1045 1382 1114 1435 τὰ
1141 1383 1587 1455 πλημμελήματα
1612 1386 1905 1455 κέκληκεν.

542 1468 606 1519 οι
653 1465 721 1520 δὲ
745 1467 944 1536 ἐχθροί
966 1488 1086 1539 μου
1119 1473 1314 1535 ζῶσιν.
1362 1476 1426 1530 υἱ
1485 1477 1563 1546 τῷ
1606 1478 1930 1547 Ἀσεσαλὼμ
1959 1497 2051 1533 συ-

470 1559 908 1630 στρατευόμενοι.
979 1565 1137 1620 Ζῶσι
1190 1567 1268 1634 δὲ,
1334 1569 1459 1623 ἀντὶ
1527 1570 1644 1635 τοῦ,
1714 1572 2045 1643 Ἐρῤωνται,

467 1648 866 1721 ἀσθενήσαντος
905 1658 1041 1727 ἐμοῦ
1050 1698 1064 1713 .

2161 479 2583 532 commissorum
2600 493 2629 531 a
2644 493 2727 532 me
2741 477 3064 532 delictorum
3088 476 3370 535 memoria,
3386 490 3505 542 qua!
3519 488 3637 527 sum
3648 487 3736 523 mo

2162 583 2248 621 me
2277 568 2465 622 dolore
2494 567 2676 628 allicit.
2708 583 2922 638 semper
2956 566 3089 620 mihi
3120 574 3244 620 ante
3296 566 3487 619 oculos
3515 578 3736 632 perma-

2162 670 2253 713 net
2288 678 2301 714 :
2335 675 2537 730 urgens
2572 660 2829 713 nimirum
2866 673 2927 713 ac
2979 657 3269 713 stimulans
3294 696 3308 718 ,
3362 670 3541 722 neque
3589 653 3732 707 cnim

2161 766 2350 803 eorum
2410 751 2616 806 oblitus
2652 767 2796 810 sum.
2831 750 2994 806 veluti
3048 751 3094 804 is
3139 750 3232 820 qui
3289 747 3507 801 dolores
3555 745 3739 799 nullos

2163 842 2417 895 sentiam.

2236 931 2398 987 Vens.
2432 934 2515 988 l9.
2553 933 2819 1001 Quoniam
2851 935 3182 1005 iniquitatem
3216 950 3383 987 meam
3414 950 3507 1002 ego
3532 949 3740 985 annun-

2162 1026 2325 1079 tiabo.
2356 1026 2490 1091 Quia
2526 1035 2807 1095 peccatum
2844 1044 2946 1097 ego
2985 1044 3163 1083 meum
3220 1027 3531 1097 publicabo.
3560 1034 3609 1078 et
3643 1026 3743 1076 ad-

2163 1136 2353 1173 versus
2388 1126 2768 1194 memetipsum
2796 1132 3089 1177 accusator
3113 1120 3389 1175 accedam.

2186 1240 2191 1245 ι
2236 1212 2300 1266 Et
2343 1216 2588 1285 cogitabo
2617 1230 2711 1282 pro
2733 1224 2944 1283 peccato
2988 1229 3121 1268 meo.
3180 1212 3293 1265 lloe
3331 1220 3437 1275 est,
3472 1211 3740 1265 sollicitus

2160 1318 2255 1357 ero
2294 1307 2361 1360 de
2401 1308 2669 1363 medicina
2708 1308 2942 1377 peccati.
2972 1304 3351 1360 lndiﬂerentcr
3397 1314 3580 1358 autem
3636 1303 3742 1356 iui—

2159 1394 2420 1460 quitatem
2477 1406 2531 1450 et
2562 1402 2849 1462 peccatum
2892 1394 3073 1464 posuit
3113 1408 3214 1461 pro
3245 1392 3466 1447 delicto.

2229 1487 2393 1544 Vens.
2429 1491 2521 1545 20.
2567 1488 2783 1543 Inimici
2822 1498 2999 1543 autem
3059 1490 3160 1542 mei
3190 1487 3387 1540 vivunt.
3448 1483 3482 1536 li
3532 1481 3745 1536 scilicet

2158 1581 2249 1651 qui
2290 1582 2529 1636 militant
2553 1595 2676 1636 cum
2710 1581 3005 1637 Absalone.
3046 1580 3236 1634 Vivum
3266 1587 3472 1640 autem,
3506 1575 3610 1629 hoc
3636 1584 3742 1635 est,

2157 1675 2416 1729 Potentes
2449 1683 2601 1737 sunt,
2628 1689 2728 1745 ego
2760 1684 2942 1729 autem
2977 1672 3248 1728 inﬁrmus.

538 1742 646 1835 Kal
687 1749 1152 1814 κεκραταίωνται
1196 1753 1351 1824 ὑπὲρ
1379 1755 1506 1824 ἐμέ.
1540 1755 1712 1811 Τοῦτο
1744 1757 1836 1810 τοῦ
1879 1756 2058 1818 ζῶσιν

2239 1763 2304 1817 Et
2338 1764 2498 1831 forte:
2543 1742 2681 1832 ﬁunt
2711 1781 2869 1835 super
2898 1780 2998 1818 me.
3024 1764 3200 1818 Verba
3231 1763 3344 1816 haec
3372 1760 3622 1825 proxitre
3651 1773 3732 1813 su-

472 1832 890 1903 ὲπεξηγητικόν.
946 1841 1018 1894 Ἢ
1049 1842 1111 1895 τδ
1152 1845 1252 1913 μὲν
1305 1846 1525 1911 Ζῶσιν,
1558 1850 1681 1902 ἀντὶ
1706 1850 1798 1902 τοῦ
1844 1849 2057 1917 Ὑγιαί-

471 1942 655 2012 nouat:
686 1930 747 1982 τὸ
771 1930 828 1984 δὲ
862 1934 1361 2004 Κεκραταίωνται,
1411 1941 1533 1993 ἀντὶ
1558 1940 1653 1994 τοῦ
1690 1940 2060 2010 Ἑνεδυναμώ-

474 2018 670 2083 θησαν.

541 2110 646 2162 Καὶ
671 2110 1152 2180 ἐπληθύνθησαν
1178 2120 1233 2171 ot
1251 2120 1579 2187 μισοῦντές
1599 2140 1675 2191 με
1711 2122 1948 2191 ἀδίκως.
1983 2126 2060 2178 Οὐ
2108 2160 2121 2169 ρ

483 2197 642 2264 μόνον
672 2200 810 2262 ζῶσι
862 2206 956 2257 καὶ
987 2210 1450 2276 κεκραταίωνται,
1503 2215 1639 2268 ὰ).λά
1667 2216 1762 2269 καὶ
1790 2218 2063 2288 ἐπληθύν-

482 2292 654 2354 υησαν
678 2291 1055 2363 αὐξανόμενοι.
1125 2300 1348 2364 Ἀδίκως
1377 2304 1431 2357 δέ
1492 2307 1599 2358 είσι
1647 2307 1955 2376 μισοῦντες,
1984 2309 2061 2373 ὡς

478 2381 630 2432 οὐδὲν
658 2381 880 2450 εὔλογον
914 2388 1171 2454 ἐγκαλεῖν
1199 2392 1417 2461 ἔχοντες
1453 2398 1631 2449 αἴτιον
1660 2397 1754 2450 τοῦ
1789 2398 2002 2467 μίσους.

552 2562 616 2609 Οί
654 2560 1167 2634 ἀνταποδιδόντες
1185 2587 1287 2636 μοι
1319 2572 1477 2625 κακὰ
1499 2571 1634 2625 ἀντὶ
1677 2572 1941 2641 ἀγαθῶν,
1963 2575 2060 2629 ἐν·

471 2650 797 2707 διέϐαλλόν
843 2673 954 2724 με,
1014 2660 1146 2714 ἐπεὶ
1210 2664 1577 2719 κατεδίωκον
1633 2666 2054 2735 ἀγαθωσύνην.

478 2744 650 2800 Τοῦτο
679 2747 766 2803 διὰ
813 2750 906 2804 ⁸τὸν
944 2754 1298 2827 Ἀὁεσαλώμο
1357 2752 1513 2823 οὗτος
1560 2761 1666 2831 γὰρ
1697 2761 2059 2832 ἀμειὸόμενος

478 2841 579 2906 τὴν
623 2840 706 2903 εἰς
741 2842 903 2896 αὐτὸν
949 2847 1262 2918 ἀγαθότητα
1307 2851 1401 2904 καὶ
1431 2852 1667 2922 στοργὴν
1706 2854 1802 2908 τοῦ
1856 2857 2061 2926 πατρὸς

480 2929 663 2998 φθόνῳ
698 2935 791 2986 καὶ
820 2935 1105 3008 ἐπιϐουλῇ,
1130 2939 1435 2992 ὲνδιέόαλεν
1479 2942 1644 2995 αὐτὸν
1667 2945 1818 3012 παρά
1845 2948 1957 3007 τοῖς
1986 2945 2063 2999 δι-

2159 1854 2427 1924 periorem
2481 1854 2810 1909 versiculum
2842 1853 3142 1908 declarant.
3193 1852 3290 1907 Vel
3345 1851 3570 1914 Vivunt,
3642 1850 3744 1902 hoc

2161 1951 2266 2008 est,
2296 1943 2413 1998 sani
2476 1958 2542 1996 ac
2584 1944 2722 1999 bene
2755 1943 3003 1997 valentes
3058 1950 3224 2006 sunt,
3278 1950 3331 1994 et
3388 1940 3551 2005 fortes
3584 1941 3743 2007 ﬁunt,

2163 2037 2271 2091 hoc
2302 2045 2405 2101 est,
2446 2027 2749 2105 augescunt
2775 2034 3014 2089 viribus.

2243 2130 2307 2184 Et
2341 2112 2678 2199 multiplicati
2708 2132 2945 2199 suntqui
2971 2127 3192 2183 oderunt
3232 2141 3314 2179 me
3366 2124 3582 2193 injuste.
3632 2120 3748 2175 Non

2164 2231 2374 2276 tantum
2407 2221 2598 2275 vivunt
2628 2230 2680 2274 et
2710 2220 2883 2275 fortes
2912 2221 3046 2273 nunt
3072 2259 3086 2279 ,
3128 2217 3221 2273 sed
3270 2219 3412 2269 aucti
3461 2223 3514 2269 et
3564 2213 3749 2265 inulti-

2164 2314 2352 2384 plicati
2381 2325 2531 2369 sunt.
2560 2313 2771 2382 injuste
2797 2320 2979 2367 autem
3010 2310 3244 2366 oderunt
3293 2324 3376 2361 me
3405 2349 3419 2372 ,
3451 2306 3578 2376 quia
3612 2307 3745 2359 nihil

2164 2409 2465 2477 legitimum
2521 2408 2762 2471 habent,
2807 2407 2861 2460 in
2915 2421 3025 2475 quo
3069 2419 3155 2459 me
3192 2417 3456 2456 accusare
3487 2401 3741 2470 possint,

2163 2510 2251 2554 aut
2281 2500 2482 2563 dicere,
2520 2500 2743 2569 dignum
2781 2498 2931 2555 odio.
3456 2508 3460 2513 ’

2223 2591 2394 2646 Vens.
2427 2590 2519 2645 2|.
2553 2589 2658 2656 Qui
2703 2589 3001 2643 rctribnunt
3046 2587 3178 2641 mihi
3218 2584 3361 2640 muta
3409 2600 3504 2651 pro
3561 2583 3742 2642 bonis,

2161 2682 2506 2739 detrahebant
2532 2684 2685 2748 mihi,
2717 2683 2967 2749 quoniam
3002 2680 3256 2748 sequebar
3289 2677 3602 2731 bonitatem.
3630 2674 3744 2728 Hoc

2163 2776 2295 2830 dicit
2348 2784 2571 2845 propter
2624 2773 2959 2827 Absalonem
2991 2809 3007 2834 ,
3061 2770 3153 2839 qui
3220 2768 3541 2837 benignitati
3578 2775 3743 2835 atque

2166 2873 2335 2927 amori
2371 2883 2599 2940 paterno
2629 2868 2893 2923 invidiam
2923 2874 3087 2935 atque
3120 2864 3352 2919 insidias
3384 2862 3693 2930 rependens
3724 2899 3741 2925 ,

2169 2975 2374 3035 patrem
2407 2962 2869 3025 calumniabatur,
2910 2958 3064 3030 quasi
3094 2958 3343 3025 iniquum
3407 2963 3572 3024 atque
3602 2952 3748 3019 inju-

482 3023 808 3093 καζομένοις
846 3029 905 3080 ὲν
933 3032 1053 3092 ταῖς
1081 3031 1350 3100 κρίσεσιν,
1384 3034 1459 3096 ὼς
1490 3036 1673 3088 ἄδικον
1704 3039 1798 3090 καὶ
1826 3039 2062 3108 παράνο-

2168 3023 2311 3112 stum
2352 3069 2552 3124 regem,
2571 3051 2853 3107 attrahens
2881 3064 3049 3120 atque
3078 3047 3325 3103 alliciens
3356 3046 3455 3100 hoc
3486 3057 3643 3115 pacto
3672 3045 3741 3098 ad

482 3134 605 3182 μον,
659 3122 1208 3190 προσεταιριζόμενος
1260 3126 1347 3178 ἀεὶ
1400 3128 1529 3189 τοὺς
1568 3128 1864 3193 τοιούτους,
1908 3128 1982 3191 ὡς
2028 3130 2061 3198 ἡ

2169 3122 2636 3215 conspirationem
2675 3157 2771 3198 eos
2804 3142 2896 3212 qui
2927 3141 2994 3195 ad
3042 3140 3224 3209 regale
3261 3139 3431 3208 patris
3471 3135 3743 3207 judicium

482 3209 591 3260 τῶν
640 3210 936 3267 Βασιλειῶν
978 3215 1180 3280 ἐδίδαξε
1217 3216 1421 3285 βίϐλος.
1488 3217 1852 3273 Ἐνδιέὄαλλον
1880 3221 1936 3272 δέ
1969 3237 2058 3289 με,

483 3303 636 3372 φησὶ,
673 3303 807 3358 διότι
856 3305 1145 3375 ὲξεζήτουν
1190 3310 1284 3362 καὶ
1328 3309 1586 3380 ἔστεργον
1640 3313 1740 3383 τὴν
1770 3313 2064 3381 ἀγαθωσύ-

482 3412 603 3461 νῃν,
636 3396 731 3449 xui.
766 3396 866 3450 ούκ
891 3396 1083 3467 ἤθελον
1117 3400 1366 3454 κακῶσαι
1394 3402 1577 3463 αὐτὸν,
1615 3402 1757 3456 οὕτω
1781 3404 2062 3474 διακείμε-

483 3503 572 3537 νον
592 3503 607 3518 ’
639 3486 893 3542 ἐντεῦθεν
920 3489 1026 3560 γὰρ
1050 3489 1286 3560 ηὔξησεν
1309 3492 1408 3562 τὴν
1430 3494 1715 3565 πονηρίαν,
1741 3496 1836 3549 καὶ
1860 3498 2063 3567 μοχθη-

484 3581 705 3651 ρὲτερος
732 3581 972 3651 γέγονεν.
1020 3584 1089 3637 Ἦ
1114 3585 1477 3657 ἀγαθωσύνην
1519 3589 1753 3642 ἐνταῦθα
1782 3590 1932 3659 λέγει
1963 3591 2062 3661 τὴν

389 3723 395 3728 ,
483 3670 853 3743 δικαιοσύνην.
895 3674 1184 3746 Ἐλοιδόρει
1210 3678 1318 3745 γάρ
1350 3695 1440 3747 με,
1461 3680 1769 3748 φησὶ,διότι
1793 3697 2067 3749 προτιμη-

483 3760 611 3814 τέαν
642 3762 896 3835 ἡγούμην
950 3765 1049 3835 τὴν
1107 3764 1479 3835 δικαιοσύνην,
1530 3769 1625 3822 καὶ
1668 3767 1768 3837 οὐχ
1799 3768 1876 3829 ὡς
1901 3767 2065 3831 αὐτὸς

486 3854 718 3924 ἠγάπων
744 3854 843 3927 τὴν
868 3856 1108 3911 ἀδικίαν.

557 4043 652 4109 Μὴ
705 4041 1119 4110 ἐγκαταλίπῃς
1159 4058 1258 4109 με,
1315 4041 1493 4109 Κύριε
1542 4044 1577 4097 ό
1615 4044 1760 4108 Θεός
1789 4060 1930 4112 μου,
1976 4042 2063 4112 μὴ

484 4135 761 4204 ἀποστῇς
781 4134 883 4188 ἀπ’
911 4134 1076 4204 ἐμοῦ.
1115 4134 1459 4204 Μεμόνωμαι
1484 4135 1592 4206 γὰρ
1617 4135 1896 4204 ἀξιολόγου
1928 4153 2067 4208 συμ-

488 4228 711 4298 μαχίας,
746 4230 841 4282 καὶ
872 4228 932 4280 σὲ
958 4228 1120 4296 μόνον
1140 4227 1248 4299 ἔχω
1275 4227 1471 4299 βοηθὸν
1505 4230 1597 4283 καὶ
1628 4230 1866 4299 φύλακα.

2164 3239 2491 3293 accedebant
2522 3276 2537 3299 ,
2571 3244 2631 3290 ut
2679 3234 2732 3289 in
2795 3234 2948 3290 libris
3012 3231 3219 3303 [legum
3277 3231 3535 3286 traditur.
3580 3228 3743 3284 Calu-

2164 3331 2512 3384 mniabantur
2542 3337 2722 3384 autem
2757 3343 2864 3394 me,
2894 3326 3106 3397 inquit,
3148 3326 3277 3397 quia
3317 3339 3416 3392 ego
3443 3323 3742 3377 bonitatem

2163 3420 2436 3485 sectabar,
2474 3419 2558 3474 vel
2585 3419 2713 3489 quia
2744 3417 2893 3472 illum
2928 3432 3028 3487 ego
3060 3417 3141 3473 sic
3183 3431 3242 3472 se
3292 3424 3565 3486 gerentem
3598 3411 3742 3468 aliti-

2164 3524 2289 3579 gcre
2341 3523 2404 3561 ac
2432 3507 2703 3576 castigare
2736 3506 2908 3560 nolui.
2938 3503 3078 3557 Hinc
3106 3502 3306 3558 etenim
3337 3502 3488 3555 illius
3525 3514 3743 3569 semper

2166 3600 2337 3667 magis
2373 3600 2546 3653 crevit
2579 3597 2929 3666 perversitas,
2960 3596 3091 3651 ltinc
3121 3604 3176 3650 et
3203 3610 3245 3646 St
3263 3594 3488 3649 elcstior
3528 3606 3621 3645 seu
3650 3605 3745 3660 per

2168 3686 2344 3741 factus
2376 3694 2477 3739 est.
2512 3685 2627 3746 Vel,
2669 3701 2766 3755 per
2822 3686 3122 3740 bonitatem
3157 3686 3244 3739 hic
3279 3682 3549 3753 justitiam
3581 3682 3743 3734 intol-

2168 3771 2305 3841 ligit.
2338 3770 2763 3824 Conviciabatur
2793 3785 2898 3837 me,
2931 3772 3127 3839 inquit,
3160 3772 3283 3837 quia
3319 3768 3739 3838 praeponendam

2169 3876 2271 3925 ego
2294 3876 2509 3930 semper
2561 3869 2612 3915 et
2646 3859 3130 3930 przehonorandam
3171 3861 3582 3930 essejustitiam
3613 3876 3743 3915 cen-

2168 3950 2276 4016 sui,
2302 3959 2354 4005 et
2384 3950 2509 4019 quia
2538 3948 2656 4020 ejus
2684 3948 2930 4019 exemplo
2955 3948 3275 4017 iniustitiam
3310 3965 3418 4004 non
3448 3949 3637 4004 dilexi.

2237 4043 2403 4098 Vens.
2428 4042 2519 4097 22.
2567 4041 2649 4097 Ne
2677 4042 3011 4111 derelinquas
3029 4057 3128 4106 me,
3169 4040 3385 4096 Domine
3406 4042 3541 4097 Deus
3573 4057 3742 4108 meus,

2167 4152 2230 4190 ne
2262 4136 2619 4190 discesserisa
2646 4152 2747 4190 me.
2778 4132 3034 4190 Privatus
3077 4134 3221 4188 enim
3270 4149 3392 4188 sum
3431 4143 3743 4204 opportuno

2166 4228 2317 4283 omni
2351 4227 2578 4294 auxilio,
2614 4236 2669 4283 et
2703 4234 2757 4283 te
2789 4226 2966 4283 solum
2992 4225 3296 4295 adjutorem
3346 4241 3410 4281 ac
3457 4226 3742 4284 custodem

2169 4323 2363 4376 habeo.

555 4411 830 4478 Πριίσχες
858 4410 945 4474 είς
974 4407 1090 4474 τὴν
1112 4407 1409 4475 ,βοήθειάν
1426 4426 1569 4479 μου,
1608 4408 1784 4477 Κύριε
1809 4411 1918 4479 τῆς
1944 4425 2061 4465 σω-

2245 4414 2402 4468 Veas.
2432 4413 2521 4469 9‘5.
2562 4412 2779 4468 Intende
2804 4413 2859 4466 in
2914 4413 3241 4483 adjutorium
3300 4429 3491 4482 meum,
3528 4413 3747 4468 Domine

485 4504 696 4569 τηρίας
715 4520 857 4571 μου.
897 4501 1297 4574 Ἐπιμελήθητι
1332 4503 1433 4570 τῆς
1476 4503 1734 4573 βοηθείας
1778 4523 1902 4576 μου.
1973 4506 2061 4571 ἐξ·

485 4597 750 4651 ουσιαστά
804 4596 902 4666 τῆς
938 4596 1079 4666 ἐμῆς
1113 4595 1278 4665 ζωῆς.
1299 4597 1461 4650 ’Δλλά
1486 4599 1663 4653 ταῦτα
1684 4601 1784 4669 μὲν
1808 4601 1950 4655 κατὰ
1966 4602 2065 4671 τὴν

486 4688 728 4757 ἱστορίαν
747 4688 960 4757 ⁴ἥρμοσε
998 4685 1079 4757 τῷ
1114 4686 1294 4741 Δαῆίδ
1319 4687 1549 4757 ἁρμόζει
1591 4691 1646 4743 δὲ
1672 4693 1763 4745 καὶ
1789 4695 1923 4747 πᾶσι
1953 4696 2065 4757 τοῖς

486 4783 547 4834 ὲν
585 4780 902 4851 ἁμαρτίαις,
951 4779 1039 4847 ἐφ’
1065 4770 1140 4833 ὧν
1187 4779 1373 4858 φίλους
1409 4786 1503 4833 καὶ
1530 4781 1758 4851 πλησίον
1815 4785 2064 4852 εἴποιμεν

489 4875 557 4928 ἂν
593 4875 718 4936 τοὺς
750 4873 991 4942 ἀγαθοὺς
1035 4874 1331 4942 ἀγγέλους,
1388 4873 1440 4927 οἳ
1483 4874 1768 4945 χαίροντες
1808 4878 1901 4929 ἐπὶ
1950 4879 2065 4939 τοῖς

491 4965 921 5037 κατορθώμασιν
951 4965 1129 5036 ἡμῶν,
1158 4965 1253 5019 καὶ
1308 4964 1673 5034 φυλάττοντες
1712 4967 1881 5037 ἡμᾶς,
1916 4970 2064 5020 ὲπει-

489 5058 588 5112 ὂάν
620 5059 804 5113 ἴδωσιν
834 5059 1287 5128 ἁμαρτήσαντας,
1319 5057 1552 5111 ἐνώπιον
1595 5056 1759 5126 ἡμῶν
1812 5057 2064 5129 ἔρχονται

489 5153 587 5204 καὶ
618 5152 867 5205 ἵστανται
895 5150 1295 5218 ατυγνάζοντες
1329 5166 1343 5180 ·
1408 5152 1503 5205 καὶ
1556 5149 1786 5218 ἔγγιστα
1847 5152 2064 5222 πρῶτον

488 5243 664 5306 ὄντες,
694 5241 921 5309 ὕστερον
974 5240 1367 5311 μακρύνονται,
1390 5240 1480 5294 διὰ
1513 5242 1612 5312 τὴν
1650 5240 1919 5296 δυσωδίαν
1964 5242 2064 5312 τῆς

495 5332 797 5401 ἁμαρτίας.
829 5331 1030 5384 Λοιπὸν
1056 5330 1111 5383 δὲ
1140 5330 1189 5382 oi
1217 5330 1443 5400 πονηροὶ
1472 5329 1726 5403 δαίμονες
1780 5331 2063 5395 ἐκϐιάζον-

488 5442 582 5477 ται
630 5426 777 5494 qua;
812 5426 891 5487 είς
922 5426 1140 5493 χείρονα
1167 5423 1506 5492 πταίσματα,
1548 5425 1639 5477 καὶ
1693 5424 1947 5479 λαλοῦσιν
2004 5429 2063 5481 ἐν

489 5517 606 5577 τοῖς
633 5516 767 5568 ὠσὶν
793 5514 954 5583 ἡμῶν
994 5514 1220 5583 ἀφανῶς
1253 5513 1445 5581 λόγους
1486 5514 1751 5583 ματαίους
1780 5518 1874 5569 καὶ
1924 5517 2064 5586 φαύ-

494 5607 642 5669 λους,
674 5607 763 5659 καὶ
797 5607 980 5669 δόλους
1011 5607 1144 5675 ἡμῖν
1163 5604 1667 5669 κατασκευάζουσιν
1693 5620 1710 5636 ⁸
1764 5608 1812 5659 οί
1871 5607 1927 5660 δὲ
1964 5608 2064 5676 τὴν

491 5697 654 5769 νῆψιν
699 5698 795 5751 τοῦ
858 5698 1022 5753 Δαὸὶδ
1074 5698 1535 5768 ἀπομιμούμενοι,
1587 5696 1775 5767 βύουσι
1830 5696 1900 5752 τὰ
1948 5692 2062 5753 ὦτα

2172 4504 2310 4558 Dens
2343 4505 2535 4557 salutis
2586 4521 2735 4561 metu.
2777 4506 2944 4573 Cura,
2995 4505 3195 4575 inquit,
3266 4514 3325 4560 ut
3387 4506 3615 4573 adjuves
3681 4519 3745 4561 ac

2168 4600 2372 4654 tuearis
2398 4614 2517 4664 me;
2550 4609 2598 4653 te
2622 4598 2770 4661 dico,
2793 4599 2847 4652 in
2872 4598 3032 4666 cujus
3062 4607 3334 4668 potestate
3356 4607 3439 4655 est
3459 4601 3566 4653 vita
3598 4615 3738 4655 mea.

2167 4691 2231 4745 Et
2271 4692 2387 4745 haec
2416 4690 2637 4759 quidem
2674 4689 2819 4744 dicta
2844 4699 2975 4744 sunt
3005 4689 3161 4759 juxta
3194 4691 3437 4746 historiae
3463 4707 3685 4748 sensum
3722 4712 3736 4746 :

2162 4780 2319 4849 juxta
2377 4795 2539 4848 quem
2597 4779 3003 4835 accommodari
3047 4791 3280 4851 possunt
3334 4783 3500 4838 verba
3544 4784 3739 4853 psalmi

2168 4872 2328 4926 beato
2377 4869 2568 4925 David.
2635 4870 2949 4940 Congrucre
2995 4888 3125 4930 vero
3184 4873 3349 4930 etiam
3418 4884 3597 4946 potest
3654 4876 3743 4929 hic

2168 4963 2415 5032 psalmus
2446 4962 2706 5018 omnibus
2742 4962 2997 5021 ﬁdelibus
3036 4965 3126 5035 qui
3187 4968 3241 5021 in
3299 4968 3543 5036 peccatis
3609 4981 3743 5019 con-

2167 5054 2347 5110 atituti
2381 5063 2529 5109 sunt.
2563 5052 2727 5108 Juxta
2781 5068 2944 5124 quem
2995 5070 3218 5112 sensum
3274 5072 3370 5125 per
3426 5056 3635 5110 amicos
3690 5064 3743 5106 ct

2167 5145 2451 5215 proximos
2484 5145 2710 5215 angelos
2742 5146 2918 5202 bonos
2943 5146 3207 5218 intelligo,
3268 5148 3361 5217 qui
3420 5145 3742 5201 custodiunt

2168 5251 2290 5299 nos,
2325 5245 2379 5292 et
2405 5237 2583 5292 laetari
2632 5251 2696 5291 ac
2727 5238 2966 5309 gaudere
3015 5240 3202 5294 solent
3248 5239 3302 5291 in
3355 5237 3422 5293 iis
3485 5237 3741 5291 omnibus

2167 5344 2286 5399 quae
2307 5345 2403 5400 per
2425 5330 2684 5385 virtutem
2709 5345 2737 5383 a
2765 5330 2925 5385 nobis
2938 5329 3431 5393 administrantur;
3455 5337 3508 5381 et
3524 5335 3740 5393 contra,

2166 5420 2384 5490 quoties
2410 5435 2511 5476 nos
2537 5435 2765 5490 peccare
2800 5422 3057 5483 viderint,
3081 5418 3309 5475 veniunt
3327 5428 3379 5473 et
3428 5420 3741 5477 consistunt

2169 5528 2356 5569 coram
2413 5512 2574 5569 nobis
2601 5513 2788 5569 tristes
2818 5527 2883 5567 ac
2918 5512 3140 5578 morati;
3176 5520 3232 5565 et
3286 5512 3462 5581 primo
3520 5516 3742 5585 quidem

2168 5606 2398 5676 propius
2434 5607 2704 5661 assistunt
2732 5621 2748 5672 ;
2780 5603 2980 5659 deinde
3005 5619 3137 5659 vero
3169 5603 3239 5660 ob
3293 5620 3509 5671 gravem
3548 5624 3741 5677 peccac

2169 5706 2351 5753 torum
2384 5698 2646 5753 oleutiam
2676 5712 2707 5751 a
2738 5696 2898 5752 nobis
2928 5695 3203 5752 absistunt
3251 5713 3263 5750 :
3300 5698 3445 5754 unde
3501 5707 3743 5765 postmo-
