4114 6208
453 271 558 330 M3
1693 259 2077 320 EUTHYMll
2105 253 2472 317 ZIGABENI
3609 231 3710 296 444

453 400 572 436 rum
607 398 664 434 διε
690 381 832 432 novit
871 395 884 442 ;
912 390 1174 441 ιιιιειιιιιειι,
1199 377 1342 445 quod
1370 377 1605 446 ignorat,
1639 386 1840 443 quanta
1869 376 2050 429 futura
2095 376 2165 429 sit
2193 375 2306 428 haec
2327 370 2574 442 paucitas
2605 364 2904 431 temporis:
2934 373 2986 416 et
3007 362 3128 415 ideo
3151 360 3282 414 alibi
3329 359 3489 412 e‘iam
3534 357 3668 409 dicit
3696 365 3711 400 τ

454 477 782 528 Pancitalem
840 474 1044 524 dierum
1084 489 1314 525 meorum
1394 472 1584 524 nuntia
1660 471 1785 523 mihi
1807 472 1847 534 ⁶;
1904 479 1960 524 et
2009 471 2111 524 hoc
2153 477 2252 531 est,
2289 466 2434 536 quod
2492 463 2546 517 in
2599 459 2852 530 praesenti
2888 457 3050 511 etiam
3105 451 3578 524 signiﬁcarisihia
3609 449 3715 503 ilco

451 571 627 635 cupit.
660 566 928 617 Modicum
958 574 1223 632 prmterea
1254 562 1361 615 diei
1413 571 1587 631 potest
1619 561 1722 615 hoc
1756 561 2024 630 reliquum
2068 561 2194 613 vita:
2248 556 2534 625 temporis,
2593 552 2657 605 ad
2693 547 3163 619 comparationem
3238 545 3351 614 jam
3425 552 3716 596 transactus

456 665 601 715 vitze.
660 661 796 713 Illud
851 668 1111 729 pra-terea
1184 676 1289 712 non
1316 658 1675 711 omittendum
1725 657 1880 723 duxi,
1913 656 2060 726 quod
2099 655 2288 715 dictio.
2340 669 2475 714 ecce,
2521 649 2836 703 adverbium
2877 653 2982 707 est,
3023 655 3078 698 ct
3135 643 3451 712 frequenter
3485 639 3554 693 ab
3611 639 3721 690 He-

454 751 615 804 braris
669 758 966 818 usurpatur
1003 767 1016 814 ;
1051 760 1211 817 atque
1249 754 1329 816 (ut
1379 749 1431 800 in
1473 749 1792 802 universum
1868 748 2067 819 diram)
2147 755 2241 800 aut
2293 742 2498 812 aliquid
2560 741 2920 798 demonstrat.
2977 746 3072 789 aut
3135 736 3442 802 proximum
3505 740 3719 796 tempus

456 849 643 904 notat;
674 842 840 909 priori
873 841 1055 904 modo,
1079 840 1165 892 hic
1205 840 1442 892 sumitur
1470 856 1484 904 ;
1518 839 1691 893 altero
1717 839 1843 893 alibi
1905 855 2065 893 usum
2109 837 2260 890 vides
2294 833 2620 901 PrOphetam
2651 830 2704 882 in
2729 829 2838 882 illis
2861 827 3082 882 verbis:
3113 824 3469 886 Pertransivi,
3529 832 3578 875 et
3604 836 3721 875 εστι

455 950 560 987 non
583 937 756 990 erat'.
790 954 807 986 ι
847 934 1000 998 Quod
1038 935 1178 987 idem
1206 934 1308 988 sibi
1347 932 1482 998 vult,
1517 949 1579 987 ac
1604 935 1647 986 si
1681 935 1946 989 dixisset:
1978 933 2042 989 Et
2082 939 2266 988 statim
2301 931 2365 983 ad
2397 929 2626 982 nihilum
2649 925 2900 978 redactus
2919 931 3024 977 est.

533 1049 600 1102 Et
626 1049 899 1100 subtantia
934 1064 1050 1100 mea
1086 1049 1239 1116 quasi
1267 1048 1490 1102 nihilum
1528 1067 1704 1102 coram
1737 1059 1805 1102 te.
1843 1049 1954 1102 lloc
1984 1050 2039 1102 in
2071 1036 2115 1088 Α

460 1146 581 1198 loco
604 1143 793 1209 incipit
827 1143 1001 1209 palam
1027 1143 1228 1202 facere,
1255 1144 1396 1209 ι’μιοιί
1433 1143 1593 1195 exilis
1650 1155 1702 1195 et
1739 1143 1949 1212 fragilis
1979 1143 2052 1196 sit

464 1238 701 1290 humana
729 1244 948 1296 natura,
979 1245 1031 1288 et
1055 1236 1130 1289 ait
1161 1246 1174 1286 :
1208 1235 1521 1288 Substantia
1561 1252 1699 1294 mea,
1740 1251 1833 1288 seu
1864 1250 2052 1287 essen-

468 1331 542 1381 tia
573 1343 715 1390 mea,
749 1327 849 1380 hoc
881 1335 989 1386 est,
1016 1341 1115 1393 ego
1144 1327 1257 1392 ipse
1285 1342 1404 1380 sum
1431 1329 1584 1394 quasi
1627 1327 1879 1389 nihilum,
1912 1327 1956 1379 si
1986 1324 2051 1378 ad

467 1421 861 1473 beatitudinem
899 1427 951 1471 et
982 1418 1343 1470 a'ternitatem
1405 1429 1553 1470 tuan".
1590 1401 1745 1471 fuero
1768 1432 2055 1486 compara-

472 1519 584 1562 tus.
623 1509 698 1562 Ita
746 1510 890 1562 enim
934 1507 1227 1576 significat.
1273 1510 1418 1574 quod
1470 1509 1547 1560 ait
1585 1521 1597 1559 :
1634 1507 1828 1562 Coram
1870 1519 1938 1561 te.
1976 1507 2053 1560 Tu

465 1606 637 1665 enim,
682 1613 735 1655 ut
766 1602 890 1654 alibi
921 1603 1016 1662 ait,
1051 1601 1188 1652 idem
1218 1601 1328 1665 ipse
1349 1616 1424 1663 es,
1461 1611 1505 1653 et
1542 1601 1670 1652 anni
1697 1602 1774 1652 tui
1799 1617 1900 1654 non
1924 1601 2057 1667 deﬁ-

469 1697 627 1756 cient,
658 1711 748 1762 ego
777 1705 947 1746 autem
981 1695 1294 1744 immutatus
1323 1709 1464 1751 sum,
1504 1702 1556 1745 et
1606 1707 1702 1760 pro
1737 1708 1861 1760 rege
1901 1692 2054 1746 exsul

470 1786 650 1840 factus
677 1802 691 1850 ;
715 1796 762 1838 et
789 1787 897 1838 dies
931 1786 1029 1837 mei
1059 1786 1192 1837 sicut
1228 1785 1414 1836 umbra
1438 1794 1754 1853 prwtereunt
1774 1787 1816 1838 ⁸.

547 1955 716 2010 Vens.
753 1955 803 2009 7.
851 1953 1220 2008 Verumtamen
1277 1954 1523 2007 universa
1575 1954 1803 2007 vanitas.
1855 1953 2058 2007 Dictio-

474 2065 597 2102 nem
628 2055 989 2100 verumtamen
1036 2046 1259 2115 quidam
1296 2046 1385 2099 hic
1416 2048 1747 2115 superﬂuam
1779 2062 1900 2102 esse
1936 2047 2058 2116 opi-

477 2147 717 2204 nantur;
753 2138 844 2190 alii
901 2152 1032 2190 vero
1079 2139 1312 2206 positam
1351 2152 1475 2192 esse
1529 2140 1720 2192 dicunt
1761 2153 1860 2208 pro
1903 2149 2058 2193 certe.

475 2232 611 2285 Cum
689 2228 1168 2284 animadvertisset
1220 2229 1388 2298 igitur
1442 2231 1637 2286 beatus
1692 2230 1885 2294 David,
1939 2246 2061 2298 quae

480 2321 748 2386 majorum
808 2335 1032 2374 suorum
1096 2328 1344 2388 tempore
1377 2320 1520 2374 facta
1566 2321 1804 2382 fuerant,
1851 2327 1905 2373 et
1941 2335 2061 2388 quae

481 2421 620 2464 tunc
671 2412 939 2480 temporis
1001 2410 1212 2476 ﬁerent,
1270 2413 1452 2465 omnia
1501 2413 1742 2466 vanitate
1765 2412 2064 2478 lal‘escere,

481 2506 585 2557 hoc
616 2512 720 2568 est,
753 2503 1148 2558 incertitndine
1190 2511 1245 2558 et
1306 2503 1666 2558 instabilitale
1697 2518 1909 2556 summa
1940 2517 2067 2556 con-

478 2603 648 2658 stare,
721 2594 885 2648 veluti
932 2609 1086 2663 Opes,
1147 2595 1398 2665 gloriam,
1447 2593 1698 2663 imperia,
1753 2593 2062 2661 juventam,

482 2686 972 2754 pulchritudinem,
1008 2687 1173 2750 vires,
1211 2697 1265 2741 et
1300 2687 1402 2740 alia
1426 2685 1770 2754 hujusmodi,
1811 2683 2067 2754 [senten-

483 2779 611 2832 tiam
646 2795 800 2834 suam
827 2780 1127 2834 universali
1148 2780 1252 2832 hoc
1277 2794 1532 2834 sermone
1557 2778 1792 2848 posteris
1811 2785 2064 2831 testatum

2093 2371 2142 2430 B

2215 1045 2320 1098 Καὶ
2358 1045 2394 1110 ἡ
2415 1041 2758 1103 ὑπόστασίς
2778 1055 2917 1106 μου.
2943 1036 3082 1088 ὡσεὶ
3108 1035 3289 1087 οὐδὲν
3311 1034 3566 1087 ἐνώπιόν
3583 1050 3722 1089 σοι’.

2167 1135 2447 1187 Ἐντεῦθεν
2510 1133 2739 1202 ἄρχεται
2788 1129 3067 1198 φαυλίζειν
3122 1128 3182 1180 τὸ
3224 1127 3324 1196 τῆς
3378 1126 3724 1194 ἀνθρωπίνης

2159 1230 2374 1294 φύσεως
2428 1223 2766 1296 πρόσκαιρον
2798 1222 2891 1274 καὶ
2940 1221 3237 1289 ἐπίκηρονο
3277 1224 3411 1288 φησὶ
3442 1219 3546 1286 γὰρ
3579 1218 3660 1269 ὅτι
3691 1219 3725 1286 ἡ

2156 1317 2460 1379 ὑπόστασίς
2521 1333 2645 1383 μου,
2694 1313 2974 1366 τουτέστιν
3021 1314 3054 1382 ἡ
3088 1311 3329 1382 ’ὑπαρξίς
3364 1327 3488 1379 μου,
3521 1310 3547 1362 ὃ
3578 1311 3727 1360 ἐστιν

2154 1410 2294 1472 ὅλος,
2327 1408 2460 1459 ὡσεὶ
2503 1407 2656 1459 οὐδέν
2709 1407 2824 1475 ειμι
2868 1404 3005 1473 πρὸς
3050 1405 3151 1472 τὴν
3213 1403 3311 1470 σὴν
3351 1401 3732 1470 μακαριότητα

2159 1505 2252 1553 καὶ
2279 1501 2580 1566 ἀῖδιότητα.
2628 1497 2800 1549 Τοῦτο
2848 1497 2958 1564 γὰρ
3005 1493 3264 1563 σημαίνει
3310 1491 3392 1550 τὸ.
3440 1490 3733 1543 Ἑνώπιόν

2160 1609 2297 1645 σου.
2342 1589 2424 1642 Σὺ
2474 1589 2572 1658 μὲν
2631 1587 2740 1657 γὰρ
2796 1589 2827 1640 ό
2857 1583 3041 1650 αὐτὸς
3071 1581 3144 1648 εἶ,
3202 1583 3404 1637 καὶτὰ
3449 1583 3551 1645 ἐτη
3591 1598 3731 1644 σου,

2158 1684 2342 1751 φησὶν,
2378 1682 2489 1733 οὐκ
2516 1680 2912 1746 ἐκλείψουσιν
2932 1693 2945 1706 υ
2974 1674 3089 1742 ἐγὼ
3113 1673 3181 1726 δὲ
3223 1674 3572 1740 ἠλλοίωμαι,
3628 1690 3733 1738 φυ-

2158 1773 2262 1840 γὰς
2287 1772 2454 1834 αὐτὸς
2492 1770 2761 1841 βασιλέως
2795 1769 3124 1839 γενόμενος’
3152 1766 3248 1819 καὶ
3272 1769 3328 1818 αὶ
3370 1765 3586 1832 ἡμέραι
3614 1780 3732 1831 μου

2160 1863 2303 1917 ὡσεί
2333 1862 2478 1916 σκιὰ
2502 1862 2864 1930 παράγουσι.

2230 1955 2406 2021 Πλὴν
2456 1953 2527 2006 τὰ
2573 1955 2898 2022 σύμπαντα
2924 1954 3272 2021 ματαιότης.
3313 1951 3385 2002 Τὸ
3435 1950 3608 2014 Πλὴν
3646 1951 3731 1999 ἐν·

2164 2045 2338 2098 ταῦοα
2391 2047 2649 2114 περιττόν
2712 2060 2855 2104 τινες
2905 2044 3166 2111 ἐνόμισαν
3193 2057 3206 2070 ·
3237 2042 3284 2092 οἱ
3320 2040 3375 2092 δέ
3404 2058 3588 2106 φασιν,
3617 2041 3738 2092 ἀντὶ

2160 2136 2256 2190 τοῦ
2297 2137 2515 2205 ἀληθῶς
2555 2134 2770 2187 κεῖσθαι
2805 2134 2984 2186 τοῦτο.
3033 2133 3265 2186 Ἀπιδὼν
3300 2129 3439 2184 οὗνὸ
3471 2133 3632 2183 Δαῦὶδ
3661 2131 3739 2192 εἷς

2163 2246 2219 2280 τε
2249 2228 2377 2290 τοὺς
2423 2229 2683 2290 παλαιοὺς
2720 2228 2814 2278 καὶ
2845 2227 2925 2290 εἰς
2954 2225 3021 2277 τὰ
3054 2226 3174 2278 καθ’
3215 2225 3426 2284 ἑαυτὸν,
3484 2226 3576 2275 καὶ
3612 2240 3740 2274 σκε-

2167 2320 2413 2390 ψάμενος
2458 2321 2540 2373 ὅτι
2602 2319 2891 2387 ἀνώμαλος
2927 2320 2955 2370 ό
2993 2318 3105 2386 βίος
3129 2318 3222 2370 καὶ
3249 2318 3475 2379 ἄπιστος
3502 2315 3743 2382 ἀποφαί-

2170 2428 2341 2472 νεται,
2378 2414 2458 2464 ὅτι
2492 2413 2560 2464 τὰ
2613 2412 2915 2478 σύμπαντα
2959 2410 3176 2477 ἀληθῶς
3210 2410 3529 2478 ματαιότης,
3555 2407 3743 2460 τουτέο

2171 2520 2290 2556 στιν
2317 2503 2572 2567 ἀϐέϐαια,
2601 2503 2699 2557 καὶ⁵
2726 2502 2980 2567 πλοῦτος,
3013 2505 3107 2556 καί
3132 2501 3280 2566 δόξα,
3302 2502 3394 2553 καὶ
3421 2502 3630 2568 νεότης,
3648 2501 3748 2552 καὶ

2167 2595 2384 2659 κάλλος,
2425 2599 2520 2648 καὶ
2551 2597 2800 2665 μέγεθος,
2827 2596 2922 2649 καὶ
2956 2596 3138 2666 ῥώμη,
3183 2597 3278 2648 καὶ
3311 2596 3494 2657 ἁπλῶς
3521 2596 3620 2647 ὅσα
3653 2596 3747 2646 ἁν-

2167 2688 2417 2759 θρώπινα
2461 2688 2662 2756 ἀγαθά.
2713 2689 2881 2758 Δῆλον
2909 2689 2964 2741 δὲ
2992 2689 3075 2741 ὃτι
3100 2687 3167 2740 τὰ
3197 2687 3541 2756 πνευματικὰ
3566 2687 3750 2754 ἀγαθά

2166 2778 2536 2850 διαφερόντως
2564 2779 2944 2849 ὑπεξῄρηνται
2983 2777 3085 2847 τῆς
3115 2777 3368 2846 τοιαύτης
3398 2778 3747 2844 ἀποφάσεως.

483 2875 727 2947 reliquit]
761 2892 870 2946 quo
903 2887 1085 2930 tamen
1122 2890 1226 2929 non
1277 2875 1446 2928 animi
1491 2874 1681 2937 dotes,
1739 2872 1809 2926 ob
1843 2887 2116 2926 summam
2189 2889 2378 2929 earum
2443 2877 2879 2939 excellentiam,
2936 2874 3030 2931 scd
3103 2874 3354 2943 corporis
3422 2881 3632 2924 tantum
3694 2872 3751 2924 et

487 2974 727 3026 fortuna:
756 2972 894 3025 bona
931 2972 1218 3039 complecti
1239 2969 1536 3036 intelligas.

559 3065 744 3118 Omnis
765 3064 916 3116 homo
938 3064 1133 3118 vivens.
1165 3065 1280 3119 Hoc
1311 3073 1417 3131 est,
1443 3065 1682 3117 humana
1717 3062 1897 3117 omnis
1927 3062 2061 3116 vita.

487 3153 588 3208 Est
614 3161 796 3206 autem
830 3153 918 3206 hic
952 3155 1148 3208 modus
1181 3155 1438 3223 loquendi
1471 3153 1710 3208 Hebraeis
1747 3153 2066 3222 peculiaris,

486 3243 642 3313 juxta
669 3243 801 3297 illud
838 3254 852 3297 ἱ
889 3243 1074 3298 Omnis
1124 3245 1278 3298 homo
1324 3247 1549 3299 mendax
1572 3247 1616 3310 θ,
1662 3259 1783 3312 pro,
1822 3244 2067 3296 llumana

490 3335 674 3390 onmis
697 3335 880 3405 opinio
915 3333 1071 3388 falsa.
1102 3335 1292 3389 Omnis
1320 3336 1482 3404 igitur
1517 3336 1752 3390 humana
1781 3335 1890 3387 vita
1916 3333 2070 3386 vani-

493 3434 579 3480 tas
607 3436 712 3490 εει,
765 3424 911 3493 quod
942 3424 1006 3476 ad
1040 3425 1399 3493 praecedentis
1442 3423 1699 3478 versiculi
1743 3423 2074 3478 declaratio-

494 3529 617 3568 nem
647 3513 901 3581 pertinet.
929 3513 1034 3566 Per
1081 3514 1374 3566 humanam
1410 3528 1539 3567 vero
1569 3513 1760 3576 vitam,
1794 3513 2071 3564 carnalem

497 3605 746 3675 intelligit
771 3613 824 3658 et
859 3604 1086 3675 spiritus
1116 3616 1420 3675 expertem.

577 3693 770 3749 Verum
823 3697 874 3749 in
931 3696 1160 3765 imagine
1192 3699 1479 3764 pertransit
1528 3697 1704 3751 homo.
1744 3696 2068 3761 lliclionem,

497 3804 699 3852 verum,
744 3786 846 3840 hoc
879 3787 932 3839 in
965 3787 1086 3840 loco
1119 3789 1232 3857 pari
1275 3789 1436 3842 modo
1462 3789 1644 3856 posuit
1680 3804 1775 3857 pro
1803 3805 1947 3852 vere,
1978 3803 2072 3841 seu

498 3888 669 3933 certe.
701 3878 766 3932 In
802 3879 1028 3947 imagine
1062 3889 1266 3941 autem,
1305 3879 1408 3933 hoc
1455 3889 1559 3942 esl,
1597 3882 1772 3933 instar
1802 3878 2077 3945 imaginis.

500 3969 636 4024 Nam
671 3971 1128 4038 quemadmodum
1161 3971 1372 4040 depicta
1411 3971 1588 4040 imago
1625 3973 1827 4024 nullam
1865 3970 1931 4022 de
1963 3969 2085 4036 pul-

503 4057 822 4111 chritudine
867 4073 967 4111 sua
997 4067 1092 4111 aut
1141 4059 1208 4112 de
1239 4061 1486 4113 colorum
1525 4061 1806 4120 varietate,
1847 4067 1940 4111 aut
1975 4059 2082 4110 alia

504 4149 823 4218 hujusmodi
874 4165 931 4204 re
979 4151 1325 4204 commodum
1375 4151 1539 4218 capit,
1571 4150 1641 4203 ita
1674 4149 1880 4202 nullum
1922 4150 2084 4204 homo

508 4242 574 4294 ah
606 4242 843 4296 humana
891 4241 1148 4296 felicitate
1185 4241 1421 4296 fructum
1449 4241 1710 4309 decerpit.
1743 4241 1836 4295 Vel
1877 4242 1930 4295 in
1950 4243 2088 4294 ima.-

510 4339 647 4403 gine,
691 4334 743 4388 id
774 4343 880 4399 est,
907 4336 957 4388 in
987 4335 1178 4388 umbra
1208 4351 1222 4399 ;
1273 4342 1494 4404 propter
1538 4334 1898 4390 humanarum
1935 4335 2088 4390 vide-

507 4425 636 4481 licet
673 4441 854 4482 rerum
887 4427 1340 4480 inconstantiam.

590 4517 960 4571 Verumtamen
992 4518 1196 4587 frustra
1223 4518 1590 4572 conturbatur.
1619 4550 1688 4560 —
1717 4519 2088 4574 Verumtamen

510 4610 601 4663 hic
623 4611 806 4679 posuit
841 4626 961 4678 pro,
1008 4609 1310 4666 Caeterum.
1350 4608 1507 4676 Quod
1554 4612 1824 4680 reliquum
1867 4619 1974 4675 est,
2003 4609 2090 4664 in-

511 4699 649 4768 quit,
697 4698 896 4754 frustra
920 4699 1081 4754 homo
1116 4700 1378 4770 fatigatur
1427 4709 1482 4754 et
1535 4700 1878 4756 distrahitur.

588 4789 937 4844 Thesaurizat
975 4801 1026 4846 et
1077 4794 1284 4863 ignorat
1345 4794 1431 4846 cui
1485 4793 1819 4863 congregabit
1869 4809 1953 4846 ea.
2001 4791 2088 4857 Et,

512 4881 658 4952 quod
688 4884 929 4937 omnium
956 4883 1404 4938 molestissimum
1437 4893 1541 4948 est,
1568 4885 1838 4940 hacredem
1869 4901 1976 4940 non
2011 4886 2093 4940 di-

511 4971 728 5042 gnoscit
778 4985 936 5025 suum
1007 4982 1023 5024 :
1087 4987 1210 5026 cum
1283 4975 1568 5044 angustias
1625 4984 1679 5029 et
1748 4975 1963 5030 labores
2029 4977 2085 5029 in

2243 3057 2367 3125 Πᾶς
2397 3060 2696 3128 ἅνθρωπος
2736 3058 2866 3119 ζῶν.
2921 3058 3069 3112 Ἀντὶ
3099 3059 3212 3121 τοῦ,
3249 3059 3405 3112 Πᾶσα
3430 3049 3746 3128 ἀνθρωπίνη

2175 3152 2309 3223 ζωή·
2345 3155 2526 3222 σχῆμα
2559 3153 2614 3204 δὲ
2633 3154 2726 3206 καὶ
2751 3153 2911 3205 τοῦτο
2931 3155 3032 3220 τῆς
3073 3151 3356 3224 Ἑϐραῖδος
3389 3154 3574 3221 φωνῆς
3606 3151 3748 3218 (42y

2177 3244 2514 3312 Ἀνθρωπος
2540 3247 2814 3311 ψεύστης
2839 3288 2851 3308 ,
2889 3248 3012 3298 ἀντὶ
3059 3246 3175 3310 τοῦ,
3238 3248 3390 3298 Πᾶσα
3436 3245 3748 3314 ἀνθρωπίνη

2177 3334 2326 3399 δόξα,
2395 3336 2616 3403 ψευδής.
2668 3337 2825 3389 Πᾶσα
2883 3333 2998 3399 οὖν,
3038 3338 3226 3405 φησὶν,
3288 3335 3602 3404 ἀνθρωπίνη
3639 3333 3752 3403 ζωὴ

2181 3426 2502 3495 ματαιότης.
2542 3425 3046 3495 Ἐφερμηνευτικὸν
3069 3426 3126 3478 δὲ
3155 3422 3312 3478 τοῦτο
3335 3426 3451 3487 τοῦ,
3504 3425 3582 3476 Τὰ
3614 3424 3754 3492 σύμ-

2180 3535 2358 3571 παντα
2392 3519 2708 3587 ματαιότης.
2755 3519 3135 3588 Ἀνθρωπίνην
3170 3519 3224 3570 δὲ
3259 3519 3403 3587 ζωὴν
3463 3518 3610 3584 λέγει
3654 3517 3756 3584 τὴν

2184 3608 2480 3679 σαρκικὴν,
2513 3608 2628 3660 ἀλλ’
2656 3609 2714 3660 οὐ
2737 3608 2834 3677 τὴν
2869 3610 3265 3678 πνευματικήν.

2247 3702 2465 3754 Μέντοι
2487 3719 2551 3769 γε
2589 3702 2658 3753 ἐν
2681 3701 2866 3754 εικόνι
2893 3700 3304 3767 διαπορεύεται
3319 3699 3646 3766 ἅνθρωπος.
3683 3699 3758 3750 Τὸ

2182 3791 2396 3844 Mereor
2428 3807 2512 3858 γε,
2538 3790 2632 3844 καὶ
2651 3789 2712 3842 τὸ
2746 3789 2960 3843 Μενοῦν
2990 3807 3076 3858 γε,
3107 3789 3168 3842 τὸ
3197 3790 3364 3852 ὅντως
3392 3790 3610 3859 δηλοῦσι
3640 3807 3652 3821 ·
3697 3792 3759 3842 τὸ

2182 3881 2258 3943 δὲ,
2303 3881 2405 3934 ‘Er
2424 3881 2636 3946 εἰκόνι,
2668 3882 2787 3933 ἀντὶ
2820 3881 2935 3946 τοῦ,
2964 3882 3131 3949 Δίκην
3159 3881 3364 3943 εἰκόνος
3387 3881 3511 3950 βιοῖ.
3543 3882 3760 3949 Ὠσπερ

2183 3973 2294 4042 γὰρ
2350 3973 2448 4042 τὴν
2494 3973 2889 4042 γεγραμμένην
2925 3973 3109 4025 εἰκόνα
3143 3972 3294 4024 οὐδὲν
3319 3971 3518 4041 ὠφελεῖ
3556 3971 3618 4023 τὸ
3650 3971 3762 4022 ἀπὸ

2185 4063 2293 4115 τῶν
2325 4064 2635 4132 χρωμάτων
2664 4063 2883 4127 καλλος,
2910 4063 2942 4132 ἢ
2979 4063 3280 4132 μέγεθος,ἢ
3313 4064 3411 4116 ὅσα
3443 4065 3508 4115 ὲκ
3529 4063 3759 4125 τούτων,

2188 4150 2360 4213 οὕτως
2391 4153 2511 4206 οὐδὲ
2541 4154 2631 4205 τὸν
2659 4153 2944 4222 ἄνθρωπον
2976 4153 3220 4221 ὀνίνησιν
3249 4153 3612 4223 ὴάνθρωπίνη
3658 4171 3763 4222 μα-

2188 4243 2476 4312 καριότης.
2513 4245 2584 4296 Ἢ
2629 4245 2732 4298 Ἐν
2756 4244 2964 4310 εἰκόνι,
2989 4245 3112 4297 ἀντὶ
3142 4244 3259 4307 τοῦ,
3293 4245 3380 4297 Ἐν
3415 4247 3564 4316 σκιᾷ,
3594 4245 3678 4298 διὰ
3702 4247 3762 4297 τὸ

2187 4333 2296 4387 τῶν
2327 4336 2682 4404 ἀνθρωπίνων
2710 4337 3056 4406 πραγμάτων
3090 4335 3376 4394 ἀϐέϐαιον.

2261 4521 2436 4586 Πλὴν
2490 4519 2692 4586 μάτην
2752 4518 3138 4587 ταράσσεται.
3180 4517 3506 4571 Τὸὲνταῦθα
3570 4516 3762 4583 Πλὴν,

2191 4611 2313 4666 ἀντί⁷
2341 4611 2435 4664 τοῦ
2481 4611 2700 4673 Λοιπὸν,
2725 4613 2926 4665 κεῖται.
2960 4609 3178 4679 Μάτην,
3217 4611 3406 4680 φησὶν,
3438 4608 3768 4676 ἀγωνίζεται

2193 4703 2290 4758 καὶ
2313 4720 2379 4755 πε
2391 4703 2673 4773 ρισπᾶται.

2267 4794 2636 4863 Θησαυρίζει,
2663 4795 2761 4848 καὶ
2790 4796 2862 4849 οὐ
2880 4793 3158 4862 γινώσκει
3177 4794 3292 4846 τίνι
3316 4791 3567 4856 συνάξει
3593 4809 3628 4844 ιι
3639 4792 3764 4844 uni.

2194 4889 2308 4944 Καὶ
2335 4888 2394 4941 τὸ
2423 4887 2828 4959 χαλεπώτερον,
2869 4888 2947 4942 ὅτι
2986 4887 3117 4957 περὶ
3168 4884 3436 4955 συλλογὴν
3471 4885 3773 4955 χρημάτων

2196 4982 2736 5053 ταλαιπωρούμενος,
2788 4981 2907 5034 οὐδὲ
2957 4981 3050 5032 τὸν
3082 4979 3422 5048 κληρονόμον
3455 4973 3645 5030 ἑαυτοῦ
3691 4994 3768 5043 για

512 5063 879 5131 congerendis
941 5063 1152 5118 divitiis
1217 5079 1327 5118 non
1388 5065 1692 5120 mediocres
1751 5066 1821 5120 sit
1879 5081 2068 5135 passus

2198 5077 2417 5129 νὼσκει.
2475 5075 2582 5126 Καὶ
2625 5075 2657 5144 ὴ
2711 5073 2810 5142 μὲν
2829 5070 3088 5143 συντριόὴ
3136 5066 3228 5124 τοῦ
3266 5068 3597 5138 συνάγοντός
3632 5068 3771 5132 ἐστι,

515 5154 730 5210 fructus
760 5155 977 5210 demum
1031 5167 1085 5210 ct
1131 5156 1417 5212 commoda
1441 5158 1600 5212 alteri
1643 5166 1697 5214 et
1740 5159 1926 5229 ignoto
1977 5159 2084 5213 ha:-

512 5247 634 5303 redi
664 5248 900 5318 reponit.

592 5425 614 5458 ⁶
649 5424 794 5481 Psal.
825 5442 900 5490 cr,
935 5426 1024 5482 24.
1101 5428 1120 5459 ⁷
1153 5425 1297 5481 Psal.
1355 5442 1542 5492 χχχιιι,
1605 5427 1696 5484 35.

1773 5426 1794 5458 ο
1830 5424 1975 5480 Psal.
2010 5440 2084 5492 Cl,
2111 5423 2202 5477 es.

2193 5166 2252 5222 τὸ
2284 5166 2340 5218 δὲ
2372 5165 2584 5235 κέρδος,
2620 5163 2804 5217 ἄλλου.

2280 5426 2299 5456 ⁸
2330 5423 2474 5480 Psal.
2507 5439 2632 5493 ειν,
2676 5425 2764 5478 Η.

1835 5567 2031 5629 Variae
2059 5567 2388 5631 lectiones.

601 5691 713 5764 (42)
740 5693 1060 5750 ΔεΙιΙειιὼιιῐι
1100 5698 1332 5754 fortasse
1368 5697 1505 5752 κατὰ
1531 5697 1608 5764 τι,
1648 5698 1727 5753 vel
1763 5697 1834 5762 ὡς
1869 5696 1952 5751 τό.
