  <div class='ocr_page' id='page_1' title='image "/cluster/home/n/w/nwhite01/storage/ocr_20150623/128/hvd.32044073502403/228.png"; bbox 0 0 4114 6208; ppageno 0'>
   <div class='ocr_carea' id='block_1_1' title="bbox 504 345 609 406">
    <p class='ocr_par' dir='ltr' id='par_1_1' title="bbox 504 345 609 406">
     <span class='ocr_line' id='line_1_1' title="bbox 504 345 609 406; baseline -0.01 -1"><span class='ocrx_word' id='word_1_1' title='bbox 504 345 609 406; x_wconf 69' lang='grc'><strong>445</strong></span> 
     </span>
    </p>
   </div>
   <div class='ocr_carea' id='block_1_2' title="bbox 1654 326 2559 403">
    <p class='ocr_par' dir='ltr' id='par_1_2' title="bbox 1654 326 2559 403">
     <span class='ocr_line' id='line_1_2' title="bbox 1654 326 2559 403; baseline -0.001 0"><span class='ocrx_word' id='word_1_2' title='bbox 1654 342 2045 403; x_wconf 60' lang='lat' dir='ltr'><strong>connexa.</strong></span> <span class='ocrx_word' id='word_1_3' title='bbox 2082 326 2164 399; x_wconf 67' lang='grc' dir='ltr'><strong>[Ν</strong></span> <span class='ocrx_word' id='word_1_4' title='bbox 2205 341 2559 402; x_wconf 82' lang='lat' dir='ltr'><strong>PSALMOS.</strong></span> 
     </span>
    </p>
   </div>
   <div class='ocr_carea' id='block_1_3' title="bbox 3631 340 3735 401">
    <p class='ocr_par' dir='ltr' id='par_1_3' title="bbox 3631 340 3735 401">
     <span class='ocr_line' id='line_1_3' title="bbox 3631 340 3735 401; baseline 0.01 -2"><span class='ocrx_word' id='word_1_5' title='bbox 3631 340 3735 401; x_wconf 70' lang='lat' dir='ltr'><strong><em>U6</em></strong></span> 
     </span>
    </p>
   </div>
   <div class='ocr_carea' id='block_1_4' title="bbox 573 453 2076 524">
    <p class='ocr_par' dir='ltr' id='par_1_4' title="bbox 573 453 2064 524">
     <span class='ocr_line' id='line_1_4' title="bbox 573 453 2064 524; baseline -0.003 -12"><span class='ocrx_word' id='word_1_6' title='bbox 573 456 680 512; x_wconf 84' lang='lat' dir='ltr'><strong>Kal</strong></span> <span class='ocrx_word' id='word_1_7' title='bbox 730 456 865 519; x_wconf 85' lang='grc' dir='ltr'>νῦν,</span> <span class='ocrx_word' id='word_1_8' title='bbox 897 456 988 521; x_wconf 82' lang='grc' dir='ltr'>τίς</span> <span class='ocrx_word' id='word_1_9' title='bbox 1036 457 1074 522; x_wconf 77' lang='grc' dir='ltr'>ἡ</span> <span class='ocrx_word' id='word_1_10' title='bbox 1121 453 1397 524; x_wconf 77' lang='grc' dir='ltr'>ὑπομονή</span> <span class='ocrx_word' id='word_1_11' title='bbox 1442 472 1599 523; x_wconf 82' lang='grc' dir='ltr'>μου;</span> <span class='ocrx_word' id='word_1_12' title='bbox 1628 457 1765 523; x_wconf 80' lang='grc' dir='ltr'>οὐχὶ</span> <span class='ocrx_word' id='word_1_13' title='bbox 1813 454 2064 523; x_wconf 76' lang='grc' dir='ltr'>Κύριος;</span> 
     </span>
    </p>
   </div>
   <div class='ocr_carea' id='block_1_5' title="bbox 2178 453 3734 524">
    <p class='ocr_par' dir='ltr' id='par_1_5' title="bbox 2243 453 3734 522">
     <span class='ocr_line' id='line_1_5' title="bbox 2243 453 3734 522; baseline 0.003 -17"><span class='ocrx_word' id='word_1_14' title='bbox 2243 453 2406 509; x_wconf 77' lang='lat' dir='ltr'><strong>Vens.</strong></span> <span class='ocrx_word' id='word_1_15' title='bbox 2433 455 2485 507; x_wconf 90' lang='lat'><strong>8.</strong></span> <span class='ocrx_word' id='word_1_16' title='bbox 2547 457 2613 507; x_wconf 83' lang='lat' dir='ltr'><strong>Et</strong></span> <span class='ocrx_word' id='word_1_17' title='bbox 2645 469 2805 517; x_wconf 83' lang='lat' dir='ltr'><strong>nunc,</strong></span> <span class='ocrx_word' id='word_1_18' title='bbox 2834 467 2951 522; x_wconf 74' lang='lat' dir='ltr'><strong>quae</strong></span> <span class='ocrx_word' id='word_1_19' title='bbox 3001 455 3320 522; x_wconf 67' lang='lat' dir='ltr'><strong>exspectatio</strong></span> <span class='ocrx_word' id='word_1_20' title='bbox 3362 470 3476 507; x_wconf 87' lang='lat' dir='ltr'><strong>mea</strong></span> <span class='ocrx_word' id='word_1_21' title='bbox 3499 456 3527 509; x_wconf 77' lang='lat'><strong>.’</strong></span> <span class='ocrx_word' id='word_1_22' title='bbox 3562 471 3734 510; x_wconf 86' lang='lat' dir='ltr'><strong>nonne</strong></span> 
     </span>
    </p>
   </div>
   <div class='ocr_carea' id='block_1_6' title="bbox 503 548 2063 616">
    <p class='ocr_par' dir='ltr' id='par_1_6' title="bbox 503 548 2063 616">
     <span class='ocr_line' id='line_1_6' title="bbox 503 548 2063 616; baseline -0.003 -11"><span class='ocrx_word' id='word_1_23' title='bbox 503 551 610 605; x_wconf 84' lang='lat' dir='ltr'><strong>Kal.</strong></span> <span class='ocrx_word' id='word_1_24' title='bbox 689 548 875 601; x_wconf 80' lang='grc' dir='ltr'>λοιπὸν</span> <span class='ocrx_word' id='word_1_25' title='bbox 925 549 1131 602; x_wconf 79' lang='grc' dir='ltr'>τούτων</span> <span class='ocrx_word' id='word_1_26' title='bbox 1183 549 1356 611; x_wconf 74' lang='grc' dir='ltr'>οὕτως</span> <span class='ocrx_word' id='word_1_27' title='bbox 1409 549 1663 616; x_wconf 74' lang='grc' dir='ltr'>ἐχόντων.</span> <span class='ocrx_word' id='word_1_28' title='bbox 1713 548 1798 611; x_wconf 78' lang='grc' dir='ltr'><strong>τίς</strong></span> <span class='ocrx_word' id='word_1_29' title='bbox 1837 552 1869 616; x_wconf 81' lang='grc' dir='ltr'><strong>ἡ</strong></span> <span class='ocrx_word' id='word_1_30' title='bbox 1911 550 2063 612; x_wconf 73' lang='grc' dir='ltr'>ἐλπίς</span> 
     </span>
    </p>
   </div>
   <div class='ocr_carea' id='block_1_7' title="bbox 505 639 2067 711">
    <p class='ocr_par' dir='ltr' id='par_1_7' title="bbox 505 639 2067 711">
     <span class='ocr_line' id='line_1_7' title="bbox 505 639 2067 711; baseline 0 -18"><span class='ocrx_word' id='word_1_31' title='bbox 505 656 642 710; x_wconf 74' lang='grc' dir='ltr'>μου,</span> <span class='ocrx_word' id='word_1_32' title='bbox 702 641 824 709; x_wconf 68' lang='grc' dir='ltr'>οὐχ).</span> <span class='ocrx_word' id='word_1_33' title='bbox 870 641 1068 711; x_wconf 76' lang='grc' dir='ltr'>Κύριος</span> <span class='ocrx_word' id='word_1_34' title='bbox 1125 642 1323 711; x_wconf 77' lang='grc' dir='ltr'>μόνοςς</span> <span class='ocrx_word' id='word_1_35' title='bbox 1363 639 1502 695; x_wconf 77' lang='grc' dir='ltr'>Κατ’</span> <span class='ocrx_word' id='word_1_36' title='bbox 1563 639 1830 710; x_wconf 78' lang='grc' dir='ltr'><strong>ἐρώτησιν</strong></span> <span class='ocrx_word' id='word_1_37' title='bbox 1872 640 1927 692; x_wconf 81' lang='grc' dir='ltr'><strong>δὲ</strong></span> <span class='ocrx_word' id='word_1_38' title='bbox 1976 640 2067 693; x_wconf 83' lang='grc' dir='ltr'>τὸν</span> 
     </span>
    </p>
   </div>
   <div class='ocr_carea' id='block_1_8' title="bbox 504 733 1112 802">
    <p class='ocr_par' dir='ltr' id='par_1_8' title="bbox 504 733 1112 802">
     <span class='ocr_line' id='line_1_8' title="bbox 504 733 1112 802; baseline 0.007 -17"><span class='ocrx_word' id='word_1_39' title='bbox 504 733 687 802; x_wconf 76' lang='grc' dir='ltr'>στίχον</span> <span class='ocrx_word' id='word_1_40' title='bbox 714 735 1112 800; x_wconf 75' lang='grc' dir='ltr'><strong>ἀναγνωστέον.</strong></span> 
     </span>
    </p>
   </div>
   <div class='ocr_carea' id='block_1_9' title="bbox 572 905 2067 981">
    <p class='ocr_par' dir='ltr' id='par_1_9' title="bbox 572 905 2067 981">
     <span class='ocr_line' id='line_1_9' title="bbox 572 905 2067 981; baseline 0.005 -22"><span class='ocrx_word' id='word_1_41' title='bbox 572 905 684 960; x_wconf 75' lang='lat' dir='ltr'><strong>Kal</strong></span> <span class='ocrx_word' id='word_1_42' title='bbox 714 909 751 975; x_wconf 79' lang='grc' dir='ltr'>ἡ</span> <span class='ocrx_word' id='word_1_43' title='bbox 783 911 1121 974; x_wconf 79' lang='grc' dir='ltr'>ὑπόστασίς</span> <span class='ocrx_word' id='word_1_44' title='bbox 1174 929 1294 979; x_wconf 81' lang='grc' dir='ltr'><strong>μου</strong></span> <span class='ocrx_word' id='word_1_45' title='bbox 1329 910 1487 977; x_wconf 75' lang='grc' dir='ltr'>παρὰ</span> <span class='ocrx_word' id='word_1_46' title='bbox 1526 912 1645 965; x_wconf 86' lang='grc' dir='ltr'>σοῦ</span> <span class='ocrx_word' id='word_1_47' title='bbox 1686 912 1818 966; x_wconf 83' lang='grc' dir='ltr'>ἐστι</span> <span class='ocrx_word' id='word_1_48' title='bbox 1842 951 1857 964; x_wconf 94' lang='grc'><strong>.</strong></span> <span class='ocrx_word' id='word_1_49' title='bbox 1898 913 2007 966; x_wconf 70' lang='grc' dir='ltr'><strong>Καὶ</strong></span> <span class='ocrx_word' id='word_1_50' title='bbox 2034 914 2067 981; x_wconf 80' lang='grc' dir='ltr'>ἡ</span> 
     </span>
    </p>
   </div>
   <div class='ocr_carea' id='block_1_10' title="bbox 505 996 2070 1071">
    <p class='ocr_par' dir='ltr' id='par_1_10' title="bbox 505 996 2070 1071">
     <span class='ocr_line' id='line_1_10' title="bbox 505 996 2070 1071; baseline 0.003 -21"><span class='ocrx_word' id='word_1_51' title='bbox 505 997 736 1067; x_wconf 78' lang='grc' dir='ltr'>ὒπαρξίς</span> <span class='ocrx_word' id='word_1_52' title='bbox 772 1016 892 1068; x_wconf 84' lang='grc' dir='ltr'>μου,</span> <span class='ocrx_word' id='word_1_53' title='bbox 924 1000 1068 1067; x_wconf 82' lang='grc' dir='ltr'>λέγω</span> <span class='ocrx_word' id='word_1_54' title='bbox 1096 1001 1153 1054; x_wconf 80' lang='grc' dir='ltr'><strong>δὲ</strong></span> <span class='ocrx_word' id='word_1_55' title='bbox 1186 1002 1319 1054; x_wconf 65' lang='grc' dir='ltr'>αὐτό</span> <span class='ocrx_word' id='word_1_56' title='bbox 1359 1002 1421 1053; x_wconf 77' lang='grc' dir='ltr'>τὸ</span> <span class='ocrx_word' id='word_1_57' title='bbox 1467 1002 1604 1064; x_wconf 75' lang='grc' dir='ltr'>ὅλως</span> <span class='ocrx_word' id='word_1_58' title='bbox 1642 996 1786 1054; x_wconf 70' lang='grc' dir='ltr'>εἶναι</span> <span class='ocrx_word' id='word_1_59' title='bbox 1825 1019 1913 1071; x_wconf 74' lang='grc' dir='ltr'><strong>με,</strong></span> <span class='ocrx_word' id='word_1_60' title='bbox 1961 1002 2070 1055; x_wconf 74' lang='grc' dir='ltr'>ἀπὸ</span> 
     </span>
    </p>
   </div>
   <div class='ocr_carea' id='block_1_11' title="bbox 507 1086 2066 1159">
    <p class='ocr_par' dir='ltr' id='par_1_11' title="bbox 507 1086 2066 1159">
     <span class='ocr_line' id='line_1_11' title="bbox 507 1086 2066 1159; baseline 0.005 -22"><span class='ocrx_word' id='word_1_61' title='bbox 507 1086 603 1138; x_wconf 76' lang='grc' dir='ltr'>σοῦ</span> <span class='ocrx_word' id='word_1_62' title='bbox 631 1088 764 1140; x_wconf 76' lang='grc' dir='ltr'>ἐστι.</span> <span class='ocrx_word' id='word_1_63' title='bbox 796 1089 887 1140; x_wconf 79' lang='grc' dir='ltr'><strong>Διὸ</strong></span> <span class='ocrx_word' id='word_1_64' title='bbox 914 1091 1201 1158; x_wconf 76' lang='grc' dir='ltr'>φρόντισον</span> <span class='ocrx_word' id='word_1_65' title='bbox 1229 1090 1323 1144; x_wconf 80' lang='grc' dir='ltr'>τοῦ</span> <span class='ocrx_word' id='word_1_66' title='bbox 1370 1089 1461 1143; x_wconf 79' lang='grc' dir='ltr'>σοῦ</span> <span class='ocrx_word' id='word_1_67' title='bbox 1491 1086 1830 1157; x_wconf 81' lang='grc' dir='ltr'>πλάσματος,</span> <span class='ocrx_word' id='word_1_68' title='bbox 1861 1091 2066 1159; x_wconf 83' lang='grc' dir='ltr'>εὐγνω-</span> 
     </span>
    </p>
   </div>
   <div class='ocr_carea' id='block_1_12' title="bbox 510 1182 1735 1255">
    <p class='ocr_par' dir='ltr' id='par_1_12' title="bbox 510 1182 1735 1255">
     <span class='ocr_line' id='line_1_12' title="bbox 510 1182 1735 1255; baseline 0.006 -23"><span class='ocrx_word' id='word_1_69' title='bbox 510 1182 688 1248; x_wconf 85' lang='grc' dir='ltr'>μόνως</span> <span class='ocrx_word' id='word_1_70' title='bbox 711 1182 1166 1249; x_wconf 76' lang='grc' dir='ltr'>ἐπιγινώσκοντος</span> <span class='ocrx_word' id='word_1_71' title='bbox 1189 1185 1281 1237; x_wconf 74' lang='grc' dir='ltr'><strong>τὸν</strong></span> <span class='ocrx_word' id='word_1_72' title='bbox 1310 1185 1439 1238; x_wconf 72' lang='grc' dir='ltr'>[διον</span> <span class='ocrx_word' id='word_1_73' title='bbox 1470 1186 1735 1255; x_wconf 70' lang='grc' dir='ltr'>πλάστην.</span> 
     </span>
    </p>
   </div>
   <div class='ocr_carea' id='block_1_13' title="bbox 576 1260 2066 1347">
    <p class='ocr_par' dir='ltr' id='par_1_13' title="bbox 576 1260 2066 1347">
     <span class='ocr_line' id='line_1_13' title="bbox 576 1260 2066 1347; baseline 0.004 -22"><span class='ocrx_word' id='word_1_74' title='bbox 576 1273 718 1325; x_wconf 75' lang='grc' dir='ltr'><strong>Ἀπὸ</strong></span> <span class='ocrx_word' id='word_1_75' title='bbox 772 1260 988 1327; x_wconf 72' lang='grc' dir='ltr'>πασῶν</span> <span class='ocrx_word' id='word_1_76' title='bbox 1041 1274 1161 1327; x_wconf 84' lang='grc' dir='ltr'>τῶν</span> <span class='ocrx_word' id='word_1_77' title='bbox 1209 1278 1471 1344; x_wconf 76' lang='grc' dir='ltr'><strong>ἀνομιῶν</strong></span> <span class='ocrx_word' id='word_1_78' title='bbox 1506 1295 1626 1345; x_wconf 81' lang='grc' dir='ltr'><strong>μου</strong></span> <span class='ocrx_word' id='word_1_79' title='bbox 1663 1280 1849 1346; x_wconf 78' lang='grc' dir='ltr'>ῥύσαι</span> <span class='ocrx_word' id='word_1_80' title='bbox 1875 1296 1971 1347; x_wconf 79' lang='grc' dir='ltr'><strong>με.</strong></span> <span class='ocrx_word' id='word_1_81' title='bbox 2000 1280 2066 1333; x_wconf 79' lang='lat' dir='ltr'><strong>Ai</strong></span> 
     </span>
    </p>
   </div>
   <div class='ocr_carea' id='block_1_14' title="bbox 508 1362 2069 1434">
    <p class='ocr_par' dir='ltr' id='par_1_14' title="bbox 508 1362 2069 1434">
     <span class='ocr_line' id='line_1_14' title="bbox 508 1362 2069 1434; baseline 0.005 -21"><span class='ocrx_word' id='word_1_82' title='bbox 508 1363 727 1430; x_wconf 77' lang='grc' dir='ltr'><strong>ἀνομίαι</strong></span> <span class='ocrx_word' id='word_1_83' title='bbox 759 1362 868 1431; x_wconf 84' lang='grc' dir='ltr'><strong>γὰρ</strong></span> <span class='ocrx_word' id='word_1_84' title='bbox 914 1362 1181 1427; x_wconf 77' lang='grc' dir='ltr'><strong>ἐπάγουσι</strong></span> <span class='ocrx_word' id='word_1_85' title='bbox 1227 1366 1354 1427; x_wconf 84' lang='grc' dir='ltr'>τοὺς</span> <span class='ocrx_word' id='word_1_86' title='bbox 1396 1366 1736 1434; x_wconf 80' lang='grc' dir='ltr'>πειρασμούς</span> <span class='ocrx_word' id='word_1_87' title='bbox 1762 1383 1779 1398; x_wconf 74' lang='grc' dir='ltr'><strong>ο</strong></span> <span class='ocrx_word' id='word_1_88' title='bbox 1808 1368 1929 1421; x_wconf 78' lang='grc' dir='ltr'>ὅθεν</span> <span class='ocrx_word' id='word_1_89' title='bbox 1959 1369 2069 1421; x_wconf 81' lang='grc' dir='ltr'><strong>τῶν</strong></span> 
     </span>
    </p>
   </div>
   <div class='ocr_carea' id='block_1_15' title="bbox 509 1452 2070 1528">
    <p class='ocr_par' dir='ltr' id='par_1_15' title="bbox 509 1452 2070 1528">
     <span class='ocr_line' id='line_1_15' title="bbox 509 1452 2070 1528; baseline 0.006 -24"><span class='ocrx_word' id='word_1_90' title='bbox 509 1452 695 1505; x_wconf 78' lang='grc' dir='ltr'>αἰτίων</span> <span class='ocrx_word' id='word_1_91' title='bbox 755 1452 1135 1521; x_wconf 86' lang='grc' dir='ltr'>ἀπαλλαγῆναι</span> <span class='ocrx_word' id='word_1_92' title='bbox 1189 1456 1514 1524; x_wconf 74' lang='grc' dir='ltr'>παρακαλεῖ.</span> <span class='ocrx_word' id='word_1_93' title='bbox 1573 1458 1643 1509; x_wconf 87' lang='grc' dir='ltr'>Ἣ</span> <span class='ocrx_word' id='word_1_94' title='bbox 1692 1457 1786 1510; x_wconf 83' lang='grc' dir='ltr'><strong>καὶ</strong></span> <span class='ocrx_word' id='word_1_95' title='bbox 1838 1459 2070 1528; x_wconf 82' lang='grc' dir='ltr'>ἀνομίας</span> 
     </span>
    </p>
   </div>
   <div class='ocr_carea' id='block_1_16' title="bbox 505 1543 2071 1616">
    <p class='ocr_par' dir='ltr' id='par_1_16' title="bbox 505 1543 2071 1616">
     <span class='ocr_line' id='line_1_16' title="bbox 505 1543 2071 1616; baseline 0.008 -23"><span class='ocrx_word' id='word_1_96' title='bbox 505 1543 780 1609; x_wconf 75' lang='grc' dir='ltr'><strong>τροπικῶς</strong></span> <span class='ocrx_word' id='word_1_97' title='bbox 803 1543 958 1596; x_wconf 81' lang='grc' dir='ltr'>καλεί</span> <span class='ocrx_word' id='word_1_98' title='bbox 988 1546 1112 1606; x_wconf 77' lang='grc' dir='ltr'>τοὺς</span> <span class='ocrx_word' id='word_1_99' title='bbox 1133 1547 1492 1616; x_wconf 80' lang='grc' dir='ltr'>πειρασμοὺς,</span> <span class='ocrx_word' id='word_1_100' title='bbox 1520 1548 1628 1600; x_wconf 75' lang='grc' dir='ltr'>ἀπὸ</span> <span class='ocrx_word' id='word_1_101' title='bbox 1656 1549 1766 1603; x_wconf 84' lang='grc' dir='ltr'><strong>τῶν</strong></span> <span class='ocrx_word' id='word_1_102' title='bbox 1791 1550 1978 1603; x_wconf 76' lang='grc' dir='ltr'>αἰτίων</span> <span class='ocrx_word' id='word_1_103' title='bbox 2002 1551 2071 1605; x_wconf 75' lang='grc' dir='ltr'>τὰ</span> 
     </span>
    </p>
   </div>
   <div class='ocr_carea' id='block_1_17' title="bbox 504 1633 739 1687">
    <p class='ocr_par' dir='ltr' id='par_1_17' title="bbox 504 1633 739 1687">
     <span class='ocr_line' id='line_1_17' title="bbox 504 1633 739 1687; baseline 0 -1"><span class='ocrx_word' id='word_1_104' title='bbox 504 1633 739 1687; x_wconf 71' lang='grc' dir='ltr'>αἱτιατά.</span> 
     </span>
    </p>
   </div>
   <div class='ocr_carea' id='block_1_18' title="bbox 571 1725 2067 1801">
    <p class='ocr_par' dir='ltr' id='par_1_18' title="bbox 571 1725 2067 1801">
     <span class='ocr_line' id='line_1_18' title="bbox 571 1725 2067 1801; baseline 0.006 -24"><span class='ocrx_word' id='word_1_105' title='bbox 571 1725 835 1791; x_wconf 78' lang='grc' dir='ltr'>Ὀνειδος</span> <span class='ocrx_word' id='word_1_106' title='bbox 864 1727 1077 1796; x_wconf 66' lang='grc' dir='ltr'>ἄφρονι</span> <span class='ocrx_word' id='word_1_107' title='bbox 1110 1729 1339 1796; x_wconf 77' lang='grc' dir='ltr'><strong>ἔδωκάς</strong></span> <span class='ocrx_word' id='word_1_108' title='bbox 1358 1749 1456 1799; x_wconf 82' lang='grc' dir='ltr'><strong>με.</strong></span> <span class='ocrx_word' id='word_1_109' title='bbox 1499 1730 1590 1801; x_wconf 83' lang='grc' dir='ltr'>Τῷ</span> <span class='ocrx_word' id='word_1_110' title='bbox 1622 1732 1819 1801; x_wconf 76' lang='grc' dir='ltr'>Σεμεεί</span> <span class='ocrx_word' id='word_1_111' title='bbox 1840 1749 1855 1763; x_wconf 76' lang='grc' dir='ltr'><strong>ο</strong></span> <span class='ocrx_word' id='word_1_112' title='bbox 1909 1732 2067 1787; x_wconf 77' lang='grc' dir='ltr'>ὠνεί-</span> 
     </span>
    </p>
   </div>
   <div class='ocr_carea' id='block_1_19' title="bbox 2175 545 3731 616">
    <p class='ocr_par' dir='ltr' id='par_1_19' title="bbox 2175 545 3731 616">
     <span class='ocr_line' id='line_1_19' title="bbox 2175 545 3731 616; baseline -0.001 -14"><span class='ocrx_word' id='word_1_113' title='bbox 2175 549 2473 603; x_wconf 83' lang='lat' dir='ltr'><strong>Dominus?</strong></span> <span class='ocrx_word' id='word_1_114' title='bbox 2497 548 2788 611; x_wconf 62' lang='lat' dir='ltr'><strong>Ca‘ternm,</strong></span> <span class='ocrx_word' id='word_1_115' title='bbox 2822 546 3023 616; x_wconf 89' lang='lat' dir='ltr'><strong>inquit.</strong></span> <span class='ocrx_word' id='word_1_116' title='bbox 3068 545 3233 599; x_wconf 82' lang='lat' dir='ltr'><strong>rebus</strong></span> <span class='ocrx_word' id='word_1_117' title='bbox 3266 547 3345 598; x_wconf 89' lang='lat' dir='ltr'><strong>sic</strong></span> <span class='ocrx_word' id='word_1_118' title='bbox 3382 562 3440 600; x_wconf 89' lang='lat' dir='ltr'><strong>se</strong></span> <span class='ocrx_word' id='word_1_119' title='bbox 3483 546 3731 602; x_wconf 42' lang='lat' dir='ltr'><strong>habentiv</strong></span> 
     </span>
    </p>
   </div>
   <div class='ocr_carea' id='block_1_20' title="bbox 2173 636 3734 709">
    <p class='ocr_par' dir='ltr' id='par_1_20' title="bbox 2173 636 3734 709">
     <span class='ocr_line' id='line_1_20' title="bbox 2173 636 3734 709; baseline 0 -16"><span class='ocrx_word' id='word_1_120' title='bbox 2173 642 2296 706; x_wconf 87' lang='lat' dir='ltr'><strong>bus,</strong></span> <span class='ocrx_word' id='word_1_121' title='bbox 2329 656 2580 707; x_wconf 77' lang='lat' dir='ltr'><strong>quamam</strong></span> <span class='ocrx_word' id='word_1_122' title='bbox 2604 649 2687 693; x_wconf 89' lang='lat' dir='ltr'><strong>est</strong></span> <span class='ocrx_word' id='word_1_123' title='bbox 2716 654 2839 709; x_wconf 86' lang='lat' dir='ltr'><strong>spes</strong></span> <span class='ocrx_word' id='word_1_124' title='bbox 2867 653 3006 696; x_wconf 87' lang='lat' dir='ltr'><strong>mea.</strong></span> <span class='ocrx_word' id='word_1_125' title='bbox 3043 651 3227 690; x_wconf 91' lang='lat' dir='ltr'><strong>nonne</strong></span> <span class='ocrx_word' id='word_1_126' title='bbox 3257 638 3406 691; x_wconf 89' lang='lat' dir='ltr'><strong>solus</strong></span> <span class='ocrx_word' id='word_1_127' title='bbox 3432 636 3734 695; x_wconf 77' lang='lat' dir='ltr'><strong>Dominus?</strong></span> 
     </span>
    </p>
   </div>
   <div class='ocr_carea' id='block_1_21' title="bbox 2167 725 3731 799">
    <p class='ocr_par' dir='ltr' id='par_1_21' title="bbox 2167 725 3731 799">
     <span class='ocr_line' id='line_1_21' title="bbox 2167 725 3731 799; baseline 0 -16"><span class='ocrx_word' id='word_1_128' title='bbox 2167 729 2274 783; x_wconf 84' lang='lat' dir='ltr'><strong>Per</strong></span> <span class='ocrx_word' id='word_1_129' title='bbox 2295 730 2776 799; x_wconf 67' lang='lat' dir='ltr'><strong>interrogationem</strong></span> <span class='ocrx_word' id='word_1_130' title='bbox 2798 738 2977 782; x_wconf 88' lang='lat' dir='ltr'><strong>autem</strong></span> <span class='ocrx_word' id='word_1_131' title='bbox 3005 725 3267 796; x_wconf 82' lang='lat' dir='ltr'><strong>legendus</strong></span> <span class='ocrx_word' id='word_1_132' title='bbox 3282 736 3365 781; x_wconf 87' lang='lat' dir='ltr'><strong>est</strong></span> <span class='ocrx_word' id='word_1_133' title='bbox 3383 727 3471 781; x_wconf 91' lang='lat' dir='ltr'><strong>bic</strong></span> <span class='ocrx_word' id='word_1_134' title='bbox 3492 730 3731 785; x_wconf 72' lang='lat' dir='ltr'><strong>versicu-</strong></span> 
     </span>
    </p>
   </div>
   <div class='ocr_carea' id='block_1_22' title="bbox 2171 819 2877 872">
    <p class='ocr_par' dir='ltr' id='par_1_22' title="bbox 2171 819 2877 872">
     <span class='ocr_line' id='line_1_22' title="bbox 2171 819 2877 872; baseline -0.003 -1"><span class='ocrx_word' id='word_1_135' title='bbox 2171 819 2310 872; x_wconf 82' lang='lat' dir='ltr'><strong>lus.‘</strong></span> <span class='ocrx_word' id='word_1_136' title='bbox 2874 866 2877 869; x_wconf 74' lang='grc'>,</span> 
     </span>
    </p>
   </div>
   <div class='ocr_carea' id='block_1_23' title="bbox 2242 908 3731 972">
    <p class='ocr_par' dir='ltr' id='par_1_23' title="bbox 2242 908 3731 972">
     <span class='ocr_line' id='line_1_23' title="bbox 2242 908 3731 972; baseline 0.001 -11"><span class='ocrx_word' id='word_1_137' title='bbox 2242 908 2310 962; x_wconf 85' lang='grc' dir='ltr'>Ει</span> <span class='ocrx_word' id='word_1_138' title='bbox 2336 910 2633 964; x_wconf 67' lang='lat' dir='ltr'><strong>substantia</strong></span> <span class='ocrx_word' id='word_1_139' title='bbox 2656 926 2770 962; x_wconf 87' lang='lat' dir='ltr'><strong>mea</strong></span> <span class='ocrx_word' id='word_1_140' title='bbox 2800 926 2832 962; x_wconf 91' lang='lat' dir='ltr'><strong>a</strong></span> <span class='ocrx_word' id='word_1_141' title='bbox 2859 920 2904 963; x_wconf 92' lang='lat' dir='ltr'><strong>te</strong></span> <span class='ocrx_word' id='word_1_142' title='bbox 2935 918 3033 964; x_wconf 84' lang='lat' dir='ltr'><strong>est.</strong></span> <span class='ocrx_word' id='word_1_143' title='bbox 3053 910 3119 963; x_wconf 80' lang='lat' dir='ltr'><strong>Et</strong></span> <span class='ocrx_word' id='word_1_144' title='bbox 3140 908 3376 964; x_wconf 88' lang='lat' dir='ltr'><strong>essentia</strong></span> <span class='ocrx_word' id='word_1_145' title='bbox 3397 924 3537 972; x_wconf 83' lang='lat' dir='ltr'><strong>mea,</strong></span> <span class='ocrx_word' id='word_1_146' title='bbox 3560 917 3731 963; x_wconf 88' lang='lat' dir='ltr'><strong>totum</strong></span> 
     </span>
    </p>
   </div>
   <div class='ocr_carea' id='block_1_24' title="bbox 2171 1001 3734 1069">
    <p class='ocr_par' dir='ltr' id='par_1_24' title="bbox 2171 1001 3734 1069">
     <span class='ocr_line' id='line_1_24' title="bbox 2171 1001 3734 1069; baseline 0.001 -15"><span class='ocrx_word' id='word_1_147' title='bbox 2171 1002 2430 1055; x_wconf 85' lang='lat' dir='ltr'><strong>nimirum</strong></span> <span class='ocrx_word' id='word_1_148' title='bbox 2455 1017 2575 1056; x_wconf 83' lang='lat' dir='ltr'><strong>esse</strong></span> <span class='ocrx_word' id='word_1_149' title='bbox 2605 1018 2808 1063; x_wconf 87' lang='lat' dir='ltr'><strong>meum,</strong></span> <span class='ocrx_word' id='word_1_150' title='bbox 2840 1016 2869 1054; x_wconf 91' lang='lat' dir='ltr'><strong>a</strong></span> <span class='ocrx_word' id='word_1_151' title='bbox 2903 1010 2953 1054; x_wconf 90' lang='lat' dir='ltr'><strong>te</strong></span> <span class='ocrx_word' id='word_1_152' title='bbox 2974 1010 3076 1055; x_wconf 85' lang='lat' dir='ltr'><strong>est.</strong></span> <span class='ocrx_word' id='word_1_153' title='bbox 3110 1001 3308 1055; x_wconf 88' lang='lat' dir='ltr'><strong>Curam</strong></span> <span class='ocrx_word' id='word_1_154' title='bbox 3344 1002 3504 1069; x_wconf 81' lang='lat' dir='ltr'><strong>igitur</strong></span> <span class='ocrx_word' id='word_1_155' title='bbox 3537 1001 3734 1055; x_wconf 83' lang='lat' dir='ltr'><strong>habeto</strong></span> 
     </span>
    </p>
   </div>
   <div class='ocr_carea' id='block_1_25' title="bbox 2169 1094 3735 1164">
    <p class='ocr_par' dir='ltr' id='par_1_25' title="bbox 2169 1094 3735 1164">
     <span class='ocr_line' id='line_1_25' title="bbox 2169 1094 3735 1164; baseline 0 -17"><span class='ocrx_word' id='word_1_156' title='bbox 2169 1101 2437 1147; x_wconf 59' lang='lat' dir='ltr'><strong>creatura:</strong></span> <span class='ocrx_word' id='word_1_157' title='bbox 2491 1102 2621 1156; x_wconf 72' lang='grc' dir='ltr'>ιιιιιι,</span> <span class='ocrx_word' id='word_1_158' title='bbox 2678 1109 2799 1163; x_wconf 78' lang='lat' dir='ltr'><strong>qua:</strong></span> <span class='ocrx_word' id='word_1_159' title='bbox 2845 1100 2996 1164; x_wconf 85' lang='lat' dir='ltr'><strong>grata</strong></span> <span class='ocrx_word' id='word_1_160' title='bbox 3056 1102 3238 1147; x_wconf 88' lang='lat' dir='ltr'><strong>mente</strong></span> <span class='ocrx_word' id='word_1_161' title='bbox 3299 1108 3459 1146; x_wconf 90' lang='lat' dir='ltr'><strong>suum</strong></span> <span class='ocrx_word' id='word_1_162' title='bbox 3488 1094 3735 1163; x_wconf 89' lang='lat' dir='ltr'><strong>agnoscit</strong></span> 
     </span>
    </p>
   </div>
   <div class='ocr_carea' id='block_1_26' title="bbox 2170 1189 2851 1257">
    <p class='ocr_par' dir='ltr' id='par_1_26' title="bbox 2170 1189 2851 1257">
     <span class='ocr_line' id='line_1_26' title="bbox 2170 1189 2851 1257; baseline 0.001 -14"><span class='ocrx_word' id='word_1_163' title='bbox 2170 1189 2459 1243; x_wconf 72' lang='lat' dir='ltr'><strong>factorem.</strong></span> <span class='ocrx_word' id='word_1_164' title='bbox 2846 1252 2851 1257; x_wconf 40' lang='grc'><strong>,</strong></span> 
     </span>
    </p>
   </div>
   <div class='ocr_carea' id='block_1_27' title="bbox 2243 1278 3734 1347">
    <p class='ocr_par' dir='ltr' id='par_1_27' title="bbox 2243 1278 3734 1347">
     <span class='ocr_line' id='line_1_27' title="bbox 2243 1278 3734 1347; baseline -0.001 -15"><span class='ocrx_word' id='word_1_165' title='bbox 2243 1279 2408 1333; x_wconf 75' lang='lat' dir='ltr'><strong>Vens.</strong></span> <span class='ocrx_word' id='word_1_166' title='bbox 2440 1281 2493 1334; x_wconf 90' lang='lat'><strong>9.</strong></span> <span class='ocrx_word' id='word_1_167' title='bbox 2521 1279 2596 1333; x_wconf 79' lang='lat' dir='ltr'><strong>Ab</strong></span> <span class='ocrx_word' id='word_1_168' title='bbox 2625 1281 2863 1334; x_wconf 84' lang='lat' dir='ltr'><strong>omnibus</strong></span> <span class='ocrx_word' id='word_1_169' title='bbox 2893 1281 3260 1347; x_wconf 82' lang='lat' dir='ltr'><strong>iniquitatibus</strong></span> <span class='ocrx_word' id='word_1_170' title='bbox 3310 1279 3437 1331; x_wconf 83' lang='lat' dir='ltr'><strong>meis</strong></span> <span class='ocrx_word' id='word_1_171' title='bbox 3467 1278 3606 1344; x_wconf 83' lang='lat' dir='ltr'><strong><em>eripe</em></strong></span> <span class='ocrx_word' id='word_1_172' title='bbox 3634 1292 3734 1331; x_wconf 81' lang='lat' dir='ltr'><strong>me.</strong></span> 
     </span>
    </p>
   </div>
   <div class='ocr_carea' id='block_1_28' title="bbox 2169 1371 3737 1441">
    <p class='ocr_par' dir='ltr' id='par_1_28' title="bbox 2169 1371 3737 1441">
     <span class='ocr_line' id='line_1_28' title="bbox 2169 1371 3737 1441; baseline -0.004 -14"><span class='ocrx_word' id='word_1_173' title='bbox 2169 1373 2494 1441; x_wconf 86' lang='lat' dir='ltr'><strong>iniquitates</strong></span> <span class='ocrx_word' id='word_1_174' title='bbox 2521 1372 2664 1424; x_wconf 89' lang='lat' dir='ltr'><strong>enim</strong></span> <span class='ocrx_word' id='word_1_175' title='bbox 2696 1387 2863 1425; x_wconf 81' lang='lat' dir='ltr'><strong>causa</strong></span> <span class='ocrx_word' id='word_1_176' title='bbox 2918 1388 3041 1425; x_wconf 85' lang='lat' dir='ltr'><strong>esse</strong></span> <span class='ocrx_word' id='word_1_177' title='bbox 3071 1373 3252 1426; x_wconf 90' lang='lat' dir='ltr'><strong>solent</strong></span> <span class='ocrx_word' id='word_1_178' title='bbox 3287 1371 3649 1423; x_wconf 86' lang='lat' dir='ltr'><strong>tentationnm</strong></span> <span class='ocrx_word' id='word_1_179' title='bbox 3682 1378 3737 1422; x_wconf 88' lang='lat' dir='ltr'><strong>et</strong></span> 
     </span>
    </p>
   </div>
   <div class='ocr_carea' id='block_1_29' title="bbox 2170 1460 3736 1533">
    <p class='ocr_par' dir='ltr' id='par_1_29' title="bbox 2170 1460 3736 1533">
     <span class='ocr_line' id='line_1_29' title="bbox 2170 1460 3736 1533; baseline -0.004 -14"><span class='ocrx_word' id='word_1_180' title='bbox 2170 1465 2567 1519; x_wconf 77' lang='lat' dir='ltr'><strong>calamitatum.</strong></span> <span class='ocrx_word' id='word_1_181' title='bbox 2627 1464 2709 1517; x_wconf 79' lang='lat' dir='ltr'><strong>Ab</strong></span> <span class='ocrx_word' id='word_1_182' title='bbox 2751 1463 3060 1531; x_wconf 50' lang='lat' dir='ltr'><strong>hujnsmo&#39;li</strong></span> <span class='ocrx_word' id='word_1_183' title='bbox 3094 1464 3262 1533; x_wconf 79' lang='lat' dir='ltr'><strong>igitur</strong></span> <span class='ocrx_word' id='word_1_184' title='bbox 3312 1476 3478 1515; x_wconf 87' lang='lat' dir='ltr'><strong>causa</strong></span> <span class='ocrx_word' id='word_1_185' title='bbox 3518 1460 3736 1514; x_wconf 82' lang='lat' dir='ltr'><strong>liberari</strong></span> 
     </span>
    </p>
   </div>
   <div class='ocr_carea' id='block_1_30' title="bbox 2169 1549 3738 1621">
    <p class='ocr_par' dir='ltr' id='par_1_30' title="bbox 2169 1549 3738 1621">
     <span class='ocr_line' id='line_1_30' title="bbox 2169 1549 3738 1621; baseline -0.003 -14"><span class='ocrx_word' id='word_1_186' title='bbox 2169 1559 2339 1621; x_wconf 80' lang='lat' dir='ltr'><strong>optat.</strong></span> <span class='ocrx_word' id='word_1_187' title='bbox 2393 1549 2516 1613; x_wconf 77' lang='lat' dir='ltr'><strong>Vel,</strong></span> <span class='ocrx_word' id='word_1_188' title='bbox 2579 1566 2675 1620; x_wconf 86' lang='lat' dir='ltr'><strong>per</strong></span> <span class='ocrx_word' id='word_1_189' title='bbox 2721 1552 3039 1618; x_wconf 87' lang='lat' dir='ltr'><strong>iniquitates</strong></span> <span class='ocrx_word' id='word_1_190' title='bbox 3109 1550 3339 1621; x_wconf 82' lang='lat' dir='ltr'><strong>ﬁgurate</strong></span> <span class='ocrx_word' id='word_1_191' title='bbox 3404 1550 3738 1604; x_wconf 80' lang='lat' dir='ltr'><strong>tentationcs</strong></span> 
     </span>
    </p>
   </div>
   <div class='ocr_carea' id='block_1_31' title="bbox 2170 1640 3208 1710">
    <p class='ocr_par' dir='ltr' id='par_1_31' title="bbox 2170 1640 3208 1710">
     <span class='ocr_line' id='line_1_31' title="bbox 2170 1640 3208 1710; baseline -0.004 -13"><span class='ocrx_word' id='word_1_192' title='bbox 2170 1642 2445 1710; x_wconf 79' lang='lat' dir='ltr'><strong>intelligit.</strong></span> <span class='ocrx_word' id='word_1_193' title='bbox 2469 1642 2635 1695; x_wconf 83' lang='lat' dir='ltr'><strong>veluti</strong></span> <span class='ocrx_word' id='word_1_194' title='bbox 2667 1640 2914 1695; x_wconf 85' lang='lat' dir='ltr'><strong>eﬂ&#39;ectnm</strong></span> <span class='ocrx_word' id='word_1_195' title='bbox 2951 1656 2977 1693; x_wconf 90' lang='lat' dir='ltr'><strong>a</strong></span> <span class='ocrx_word' id='word_1_196' title='bbox 3019 1655 3208 1695; x_wconf 74' lang='lat' dir='ltr'><strong>causa.</strong></span> 
     </span>
    </p>
   </div>
   <div class='ocr_carea' id='block_1_32' title="bbox 2243 1730 3736 1801">
    <p class='ocr_par' dir='ltr' id='par_1_32' title="bbox 2243 1730 3736 1801">
     <span class='ocr_line' id='line_1_32' title="bbox 2243 1730 3736 1801; baseline -0.004 -13"><span class='ocrx_word' id='word_1_197' title='bbox 2243 1731 2595 1801; x_wconf 81' lang='lat' dir='ltr'><strong>Opprabrium</strong></span> <span class='ocrx_word' id='word_1_198' title='bbox 2654 1733 2922 1799; x_wconf 74' lang='lat' dir='ltr'><strong>insipienti</strong></span> <span class='ocrx_word' id='word_1_199' title='bbox 2971 1732 3166 1785; x_wconf 80' lang='lat' dir='ltr'><strong>dedisti</strong></span> <span class='ocrx_word' id='word_1_200' title='bbox 3228 1748 3327 1785; x_wconf 89' lang='lat' dir='ltr'><strong>me.</strong></span> <span class='ocrx_word' id='word_1_201' title='bbox 3385 1730 3490 1800; x_wconf 83' lang='lat' dir='ltr'><strong>ipsi</strong></span> <span class='ocrx_word' id='word_1_202' title='bbox 3556 1730 3736 1785; x_wconf 86' lang='lat' dir='ltr'><strong>Semei</strong></span> 
     </span>
    </p>
   </div>
   <div class='ocr_carea' id='block_1_33' title="bbox 498 1804 2076 1895">
    <p class='ocr_par' dir='ltr' id='par_1_33' title="bbox 498 1814 2068 1895">
     <span class='ocr_line' id='line_1_33' title="bbox 498 1814 2068 1895; baseline 0.008 -29"><span class='ocrx_word' id='word_1_203' title='bbox 498 1814 610 1879; x_wconf 79' lang='grc' dir='ltr'>διζε</span> <span class='ocrx_word' id='word_1_204' title='bbox 657 1817 765 1886; x_wconf 78' lang='grc' dir='ltr'><strong>γὰρ</strong></span> <span class='ocrx_word' id='word_1_205' title='bbox 795 1818 981 1882; x_wconf 76' lang='grc' dir='ltr'>αὐτὸν,</span> <span class='ocrx_word' id='word_1_206' title='bbox 1006 1819 1175 1889; x_wconf 80' lang='grc' dir='ltr'>ἄνδρα</span> <span class='ocrx_word' id='word_1_207' title='bbox 1221 1823 1540 1891; x_wconf 74' lang='grc' dir='ltr'>παράνομον</span> <span class='ocrx_word' id='word_1_208' title='bbox 1571 1825 1663 1876; x_wconf 71' lang='grc' dir='ltr'><strong>καὶ</strong></span> <span class='ocrx_word' id='word_1_209' title='bbox 1707 1825 1879 1895; x_wconf 77' lang='grc' dir='ltr'>ἄνδρα</span> <span class='ocrx_word' id='word_1_210' title='bbox 1904 1826 2068 1893; x_wconf 70' lang='grc' dir='ltr'>αἱμά-</span> 
     </span>
    </p>
   </div>
   <div class='ocr_carea' id='block_1_34' title="bbox 2178 1804 3739 1895">
    <p class='ocr_par' dir='ltr' id='par_1_34' title="bbox 2178 1823 3739 1892">
     <span class='ocr_line' id='line_1_34' title="bbox 2178 1823 3739 1892; baseline -0.001 -15"><span class='ocrx_word' id='word_1_211' title='bbox 2178 1823 2449 1890; x_wconf 86' lang='lat' dir='ltr'><strong>nimirum,</strong></span> <span class='ocrx_word' id='word_1_212' title='bbox 2473 1824 2564 1892; x_wconf 84' lang='lat' dir='ltr'><strong>qni</strong></span> <span class='ocrx_word' id='word_1_213' title='bbox 2585 1839 2669 1877; x_wconf 87' lang='lat' dir='ltr'><strong>me</strong></span> <span class='ocrx_word' id='word_1_214' title='bbox 2690 1824 2950 1876; x_wconf 77' lang='lat' dir='ltr'><strong>conviciis</strong></span> <span class='ocrx_word' id='word_1_215' title='bbox 2976 1824 3227 1891; x_wconf 81' lang='lat' dir='ltr'><strong>impetiit,</strong></span> <span class='ocrx_word' id='word_1_216' title='bbox 3251 1824 3496 1892; x_wconf 87' lang='lat' dir='ltr'><strong>iniquum</strong></span> <span class='ocrx_word' id='word_1_217' title='bbox 3532 1829 3580 1877; x_wconf 87' lang='lat' dir='ltr'><strong>el</strong></span> <span class='ocrx_word' id='word_1_218' title='bbox 3610 1838 3739 1877; x_wconf 85' lang='lat' dir='ltr'><strong>san-</strong></span> 
     </span>
    </p>
   </div>
   <div class='ocr_carea' id='block_1_35' title="bbox 499 1909 2069 1979">
    <p class='ocr_par' dir='ltr' id='par_1_35' title="bbox 499 1909 2069 1979">
     <span class='ocr_line' id='line_1_35' title="bbox 499 1909 2069 1979; baseline 0.006 -22"><span class='ocrx_word' id='word_1_219' title='bbox 499 1924 607 1958; x_wconf 85' lang='grc' dir='ltr'><strong>των</strong></span> <span class='ocrx_word' id='word_1_220' title='bbox 669 1909 980 1962; x_wconf 81' lang='grc' dir='ltr'>ἀποκαλῶν.</span> <span class='ocrx_word' id='word_1_221' title='bbox 1066 1911 1398 1964; x_wconf 83' lang='grc' dir='ltr'>Ἐπανέλαϐε</span> <span class='ocrx_word' id='word_1_222' title='bbox 1433 1912 1491 1965; x_wconf 77' lang='grc' dir='ltr'><strong>δὲ</strong></span> <span class='ocrx_word' id='word_1_223' title='bbox 1552 1913 1643 1965; x_wconf 79' lang='grc' dir='ltr'>τὸν</span> <span class='ocrx_word' id='word_1_224' title='bbox 1670 1914 1849 1979; x_wconf 84' lang='grc' dir='ltr'>λόγον,</span> <span class='ocrx_word' id='word_1_225' title='bbox 1881 1916 1960 1976; x_wconf 73' lang='grc' dir='ltr'>εἰς</span> <span class='ocrx_word' id='word_1_226' title='bbox 1987 1912 2069 1967; x_wconf 80' lang='grc' dir='ltr'><strong>οἶ-</strong></span> 
     </span>
    </p>
   </div>
   <div class='ocr_carea' id='block_1_36' title="bbox 503 1997 2071 2075">
    <p class='ocr_par' dir='ltr' id='par_1_36' title="bbox 503 1997 2071 2075">
     <span class='ocr_line' id='line_1_36' title="bbox 503 1997 2071 2075; baseline 0.004 -28"><span class='ocrx_word' id='word_1_227' title='bbox 503 2012 630 2049; x_wconf 81' lang='grc' dir='ltr'>κτον</span> <span class='ocrx_word' id='word_1_228' title='bbox 651 1999 743 2050; x_wconf 78' lang='grc' dir='ltr'>τὸν</span> <span class='ocrx_word' id='word_1_229' title='bbox 766 1997 1142 2075; x_wconf 67' lang='grc' dir='ltr'>εθσπλαγχνον</span> <span class='ocrx_word' id='word_1_230' title='bbox 1169 1999 1261 2051; x_wconf 84' lang='grc' dir='ltr'><strong>διὰ</strong></span> <span class='ocrx_word' id='word_1_231' title='bbox 1286 2001 1385 2067; x_wconf 85' lang='grc' dir='ltr'>τῆς</span> <span class='ocrx_word' id='word_1_232' title='bbox 1408 1998 1665 2069; x_wconf 77' lang='grc' dir='ltr'>συνεχοῦς</span> <span class='ocrx_word' id='word_1_233' title='bbox 1683 2001 2071 2068; x_wconf 80' lang='grc' dir='ltr'>ὲλεεινολογίας</span> 
     </span>
    </p>
   </div>
   <div class='ocr_carea' id='block_1_37' title="bbox 503 2088 2078 2164">
    <p class='ocr_par' dir='ltr' id='par_1_37' title="bbox 503 2088 2078 2164">
     <span class='ocr_line' id='line_1_37' title="bbox 503 2088 2078 2164; baseline 0.005 -25"><span class='ocrx_word' id='word_1_234' title='bbox 503 2088 907 2158; x_wconf 74' lang='grc' dir='ltr'>ἐπισπώμενος.</span> <span class='ocrx_word' id='word_1_235' title='bbox 926 2089 1206 2154; x_wconf 76' lang='grc' dir='ltr'>Ὀνειδίζει</span> <span class='ocrx_word' id='word_1_236' title='bbox 1225 2090 1320 2143; x_wconf 79' lang='grc' dir='ltr'><strong>καὶ</strong></span> <span class='ocrx_word' id='word_1_237' title='bbox 1352 2094 1380 2144; x_wconf 88' lang='grc' dir='ltr'><strong>ό</strong></span> <span class='ocrx_word' id='word_1_238' title='bbox 1415 2091 1663 2155; x_wconf 84' lang='grc' dir='ltr'>διάϐολος</span> <span class='ocrx_word' id='word_1_239' title='bbox 1686 2094 1799 2156; x_wconf 85' lang='grc' dir='ltr'>τοῖς</span> <span class='ocrx_word' id='word_1_240' title='bbox 1827 2093 2078 2164; x_wconf 78' lang='grc' dir='ltr'>ἡττωμέ-</span> 
     </span>
    </p>
   </div>
   <div class='ocr_carea' id='block_1_38' title="bbox 505 2178 1553 2254">
    <p class='ocr_par' dir='ltr' id='par_1_38' title="bbox 505 2178 1553 2254">
     <span class='ocr_line' id='line_1_38' title="bbox 505 2178 1553 2254; baseline 0.01 -25"><span class='ocrx_word' id='word_1_241' title='bbox 505 2196 617 2241; x_wconf 77' lang='grc' dir='ltr'>νοις</span> <span class='ocrx_word' id='word_1_242' title='bbox 644 2181 737 2232; x_wconf 73' lang='grc' dir='ltr'><strong>ὑπ’</strong></span> <span class='ocrx_word' id='word_1_243' title='bbox 764 2182 929 2234; x_wconf 78' lang='grc' dir='ltr'>αὐτοῦ</span> <span class='ocrx_word' id='word_1_244' title='bbox 954 2181 1055 2251; x_wconf 81' lang='grc' dir='ltr'>τὴν</span> <span class='ocrx_word' id='word_1_245' title='bbox 1077 2183 1334 2253; x_wconf 75' lang='grc' dir='ltr'>τοιαύτην</span> <span class='ocrx_word' id='word_1_246' title='bbox 1361 2178 1553 2254; x_wconf 76' lang='grc' dir='ltr'>ἧτταν.</span> 
     </span>
    </p>
   </div>
   <div class='ocr_carea' id='block_1_39' title="bbox 580 2450 1929 2523">
    <p class='ocr_par' dir='ltr' id='par_1_39' title="bbox 580 2450 1929 2523">
     <span class='ocr_line' id='line_1_39' title="bbox 580 2450 1929 2523; baseline 0.004 -21"><span class='ocrx_word' id='word_1_247' title='bbox 580 2450 956 2518; x_wconf 61' lang='grc' dir='ltr'>Ἔκωρώθην.</span> <span class='ocrx_word' id='word_1_248' title='bbox 976 2450 1170 2517; x_wconf 84' lang='grc' dir='ltr'>Ἐκὼν,</span> <span class='ocrx_word' id='word_1_249' title='bbox 1204 2452 1346 2506; x_wconf 85' lang='grc' dir='ltr'>ὥστε</span> <span class='ocrx_word' id='word_1_250' title='bbox 1381 2452 1457 2523; x_wconf 78' lang='grc' dir='ltr'>μὴ</span> <span class='ocrx_word' id='word_1_251' title='bbox 1483 2452 1705 2507; x_wconf 78' lang='grc' dir='ltr'>ἀκούειν</span> <span class='ocrx_word' id='word_1_252' title='bbox 1728 2454 1929 2508; x_wconf 77' lang='grc' dir='ltr'>δοκεῖν.</span> 
     </span>
    </p>
   </div>
   <div class='ocr_carea' id='block_1_40' title="bbox 574 2629 2073 2703">
    <p class='ocr_par' dir='ltr' id='par_1_40' title="bbox 574 2629 2073 2703">
     <span class='ocr_line' id='line_1_40' title="bbox 574 2629 2073 2703; baseline 0.003 -21"><span class='ocrx_word' id='word_1_253' title='bbox 574 2630 678 2683; x_wconf 74' lang='lat' dir='ltr'><strong>Kal</strong></span> <span class='ocrx_word' id='word_1_254' title='bbox 720 2631 829 2683; x_wconf 82' lang='grc' dir='ltr'><strong>οὐκ</strong></span> <span class='ocrx_word' id='word_1_255' title='bbox 859 2629 1073 2698; x_wconf 75' lang='grc' dir='ltr'>ἤνοιξα</span> <span class='ocrx_word' id='word_1_256' title='bbox 1119 2631 1186 2685; x_wconf 84' lang='grc' dir='ltr'>τὸ</span> <span class='ocrx_word' id='word_1_257' title='bbox 1232 2634 1427 2702; x_wconf 85' lang='grc' dir='ltr'>στόμα</span> <span class='ocrx_word' id='word_1_258' title='bbox 1454 2650 1598 2703; x_wconf 81' lang='grc' dir='ltr'>μου.</span> <span class='ocrx_word' id='word_1_259' title='bbox 1649 2633 1763 2689; x_wconf 77' lang='grc' dir='ltr'><strong>Οὐκ</strong></span> <span class='ocrx_word' id='word_1_260' title='bbox 1816 2636 2073 2688; x_wconf 80' lang='grc' dir='ltr'>ἀντεῖπον</span> 
     </span>
    </p>
   </div>
   <div class='ocr_carea' id='block_1_41' title="bbox 502 2718 897 2784">
    <p class='ocr_par' dir='ltr' id='par_1_41' title="bbox 502 2718 897 2784">
     <span class='ocr_line' id='line_1_41' title="bbox 502 2718 897 2784; baseline 0.005 -11"><span class='ocrx_word' id='word_1_261' title='bbox 502 2721 660 2784; x_wconf 77' lang='grc' dir='ltr'>ὅλως.</span> <span class='ocrx_word' id='word_1_262' title='bbox 884 2718 897 2726; x_wconf 68' lang='grc'><strong>”</strong></span> 
     </span>
    </p>
   </div>
   <div class='ocr_carea' id='block_1_42' title="bbox 576 2813 2071 2885">
    <p class='ocr_par' dir='ltr' id='par_1_42' title="bbox 576 2813 2071 2885">
     <span class='ocr_line' id='line_1_42' title="bbox 576 2813 2071 2885; baseline -0.001 -18"><span class='ocrx_word' id='word_1_263' title='bbox 576 2815 705 2867; x_wconf 83' lang='grc' dir='ltr'>Ὅτι</span> <span class='ocrx_word' id='word_1_264' title='bbox 719 2813 801 2869; x_wconf 87' lang='grc' dir='ltr'>σὺ</span> <span class='ocrx_word' id='word_1_265' title='bbox 816 2814 1134 2881; x_wconf 73' lang='grc' dir='ltr'>ἐποίησας.</span> <span class='ocrx_word' id='word_1_266' title='bbox 1157 2814 1285 2868; x_wconf 87' lang='grc' dir='ltr'>Ὅτι</span> <span class='ocrx_word' id='word_1_267' title='bbox 1302 2815 1365 2867; x_wconf 75' lang='grc' dir='ltr'>σὺ</span> <span class='ocrx_word' id='word_1_268' title='bbox 1384 2813 1720 2885; x_wconf 78' lang='grc' dir='ltr'>προσέταξας</span> <span class='ocrx_word' id='word_1_269' title='bbox 1737 2814 1931 2884; x_wconf 77' lang='grc' dir='ltr'>ἐκεινῳ</span> <span class='ocrx_word' id='word_1_270' title='bbox 1950 2814 2071 2883; x_wconf 76' lang='grc' dir='ltr'>μὲν,</span> 
     </span>
    </p>
   </div>
   <div class='ocr_carea' id='block_1_43' title="bbox 504 2902 2075 2977">
    <p class='ocr_par' dir='ltr' id='par_1_43' title="bbox 504 2902 2075 2977">
     <span class='ocr_line' id='line_1_43' title="bbox 504 2902 2075 2977; baseline -0.001 -18"><span class='ocrx_word' id='word_1_271' title='bbox 504 2905 748 2975; x_wconf 71' lang='grc' dir='ltr'>ὑϐρίζειν</span> <span class='ocrx_word' id='word_1_272' title='bbox 781 2923 879 2977; x_wconf 79' lang='grc' dir='ltr'>με’</span> <span class='ocrx_word' id='word_1_273' title='bbox 912 2907 1127 2973; x_wconf 81' lang='grc' dir='ltr'>Κύριος</span> <span class='ocrx_word' id='word_1_274' title='bbox 1157 2906 1289 2976; x_wconf 75' lang='grc' dir='ltr'>γὰρ,</span> <span class='ocrx_word' id='word_1_275' title='bbox 1344 2907 1529 2975; x_wconf 68' lang='grc' dir='ltr'>φησιν,</span> <span class='ocrx_word' id='word_1_276' title='bbox 1565 2902 1736 2959; x_wconf 79' lang='grc' dir='ltr'>εἶπεν</span> <span class='ocrx_word' id='word_1_277' title='bbox 1782 2905 1942 2970; x_wconf 82' lang='grc' dir='ltr'><strong>αὐτῷ</strong></span> <span class='ocrx_word' id='word_1_278' title='bbox 1966 2922 2075 2958; x_wconf 77' lang='grc' dir='ltr'><strong>κα-</strong></span> 
     </span>
    </p>
   </div>
   <div class='ocr_carea' id='block_1_44' title="bbox 504 2996 2078 3069">
    <p class='ocr_par' dir='ltr' id='par_1_44' title="bbox 504 2996 2078 3069">
     <span class='ocr_line' id='line_1_44' title="bbox 504 2996 2078 3069; baseline 0 -17"><span class='ocrx_word' id='word_1_279' title='bbox 504 2997 784 3068; x_wconf 74' lang='grc' dir='ltr'>κολογεῖν</span> <span class='ocrx_word' id='word_1_280' title='bbox 805 2998 916 3052; x_wconf 79' lang='grc' dir='ltr'>τὸν</span> <span class='ocrx_word' id='word_1_281' title='bbox 930 2997 1139 3052; x_wconf 78' lang='grc' dir='ltr'><strong>Δαϐίδ·</strong></span> <span class='ocrx_word' id='word_1_282' title='bbox 1170 2996 1295 3069; x_wconf 79' lang='grc' dir='ltr'>ἐμοὶ</span> <span class='ocrx_word' id='word_1_283' title='bbox 1320 2997 1399 3065; x_wconf 81' lang='grc' dir='ltr'><strong>δὲ,</strong></span> <span class='ocrx_word' id='word_1_284' title='bbox 1424 2999 1606 3069; x_wconf 83' lang='grc' dir='ltr'>σιγᾷν.</span> <span class='ocrx_word' id='word_1_285' title='bbox 1632 2999 1924 3066; x_wconf 80' lang='grc' dir='ltr'>Ἥμαρτες</span> <span class='ocrx_word' id='word_1_286' title='bbox 1946 2996 2078 3066; x_wconf 75' lang='grc' dir='ltr'>γὰρ,</span> 
     </span>
    </p>
   </div>
   <div class='ocr_carea' id='block_1_45' title="bbox 506 3089 1075 3161">
    <p class='ocr_par' dir='ltr' id='par_1_45' title="bbox 506 3089 1075 3161">
     <span class='ocr_line' id='line_1_45' title="bbox 506 3089 1075 3161; baseline 0 -18"><span class='ocrx_word' id='word_1_287' title='bbox 506 3091 693 3161; x_wconf 61' lang='grc' dir='ltr'>φησιν,</span> <span class='ocrx_word' id='word_1_288' title='bbox 730 3089 1075 3159; x_wconf 73' lang='grc' dir='ltr'>ἡσύχασον.</span> 
     </span>
    </p>
   </div>
   <div class='ocr_carea' id='block_1_46' title="bbox 585 3151 2139 3249">
    <p class='ocr_par' dir='ltr' id='par_1_46' title="bbox 585 3151 2139 3249">
     <span class='ocr_line' id='line_1_46' title="bbox 585 3151 2139 3249; baseline -0.005 -14"><span class='ocrx_word' id='word_1_289' title='bbox 585 3151 957 3247; x_wconf 71' lang='grc' dir='ltr'>Ἀπόστησον</span> <span class='ocrx_word' id='word_1_290' title='bbox 993 3169 1108 3234; x_wconf 76' lang='grc' dir='ltr'>’ἀπ’</span> <span class='ocrx_word' id='word_1_291' title='bbox 1129 3178 1276 3249; x_wconf 79' lang='grc' dir='ltr'>ἐμοῦ</span> <span class='ocrx_word' id='word_1_292' title='bbox 1303 3177 1410 3242; x_wconf 83' lang='grc' dir='ltr'>τὰς</span> <span class='ocrx_word' id='word_1_293' title='bbox 1435 3175 1733 3246; x_wconf 73' lang='grc' dir='ltr'>μάστιγάς</span> <span class='ocrx_word' id='word_1_294' title='bbox 1757 3189 1897 3230; x_wconf 87' lang='grc' dir='ltr'>σου.</span> <span class='ocrx_word' id='word_1_295' title='bbox 1929 3176 2069 3237; x_wconf 74' lang='grc' dir='ltr'>Τοὺς</span> <span class='ocrx_word' id='word_1_296' title='bbox 2091 3151 2139 3220; x_wconf 77' lang='lat' dir='ltr'><strong>C-</strong></span> 
     </span>
    </p>
   </div>
   <div class='ocr_carea' id='block_1_47' title="bbox 505 3268 2071 3344">
    <p class='ocr_par' dir='ltr' id='par_1_47' title="bbox 505 3268 2071 3344">
     <span class='ocr_line' id='line_1_47' title="bbox 505 3268 2071 3344; baseline -0.003 -19"><span class='ocrx_word' id='word_1_297' title='bbox 505 3273 647 3326; x_wconf 71' lang='grc' dir='ltr'>κατὰ</span> <span class='ocrx_word' id='word_1_298' title='bbox 669 3272 769 3344; x_wconf 79' lang='grc' dir='ltr'>σὴν</span> <span class='ocrx_word' id='word_1_299' title='bbox 814 3270 1211 3343; x_wconf 83' lang='grc' dir='ltr'>παραχώρησιν</span> <span class='ocrx_word' id='word_1_300' title='bbox 1266 3269 1645 3339; x_wconf 63' lang='grc' dir='ltr'>ἐπαγομένους</span> <span class='ocrx_word' id='word_1_301' title='bbox 1692 3268 1894 3332; x_wconf 76' lang='grc' dir='ltr'>ἔξωθεν</span> <span class='ocrx_word' id='word_1_302' title='bbox 1944 3284 2071 3321; x_wconf 79' lang='grc' dir='ltr'>πει-</span> 
     </span>
    </p>
   </div>
   <div class='ocr_carea' id='block_1_48' title="bbox 509 3357 2070 3435">
    <p class='ocr_par' dir='ltr' id='par_1_48' title="bbox 509 3357 2070 3435">
     <span class='ocr_line' id='line_1_48' title="bbox 509 3357 2070 3435; baseline -0.005 -17"><span class='ocrx_word' id='word_1_303' title='bbox 509 3364 773 3435; x_wconf 80' lang='grc' dir='ltr'>ρασμοὺς,</span> <span class='ocrx_word' id='word_1_304' title='bbox 806 3366 899 3417; x_wconf 79' lang='grc' dir='ltr'><strong>καὶ</strong></span> <span class='ocrx_word' id='word_1_305' title='bbox 927 3364 1027 3426; x_wconf 77' lang='grc' dir='ltr'>τὰς</span> <span class='ocrx_word' id='word_1_306' title='bbox 1054 3361 1268 3418; x_wconf 72' lang='grc' dir='ltr'>ἔνδοθεν</span> <span class='ocrx_word' id='word_1_307' title='bbox 1319 3363 1430 3415; x_wconf 78' lang='grc' dir='ltr'>ἀπὸ</span> <span class='ocrx_word' id='word_1_308' title='bbox 1466 3360 1562 3415; x_wconf 78' lang='grc' dir='ltr'><strong>τοῦ</strong></span> <span class='ocrx_word' id='word_1_309' title='bbox 1592 3361 1894 3422; x_wconf 72' lang='grc' dir='ltr'>συνειδότος</span> <span class='ocrx_word' id='word_1_310' title='bbox 1930 3357 2070 3428; x_wconf 81' lang='grc' dir='ltr'>πλη-</span> 
     </span>
    </p>
   </div>
   <div class='ocr_carea' id='block_1_49' title="bbox 508 3457 633 3525">
    <p class='ocr_par' dir='ltr' id='par_1_49' title="bbox 508 3457 633 3525">
     <span class='ocr_line' id='line_1_49' title="bbox 508 3457 633 3525; baseline 0.008 -14"><span class='ocrx_word' id='word_1_311' title='bbox 508 3457 633 3525; x_wconf 69' lang='grc' dir='ltr'>γάρ.</span> 
     </span>
    </p>
   </div>
   <div class='ocr_carea' id='block_1_50' title="bbox 587 3544 2071 3617">
    <p class='ocr_par' dir='ltr' id='par_1_50' title="bbox 587 3544 2071 3617">
     <span class='ocr_line' id='line_1_50' title="bbox 587 3544 2071 3617; baseline -0.004 -13"><span class='ocrx_word' id='word_1_312' title='bbox 587 3549 733 3604; x_wconf 81' lang='grc' dir='ltr'>Ἀπὸ</span> <span class='ocrx_word' id='word_1_313' title='bbox 757 3550 869 3617; x_wconf 76' lang='grc' dir='ltr'>γὰρ</span> <span class='ocrx_word' id='word_1_314' title='bbox 894 3548 1005 3615; x_wconf 84' lang='grc' dir='ltr'>τῆς</span> <span class='ocrx_word' id='word_1_315' title='bbox 1035 3548 1244 3616; x_wconf 72' lang='grc' dir='ltr'>ἰσχύος</span> <span class='ocrx_word' id='word_1_316' title='bbox 1265 3548 1376 3614; x_wconf 83' lang='grc' dir='ltr'>τῆς</span> <span class='ocrx_word' id='word_1_317' title='bbox 1399 3549 1597 3616; x_wconf 78' lang='grc' dir='ltr'>χειρός</span> <span class='ocrx_word' id='word_1_318' title='bbox 1627 3562 1744 3601; x_wconf 91' lang='grc' dir='ltr'><strong>σου</strong></span> <span class='ocrx_word' id='word_1_319' title='bbox 1776 3546 1892 3614; x_wconf 77' lang='grc' dir='ltr'><strong>ἐγὼ</strong></span> <span class='ocrx_word' id='word_1_320' title='bbox 1943 3544 2071 3610; x_wconf 76' lang='grc' dir='ltr'><strong>ἐξέ-</strong></span> 
     </span>
    </p>
   </div>
   <div class='ocr_carea' id='block_1_51' title="bbox 507 3638 2069 3711">
    <p class='ocr_par' dir='ltr' id='par_1_51' title="bbox 507 3638 2069 3711">
     <span class='ocr_line' id='line_1_51' title="bbox 507 3638 2069 3711; baseline -0.001 -16"><span class='ocrx_word' id='word_1_321' title='bbox 507 3645 708 3696; x_wconf 70' lang='grc' dir='ltr'>λικον.</span> <span class='ocrx_word' id='word_1_322' title='bbox 743 3642 916 3709; x_wconf 81' lang='grc' dir='ltr'>Χεῖρα</span> <span class='ocrx_word' id='word_1_323' title='bbox 940 3638 1037 3693; x_wconf 82' lang='grc' dir='ltr'>νῦν</span> <span class='ocrx_word' id='word_1_324' title='bbox 1063 3639 1161 3710; x_wconf 80' lang='grc' dir='ltr'>τὴν</span> <span class='ocrx_word' id='word_1_325' title='bbox 1210 3639 1541 3711; x_wconf 77' lang='grc' dir='ltr'>κολαστικὴν</span> <span class='ocrx_word' id='word_1_326' title='bbox 1588 3639 1819 3708; x_wconf 83' lang='grc' dir='ltr'>δύναμιν</span> <span class='ocrx_word' id='word_1_327' title='bbox 1879 3639 2030 3706; x_wconf 81' lang='grc' dir='ltr'>λέγει</span> <span class='ocrx_word' id='word_1_328' title='bbox 2054 3656 2069 3670; x_wconf 84' lang='grc'>⁶</span> 
     </span>
    </p>
   </div>
   <div class='ocr_carea' id='block_1_52' title="bbox 521 3731 2074 3805">
    <p class='ocr_par' dir='ltr' id='par_1_52' title="bbox 521 3731 2074 3805">
     <span class='ocr_line' id='line_1_52' title="bbox 521 3731 2074 3805; baseline -0.003 -16"><span class='ocrx_word' id='word_1_329' title='bbox 521 3733 840 3805; x_wconf 58' lang='grc' dir='ltr'>Ἐξέλιηον</span> <span class='ocrx_word' id='word_1_330' title='bbox 860 3734 939 3795; x_wconf 82' lang='grc' dir='ltr'><strong>δὲ,</strong></span> <span class='ocrx_word' id='word_1_331' title='bbox 962 3733 1082 3787; x_wconf 72' lang='grc' dir='ltr'>ἀντὶ</span> <span class='ocrx_word' id='word_1_332' title='bbox 1115 3731 1232 3797; x_wconf 72' lang='grc' dir='ltr'>τοῦ,</span> <span class='ocrx_word' id='word_1_333' title='bbox 1294 3732 1490 3784; x_wconf 84' lang='grc' dir='ltr'>Τέλεον</span> <span class='ocrx_word' id='word_1_334' title='bbox 1524 3732 1819 3802; x_wconf 75' lang='grc' dir='ltr'>ἠσθένησα.</span> <span class='ocrx_word' id='word_1_335' title='bbox 1872 3733 2074 3785; x_wconf 78' lang='grc' dir='ltr'>Σκόπει</span> 
     </span>
    </p>
   </div>
   <div class='ocr_carea' id='block_1_53' title="bbox 508 3822 2077 3894">
    <p class='ocr_par' dir='ltr' id='par_1_53' title="bbox 508 3822 2077 3894">
     <span class='ocr_line' id='line_1_53' title="bbox 508 3822 2077 3894; baseline -0.003 -18"><span class='ocrx_word' id='word_1_336' title='bbox 508 3824 585 3888; x_wconf 82' lang='grc' dir='ltr'><strong>δὲ,</strong></span> <span class='ocrx_word' id='word_1_337' title='bbox 642 3825 759 3886; x_wconf 84' lang='grc' dir='ltr'><strong>πῶς</strong></span> <span class='ocrx_word' id='word_1_338' title='bbox 787 3826 844 3878; x_wconf 80' lang='grc' dir='ltr'>ὲν</span> <span class='ocrx_word' id='word_1_339' title='bbox 876 3822 979 3894; x_wconf 78' lang='grc' dir='ltr'>μὲν</span> <span class='ocrx_word' id='word_1_340' title='bbox 1030 3824 1110 3891; x_wconf 85' lang='grc' dir='ltr'>τῷ</span> <span class='ocrx_word' id='word_1_341' title='bbox 1163 3823 1487 3894; x_wconf 82' lang='grc' dir='ltr'>προλαϐόντι</span> <span class='ocrx_word' id='word_1_342' title='bbox 1535 3823 1755 3891; x_wconf 79' lang='grc' dir='ltr'>ψαλμῷ,</span> <span class='ocrx_word' id='word_1_343' title='bbox 1820 3822 2077 3890; x_wconf 82' lang='grc' dir='ltr'>παρέχων</span> 
     </span>
    </p>
   </div>
   <div class='ocr_carea' id='block_1_54' title="bbox 509 3913 2077 3981">
    <p class='ocr_par' dir='ltr' id='par_1_54' title="bbox 509 3913 2077 3981">
     <span class='ocr_line' id='line_1_54' title="bbox 509 3913 2077 3981; baseline -0.004 -11"><span class='ocrx_word' id='word_1_344' title='bbox 509 3917 699 3970; x_wconf 74' lang='grc' dir='ltr'>ἑαυτὸν</span> <span class='ocrx_word' id='word_1_345' title='bbox 754 3920 872 3978; x_wconf 74' lang='grc' dir='ltr'>ταῖς</span> <span class='ocrx_word' id='word_1_346' title='bbox 924 3915 1301 3976; x_wconf 85' lang='grc' dir='ltr'>παιδευτικαῖς</span> <span class='ocrx_word' id='word_1_347' title='bbox 1367 3913 1603 3981; x_wconf 75' lang='grc' dir='ltr'>πληγαῖς</span> <span class='ocrx_word' id='word_1_348' title='bbox 1630 3954 1645 3975; x_wconf 89' lang='grc'><strong>,</strong></span> <span class='ocrx_word' id='word_1_349' title='bbox 1697 3913 1906 3978; x_wconf 77' lang='grc' dir='ltr'>ἔλεγεν,</span> <span class='ocrx_word' id='word_1_350' title='bbox 1951 3913 2077 3964; x_wconf 82' lang='grc' dir='ltr'>Ὀτι</span> 
     </span>
    </p>
   </div>
   <div class='ocr_carea' id='block_1_55' title="bbox 510 3998 2077 4086">
    <p class='ocr_par' dir='ltr' id='par_1_55' title="bbox 510 3998 2077 4086">
     <span class='ocr_line' id='line_1_55' title="bbox 510 3998 2077 4086; baseline -0.008 -23"><span class='ocrx_word' id='word_1_351' title='bbox 510 4008 624 4078; x_wconf 75' lang='grc' dir='ltr'><strong>ἐγὼ</strong></span> <span class='ocrx_word' id='word_1_352' title='bbox 682 4009 767 4075; x_wconf 71' lang='grc' dir='ltr'>εἷς</span> <span class='ocrx_word' id='word_1_353' title='bbox 823 4006 1121 4077; x_wconf 81' lang='grc' dir='ltr'>μάστιγας</span> <span class='ocrx_word' id='word_1_354' title='bbox 1164 4003 1431 4069; x_wconf 78' lang='grc' dir='ltr'>ἕτοιμος·</span> <span class='ocrx_word' id='word_1_355' title='bbox 1473 4000 1578 4086; x_wconf 46' lang='grc' dir='ltr'>,νῦν</span> <span class='ocrx_word' id='word_1_356' title='bbox 1608 4000 1665 4052; x_wconf 78' lang='grc' dir='ltr'><strong>δὲ</strong></span> <span class='ocrx_word' id='word_1_357' title='bbox 1709 3998 2077 4067; x_wconf 76' lang='grc' dir='ltr'>μαστιγωθεὶς</span> 
     </span>
    </p>
   </div>
   <div class='ocr_carea' id='block_1_56' title="bbox 513 4092 2077 4167">
    <p class='ocr_par' dir='ltr' id='par_1_56' title="bbox 513 4092 2077 4167">
     <span class='ocr_line' id='line_1_56' title="bbox 513 4092 2077 4167; baseline -0.005 -15"><span class='ocrx_word' id='word_1_358' title='bbox 513 4099 731 4162; x_wconf 67' lang='grc' dir='ltr'>ἱκανῶς,</span> <span class='ocrx_word' id='word_1_359' title='bbox 768 4097 1024 4167; x_wconf 79' lang='grc' dir='ltr'>ἀνεθῆναι</span> <span class='ocrx_word' id='word_1_360' title='bbox 1058 4094 1421 4153; x_wconf 79' lang='grc' dir='ltr'>καθικετεύει.</span> <span class='ocrx_word' id='word_1_361' title='bbox 1477 4092 1677 4164; x_wconf 77' lang='grc' dir='ltr'>μήπως</span> <span class='ocrx_word' id='word_1_362' title='bbox 1710 4092 1775 4161; x_wconf 80' lang='grc' dir='ltr'>τῇ</span> <span class='ocrx_word' id='word_1_363' title='bbox 1820 4107 2077 4161; x_wconf 82' lang='grc' dir='ltr'>περισσο-</span> 
     </span>
    </p>
   </div>
   <div class='ocr_carea' id='block_1_57' title="bbox 508 4188 1139 4261">
    <p class='ocr_par' dir='ltr' id='par_1_57' title="bbox 508 4188 1139 4261">
     <span class='ocr_line' id='line_1_57' title="bbox 508 4188 1139 4261; baseline -0.002 -17"><span class='ocrx_word' id='word_1_364' title='bbox 508 4192 642 4261; x_wconf 72' lang='grc' dir='ltr'>τέρᾳ</span> <span class='ocrx_word' id='word_1_365' title='bbox 667 4191 812 4261; x_wconf 79' lang='grc' dir='ltr'>λύπῃ</span> <span class='ocrx_word' id='word_1_366' title='bbox 834 4188 1139 4258; x_wconf 76' lang='grc' dir='ltr'>καταποθῇ.</span> 
     </span>
    </p>
   </div>
   <div class='ocr_carea' id='block_1_58' title="bbox 591 4274 2078 4349">
    <p class='ocr_par' dir='ltr' id='par_1_58' title="bbox 591 4274 2078 4349">
     <span class='ocr_line' id='line_1_58' title="bbox 591 4274 2078 4349; baseline -0.006 -13"><span class='ocrx_word' id='word_1_367' title='bbox 591 4284 688 4336; x_wconf 81' lang='grc' dir='ltr'>Ἐν</span> <span class='ocrx_word' id='word_1_368' title='bbox 749 4281 1023 4349; x_wconf 68' lang='grc' dir='ltr'>ἐλεγμοῖς</span> <span class='ocrx_word' id='word_1_369' title='bbox 1070 4277 1223 4347; x_wconf 79' lang='grc' dir='ltr'>ὑπὲρ</span> <span class='ocrx_word' id='word_1_370' title='bbox 1265 4277 1517 4348; x_wconf 72' lang='grc' dir='ltr'>ἀνομίας</span> <span class='ocrx_word' id='word_1_371' title='bbox 1573 4274 1942 4336; x_wconf 74' lang='grc' dir='ltr'>ἐπαίδευσας</span> <span class='ocrx_word' id='word_1_372' title='bbox 1970 4274 2078 4327; x_wconf 77' lang='grc' dir='ltr'><strong>ἆν-</strong></span> 
     </span>
    </p>
   </div>
   <div class='ocr_carea' id='block_1_59' title="bbox 510 4366 2075 4442">
    <p class='ocr_par' dir='ltr' id='par_1_59' title="bbox 510 4366 2075 4442">
     <span class='ocr_line' id='line_1_59' title="bbox 510 4366 2075 4442; baseline -0.008 -13"><span class='ocrx_word' id='word_1_373' title='bbox 510 4380 763 4442; x_wconf 74' lang='grc' dir='ltr'>θρωπον.</span> <span class='ocrx_word' id='word_1_374' title='bbox 835 4373 926 4425; x_wconf 87' lang='grc' dir='ltr'>Ἐν</span> <span class='ocrx_word' id='word_1_375' title='bbox 986 4371 1064 4442; x_wconf 82' lang='grc' dir='ltr'><strong>τῷ</strong></span> <span class='ocrx_word' id='word_1_376' title='bbox 1117 4371 1383 4441; x_wconf 77' lang='grc' dir='ltr'>ἐλέγχειν,</span> <span class='ocrx_word' id='word_1_377' title='bbox 1444 4366 1724 4421; x_wconf 79' lang='grc' dir='ltr'>τουτέστιν</span> <span class='ocrx_word' id='word_1_378' title='bbox 1784 4366 2075 4435; x_wconf 74' lang='grc' dir='ltr'>ἰατρεύειν,</span> 
     </span>
    </p>
   </div>
   <div class='ocr_carea' id='block_1_60' title="bbox 2173 1913 3738 1982">
    <p class='ocr_par' dir='ltr' id='par_1_60' title="bbox 2173 1913 3738 1982">
     <span class='ocr_line' id='line_1_60' title="bbox 2173 1913 3738 1982; baseline -0.001 -15"><span class='ocrx_word' id='word_1_379' title='bbox 2173 1913 2482 1982; x_wconf 87' lang='lat' dir='ltr'><strong>gninarinm</strong></span> <span class='ocrx_word' id='word_1_380' title='bbox 2531 1913 2826 1981; x_wconf 77' lang='lat' dir='ltr'><strong>appellans.</strong></span> <span class='ocrx_word' id='word_1_381' title='bbox 2872 1913 3253 1982; x_wconf 77' lang='lat' dir='ltr'><strong>Reassumpsit</strong></span> <span class='ocrx_word' id='word_1_382' title='bbox 3302 1922 3480 1966; x_wconf 86' lang='lat' dir='ltr'><strong>autem</strong></span> <span class='ocrx_word' id='word_1_383' title='bbox 3522 1928 3738 1967; x_wconf 78' lang='lat' dir='ltr'><strong>sermo-</strong></span> 
     </span>
    </p>
   </div>
   <div class='ocr_carea' id='block_1_61' title="bbox 2175 2002 3737 2071">
    <p class='ocr_par' dir='ltr' id='par_1_61' title="bbox 2175 2002 3737 2071">
     <span class='ocr_line' id='line_1_61' title="bbox 2175 2002 3737 2071; baseline -0.001 -14"><span class='ocrx_word' id='word_1_384' title='bbox 2175 2019 2298 2057; x_wconf 85' lang='lat' dir='ltr'><strong>nem</strong></span> <span class='ocrx_word' id='word_1_385' title='bbox 2334 2002 2625 2071; x_wconf 79' lang='lat' dir='ltr'><strong>Propheta,</strong></span> <span class='ocrx_word' id='word_1_386' title='bbox 2662 2013 2709 2056; x_wconf 89' lang='lat' dir='ltr'><strong>et</strong></span> <span class='ocrx_word' id='word_1_387' title='bbox 2741 2019 2838 2071; x_wconf 89' lang='lat' dir='ltr'><strong>per</strong></span> <span class='ocrx_word' id='word_1_388' title='bbox 2867 2003 3111 2055; x_wconf 84' lang='lat' dir='ltr'><strong>crebram</strong></span> <span class='ocrx_word' id='word_1_389' title='bbox 3147 2004 3488 2055; x_wconf 85' lang='lat' dir='ltr'><strong>miseriarum</strong></span> <span class='ocrx_word' id='word_1_390' title='bbox 3515 2019 3737 2057; x_wconf 84' lang='lat' dir='ltr'><strong>suarum</strong></span> 
     </span>
    </p>
   </div>
   <div class='ocr_carea' id='block_1_62' title="bbox 2174 2093 3741 2162">
    <p class='ocr_par' dir='ltr' id='par_1_62' title="bbox 2174 2093 3741 2162">
     <span class='ocr_line' id='line_1_62' title="bbox 2174 2093 3741 2162; baseline -0.001 -15"><span class='ocrx_word' id='word_1_391' title='bbox 2174 2095 2751 2147; x_wconf 84' lang='lat' dir='ltr'><strong>commemorationem</strong></span> <span class='ocrx_word' id='word_1_392' title='bbox 2811 2094 3225 2147; x_wconf 88' lang='lat' dir='ltr'><strong>misericordem</strong></span> <span class='ocrx_word' id='word_1_393' title='bbox 3255 2093 3419 2145; x_wconf 83' lang='lat' dir='ltr'><strong>Deum</strong></span> <span class='ocrx_word' id='word_1_394' title='bbox 3472 2094 3646 2162; x_wconf 81' lang='lat' dir='ltr'><strong>magis</strong></span> <span class='ocrx_word' id='word_1_395' title='bbox 3676 2094 3741 2147; x_wconf 85' lang='lat' dir='ltr'><strong>ad</strong></span> 
     </span>
    </p>
   </div>
   <div class='ocr_carea' id='block_1_63' title="bbox 2179 2183 3744 2252">
    <p class='ocr_par' dir='ltr' id='par_1_63' title="bbox 2179 2183 3744 2252">
     <span class='ocr_line' id='line_1_63' title="bbox 2179 2183 3744 2252; baseline 0 -15"><span class='ocrx_word' id='word_1_396' title='bbox 2179 2185 2612 2238; x_wconf 83' lang='lat' dir='ltr'><strong>misericordiam</strong></span> <span class='ocrx_word' id='word_1_397' title='bbox 2652 2184 2841 2238; x_wconf 83' lang='lat' dir='ltr'><strong>trahit.</strong></span> <span class='ocrx_word' id='word_1_398' title='bbox 2875 2183 3026 2237; x_wconf 88' lang='lat' dir='ltr'><strong>Solet</strong></span> <span class='ocrx_word' id='word_1_399' title='bbox 3046 2184 3205 2238; x_wconf 73' lang='lat' dir='ltr'><strong>etiam</strong></span> <span class='ocrx_word' id='word_1_400' title='bbox 3237 2183 3448 2237; x_wconf 74' lang='lat' dir='ltr'><strong>daemon</strong></span> <span class='ocrx_word' id='word_1_401' title='bbox 3489 2184 3557 2237; x_wconf 83' lang='lat' dir='ltr'><strong>iis</strong></span> <span class='ocrx_word' id='word_1_402' title='bbox 3594 2185 3682 2252; x_wconf 89' lang='lat' dir='ltr'><strong>qui</strong></span> <span class='ocrx_word' id='word_1_403' title='bbox 3714 2199 3744 2237; x_wconf 77' lang='grc' dir='ltr'><strong>ιι</strong></span> 
     </span>
    </p>
   </div>
   <div class='ocr_carea' id='block_1_64' title="bbox 2178 2274 3741 2345">
    <p class='ocr_par' dir='ltr' id='par_1_64' title="bbox 2178 2274 3741 2345">
     <span class='ocr_line' id='line_1_64' title="bbox 2178 2274 3741 2345; baseline -0.001 -14"><span class='ocrx_word' id='word_1_404' title='bbox 2178 2291 2240 2331; x_wconf 92' lang='lat' dir='ltr'><strong>se</strong></span> <span class='ocrx_word' id='word_1_405' title='bbox 2297 2276 2427 2331; x_wconf 70' lang='lat' dir='ltr'><strong>victi</strong></span> <span class='ocrx_word' id='word_1_406' title='bbox 2488 2276 2710 2339; x_wconf 80' lang='lat' dir='ltr'><strong>fuerint,</strong></span> <span class='ocrx_word' id='word_1_407' title='bbox 2768 2277 3055 2329; x_wconf 79' lang='lat' dir='ltr'><strong>victoriam</strong></span> <span class='ocrx_word' id='word_1_408' title='bbox 3126 2289 3281 2329; x_wconf 86' lang='lat' dir='ltr'><strong>suam</strong></span> <span class='ocrx_word' id='word_1_409' title='bbox 3350 2274 3741 2345; x_wconf 88' lang='lat' dir='ltr'><strong>improperare,</strong></span> 
     </span>
    </p>
   </div>
   <div class='ocr_carea' id='block_1_65' title="bbox 2176 2364 3030 2434">
    <p class='ocr_par' dir='ltr' id='par_1_65' title="bbox 2176 2364 3030 2434">
     <span class='ocr_line' id='line_1_65' title="bbox 2176 2364 3030 2434; baseline -0.001 -16"><span class='ocrx_word' id='word_1_410' title='bbox 2176 2374 2344 2431; x_wconf 83' lang='lat' dir='ltr'><strong>atque</strong></span> <span class='ocrx_word' id='word_1_411' title='bbox 2376 2365 2427 2417; x_wconf 92' lang='lat' dir='ltr'><strong>in</strong></span> <span class='ocrx_word' id='word_1_412' title='bbox 2457 2364 2580 2420; x_wconf 88' lang='lat' dir='ltr'><strong>illos</strong></span> <span class='ocrx_word' id='word_1_413' title='bbox 2604 2366 2800 2433; x_wconf 88' lang='lat' dir='ltr'><strong>probra</strong></span> <span class='ocrx_word' id='word_1_414' title='bbox 2822 2364 3030 2434; x_wconf 79' lang='lat' dir='ltr'><strong>jacere.</strong></span> 
     </span>
    </p>
   </div>
   <div class='ocr_carea' id='block_1_66' title="bbox 2247 2454 3742 2526">
    <p class='ocr_par' dir='ltr' id='par_1_66' title="bbox 2247 2454 3742 2526">
     <span class='ocr_line' id='line_1_66' title="bbox 2247 2454 3742 2526; baseline 0.004 -19"><span class='ocrx_word' id='word_1_415' title='bbox 2247 2454 2412 2511; x_wconf 80' lang='lat' dir='ltr'><strong>Vens.</strong></span> <span class='ocrx_word' id='word_1_416' title='bbox 2453 2456 2539 2510; x_wconf 82' lang='grc' dir='ltr'><strong>ιο.</strong></span> <span class='ocrx_word' id='word_1_417' title='bbox 2574 2455 2863 2511; x_wconf 77' lang='lat' dir='ltr'><strong>Obsurdut’.</strong></span> <span class='ocrx_word' id='word_1_418' title='bbox 2892 2456 3103 2526; x_wconf 86' lang='lat' dir='ltr'><strong>Sponte</strong></span> <span class='ocrx_word' id='word_1_419' title='bbox 3128 2471 3245 2510; x_wconf 83' lang='lat' dir='ltr'><strong>mea</strong></span> <span class='ocrx_word' id='word_1_420' title='bbox 3287 2456 3570 2523; x_wconf 88' lang='lat' dir='ltr'><strong>nimirum,</strong></span> <span class='ocrx_word' id='word_1_421' title='bbox 3606 2456 3742 2512; x_wconf 89' lang='lat' dir='ltr'><strong>adeo</strong></span> 
     </span>
    </p>
   </div>
   <div class='ocr_carea' id='block_1_67' title="bbox 2175 2547 2938 2601">
    <p class='ocr_par' dir='ltr' id='par_1_67' title="bbox 2175 2547 2938 2601">
     <span class='ocr_line' id='line_1_67' title="bbox 2175 2547 2938 2601; baseline 0.001 -1"><span class='ocrx_word' id='word_1_422' title='bbox 2175 2556 2235 2600; x_wconf 91' lang='grc' dir='ltr'><strong>ιιι</strong></span> <span class='ocrx_word' id='word_1_423' title='bbox 2262 2562 2367 2600; x_wconf 89' lang='lat' dir='ltr'><strong>non</strong></span> <span class='ocrx_word' id='word_1_424' title='bbox 2406 2547 2599 2600; x_wconf 88' lang='lat' dir='ltr'><strong>audire</strong></span> <span class='ocrx_word' id='word_1_425' title='bbox 2627 2549 2779 2601; x_wconf 70' lang='lat' dir='ltr'><strong>visus</strong></span> <span class='ocrx_word' id='word_1_426' title='bbox 2811 2549 2938 2601; x_wconf 85' lang='lat' dir='ltr'><strong>sim.</strong></span> 
     </span>
    </p>
   </div>
   <div class='ocr_carea' id='block_1_68' title="bbox 2245 2636 3743 2711">
    <p class='ocr_par' dir='ltr' id='par_1_68' title="bbox 2245 2636 3743 2711">
     <span class='ocr_line' id='line_1_68' title="bbox 2245 2636 3743 2711; baseline 0.003 -21"><span class='ocrx_word' id='word_1_427' title='bbox 2245 2636 2312 2691; x_wconf 79' lang='lat' dir='ltr'><strong>Et</strong></span> <span class='ocrx_word' id='word_1_428' title='bbox 2358 2656 2461 2693; x_wconf 90' lang='lat' dir='ltr'><strong>non</strong></span> <span class='ocrx_word' id='word_1_429' title='bbox 2494 2641 2675 2708; x_wconf 82' lang='lat' dir='ltr'><strong>aperui</strong></span> <span class='ocrx_word' id='word_1_430' title='bbox 2731 2656 2787 2694; x_wconf 86' lang='lat' dir='ltr'><strong>os</strong></span> <span class='ocrx_word' id='word_1_431' title='bbox 2830 2656 3021 2694; x_wconf 85' lang='lat' dir='ltr'><strong>meum.</strong></span> <span class='ocrx_word' id='word_1_432' title='bbox 3066 2639 3249 2711; x_wconf 82' lang='lat' dir='ltr'><strong>Neque</strong></span> <span class='ocrx_word' id='word_1_433' title='bbox 3295 2639 3499 2711; x_wconf 86' lang='lat' dir='ltr'><strong>aliquid</strong></span> <span class='ocrx_word' id='word_1_434' title='bbox 3551 2649 3743 2695; x_wconf 86' lang='lat' dir='ltr'><strong>contra</strong></span> 
     </span>
    </p>
   </div>
   <div class='ocr_carea' id='block_1_69' title="bbox 2174 2730 2307 2785">
    <p class='ocr_par' dir='ltr' id='par_1_69' title="bbox 2174 2730 2307 2785">
     <span class='ocr_line' id='line_1_69' title="bbox 2174 2730 2307 2785; baseline 0 0"><span class='ocrx_word' id='word_1_435' title='bbox 2174 2730 2307 2785; x_wconf 74' lang='lat' dir='ltr'><strong>dixi.</strong></span> 
     </span>
    </p>
   </div>
   <div class='ocr_carea' id='block_1_70' title="bbox 2248 2822 3743 2894">
    <p class='ocr_par' dir='ltr' id='par_1_70' title="bbox 2248 2822 3743 2894">
     <span class='ocr_line' id='line_1_70' title="bbox 2248 2822 3743 2894; baseline 0.001 -19"><span class='ocrx_word' id='word_1_436' title='bbox 2248 2822 2515 2889; x_wconf 83' lang='lat' dir='ltr'><strong>Quoniam</strong></span> <span class='ocrx_word' id='word_1_437' title='bbox 2549 2832 2603 2876; x_wconf 85' lang='lat' dir='ltr'><strong>tu</strong></span> <span class='ocrx_word' id='word_1_438' title='bbox 2634 2823 2819 2894; x_wconf 74' lang='lat' dir='ltr'><strong>fecisti.</strong></span> <span class='ocrx_word' id='word_1_439' title='bbox 2867 2822 3031 2888; x_wconf 84' lang='lat' dir='ltr'><strong>Quia,</strong></span> <span class='ocrx_word' id='word_1_440' title='bbox 3078 2822 3278 2892; x_wconf 86' lang='lat' dir='ltr'><strong>inquit,</strong></span> <span class='ocrx_word' id='word_1_441' title='bbox 3310 2832 3363 2877; x_wconf 91' lang='lat' dir='ltr'><strong>tu</strong></span> <span class='ocrx_word' id='word_1_442' title='bbox 3395 2823 3444 2877; x_wconf 86' lang='lat' dir='ltr'><strong>ei</strong></span> <span class='ocrx_word' id='word_1_443' title='bbox 3473 2822 3743 2877; x_wconf 85' lang='lat' dir='ltr'><strong>mandasti</strong></span> 
     </span>
    </p>
   </div>
   <div class='ocr_carea' id='block_1_71' title="bbox 2180 2909 3746 2981">
    <p class='ocr_par' dir='ltr' id='par_1_71' title="bbox 2180 2909 3746 2981">
     <span class='ocr_line' id='line_1_71' title="bbox 2180 2909 3746 2981; baseline -0.003 -12"><span class='ocrx_word' id='word_1_444' title='bbox 2180 2925 2240 2969; x_wconf 86' lang='lat' dir='ltr'><strong>ut</strong></span> <span class='ocrx_word' id='word_1_445' title='bbox 2274 2909 2410 2969; x_wconf 87' lang='lat' dir='ltr'><strong>mihi</strong></span> <span class='ocrx_word' id='word_1_446' title='bbox 2440 2915 2866 2969; x_wconf 83' lang='lat' dir='ltr'><strong>conviciaretur.</strong></span> <span class='ocrx_word' id='word_1_447' title='bbox 2901 2914 3159 2967; x_wconf 84' lang='lat' dir='ltr'><strong>Dominus</strong></span> <span class='ocrx_word' id='word_1_448' title='bbox 3183 2913 3567 2981; x_wconf 89' lang='lat' dir='ltr'><strong>enim,iuquit.</strong></span> <span class='ocrx_word' id='word_1_449' title='bbox 3607 2914 3746 2967; x_wconf 71' lang='lat' dir='ltr'><strong>dixit</strong></span> 
     </span>
    </p>
   </div>
   <div class='ocr_carea' id='block_1_72' title="bbox 2179 3004 3747 3073">
    <p class='ocr_par' dir='ltr' id='par_1_72' title="bbox 2179 3004 3747 3073">
     <span class='ocr_line' id='line_1_72' title="bbox 2179 3004 3747 3073; baseline -0.001 -14"><span class='ocrx_word' id='word_1_450' title='bbox 2179 3005 2247 3071; x_wconf 85' lang='lat' dir='ltr'><strong>ei,</strong></span> <span class='ocrx_word' id='word_1_451' title='bbox 2279 3015 2338 3059; x_wconf 78' lang='grc' dir='ltr'><strong>ιιι</strong></span> <span class='ocrx_word' id='word_1_452' title='bbox 2363 3005 2697 3060; x_wconf 79' lang='lat' dir='ltr'><strong>malediceret</strong></span> <span class='ocrx_word' id='word_1_453' title='bbox 2725 3004 2896 3058; x_wconf 75' lang='lat' dir='ltr'><strong>David</strong></span> <span class='ocrx_word' id='word_1_454' title='bbox 2936 3005 3009 3071; x_wconf 82' lang='lat'><strong>&quot;;</strong></span> <span class='ocrx_word' id='word_1_455' title='bbox 3047 3011 3101 3059; x_wconf 86' lang='lat' dir='ltr'><strong>et</strong></span> <span class='ocrx_word' id='word_1_456' title='bbox 3129 3005 3259 3058; x_wconf 88' lang='lat' dir='ltr'><strong>mihi</strong></span> <span class='ocrx_word' id='word_1_457' title='bbox 3284 3004 3449 3059; x_wconf 86' lang='lat' dir='ltr'><strong>etiam</strong></span> <span class='ocrx_word' id='word_1_458' title='bbox 3480 3004 3665 3073; x_wconf 86' lang='lat' dir='ltr'><strong>jussit,</strong></span> <span class='ocrx_word' id='word_1_459' title='bbox 3688 3015 3747 3058; x_wconf 86' lang='lat' dir='ltr'><strong>ut</strong></span> 
     </span>
    </p>
   </div>
   <div class='ocr_carea' id='block_1_73' title="bbox 2182 3096 3393 3167">
    <p class='ocr_par' dir='ltr' id='par_1_73' title="bbox 2182 3096 3393 3167">
     <span class='ocr_line' id='line_1_73' title="bbox 2182 3096 3393 3167; baseline -0.001 -15"><span class='ocrx_word' id='word_1_460' title='bbox 2182 3107 2417 3154; x_wconf 85' lang='lat' dir='ltr'><strong>tacerem</strong></span> <span class='ocrx_word' id='word_1_461' title='bbox 2450 3116 2464 3154; x_wconf 89' lang='lat'>:</span> <span class='ocrx_word' id='word_1_462' title='bbox 2499 3097 2738 3152; x_wconf 84' lang='lat' dir='ltr'><strong>Peccasti</strong></span> <span class='ocrx_word' id='word_1_463' title='bbox 2760 3097 2926 3162; x_wconf 90' lang='lat' dir='ltr'><strong>enim,</strong></span> <span class='ocrx_word' id='word_1_464' title='bbox 2966 3097 3161 3167; x_wconf 82' lang='lat' dir='ltr'><strong>inquit,</strong></span> <span class='ocrx_word' id='word_1_465' title='bbox 3198 3096 3393 3151; x_wconf 82' lang='lat' dir='ltr'><strong>tace“.</strong></span> 
     </span>
    </p>
   </div>
   <div class='ocr_carea' id='block_1_74' title="bbox 2239 3186 3747 3259">
    <p class='ocr_par' dir='ltr' id='par_1_74' title="bbox 2239 3186 3747 3259">
     <span class='ocr_line' id='line_1_74' title="bbox 2239 3186 3747 3259; baseline -0.002 -17"><span class='ocrx_word' id='word_1_466' title='bbox 2239 3191 2435 3243; x_wconf 78' lang='lat' dir='ltr'><strong>Amove</strong></span> <span class='ocrx_word' id='word_1_467' title='bbox 2463 3206 2495 3242; x_wconf 91' lang='lat' dir='ltr'><strong>a</strong></span> <span class='ocrx_word' id='word_1_468' title='bbox 2528 3206 2609 3242; x_wconf 89' lang='lat' dir='ltr'><strong>me</strong></span> <span class='ocrx_word' id='word_1_469' title='bbox 2637 3190 2825 3259; x_wconf 84' lang='lat' dir='ltr'><strong>plagas</strong></span> <span class='ocrx_word' id='word_1_470' title='bbox 2884 3198 3027 3242; x_wconf 88' lang='lat' dir='ltr'><strong>tuas.</strong></span> <span class='ocrx_word' id='word_1_471' title='bbox 3084 3187 3445 3242; x_wconf 85' lang='lat' dir='ltr'><strong>Tentationes</strong></span> <span class='ocrx_word' id='word_1_472' title='bbox 3488 3186 3747 3241; x_wconf 76' lang='lat' dir='ltr'><strong>videlicet</strong></span> 
     </span>
    </p>
   </div>
   <div class='ocr_carea' id='block_1_75' title="bbox 2172 3277 3745 3348">
    <p class='ocr_par' dir='ltr' id='par_1_75' title="bbox 2172 3277 3745 3348">
     <span class='ocr_line' id='line_1_75' title="bbox 2172 3277 3745 3348; baseline -0.003 -16"><span class='ocrx_word' id='word_1_473' title='bbox 2172 3284 2226 3332; x_wconf 90' lang='lat' dir='ltr'><strong>et</strong></span> <span class='ocrx_word' id='word_1_474' title='bbox 2254 3279 2593 3334; x_wconf 82' lang='lat' dir='ltr'><strong>calamitates</strong></span> <span class='ocrx_word' id='word_1_475' title='bbox 2629 3293 2751 3348; x_wconf 75' lang='lat' dir='ltr'><strong>quae</strong></span> <span class='ocrx_word' id='word_1_476' title='bbox 2792 3278 2927 3331; x_wconf 87' lang='lat' dir='ltr'><strong>mihi</strong></span> <span class='ocrx_word' id='word_1_477' title='bbox 2951 3279 3199 3334; x_wconf 76' lang='lat' dir='ltr'><strong>exterius</strong></span> <span class='ocrx_word' id='word_1_478' title='bbox 3230 3277 3603 3348; x_wconf 85' lang='lat' dir='ltr'><strong>permissione</strong></span> <span class='ocrx_word' id='word_1_479' title='bbox 3626 3287 3745 3338; x_wconf 85' lang='lat' dir='ltr'><strong>tua,</strong></span> 
     </span>
    </p>
   </div>
   <div class='ocr_carea' id='block_1_76' title="bbox 2170 3371 3747 3434">
    <p class='ocr_par' dir='ltr' id='par_1_76' title="bbox 2170 3371 3747 3434">
     <span class='ocr_line' id='line_1_76' title="bbox 2170 3371 3747 3434; baseline -0.003 -7"><span class='ocrx_word' id='word_1_480' title='bbox 2170 3380 2223 3427; x_wconf 87' lang='lat' dir='ltr'><strong>et</strong></span> <span class='ocrx_word' id='word_1_481' title='bbox 2280 3373 2564 3434; x_wconf 84' lang='lat' dir='ltr'><strong>stimulos.</strong></span> <span class='ocrx_word' id='word_1_482' title='bbox 2616 3372 2708 3429; x_wconf 81' lang='lat' dir='ltr'><strong>oui</strong></span> <span class='ocrx_word' id='word_1_483' title='bbox 2767 3372 3004 3429; x_wconf 88' lang='lat' dir='ltr'><strong>interius</strong></span> <span class='ocrx_word' id='word_1_484' title='bbox 3041 3389 3071 3427; x_wconf 89' lang='lat' dir='ltr'><strong>a</strong></span> <span class='ocrx_word' id='word_1_485' title='bbox 3111 3387 3227 3426; x_wconf 88' lang='lat' dir='ltr'><strong>mea</strong></span> <span class='ocrx_word' id='word_1_486' title='bbox 3259 3371 3577 3427; x_wconf 81' lang='lat' dir='ltr'><strong>inferuntur</strong></span> <span class='ocrx_word' id='word_1_487' title='bbox 3607 3385 3747 3425; x_wconf 86' lang='lat' dir='ltr'><strong>eon-</strong></span> 
     </span>
    </p>
   </div>
   <div class='ocr_carea' id='block_1_77' title="bbox 2171 3463 2433 3520">
    <p class='ocr_par' dir='ltr' id='par_1_77' title="bbox 2171 3463 2433 3520">
     <span class='ocr_line' id='line_1_77' title="bbox 2171 3463 2433 3520; baseline 0 0"><span class='ocrx_word' id='word_1_488' title='bbox 2171 3463 2433 3520; x_wconf 82' lang='lat' dir='ltr'><strong>scientia.</strong></span> 
     </span>
    </p>
   </div>
   <div class='ocr_carea' id='block_1_78' title="bbox 2241 3552 3749 3626">
    <p class='ocr_par' dir='ltr' id='par_1_78' title="bbox 2241 3552 3749 3626">
     <span class='ocr_line' id='line_1_78' title="bbox 2241 3552 3749 3626; baseline -0.004 -14"><span class='ocrx_word' id='word_1_489' title='bbox 2241 3556 2408 3612; x_wconf 75' lang='lat' dir='ltr'><strong>Vens.</strong></span> <span class='ocrx_word' id='word_1_490' title='bbox 2436 3555 2523 3611; x_wconf 78' lang='grc' dir='ltr'>Η.</span> <span class='ocrx_word' id='word_1_491' title='bbox 2557 3557 2597 3609; x_wconf 82' lang='grc' dir='ltr'><em>Α</em></span> <span class='ocrx_word' id='word_1_492' title='bbox 2629 3558 2943 3625; x_wconf 83' lang='lat' dir='ltr'><strong>fortitudine</strong></span> <span class='ocrx_word' id='word_1_493' title='bbox 2969 3573 3158 3610; x_wconf 83' lang='lat' dir='ltr'><strong>manus</strong></span> <span class='ocrx_word' id='word_1_494' title='bbox 3179 3566 3284 3610; x_wconf 78' lang='lat' dir='ltr'><strong>tua:</strong></span> <span class='ocrx_word' id='word_1_495' title='bbox 3311 3573 3402 3626; x_wconf 88' lang='lat' dir='ltr'><strong>ego</strong></span> <span class='ocrx_word' id='word_1_496' title='bbox 3434 3556 3618 3624; x_wconf 82' lang='lat' dir='ltr'><strong>defeci.</strong></span> <span class='ocrx_word' id='word_1_497' title='bbox 3647 3552 3749 3608; x_wconf 87' lang='lat' dir='ltr'><strong>Per</strong></span> 
     </span>
    </p>
   </div>
   <div class='ocr_carea' id='block_1_79' title="bbox 2173 3646 3744 3717">
    <p class='ocr_par' dir='ltr' id='par_1_79' title="bbox 2173 3646 3744 3717">
     <span class='ocr_line' id='line_1_79' title="bbox 2173 3646 3744 3717; baseline -0.002 -15"><span class='ocrx_word' id='word_1_498' title='bbox 2173 3664 2394 3702; x_wconf 88' lang='lat' dir='ltr'><strong>manum</strong></span> <span class='ocrx_word' id='word_1_499' title='bbox 2424 3649 2515 3701; x_wconf 91' lang='lat' dir='ltr'><strong>hic</strong></span> <span class='ocrx_word' id='word_1_500' title='bbox 2541 3650 2801 3716; x_wconf 79' lang='lat' dir='ltr'><strong>puniendi</strong></span> <span class='ocrx_word' id='word_1_501' title='bbox 2852 3651 3152 3717; x_wconf 86' lang='lat' dir='ltr'><strong>potentiam</strong></span> <span class='ocrx_word' id='word_1_502' title='bbox 3193 3648 3473 3716; x_wconf 78' lang='lat' dir='ltr'><strong>intelligit.</strong></span> <span class='ocrx_word' id='word_1_503' title='bbox 3544 3646 3744 3712; x_wconf 77' lang='lat' dir='ltr'><strong>Defeci,</strong></span> 
     </span>
    </p>
   </div>
   <div class='ocr_carea' id='block_1_80' title="bbox 2176 3736 3748 3804">
    <p class='ocr_par' dir='ltr' id='par_1_80' title="bbox 2176 3736 3748 3804">
     <span class='ocr_line' id='line_1_80' title="bbox 2176 3736 3748 3804; baseline -0.001 -14"><span class='ocrx_word' id='word_1_504' title='bbox 2176 3737 2370 3804; x_wconf 86' lang='lat' dir='ltr'><strong>inquit,</strong></span> <span class='ocrx_word' id='word_1_505' title='bbox 2401 3736 2503 3790; x_wconf 91' lang='lat' dir='ltr'><strong>hoc</strong></span> <span class='ocrx_word' id='word_1_506' title='bbox 2534 3748 2638 3802; x_wconf 87' lang='lat' dir='ltr'><strong>est,</strong></span> <span class='ocrx_word' id='word_1_507' title='bbox 2680 3738 2995 3792; x_wconf 82' lang='lat' dir='ltr'><strong>debilitatus</strong></span> <span class='ocrx_word' id='word_1_508' title='bbox 3029 3754 3174 3792; x_wconf 87' lang='lat' dir='ltr'><strong>sum.</strong></span> <span class='ocrx_word' id='word_1_509' title='bbox 3233 3737 3369 3790; x_wconf 88' lang='lat' dir='ltr'><strong>Illud</strong></span> <span class='ocrx_word' id='word_1_510' title='bbox 3426 3736 3748 3800; x_wconf 86' lang='lat' dir='ltr'><strong>considera,</strong></span> 
     </span>
    </p>
   </div>
   <div class='ocr_carea' id='block_1_81' title="bbox 2176 3823 3753 3893">
    <p class='ocr_par' dir='ltr' id='par_1_81' title="bbox 2176 3823 3753 3893">
     <span class='ocr_line' id='line_1_81' title="bbox 2176 3823 3753 3893; baseline 0.001 -16"><span class='ocrx_word' id='word_1_511' title='bbox 2176 3825 2455 3893; x_wconf 85' lang='lat' dir='ltr'><strong>quomodo</strong></span> <span class='ocrx_word' id='word_1_512' title='bbox 2486 3826 2540 3878; x_wconf 90' lang='lat' dir='ltr'><strong>in</strong></span> <span class='ocrx_word' id='word_1_513' title='bbox 2566 3827 2898 3893; x_wconf 72' lang='lat' dir='ltr'><strong>prmcedenti</strong></span> <span class='ocrx_word' id='word_1_514' title='bbox 2955 3826 3167 3893; x_wconf 85' lang='lat' dir='ltr'><strong>psalmo</strong></span> <span class='ocrx_word' id='word_1_515' title='bbox 3199 3824 3498 3893; x_wconf 85' lang='lat' dir='ltr'><strong>Propheta,</strong></span> <span class='ocrx_word' id='word_1_516' title='bbox 3523 3823 3753 3893; x_wconf 88' lang='lat' dir='ltr'><strong>ﬂagellis</strong></span> 
     </span>
    </p>
   </div>
   <div class='ocr_carea' id='block_1_82' title="bbox 2179 3911 3750 3982">
    <p class='ocr_par' dir='ltr' id='par_1_82' title="bbox 2179 3911 3750 3982">
     <span class='ocr_line' id='line_1_82' title="bbox 2179 3911 3750 3982; baseline -0.001 -16"><span class='ocrx_word' id='word_1_517' title='bbox 2179 3928 2237 3967; x_wconf 86' lang='lat' dir='ltr'><strong>se</strong></span> <span class='ocrx_word' id='word_1_518' title='bbox 2276 3912 2639 3967; x_wconf 87' lang='lat' dir='ltr'><strong>erudiendmn</strong></span> <span class='ocrx_word' id='word_1_519' title='bbox 2695 3928 2998 3982; x_wconf 76' lang='lat' dir='ltr'><strong>exponens,</strong></span> <span class='ocrx_word' id='word_1_520' title='bbox 3037 3911 3243 3967; x_wconf 89' lang='lat' dir='ltr'><strong>diceret</strong></span> <span class='ocrx_word' id='word_1_521' title='bbox 3287 3927 3301 3963; x_wconf 90' lang='lat'><strong>:</strong></span> <span class='ocrx_word' id='word_1_522' title='bbox 3366 3911 3636 3977; x_wconf 82' lang='lat' dir='ltr'><strong>Quoniam</strong></span> <span class='ocrx_word' id='word_1_523' title='bbox 3692 3911 3750 3964; x_wconf 83' lang='lat' dir='ltr'><strong>in</strong></span> 
     </span>
    </p>
   </div>
   <div class='ocr_carea' id='block_1_83' title="bbox 2178 4002 3754 4075">
    <p class='ocr_par' dir='ltr' id='par_1_83' title="bbox 2178 4002 3754 4075">
     <span class='ocr_line' id='line_1_83' title="bbox 2178 4002 3754 4075; baseline -0.002 -16"><span class='ocrx_word' id='word_1_524' title='bbox 2178 4004 2393 4075; x_wconf 77' lang='lat' dir='ltr'><strong>ﬂagella</strong></span> <span class='ocrx_word' id='word_1_525' title='bbox 2419 4013 2638 4071; x_wconf 83' lang='lat' dir='ltr'><strong>paratus</strong></span> <span class='ocrx_word' id='word_1_526' title='bbox 2655 4019 2771 4056; x_wconf 86' lang='lat' dir='ltr'><strong>sum</strong></span> <span class='ocrx_word' id='word_1_527' title='bbox 2797 4004 2840 4033; x_wconf 83' lang='lat'>&quot;</span> <span class='ocrx_word' id='word_1_528' title='bbox 2861 4045 2877 4069; x_wconf 94' lang='lat'><strong>,</strong></span> <span class='ocrx_word' id='word_1_529' title='bbox 2902 4015 2955 4058; x_wconf 90' lang='lat' dir='ltr'><strong>et</strong></span> <span class='ocrx_word' id='word_1_530' title='bbox 2977 4018 3124 4058; x_wconf 93' lang='lat' dir='ltr'><strong>nunc</strong></span> <span class='ocrx_word' id='word_1_531' title='bbox 3158 4002 3239 4057; x_wconf 90' lang='lat' dir='ltr'><strong>eis</strong></span> <span class='ocrx_word' id='word_1_532' title='bbox 3276 4002 3500 4071; x_wconf 78' lang='lat' dir='ltr'><strong>gravius</strong></span> <span class='ocrx_word' id='word_1_533' title='bbox 3525 4017 3754 4070; x_wconf 85' lang='lat' dir='ltr'><strong>percus-</strong></span> 
     </span>
    </p>
   </div>
   <div class='ocr_carea' id='block_1_84' title="bbox 2179 4093 3756 4165">
    <p class='ocr_par' dir='ltr' id='par_1_84' title="bbox 2179 4093 3756 4165">
     <span class='ocr_line' id='line_1_84' title="bbox 2179 4093 3756 4165; baseline -0.003 -13"><span class='ocrx_word' id='word_1_534' title='bbox 2179 4112 2296 4161; x_wconf 83' lang='lat' dir='ltr'><strong>sus,</strong></span> <span class='ocrx_word' id='word_1_535' title='bbox 2355 4096 2490 4152; x_wconf 83' lang='lat' dir='ltr'><strong>solvi</strong></span> <span class='ocrx_word' id='word_1_536' title='bbox 2552 4104 2749 4164; x_wconf 81' lang='lat' dir='ltr'><strong>rogat,</strong></span> <span class='ocrx_word' id='word_1_537' title='bbox 2781 4110 2851 4151; x_wconf 91' lang='lat' dir='ltr'><strong>ne</strong></span> <span class='ocrx_word' id='word_1_538' title='bbox 2910 4095 3162 4165; x_wconf 87' lang='lat' dir='ltr'><strong>ampliori</strong></span> <span class='ocrx_word' id='word_1_539' title='bbox 3215 4094 3604 4149; x_wconf 85' lang='lat' dir='ltr'><strong>absorberetur</strong></span> <span class='ocrx_word' id='word_1_540' title='bbox 3654 4093 3756 4148; x_wconf 82' lang='lat' dir='ltr'><strong>tri-</strong></span> 
     </span>
    </p>
   </div>
   <div class='ocr_carea' id='block_1_85' title="bbox 2181 4192 2357 4249">
    <p class='ocr_par' dir='ltr' id='par_1_85' title="bbox 2181 4192 2357 4249">
     <span class='ocr_line' id='line_1_85' title="bbox 2181 4192 2357 4249; baseline 0 0"><span class='ocrx_word' id='word_1_541' title='bbox 2181 4192 2357 4249; x_wconf 84' lang='lat' dir='ltr'><strong>stitia.</strong></span> 
     </span>
    </p>
   </div>
   <div class='ocr_carea' id='block_1_86' title="bbox 2249 4277 3757 4352">
    <p class='ocr_par' dir='ltr' id='par_1_86' title="bbox 2249 4277 3757 4352">
     <span class='ocr_line' id='line_1_86' title="bbox 2249 4277 3757 4352; baseline -0.005 -15"><span class='ocrx_word' id='word_1_542' title='bbox 2249 4282 2702 4352; x_wconf 83' lang='lat' dir='ltr'><strong>Increpationibus</strong></span> <span class='ocrx_word' id='word_1_543' title='bbox 2731 4288 2943 4351; x_wconf 83' lang='lat' dir='ltr'><strong>propter</strong></span> <span class='ocrx_word' id='word_1_544' title='bbox 2972 4279 3275 4349; x_wconf 85' lang='lat' dir='ltr'><strong>iniquitates</strong></span> <span class='ocrx_word' id='word_1_545' title='bbox 3327 4277 3549 4332; x_wconf 78' lang='lat' dir='ltr'><strong>erudisti</strong></span> <span class='ocrx_word' id='word_1_546' title='bbox 3573 4277 3757 4332; x_wconf 83' lang='lat' dir='ltr'><strong>homi-</strong></span> 
     </span>
    </p>
   </div>
   <div class='ocr_carea' id='block_1_87' title="bbox 2184 4369 3754 4442">
    <p class='ocr_par' dir='ltr' id='par_1_87' title="bbox 2184 4369 3754 4442">
     <span class='ocr_line' id='line_1_87' title="bbox 2184 4369 3754 4442; baseline -0.004 -14"><span class='ocrx_word' id='word_1_547' title='bbox 2184 4391 2321 4430; x_wconf 87' lang='lat' dir='ltr'><strong>nem.</strong></span> <span class='ocrx_word' id='word_1_548' title='bbox 2360 4373 2494 4428; x_wconf 88' lang='lat' dir='ltr'><strong>Dnm</strong></span> <span class='ocrx_word' id='word_1_549' title='bbox 2523 4375 2795 4442; x_wconf 86' lang='lat' dir='ltr'><strong>inerepas.</strong></span> <span class='ocrx_word' id='word_1_550' title='bbox 2833 4372 3037 4442; x_wconf 86' lang='lat' dir='ltr'><strong>inquit,</strong></span> <span class='ocrx_word' id='word_1_551' title='bbox 3082 4379 3135 4425; x_wconf 88' lang='lat' dir='ltr'><strong>et</strong></span> <span class='ocrx_word' id='word_1_552' title='bbox 3166 4369 3477 4440; x_wconf 89' lang='lat' dir='ltr'><strong>redarguis,</strong></span> <span class='ocrx_word' id='word_1_553' title='bbox 3517 4369 3620 4423; x_wconf 91' lang='lat' dir='ltr'><strong>hoc</strong></span> <span class='ocrx_word' id='word_1_554' title='bbox 3645 4376 3754 4431; x_wconf 86' lang='lat' dir='ltr'><strong>est,</strong></span> 
     </span>
    </p>
   </div>
   <div class='ocr_carea' id='block_1_88' title="bbox 513 4457 2076 4537">
    <p class='ocr_par' dir='ltr' id='par_1_88' title="bbox 513 4457 2076 4535">
     <span class='ocr_line' id='line_1_88' title="bbox 513 4457 2076 4535; baseline -0.006 -15"><span class='ocrx_word' id='word_1_555' title='bbox 513 4466 840 4527; x_wconf 65' lang='grc' dir='ltr'>ἐπαίδευσας</span> <span class='ocrx_word' id='word_1_556' title='bbox 872 4464 1179 4535; x_wconf 83' lang='grc' dir='ltr'>ἄνθρωπον,</span> <span class='ocrx_word' id='word_1_557' title='bbox 1231 4463 1421 4515; x_wconf 72' lang='grc' dir='ltr'>ἕνεκεν</span> <span class='ocrx_word' id='word_1_558' title='bbox 1473 4460 1724 4529; x_wconf 73' lang='grc' dir='ltr'>ἀνομίας,</span> <span class='ocrx_word' id='word_1_559' title='bbox 1766 4460 1827 4512; x_wconf 82' lang='grc' dir='ltr'>οὐ</span> <span class='ocrx_word' id='word_1_560' title='bbox 1860 4459 1930 4512; x_wconf 83' lang='grc' dir='ltr'><strong>δι’</strong></span> <span class='ocrx_word' id='word_1_561' title='bbox 1958 4457 2076 4511; x_wconf 78' lang='grc' dir='ltr'>ἓτε-</span> 
     </span>
    </p>
   </div>
   <div class='ocr_carea' id='block_1_89' title="bbox 2178 4457 3758 4537">
    <p class='ocr_par' dir='ltr' id='par_1_89' title="bbox 2183 4460 3758 4537">
     <span class='ocr_line' id='line_1_89' title="bbox 2183 4460 3758 4537; baseline -0.005 -15"><span class='ocrx_word' id='word_1_562' title='bbox 2183 4467 2312 4522; x_wconf 87' lang='lat' dir='ltr'><strong>dum</strong></span> <span class='ocrx_word' id='word_1_563' title='bbox 2369 4466 2459 4537; x_wconf 87' lang='lat' dir='ltr'><strong>pie</strong></span> <span class='ocrx_word' id='word_1_564' title='bbox 2517 4465 2778 4529; x_wconf 87' lang='lat' dir='ltr'><strong>mederis,</strong></span> <span class='ocrx_word' id='word_1_565' title='bbox 2829 4462 3059 4519; x_wconf 83' lang='lat' dir='ltr'><strong>erudisti</strong></span> <span class='ocrx_word' id='word_1_566' title='bbox 3089 4463 3366 4517; x_wconf 90' lang='lat' dir='ltr'><strong>hominem</strong></span> <span class='ocrx_word' id='word_1_567' title='bbox 3399 4477 3414 4516; x_wconf 91' lang='lat'><strong>:</strong></span> <span class='ocrx_word' id='word_1_568' title='bbox 3451 4467 3617 4530; x_wconf 82' lang='lat' dir='ltr'><strong>atque</strong></span> <span class='ocrx_word' id='word_1_569' title='bbox 3651 4460 3758 4514; x_wconf 90' lang='lat' dir='ltr'><strong>hoc</strong></span> 
     </span>
    </p>
   </div>
   <div class='ocr_carea' id='block_1_90' title="bbox 514 4548 2079 4630">
    <p class='ocr_par' dir='ltr' id='par_1_90' title="bbox 514 4548 2079 4630">
     <span class='ocr_line' id='line_1_90' title="bbox 514 4548 2079 4630; baseline -0.007 -17"><span class='ocrx_word' id='word_1_570' title='bbox 514 4560 607 4630; x_wconf 79' lang='grc' dir='ltr'><strong>ρόν</strong></span> <span class='ocrx_word' id='word_1_571' title='bbox 638 4576 715 4613; x_wconf 91' lang='grc' dir='ltr'><strong>τι.</strong></span> <span class='ocrx_word' id='word_1_572' title='bbox 746 4558 913 4611; x_wconf 82' lang='grc' dir='ltr'>Ὥστε</span> <span class='ocrx_word' id='word_1_573' title='bbox 953 4556 1269 4626; x_wconf 83' lang='grc' dir='ltr'>σωτήριοςή</span> <span class='ocrx_word' id='word_1_574' title='bbox 1307 4554 1522 4608; x_wconf 76' lang='grc' dir='ltr'>παιδεία</span> <span class='ocrx_word' id='word_1_575' title='bbox 1554 4570 1648 4606; x_wconf 89' lang='grc' dir='ltr'><strong>σου</strong></span> <span class='ocrx_word' id='word_1_576' title='bbox 1670 4569 1683 4583; x_wconf 71' lang='grc' dir='ltr'><strong>ο</strong></span> <span class='ocrx_word' id='word_1_577' title='bbox 1707 4552 1993 4622; x_wconf 68' lang='grc' dir='ltr'>ἄνθρωπον</span> <span class='ocrx_word' id='word_1_578' title='bbox 2021 4548 2079 4603; x_wconf 79' lang='grc' dir='ltr'><strong>δὲ</strong></span> 
     </span>
    </p>
   </div>
   <div class='ocr_carea' id='block_1_91' title="bbox 488 4650 896 4729">
    <p class='ocr_par' dir='ltr' id='par_1_91' title="bbox 488 4650 896 4729">
     <span class='ocr_line' id='line_1_91' title="bbox 488 4650 896 4729; baseline -0.002 -24"><span class='ocrx_word' id='word_1_579' title='bbox 488 4726 491 4729; x_wconf 83' lang='lat'><em>_</em></span> <span class='ocrx_word' id='word_1_580' title='bbox 510 4652 659 4720; x_wconf 78' lang='grc' dir='ltr'>λέγει</span> <span class='ocrx_word' id='word_1_581' title='bbox 685 4650 896 4704; x_wconf 80' lang='grc' dir='ltr'>ἑαυτόν.</span> 
     </span>
    </p>
   </div>
   <div class='ocr_carea' id='block_1_92' title="bbox 587 4845 2098 4919">
    <p class='ocr_par' dir='ltr' id='par_1_92' title="bbox 587 4845 2098 4919">
     <span class='ocr_line' id='line_1_92' title="bbox 587 4845 2098 4919; baseline -0.007 -11"><span class='ocrx_word' id='word_1_582' title='bbox 587 4855 693 4909; x_wconf 83' lang='lat' dir='ltr'><strong>Kal</strong></span> <span class='ocrx_word' id='word_1_583' title='bbox 732 4851 1022 4919; x_wconf 78' lang='grc' dir='ltr'>ὲξέτηξας</span> <span class='ocrx_word' id='word_1_584' title='bbox 1047 4850 1127 4917; x_wconf 82' lang='grc' dir='ltr'>ὡς</span> <span class='ocrx_word' id='word_1_585' title='bbox 1178 4847 1452 4916; x_wconf 79' lang='grc' dir='ltr'><strong>ἀράχνην</strong></span> <span class='ocrx_word' id='word_1_586' title='bbox 1470 4845 1588 4914; x_wconf 77' lang='grc' dir='ltr'>τὴν</span> <span class='ocrx_word' id='word_1_587' title='bbox 1617 4845 1830 4914; x_wconf 70' lang='grc' dir='ltr'>ψυχὴν</span> <span class='ocrx_word' id='word_1_588' title='bbox 1871 4845 2098 4918; x_wconf 68' lang='grc' dir='ltr'>αὑτοῦ.</span> 
     </span>
    </p>
   </div>
   <div class='ocr_carea' id='block_1_93' title="bbox 519 4936 2085 5010">
    <p class='ocr_par' dir='ltr' id='par_1_93' title="bbox 519 4936 2085 5010">
     <span class='ocr_line' id='line_1_93' title="bbox 519 4936 2085 5010; baseline -0.006 -13"><span class='ocrx_word' id='word_1_589' title='bbox 519 4945 629 4997; x_wconf 77' lang='grc' dir='ltr'><strong>Καὶ</strong></span> <span class='ocrx_word' id='word_1_590' title='bbox 660 4944 961 5006; x_wconf 82' lang='grc' dir='ltr'>ὲλέπτυνας</span> <span class='ocrx_word' id='word_1_591' title='bbox 990 4941 1195 5010; x_wconf 81' lang='grc' dir='ltr'>ταύτην</span> <span class='ocrx_word' id='word_1_592' title='bbox 1217 4940 1331 5001; x_wconf 81' lang='grc' dir='ltr'>τοῖς</span> <span class='ocrx_word' id='word_1_593' title='bbox 1368 4940 1721 5009; x_wconf 74' lang='grc' dir='ltr'>πειρασμοῖς,</span> <span class='ocrx_word' id='word_1_594' title='bbox 1761 4936 2085 5004; x_wconf 84' lang='grc' dir='ltr'>περικαθαῑ-</span> 
     </span>
    </p>
   </div>
   <div class='ocr_carea' id='block_1_94' title="bbox 522 5029 2085 5106">
    <p class='ocr_par' dir='ltr' id='par_1_94' title="bbox 522 5029 2085 5106">
     <span class='ocr_line' id='line_1_94' title="bbox 522 5029 2085 5106; baseline -0.006 -16"><span class='ocrx_word' id='word_1_595' title='bbox 522 5054 631 5106; x_wconf 82' lang='grc' dir='ltr'>ριιιν</span> <span class='ocrx_word' id='word_1_596' title='bbox 652 5035 715 5090; x_wconf 76' lang='grc' dir='ltr'>τὸ</span> <span class='ocrx_word' id='word_1_597' title='bbox 728 5035 836 5089; x_wconf 79' lang='grc' dir='ltr'>ἀπὸ</span> <span class='ocrx_word' id='word_1_598' title='bbox 863 5037 961 5103; x_wconf 80' lang='grc' dir='ltr'>τῆς</span> <span class='ocrx_word' id='word_1_599' title='bbox 986 5033 1264 5104; x_wconf 73' lang='grc' dir='ltr'>ἀμαρτιας</span> <span class='ocrx_word' id='word_1_600' title='bbox 1285 5032 1457 5100; x_wconf 78' lang='grc' dir='ltr'>πάχος</span> <span class='ocrx_word' id='word_1_601' title='bbox 1485 5029 1653 5099; x_wconf 69' lang='grc' dir='ltr'>αὐτῆς</span> <span class='ocrx_word' id='word_1_602' title='bbox 1675 5046 1690 5061; x_wconf 75' lang='grc' dir='ltr'><strong><em>ο</em></strong></span> <span class='ocrx_word' id='word_1_603' title='bbox 1738 5029 2085 5082; x_wconf 86' lang='grc' dir='ltr'>λεπτὼτατον</span> 
     </span>
    </p>
   </div>
   <div class='ocr_carea' id='block_1_95' title="bbox 515 5119 2082 5207">
    <p class='ocr_par' dir='ltr' id='par_1_95' title="bbox 515 5119 2082 5207">
     <span class='ocr_line' id='line_1_95' title="bbox 515 5119 2082 5207; baseline -0.007 -24"><span class='ocrx_word' id='word_1_604' title='bbox 515 5129 573 5183; x_wconf 81' lang='grc' dir='ltr'><strong>δὲ</strong></span> <span class='ocrx_word' id='word_1_605' title='bbox 603 5128 760 5194; x_wconf 78' lang='grc' dir='ltr'>ζῶον,</span> <span class='ocrx_word' id='word_1_606' title='bbox 796 5129 825 5182; x_wconf 86' lang='grc' dir='ltr'><strong>ό</strong></span> <span class='ocrx_word' id='word_1_607' title='bbox 855 5127 1119 5207; x_wconf 68' lang='grc' dir='ltr'>ἀράχνης,</span> <span class='ocrx_word' id='word_1_608' title='bbox 1174 5124 1268 5177; x_wconf 73' lang='grc' dir='ltr'><strong>καὶ</strong></span> <span class='ocrx_word' id='word_1_609' title='bbox 1317 5122 1518 5194; x_wconf 82' lang='grc' dir='ltr'>μᾶλλον</span> <span class='ocrx_word' id='word_1_610' title='bbox 1551 5121 1644 5174; x_wconf 81' lang='grc' dir='ltr'><strong>ἐπὶ</strong></span> <span class='ocrx_word' id='word_1_611' title='bbox 1679 5123 1793 5182; x_wconf 78' lang='grc' dir='ltr'>τοῖς</span> <span class='ocrx_word' id='word_1_612' title='bbox 1843 5119 2082 5172; x_wconf 82' lang='grc' dir='ltr'>σκέλεσι.</span> 
     </span>
    </p>
   </div>
   <div class='ocr_carea' id='block_1_96' title="bbox 2184 4550 3758 4629">
    <p class='ocr_par' dir='ltr' id='par_1_96' title="bbox 2184 4550 3758 4629">
     <span class='ocr_line' id='line_1_96' title="bbox 2184 4550 3758 4629; baseline -0.005 -17"><span class='ocrx_word' id='word_1_613' title='bbox 2184 4572 2405 4629; x_wconf 88' lang='lat' dir='ltr'><strong>propter</strong></span> <span class='ocrx_word' id='word_1_614' title='bbox 2442 4557 2783 4627; x_wconf 84' lang='lat' dir='ltr'><strong>iniquitates,</strong></span> <span class='ocrx_word' id='word_1_615' title='bbox 2805 4563 2858 4610; x_wconf 88' lang='lat' dir='ltr'><strong>et</strong></span> <span class='ocrx_word' id='word_1_616' title='bbox 2881 4571 2987 4609; x_wconf 91' lang='lat' dir='ltr'><strong>non</strong></span> <span class='ocrx_word' id='word_1_617' title='bbox 3014 4555 3119 4608; x_wconf 87' lang='lat' dir='ltr'><strong>alia</strong></span> <span class='ocrx_word' id='word_1_618' title='bbox 3147 4555 3216 4609; x_wconf 87' lang='lat' dir='ltr'><strong>de</strong></span> <span class='ocrx_word' id='word_1_619' title='bbox 3252 4568 3446 4607; x_wconf 84' lang='lat' dir='ltr'><strong>causa.</strong></span> <span class='ocrx_word' id='word_1_620' title='bbox 3487 4550 3758 4605; x_wconf 84' lang='lat' dir='ltr'><strong>Salutaris</strong></span> 
     </span>
    </p>
   </div>
   <div class='ocr_carea' id='block_1_97' title="bbox 2184 4644 3761 4721">
    <p class='ocr_par' dir='ltr' id='par_1_97' title="bbox 2184 4644 3761 4721">
     <span class='ocr_line' id='line_1_97' title="bbox 2184 4644 3761 4721; baseline -0.007 -13"><span class='ocrx_word' id='word_1_621' title='bbox 2184 4664 2261 4708; x_wconf 85' lang='lat' dir='ltr'><strong>est</strong></span> <span class='ocrx_word' id='word_1_622' title='bbox 2289 4652 2451 4721; x_wconf 81' lang='lat' dir='ltr'><strong>igitur</strong></span> <span class='ocrx_word' id='word_1_623' title='bbox 2508 4650 2798 4720; x_wconf 81' lang='lat' dir='ltr'><strong>castigatio</strong></span> <span class='ocrx_word' id='word_1_624' title='bbox 2841 4658 2964 4712; x_wconf 88' lang='lat' dir='ltr'><strong>tua;</strong></span> <span class='ocrx_word' id='word_1_625' title='bbox 2998 4663 3096 4717; x_wconf 87' lang='lat' dir='ltr'><strong>per</strong></span> <span class='ocrx_word' id='word_1_626' title='bbox 3146 4646 3423 4701; x_wconf 88' lang='lat' dir='ltr'><strong>hominem</strong></span> <span class='ocrx_word' id='word_1_627' title='bbox 3470 4659 3603 4699; x_wconf 76' lang='lat' dir='ltr'><strong>vero</strong></span> <span class='ocrx_word' id='word_1_628' title='bbox 3656 4644 3761 4699; x_wconf 86' lang='lat' dir='ltr'><strong>sei-</strong></span> 
     </span>
    </p>
   </div>
   <div class='ocr_carea' id='block_1_98' title="bbox 2185 4743 2658 4816">
    <p class='ocr_par' dir='ltr' id='par_1_98' title="bbox 2185 4743 2658 4816">
     <span class='ocr_line' id='line_1_98' title="bbox 2185 4743 2658 4816; baseline -0.004 -18"><span class='ocrx_word' id='word_1_629' title='bbox 2185 4759 2342 4816; x_wconf 80' lang='lat' dir='ltr'><strong>psuni</strong></span> <span class='ocrx_word' id='word_1_630' title='bbox 2380 4743 2658 4812; x_wconf 83' lang='lat' dir='ltr'><strong>intelligit.</strong></span> 
     </span>
    </p>
   </div>
   <div class='ocr_carea' id='block_1_99' title="bbox 2251 4829 3763 4891">
    <p class='ocr_par' dir='ltr' id='par_1_99' title="bbox 2251 4829 3763 4891">
     <span class='ocr_line' id='line_1_99' title="bbox 2251 4829 3763 4891; baseline -0.007 0"><span class='ocrx_word' id='word_1_631' title='bbox 2251 4836 2420 4891; x_wconf 76' lang='lat' dir='ltr'><strong>Vens.</strong></span> <span class='ocrx_word' id='word_1_632' title='bbox 2457 4835 2538 4888; x_wconf 71' lang='lat' dir='ltr'><strong>i2.</strong></span> <span class='ocrx_word' id='word_1_633' title='bbox 2580 4834 2645 4888; x_wconf 85' lang='lat' dir='ltr'><strong>Et</strong></span> <span class='ocrx_word' id='word_1_634' title='bbox 2704 4832 2998 4888; x_wconf 75' lang='lat' dir='ltr'><strong>extenuasti</strong></span> <span class='ocrx_word' id='word_1_635' title='bbox 3028 4831 3164 4883; x_wconf 83' lang='lat' dir='ltr'><strong>sicut</strong></span> <span class='ocrx_word' id='word_1_636' title='bbox 3204 4845 3457 4886; x_wconf 86' lang='lat' dir='ltr'><strong>araneam</strong></span> <span class='ocrx_word' id='word_1_637' title='bbox 3528 4829 3763 4883; x_wconf 83' lang='lat' dir='ltr'><strong>animam</strong></span> 
     </span>
    </p>
   </div>
   <div class='ocr_carea' id='block_1_100' title="bbox 2186 4917 3763 4991">
    <p class='ocr_par' dir='ltr' id='par_1_100' title="bbox 2186 4917 3763 4991">
     <span class='ocr_line' id='line_1_100' title="bbox 2186 4917 3763 4991; baseline -0.006 -12"><span class='ocrx_word' id='word_1_638' title='bbox 2186 4943 2376 4979; x_wconf 86' lang='lat' dir='ltr'><strong>meam.</strong></span> <span class='ocrx_word' id='word_1_639' title='bbox 2403 4923 2647 4985; x_wconf 87' lang='lat' dir='ltr'><strong>Crebris,</strong></span> <span class='ocrx_word' id='word_1_640' title='bbox 2703 4923 2899 4991; x_wconf 87' lang='lat' dir='ltr'><strong>inquit,</strong></span> <span class='ocrx_word' id='word_1_641' title='bbox 2958 4920 3358 4975; x_wconf 89' lang='lat' dir='ltr'><strong>tentationibns</strong></span> <span class='ocrx_word' id='word_1_642' title='bbox 3422 4929 3482 4974; x_wconf 89' lang='lat' dir='ltr'><strong>et</strong></span> <span class='ocrx_word' id='word_1_643' title='bbox 3534 4917 3763 4989; x_wconf 88' lang='lat' dir='ltr'><strong>ﬂagellis</strong></span> 
     </span>
    </p>
   </div>
   <div class='ocr_carea' id='block_1_101' title="bbox 2192 5008 3760 5071">
    <p class='ocr_par' dir='ltr' id='par_1_101' title="bbox 2192 5008 3760 5071">
     <span class='ocr_line' id='line_1_101' title="bbox 2192 5008 3760 5071; baseline -0.008 -1"><span class='ocrx_word' id='word_1_644' title='bbox 2192 5014 2490 5071; x_wconf 78' lang='lat' dir='ltr'><strong>attenuaSti</strong></span> <span class='ocrx_word' id='word_1_645' title='bbox 2541 5014 2779 5067; x_wconf 84' lang='lat' dir='ltr'><strong>animam</strong></span> <span class='ocrx_word' id='word_1_646' title='bbox 2845 5028 3018 5067; x_wconf 86' lang='lat' dir='ltr'><strong>meam</strong></span> <span class='ocrx_word' id='word_1_647' title='bbox 3085 5010 3563 5066; x_wconf 87' lang='lat' dir='ltr'><strong>:crassitudinem</strong></span> <span class='ocrx_word' id='word_1_648' title='bbox 3614 5008 3760 5059; x_wconf 78' lang='lat' dir='ltr'><strong>illam</strong></span> 
     </span>
    </p>
   </div>
   <div class='ocr_carea' id='block_1_102' title="bbox 2194 5099 3763 5177">
    <p class='ocr_par' dir='ltr' id='par_1_102' title="bbox 2194 5099 3763 5177">
     <span class='ocr_line' id='line_1_102' title="bbox 2194 5099 3763 5177; baseline -0.01 -13"><span class='ocrx_word' id='word_1_649' title='bbox 2194 5109 2477 5171; x_wconf 87' lang='lat' dir='ltr'><strong>nimirum,</strong></span> <span class='ocrx_word' id='word_1_650' title='bbox 2512 5121 2635 5177; x_wconf 72' lang='lat' dir='ltr'><strong>qua:</strong></span> <span class='ocrx_word' id='word_1_651' title='bbox 2679 5108 2750 5162; x_wconf 90' lang='lat' dir='ltr'><strong>ob</strong></span> <span class='ocrx_word' id='word_1_652' title='bbox 2779 5116 3003 5177; x_wconf 87' lang='lat' dir='ltr'><strong>peccata</strong></span> <span class='ocrx_word' id='word_1_653' title='bbox 3038 5113 3418 5168; x_wconf 83' lang='lat' dir='ltr'><strong>concreverat,</strong></span> <span class='ocrx_word' id='word_1_654' title='bbox 3450 5101 3498 5155; x_wconf 90' lang='lat' dir='ltr'><strong>ei</strong></span> <span class='ocrx_word' id='word_1_655' title='bbox 3525 5099 3763 5151; x_wconf 84' lang='lat' dir='ltr'><strong>circum-</strong></span> 
     </span>
    </p>
   </div>
   <div class='ocr_carea' id='block_1_103' title="bbox 519 5188 2076 5290">
    <p class='ocr_par' dir='ltr' id='par_1_103' title="bbox 519 5188 2076 5290">
     <span class='ocr_line' id='line_1_103' title="bbox 519 5188 2076 5290; baseline -0.008 -16"><span class='ocrx_word' id='word_1_656' title='bbox 519 5188 757 5290; x_wconf 71' lang='grc' dir='ltr'>Παχύνει</span> <span class='ocrx_word' id='word_1_657' title='bbox 810 5188 909 5290; x_wconf 77' lang='grc' dir='ltr'>μὲν</span> <span class='ocrx_word' id='word_1_658' title='bbox 940 5188 1067 5288; x_wconf 30' lang='grc' dir='ltr'>γ’ἀρτ</span> <span class='ocrx_word' id='word_1_659' title='bbox 1088 5188 1187 5286; x_wconf 76' lang='grc' dir='ltr'>τὴν</span> <span class='ocrx_word' id='word_1_660' title='bbox 1239 5188 1417 5289; x_wconf 71' lang='grc' dir='ltr'>ψυχὴν</span> <span class='ocrx_word' id='word_1_661' title='bbox 1516 5209 1759 5283; x_wconf 72' lang='grc' dir='ltr'>ἁμαρτία</span> <span class='ocrx_word' id='word_1_662' title='bbox 1780 5227 1795 5242; x_wconf 90' lang='grc'><strong>·</strong></span> <span class='ocrx_word' id='word_1_663' title='bbox 1834 5209 2076 5275; x_wconf 73' lang='grc' dir='ltr'>λεπτύνει</span> 
     </span>
    </p>
   </div>
   <div class='ocr_carea' id='block_1_104' title="bbox 2178 5188 3766 5290">
    <p class='ocr_par' dir='ltr' id='par_1_104' title="bbox 2191 5188 3766 5256">
     <span class='ocr_line' id='line_1_104' title="bbox 2191 5188 3766 5256; baseline -0.008 -1"><span class='ocrx_word' id='word_1_664' title='bbox 2191 5202 2399 5256; x_wconf 83' lang='lat' dir='ltr'><strong>eidens.</strong></span> <span class='ocrx_word' id='word_1_665' title='bbox 2453 5200 2545 5253; x_wconf 85' lang='lat' dir='ltr'><strong>Est</strong></span> <span class='ocrx_word' id='word_1_666' title='bbox 2602 5208 2785 5255; x_wconf 87' lang='lat' dir='ltr'><strong>autem</strong></span> <span class='ocrx_word' id='word_1_667' title='bbox 2849 5214 3044 5254; x_wconf 87' lang='lat' dir='ltr'><strong>aranea</strong></span> <span class='ocrx_word' id='word_1_668' title='bbox 3074 5200 3215 5254; x_wconf 71' lang='lat' dir='ltr'><strong>exile</strong></span> <span class='ocrx_word' id='word_1_669' title='bbox 3244 5193 3473 5255; x_wconf 87' lang='lat' dir='ltr'><strong>animal,</strong></span> <span class='ocrx_word' id='word_1_670' title='bbox 3495 5188 3582 5244; x_wconf 88' lang='lat' dir='ltr'><strong>cui</strong></span> <span class='ocrx_word' id='word_1_671' title='bbox 3618 5203 3766 5243; x_wconf 87' lang='lat' dir='ltr'><strong>nunc</strong></span> 
     </span>
    </p>
   </div>
   <div class='ocr_carea' id='block_1_105' title="bbox 517 5307 1039 5381">
    <p class='ocr_par' dir='ltr' id='par_1_105' title="bbox 517 5307 1039 5381">
     <span class='ocr_line' id='line_1_105' title="bbox 517 5307 1039 5381; baseline -0.008 -16"><span class='ocrx_word' id='word_1_672' title='bbox 517 5311 573 5365; x_wconf 75' lang='grc' dir='ltr'><strong>δὲ</strong></span> <span class='ocrx_word' id='word_1_673' title='bbox 607 5311 640 5381; x_wconf 82' lang='grc' dir='ltr'><strong>ἠ</strong></span> <span class='ocrx_word' id='word_1_674' title='bbox 671 5307 1039 5363; x_wconf 79' lang='grc' dir='ltr'>κακοπάθεια.</span> 
     </span>
    </p>
   </div>
   <div class='ocr_carea' id='block_1_106' title="bbox 590 5570 2087 5645">
    <p class='ocr_par' dir='ltr' id='par_1_106' title="bbox 590 5570 2087 5645">
     <span class='ocr_line' id='line_1_106' title="bbox 590 5570 2087 5645; baseline -0.002 -18"><span class='ocrx_word' id='word_1_675' title='bbox 590 5573 765 5639; x_wconf 68' lang='grc' dir='ltr'><strong>Πλὴν</strong></span> <span class='ocrx_word' id='word_1_676' title='bbox 804 5573 1007 5645; x_wconf 78' lang='grc' dir='ltr'>μάτην</span> <span class='ocrx_word' id='word_1_677' title='bbox 1031 5572 1149 5640; x_wconf 83' lang='grc' dir='ltr'>πᾶς</span> <span class='ocrx_word' id='word_1_678' title='bbox 1189 5574 1520 5642; x_wconf 76' lang='grc' dir='ltr'>ἄνθρωπος.</span> <span class='ocrx_word' id='word_1_679' title='bbox 1551 5571 1720 5625; x_wconf 79' lang='grc' dir='ltr'>Πάλιν</span> <span class='ocrx_word' id='word_1_680' title='bbox 1751 5570 2087 5624; x_wconf 82' lang='grc' dir='ltr'>ὲπανέλαϐεν</span> 
     </span>
    </p>
   </div>
   <div class='ocr_carea' id='block_1_107' title="bbox 610 5752 1778 5829">
    <p class='ocr_par' dir='ltr' id='par_1_107' title="bbox 610 5752 1778 5829">
     <span class='ocr_line' id='line_1_107' title="bbox 610 5752 1778 5829; baseline -0.007 -17"><span class='ocrx_word' id='word_1_681' title='bbox 610 5759 655 5801; x_wconf 61' lang='grc'><strong>*⁸</strong></span> <span class='ocrx_word' id='word_1_682' title='bbox 682 5758 724 5815; x_wconf 91' lang='grc' dir='ltr'><strong>ΙΙ</strong></span> <span class='ocrx_word' id='word_1_683' title='bbox 755 5756 889 5829; x_wconf 63' lang='lat' dir='ltr'><strong>Reg.</strong></span> <span class='ocrx_word' id='word_1_684' title='bbox 920 5773 1031 5823; x_wconf 77' lang='lat' dir='ltr'><strong>xw,</strong></span> <span class='ocrx_word' id='word_1_685' title='bbox 1071 5757 1152 5811; x_wconf 86' lang='grc' dir='ltr'>ίθ.</span> <span class='ocrx_word' id='word_1_686' title='bbox 1265 5754 1303 5786; x_wconf 85' lang='grc'>¹¹</span> <span class='ocrx_word' id='word_1_687' title='bbox 1331 5752 1473 5813; x_wconf 79' lang='lat' dir='ltr'><strong>Psal.</strong></span> <span class='ocrx_word' id='word_1_688' title='bbox 1511 5767 1659 5817; x_wconf 69' lang='lat' dir='ltr'><strong>ms,</strong></span> <span class='ocrx_word' id='word_1_689' title='bbox 1687 5752 1778 5805; x_wconf 73' lang='lat'><strong>2|.</strong></span> 
     </span>
    </p>
   </div>
   <div class='ocr_carea' id='block_1_108' title="bbox 2197 5280 3765 5361">
    <p class='ocr_par' dir='ltr' id='par_1_108' title="bbox 2197 5280 3765 5361">
     <span class='ocr_line' id='line_1_108' title="bbox 2197 5280 3765 5361; baseline -0.009 -13"><span class='ocrx_word' id='word_1_690' title='bbox 2197 5293 2435 5348; x_wconf 85' lang='lat' dir='ltr'><strong>animam</strong></span> <span class='ocrx_word' id='word_1_691' title='bbox 2503 5307 2659 5348; x_wconf 86' lang='lat' dir='ltr'><strong>suam</strong></span> <span class='ocrx_word' id='word_1_692' title='bbox 2732 5299 3035 5361; x_wconf 85' lang='lat' dir='ltr'><strong>comparat.</strong></span> <span class='ocrx_word' id='word_1_693' title='bbox 3091 5289 3241 5344; x_wconf 88' lang='lat' dir='ltr'><strong>Solet</strong></span> <span class='ocrx_word' id='word_1_694' title='bbox 3294 5286 3436 5339; x_wconf 91' lang='lat' dir='ltr'><strong>enim</strong></span> <span class='ocrx_word' id='word_1_695' title='bbox 3499 5280 3679 5335; x_wconf 89' lang='lat' dir='ltr'><strong>anima</strong></span> <span class='ocrx_word' id='word_1_696' title='bbox 3733 5294 3765 5334; x_wconf 79' lang='grc' dir='ltr'><strong>ιι</strong></span> 
     </span>
    </p>
   </div>
   <div class='ocr_carea' id='block_1_109' title="bbox 2197 5376 3766 5457">
    <p class='ocr_par' dir='ltr' id='par_1_109' title="bbox 2197 5376 3766 5457">
     <span class='ocr_line' id='line_1_109' title="bbox 2197 5376 3766 5457; baseline -0.009 -19"><span class='ocrx_word' id='word_1_697' title='bbox 2197 5387 2434 5457; x_wconf 78' lang='lat' dir='ltr'><strong>peccatis</strong></span> <span class='ocrx_word' id='word_1_698' title='bbox 2474 5385 2878 5457; x_wconf 89' lang='lat' dir='ltr'><strong>quodammodo</strong></span> <span class='ocrx_word' id='word_1_699' title='bbox 2929 5382 3166 5438; x_wconf 86' lang='lat' dir='ltr'><strong>crassior</strong></span> <span class='ocrx_word' id='word_1_700' title='bbox 3192 5376 3381 5442; x_wconf 88' lang='lat' dir='ltr'><strong>reddi,</strong></span> <span class='ocrx_word' id='word_1_701' title='bbox 3411 5385 3465 5429; x_wconf 89' lang='lat' dir='ltr'><strong>et</strong></span> <span class='ocrx_word' id='word_1_702' title='bbox 3530 5380 3723 5427; x_wconf 89' lang='lat' dir='ltr'><strong>contra</strong></span> <span class='ocrx_word' id='word_1_703' title='bbox 3746 5411 3766 5441; x_wconf 86' lang='lat'><strong>,</strong></span> 
     </span>
    </p>
   </div>
   <div class='ocr_carea' id='block_1_110' title="bbox 2198 5470 3165 5547">
    <p class='ocr_par' dir='ltr' id='par_1_110' title="bbox 2198 5470 3165 5547">
     <span class='ocr_line' id='line_1_110' title="bbox 2198 5470 3165 5547; baseline -0.007 -15"><span class='ocrx_word' id='word_1_704' title='bbox 2198 5477 2486 5532; x_wconf 87' lang='lat' dir='ltr'><strong>aﬂlictione</strong></span> <span class='ocrx_word' id='word_1_705' title='bbox 2523 5485 2576 5532; x_wconf 87' lang='lat' dir='ltr'><strong>et</strong></span> <span class='ocrx_word' id='word_1_706' title='bbox 2611 5476 2839 5547; x_wconf 87' lang='lat' dir='ltr'><strong>ﬂagellis</strong></span> <span class='ocrx_word' id='word_1_707' title='bbox 2871 5470 3165 5530; x_wconf 84' lang='lat' dir='ltr'><strong>attenuari.</strong></span> 
     </span>
    </p>
   </div>
   <div class='ocr_carea' id='block_1_111' title="bbox 2282 5557 3768 5637">
    <p class='ocr_par' dir='ltr' id='par_1_111' title="bbox 2282 5557 3768 5637">
     <span class='ocr_line' id='line_1_111' title="bbox 2282 5557 3768 5637; baseline -0.003 -17"><span class='ocrx_word' id='word_1_708' title='bbox 2282 5565 2650 5622; x_wconf 79' lang='lat' dir='ltr'><strong>Verumtamen</strong></span> <span class='ocrx_word' id='word_1_709' title='bbox 2710 5567 2917 5637; x_wconf 80' lang='lat' dir='ltr'><strong>[rustra</strong></span> <span class='ocrx_word' id='word_1_710' title='bbox 2959 5563 3128 5617; x_wconf 85' lang='lat' dir='ltr'><strong>omnis</strong></span> <span class='ocrx_word' id='word_1_711' title='bbox 3157 5560 3335 5615; x_wconf 84' lang='lat' dir='ltr'><strong>homo.</strong></span> <span class='ocrx_word' id='word_1_712' title='bbox 3369 5557 3450 5614; x_wconf 78' lang='lat' dir='ltr'><strong>Ad</strong></span> <span class='ocrx_word' id='word_1_713' title='bbox 3504 5571 3768 5630; x_wconf 68' lang='lat' dir='ltr'><strong>majorem</strong></span> 
     </span>
    </p>
   </div>
   <div class='ocr_carea' id='block_1_112' title="bbox 1859 5748 2482 5815">
    <p class='ocr_par' dir='ltr' id='par_1_112' title="bbox 1859 5748 2482 5815">
     <span class='ocr_line' id='line_1_112' title="bbox 1859 5748 2482 5815; baseline -0.01 -7"><span class='ocrx_word' id='word_1_714' title='bbox 1859 5752 2071 5808; x_wconf 78' lang='lat' dir='ltr'><strong>&quot;Psnl.</strong></span> <span class='ocrx_word' id='word_1_715' title='bbox 2125 5765 2331 5815; x_wconf 75' lang='lat' dir='ltr'><strong>xxxvii,</strong></span> <span class='ocrx_word' id='word_1_716' title='bbox 2396 5748 2482 5803; x_wconf 79' lang='grc'>18.</span> 
     </span>
    </p>
   </div>
  </div>
