  <div class='ocr_page' id='page_1' title='image "/cluster/home/n/w/nwhite01/storage/ocr_20150623/128/hvd.32044073502403/229.png"; bbox 0 0 4072 6202; ppageno 0'>
   <div class='ocr_carea' id='block_1_1' title="bbox 421 323 528 385">
    <p class='ocr_par' dir='ltr' id='par_1_1' title="bbox 421 323 528 385">
     <span class='ocr_line' id='line_1_1' title="bbox 421 323 528 385; baseline 0.009 -1"><span class='ocrx_word' id='word_1_1' title='bbox 421 323 528 385; x_wconf 62' lang='grc'><strong>447</strong></span> 
     </span>
    </p>
   </div>
   <div class='ocr_carea' id='block_1_2' title="bbox 1642 325 2436 389">
    <p class='ocr_par' dir='ltr' id='par_1_2' title="bbox 1642 325 2436 389">
     <span class='ocr_line' id='line_1_2' title="bbox 1642 325 2436 389; baseline -0.01 0"><span class='ocrx_word' id='word_1_2' title='bbox 1642 326 2030 389; x_wconf 82' lang='lat' dir='ltr'><strong>EUTHYMII</strong></span> <span class='ocrx_word' id='word_1_3' title='bbox 2072 325 2436 384; x_wconf 81' lang='lat' dir='ltr'><strong>ZlGABENl</strong></span> 
     </span>
    </p>
   </div>
   <div class='ocr_carea' id='block_1_3' title="bbox 3583 309 3686 374">
    <p class='ocr_par' dir='ltr' id='par_1_3' title="bbox 3583 309 3686 374">
     <span class='ocr_line' id='line_1_3' title="bbox 3583 309 3686 374; baseline 0.01 -2"><span class='ocrx_word' id='word_1_4' title='bbox 3583 309 3686 374; x_wconf 67' lang='grc'><strong>443</strong></span> 
     </span>
    </p>
   </div>
   <div class='ocr_carea' id='block_1_4' title="bbox 426 427 2007 505">
    <p class='ocr_par' dir='ltr' id='par_1_4' title="bbox 426 436 2006 503">
     <span class='ocr_line' id='line_1_4' title="bbox 426 436 2006 503; baseline 0.003 -17"><span class='ocrx_word' id='word_1_5' title='bbox 426 436 925 492; x_wconf 73' lang='lat' dir='ltr'><strong>mrroborationem</strong></span> <span class='ocrx_word' id='word_1_6' title='bbox 983 436 1274 492; x_wconf 71' lang='lat' dir='ltr'><strong>sententiae</strong></span> <span class='ocrx_word' id='word_1_7' title='bbox 1326 453 1353 491; x_wconf 89' lang='lat' dir='ltr'><strong>a</strong></span> <span class='ocrx_word' id='word_1_8' title='bbox 1399 453 1458 493; x_wconf 89' lang='lat' dir='ltr'><strong>se</strong></span> <span class='ocrx_word' id='word_1_9' title='bbox 1520 438 1704 503; x_wconf 76' lang='lat' dir='ltr'><strong>dieue,</strong></span> <span class='ocrx_word' id='word_1_10' title='bbox 1753 438 2006 493; x_wconf 85' lang='lat' dir='ltr'><strong>eumdem</strong></span> 
     </span>
    </p>
   </div>
   <div class='ocr_carea' id='block_1_5' title="bbox 2110 427 3683 505">
    <p class='ocr_par' dir='ltr' id='par_1_5' title="bbox 2111 427 3683 505">
     <span class='ocr_line' id='line_1_5' title="bbox 2111 427 3683 505; baseline -0.005 -15"><span class='ocrx_word' id='word_1_11' title='bbox 2111 437 2202 490; x_wconf 83' lang='grc' dir='ltr'><strong>τὸν</strong></span> <span class='ocrx_word' id='word_1_12' title='bbox 2251 434 2380 505; x_wconf 80' lang='grc' dir='ltr'>περὶ</span> <span class='ocrx_word' id='word_1_13' title='bbox 2401 433 2592 486; x_wconf 85' lang='grc' dir='ltr'>τούτου</span> <span class='ocrx_word' id='word_1_14' title='bbox 2616 431 2774 500; x_wconf 84' lang='grc' dir='ltr'>λόγον</span> <span class='ocrx_word' id='word_1_15' title='bbox 2817 429 2952 500; x_wconf 74' lang='grc' dir='ltr'>πρδς</span> <span class='ocrx_word' id='word_1_16' title='bbox 3006 427 3361 499; x_wconf 75' lang='grc' dir='ltr'>βεϐαιοτέραν</span> <span class='ocrx_word' id='word_1_17' title='bbox 3409 428 3683 498; x_wconf 72' lang='grc' dir='ltr'>πληροφο-</span> 
     </span>
    </p>
   </div>
   <div class='ocr_carea' id='block_1_6' title="bbox 431 529 2004 601">
    <p class='ocr_par' dir='ltr' id='par_1_6' title="bbox 431 529 2004 601">
     <span class='ocr_line' id='line_1_6' title="bbox 431 529 2004 601; baseline 0.003 -22"><span class='ocrx_word' id='word_1_18' title='bbox 431 529 702 599; x_wconf 84' lang='lat' dir='ltr'><strong>Pr0pheta</strong></span> <span class='ocrx_word' id='word_1_19' title='bbox 758 529 955 597; x_wconf 77' lang='lat' dir='ltr'><strong>repetit</strong></span> <span class='ocrx_word' id='word_1_20' title='bbox 977 545 1330 598; x_wconf 84' lang='lat' dir='ltr'><strong>sermonem;</strong></span> <span class='ocrx_word' id='word_1_21' title='bbox 1363 531 1889 601; x_wconf 85' lang='lat' dir='ltr'><strong>subintelligendum</strong></span> <span class='ocrx_word' id='word_1_22' title='bbox 1921 540 2004 585; x_wconf 83' lang='lat' dir='ltr'><strong>est</strong></span> 
     </span>
    </p>
   </div>
   <div class='ocr_carea' id='block_1_7' title="bbox 428 616 1293 676">
    <p class='ocr_par' dir='ltr' id='par_1_7' title="bbox 428 616 1293 676">
     <span class='ocr_line' id='line_1_7' title="bbox 428 616 1293 676; baseline 0.008 -8"><span class='ocrx_word' id='word_1_23' title='bbox 428 629 606 670; x_wconf 90' lang='lat' dir='ltr'><strong>tamen</strong></span> <span class='ocrx_word' id='word_1_24' title='bbox 631 617 876 672; x_wconf 84' lang='lat' dir='ltr'><strong>verbum.</strong></span> <span class='ocrx_word' id='word_1_25' title='bbox 907 616 1293 676; x_wconf 81' lang='lat' dir='ltr'><strong>Conlurbatur.</strong></span> 
     </span>
    </p>
   </div>
   <div class='ocr_carea' id='block_1_8' title="bbox 498 703 2004 772">
    <p class='ocr_par' dir='ltr' id='par_1_8' title="bbox 498 703 2004 772">
     <span class='ocr_line' id='line_1_8' title="bbox 498 703 2004 772; baseline 0.001 -13"><span class='ocrx_word' id='word_1_26' title='bbox 498 705 665 760; x_wconf 73' lang='lat' dir='ltr'><strong>Vens.</strong></span> <span class='ocrx_word' id='word_1_27' title='bbox 697 705 783 758; x_wconf 78' lang='grc'><strong>15.</strong></span> <span class='ocrx_word' id='word_1_28' title='bbox 849 703 1062 759; x_wconf 78' lang='lat' dir='ltr'><strong>Exaudi</strong></span> <span class='ocrx_word' id='word_1_29' title='bbox 1124 711 1421 763; x_wconf 88' lang='lat' dir='ltr'><strong>orationem</strong></span> <span class='ocrx_word' id='word_1_30' title='bbox 1449 725 1619 762; x_wconf 88' lang='lat' dir='ltr'><strong>meam</strong></span> <span class='ocrx_word' id='word_1_31' title='bbox 1642 750 1657 772; x_wconf 87' lang='lat'><strong>,</strong></span> <span class='ocrx_word' id='word_1_32' title='bbox 1687 709 1928 768; x_wconf 78' lang='lat' dir='ltr'><strong>Domine.</strong></span> <span class='ocrx_word' id='word_1_33' title='bbox 1953 717 2004 762; x_wconf 89' lang='lat' dir='ltr'><strong>et</strong></span> 
     </span>
    </p>
   </div>
   <div class='ocr_carea' id='block_1_9' title="bbox 427 796 2006 868">
    <p class='ocr_par' dir='ltr' id='par_1_9' title="bbox 427 796 2006 868">
     <span class='ocr_line' id='line_1_9' title="bbox 427 796 2006 868; baseline 0.001 -18"><span class='ocrx_word' id='word_1_34' title='bbox 427 796 861 865; x_wconf 72' lang='lat' dir='ltr'><strong>supplicationem</strong></span> <span class='ocrx_word' id='word_1_35' title='bbox 918 813 1087 851; x_wconf 87' lang='lat' dir='ltr'><strong>meam</strong></span> <span class='ocrx_word' id='word_1_36' title='bbox 1131 799 1352 852; x_wconf 76' lang='lat' dir='ltr'><strong>auribus</strong></span> <span class='ocrx_word' id='word_1_37' title='bbox 1406 801 1630 868; x_wconf 79' lang='lat' dir='ltr'><strong>percipe.</strong></span> <span class='ocrx_word' id='word_1_38' title='bbox 1666 798 1812 853; x_wconf 83' lang='lat' dir='ltr'><strong>Idem</strong></span> <span class='ocrx_word' id='word_1_39' title='bbox 1851 814 2006 867; x_wconf 62' lang='lat' dir='ltr'><strong>aeque</strong></span> 
     </span>
    </p>
   </div>
   <div class='ocr_carea' id='block_1_10' title="bbox 427 887 2006 960">
    <p class='ocr_par' dir='ltr' id='par_1_10' title="bbox 427 887 2006 960">
     <span class='ocr_line' id='line_1_10' title="bbox 427 887 2006 960; baseline 0.001 -18"><span class='ocrx_word' id='word_1_40' title='bbox 427 888 736 958; x_wconf 72' lang='lat' dir='ltr'><strong>significant</strong></span> <span class='ocrx_word' id='word_1_41' title='bbox 765 887 878 943; x_wconf 66' lang='lat' dir='ltr'><strong>haec</strong></span> <span class='ocrx_word' id='word_1_42' title='bbox 907 889 1093 954; x_wconf 78' lang='lat' dir='ltr'><strong>verba,</strong></span> <span class='ocrx_word' id='word_1_43' title='bbox 1121 904 1217 958; x_wconf 87' lang='lat' dir='ltr'><strong>per</strong></span> <span class='ocrx_word' id='word_1_44' title='bbox 1249 890 1574 960; x_wconf 85' lang='lat' dir='ltr'><strong>Prophetam</strong></span> <span class='ocrx_word' id='word_1_45' title='bbox 1613 905 1764 944; x_wconf 87' lang='lat' dir='ltr'><strong>more</strong></span> <span class='ocrx_word' id='word_1_46' title='bbox 1797 904 1900 944; x_wconf 90' lang='lat' dir='ltr'><strong>suo</strong></span> <span class='ocrx_word' id='word_1_47' title='bbox 1927 890 2006 944; x_wconf 87' lang='lat' dir='ltr'><strong>sic</strong></span> 
     </span>
    </p>
   </div>
   <div class='ocr_carea' id='block_1_11' title="bbox 427 978 782 1047">
    <p class='ocr_par' dir='ltr' id='par_1_11' title="bbox 427 978 782 1047">
     <span class='ocr_line' id='line_1_11' title="bbox 427 978 782 1047; baseline 0.008 -17"><span class='ocrx_word' id='word_1_48' title='bbox 427 978 782 1047; x_wconf 69' lang='lat' dir='ltr'><strong>ingeminata.</strong></span> 
     </span>
    </p>
   </div>
   <div class='ocr_carea' id='block_1_12' title="bbox 495 1070 2000 1142">
    <p class='ocr_par' dir='ltr' id='par_1_12' title="bbox 495 1070 2000 1142">
     <span class='ocr_line' id='line_1_12' title="bbox 495 1070 2000 1142; baseline 0.001 -17"><span class='ocrx_word' id='word_1_49' title='bbox 495 1070 786 1141; x_wconf 83' lang='lat' dir='ltr'><strong>Lacrymas</strong></span> <span class='ocrx_word' id='word_1_50' title='bbox 817 1089 958 1127; x_wconf 81' lang='lat' dir='ltr'><strong>meas</strong></span> <span class='ocrx_word' id='word_1_51' title='bbox 976 1090 1038 1126; x_wconf 92' lang='lat' dir='ltr'><strong>ne</strong></span> <span class='ocrx_word' id='word_1_52' title='bbox 1057 1074 1236 1130; x_wconf 79' lang='lat' dir='ltr'><strong>sileas.</strong></span> <span class='ocrx_word' id='word_1_53' title='bbox 1256 1074 1312 1128; x_wconf 89' lang='lat' dir='ltr'><strong>ld</strong></span> <span class='ocrx_word' id='word_1_54' title='bbox 1339 1081 1444 1139; x_wconf 81' lang='lat' dir='ltr'><strong>est,</strong></span> <span class='ocrx_word' id='word_1_55' title='bbox 1467 1074 1540 1128; x_wconf 85' lang='lat' dir='ltr'><strong>Ne</strong></span> <span class='ocrx_word' id='word_1_56' title='bbox 1554 1073 1844 1142; x_wconf 79' lang='lat' dir='ltr'><strong>despicias.</strong></span> <span class='ocrx_word' id='word_1_57' title='bbox 1867 1072 2000 1126; x_wconf 87' lang='lat' dir='ltr'><strong>Nam</strong></span> 
     </span>
    </p>
   </div>
   <div class='ocr_carea' id='block_1_13' title="bbox 426 1163 2004 1233">
    <p class='ocr_par' dir='ltr' id='par_1_13' title="bbox 426 1163 2004 1233">
     <span class='ocr_line' id='line_1_13' title="bbox 426 1163 2004 1233; baseline 0.002 -17"><span class='ocrx_word' id='word_1_58' title='bbox 426 1163 519 1232; x_wconf 90' lang='lat' dir='ltr'><strong>qui</strong></span> <span class='ocrx_word' id='word_1_59' title='bbox 565 1164 801 1231; x_wconf 74' lang='lat' dir='ltr'><strong>aliquem</strong></span> <span class='ocrx_word' id='word_1_60' title='bbox 870 1165 1206 1233; x_wconf 78' lang='lat' dir='ltr'><strong>deSpiciunt,</strong></span> <span class='ocrx_word' id='word_1_61' title='bbox 1236 1173 1420 1220; x_wconf 85' lang='lat' dir='ltr'><strong>tacere</strong></span> <span class='ocrx_word' id='word_1_62' title='bbox 1445 1165 1645 1220; x_wconf 81' lang='lat' dir='ltr'><strong>solent.</strong></span> <span class='ocrx_word' id='word_1_63' title='bbox 1682 1165 2004 1219; x_wconf 79' lang='lat' dir='ltr'><strong>lndill‘erens</strong></span> 
     </span>
    </p>
   </div>
   <div class='ocr_carea' id='block_1_14' title="bbox 427 1253 2005 1318">
    <p class='ocr_par' dir='ltr' id='par_1_14' title="bbox 427 1253 2005 1318">
     <span class='ocr_line' id='line_1_14' title="bbox 427 1253 2005 1318; baseline 0.004 -16"><span class='ocrx_word' id='word_1_64' title='bbox 427 1263 604 1306; x_wconf 82' lang='lat' dir='ltr'><strong>autem</strong></span> <span class='ocrx_word' id='word_1_65' title='bbox 627 1263 712 1308; x_wconf 88' lang='lat' dir='ltr'><strong>cst</strong></span> <span class='ocrx_word' id='word_1_66' title='bbox 745 1255 1088 1308; x_wconf 82' lang='lat' dir='ltr'><strong>constructio</strong></span> <span class='ocrx_word' id='word_1_67' title='bbox 1120 1255 1435 1318; x_wconf 85' lang='lat' dir='ltr'><strong>verborum,</strong></span> <span class='ocrx_word' id='word_1_68' title='bbox 1467 1254 1683 1308; x_wconf 74' lang='lat' dir='ltr'><strong>Exaudi</strong></span> <span class='ocrx_word' id='word_1_69' title='bbox 1724 1262 1778 1309; x_wconf 89' lang='lat' dir='ltr'><strong>et</strong></span> <span class='ocrx_word' id='word_1_70' title='bbox 1813 1253 1896 1308; x_wconf 88' lang='lat' dir='ltr'><strong>Ne</strong></span> <span class='ocrx_word' id='word_1_71' title='bbox 1929 1256 2005 1309; x_wconf 87' lang='lat' dir='ltr'><strong>si-</strong></span> 
     </span>
    </p>
   </div>
   <div class='ocr_carea' id='block_1_15' title="bbox 427 1345 2006 1418">
    <p class='ocr_par' dir='ltr' id='par_1_15' title="bbox 427 1345 2006 1418">
     <span class='ocr_line' id='line_1_15' title="bbox 427 1345 2006 1418; baseline 0.003 -22"><span class='ocrx_word' id='word_1_72' title='bbox 427 1346 558 1398; x_wconf 85' lang='lat' dir='ltr'><strong>leas.</strong></span> <span class='ocrx_word' id='word_1_73' title='bbox 603 1345 735 1399; x_wconf 87' lang='lat' dir='ltr'><strong>Illud</strong></span> <span class='ocrx_word' id='word_1_74' title='bbox 768 1349 934 1400; x_wconf 89' lang='lat' dir='ltr'><strong>etiam</strong></span> <span class='ocrx_word' id='word_1_75' title='bbox 967 1349 1283 1414; x_wconf 87' lang='lat' dir='ltr'><strong>considera,</strong></span> <span class='ocrx_word' id='word_1_76' title='bbox 1338 1347 1611 1418; x_wconf 85' lang='lat' dir='ltr'><strong>quomodo</strong></span> <span class='ocrx_word' id='word_1_77' title='bbox 1654 1362 1764 1401; x_wconf 90' lang='lat' dir='ltr'><strong>non</strong></span> <span class='ocrx_word' id='word_1_78' title='bbox 1794 1348 2006 1417; x_wconf 57' lang='lat' dir='ltr'><strong>simpli.</strong></span> 
     </span>
    </p>
   </div>
   <div class='ocr_carea' id='block_1_16' title="bbox 425 1437 1826 1508">
    <p class='ocr_par' dir='ltr' id='par_1_16' title="bbox 425 1437 1826 1508">
     <span class='ocr_line' id='line_1_16' title="bbox 425 1437 1826 1508; baseline 0.004 -20"><span class='ocrx_word' id='word_1_79' title='bbox 425 1438 563 1491; x_wconf 72' lang='lat' dir='ltr'><strong>riter</strong></span> <span class='ocrx_word' id='word_1_80' title='bbox 585 1447 704 1492; x_wconf 84' lang='lat' dir='ltr'><strong>orat</strong></span> <span class='ocrx_word' id='word_1_81' title='bbox 735 1437 1011 1508; x_wconf 79' lang='lat' dir='ltr'><strong>Propheta</strong></span> <span class='ocrx_word' id='word_1_82' title='bbox 1040 1449 1243 1504; x_wconf 88' lang='lat' dir='ltr'><strong>noster,</strong></span> <span class='ocrx_word' id='word_1_83' title='bbox 1281 1439 1373 1494; x_wconf 89' lang='lat' dir='ltr'><strong>sed</strong></span> <span class='ocrx_word' id='word_1_84' title='bbox 1403 1454 1524 1493; x_wconf 88' lang='lat' dir='ltr'><strong>cum</strong></span> <span class='ocrx_word' id='word_1_85' title='bbox 1552 1438 1826 1508; x_wconf 83' lang='lat' dir='ltr'><strong>laerymis.</strong></span> 
     </span>
    </p>
   </div>
   <div class='ocr_carea' id='block_1_17' title="bbox 497 1527 2005 1600">
    <p class='ocr_par' dir='ltr' id='par_1_17' title="bbox 497 1527 2005 1600">
     <span class='ocr_line' id='line_1_17' title="bbox 497 1527 2005 1600; baseline 0 -19"><span class='ocrx_word' id='word_1_86' title='bbox 497 1527 757 1592; x_wconf 84' lang='lat' dir='ltr'><strong>Quoniam</strong></span> <span class='ocrx_word' id='word_1_87' title='bbox 810 1546 901 1600; x_wconf 81' lang='lat' dir='ltr'><strong>ego</strong></span> <span class='ocrx_word' id='word_1_88' title='bbox 962 1529 1136 1582; x_wconf 84' lang='lat' dir='ltr'><strong>incola</strong></span> <span class='ocrx_word' id='word_1_89' title='bbox 1180 1546 1296 1582; x_wconf 85' lang='lat' dir='ltr'><strong>sum</strong></span> <span class='ocrx_word' id='word_1_90' title='bbox 1330 1530 1472 1600; x_wconf 87' lang='lat' dir='ltr'><strong>apud</strong></span> <span class='ocrx_word' id='word_1_91' title='bbox 1529 1540 1576 1583; x_wconf 86' lang='lat' dir='ltr'><strong>te</strong></span> <span class='ocrx_word' id='word_1_92' title='bbox 1605 1539 1651 1582; x_wconf 90' lang='lat' dir='ltr'><strong>et</strong></span> <span class='ocrx_word' id='word_1_93' title='bbox 1680 1529 2005 1599; x_wconf 81' lang='lat' dir='ltr'><strong>peregrinus.</strong></span> 
     </span>
    </p>
   </div>
   <div class='ocr_carea' id='block_1_18' title="bbox 429 1621 2007 1692">
    <p class='ocr_par' dir='ltr' id='par_1_18' title="bbox 429 1621 2007 1692">
     <span class='ocr_line' id='line_1_18' title="bbox 429 1621 2007 1692; baseline 0.003 -22"><span class='ocrx_word' id='word_1_94' title='bbox 429 1623 762 1676; x_wconf 78' lang='lat' dir='ltr'><strong>sicutomnes</strong></span> <span class='ocrx_word' id='word_1_95' title='bbox 797 1635 975 1689; x_wconf 83' lang='lat' dir='ltr'><strong>patres</strong></span> <span class='ocrx_word' id='word_1_96' title='bbox 1013 1624 1135 1675; x_wconf 87' lang='lat' dir='ltr'><strong>mei.</strong></span> <span class='ocrx_word' id='word_1_97' title='bbox 1167 1622 1386 1685; x_wconf 82' lang='lat' dir='ltr'><strong>Accola,</strong></span> <span class='ocrx_word' id='word_1_98' title='bbox 1428 1639 1524 1676; x_wconf 89' lang='lat' dir='ltr'><strong>seu</strong></span> <span class='ocrx_word' id='word_1_99' title='bbox 1560 1622 1813 1692; x_wconf 77' lang='lat' dir='ltr'><strong>indigena</strong></span> <span class='ocrx_word' id='word_1_100' title='bbox 1869 1621 2007 1676; x_wconf 87' lang='lat' dir='ltr'><strong>dici-</strong></span> 
     </span>
    </p>
   </div>
   <div class='ocr_carea' id='block_1_19' title="bbox 423 1714 2008 1785">
    <p class='ocr_par' dir='ltr' id='par_1_19' title="bbox 423 1714 2008 1785">
     <span class='ocr_line' id='line_1_19' title="bbox 423 1714 2008 1785; baseline 0.002 -20"><span class='ocrx_word' id='word_1_101' title='bbox 423 1722 518 1766; x_wconf 86' lang='lat' dir='ltr'><strong>tur</strong></span> <span class='ocrx_word' id='word_1_102' title='bbox 546 1714 667 1776; x_wconf 88' lang='lat' dir='ltr'><strong>ille,</strong></span> <span class='ocrx_word' id='word_1_103' title='bbox 696 1716 788 1783; x_wconf 89' lang='lat' dir='ltr'><strong>qui</strong></span> <span class='ocrx_word' id='word_1_104' title='bbox 848 1715 950 1769; x_wconf 89' lang='lat' dir='ltr'><strong>loci</strong></span> <span class='ocrx_word' id='word_1_105' title='bbox 999 1715 1237 1783; x_wconf 85' lang='lat' dir='ltr'><strong>alicujus</strong></span> <span class='ocrx_word' id='word_1_106' title='bbox 1292 1731 1620 1784; x_wconf 81' lang='lat' dir='ltr'><strong>permanens</strong></span> <span class='ocrx_word' id='word_1_107' title='bbox 1649 1725 1734 1771; x_wconf 88' lang='lat' dir='ltr'><strong>est</strong></span> <span class='ocrx_word' id='word_1_108' title='bbox 1783 1731 1846 1769; x_wconf 90' lang='lat' dir='ltr'><strong>ac</strong></span> <span class='ocrx_word' id='word_1_109' title='bbox 1881 1731 2008 1785; x_wconf 86' lang='lat' dir='ltr'><strong>per-</strong></span> 
     </span>
    </p>
   </div>
   <div class='ocr_carea' id='block_1_20' title="bbox 2111 522 3134 598">
    <p class='ocr_par' dir='ltr' id='par_1_20' title="bbox 2111 522 3134 598">
     <span class='ocr_line' id='line_1_20' title="bbox 2111 522 3134 598; baseline -0.005 -17"><span class='ocrx_word' id='word_1_110' title='bbox 2111 527 2237 598; x_wconf 87' lang='grc' dir='ltr'>ρίαν</span> <span class='ocrx_word' id='word_1_111' title='bbox 2263 542 2277 557; x_wconf 79' lang='lat'>&#39;</span> <span class='ocrx_word' id='word_1_112' title='bbox 2336 525 2516 579; x_wconf 80' lang='grc' dir='ltr'><strong>λείπει</strong></span> <span class='ocrx_word' id='word_1_113' title='bbox 2545 524 2601 578; x_wconf 77' lang='grc' dir='ltr'><strong>δέ</strong></span> <span class='ocrx_word' id='word_1_114' title='bbox 2625 524 2706 589; x_wconf 79' lang='grc' dir='ltr'>τὸ,</span> <span class='ocrx_word' id='word_1_115' title='bbox 2741 522 3134 592; x_wconf 81' lang='grc' dir='ltr'>Ταρὰσσεται.</span> 
     </span>
    </p>
   </div>
   <div class='ocr_carea' id='block_1_21' title="bbox 2181 699 3690 770">
    <p class='ocr_par' dir='ltr' id='par_1_21' title="bbox 2181 699 3690 770">
     <span class='ocr_line' id='line_1_21' title="bbox 2181 699 3690 770; baseline -0.002 -12"><span class='ocrx_word' id='word_1_116' title='bbox 2181 705 2568 759; x_wconf 81' lang='grc' dir='ltr'>Εισάκουσον</span> <span class='ocrx_word' id='word_1_117' title='bbox 2593 701 2705 770; x_wconf 82' lang='grc' dir='ltr'>τῆς</span> <span class='ocrx_word' id='word_1_118' title='bbox 2749 699 3098 770; x_wconf 83' lang='grc' dir='ltr'>προσευχῆς</span> <span class='ocrx_word' id='word_1_119' title='bbox 3143 717 3287 769; x_wconf 85' lang='grc' dir='ltr'>μου,</span> <span class='ocrx_word' id='word_1_120' title='bbox 3339 700 3538 769; x_wconf 77' lang='grc' dir='ltr'>Κύριε,</span> <span class='ocrx_word' id='word_1_121' title='bbox 3587 700 3690 755; x_wconf 73' lang='grc' dir='ltr'><strong>και</strong></span> 
     </span>
    </p>
   </div>
   <div class='ocr_carea' id='block_1_22' title="bbox 2109 790 3688 865">
    <p class='ocr_par' dir='ltr' id='par_1_22' title="bbox 2109 790 3688 865">
     <span class='ocr_line' id='line_1_22' title="bbox 2109 790 3688 865; baseline -0.004 -15"><span class='ocrx_word' id='word_1_122' title='bbox 2109 796 2219 863; x_wconf 82' lang='grc' dir='ltr'>τῆς</span> <span class='ocrx_word' id='word_1_123' title='bbox 2241 795 2508 862; x_wconf 82' lang='grc' dir='ltr'>ὃεήσεώς</span> <span class='ocrx_word' id='word_1_124' title='bbox 2524 811 2643 865; x_wconf 86' lang='grc' dir='ltr'><strong>μου</strong></span> <span class='ocrx_word' id='word_1_125' title='bbox 2670 791 2968 847; x_wconf 80' lang='grc' dir='ltr'>ὲνώτισαι.</span> <span class='ocrx_word' id='word_1_126' title='bbox 2987 793 3081 844; x_wconf 83' lang='grc' dir='ltr'><strong>Ἐκ</strong></span> <span class='ocrx_word' id='word_1_127' title='bbox 3106 790 3456 860; x_wconf 74' lang='grc' dir='ltr'><strong>παραλλήλου</strong></span> <span class='ocrx_word' id='word_1_128' title='bbox 3480 790 3541 844; x_wconf 81' lang='grc' dir='ltr'>τὸ</span> <span class='ocrx_word' id='word_1_129' title='bbox 3555 790 3688 844; x_wconf 83' lang='grc' dir='ltr'>αὑτό</span> 
     </span>
    </p>
   </div>
   <div class='ocr_carea' id='block_1_23' title="bbox 2110 884 2747 959">
    <p class='ocr_par' dir='ltr' id='par_1_23' title="bbox 2110 884 2747 959">
     <span class='ocr_line' id='line_1_23' title="bbox 2110 884 2747 959; baseline -0.009 -18"><span class='ocrx_word' id='word_1_130' title='bbox 2110 905 2296 959; x_wconf 83' lang='grc' dir='ltr'>φησιν,</span> <span class='ocrx_word' id='word_1_131' title='bbox 2321 887 2397 951; x_wconf 86' lang='grc' dir='ltr'><strong>ώς</strong></span> <span class='ocrx_word' id='word_1_132' title='bbox 2429 886 2548 950; x_wconf 77' lang='grc' dir='ltr'>ἔθος</span> <span class='ocrx_word' id='word_1_133' title='bbox 2571 884 2747 954; x_wconf 81' lang='grc' dir='ltr'>αὐτῷ.</span> 
     </span>
    </p>
   </div>
   <div class='ocr_carea' id='block_1_24' title="bbox 2184 1059 3684 1130">
    <p class='ocr_par' dir='ltr' id='par_1_24' title="bbox 2184 1059 3684 1130">
     <span class='ocr_line' id='line_1_24' title="bbox 2184 1059 3684 1130; baseline -0.003 -12"><span class='ocrx_word' id='word_1_134' title='bbox 2184 1063 2308 1118; x_wconf 78' lang='grc' dir='ltr'><strong>Τῶν</strong></span> <span class='ocrx_word' id='word_1_135' title='bbox 2331 1063 2608 1130; x_wconf 74' lang='grc' dir='ltr'>δακρύων</span> <span class='ocrx_word' id='word_1_136' title='bbox 2627 1080 2748 1130; x_wconf 81' lang='grc' dir='ltr'><strong>μου</strong></span> <span class='ocrx_word' id='word_1_137' title='bbox 2761 1063 2850 1130; x_wconf 77' lang='grc' dir='ltr'>μὴ</span> <span class='ocrx_word' id='word_1_138' title='bbox 2867 1059 3372 1130; x_wconf 80' lang='grc' dir='ltr'>παρασιωπήσῃς·</span> <span class='ocrx_word' id='word_1_139' title='bbox 3393 1061 3538 1114; x_wconf 75' lang='grc' dir='ltr'>’Δντὶ</span> <span class='ocrx_word' id='word_1_140' title='bbox 3566 1060 3684 1126; x_wconf 82' lang='grc' dir='ltr'>τοῦ,</span> 
     </span>
    </p>
   </div>
   <div class='ocr_carea' id='block_1_25' title="bbox 2107 1152 3684 1226">
    <p class='ocr_par' dir='ltr' id='par_1_25' title="bbox 2107 1152 3684 1226">
     <span class='ocr_line' id='line_1_25' title="bbox 2107 1152 3684 1226; baseline -0.003 -17"><span class='ocrx_word' id='word_1_141' title='bbox 2107 1156 2199 1225; x_wconf 78' lang='grc' dir='ltr'><strong>Μὴ</strong></span> <span class='ocrx_word' id='word_1_142' title='bbox 2221 1155 2452 1226; x_wconf 82' lang='grc' dir='ltr'>παρίδῃς</span> <span class='ocrx_word' id='word_1_143' title='bbox 2478 1171 2493 1185; x_wconf 87' lang='grc'><strong>·</strong></span> <span class='ocrx_word' id='word_1_144' title='bbox 2552 1154 2602 1206; x_wconf 77' lang='grc' dir='ltr'>οἱ</span> <span class='ocrx_word' id='word_1_145' title='bbox 2639 1153 2749 1221; x_wconf 68' lang='grc' dir='ltr'>γὰρ</span> <span class='ocrx_word' id='word_1_146' title='bbox 2812 1152 3166 1223; x_wconf 82' lang='grc' dir='ltr'>παρορῶντές</span> <span class='ocrx_word' id='word_1_147' title='bbox 3212 1170 3352 1217; x_wconf 83' lang='grc' dir='ltr'>τινα,</span> <span class='ocrx_word' id='word_1_148' title='bbox 3385 1153 3684 1206; x_wconf 85' lang='grc' dir='ltr'>σιωπῶσιν.</span> 
     </span>
    </p>
   </div>
   <div class='ocr_carea' id='block_1_26' title="bbox 2121 1231 3686 1314">
    <p class='ocr_par' dir='ltr' id='par_1_26' title="bbox 2121 1231 3686 1314">
     <span class='ocr_line' id='line_1_26' title="bbox 2121 1231 3686 1314; baseline -0.004 -16"><span class='ocrx_word' id='word_1_149' title='bbox 2121 1246 2439 1314; x_wconf 79' lang='grc' dir='ltr'>Ἀδιάφορος</span> <span class='ocrx_word' id='word_1_150' title='bbox 2479 1243 2533 1296; x_wconf 83' lang='grc' dir='ltr'><strong>δὲ</strong></span> <span class='ocrx_word' id='word_1_151' title='bbox 2564 1244 2596 1313; x_wconf 78' lang='grc' dir='ltr'>ἡ</span> <span class='ocrx_word' id='word_1_152' title='bbox 2624 1243 2877 1309; x_wconf 80' lang='grc' dir='ltr'><strong>σύνταξις</strong></span> <span class='ocrx_word' id='word_1_153' title='bbox 2908 1239 3025 1308; x_wconf 83' lang='grc' dir='ltr'>τοῦ,</span> <span class='ocrx_word' id='word_1_154' title='bbox 3065 1231 3392 1307; x_wconf 75' lang='grc' dir='ltr'>Ἔνώτισαι,</span> <span class='ocrx_word' id='word_1_155' title='bbox 3433 1243 3530 1294; x_wconf 72' lang='grc' dir='ltr'>καὶ</span> <span class='ocrx_word' id='word_1_156' title='bbox 3567 1242 3686 1304; x_wconf 84' lang='grc' dir='ltr'>τοῦ,</span> 
     </span>
    </p>
   </div>
   <div class='ocr_carea' id='block_1_27' title="bbox 2109 1334 3688 1406">
    <p class='ocr_par' dir='ltr' id='par_1_27' title="bbox 2109 1334 3688 1406">
     <span class='ocr_line' id='line_1_27' title="bbox 2109 1334 3688 1406; baseline -0.004 -14"><span class='ocrx_word' id='word_1_157' title='bbox 2109 1338 2204 1406; x_wconf 72' lang='grc' dir='ltr'><strong>Μὴ</strong></span> <span class='ocrx_word' id='word_1_158' title='bbox 2238 1335 2744 1406; x_wconf 77' lang='grc' dir='ltr'>παρασιωπήσῃς.</span> <span class='ocrx_word' id='word_1_159' title='bbox 2779 1336 2920 1406; x_wconf 84' lang='grc' dir='ltr'>Ὅρα</span> <span class='ocrx_word' id='word_1_160' title='bbox 2946 1334 3023 1400; x_wconf 83' lang='grc' dir='ltr'><strong>δὲ,</strong></span> <span class='ocrx_word' id='word_1_161' title='bbox 3050 1335 3133 1387; x_wconf 82' lang='grc' dir='ltr'><strong>ὅτι</strong></span> <span class='ocrx_word' id='word_1_162' title='bbox 3183 1335 3282 1404; x_wconf 82' lang='grc' dir='ltr'><strong>οὐχ</strong></span> <span class='ocrx_word' id='word_1_163' title='bbox 3313 1334 3520 1400; x_wconf 80' lang='grc' dir='ltr'>ἁπλῶς,</span> <span class='ocrx_word' id='word_1_164' title='bbox 3551 1334 3688 1388; x_wconf 74' lang='grc' dir='ltr'><strong>ἀλλὰ</strong></span> 
     </span>
    </p>
   </div>
   <div class='ocr_carea' id='block_1_28' title="bbox 2117 1428 2805 1500">
    <p class='ocr_par' dir='ltr' id='par_1_28' title="bbox 2117 1428 2805 1500">
     <span class='ocr_line' id='line_1_28' title="bbox 2117 1428 2805 1500; baseline 0 -20"><span class='ocrx_word' id='word_1_165' title='bbox 2117 1429 2257 1500; x_wconf 81' lang='grc' dir='ltr'>μετὰ</span> <span class='ocrx_word' id='word_1_166' title='bbox 2288 1428 2542 1496; x_wconf 78' lang='grc' dir='ltr'>δακρύων</span> <span class='ocrx_word' id='word_1_167' title='bbox 2569 1428 2805 1480; x_wconf 69' lang='grc' dir='ltr'>ἱκέτευε.</span> 
     </span>
    </p>
   </div>
   <div class='ocr_carea' id='block_1_29' title="bbox 2181 1517 3692 1589">
    <p class='ocr_par' dir='ltr' id='par_1_29' title="bbox 2181 1517 3692 1589">
     <span class='ocr_line' id='line_1_29' title="bbox 2181 1517 3692 1589; baseline -0.003 -13"><span class='ocrx_word' id='word_1_168' title='bbox 2181 1521 2309 1575; x_wconf 70' lang='grc' dir='ltr'>Ὀτι</span> <span class='ocrx_word' id='word_1_169' title='bbox 2335 1522 2621 1587; x_wconf 76' lang='grc' dir='ltr'><em>πάροικος</em></span> <span class='ocrx_word' id='word_1_170' title='bbox 2655 1519 2768 1589; x_wconf 73' lang='grc' dir='ltr'>ἐγώ</span> <span class='ocrx_word' id='word_1_171' title='bbox 2786 1522 2902 1588; x_wconf 76' lang='grc' dir='ltr'>ειμι</span> <span class='ocrx_word' id='word_1_172' title='bbox 2928 1519 3086 1586; x_wconf 79' lang='grc' dir='ltr'>παρὰ</span> <span class='ocrx_word' id='word_1_173' title='bbox 3118 1517 3220 1572; x_wconf 75' lang='grc' dir='ltr'>σοὶ</span> <span class='ocrx_word' id='word_1_174' title='bbox 3254 1519 3346 1572; x_wconf 69' lang='grc' dir='ltr'><strong>καὶ</strong></span> <span class='ocrx_word' id='word_1_175' title='bbox 3369 1519 3692 1585; x_wconf 74' lang='grc' dir='ltr'>παρεπίδηο</span> 
     </span>
    </p>
   </div>
   <div class='ocr_carea' id='block_1_30' title="bbox 2106 1607 3691 1679">
    <p class='ocr_par' dir='ltr' id='par_1_30' title="bbox 2106 1607 3691 1679">
     <span class='ocr_line' id='line_1_30' title="bbox 2106 1607 3691 1679; baseline -0.002 -16"><span class='ocrx_word' id='word_1_176' title='bbox 2106 1627 2240 1679; x_wconf 78' lang='grc' dir='ltr'>μσς,</span> <span class='ocrx_word' id='word_1_177' title='bbox 2279 1610 2472 1674; x_wconf 82' lang='grc' dir='ltr'>καθὼς</span> <span class='ocrx_word' id='word_1_178' title='bbox 2502 1609 2726 1674; x_wconf 78' lang='grc' dir='ltr'>πάντες</span> <span class='ocrx_word' id='word_1_179' title='bbox 2757 1613 2810 1662; x_wconf 83' lang='grc' dir='ltr'>οΙ</span> <span class='ocrx_word' id='word_1_180' title='bbox 2831 1609 3078 1676; x_wconf 81' lang='grc' dir='ltr'><strong>πατέρες</strong></span> <span class='ocrx_word' id='word_1_181' title='bbox 3105 1627 3246 1677; x_wconf 81' lang='grc' dir='ltr'>μου.</span> <span class='ocrx_word' id='word_1_182' title='bbox 3288 1609 3556 1672; x_wconf 78' lang='grc' dir='ltr'>Κάτοικος</span> <span class='ocrx_word' id='word_1_183' title='bbox 3590 1607 3691 1676; x_wconf 83' lang='grc' dir='ltr'><strong>μέν</strong></span> 
     </span>
    </p>
   </div>
   <div class='ocr_carea' id='block_1_31' title="bbox 2115 1701 3684 1770">
    <p class='ocr_par' dir='ltr' id='par_1_31' title="bbox 2115 1701 3684 1770">
     <span class='ocr_line' id='line_1_31' title="bbox 2115 1701 3684 1770; baseline -0.003 -14"><span class='ocrx_word' id='word_1_184' title='bbox 2115 1704 2262 1756; x_wconf 79' lang='grc' dir='ltr'>ἐστιν</span> <span class='ocrx_word' id='word_1_185' title='bbox 2282 1705 2306 1754; x_wconf 86' lang='lat'><strong>6</strong></span> <span class='ocrx_word' id='word_1_186' title='bbox 2326 1701 2556 1770; x_wconf 78' lang='grc' dir='ltr'>μόνιμος</span> <span class='ocrx_word' id='word_1_187' title='bbox 2577 1703 2840 1770; x_wconf 76' lang='grc' dir='ltr'><strong>οἰκήτωρ·</strong></span> <span class='ocrx_word' id='word_1_188' title='bbox 2863 1703 3127 1770; x_wconf 68' lang='grc' dir='ltr'>πάροικος</span> <span class='ocrx_word' id='word_1_189' title='bbox 3149 1701 3225 1764; x_wconf 74' lang='grc' dir='ltr'><strong>δὲ,</strong></span> <span class='ocrx_word' id='word_1_190' title='bbox 3250 1703 3278 1753; x_wconf 93' lang='lat'><strong>6</strong></span> <span class='ocrx_word' id='word_1_191' title='bbox 3322 1701 3684 1769; x_wconf 79' lang='grc' dir='ltr'>πρόσκαιρος,</span> 
     </span>
    </p>
   </div>
   <div class='ocr_carea' id='block_1_32' title="bbox 428 1781 2007 1874">
    <p class='ocr_par' dir='ltr' id='par_1_32' title="bbox 428 1803 2006 1874">
     <span class='ocr_line' id='line_1_32' title="bbox 428 1803 2006 1874; baseline 0.003 -19"><span class='ocrx_word' id='word_1_192' title='bbox 428 1812 621 1869; x_wconf 84' lang='lat' dir='ltr'><strong>peluus</strong></span> <span class='ocrx_word' id='word_1_193' title='bbox 677 1803 996 1869; x_wconf 80' lang='lat' dir='ltr'><strong>habitator;</strong></span> <span class='ocrx_word' id='word_1_194' title='bbox 1032 1805 1208 1859; x_wconf 81' lang='lat' dir='ltr'><strong>incola</strong></span> <span class='ocrx_word' id='word_1_195' title='bbox 1270 1821 1399 1858; x_wconf 88' lang='lat' dir='ltr'><strong>vero</strong></span> <span class='ocrx_word' id='word_1_196' title='bbox 1427 1806 1472 1858; x_wconf 90' lang='lat' dir='ltr'><strong>is</strong></span> <span class='ocrx_word' id='word_1_197' title='bbox 1525 1805 1619 1874; x_wconf 89' lang='lat' dir='ltr'><strong>qni</strong></span> <span class='ocrx_word' id='word_1_198' title='bbox 1660 1806 1725 1859; x_wconf 90' lang='lat' dir='ltr'><strong>al</strong></span> <span class='ocrx_word' id='word_1_199' title='bbox 1785 1815 2006 1872; x_wconf 87' lang='lat' dir='ltr'><strong>tempus</strong></span> 
     </span>
    </p>
   </div>
   <div class='ocr_carea' id='block_1_33' title="bbox 2110 1781 3688 1874">
    <p class='ocr_par' dir='ltr' id='par_1_33' title="bbox 2111 1790 3688 1864">
     <span class='ocr_line' id='line_1_33' title="bbox 2111 1790 3688 1864; baseline -0.003 -17"><span class='ocrx_word' id='word_1_200' title='bbox 2111 1797 2138 1847; x_wconf 98' lang='lat'><strong>6</strong></span> <span class='ocrx_word' id='word_1_201' title='bbox 2172 1794 2641 1864; x_wconf 75' lang='grc' dir='ltr'><strong>μετοικιζόμενος,</strong></span> <span class='ocrx_word' id='word_1_202' title='bbox 2674 1791 2989 1854; x_wconf 79' lang='grc' dir='ltr'>κελεύοντος</span> <span class='ocrx_word' id='word_1_203' title='bbox 3013 1790 3108 1843; x_wconf 78' lang='grc' dir='ltr'>τοῦ</span> <span class='ocrx_word' id='word_1_204' title='bbox 3147 1792 3243 1859; x_wconf 78' lang='grc' dir='ltr'><strong>τῆς</strong></span> <span class='ocrx_word' id='word_1_205' title='bbox 3268 1791 3370 1859; x_wconf 75' lang='grc' dir='ltr'>γῆς</span> <span class='ocrx_word' id='word_1_206' title='bbox 3401 1791 3688 1844; x_wconf 74' lang='grc' dir='ltr'><strong>δεσπότου.</strong></span> 
     </span>
    </p>
   </div>
   <div class='ocr_carea' id='block_1_34' title="bbox 429 1894 2010 1964">
    <p class='ocr_par' dir='ltr' id='par_1_34' title="bbox 429 1894 2010 1964">
     <span class='ocr_line' id='line_1_34' title="bbox 429 1894 2010 1964; baseline 0.004 -18"><span class='ocrx_word' id='word_1_207' title='bbox 429 1894 657 1959; x_wconf 87' lang='lat' dir='ltr'><strong>habitat,</strong></span> <span class='ocrx_word' id='word_1_208' title='bbox 691 1897 896 1964; x_wconf 78' lang='lat' dir='ltr'><strong>quique</strong></span> <span class='ocrx_word' id='word_1_209' title='bbox 961 1894 1188 1962; x_wconf 80' lang='lat' dir='ltr'><strong>iubente</strong></span> <span class='ocrx_word' id='word_1_210' title='bbox 1251 1895 1405 1949; x_wconf 77' lang='lat' dir='ltr'><strong>fundi</strong></span> <span class='ocrx_word' id='word_1_211' title='bbox 1453 1897 2010 1952; x_wconf 80' lang='lat' dir='ltr'><strong>dominohabitatio-</strong></span> 
     </span>
    </p>
   </div>
   <div class='ocr_carea' id='block_1_35' title="bbox 431 1983 2010 2053">
    <p class='ocr_par' dir='ltr' id='par_1_35' title="bbox 431 1983 2010 2053">
     <span class='ocr_line' id='line_1_35' title="bbox 431 1983 2010 2053; baseline 0.006 -19"><span class='ocrx_word' id='word_1_212' title='bbox 431 1997 550 2037; x_wconf 89' lang='lat' dir='ltr'><strong>nem</strong></span> <span class='ocrx_word' id='word_1_213' title='bbox 602 1990 798 2038; x_wconf 88' lang='lat' dir='ltr'><strong>nmtat.</strong></span> <span class='ocrx_word' id='word_1_214' title='bbox 866 1983 998 2053; x_wconf 85' lang='lat' dir='ltr'><strong>Ego,</strong></span> <span class='ocrx_word' id='word_1_215' title='bbox 1052 1984 1249 2052; x_wconf 88' lang='lat' dir='ltr'><strong>inquit,</strong></span> <span class='ocrx_word' id='word_1_216' title='bbox 1307 1986 1350 2040; x_wconf 90' lang='lat' dir='ltr'><strong>si</strong></span> <span class='ocrx_word' id='word_1_217' title='bbox 1408 1988 1624 2041; x_wconf 55' lang='lat' dir='ltr'><strong>exteris</strong></span> <span class='ocrx_word' id='word_1_218' title='bbox 1693 1988 2010 2043; x_wconf 89' lang='lat' dir='ltr'><strong>hominibus</strong></span> 
     </span>
    </p>
   </div>
   <div class='ocr_carea' id='block_1_36' title="bbox 429 2075 2013 2146">
    <p class='ocr_par' dir='ltr' id='par_1_36' title="bbox 429 2075 2013 2146">
     <span class='ocr_line' id='line_1_36' title="bbox 429 2075 2013 2146; baseline 0.005 -22"><span class='ocrx_word' id='word_1_219' title='bbox 429 2087 741 2142; x_wconf 76' lang='lat' dir='ltr'><strong>comparer,</strong></span> <span class='ocrx_word' id='word_1_220' title='bbox 793 2075 980 2129; x_wconf 82' lang='lat' dir='ltr'><strong>accola</strong></span> <span class='ocrx_word' id='word_1_221' title='bbox 1030 2075 1250 2144; x_wconf 85' lang='lat' dir='ltr'><strong>quidem</strong></span> <span class='ocrx_word' id='word_1_222' title='bbox 1284 2091 1431 2140; x_wconf 88' lang='lat' dir='ltr'><strong>sum,</strong></span> <span class='ocrx_word' id='word_1_223' title='bbox 1466 2088 1520 2131; x_wconf 92' lang='lat' dir='ltr'><strong>et</strong></span> <span class='ocrx_word' id='word_1_224' title='bbox 1549 2092 1818 2146; x_wconf 65' lang='lat' dir='ltr'><strong>possessa:</strong></span> <span class='ocrx_word' id='word_1_225' title='bbox 1855 2087 2013 2132; x_wconf 80' lang='lat' dir='ltr'><strong>terrae</strong></span> 
     </span>
    </p>
   </div>
   <div class='ocr_carea' id='block_1_37' title="bbox 426 2161 2012 2236">
    <p class='ocr_par' dir='ltr' id='par_1_37' title="bbox 426 2161 2012 2236">
     <span class='ocr_line' id='line_1_37' title="bbox 426 2161 2012 2236; baseline 0.003 -20"><span class='ocrx_word' id='word_1_226' title='bbox 426 2161 674 2233; x_wconf 77' lang='lat' dir='ltr'><strong>indigena</strong></span> <span class='ocrx_word' id='word_1_227' title='bbox 703 2182 718 2228; x_wconf 90' lang='lat'><strong>;</strong></span> <span class='ocrx_word' id='word_1_228' title='bbox 753 2162 870 2224; x_wconf 89' lang='lat' dir='ltr'><strong>sed.</strong></span> <span class='ocrx_word' id='word_1_229' title='bbox 916 2164 961 2219; x_wconf 91' lang='lat' dir='ltr'><strong>si</strong></span> <span class='ocrx_word' id='word_1_230' title='bbox 987 2164 1054 2218; x_wconf 90' lang='lat' dir='ltr'><strong>ad</strong></span> <span class='ocrx_word' id='word_1_231' title='bbox 1081 2173 1132 2219; x_wconf 88' lang='lat' dir='ltr'><strong>te</strong></span> <span class='ocrx_word' id='word_1_232' title='bbox 1153 2164 1321 2220; x_wconf 90' lang='lat' dir='ltr'><strong>Deum</strong></span> <span class='ocrx_word' id='word_1_233' title='bbox 1348 2181 1527 2220; x_wconf 90' lang='lat' dir='ltr'><strong>meum</strong></span> <span class='ocrx_word' id='word_1_234' title='bbox 1562 2167 1825 2236; x_wconf 86' lang='lat' dir='ltr'><strong>suspicio,</strong></span> <span class='ocrx_word' id='word_1_235' title='bbox 1855 2167 2012 2222; x_wconf 89' lang='lat' dir='ltr'><strong>ineo-</strong></span> 
     </span>
    </p>
   </div>
   <div class='ocr_carea' id='block_1_38' title="bbox 430 2253 2007 2328">
    <p class='ocr_par' dir='ltr' id='par_1_38' title="bbox 430 2253 2007 2328">
     <span class='ocr_line' id='line_1_38' title="bbox 430 2253 2007 2328; baseline 0.006 -24"><span class='ocrx_word' id='word_1_236' title='bbox 430 2254 534 2306; x_wconf 90' lang='lat' dir='ltr'><strong>lam</strong></span> <span class='ocrx_word' id='word_1_237' title='bbox 571 2269 656 2309; x_wconf 87' lang='lat' dir='ltr'><strong>me</strong></span> <span class='ocrx_word' id='word_1_238' title='bbox 672 2269 796 2309; x_wconf 88' lang='lat' dir='ltr'><strong>esse</strong></span> <span class='ocrx_word' id='word_1_239' title='bbox 833 2253 1025 2310; x_wconf 80' lang='lat' dir='ltr'><strong>fateor.</strong></span> <span class='ocrx_word' id='word_1_240' title='bbox 1044 2253 1120 2310; x_wconf 90' lang='lat' dir='ltr'><strong>Te</strong></span> <span class='ocrx_word' id='word_1_241' title='bbox 1150 2256 1296 2311; x_wconf 87' lang='lat' dir='ltr'><strong>enim</strong></span> <span class='ocrx_word' id='word_1_242' title='bbox 1324 2256 2007 2328; x_wconf 85' lang='lat' dir='ltr'><strong>jubentetransmigrabo,</strong></span> 
     </span>
    </p>
   </div>
   <div class='ocr_carea' id='block_1_39' title="bbox 425 2343 2007 2417">
    <p class='ocr_par' dir='ltr' id='par_1_39' title="bbox 425 2343 2007 2417">
     <span class='ocr_line' id='line_1_39' title="bbox 425 2343 2007 2417; baseline 0.004 -23"><span class='ocrx_word' id='word_1_243' title='bbox 425 2352 477 2395; x_wconf 87' lang='lat' dir='ltr'><strong>et</strong></span> <span class='ocrx_word' id='word_1_244' title='bbox 517 2343 619 2397; x_wconf 93' lang='lat' dir='ltr'><strong>hoc</strong></span> <span class='ocrx_word' id='word_1_245' title='bbox 675 2347 882 2400; x_wconf 87' lang='lat' dir='ltr'><strong>mundo</strong></span> <span class='ocrx_word' id='word_1_246' title='bbox 952 2346 1146 2399; x_wconf 88' lang='lat' dir='ltr'><strong>relicto</strong></span> <span class='ocrx_word' id='word_1_247' title='bbox 1199 2346 1267 2399; x_wconf 90' lang='lat' dir='ltr'><strong>ad</strong></span> <span class='ocrx_word' id='word_1_248' title='bbox 1323 2347 1492 2400; x_wconf 90' lang='lat' dir='ltr'><strong>alium</strong></span> <span class='ocrx_word' id='word_1_249' title='bbox 1561 2348 1641 2401; x_wconf 89' lang='lat' dir='ltr'><strong>ire</strong></span> <span class='ocrx_word' id='word_1_250' title='bbox 1687 2348 2007 2417; x_wconf 88' lang='lat' dir='ltr'><strong>compellar.</strong></span> 
     </span>
    </p>
   </div>
   <div class='ocr_carea' id='block_1_40' title="bbox 429 2434 2007 2507">
    <p class='ocr_par' dir='ltr' id='par_1_40' title="bbox 429 2434 2007 2507">
     <span class='ocr_line' id='line_1_40' title="bbox 429 2434 2007 2507; baseline 0.003 -20"><span class='ocrx_word' id='word_1_251' title='bbox 429 2434 754 2504; x_wconf 80' lang='lat' dir='ltr'><strong>Peregrinus</strong></span> <span class='ocrx_word' id='word_1_252' title='bbox 807 2436 1088 2502; x_wconf 86' lang='lat' dir='ltr'><strong>similiter,</strong></span> <span class='ocrx_word' id='word_1_253' title='bbox 1130 2437 1222 2491; x_wconf 90' lang='lat' dir='ltr'><strong>ubi</strong></span> <span class='ocrx_word' id='word_1_254' title='bbox 1275 2439 1550 2493; x_wconf 79' lang='lat' dir='ltr'><strong>modicum</strong></span> <span class='ocrx_word' id='word_1_255' title='bbox 1577 2439 1709 2507; x_wconf 86' lang='lat' dir='ltr'><strong>quid</strong></span> <span class='ocrx_word' id='word_1_256' title='bbox 1756 2438 1921 2492; x_wconf 76' lang='lat' dir='ltr'><strong>fuerit</strong></span> <span class='ocrx_word' id='word_1_257' title='bbox 1954 2441 2007 2492; x_wconf 91' lang='lat' dir='ltr'><strong>in</strong></span> 
     </span>
    </p>
   </div>
   <div class='ocr_carea' id='block_1_41' title="bbox 424 2526 2006 2604">
    <p class='ocr_par' dir='ltr' id='par_1_41' title="bbox 424 2526 2006 2604">
     <span class='ocr_line' id='line_1_41' title="bbox 424 2526 2006 2604; baseline 0.003 -25"><span class='ocrx_word' id='word_1_258' title='bbox 424 2526 594 2580; x_wconf 73' lang='lat' dir='ltr'><strong>aliena</strong></span> <span class='ocrx_word' id='word_1_259' title='bbox 623 2528 845 2595; x_wconf 77' lang='lat' dir='ltr'><strong>regione</strong></span> <span class='ocrx_word' id='word_1_260' title='bbox 895 2529 1245 2604; x_wconf 84' lang='lat' dir='ltr'><strong>immoratus,</strong></span> <span class='ocrx_word' id='word_1_261' title='bbox 1275 2544 1342 2584; x_wconf 86' lang='lat' dir='ltr'><strong>eo</strong></span> <span class='ocrx_word' id='word_1_262' title='bbox 1395 2529 1744 2598; x_wconf 87' lang='lat' dir='ltr'><strong>postmodum</strong></span> <span class='ocrx_word' id='word_1_263' title='bbox 1775 2531 2006 2584; x_wconf 84' lang='lat' dir='ltr'><strong>reverti-</strong></span> 
     </span>
    </p>
   </div>
   <div class='ocr_carea' id='block_1_42' title="bbox 2106 1884 3689 1957">
    <p class='ocr_par' dir='ltr' id='par_1_42' title="bbox 2106 1884 3689 1957">
     <span class='ocr_line' id='line_1_42' title="bbox 2106 1884 3689 1957; baseline -0.002 -18"><span class='ocrx_word' id='word_1_264' title='bbox 2106 1889 2250 1957; x_wconf 77' lang='grc' dir='ltr'>Πρὸς</span> <span class='ocrx_word' id='word_1_265' title='bbox 2286 1888 2384 1956; x_wconf 81' lang='grc' dir='ltr'><strong>μὲν</strong></span> <span class='ocrx_word' id='word_1_266' title='bbox 2433 1887 2561 1948; x_wconf 72' lang='grc' dir='ltr'>τοὺς</span> <span class='ocrx_word' id='word_1_267' title='bbox 2615 1884 2964 1954; x_wconf 80' lang='grc' dir='ltr'><strong>ἀνθρώπους,</strong></span> <span class='ocrx_word' id='word_1_268' title='bbox 3016 1885 3274 1947; x_wconf 81' lang='grc' dir='ltr'>κὰτοικός</span> <span class='ocrx_word' id='word_1_269' title='bbox 3333 1887 3470 1953; x_wconf 83' lang='grc' dir='ltr'>εἰμι,</span> <span class='ocrx_word' id='word_1_270' title='bbox 3498 1886 3689 1952; x_wconf 78' lang='grc' dir='ltr'>φησὶν,</span> 
     </span>
    </p>
   </div>
   <div class='ocr_carea' id='block_1_43' title="bbox 2104 1972 3690 2046">
    <p class='ocr_par' dir='ltr' id='par_1_43' title="bbox 2104 1972 3690 2046">
     <span class='ocr_line' id='line_1_43' title="bbox 2104 1972 3690 2046; baseline -0.004 -15"><span class='ocrx_word' id='word_1_271' title='bbox 2104 1977 2467 2046; x_wconf 79' lang='grc' dir='ltr'><strong>ἀντεχόμενος</strong></span> <span class='ocrx_word' id='word_1_272' title='bbox 2522 1976 2622 2045; x_wconf 79' lang='grc' dir='ltr'>τῆς</span> <span class='ocrx_word' id='word_1_273' title='bbox 2658 1977 2796 2046; x_wconf 80' lang='grc' dir='ltr'>ἐμῆς</span> <span class='ocrx_word' id='word_1_274' title='bbox 2831 1976 2937 2045; x_wconf 78' lang='grc' dir='ltr'>γῆς</span> <span class='ocrx_word' id='word_1_275' title='bbox 2973 1975 3048 2036; x_wconf 91' lang='grc' dir='ltr'><strong>ώς</strong></span> <span class='ocrx_word' id='word_1_276' title='bbox 3085 1974 3221 2036; x_wconf 77' lang='grc' dir='ltr'>ἰδίας</span> <span class='ocrx_word' id='word_1_277' title='bbox 3245 1986 3259 2001; x_wconf 80' lang='grc'>⁸</span> <span class='ocrx_word' id='word_1_278' title='bbox 3311 1974 3463 2042; x_wconf 77' lang='grc' dir='ltr'>παρὰ</span> <span class='ocrx_word' id='word_1_279' title='bbox 3495 1973 3582 2026; x_wconf 69' lang='grc' dir='ltr'>σοὶ</span> <span class='ocrx_word' id='word_1_280' title='bbox 3608 1972 3690 2034; x_wconf 81' lang='grc' dir='ltr'><strong>δὲ,</strong></span> 
     </span>
    </p>
   </div>
   <div class='ocr_carea' id='block_1_44' title="bbox 2105 2066 3689 2140">
    <p class='ocr_par' dir='ltr' id='par_1_44' title="bbox 2105 2066 3689 2140">
     <span class='ocr_line' id='line_1_44' title="bbox 2105 2066 3689 2140; baseline -0.003 -19"><span class='ocrx_word' id='word_1_281' title='bbox 2105 2071 2354 2122; x_wconf 66' lang='grc' dir='ltr'>τουτέστι</span> <span class='ocrx_word' id='word_1_282' title='bbox 2420 2068 2557 2138; x_wconf 79' lang='grc' dir='ltr'>πρὸς</span> <span class='ocrx_word' id='word_1_283' title='bbox 2591 2069 2670 2132; x_wconf 71' lang='grc' dir='ltr'>σὲ,</span> <span class='ocrx_word' id='word_1_284' title='bbox 2723 2068 3014 2140; x_wconf 79' lang='grc' dir='ltr'>πάροικος.</span> <span class='ocrx_word' id='word_1_285' title='bbox 3043 2067 3145 2120; x_wconf 80' lang='grc' dir='ltr'><strong>Σοῦ</strong></span> <span class='ocrx_word' id='word_1_286' title='bbox 3183 2067 3296 2136; x_wconf 78' lang='grc' dir='ltr'>γὰρ</span> <span class='ocrx_word' id='word_1_287' title='bbox 3323 2066 3689 2126; x_wconf 77' lang='grc' dir='ltr'>κελεύσαντος</span> 
     </span>
    </p>
   </div>
   <div class='ocr_carea' id='block_1_45' title="bbox 2107 2155 3691 2231">
    <p class='ocr_par' dir='ltr' id='par_1_45' title="bbox 2107 2155 3691 2231">
     <span class='ocr_line' id='line_1_45' title="bbox 2107 2155 3691 2231; baseline -0.004 -16"><span class='ocrx_word' id='word_1_288' title='bbox 2107 2162 2201 2216; x_wconf 78' lang='grc' dir='ltr'><strong>τοῦ</strong></span> <span class='ocrx_word' id='word_1_289' title='bbox 2231 2162 2438 2231; x_wconf 83' lang='grc' dir='ltr'>Κυρίου</span> <span class='ocrx_word' id='word_1_290' title='bbox 2465 2162 2564 2231; x_wconf 82' lang='grc' dir='ltr'>τῆς</span> <span class='ocrx_word' id='word_1_291' title='bbox 2593 2162 2718 2231; x_wconf 80' lang='grc' dir='ltr'>γῆς,</span> <span class='ocrx_word' id='word_1_292' title='bbox 2755 2159 3141 2229; x_wconf 77' lang='grc' dir='ltr'>μετοικίζομαι</span> <span class='ocrx_word' id='word_1_293' title='bbox 3177 2159 3311 2230; x_wconf 80' lang='grc' dir='ltr'>πρὸς</span> <span class='ocrx_word' id='word_1_294' title='bbox 3365 2157 3558 2226; x_wconf 74' lang='grc' dir='ltr'>ἕτερον</span> <span class='ocrx_word' id='word_1_295' title='bbox 3598 2155 3691 2208; x_wconf 79' lang='grc' dir='ltr'><strong>κό-</strong></span> 
     </span>
    </p>
   </div>
   <div class='ocr_carea' id='block_1_46' title="bbox 2111 2241 3689 2324">
    <p class='ocr_par' dir='ltr' id='par_1_46' title="bbox 2111 2241 3689 2324">
     <span class='ocr_line' id='line_1_46' title="bbox 2111 2241 3689 2324; baseline -0.005 -17"><span class='ocrx_word' id='word_1_296' title='bbox 2111 2271 2273 2324; x_wconf 86' lang='grc' dir='ltr'>σμον.</span> <span class='ocrx_word' id='word_1_297' title='bbox 2303 2256 2414 2308; x_wconf 73' lang='grc' dir='ltr'>Καὶ</span> <span class='ocrx_word' id='word_1_298' title='bbox 2449 2256 2476 2306; x_wconf 88' lang='grc' dir='ltr'><strong>ὁ</strong></span> <span class='ocrx_word' id='word_1_299' title='bbox 2517 2241 2895 2322; x_wconf 80' lang='grc' dir='ltr'>παρεπίδημος</span> <span class='ocrx_word' id='word_1_300' title='bbox 2915 2252 2994 2317; x_wconf 79' lang='grc' dir='ltr'><strong>δὲ,</strong></span> <span class='ocrx_word' id='word_1_301' title='bbox 3020 2251 3156 2321; x_wconf 75' lang='grc' dir='ltr'>πρὸς</span> <span class='ocrx_word' id='word_1_302' title='bbox 3189 2250 3370 2318; x_wconf 81' lang='grc' dir='ltr'><strong>ὀλίγον</strong></span> <span class='ocrx_word' id='word_1_303' title='bbox 3401 2251 3539 2303; x_wconf 73' lang='grc' dir='ltr'>τισὶν</span> <span class='ocrx_word' id='word_1_304' title='bbox 3567 2249 3689 2300; x_wconf 86' lang='grc' dir='ltr'>ἐπι-</span> 
     </span>
    </p>
   </div>
   <div class='ocr_carea' id='block_1_47' title="bbox 2107 2338 3690 2417">
    <p class='ocr_par' dir='ltr' id='par_1_47' title="bbox 2107 2338 3690 2417">
     <span class='ocr_line' id='line_1_47' title="bbox 2107 2338 3690 2417; baseline -0.005 -19"><span class='ocrx_word' id='word_1_305' title='bbox 2107 2345 2381 2417; x_wconf 80' lang='grc' dir='ltr'>δημήσας,</span> <span class='ocrx_word' id='word_1_306' title='bbox 2408 2343 2565 2407; x_wconf 82' lang='grc' dir='ltr'>αὖθις</span> <span class='ocrx_word' id='word_1_307' title='bbox 2620 2346 2840 2400; x_wconf 77' lang='grc' dir='ltr'>ἄπεισιν</span> <span class='ocrx_word' id='word_1_308' title='bbox 2885 2345 3009 2398; x_wconf 83' lang='grc' dir='ltr'>ὅθεν</span> <span class='ocrx_word' id='word_1_309' title='bbox 3037 2338 3190 2413; x_wconf 74' lang='grc' dir='ltr'>ἦλθε.</span> <span class='ocrx_word' id='word_1_310' title='bbox 3237 2341 3410 2395; x_wconf 81' lang='grc' dir='ltr'>Τοῦτο</span> <span class='ocrx_word' id='word_1_311' title='bbox 3442 2341 3499 2394; x_wconf 78' lang='grc' dir='ltr'><strong>δὲ</strong></span> <span class='ocrx_word' id='word_1_312' title='bbox 3543 2341 3690 2392; x_wconf 78' lang='grc' dir='ltr'>ποιεῖ</span> 
     </span>
    </p>
   </div>
   <div class='ocr_carea' id='block_1_48' title="bbox 2106 2430 3690 2508">
    <p class='ocr_par' dir='ltr' id='par_1_48' title="bbox 2106 2430 3690 2508">
     <span class='ocr_line' id='line_1_48' title="bbox 2106 2430 3690 2508; baseline -0.005 -18"><span class='ocrx_word' id='word_1_313' title='bbox 2106 2440 2216 2501; x_wconf 73' lang='grc' dir='ltr'><strong>πᾶς</strong></span> <span class='ocrx_word' id='word_1_314' title='bbox 2261 2437 2550 2505; x_wconf 79' lang='grc' dir='ltr'>ἄνθρωπος</span> <span class='ocrx_word' id='word_1_315' title='bbox 2581 2437 2720 2508; x_wconf 73' lang='grc' dir='ltr'>πρὸς</span> <span class='ocrx_word' id='word_1_316' title='bbox 2752 2437 2943 2507; x_wconf 58' lang='grc' dir='ltr'>καιρὸν</span> <span class='ocrx_word' id='word_1_317' title='bbox 2977 2436 3204 2506; x_wconf 82' lang='grc' dir='ltr'><strong>βιώσας,</strong></span> <span class='ocrx_word' id='word_1_318' title='bbox 3237 2430 3353 2488; x_wconf 72' lang='grc' dir='ltr'>εἶτα</span> <span class='ocrx_word' id='word_1_319' title='bbox 3395 2431 3569 2487; x_wconf 85' lang='grc' dir='ltr'>θανὼν</span> <span class='ocrx_word' id='word_1_320' title='bbox 3593 2433 3690 2484; x_wconf 78' lang='grc' dir='ltr'><strong>καὶ</strong></span> 
     </span>
    </p>
   </div>
   <div class='ocr_carea' id='block_1_49' title="bbox 2108 2527 3144 2595">
    <p class='ocr_par' dir='ltr' id='par_1_49' title="bbox 2108 2527 3144 2595">
     <span class='ocr_line' id='line_1_49' title="bbox 2108 2527 3144 2595; baseline 0.001 -12"><span class='ocrx_word' id='word_1_321' title='bbox 2108 2531 2399 2592; x_wconf 70' lang='grc' dir='ltr'>ἁναλυθεὶς</span> <span class='ocrx_word' id='word_1_322' title='bbox 2438 2531 2519 2592; x_wconf 75' lang='grc' dir='ltr'>εἰς</span> <span class='ocrx_word' id='word_1_323' title='bbox 2551 2531 2619 2584; x_wconf 75' lang='grc' dir='ltr'>τὰ</span> <span class='ocrx_word' id='word_1_324' title='bbox 2650 2531 2711 2595; x_wconf 78' lang='grc' dir='ltr'>ἐξ</span> <span class='ocrx_word' id='word_1_325' title='bbox 2742 2527 2816 2581; x_wconf 80' lang='grc' dir='ltr'>ὧν</span> <span class='ocrx_word' id='word_1_326' title='bbox 2841 2530 3144 2584; x_wconf 82' lang='grc' dir='ltr'>συνέκειτο.</span> 
     </span>
    </p>
   </div>
   <div class='ocr_carea' id='block_1_50' title="bbox 427 2617 3689 2694">
    <p class='ocr_par' dir='ltr' id='par_1_50' title="bbox 427 2617 3689 2694">
     <span class='ocr_line' id='line_1_50' title="bbox 427 2617 3689 2694; baseline 0.001 -22"><span class='ocrx_word' id='word_1_327' title='bbox 427 2631 534 2682; x_wconf 71' lang='lat' dir='ltr'><strong>tur,</strong></span> <span class='ocrx_word' id='word_1_328' title='bbox 575 2619 719 2673; x_wconf 89' lang='lat' dir='ltr'><strong>unde</strong></span> <span class='ocrx_word' id='word_1_329' title='bbox 753 2617 930 2674; x_wconf 78' lang='lat' dir='ltr'><strong>iuerat</strong></span> <span class='ocrx_word' id='word_1_330' title='bbox 989 2621 1288 2690; x_wconf 76' lang='lat' dir='ltr'><strong>proiectus.</strong></span> <span class='ocrx_word' id='word_1_331' title='bbox 1318 2622 1419 2678; x_wconf 82' lang='lat' dir='ltr'><strong>Cui</strong></span> <span class='ocrx_word' id='word_1_332' title='bbox 1448 2623 1761 2694; x_wconf 88' lang='lat' dir='ltr'><strong>comparari</strong></span> <span class='ocrx_word' id='word_1_333' title='bbox 1813 2630 1995 2692; x_wconf 90' lang='lat' dir='ltr'><strong>potest</strong></span> <span class='ocrx_word' id='word_1_334' title='bbox 2033 2624 2266 2692; x_wconf 83' lang='lat' dir='ltr'><strong>quilibet</strong></span> <span class='ocrx_word' id='word_1_335' title='bbox 2299 2624 2573 2678; x_wconf 88' lang='lat' dir='ltr'><strong>mortalis.</strong></span> <span class='ocrx_word' id='word_1_336' title='bbox 2614 2623 2748 2678; x_wconf 83' lang='lat' dir='ltr'><strong>Nam</strong></span> <span class='ocrx_word' id='word_1_337' title='bbox 2782 2624 2848 2679; x_wconf 87' lang='lat' dir='ltr'><strong>ad</strong></span> <span class='ocrx_word' id='word_1_338' title='bbox 2881 2632 3092 2679; x_wconf 88' lang='lat' dir='ltr'><strong>certum</strong></span> <span class='ocrx_word' id='word_1_339' title='bbox 3127 2637 3190 2680; x_wconf 82' lang='lat' dir='ltr'><strong>ac</strong></span> <span class='ocrx_word' id='word_1_340' title='bbox 3245 2624 3412 2680; x_wconf 80' lang='lat' dir='ltr'><strong>breve</strong></span> <span class='ocrx_word' id='word_1_341' title='bbox 3478 2634 3689 2690; x_wconf 68' lang='lat' dir='ltr'><strong>tempus</strong></span> 
     </span>
    </p>
   </div>
   <div class='ocr_carea' id='block_1_51' title="bbox 428 2711 2598 2785">
    <p class='ocr_par' dir='ltr' id='par_1_51' title="bbox 428 2711 2598 2785">
     <span class='ocr_line' id='line_1_51' title="bbox 428 2711 2598 2785; baseline 0.006 -27"><span class='ocrx_word' id='word_1_342' title='bbox 428 2711 679 2772; x_wconf 81' lang='lat' dir='ltr'><strong>vivimus,</strong></span> <span class='ocrx_word' id='word_1_343' title='bbox 711 2719 764 2762; x_wconf 90' lang='lat' dir='ltr'><strong>et</strong></span> <span class='ocrx_word' id='word_1_344' title='bbox 790 2711 1009 2765; x_wconf 89' lang='lat' dir='ltr'><strong>demum</strong></span> <span class='ocrx_word' id='word_1_345' title='bbox 1040 2712 1091 2766; x_wconf 92' lang='lat' dir='ltr'><strong>in</strong></span> <span class='ocrx_word' id='word_1_346' title='bbox 1127 2729 1215 2778; x_wconf 85' lang='lat' dir='ltr'><strong>ea,</strong></span> <span class='ocrx_word' id='word_1_347' title='bbox 1243 2716 1386 2769; x_wconf 91' lang='lat' dir='ltr'><strong>unde</strong></span> <span class='ocrx_word' id='word_1_348' title='bbox 1413 2715 1682 2785; x_wconf 81' lang='lat' dir='ltr'><strong>originem</strong></span> <span class='ocrx_word' id='word_1_349' title='bbox 1707 2716 1988 2780; x_wconf 77' lang='lat' dir='ltr'><strong>duximus,</strong></span> <span class='ocrx_word' id='word_1_350' title='bbox 2025 2717 2221 2772; x_wconf 85' lang='lat' dir='ltr'><strong>iterum</strong></span> <span class='ocrx_word' id='word_1_351' title='bbox 2251 2717 2598 2772; x_wconf 83' lang='lat' dir='ltr'><strong>resolvimur.</strong></span> 
     </span>
    </p>
   </div>
   <div class='ocr_carea' id='block_1_52' title="bbox 497 2803 2001 2881">
    <p class='ocr_par' dir='ltr' id='par_1_52' title="bbox 497 2803 2001 2881">
     <span class='ocr_line' id='line_1_52' title="bbox 497 2803 2001 2881; baseline 0.005 -27"><span class='ocrx_word' id='word_1_352' title='bbox 497 2803 655 2859; x_wconf 70' lang='lat' dir='ltr'><strong>Vens.</strong></span> <span class='ocrx_word' id='word_1_353' title='bbox 704 2804 791 2858; x_wconf 75' lang='grc' dir='ltr'>Η,</span> <span class='ocrx_word' id='word_1_354' title='bbox 862 2803 1080 2860; x_wconf 80' lang='lat' dir='ltr'><strong>Dimitte</strong></span> <span class='ocrx_word' id='word_1_355' title='bbox 1122 2808 1248 2861; x_wconf 85' lang='lat' dir='ltr'><strong>mihi</strong></span> <span class='ocrx_word' id='word_1_356' title='bbox 1277 2817 1334 2862; x_wconf 87' lang='lat' dir='ltr'><strong>ut</strong></span> <span class='ocrx_word' id='word_1_357' title='bbox 1363 2809 1651 2878; x_wconf 79' lang='lat' dir='ltr'><strong>refrigerer</strong></span> <span class='ocrx_word' id='word_1_358' title='bbox 1691 2811 2001 2881; x_wconf 79' lang='lat' dir='ltr'><strong>priusquam</strong></span> 
     </span>
    </p>
   </div>
   <div class='ocr_carea' id='block_1_53' title="bbox 424 2895 2006 2972">
    <p class='ocr_par' dir='ltr' id='par_1_53' title="bbox 424 2895 2006 2972">
     <span class='ocr_line' id='line_1_53' title="bbox 424 2895 2006 2972; baseline 0.004 -24"><span class='ocrx_word' id='word_1_359' title='bbox 424 2898 630 2950; x_wconf 67' lang='lat' dir='ltr'><strong>(abeam.</strong></span> <span class='ocrx_word' id='word_1_360' title='bbox 658 2895 826 2952; x_wconf 86' lang='lat' dir='ltr'><strong>Parce</strong></span> <span class='ocrx_word' id='word_1_361' title='bbox 858 2898 1018 2958; x_wconf 89' lang='lat' dir='ltr'><strong>mihi.</strong></span> <span class='ocrx_word' id='word_1_362' title='bbox 1051 2899 1251 2970; x_wconf 83' lang='lat' dir='ltr'><strong>inquit,</strong></span> <span class='ocrx_word' id='word_1_363' title='bbox 1283 2902 1418 2956; x_wconf 83' lang='lat' dir='ltr'><strong>siste</strong></span> <span class='ocrx_word' id='word_1_364' title='bbox 1444 2902 1746 2971; x_wconf 82' lang='lat' dir='ltr'><strong>ﬂagellum,</strong></span> <span class='ocrx_word' id='word_1_365' title='bbox 1782 2911 1839 2957; x_wconf 90' lang='lat' dir='ltr'><strong>ut</strong></span> <span class='ocrx_word' id='word_1_366' title='bbox 1868 2920 2006 2972; x_wconf 87' lang='lat' dir='ltr'><strong>pau-</strong></span> 
     </span>
    </p>
   </div>
   <div class='ocr_carea' id='block_1_54' title="bbox 427 2989 2004 3055">
    <p class='ocr_par' dir='ltr' id='par_1_54' title="bbox 427 2989 2004 3055">
     <span class='ocr_line' id='line_1_54' title="bbox 427 2989 2004 3055; baseline 0.006 -13"><span class='ocrx_word' id='word_1_367' title='bbox 427 2989 597 3043; x_wconf 89' lang='lat' dir='ltr'><strong>lulum</strong></span> <span class='ocrx_word' id='word_1_368' title='bbox 631 2990 905 3055; x_wconf 88' lang='lat' dir='ltr'><strong>consoler,</strong></span> <span class='ocrx_word' id='word_1_369' title='bbox 936 2999 989 3044; x_wconf 87' lang='lat' dir='ltr'><strong>et</strong></span> <span class='ocrx_word' id='word_1_370' title='bbox 1025 2992 1350 3049; x_wconf 86' lang='lat' dir='ltr'><strong>alllictioues</strong></span> <span class='ocrx_word' id='word_1_371' title='bbox 1375 3009 1404 3047; x_wconf 88' lang='lat' dir='ltr'><strong>a</strong></span> <span class='ocrx_word' id='word_1_372' title='bbox 1429 3010 1513 3048; x_wconf 91' lang='lat' dir='ltr'><strong>me</strong></span> <span class='ocrx_word' id='word_1_373' title='bbox 1547 3000 1821 3050; x_wconf 78' lang='lat' dir='ltr'><strong>excutiam</strong></span> <span class='ocrx_word' id='word_1_374' title='bbox 1847 3004 2004 3051; x_wconf 87' lang='lat' dir='ltr'><strong>ante-</strong></span> 
     </span>
    </p>
   </div>
   <div class='ocr_carea' id='block_1_55' title="bbox 424 3079 2004 3154">
    <p class='ocr_par' dir='ltr' id='par_1_55' title="bbox 424 3079 2004 3154">
     <span class='ocr_line' id='line_1_55' title="bbox 424 3079 2004 3154; baseline 0.006 -22"><span class='ocrx_word' id='word_1_375' title='bbox 424 3095 586 3148; x_wconf 79' lang='lat' dir='ltr'><strong>quam</strong></span> <span class='ocrx_word' id='word_1_376' title='bbox 621 3082 826 3134; x_wconf 86' lang='lat' dir='ltr'><strong>moriar</strong></span> <span class='ocrx_word' id='word_1_377' title='bbox 859 3079 962 3152; x_wconf 88' lang='lat' dir='ltr'><strong>[vel</strong></span> <span class='ocrx_word' id='word_1_378' title='bbox 994 3081 1104 3146; x_wconf 87' lang='lat' dir='ltr'><strong>die,</strong></span> <span class='ocrx_word' id='word_1_379' title='bbox 1139 3085 1282 3152; x_wconf 89' lang='lat' dir='ltr'><strong>quod</strong></span> <span class='ocrx_word' id='word_1_380' title='bbox 1306 3094 1656 3154; x_wconf 87' lang='lat' dir='ltr'><strong>peccatorum</strong></span> <span class='ocrx_word' id='word_1_381' title='bbox 1694 3089 1908 3141; x_wconf 83' lang='lat' dir='ltr'><strong>veniam</strong></span> <span class='ocrx_word' id='word_1_382' title='bbox 1950 3088 2004 3141; x_wconf 93' lang='lat' dir='ltr'><strong>in</strong></span> 
     </span>
    </p>
   </div>
   <div class='ocr_carea' id='block_1_56' title="bbox 427 3172 1098 3242">
    <p class='ocr_par' dir='ltr' id='par_1_56' title="bbox 427 3172 1098 3242">
     <span class='ocr_line' id='line_1_56' title="bbox 427 3172 1098 3242; baseline 0.004 -20"><span class='ocrx_word' id='word_1_383' title='bbox 427 3172 674 3239; x_wconf 69' lang='lat' dir='ltr'><strong>prtrsenti</strong></span> <span class='ocrx_word' id='word_1_384' title='bbox 691 3172 797 3224; x_wconf 87' lang='lat' dir='ltr'><strong>vita</strong></span> <span class='ocrx_word' id='word_1_385' title='bbox 815 3172 1098 3242; x_wconf 75' lang='lat' dir='ltr'><strong>postulat].</strong></span> 
     </span>
    </p>
   </div>
   <div class='ocr_carea' id='block_1_57' title="bbox 500 3261 1997 3337">
    <p class='ocr_par' dir='ltr' id='par_1_57' title="bbox 500 3261 1997 3337">
     <span class='ocr_line' id='line_1_57' title="bbox 500 3261 1997 3337; baseline 0.009 -22"><span class='ocrx_word' id='word_1_386' title='bbox 500 3261 568 3316; x_wconf 86' lang='lat' dir='ltr'><strong>Et</strong></span> <span class='ocrx_word' id='word_1_387' title='bbox 585 3263 811 3330; x_wconf 84' lang='lat' dir='ltr'><strong>amplius</strong></span> <span class='ocrx_word' id='word_1_388' title='bbox 839 3281 939 3316; x_wconf 84' lang='lat' dir='ltr'><strong>non</strong></span> <span class='ocrx_word' id='word_1_389' title='bbox 971 3281 1082 3319; x_wconf 78' lang='lat' dir='ltr'><strong>ero.</strong></span> <span class='ocrx_word' id='word_1_390' title='bbox 1117 3264 1180 3320; x_wconf 82' lang='lat' dir='ltr'><strong>Et</strong></span> <span class='ocrx_word' id='word_1_391' title='bbox 1206 3281 1330 3320; x_wconf 89' lang='lat' dir='ltr'><strong>cum</strong></span> <span class='ocrx_word' id='word_1_392' title='bbox 1356 3267 1509 3322; x_wconf 84' lang='lat' dir='ltr'><strong>ivero</strong></span> <span class='ocrx_word' id='word_1_393' title='bbox 1543 3270 1634 3323; x_wconf 86' lang='lat' dir='ltr'><strong>ubi</strong></span> <span class='ocrx_word' id='word_1_394' title='bbox 1659 3277 1788 3324; x_wconf 90' lang='lat' dir='ltr'><strong>sunt</strong></span> <span class='ocrx_word' id='word_1_395' title='bbox 1813 3278 1997 3337; x_wconf 78' lang='lat' dir='ltr'><strong>patres</strong></span> 
     </span>
    </p>
   </div>
   <div class='ocr_carea' id='block_1_58' title="bbox 432 3356 2001 3430">
    <p class='ocr_par' dir='ltr' id='par_1_58' title="bbox 432 3356 2001 3430">
     <span class='ocr_line' id='line_1_58' title="bbox 432 3356 2001 3430; baseline 0.004 -23"><span class='ocrx_word' id='word_1_396' title='bbox 432 3356 558 3418; x_wconf 85' lang='lat' dir='ltr'><strong>mei.</strong></span> <span class='ocrx_word' id='word_1_397' title='bbox 593 3371 700 3410; x_wconf 89' lang='lat' dir='ltr'><strong>non</strong></span> <span class='ocrx_word' id='word_1_398' title='bbox 741 3371 836 3410; x_wconf 88' lang='lat' dir='ltr'><strong>ero</strong></span> <span class='ocrx_word' id='word_1_399' title='bbox 855 3357 1110 3426; x_wconf 88' lang='lat' dir='ltr'><strong>amplius,</strong></span> <span class='ocrx_word' id='word_1_400' title='bbox 1140 3358 1243 3412; x_wconf 91' lang='lat' dir='ltr'><strong>hoc</strong></span> <span class='ocrx_word' id='word_1_401' title='bbox 1269 3367 1371 3422; x_wconf 89' lang='lat' dir='ltr'><strong>est,</strong></span> <span class='ocrx_word' id='word_1_402' title='bbox 1397 3375 1506 3413; x_wconf 87' lang='lat' dir='ltr'><strong>non</strong></span> <span class='ocrx_word' id='word_1_403' title='bbox 1532 3361 1772 3430; x_wconf 88' lang='lat' dir='ltr'><strong>amplius</strong></span> <span class='ocrx_word' id='word_1_404' title='bbox 1798 3361 2001 3414; x_wconf 82' lang='lat' dir='ltr'><strong>vivam.</strong></span> 
     </span>
    </p>
   </div>
   <div class='ocr_carea' id='block_1_59' title="bbox 428 3448 2007 3519">
    <p class='ocr_par' dir='ltr' id='par_1_59' title="bbox 428 3448 2007 3519">
     <span class='ocr_line' id='line_1_59' title="bbox 428 3448 2007 3519; baseline 0.003 -17"><span class='ocrx_word' id='word_1_405' title='bbox 428 3449 542 3512; x_wconf 88' lang='lat' dir='ltr'><strong>Vel,</strong></span> <span class='ocrx_word' id='word_1_406' title='bbox 579 3463 687 3502; x_wconf 90' lang='lat' dir='ltr'><strong>non</strong></span> <span class='ocrx_word' id='word_1_407' title='bbox 746 3463 840 3501; x_wconf 88' lang='lat' dir='ltr'><strong>ero</strong></span> <span class='ocrx_word' id='word_1_408' title='bbox 895 3448 1132 3516; x_wconf 88' lang='lat' dir='ltr'><strong>amplius</strong></span> <span class='ocrx_word' id='word_1_409' title='bbox 1191 3450 1244 3502; x_wconf 91' lang='lat' dir='ltr'><strong>in</strong></span> <span class='ocrx_word' id='word_1_410' title='bbox 1312 3452 1568 3519; x_wconf 70' lang='lat' dir='ltr'><strong>prmsenti</strong></span> <span class='ocrx_word' id='word_1_411' title='bbox 1610 3454 1835 3508; x_wconf 89' lang='lat' dir='ltr'><strong>mundo.</strong></span> <span class='ocrx_word' id='word_1_412' title='bbox 1883 3451 2007 3506; x_wconf 70' lang='lat' dir='ltr'><strong>llaec</strong></span> 
     </span>
    </p>
   </div>
   <div class='ocr_carea' id='block_1_60' title="bbox 423 3540 2008 3615">
    <p class='ocr_par' dir='ltr' id='par_1_60' title="bbox 423 3540 2008 3615">
     <span class='ocr_line' id='line_1_60' title="bbox 423 3540 2008 3615; baseline 0.005 -23"><span class='ocrx_word' id='word_1_413' title='bbox 423 3541 588 3596; x_wconf 66' lang='lat' dir='ltr'><strong>etiam</strong></span> <span class='ocrx_word' id='word_1_414' title='bbox 647 3541 813 3594; x_wconf 82' lang='lat' dir='ltr'><strong>verba</strong></span> <span class='ocrx_word' id='word_1_415' title='bbox 855 3540 920 3594; x_wconf 89' lang='lat' dir='ltr'><strong>ad</strong></span> <span class='ocrx_word' id='word_1_416' title='bbox 985 3542 1305 3609; x_wconf 86' lang='lat' dir='ltr'><strong>placandam</strong></span> <span class='ocrx_word' id='word_1_417' title='bbox 1345 3541 1438 3597; x_wconf 88' lang='lat' dir='ltr'><strong>Dei</strong></span> <span class='ocrx_word' id='word_1_418' title='bbox 1487 3543 1648 3608; x_wconf 86' lang='lat' dir='ltr'><strong>iram,</strong></span> <span class='ocrx_word' id='word_1_419' title='bbox 1677 3551 1732 3599; x_wconf 87' lang='lat' dir='ltr'><strong>et</strong></span> <span class='ocrx_word' id='word_1_420' title='bbox 1771 3544 1836 3600; x_wconf 89' lang='lat' dir='ltr'><strong>ad</strong></span> <span class='ocrx_word' id='word_1_421' title='bbox 1888 3545 2008 3615; x_wconf 86' lang='lat' dir='ltr'><strong>ejus</strong></span> 
     </span>
    </p>
   </div>
   <div class='ocr_carea' id='block_1_61' title="bbox 427 3632 2005 3705">
    <p class='ocr_par' dir='ltr' id='par_1_61' title="bbox 427 3632 2005 3705">
     <span class='ocr_line' id='line_1_61' title="bbox 427 3632 2005 3705; baseline 0.003 -19"><span class='ocrx_word' id='word_1_422' title='bbox 427 3632 857 3689; x_wconf 88' lang='lat' dir='ltr'><strong>misericordiam</strong></span> <span class='ocrx_word' id='word_1_423' title='bbox 873 3634 1278 3688; x_wconf 87' lang='lat' dir='ltr'><strong>conciliandam</strong></span> <span class='ocrx_word' id='word_1_424' title='bbox 1300 3633 1443 3689; x_wconf 89' lang='lat' dir='ltr'><strong>dicta</strong></span> <span class='ocrx_word' id='word_1_425' title='bbox 1465 3643 1590 3688; x_wconf 90' lang='lat' dir='ltr'><strong>sunt</strong></span> <span class='ocrx_word' id='word_1_426' title='bbox 1613 3652 1628 3700; x_wconf 89' lang='lat'><strong>;</strong></span> <span class='ocrx_word' id='word_1_427' title='bbox 1651 3637 1786 3690; x_wconf 88' lang='lat' dir='ltr'><strong>illud</strong></span> <span class='ocrx_word' id='word_1_428' title='bbox 1803 3645 2005 3705; x_wconf 84' lang='lat' dir='ltr'><strong>autem,</strong></span> 
     </span>
    </p>
   </div>
   <div class='ocr_carea' id='block_1_62' title="bbox 425 3725 1762 3795">
    <p class='ocr_par' dir='ltr' id='par_1_62' title="bbox 425 3725 1762 3795">
     <span class='ocr_line' id='line_1_62' title="bbox 425 3725 1762 3795; baseline 0.003 -16"><span class='ocrx_word' id='word_1_429' title='bbox 425 3725 543 3779; x_wconf 85' lang='lat' dir='ltr'><strong>Non</strong></span> <span class='ocrx_word' id='word_1_430' title='bbox 574 3725 828 3795; x_wconf 84' lang='lat' dir='ltr'><strong>amplius,</strong></span> <span class='ocrx_word' id='word_1_431' title='bbox 860 3726 926 3780; x_wconf 87' lang='lat' dir='ltr'><strong>ad</strong></span> <span class='ocrx_word' id='word_1_432' title='bbox 960 3726 1229 3782; x_wconf 88' lang='lat' dir='ltr'><strong>orationis</strong></span> <span class='ocrx_word' id='word_1_433' title='bbox 1258 3729 1762 3784; x_wconf 79' lang='lat' dir='ltr'><strong>conﬁrmationem.</strong></span> 
     </span>
    </p>
   </div>
   <div class='ocr_carea' id='block_1_63' title="bbox 738 3840 1690 3910">
    <p class='ocr_par' dir='ltr' id='par_1_63' title="bbox 738 3840 1690 3910">
     <span class='ocr_line' id='line_1_63' title="bbox 738 3840 1690 3910; baseline 0.002 -14"><span class='ocrx_word' id='word_1_434' title='bbox 738 3841 804 3896; x_wconf 88' lang='lat' dir='ltr'><strong>In</strong></span> <span class='ocrx_word' id='word_1_435' title='bbox 826 3841 984 3909; x_wconf 79' lang='lat' dir='ltr'><strong>ﬁnem</strong></span> <span class='ocrx_word' id='word_1_436' title='bbox 1037 3840 1283 3896; x_wconf 86' lang='lat' dir='ltr'><strong>Psalmus</strong></span> <span class='ocrx_word' id='word_1_437' title='bbox 1338 3842 1440 3910; x_wconf 81' lang='lat' dir='ltr'><strong>ipsi</strong></span> <span class='ocrx_word' id='word_1_438' title='bbox 1495 3842 1690 3900; x_wconf 80' lang='lat' dir='ltr'><strong>David.</strong></span> 
     </span>
    </p>
   </div>
   <div class='ocr_carea' id='block_1_64' title="bbox 921 3973 1516 4029">
    <p class='ocr_par' dir='ltr' id='par_1_64' title="bbox 921 3973 1516 4029">
     <span class='ocr_line' id='line_1_64' title="bbox 921 3973 1516 4029; baseline 0 -1"><span class='ocrx_word' id='word_1_439' title='bbox 921 3973 1241 4029; x_wconf 70' lang='lat' dir='ltr'><strong>PSALMUS</strong></span> <span class='ocrx_word' id='word_1_440' title='bbox 1270 3973 1516 4028; x_wconf 74' lang='lat' dir='ltr'><strong>XXXIX.</strong></span> 
     </span>
    </p>
   </div>
   <div class='ocr_carea' id='block_1_65' title="bbox 498 4084 2014 4158">
    <p class='ocr_par' dir='ltr' id='par_1_65' title="bbox 498 4084 2014 4158">
     <span class='ocr_line' id='line_1_65' title="bbox 498 4084 2014 4158; baseline 0.001 -16"><span class='ocrx_word' id='word_1_441' title='bbox 498 4085 702 4142; x_wconf 88' lang='lat' dir='ltr'><strong>Sancto</strong></span> <span class='ocrx_word' id='word_1_442' title='bbox 725 4084 937 4154; x_wconf 87' lang='lat' dir='ltr'><strong>Spiritu</strong></span> <span class='ocrx_word' id='word_1_443' title='bbox 967 4087 1181 4140; x_wconf 82' lang='lat' dir='ltr'><strong>alllatus</strong></span> <span class='ocrx_word' id='word_1_444' title='bbox 1235 4087 1423 4141; x_wconf 89' lang='lat' dir='ltr'><strong>beatus</strong></span> <span class='ocrx_word' id='word_1_445' title='bbox 1446 4086 1639 4152; x_wconf 82' lang='lat' dir='ltr'><strong>David,</strong></span> <span class='ocrx_word' id='word_1_446' title='bbox 1670 4087 1815 4144; x_wconf 81' lang='lat' dir='ltr'><strong>hunc</strong></span> <span class='ocrx_word' id='word_1_447' title='bbox 1869 4091 2014 4158; x_wconf 82' lang='lat' dir='ltr'><strong>psal-</strong></span> 
     </span>
    </p>
   </div>
   <div class='ocr_carea' id='block_1_66' title="bbox 429 4175 2009 4243">
    <p class='ocr_par' dir='ltr' id='par_1_66' title="bbox 429 4175 2009 4243">
     <span class='ocr_line' id='line_1_66' title="bbox 429 4175 2009 4243; baseline 0.001 -13"><span class='ocrx_word' id='word_1_448' title='bbox 429 4192 576 4230; x_wconf 88' lang='lat' dir='ltr'><strong>mum</strong></span> <span class='ocrx_word' id='word_1_449' title='bbox 637 4177 690 4229; x_wconf 91' lang='lat' dir='ltr'><strong>in</strong></span> <span class='ocrx_word' id='word_1_450' title='bbox 740 4191 968 4243; x_wconf 78' lang='lat' dir='ltr'><strong>persona</strong></span> <span class='ocrx_word' id='word_1_451' title='bbox 1025 4175 1281 4229; x_wconf 72' lang='lat' dir='ltr'><strong>Ecclesiae</strong></span> <span class='ocrx_word' id='word_1_452' title='bbox 1307 4176 1745 4230; x_wconf 80' lang='lat' dir='ltr'><strong>Christianorum</strong></span> <span class='ocrx_word' id='word_1_453' title='bbox 1784 4178 2009 4242; x_wconf 80' lang='lat' dir='ltr'><strong>cecinit,</strong></span> 
     </span>
    </p>
   </div>
   <div class='ocr_carea' id='block_1_67' title="bbox 427 4267 2011 4338">
    <p class='ocr_par' dir='ltr' id='par_1_67' title="bbox 427 4267 2011 4338">
     <span class='ocr_line' id='line_1_67' title="bbox 427 4267 2011 4338; baseline 0.001 -16"><span class='ocrx_word' id='word_1_454' title='bbox 427 4284 538 4338; x_wconf 83' lang='lat' dir='ltr'><strong>quo</strong></span> <span class='ocrx_word' id='word_1_455' title='bbox 569 4269 775 4338; x_wconf 84' lang='lat' dir='ltr'><strong>gratias</strong></span> <span class='ocrx_word' id='word_1_456' title='bbox 831 4267 942 4322; x_wconf 86' lang='lat' dir='ltr'><strong>Deo</strong></span> <span class='ocrx_word' id='word_1_457' title='bbox 977 4268 1090 4334; x_wconf 76' lang='lat' dir='ltr'><strong>agit</strong></span> <span class='ocrx_word' id='word_1_458' title='bbox 1139 4284 1237 4336; x_wconf 78' lang='lat' dir='ltr'><strong>pro</strong></span> <span class='ocrx_word' id='word_1_459' title='bbox 1274 4267 1527 4322; x_wconf 85' lang='lat' dir='ltr'><strong>miriﬁcis</strong></span> <span class='ocrx_word' id='word_1_460' title='bbox 1554 4269 1716 4323; x_wconf 91' lang='lat' dir='ltr'><strong>donis</strong></span> <span class='ocrx_word' id='word_1_461' title='bbox 1753 4271 1951 4338; x_wconf 84' lang='lat' dir='ltr'><strong>quibus</strong></span> <span class='ocrx_word' id='word_1_462' title='bbox 1982 4286 2011 4324; x_wconf 91' lang='lat' dir='ltr'><strong>a</strong></span> 
     </span>
    </p>
   </div>
   <div class='ocr_carea' id='block_1_68' title="bbox 431 4353 2010 4432">
    <p class='ocr_par' dir='ltr' id='par_1_68' title="bbox 431 4353 2010 4432">
     <span class='ocr_line' id='line_1_68' title="bbox 431 4353 2010 4432; baseline 0.006 -28"><span class='ocrx_word' id='word_1_463' title='bbox 431 4353 537 4407; x_wconf 80' lang='lat' dir='ltr'><strong>beo</strong></span> <span class='ocrx_word' id='word_1_464' title='bbox 559 4354 729 4423; x_wconf 86' lang='lat' dir='ltr'><strong>gratis</strong></span> <span class='ocrx_word' id='word_1_465' title='bbox 767 4354 966 4407; x_wconf 86' lang='lat' dir='ltr'><strong>donata</strong></span> <span class='ocrx_word' id='word_1_466' title='bbox 997 4366 1100 4417; x_wconf 80' lang='lat' dir='ltr'><strong>est.</strong></span> <span class='ocrx_word' id='word_1_467' title='bbox 1137 4367 1188 4408; x_wconf 88' lang='lat' dir='ltr'><strong>et</strong></span> <span class='ocrx_word' id='word_1_468' title='bbox 1230 4356 1299 4410; x_wconf 87' lang='lat' dir='ltr'><strong>ab</strong></span> <span class='ocrx_word' id='word_1_469' title='bbox 1323 4371 1387 4432; x_wconf 85' lang='lat' dir='ltr'><strong>eo</strong></span> <span class='ocrx_word' id='word_1_470' title='bbox 1416 4357 1687 4412; x_wconf 86' lang='lat' dir='ltr'><strong>adversus</strong></span> <span class='ocrx_word' id='word_1_471' title='bbox 1714 4359 2010 4430; x_wconf 85' lang='lat' dir='ltr'><strong>insurgen-</strong></span> 
     </span>
    </p>
   </div>
   <div class='ocr_carea' id='block_1_69' title="bbox 424 4445 2006 4516">
    <p class='ocr_par' dir='ltr' id='par_1_69' title="bbox 424 4445 2006 4516">
     <span class='ocr_line' id='line_1_69' title="bbox 424 4445 2006 4516; baseline 0.003 -19"><span class='ocrx_word' id='word_1_472' title='bbox 424 4452 508 4499; x_wconf 70' lang='lat' dir='ltr'><strong>tes</strong></span> <span class='ocrx_word' id='word_1_473' title='bbox 535 4445 590 4498; x_wconf 89' lang='lat' dir='ltr'><strong>in</strong></span> <span class='ocrx_word' id='word_1_474' title='bbox 620 4460 678 4502; x_wconf 86' lang='lat' dir='ltr'><strong>se</strong></span> <span class='ocrx_word' id='word_1_475' title='bbox 718 4454 978 4516; x_wconf 83' lang='lat' dir='ltr'><strong>tyrannos</strong></span> <span class='ocrx_word' id='word_1_476' title='bbox 1009 4461 1166 4515; x_wconf 87' lang='lat' dir='ltr'><strong>opem</strong></span> <span class='ocrx_word' id='word_1_477' title='bbox 1196 4447 1352 4514; x_wconf 88' lang='lat' dir='ltr'><strong>petit.</strong></span> <span class='ocrx_word' id='word_1_478' title='bbox 1382 4445 1447 4500; x_wconf 87' lang='lat' dir='ltr'><strong>In</strong></span> <span class='ocrx_word' id='word_1_479' title='bbox 1471 4449 1628 4516; x_wconf 79' lang='lat' dir='ltr'><strong>ﬁnem</strong></span> <span class='ocrx_word' id='word_1_480' title='bbox 1668 4449 2006 4514; x_wconf 79' lang='lat' dir='ltr'><strong>inscribitur,</strong></span> 
     </span>
    </p>
   </div>
   <div class='ocr_carea' id='block_1_70' title="bbox 2186 2810 3685 2882">
    <p class='ocr_par' dir='ltr' id='par_1_70' title="bbox 2186 2810 3685 2882">
     <span class='ocr_line' id='line_1_70' title="bbox 2186 2810 3685 2882; baseline -0.003 -15"><span class='ocrx_word' id='word_1_481' title='bbox 2186 2815 2354 2879; x_wconf 76' lang='grc' dir='ltr'>Ἀνες</span> <span class='ocrx_word' id='word_1_482' title='bbox 2365 2832 2466 2882; x_wconf 83' lang='grc' dir='ltr'><strong>μοι</strong></span> <span class='ocrx_word' id='word_1_483' title='bbox 2495 2815 2594 2867; x_wconf 83' lang='grc' dir='ltr'><strong>ἵνα</strong></span> <span class='ocrx_word' id='word_1_484' title='bbox 2619 2811 2937 2880; x_wconf 72' lang='grc' dir='ltr'>ἁναψύεω,</span> <span class='ocrx_word' id='word_1_485' title='bbox 2979 2812 3094 2880; x_wconf 77' lang='grc' dir='ltr'>πρὸ</span> <span class='ocrx_word' id='word_1_486' title='bbox 3124 2811 3231 2865; x_wconf 83' lang='grc' dir='ltr'><strong>τοῦ</strong></span> <span class='ocrx_word' id='word_1_487' title='bbox 3265 2812 3343 2880; x_wconf 81' lang='grc' dir='ltr'>μὲ</span> <span class='ocrx_word' id='word_1_488' title='bbox 3380 2810 3685 2865; x_wconf 61' lang='grc' dir='ltr'>ἀπελθεῖν</span> 
     </span>
    </p>
   </div>
   <div class='ocr_carea' id='block_1_71' title="bbox 2111 2905 3689 2976">
    <p class='ocr_par' dir='ltr' id='par_1_71' title="bbox 2111 2905 3689 2976">
     <span class='ocr_line' id='line_1_71' title="bbox 2111 2905 3689 2976; baseline -0.002 -18"><span class='ocrx_word' id='word_1_489' title='bbox 2111 2907 2302 2958; x_wconf 76' lang='grc' dir='ltr'>Φεῖσαί</span> <span class='ocrx_word' id='word_1_490' title='bbox 2340 2923 2474 2972; x_wconf 87' lang='grc' dir='ltr'>μου.</span> <span class='ocrx_word' id='word_1_491' title='bbox 2509 2906 2706 2976; x_wconf 83' lang='grc' dir='ltr'>στῆσον</span> <span class='ocrx_word' id='word_1_492' title='bbox 2739 2907 2838 2973; x_wconf 83' lang='grc' dir='ltr'><strong>τὴν</strong></span> <span class='ocrx_word' id='word_1_493' title='bbox 2872 2907 3128 2974; x_wconf 77' lang='grc' dir='ltr'>μάστιγα,</span> <span class='ocrx_word' id='word_1_494' title='bbox 3172 2906 3257 2958; x_wconf 76' lang='grc' dir='ltr'><strong>ἵνα</strong></span> <span class='ocrx_word' id='word_1_495' title='bbox 3319 2905 3513 2974; x_wconf 71' lang='grc' dir='ltr'>μικρὸν</span> <span class='ocrx_word' id='word_1_496' title='bbox 3548 2919 3689 2973; x_wconf 86' lang='grc' dir='ltr'>παρ-</span> 
     </span>
    </p>
   </div>
   <div class='ocr_carea' id='block_1_72' title="bbox 2114 2993 3691 3067">
    <p class='ocr_par' dir='ltr' id='par_1_72' title="bbox 2114 2993 3691 3067">
     <span class='ocr_line' id='line_1_72' title="bbox 2114 2993 3691 3067; baseline -0.003 -17"><span class='ocrx_word' id='word_1_497' title='bbox 2114 2997 2395 3067; x_wconf 83' lang='grc' dir='ltr'>ηγορηθῶ,</span> <span class='ocrx_word' id='word_1_498' title='bbox 2447 2997 2541 3051; x_wconf 76' lang='grc' dir='ltr'>καὶ</span> <span class='ocrx_word' id='word_1_499' title='bbox 2600 2996 2947 3066; x_wconf 78' lang='grc' dir='ltr'>ἀποσείωμαι</span> <span class='ocrx_word' id='word_1_500' title='bbox 3010 2998 3110 3059; x_wconf 64' lang='grc' dir='ltr'>τὰς</span> <span class='ocrx_word' id='word_1_501' title='bbox 3161 2995 3405 3066; x_wconf 71' lang='grc' dir='ltr'>θλίψεις,</span> <span class='ocrx_word' id='word_1_502' title='bbox 3458 2995 3564 3065; x_wconf 77' lang='grc' dir='ltr'>πρὸ</span> <span class='ocrx_word' id='word_1_503' title='bbox 3597 2993 3691 3046; x_wconf 70' lang='grc' dir='ltr'>τοῦ</span> 
     </span>
    </p>
   </div>
   <div class='ocr_carea' id='block_1_73' title="bbox 2115 3087 2526 3158">
    <p class='ocr_par' dir='ltr' id='par_1_73' title="bbox 2115 3087 2526 3158">
     <span class='ocr_line' id='line_1_73' title="bbox 2115 3087 2526 3158; baseline 0 -17"><span class='ocrx_word' id='word_1_504' title='bbox 2115 3087 2408 3141; x_wconf 80' lang='grc' dir='ltr'>ἀποθανεῖν</span> <span class='ocrx_word' id='word_1_505' title='bbox 2436 3105 2526 3158; x_wconf 83' lang='grc' dir='ltr'>με.</span> 
     </span>
    </p>
   </div>
   <div class='ocr_carea' id='block_1_74' title="bbox 2177 3268 3691 3337">
    <p class='ocr_par' dir='ltr' id='par_1_74' title="bbox 2177 3268 3691 3337">
     <span class='ocr_line' id='line_1_74' title="bbox 2177 3268 3691 3337; baseline -0.003 -13"><span class='ocrx_word' id='word_1_506' title='bbox 2177 3269 2285 3324; x_wconf 83' lang='lat' dir='ltr'><strong>Kal</strong></span> <span class='ocrx_word' id='word_1_507' title='bbox 2309 3268 2509 3323; x_wconf 76' lang='grc' dir='ltr'>οὐκέτι</span> <span class='ocrx_word' id='word_1_508' title='bbox 2548 3271 2620 3322; x_wconf 81' lang='grc' dir='ltr'>οὐ</span> <span class='ocrx_word' id='word_1_509' title='bbox 2649 3269 2735 3337; x_wconf 81' lang='grc' dir='ltr'>μὴ</span> <span class='ocrx_word' id='word_1_510' title='bbox 2768 3268 3032 3337; x_wconf 81' lang='grc' dir='ltr'>ὑπάρξω.</span> <span class='ocrx_word' id='word_1_511' title='bbox 3091 3271 3200 3322; x_wconf 70' lang='grc' dir='ltr'>Καὶ</span> <span class='ocrx_word' id='word_1_512' title='bbox 3261 3268 3518 3321; x_wconf 82' lang='grc' dir='ltr'>ἀπελθὼν</span> <span class='ocrx_word' id='word_1_513' title='bbox 3554 3269 3691 3321; x_wconf 82' lang='grc' dir='ltr'>ὅπου</span> 
     </span>
    </p>
   </div>
   <div class='ocr_carea' id='block_1_75' title="bbox 2109 3359 3687 3431">
    <p class='ocr_par' dir='ltr' id='par_1_75' title="bbox 2109 3359 3687 3431">
     <span class='ocr_line' id='line_1_75' title="bbox 2109 3359 3687 3431; baseline -0.002 -17"><span class='ocrx_word' id='word_1_514' title='bbox 2109 3362 2203 3414; x_wconf 56' lang='grc' dir='ltr'><strong>καὶ⁷</strong></span> <span class='ocrx_word' id='word_1_515' title='bbox 2241 3361 2290 3414; x_wconf 84' lang='grc' dir='ltr'>οἱ</span> <span class='ocrx_word' id='word_1_516' title='bbox 2353 3359 2588 3431; x_wconf 83' lang='grc' dir='ltr'>πατέρες</span> <span class='ocrx_word' id='word_1_517' title='bbox 2643 3377 2767 3428; x_wconf 87' lang='grc' dir='ltr'>μου,</span> <span class='ocrx_word' id='word_1_518' title='bbox 2825 3361 3010 3413; x_wconf 76' lang='grc' dir='ltr'>οὖκὲτι</span> <span class='ocrx_word' id='word_1_519' title='bbox 3065 3362 3314 3431; x_wconf 80' lang='grc' dir='ltr'>ὕπάρξω,</span> <span class='ocrx_word' id='word_1_520' title='bbox 3380 3360 3687 3423; x_wconf 79' lang='grc' dir='ltr'>τουτέστιν,</span> 
     </span>
    </p>
   </div>
   <div class='ocr_carea' id='block_1_76' title="bbox 2107 3450 3691 3524">
    <p class='ocr_par' dir='ltr' id='par_1_76' title="bbox 2107 3450 3691 3524">
     <span class='ocr_line' id='line_1_76' title="bbox 2107 3450 3691 3524; baseline 0.001 -19"><span class='ocrx_word' id='word_1_521' title='bbox 2107 3450 2292 3505; x_wconf 71' lang='grc' dir='ltr'>οὐκέτι</span> <span class='ocrx_word' id='word_1_522' title='bbox 2329 3452 2597 3523; x_wconf 72' lang='grc' dir='ltr'>βιώσομαι</span> <span class='ocrx_word' id='word_1_523' title='bbox 2621 3471 2634 3484; x_wconf 86' lang='grc'><strong>·</strong></span> <span class='ocrx_word' id='word_1_524' title='bbox 2757 3453 2942 3506; x_wconf 74' lang='grc' dir='ltr'>οὐκέτι</span> <span class='ocrx_word' id='word_1_525' title='bbox 2994 3454 3224 3524; x_wconf 82' lang='grc' dir='ltr'>ὐπάρξω</span> <span class='ocrx_word' id='word_1_526' title='bbox 3251 3455 3308 3506; x_wconf 83' lang='grc' dir='ltr'><strong>ἐν</strong></span> <span class='ocrx_word' id='word_1_527' title='bbox 3348 3455 3427 3523; x_wconf 83' lang='grc' dir='ltr'>τῷ</span> <span class='ocrx_word' id='word_1_528' title='bbox 3461 3453 3691 3523; x_wconf 80' lang='grc' dir='ltr'>παρόντι</span> 
     </span>
    </p>
   </div>
   <div class='ocr_carea' id='block_1_77' title="bbox 2109 3544 3690 3618">
    <p class='ocr_par' dir='ltr' id='par_1_77' title="bbox 2109 3544 3690 3618">
     <span class='ocr_line' id='line_1_77' title="bbox 2109 3544 3690 3618; baseline 0.002 -21"><span class='ocrx_word' id='word_1_529' title='bbox 2109 3544 2320 3614; x_wconf 79' lang='grc' dir='ltr'>κόσμῳ.</span> <span class='ocrx_word' id='word_1_530' title='bbox 2347 3547 2716 3614; x_wconf 80' lang='grc' dir='ltr'>Δυσωπητικὰ</span> <span class='ocrx_word' id='word_1_531' title='bbox 2747 3545 2805 3597; x_wconf 82' lang='grc' dir='ltr'><strong>δὲ</strong></span> <span class='ocrx_word' id='word_1_532' title='bbox 2849 3548 2942 3598; x_wconf 74' lang='grc' dir='ltr'>καὶ</span> <span class='ocrx_word' id='word_1_533' title='bbox 2975 3547 3113 3614; x_wconf 75' lang='grc' dir='ltr'>ἄγαν</span> <span class='ocrx_word' id='word_1_534' title='bbox 3142 3547 3336 3616; x_wconf 64' lang='lat' dir='ltr'><strong>oin-cpit</strong></span> <span class='ocrx_word' id='word_1_535' title='bbox 3356 3547 3422 3599; x_wconf 75' lang='grc' dir='ltr'>τὰ</span> <span class='ocrx_word' id='word_1_536' title='bbox 3445 3549 3690 3618; x_wconf 74' lang='grc' dir='ltr'>ῥήματα.</span> 
     </span>
    </p>
   </div>
   <div class='ocr_carea' id='block_1_78' title="bbox 2110 3632 3691 3704">
    <p class='ocr_par' dir='ltr' id='par_1_78' title="bbox 2110 3632 3691 3704">
     <span class='ocr_line' id='line_1_78' title="bbox 2110 3632 3691 3704; baseline 0 -18"><span class='ocrx_word' id='word_1_537' title='bbox 2110 3632 2183 3686; x_wconf 82' lang='grc' dir='ltr'><strong>Τὸ</strong></span> <span class='ocrx_word' id='word_1_538' title='bbox 2203 3633 2280 3697; x_wconf 80' lang='grc' dir='ltr'><strong>δὲ,</strong></span> <span class='ocrx_word' id='word_1_539' title='bbox 2343 3636 2424 3688; x_wconf 85' lang='grc' dir='ltr'><strong>Οὐ</strong></span> <span class='ocrx_word' id='word_1_540' title='bbox 2453 3633 2561 3704; x_wconf 79' lang='grc' dir='ltr'><strong>μὴ,</strong></span> <span class='ocrx_word' id='word_1_541' title='bbox 2612 3634 2750 3704; x_wconf 75' lang='grc' dir='ltr'>πρὸς</span> <span class='ocrx_word' id='word_1_542' title='bbox 2808 3633 3100 3704; x_wconf 82' lang='grc' dir='ltr'>βεϐαίωσιν</span> <span class='ocrx_word' id='word_1_543' title='bbox 3147 3636 3243 3688; x_wconf 81' lang='grc' dir='ltr'><strong>τοῦ</strong></span> <span class='ocrx_word' id='word_1_544' title='bbox 3271 3635 3432 3703; x_wconf 86' lang='grc' dir='ltr'>λόγου</span> <span class='ocrx_word' id='word_1_545' title='bbox 3494 3634 3691 3704; x_wconf 78' lang='grc' dir='ltr'>παρείο</span> 
     </span>
    </p>
   </div>
   <div class='ocr_carea' id='block_1_79' title="bbox 2109 3725 2338 3794">
    <p class='ocr_par' dir='ltr' id='par_1_79' title="bbox 2109 3725 2338 3794">
     <span class='ocr_line' id='line_1_79' title="bbox 2109 3725 2338 3794; baseline 0.009 -18"><span class='ocrx_word' id='word_1_546' title='bbox 2109 3725 2338 3794; x_wconf 85' lang='grc' dir='ltr'>ληπται.</span> 
     </span>
    </p>
   </div>
   <div class='ocr_carea' id='block_1_80' title="bbox 2535 3838 3278 3906">
    <p class='ocr_par' dir='ltr' id='par_1_80' title="bbox 2535 3838 3278 3906">
     <span class='ocr_line' id='line_1_80' title="bbox 2535 3838 3278 3906; baseline 0.003 -14"><span class='ocrx_word' id='word_1_547' title='bbox 2535 3841 2638 3900; x_wconf 77' lang='grc' dir='ltr'><strong>Εἰς</strong></span> <span class='ocrx_word' id='word_1_548' title='bbox 2663 3839 2728 3892; x_wconf 79' lang='grc' dir='ltr'>τὸ</span> <span class='ocrx_word' id='word_1_549' title='bbox 2768 3839 2941 3906; x_wconf 75' lang='grc' dir='ltr'>τέλος</span> <span class='ocrx_word' id='word_1_550' title='bbox 2963 3838 3041 3904; x_wconf 84' lang='grc' dir='ltr'>τῷ</span> <span class='ocrx_word' id='word_1_551' title='bbox 3079 3841 3278 3894; x_wconf 80' lang='grc' dir='ltr'><strong>Δαϐἰδ.</strong></span> 
     </span>
    </p>
   </div>
   <div class='ocr_carea' id='block_1_81' title="bbox 2677 3970 3122 4026">
    <p class='ocr_par' dir='ltr' id='par_1_81' title="bbox 2677 3970 3122 4026">
     <span class='ocr_line' id='line_1_81' title="bbox 2677 3970 3122 4026; baseline 0.002 -2"><span class='ocrx_word' id='word_1_552' title='bbox 2677 3973 2971 4025; x_wconf 79' lang='grc' dir='ltr'><strong>ΨΛΛΜΟΣ</strong></span> <span class='ocrx_word' id='word_1_553' title='bbox 2997 3970 3122 4026; x_wconf 81' lang='grc' dir='ltr'><strong>ΛΘ’.</strong></span> 
     </span>
    </p>
   </div>
   <div class='ocr_carea' id='block_1_82' title="bbox 2227 4068 3688 4155">
    <p class='ocr_par' dir='ltr' id='par_1_82' title="bbox 2227 4068 3688 4155">
     <span class='ocr_line' id='line_1_82' title="bbox 2227 4068 3688 4155; baseline -0.002 -14"><span class='ocrx_word' id='word_1_554' title='bbox 2227 4082 2353 4150; x_wconf 77' lang='grc' dir='ltr'>ὗτος</span> <span class='ocrx_word' id='word_1_555' title='bbox 2384 4090 2412 4140; x_wconf 88' lang='lat'><strong>6</strong></span> <span class='ocrx_word' id='word_1_556' title='bbox 2447 4068 2937 4155; x_wconf 58' lang='grc' dir='ltr'>ψαλμὸςὲνηχήθη</span> <span class='ocrx_word' id='word_1_557' title='bbox 2964 4083 3043 4153; x_wconf 84' lang='grc' dir='ltr'>τῷ</span> <span class='ocrx_word' id='word_1_558' title='bbox 3072 4083 3238 4136; x_wconf 77' lang='grc' dir='ltr'><strong>Δαϐὶδ</strong></span> <span class='ocrx_word' id='word_1_559' title='bbox 3265 4084 3370 4136; x_wconf 77' lang='grc' dir='ltr'>ὑπὸ</span> <span class='ocrx_word' id='word_1_560' title='bbox 3406 4085 3499 4138; x_wconf 82' lang='grc' dir='ltr'>τοῦ</span> <span class='ocrx_word' id='word_1_561' title='bbox 3533 4085 3688 4151; x_wconf 80' lang='grc' dir='ltr'>ἁγίου</span> 
     </span>
    </p>
   </div>
   <div class='ocr_carea' id='block_1_83' title="bbox 2121 4173 3692 4246">
    <p class='ocr_par' dir='ltr' id='par_1_83' title="bbox 2121 4173 3692 4246">
     <span class='ocr_line' id='line_1_83' title="bbox 2121 4173 3692 4246; baseline -0.002 -16"><span class='ocrx_word' id='word_1_562' title='bbox 2121 4177 2461 4246; x_wconf 84' lang='grc' dir='ltr'>Πνεύματος,</span> <span class='ocrx_word' id='word_1_563' title='bbox 2482 4177 2545 4228; x_wconf 79' lang='grc' dir='ltr'><strong>ἐκ</strong></span> <span class='ocrx_word' id='word_1_564' title='bbox 2571 4174 2867 4245; x_wconf 85' lang='grc' dir='ltr'>προσώπου</span> <span class='ocrx_word' id='word_1_565' title='bbox 2905 4176 3003 4242; x_wconf 84' lang='grc' dir='ltr'><strong>τῆς</strong></span> <span class='ocrx_word' id='word_1_566' title='bbox 3033 4173 3366 4243; x_wconf 82' lang='grc' dir='ltr'>Ἐκκλησίας</span> <span class='ocrx_word' id='word_1_567' title='bbox 3397 4175 3504 4227; x_wconf 86' lang='grc' dir='ltr'><strong>τῶν</strong></span> <span class='ocrx_word' id='word_1_568' title='bbox 3552 4177 3692 4245; x_wconf 84' lang='grc' dir='ltr'>Χρι-</span> 
     </span>
    </p>
   </div>
   <div class='ocr_carea' id='block_1_84' title="bbox 2116 4260 3686 4337">
    <p class='ocr_par' dir='ltr' id='par_1_84' title="bbox 2116 4260 3686 4337">
     <span class='ocr_line' id='line_1_84' title="bbox 2116 4260 3686 4337; baseline 0 -17"><span class='ocrx_word' id='word_1_569' title='bbox 2116 4269 2366 4333; x_wconf 84' lang='grc' dir='ltr'>στιανῶν,</span> <span class='ocrx_word' id='word_1_570' title='bbox 2416 4266 2845 4337; x_wconf 76' lang='grc' dir='ltr'>εὐχαριστούσης</span> <span class='ocrx_word' id='word_1_571' title='bbox 2903 4267 3002 4335; x_wconf 83' lang='grc' dir='ltr'>μὲν</span> <span class='ocrx_word' id='word_1_572' title='bbox 3069 4267 3155 4336; x_wconf 78' lang='grc' dir='ltr'><strong>ἐφ’</strong></span> <span class='ocrx_word' id='word_1_573' title='bbox 3213 4260 3295 4330; x_wconf 77' lang='grc' dir='ltr'>οἷς</span> <span class='ocrx_word' id='word_1_574' title='bbox 3344 4266 3551 4336; x_wconf 70' lang='grc' dir='ltr'>ἠξιώθη</span> <span class='ocrx_word' id='word_1_575' title='bbox 3582 4269 3686 4336; x_wconf 82' lang='grc' dir='ltr'>τῆς</span> 
     </span>
    </p>
   </div>
   <div class='ocr_carea' id='block_1_85' title="bbox 2102 4359 3692 4430">
    <p class='ocr_par' dir='ltr' id='par_1_85' title="bbox 2102 4359 3692 4430">
     <span class='ocr_line' id='line_1_85' title="bbox 2102 4359 3692 4430; baseline -0.003 -15"><span class='ocrx_word' id='word_1_576' title='bbox 2102 4362 2266 4424; x_wconf 61' lang='grc' dir='ltr'>,θείας</span> <span class='ocrx_word' id='word_1_577' title='bbox 2298 4362 2542 4430; x_wconf 75' lang='grc' dir='ltr'>χάριτος,</span> <span class='ocrx_word' id='word_1_578' title='bbox 2567 4361 2825 4430; x_wconf 77' lang='grc' dir='ltr'>δεομένης</span> <span class='ocrx_word' id='word_1_579' title='bbox 2857 4360 2912 4413; x_wconf 84' lang='grc' dir='ltr'><strong>δὲ</strong></span> <span class='ocrx_word' id='word_1_580' title='bbox 2948 4361 3074 4429; x_wconf 77' lang='grc' dir='ltr'><strong>περὶ</strong></span> <span class='ocrx_word' id='word_1_581' title='bbox 3099 4359 3207 4412; x_wconf 77' lang='grc' dir='ltr'><strong>⁴ι’ῶν</strong></span> <span class='ocrx_word' id='word_1_582' title='bbox 3238 4359 3692 4429; x_wconf 72' lang='grc' dir='ltr'>ἐπανισταμένων</span> 
     </span>
    </p>
   </div>
   <div class='ocr_carea' id='block_1_86' title="bbox 2115 4450 3691 4523">
    <p class='ocr_par' dir='ltr' id='par_1_86' title="bbox 2115 4450 3691 4523">
     <span class='ocr_line' id='line_1_86' title="bbox 2115 4450 3691 4523; baseline -0.001 -17"><span class='ocrx_word' id='word_1_583' title='bbox 2115 4455 2249 4523; x_wconf 83' lang='grc' dir='ltr'>αὑτῇ</span> <span class='ocrx_word' id='word_1_584' title='bbox 2281 4453 2582 4521; x_wconf 80' lang='grc' dir='ltr'>τυράννων.</span> <span class='ocrx_word' id='word_1_585' title='bbox 2611 4454 2711 4517; x_wconf 69' lang='grc' dir='ltr'><strong>Εἰς</strong></span> <span class='ocrx_word' id='word_1_586' title='bbox 2737 4453 2801 4504; x_wconf 80' lang='grc' dir='ltr'>τὸ</span> <span class='ocrx_word' id='word_1_587' title='bbox 2825 4451 2998 4517; x_wconf 70' lang='grc' dir='ltr'>τέλος</span> <span class='ocrx_word' id='word_1_588' title='bbox 3037 4451 3093 4503; x_wconf 87' lang='grc' dir='ltr'><strong>δὲ</strong></span> <span class='ocrx_word' id='word_1_589' title='bbox 3145 4451 3574 4520; x_wconf 83' lang='grc' dir='ltr'>ἐπιγέγραπται,</span> <span class='ocrx_word' id='word_1_590' title='bbox 3603 4450 3691 4504; x_wconf 78' lang='grc' dir='ltr'><strong>διὰ</strong></span> 
     </span>
    </p>
   </div>
   <div class='ocr_carea' id='block_1_87' title="bbox 419 4533 2007 4616">
    <p class='ocr_par' dir='ltr' id='par_1_87' title="bbox 419 4533 2007 4614">
     <span class='ocr_line' id='line_1_87' title="bbox 419 4533 2007 4614; baseline 0.007 -26"><span class='ocrx_word' id='word_1_591' title='bbox 419 4533 553 4604; x_wconf 62' lang='lat' dir='ltr'><strong>.quia</strong></span> <span class='ocrx_word' id='word_1_592' title='bbox 577 4554 699 4608; x_wconf 72' lang='lat' dir='ltr'><strong>qua:</strong></span> <span class='ocrx_word' id='word_1_593' title='bbox 731 4538 818 4592; x_wconf 88' lang='lat' dir='ltr'><strong>hic</strong></span> <span class='ocrx_word' id='word_1_594' title='bbox 870 4538 1161 4592; x_wconf 87' lang='lat' dir='ltr'><strong>traduntur</strong></span> <span class='ocrx_word' id='word_1_595' title='bbox 1213 4540 1371 4592; x_wconf 84' lang='lat' dir='ltr'><strong>ﬁnem</strong></span> <span class='ocrx_word' id='word_1_596' title='bbox 1413 4541 1708 4609; x_wconf 86' lang='lat' dir='ltr'><strong>quemdam</strong></span> <span class='ocrx_word' id='word_1_597' title='bbox 1739 4543 2007 4614; x_wconf 86' lang='lat' dir='ltr'><strong>respicie—</strong></span> 
     </span>
    </p>
   </div>
   <div class='ocr_carea' id='block_1_88' title="bbox 2110 4533 3690 4616">
    <p class='ocr_par' dir='ltr' id='par_1_88' title="bbox 2112 4542 3690 4616">
     <span class='ocr_line' id='line_1_88' title="bbox 2112 4542 3690 4616; baseline -0.003 -17"><span class='ocrx_word' id='word_1_598' title='bbox 2112 4547 2173 4599; x_wconf 80' lang='grc' dir='ltr'>τὸ</span> <span class='ocrx_word' id='word_1_599' title='bbox 2193 4547 2262 4599; x_wconf 78' lang='grc' dir='ltr'>τὰ</span> <span class='ocrx_word' id='word_1_600' title='bbox 2296 4545 2666 4616; x_wconf 82' lang='grc' dir='ltr'>γεγραμμένα</span> <span class='ocrx_word' id='word_1_601' title='bbox 2699 4544 2832 4612; x_wconf 72' lang='grc' dir='ltr'>πρὸς</span> <span class='ocrx_word' id='word_1_602' title='bbox 2853 4545 3006 4607; x_wconf 82' lang='grc' dir='ltr'>τέλος</span> <span class='ocrx_word' id='word_1_603' title='bbox 3029 4545 3241 4615; x_wconf 70' lang='grc' dir='ltr'>ἀφορᾷν</span> <span class='ocrx_word' id='word_1_604' title='bbox 3261 4559 3276 4576; x_wconf 76' lang='grc' dir='ltr'><strong><em>ο</em></strong></span> <span class='ocrx_word' id='word_1_605' title='bbox 3311 4545 3537 4611; x_wconf 83' lang='grc' dir='ltr'>γέγονεν</span> <span class='ocrx_word' id='word_1_606' title='bbox 3581 4542 3690 4613; x_wconf 73' lang='grc' dir='ltr'>γὰρ</span> 
     </span>
    </p>
   </div>
   <div class='ocr_carea' id='block_1_89' title="bbox 429 4629 1360 4699">
    <p class='ocr_par' dir='ltr' id='par_1_89' title="bbox 429 4629 1360 4699">
     <span class='ocr_line' id='line_1_89' title="bbox 429 4629 1360 4699; baseline 0.004 -17"><span class='ocrx_word' id='word_1_607' title='bbox 429 4629 580 4693; x_wconf 86' lang='lat' dir='ltr'><strong>bant,</strong></span> <span class='ocrx_word' id='word_1_608' title='bbox 615 4645 772 4698; x_wconf 88' lang='lat' dir='ltr'><strong>quem</strong></span> <span class='ocrx_word' id='word_1_609' title='bbox 813 4640 999 4699; x_wconf 88' lang='lat' dir='ltr'><strong>postea</strong></span> <span class='ocrx_word' id='word_1_610' title='bbox 1031 4631 1360 4686; x_wconf 87' lang='lat' dir='ltr'><strong>habuerunt.</strong></span> 
     </span>
    </p>
   </div>
   <div class='ocr_carea' id='block_1_90' title="bbox 497 4719 2005 4796">
    <p class='ocr_par' dir='ltr' id='par_1_90' title="bbox 497 4719 2005 4796">
     <span class='ocr_line' id='line_1_90' title="bbox 497 4719 2005 4796; baseline 0.005 -21"><span class='ocrx_word' id='word_1_611' title='bbox 497 4719 662 4775; x_wconf 72' lang='lat' dir='ltr'><strong>Vsus.</strong></span> <span class='ocrx_word' id='word_1_612' title='bbox 684 4722 738 4774; x_wconf 75' lang='grc'><strong>2.</strong></span> <span class='ocrx_word' id='word_1_613' title='bbox 766 4720 1096 4786; x_wconf 70' lang='lat' dir='ltr'><strong>Ezspectans</strong></span> <span class='ocrx_word' id='word_1_614' title='bbox 1137 4725 1432 4791; x_wconf 74' lang='lat' dir='ltr'><strong>exspectavi</strong></span> <span class='ocrx_word' id='word_1_615' title='bbox 1461 4724 1770 4782; x_wconf 88' lang='lat' dir='ltr'><strong>Dominum.</strong></span> <span class='ocrx_word' id='word_1_616' title='bbox 1805 4726 2005 4796; x_wconf 79' lang='lat' dir='ltr'><strong>Hujus-</strong></span> 
     </span>
    </p>
   </div>
   <div class='ocr_carea' id='block_1_91' title="bbox 423 4811 2004 4888">
    <p class='ocr_par' dir='ltr' id='par_1_91' title="bbox 423 4811 2004 4888">
     <span class='ocr_line' id='line_1_91' title="bbox 423 4811 2004 4888; baseline 0.008 -26"><span class='ocrx_word' id='word_1_617' title='bbox 423 4811 573 4866; x_wconf 86' lang='lat' dir='ltr'><strong>modi</strong></span> <span class='ocrx_word' id='word_1_618' title='bbox 621 4814 910 4866; x_wconf 81' lang='lat' dir='ltr'><strong>verborum</strong></span> <span class='ocrx_word' id='word_1_619' title='bbox 965 4815 1224 4884; x_wconf 81' lang='lat' dir='ltr'><strong>repetitio</strong></span> <span class='ocrx_word' id='word_1_620' title='bbox 1285 4816 1726 4885; x_wconf 82' lang='lat' dir='ltr'><strong>frequentissima</strong></span> <span class='ocrx_word' id='word_1_621' title='bbox 1756 4828 1839 4872; x_wconf 90' lang='lat' dir='ltr'><strong>est</strong></span> <span class='ocrx_word' id='word_1_622' title='bbox 1863 4820 2004 4888; x_wconf 86' lang='lat' dir='ltr'><strong>apud</strong></span> 
     </span>
    </p>
   </div>
   <div class='ocr_carea' id='block_1_92' title="bbox 431 4901 2006 4976">
    <p class='ocr_par' dir='ltr' id='par_1_92' title="bbox 431 4901 2006 4976">
     <span class='ocr_line' id='line_1_92' title="bbox 431 4901 2006 4976; baseline 0.005 -21"><span class='ocrx_word' id='word_1_623' title='bbox 431 4901 711 4969; x_wconf 68' lang='lat' dir='ltr'><strong>Hebraeos,</strong></span> <span class='ocrx_word' id='word_1_624' title='bbox 733 4912 786 4958; x_wconf 89' lang='lat' dir='ltr'><strong>et</strong></span> <span class='ocrx_word' id='word_1_625' title='bbox 807 4904 1170 4961; x_wconf 84' lang='lat' dir='ltr'><strong>inteusionem</strong></span> <span class='ocrx_word' id='word_1_626' title='bbox 1202 4910 1495 4976; x_wconf 88' lang='lat' dir='ltr'><strong>quamdam</strong></span> <span class='ocrx_word' id='word_1_627' title='bbox 1527 4910 1728 4964; x_wconf 85' lang='lat' dir='ltr'><strong>mentis</strong></span> <span class='ocrx_word' id='word_1_628' title='bbox 1758 4910 2006 4973; x_wconf 88' lang='lat' dir='ltr'><strong>denotat,</strong></span> 
     </span>
    </p>
   </div>
   <div class='ocr_carea' id='block_1_93' title="bbox 429 4993 2008 5070">
    <p class='ocr_par' dir='ltr' id='par_1_93' title="bbox 429 4993 2008 5070">
     <span class='ocr_line' id='line_1_93' title="bbox 429 4993 2008 5070; baseline 0.006 -23"><span class='ocrx_word' id='word_1_629' title='bbox 429 5001 489 5070; x_wconf 81' lang='lat' dir='ltr'><strong>ut</strong></span> <span class='ocrx_word' id='word_1_630' title='bbox 516 4993 646 5049; x_wconf 81' lang='lat' dir='ltr'><strong>illud</strong></span> <span class='ocrx_word' id='word_1_631' title='bbox 679 5010 696 5052; x_wconf 86' lang='lat'><strong>:</strong></span> <span class='ocrx_word' id='word_1_632' title='bbox 736 4994 924 5050; x_wconf 79' lang='lat' dir='ltr'><strong>Videas</strong></span> <span class='ocrx_word' id='word_1_633' title='bbox 949 4998 1076 5058; x_wconf 83' lang='lat' dir='ltr'><strong>vidi,</strong></span> <span class='ocrx_word' id='word_1_634' title='bbox 1113 5006 1190 5062; x_wconf 88' lang='lat' dir='ltr'><strong>et,</strong></span> <span class='ocrx_word' id='word_1_635' title='bbox 1217 4998 1546 5068; x_wconf 87' lang='lat' dir='ltr'><strong>Cognoscens</strong></span> <span class='ocrx_word' id='word_1_636' title='bbox 1572 5017 1872 5070; x_wconf 85' lang='lat' dir='ltr'><strong>cognosces,</strong></span> <span class='ocrx_word' id='word_1_637' title='bbox 1906 5003 2008 5058; x_wconf 86' lang='lat' dir='ltr'><strong>hoc</strong></span> 
     </span>
    </p>
   </div>
   <div class='ocr_carea' id='block_1_94' title="bbox 423 5084 2008 5166">
    <p class='ocr_par' dir='ltr' id='par_1_94' title="bbox 423 5084 2008 5166">
     <span class='ocr_line' id='line_1_94' title="bbox 423 5084 2008 5166; baseline 0.003 -26"><span class='ocrx_word' id='word_1_638' title='bbox 423 5093 534 5166; x_wconf 61' lang='lat' dir='ltr'><strong>est,</strong></span> <span class='ocrx_word' id='word_1_639' title='bbox 565 5084 844 5156; x_wconf 79' lang='lat' dir='ltr'><strong>Exquisite</strong></span> <span class='ocrx_word' id='word_1_640' title='bbox 885 5103 1209 5157; x_wconf 79' lang='lat' dir='ltr'><strong>cognosces.</strong></span> <span class='ocrx_word' id='word_1_641' title='bbox 1269 5097 1325 5142; x_wconf 85' lang='lat' dir='ltr'><strong>et</strong></span> <span class='ocrx_word' id='word_1_642' title='bbox 1374 5091 1478 5144; x_wconf 84' lang='lat' dir='ltr'><strong>alia</strong></span> <span class='ocrx_word' id='word_1_643' title='bbox 1515 5090 1855 5160; x_wconf 88' lang='lat' dir='ltr'><strong>hujusmodi.</strong></span> <span class='ocrx_word' id='word_1_644' title='bbox 1895 5091 2008 5145; x_wconf 76' lang='lat' dir='ltr'><strong>Ea:-</strong></span> 
     </span>
    </p>
   </div>
   <div class='ocr_carea' id='block_1_95' title="bbox 429 5177 2012 5246">
    <p class='ocr_par' dir='ltr' id='par_1_95' title="bbox 429 5177 2012 5246">
     <span class='ocr_line' id='line_1_95' title="bbox 429 5177 2012 5246; baseline 0.004 -17"><span class='ocrx_word' id='word_1_645' title='bbox 429 5184 671 5244; x_wconf 83' lang='lat' dir='ltr'><strong>spectans</strong></span> <span class='ocrx_word' id='word_1_646' title='bbox 697 5177 858 5246; x_wconf 85' lang='lat' dir='ltr'><strong>igitur</strong></span> <span class='ocrx_word' id='word_1_647' title='bbox 881 5180 1171 5245; x_wconf 72' lang='lat' dir='ltr'><strong>exspectavi</strong></span> <span class='ocrx_word' id='word_1_648' title='bbox 1217 5178 1518 5240; x_wconf 84' lang='lat' dir='ltr'><strong>Dominum.</strong></span> <span class='ocrx_word' id='word_1_649' title='bbox 1562 5179 1665 5233; x_wconf 91' lang='lat' dir='ltr'><strong>hoc</strong></span> <span class='ocrx_word' id='word_1_650' title='bbox 1696 5189 1800 5245; x_wconf 88' lang='lat' dir='ltr'><strong>est,</strong></span> <span class='ocrx_word' id='word_1_651' title='bbox 1846 5179 2012 5235; x_wconf 81' lang='lat' dir='ltr'><strong>Valde</strong></span> 
     </span>
    </p>
   </div>
   <div class='ocr_carea' id='block_1_96' title="bbox 429 5253 2007 5336">
    <p class='ocr_par' dir='ltr' id='par_1_96' title="bbox 429 5253 2007 5336">
     <span class='ocr_line' id='line_1_96' title="bbox 429 5253 2007 5336; baseline 0.003 -18"><span class='ocrx_word' id='word_1_652' title='bbox 429 5253 744 5335; x_wconf 75' lang='lat' dir='ltr'><strong>exspectavi</strong></span> <span class='ocrx_word' id='word_1_653' title='bbox 772 5268 1075 5333; x_wconf 72' lang='lat' dir='ltr'><strong>adiutorem</strong></span> <span class='ocrx_word' id='word_1_654' title='bbox 1099 5283 1275 5323; x_wconf 86' lang='lat' dir='ltr'><strong>meum</strong></span> <span class='ocrx_word' id='word_1_655' title='bbox 1315 5264 1618 5322; x_wconf 86' lang='lat' dir='ltr'><strong>Christum.</strong></span> <span class='ocrx_word' id='word_1_656' title='bbox 1687 5268 1808 5336; x_wconf 86' lang='lat' dir='ltr'><strong>Ipse</strong></span> <span class='ocrx_word' id='word_1_657' title='bbox 1863 5270 2007 5324; x_wconf 89' lang='lat' dir='ltr'><strong>enim</strong></span> 
     </span>
    </p>
   </div>
   <div class='ocr_carea' id='block_1_97' title="bbox 428 5337 2013 5440">
    <p class='ocr_par' dir='ltr' id='par_1_97' title="bbox 428 5337 2013 5440">
     <span class='ocr_line' id='line_1_97' title="bbox 428 5337 2013 5440; baseline 0.004 -32"><span class='ocrx_word' id='word_1_658' title='bbox 428 5337 508 5440; x_wconf 54' lang='lat' dir='ltr'><strong>est</strong></span> <span class='ocrx_word' id='word_1_659' title='bbox 549 5359 872 5427; x_wconf 75' lang='lat' dir='ltr'><strong>exspectatio</strong></span> <span class='ocrx_word' id='word_1_660' title='bbox 922 5359 1243 5428; x_wconf 83' lang='lat' dir='ltr'><strong>gentium&quot;,</strong></span> <span class='ocrx_word' id='word_1_661' title='bbox 1301 5357 1763 5428; x_wconf 84' lang='lat' dir='ltr'><strong>quemadmodum</strong></span> <span class='ocrx_word' id='word_1_662' title='bbox 1831 5359 1898 5413; x_wconf 90' lang='lat' dir='ltr'><strong>de</strong></span> <span class='ocrx_word' id='word_1_663' title='bbox 1945 5375 2013 5414; x_wconf 84' lang='lat' dir='ltr'><strong>eo</strong></span> 
     </span>
    </p>
   </div>
   <div class='ocr_carea' id='block_1_98' title="bbox 432 5450 1592 5520">
    <p class='ocr_par' dir='ltr' id='par_1_98' title="bbox 432 5450 1592 5520">
     <span class='ocr_line' id='line_1_98' title="bbox 432 5450 1592 5520; baseline 0 -19"><span class='ocrx_word' id='word_1_664' title='bbox 432 5456 591 5508; x_wconf 81' lang='lat' dir='ltr'><strong>antea</strong></span> <span class='ocrx_word' id='word_1_665' title='bbox 619 5465 649 5502; x_wconf 91' lang='lat' dir='ltr'><strong>a</strong></span> <span class='ocrx_word' id='word_1_666' title='bbox 677 5451 960 5520; x_wconf 88' lang='lat' dir='ltr'><strong>prophetis</strong></span> <span class='ocrx_word' id='word_1_667' title='bbox 1003 5450 1424 5518; x_wconf 64' lang='lat' dir='ltr'><strong>praenuntiatum</strong></span> <span class='ocrx_word' id='word_1_668' title='bbox 1485 5457 1592 5503; x_wconf 89' lang='lat' dir='ltr'><strong>est.</strong></span> 
     </span>
    </p>
   </div>
   <div class='ocr_carea' id='block_1_99' title="bbox 437 5525 2004 5611">
    <p class='ocr_par' dir='ltr' id='par_1_99' title="bbox 437 5525 2004 5611">
     <span class='ocr_line' id='line_1_99' title="bbox 437 5525 2004 5611; baseline 0.003 -18"><span class='ocrx_word' id='word_1_669' title='bbox 437 5525 446 5534; x_wconf 79' lang='grc'><strong>’</strong></span> <span class='ocrx_word' id='word_1_670' title='bbox 507 5537 576 5595; x_wconf 83' lang='lat' dir='ltr'><strong>Et</strong></span> <span class='ocrx_word' id='word_1_671' title='bbox 627 5541 852 5596; x_wconf 82' lang='lat' dir='ltr'><strong>intendit</strong></span> <span class='ocrx_word' id='word_1_672' title='bbox 925 5541 1077 5598; x_wconf 84' lang='lat' dir='ltr'><strong>mihi.</strong></span> <span class='ocrx_word' id='word_1_673' title='bbox 1115 5539 1172 5597; x_wconf 90' lang='lat' dir='ltr'><strong>In</strong></span> <span class='ocrx_word' id='word_1_674' title='bbox 1231 5555 1338 5608; x_wconf 75' lang='lat' dir='ltr'><strong>nte,</strong></span> <span class='ocrx_word' id='word_1_675' title='bbox 1388 5541 1589 5611; x_wconf 84' lang='lat' dir='ltr'><strong>inquit,</strong></span> <span class='ocrx_word' id='word_1_676' title='bbox 1631 5541 1822 5598; x_wconf 88' lang='lat' dir='ltr'><strong>oculos</strong></span> <span class='ocrx_word' id='word_1_677' title='bbox 1873 5559 2004 5599; x_wconf 80' lang='lat' dir='ltr'><strong>suos</strong></span> 
     </span>
    </p>
   </div>
   <div class='ocr_carea' id='block_1_100' title="bbox 516 5714 1053 5800">
    <p class='ocr_par' dir='ltr' id='par_1_100' title="bbox 516 5714 1053 5800">
     <span class='ocr_line' id='line_1_100' title="bbox 516 5714 1053 5800; baseline 0.013 -34"><span class='ocrx_word' id='word_1_678' title='bbox 516 5715 558 5766; x_wconf 64' lang='lat' dir='ltr'><strong>l’</strong></span> <span class='ocrx_word' id='word_1_679' title='bbox 605 5714 742 5770; x_wconf 84' lang='lat' dir='ltr'><strong>Gen.</strong></span> <span class='ocrx_word' id='word_1_680' title='bbox 789 5733 937 5800; x_wconf 75' lang='lat' dir='ltr'><strong>xm.</strong></span> <span class='ocrx_word' id='word_1_681' title='bbox 969 5717 1053 5775; x_wconf 78' lang='grc'><strong>10.</strong></span> 
     </span>
    </p>
   </div>
   <div class='ocr_carea' id='block_1_101' title="bbox 2117 4653 2317 4690">
    <p class='ocr_par' dir='ltr' id='par_1_101' title="bbox 2117 4653 2317 4690">
     <span class='ocr_line' id='line_1_101' title="bbox 2117 4653 2317 4690; baseline -0.02 0"><span class='ocrx_word' id='word_1_682' title='bbox 2117 4653 2317 4690; x_wconf 84' lang='grc' dir='ltr'>παντα.</span> 
     </span>
    </p>
   </div>
   <div class='ocr_carea' id='block_1_102' title="bbox 2191 4725 3690 4796">
    <p class='ocr_par' dir='ltr' id='par_1_102' title="bbox 2191 4725 3690 4796">
     <span class='ocr_line' id='line_1_102' title="bbox 2191 4725 3690 4796; baseline -0.001 -17"><span class='ocrx_word' id='word_1_683' title='bbox 2191 4725 2536 4796; x_wconf 78' lang='grc' dir='ltr'>Ύπομένων</span> <span class='ocrx_word' id='word_1_684' title='bbox 2589 4726 2881 4794; x_wconf 78' lang='grc' dir='ltr'>ὑπέμεινα</span> <span class='ocrx_word' id='word_1_685' title='bbox 2912 4725 3020 4778; x_wconf 65' lang='grc' dir='ltr'><strong>τὸν</strong></span> <span class='ocrx_word' id='word_1_686' title='bbox 3044 4727 3285 4794; x_wconf 73' lang='grc' dir='ltr'>Κύριον.</span> <span class='ocrx_word' id='word_1_687' title='bbox 3341 4725 3403 4780; x_wconf 86' lang='grc' dir='ltr'>Ὀ</span> <span class='ocrx_word' id='word_1_688' title='bbox 3446 4725 3690 4787; x_wconf 76' lang='grc' dir='ltr'>τοιοῦτος</span> 
     </span>
    </p>
   </div>
   <div class='ocr_carea' id='block_1_103' title="bbox 2113 4815 3688 4886">
    <p class='ocr_par' dir='ltr' id='par_1_103' title="bbox 2113 4815 3688 4886">
     <span class='ocr_line' id='line_1_103' title="bbox 2113 4815 3688 4886; baseline -0.003 -16"><span class='ocrx_word' id='word_1_689' title='bbox 2113 4817 2529 4886; x_wconf 75' lang='grc' dir='ltr'>διπλασιασμὸς,</span> <span class='ocrx_word' id='word_1_690' title='bbox 2578 4817 2814 4886; x_wconf 78' lang='grc' dir='ltr'>συνήθης</span> <span class='ocrx_word' id='word_1_691' title='bbox 2848 4815 2950 4885; x_wconf 76' lang='grc' dir='ltr'>μὲν</span> <span class='ocrx_word' id='word_1_692' title='bbox 2973 4818 3084 4878; x_wconf 83' lang='grc' dir='ltr'>τοῖς</span> <span class='ocrx_word' id='word_1_693' title='bbox 3129 4816 3406 4886; x_wconf 70' lang='grc' dir='ltr'>Ἑϐραίοις</span> <span class='ocrx_word' id='word_1_694' title='bbox 3429 4823 3442 4845; x_wconf 82' lang='lat'><strong>&#39;°</strong></span> <span class='ocrx_word' id='word_1_695' title='bbox 3482 4815 3597 4868; x_wconf 79' lang='grc' dir='ltr'>ἔστι</span> <span class='ocrx_word' id='word_1_696' title='bbox 3631 4816 3688 4867; x_wconf 66' lang='grc' dir='ltr'><strong>δὲ</strong></span> 
     </span>
    </p>
   </div>
   <div class='ocr_carea' id='block_1_104' title="bbox 2114 4905 3685 4978">
    <p class='ocr_par' dir='ltr' id='par_1_104' title="bbox 2114 4905 3685 4978">
     <span class='ocr_line' id='line_1_104' title="bbox 2114 4905 3685 4978; baseline -0.004 -15"><span class='ocrx_word' id='word_1_697' title='bbox 2114 4908 2445 4978; x_wconf 69' lang='grc' dir='ltr'>ἐμφαντικὸς</span> <span class='ocrx_word' id='word_1_698' title='bbox 2490 4908 2811 4970; x_wconf 69' lang='grc' dir='ltr'>ἐπιτάσεως,</span> <span class='ocrx_word' id='word_1_699' title='bbox 2849 4908 2924 4970; x_wconf 89' lang='grc' dir='ltr'><strong>ώς</strong></span> <span class='ocrx_word' id='word_1_700' title='bbox 2952 4911 3032 4970; x_wconf 78' lang='grc' dir='ltr'><strong>τὸ,</strong></span> <span class='ocrx_word' id='word_1_701' title='bbox 3102 4905 3273 4961; x_wconf 77' lang='grc' dir='ltr'><strong>Ἰδὼν</strong></span> <span class='ocrx_word' id='word_1_702' title='bbox 3320 4908 3454 4960; x_wconf 79' lang='grc' dir='ltr'><strong>ῑδον</strong></span> <span class='ocrx_word' id='word_1_703' title='bbox 3481 4947 3495 4970; x_wconf 90' lang='grc'><strong>,</strong></span> <span class='ocrx_word' id='word_1_704' title='bbox 3561 4906 3685 4972; x_wconf 80' lang='grc' dir='ltr'>καὶ,</span> 
     </span>
    </p>
   </div>
   <div class='ocr_carea' id='block_1_105' title="bbox 2115 4997 3690 5069">
    <p class='ocr_par' dir='ltr' id='par_1_105' title="bbox 2115 4997 3690 5069">
     <span class='ocr_line' id='line_1_105' title="bbox 2115 4997 3690 5069; baseline -0.004 -13"><span class='ocrx_word' id='word_1_705' title='bbox 2115 5005 2165 5056; x_wconf 88' lang='grc' dir='ltr'><em>Γ</em></span> <span class='ocrx_word' id='word_1_706' title='bbox 2170 5000 2442 5055; x_wconf 78' lang='grc' dir='ltr'>ινώσκων</span> <span class='ocrx_word' id='word_1_707' title='bbox 2463 5000 2686 5069; x_wconf 75' lang='grc' dir='ltr'>γνώσῃ,</span> <span class='ocrx_word' id='word_1_708' title='bbox 2717 5000 2837 5052; x_wconf 76' lang='grc' dir='ltr'>ἀντὶ</span> <span class='ocrx_word' id='word_1_709' title='bbox 2874 4999 2993 5068; x_wconf 75' lang='grc' dir='ltr'>τοῦ,</span> <span class='ocrx_word' id='word_1_710' title='bbox 3037 4997 3308 5065; x_wconf 76' lang='grc' dir='ltr'>Ἀκριὸώς</span> <span class='ocrx_word' id='word_1_711' title='bbox 3335 4998 3539 5066; x_wconf 80' lang='grc' dir='ltr'>γνώσῃ.</span> <span class='ocrx_word' id='word_1_712' title='bbox 3593 5000 3690 5050; x_wconf 76' lang='grc' dir='ltr'>καὶ</span> 
     </span>
    </p>
   </div>
   <div class='ocr_carea' id='block_1_106' title="bbox 2115 5087 3685 5156">
    <p class='ocr_par' dir='ltr' id='par_1_106' title="bbox 2115 5087 3685 5156">
     <span class='ocr_line' id='line_1_106' title="bbox 2115 5087 3685 5156; baseline -0.002 -14"><span class='ocrx_word' id='word_1_713' title='bbox 2115 5093 2183 5143; x_wconf 78' lang='grc' dir='ltr'><strong>τὰ</strong></span> <span class='ocrx_word' id='word_1_714' title='bbox 2213 5089 2456 5144; x_wconf 72' lang='grc' dir='ltr'>τοιαῦτα.</span> <span class='ocrx_word' id='word_1_715' title='bbox 2503 5088 2854 5156; x_wconf 74' lang='grc' dir='ltr'>’Υπομένων</span> <span class='ocrx_word' id='word_1_716' title='bbox 2908 5087 3001 5140; x_wconf 78' lang='grc' dir='ltr'><strong>οὖν</strong></span> <span class='ocrx_word' id='word_1_717' title='bbox 3057 5088 3369 5156; x_wconf 76' lang='grc' dir='ltr'>ὑπέμεινα,</span> <span class='ocrx_word' id='word_1_718' title='bbox 3404 5089 3522 5139; x_wconf 75' lang='grc' dir='ltr'>ἀντὶ</span> <span class='ocrx_word' id='word_1_719' title='bbox 3567 5087 3685 5150; x_wconf 79' lang='grc' dir='ltr'>τοῦ,</span> 
     </span>
    </p>
   </div>
   <div class='ocr_carea' id='block_1_107' title="bbox 2118 5177 3688 5250">
    <p class='ocr_par' dir='ltr' id='par_1_107' title="bbox 2118 5177 3688 5250">
     <span class='ocr_line' id='line_1_107' title="bbox 2118 5177 3688 5250; baseline -0.002 -17"><span class='ocrx_word' id='word_1_720' title='bbox 2118 5179 2334 5250; x_wconf 76' lang='grc' dir='ltr'>Σφόδρα</span> <span class='ocrx_word' id='word_1_721' title='bbox 2407 5179 2783 5250; x_wconf 80' lang='grc' dir='ltr'>προσεδόκησα</span> <span class='ocrx_word' id='word_1_722' title='bbox 2842 5177 3034 5249; x_wconf 77' lang='grc' dir='ltr'>βοηθὸν</span> <span class='ocrx_word' id='word_1_723' title='bbox 3107 5178 3198 5230; x_wconf 71' lang='grc' dir='ltr'>τὸν</span> <span class='ocrx_word' id='word_1_724' title='bbox 3244 5177 3499 5247; x_wconf 73' lang='grc' dir='ltr'>Χριστόν.</span> <span class='ocrx_word' id='word_1_725' title='bbox 3577 5178 3688 5231; x_wconf 73' lang='grc' dir='ltr'>Καὶ</span> 
     </span>
    </p>
   </div>
   <div class='ocr_carea' id='block_1_108' title="bbox 2108 5265 3687 5337">
    <p class='ocr_par' dir='ltr' id='par_1_108' title="bbox 2108 5265 3687 5337">
     <span class='ocr_line' id='line_1_108' title="bbox 2108 5265 3687 5337; baseline -0.003 -14"><span class='ocrx_word' id='word_1_726' title='bbox 2108 5269 2298 5332; x_wconf 81' lang='grc' dir='ltr'>Αὐτὸς</span> <span class='ocrx_word' id='word_1_727' title='bbox 2320 5267 2450 5336; x_wconf 79' lang='grc' dir='ltr'>γὰρ,</span> <span class='ocrx_word' id='word_1_728' title='bbox 2481 5269 2633 5337; x_wconf 64' lang='grc' dir='ltr'>φησὶ,</span> <span class='ocrx_word' id='word_1_729' title='bbox 2669 5267 3002 5336; x_wconf 79' lang='grc' dir='ltr'>προσδοκία</span> <span class='ocrx_word' id='word_1_730' title='bbox 3058 5265 3280 5321; x_wconf 79' lang='grc' dir='ltr'><strong>ἐθνῶνο</strong></span> <span class='ocrx_word' id='word_1_731' title='bbox 3344 5267 3469 5334; x_wconf 76' lang='grc' dir='ltr'>περὶ</span> <span class='ocrx_word' id='word_1_732' title='bbox 3496 5267 3687 5318; x_wconf 72' lang='grc' dir='ltr'>τούτου</span> 
     </span>
    </p>
   </div>
   <div class='ocr_carea' id='block_1_109' title="bbox 2115 5359 3154 5434">
    <p class='ocr_par' dir='ltr' id='par_1_109' title="bbox 2115 5359 3154 5434">
     <span class='ocr_line' id='line_1_109' title="bbox 2115 5359 3154 5434; baseline -0.004 -19"><span class='ocrx_word' id='word_1_733' title='bbox 2115 5362 2222 5432; x_wconf 78' lang='grc' dir='ltr'><strong>γὰρ</strong></span> <span class='ocrx_word' id='word_1_734' title='bbox 2254 5362 2304 5414; x_wconf 83' lang='grc' dir='ltr'>οι</span> <span class='ocrx_word' id='word_1_735' title='bbox 2343 5363 2619 5434; x_wconf 77' lang='grc' dir='ltr'>προφῆται</span> <span class='ocrx_word' id='word_1_736' title='bbox 2657 5359 3154 5430; x_wconf 82' lang='grc' dir='ltr'>προκατήγγειλον.</span> 
     </span>
    </p>
   </div>
   <div class='ocr_carea' id='block_1_110' title="bbox 2186 5533 3686 5612">
    <p class='ocr_par' dir='ltr' id='par_1_110' title="bbox 2186 5533 3686 5612">
     <span class='ocr_line' id='line_1_110' title="bbox 2186 5533 3686 5612; baseline -0.009 -15"><span class='ocrx_word' id='word_1_737' title='bbox 2186 5541 2294 5597; x_wconf 79' lang='grc' dir='ltr'><strong>Καὶ</strong></span> <span class='ocrx_word' id='word_1_738' title='bbox 2345 5540 2656 5612; x_wconf 76' lang='grc' dir='ltr'>προσέσχε</span> <span class='ocrx_word' id='word_1_739' title='bbox 2707 5557 2830 5610; x_wconf 83' lang='grc' dir='ltr'>μοι.</span> <span class='ocrx_word' id='word_1_740' title='bbox 2888 5542 2996 5595; x_wconf 78' lang='grc' dir='ltr'><strong>Καὶ</strong></span> <span class='ocrx_word' id='word_1_741' title='bbox 3032 5537 3309 5612; x_wconf 77' lang='grc' dir='ltr'>ἐπιμελῶς</span> <span class='ocrx_word' id='word_1_742' title='bbox 3340 5537 3456 5608; x_wconf 70' lang='grc' dir='ltr'><strong>ἅμα</strong></span> <span class='ocrx_word' id='word_1_743' title='bbox 3481 5534 3573 5587; x_wconf 75' lang='grc' dir='ltr'><strong>καὶ</strong></span> <span class='ocrx_word' id='word_1_744' title='bbox 3597 5533 3686 5585; x_wconf 76' lang='grc' dir='ltr'><strong>εὑ-</strong></span> 
     </span>
    </p>
   </div>
  </div>
