4072 6202
405 294 508 361 £51

1631 288 2013 358 EU'I‘HYMll
2052 285 2412 356 ZlGABENI

3545 283 3648 354 4:.‘2

479 411 550 464 Et
583 425 687 464 non
727 415 952 479 respexit
997 408 1050 464 in
1097 410 1378 463 vanitates.
1434 409 1498 462 Et
1545 409 1861 478 huiusmodi
1891 413 1973 477 _v3r

2153 412 2260 463 Kal
2309 413 2421 463 οὐκ
2479 411 2817 477 ἐπέϐλεψεν
2863 409 2946 470 εις
2987 405 3409 475 ματαιότητος.
3462 408 3572 458 Καὶ
3625 408 3653 457 ὁ

407 503 664 557 inanibus
714 502 880 557 rebus
934 517 1158 571 operam
1195 518 1302 556 non
1337 501 1489 556 dedit
1520 517 1532 552 :
1569 516 1690 570 quae
1729 517 1758 555 a
1791 502 1980 557 multis

407 611 620 650 summa
648 604 976 661 reputantur
1007 593 1174 649 bona.

477 687 544 740 Et
601 687 840 739 insanias
900 685 1094 752 falsas.
1153 686 1197 737 A
1234 687 1512 740 communi
1577 701 1741 740 sensu
1785 700 1979 740 rursus

401 777 922 843 subintelligondum
986 785 1092 838 est,
1141 775 1226 838 .Et
1279 793 1382 829 non
1444 777 1690 845 respexit.
1752 775 1982 829 Insania:

404 876 582 919 autem
647 866 797 919 falsae
837 865 925 935 [ex
968 866 1170 919 (Ξῖ-εποδε
1233 865 1492 920 dictionis
1553 867 1977 936 signiﬁcatione]

401 958 658 1010 vaticinia
689 968 835 1011 sunt.
871 956 1039 1012 Vates
1071 959 1217 1010 enim
1251 958 1329 1011 illi
1391 957 1711 1012 debacchati
1751 959 1976 1011 demenv

401 1061 483 1104 tes
519 1051 739 1110 fiebant,
767 1061 820 1102 et
850 1049 1150 1103 furentium
1185 1052 1360 1104 instar
1396 1049 1736 1104 ferebantur.
1778 1050 1975 1106 Verum

402 1143 540 1197 falsa
582 1152 761 1209 erant,
803 1159 922 1210 quae
977 1142 1435 1212 prmnuntinbant.
1495 1141 1598 1196 Per
1663 1144 1976 1211 hujusmodi

401 1243 582 1287 autem
627 1234 886 1286 vaticinia
949 1234 1263 1285 universum
1313 1233 1580 1286 idolorum
1637 1235 1846 1287 cullqu
1881 1233 1977 1287 de-

401 1335 596 1378 notare
625 1325 816 1386 voluit,
848 1325 1015 1377 veluti
1051 1332 1223 1376 totum
1262 1341 1289 1375 a
1321 1335 1496 1390 parte.

473 1416 636 1472 Vens.
691 1418 744 1471 6.
788 1417 963 1470 Multa
1009 1417 1184 1485 fecisti
1246 1429 1322 1479 tu,
1358 1417 1578 1470 Domine
1636 1417 1772 1471 Deus
1810 1435 1976 1482 meus,

401 1509 675 1562 mirabilia
730 1521 843 1562 tua.
899 1508 1216 1562 Admiratus
1250 1509 1442 1562 beatus
1477 1508 1644 1561 David
1707 1507 1978 1562 ineﬂabile

402 1601 797 1654 lncarnationis
857 1599 1064 1654 Christi
1126 1601 1470 1670 mysterium,
1531 1608 1585 1652 et
1641 1601 1974 1670 condignum

403 1693 478 1744 illi
512 1707 822 1746 sermonem
884 1692 1134 1747 invenire
1167 1677 1272 1746 non
1308 1693 1518 1754 valens,
1581 1693 1976 1747 exclamatione

402 1786 604 1845 solum,
638 1785 779 1851 quod
811 1785 1013 1851 potuit,
1051 1793 1155 1836 tam
1194 1785 1398 1853 grande
1417 1789 1619 1838 donum
1652 1795 1975 1854 prosccutus

402 1885 485 1929 cst
509 1895 519 1928 :
547 1875 736 1940 Multa,
777 1877 1054 1944 inquiens,
1074 1876 1393 1929 admiranda
1431 1875 1637 1938 fecisti,
1667 1885 1722 1929 tu
1748 1876 1976 1930 Domine

404 1967 550 2020 Deus
575 1983 752 2020 meus.
784 1966 858 2018 Ita
889 1967 1052 2020 etiam
1091 1967 1220 2020 alibi
1251 1966 1542 2036 Apostolus
1569 1967 1720 2029 facit,
1761 1968 1976 2037 quando

401 2061 834 2114 admirabundus
888 2060 1092 2112 clamat
1128 2079 1140 2114 :
1185 2060 1230 2113 Ο
1266 2061 1497 2112 altitudo
1549 2061 1854 2113 divitiarum
1891 2079 1979 2113 sa-

398 2151 615 2215 pientia:
657 2159 704 2202 et
744 2151 976 2201 utentia:
1026 2149 1162 2201 Dei!
1220 2166 1377 2218 quant
1423 2148 1794 2202 inscrutabilia
1854 2157 1975 2202 sunt

392 2240 602 2308 judicia
633 2240 767 2309 ejus,
813 2251 859 2294 et
889 2240 1279 2308 investigabiles
1330 2241 1426 2294 via:
1451 2240 1566 2308 ejus
1590 2241 1633 2272 ¹⁶
1662 2243 1675 2294 ί
1707 2239 1976 2293 Mirabilia

400 2343 584 2386 autem
613 2331 851 2400 appellnt
879 2347 984 2384 non
1014 2345 1076 2383 ea
1103 2339 1340 2394 tantum,
1367 2346 1490 2399 qua:
1509 2337 1756 2398 tempore
1782 2329 1973 2399 Moysi,

401 2433 495 2476 aut
523 2422 651 2476 .lesu
685 2421 851 2485 Nave,
877 2431 972 2474 aut
998 2435 1120 2488 qua:
1145 2421 1254 2475 illis
1284 2419 1600 2488 antiquiora
1631 2434 1659 2470 a
1694 2418 1803 2472 Deo
1829 2419 1975 2471 facta

401 2523 530 2569 sunt
559 2513 845 2574 miracula,
892 2511 986 2566 sed
1037 2526 1099 2565 ea
1143 2511 1322 2580 potius
1353 2526 1473 2579 quae
1508 2518 1752 2579 tempore
1781 2510 1972 2563 lncar-

402 2606 643 2661 nationis
685 2604 988 2657 Salvatoris
1022 2603 1203 2656 nostri
1249 2602 1388 2655 facta
1443 2611 1592 2666 sunt,
1635 2612 1688 2655 et
1717 2617 1839 2670 qua:
1881 2617 1978 2670 per

402 2700 657 2768 spiritum
716 2695 1021 2767 praevidens
1057 2696 1328 2763 Propheta
1362 2709 1575 2749 summa
1640 2711 1762 2748 cmn
1797 2695 1974 2748 admi—

401 2794 612 2845 ratione
642 2807 762 2860 qua:
796 2790 1040 2844 diximus
1073 2789 1234 2842 verba
1263 2790 1509 2858 protulit.

472 2883 539 2936 Et
571 2881 974 2952 cogitationibus
1007 2882 1139 2944 tuis,
1167 2897 1268 2933 non
1295 2890 1372 2934 est
1395 2881 1482 2950 qui
1512 2881 1702 2934 similis
1731 2881 1825 2934 erit
1857 2880 1972 2936 tibi.

400 2975 464 3028 Et
501 2992 605 3029 non
637 2985 718 3029 est
747 2975 945 3044 aliquis
984 2974 1076 3027 tibi
1117 2974 1170 3027 in
1197 2973 1626 3042 cogitationibus
1681 2973 1792 3027 tuis
1826 2987 1974 3026 com-

2081 503 2324 564 τοιοῦτος
2359 503 2461 555 οὐκ
2503 501 2836 555 ἐσπούδασεν
2864 502 2944 564 εἰς
2979 501 3046 552 τὰ
3082 500 3311 569 μάταια,
3343 499 3544 568 δηλαδὴ
3576 501 3652 558 εἰς

2080 597 2149 647 τὶ
2182 595 2441 647 δοκοῦντα
2468 596 2578 656 τοῖς
2623 591 2836 652 πολλοῖς
2872 591 3072 658 ἀγαθά.

2152 686 2259 739 Kal
2280 686 2499 752 μανίας
2525 683 2791 751 ψευδεῖς.
2841 682 2974 734 Ἀπὸ
3006 682 3189 735 κοινοῦ
3225 681 3386 734 πάλιν
3413 681 3496 744 τὸ,
3531 683 3650 735 Οὐκ

2081 778 2380 846 ἐπέϐλεψε
2405 795 2417 808 ·
2449 779 2640 846 μανίαι
2676 777 2732 829 δὲ
2770 775 3005 844 ψευδεῖς,
3041 777 3096 827 αί
3128 777 3418 845 μαντεῖαι·
3454 776 3504 827 οί
3543 777 3651 844 γὰρ

2085 873 2309 942 μάντεις
2344 869 2705 941 βακχεύοντες
2753 869 3033 932 ἐξίσταντο
3063 870 3162 938 μὲν
3188 869 3281 922 τοῦ
3313 870 3651 939 καθεστηκόλ

2082 983 2191 1029 τος,
2225 966 2321 1018 καὶ
2356 966 2737 1036 παρεφέροντο
2769 963 2928 1033 δίκην
2962 962 3336 1033 μαινομένων·
3369 963 3652 1032 ἐψεύδοντο

2079 1060 2155 1120 δὲ,
2209 1060 2338 1128 περὶ
2391 1052 2466 1110 ὧν
2513 1054 2722 1123 ἔλεγον.
2771 1045 2904 1108 Ἀπὸ
2951 1055 3006 1108 δὲ
3054 1043 3154 1122 τῆς
3211 1056 3472 1124 μαντείας
3524 1055 3651 1123 ὃλην

2079 1152 2176 1221 τὴν
2201 1149 2652 1220 εἰδωλολατρείαν
2679 1149 2923 1222 ᾐνίξατο,
2943 1147 3018 1210 ὡς
3047 1145 3153 1201 ἀπὸ
3191 1149 3391 1217 μέρους
3427 1147 3485 1200 τὸ
3520 1151 3647 1200 πᾶνι

2150 1421 2356 1476 Πολλᾶ
2383 1418 2678 1487 ἐποίησας
2701 1419 2802 1481 σὺ,
2829 1419 3005 1486 Κύριε
3034 1417 3066 1470 δ
3093 1416 3233 1479 Θεός
3259 1414 3482 1483 μου,τὰ
3512 1416 3652 1468 θαι*-

2074 1515 2266 1588 μάσιά
2320 1529 2458 1568 σου.
2497 1513 2828 1578 Ἐκπλαγεὶς
2857 1513 2885 1563 ὁ
2919 1510 3092 1580 μέγας
3133 1507 3297 1560 Δαϐὶδ
3327 1507 3386 1558 τὸ
3417 1505 3516 1568 τῆς
3560 1507 3651 1558 ev-

2079 1610 2487 1680 ανθρωπήσεως
2545 1607 2638 1659 τοῦ
2694 1604 2932 1675 Χριστοῦ
2962 1602 3266 1672 παράδοξον
3327 1599 3648 1669 μυστήριον,

2080 1704 2175 1756 καὶ
2212 1703 2287 1770 μὴ
2320 1701 2570 1769 δυνηθεὶς
2619 1698 2770 1764 ἄξιον
2817 1697 2976 1761 λόγον
3013 1697 3227 1765 εὑρεῖν,
3257 1692 3448 1745 τοῦτον
3490 1692 3651 1759 μόνον

2081 1793 2458 1861 ἐπεφώνησεν,
2496 1792 2578 1844 ὅτι
2621 1791 2830 1843 Πολλὰ
2872 1787 2943 1840 τὰ
2973 1784 3276 1854 θαυιιάσιά
3301 1800 3418 1837 σου
3447 1783 3651 1846 ἐποίη-

2079 1902 2219 1952 σας,
2239 1887 2416 1954 Κύριε
2445 1887 2476 1938 ό
2500 1883 2646 1948 Θεός
2667 1900 2808 1951 μου·
2838 1879 2865 1933 ὃ
2890 1880 2980 1932 καὶ
3001 1881 3028 1932 ὁ
3069 1877 3392 1939 Ἀπόστολος
3416 1877 3649 1928 πέπονθε

2080 1979 2295 2042 Παῦλος
2315 1994 2330 2008 ’
2361 1977 2800 2045 ὑπερθαυμάσας
2827 1971 2959 2042 γὰρ,
2993 1971 3291 2040 ἀνεϐόησεν
3313 1985 3327 1998 ⁸
3371 1970 3438 2022 Ὢ
3456 1965 3647 2032 ,Βάθος

2079 2072 2496 2149 πλούτουηκαὶ
2521 2069 2763 2136 σοφίας,
2797 2065 2890 2119 καί
2917 2063 3192 2133 γνώσεως
3228 2063 3376 2116 Θεοῦ
3397 2059 3416 2112 .'
3441 2061 3520 2125 ὡς
3543 2061 3650 2114 dr-

2078 2167 2441 2234 εξερεύνητα
2469 2163 2540 2216 τὰ
2581 2161 2832 2230 κρίματα
2859 2157 3045 2212 αὑτοῦ
3068 2156 3166 2209 καί
3202 2150 3649 2222 ἀνεξιχνίαστοι

2079 2261 2138 2313 al
2172 2259 2298 2312 ὁδοί
2340 2255 2528 2309 αὑτοῦ
2551 2253 2571 2306 .’
2591 2252 2881 2320 Θαυμάσια
2902 2250 2957 2302 δὲ
2982 2249 3154 2318 λέγει,
3186 2244 3246 2299 οὑ
3277 2247 3435 2316 μόνον
3468 2246 3533 2297 τὰ
3557 2247 3648 2296 ἐπὶ

2081 2349 2346 2412 Μωσέως,
2372 2346 2469 2399 καὶ
2512 2344 2686 2417 Ἰησοῦ
2712 2343 2804 2397 τοῦ
2832 2341 3008 2410 Ναυῆ,
3045 2342 3139 2392 καὶ
3167 2337 3442 2409 Σαμουὴλ,
3468 2338 3560 2388 καὶ
3583 2336 3650 2386 τὰ

2078 2441 2286 2495 τούτων
2319 2439 2656 2508 παλαιότερα
2685 2435 3214 2505 τερατουργήματα,
3250 2429 3365 2482 ἀλλ’
3391 2430 3472 2482 ἔτι
3499 2427 3647 2498 μάλ-

2079 2535 2170 2586 λον
2229 2533 2296 2585 τὰ
2349 2531 2493 2584 κατὰ
2545 2530 2642 2600 τὴν
2701 2528 3118 2598 ἐνανορώπησιν
3169 2524 3263 2577 τοῦ
3303 2523 3573 2591 Σωτῆρος,
3613 2519 3649 2574 ἃ

2080 2623 2317 2696 προῖῖὼν
2353 2625 2410 2675 ὲν
2436 2622 2732 2692 πνεύματι,
2763 2619 3068 2680 θεσπεσίως
3102 2616 3200 2686 βοᾷ
3226 2616 3284 2668 τὸ
3320 2615 3505 2685 ῥηθέν.

2147 2895 2254 2949 Kal
2282 2892 2405 2958 τοῖς
2429 2887 2842 2957 διαλογισμοῖς
2863 2904 3000 2951 σου,
3035 2887 3146 2938 οὐκ
3167 2884 3300 2937 ἐστι
3330 2882 3419 2947 τίς
3445 2883 3646 2948 ὁμοιω-

2077 2987 2330 3054 θήσεταί
2358 3001 2480 3039 σοι.
2508 2985 2623 3036 Οὐκ
2661 2983 2809 3034 ἔστιν
2840 2982 2988 3040 ὅστις
3022 2975 3429 3048 ὁμοιωθήσεταί
3469 2990 3550 3025 σοι
3589 2976 3643 3025 ἐν

403 3068 699 3136 parandus.
775 3067 887 3128 Iis,
960 3066 1226 3135 inquam,
1286 3065 1760 3134 cogitationibus,
1837 3081 1973 3134 quas

2076 3081 2188 3141 τοῖς
2219 3077 2593 3147 διαλογισμοῖς
2635 3092 2729 3128 σου
2751 3116 2765 3138 ,
2795 3073 2939 3145 λέγω
2969 3072 3046 3132 δὲ,
3072 3073 3186 3159 τοῖς
3218 3068 3346 3136 περ)⁵
3372 3067 3484 3159 τῆς
3509 3081 3641 3159 προ-

401 3173 613 3212 sunnna
644 3173 764 3210 cum
797 3156 1142 3226 providentia
1179 3171 1275 3224 pro
1315 3156 1595 3208 hominum
1650 3157 1828 3210 salute
1875 3156 1978 3210 sol-

404 3250 586 3301 licitus
646 3247 906 3300 habuisti.
949 3246 1088 3298 Ecce
1117 3246 1262 3298 enim
1297 3246 1441 3313 quod
1490 3247 1694 3314 grande
1737 3252 1791 3298 et
1829 3247 1974 3314 quod

401 3338 784 3392 admirandum
837 3353 977 3406 opus
1030 3336 1379 3404 excogitasti,
1416 3345 1473 3388 ut
1527 3345 1583 3388 tu
1615 3336 1776 3390 homo
1819 3339 1976 3390 lieres

403 3440 625 3500 propter
659 3432 954 3484 hominem.

473 3522 797 3574 Anuuutiavi
828 3531 877 3574 et
910 3520 1116 3574 locutus
1138 3537 1256 3574 sum
1286 3560 1298 3583 ,
1327 3520 1685 3590 multiplicata
1715 3530 1838 3573 sunt
1882 3535 1974 3572 su-

401 3629 496 3682 per
523 3630 821 3667 numerum.
853 3614 1214 3679 Annuntiavi,
1274 3615 1474 3682 inquit,
1513 3624 1566 3668 et
1607 3614 1766 3669 docui
1807 3613 1975 3666 multa

406 3705 678 3757 mirabilia
733 3713 824 3758 tua
873 3706 928 3758 in
981 3706 1172 3759 multis
1238 3707 1485 3775 psalmis,
1541 3722 1727 3760 verum
1793 3706 1973 3759 adhuc

403 3799 766 3868 multiplicata
799 3809 946 3862 sunt,
979 3808 1033 3852 et
1061 3798 1198 3852 adeo
1247 3800 1667 3853 innumerabilia
1716 3813 1839 3852 esse
1877 3813 1974 3866 ap-

403 3899 726 3958 paruerunt,
778 3899 835 3943 ut
863 3890 1046 3958 aliquo
1077 3905 1306 3944 numero
1340 3890 1593 3945 concludi
1642 3905 1749 3943 non
1784 3899 1972 3956 potue-

399 3983 533 4036 rint.
564 3981 698 4034 Nam
735 3997 856 4050 qua:
883 3981 1087 4036 dudum
1145 3983 1399 4050 cognovi,
1437 3972 1668 4051 propter
1724 3981 1972 4033 altitudi-

403 4087 524 4126 nem
577 4082 631 4126 et
697 4073 1124 4127 immensitatem
1182 4072 1760 4142 incomprehensibilia
1819 4079 1968 4125 sunt.

402 4163 521 4230 Vel,
547 4182 670 4218 cum
699 4167 828 4234 quid
861 4167 1103 4220 dicerem
1141 4181 1249 4220 non
1291 4167 1548 4221 haberem
1576 4203 1592 4228 ,
1622 4165 1728 4219 hoc
1761 4174 1970 4218 tantum

401 4258 720 4309 aununtiavi
766 4267 821 4312 et
870 4257 1087 4313 locutus
1138 4273 1285 4322 sum,
1351 4256 1499 4327 quod
1561 4271 1776 4310 omnem
1823 4264 1973 4308 tran-

399 4347 730 4402 scenderunt
758 4365 1041 4403 numerum
1055 4389 1067 4403 .

2077 3172 2226 3235 νοίας
2257 3171 2352 3223 καὶ
2397 3169 2695 3238 σωτηρίας.
2743 3166 2874 3218 Ἰδοὺ
2903 3163 3011 3232 γὰρ
3042 3156 3152 3213 οἷον
3201 3161 3432 3229 πρᾶγμα
3468 3157 3641 3208 διελοο

2076 3266 2235 3334 γίσω,
2273 3263 2528 3332 γενέσθαι
2556 3261 2844 3327 ἄνθρωπος
2875 3256 2962 3309 διὰ
2989 3255 3079 3306 τὸν
3104 3253 3412 3321 ἄνθρωπον.

2162 3523 2510 3593 Ἀπήγγειλα
2534 3522 2630 3576 καὶ
2659 3520 2956 3589 ἐλάλησα,
2983 3522 3461 3587 ἐπληθύνθησαν
3491 3518 3640 3586 ὑπὲρ

2075 3617 2342 3685 ἀριθμόν.
2379 3613 2738 3683 ’Ᾱπήγγειλα,
2777 3613 2932 3681 φησι,
2973 3612 3066 3663 καὶ
3099 3609 3316 3672 ἐδίδαξα
3347 3609 3476 3677 περὶ
3511 3608 3632 3660 πολ-

2072 3710 2180 3762 λῶν
2212 3708 2532 3777 Θαυμασίων
2567 3723 2662 3759 σου
2703 3707 2762 3757 ὲν
2789 3703 3004 3766 πολλοῖς
3031 3703 3268 3771 ψαλμοῖς
3288 3717 3302 3732 ⁸
3333 3701 3451 3753 ἀλλ’
3475 3700 3640 3766 ἐπληο

2075 3801 2348 3870 θύνθησαν
2381 3799 2484 3860 ἔτι,
2521 3798 2613 3850 καὶ
2651 3796 2930 3866 ἐφάνησαν
2959 3793 3326 3865 ἁναρίθμητα,
3373 3793 3445 3863 μὴ
3479 3791 3636 3843 δυνά-ι

2079 3909 2217 3961 μενα
2251 3891 2550 3942 ὑποπεσεῖν
2577 3887 2830 3958 ἀριθμῷ⁹
2875 3885 2910 3938 ἃ
2951 3885 3059 3954 γὰρ
3087 3883 3183 3938 νῦν
3221 3883 3410 3951 ἔγνων,
3443 3882 3636 3951 ἀπερί-

2073 3982 2254 4052 ληπτά
2285 3983 2411 4042 εἰσι,
2446 3981 2532 4033 διὰ
2563 3979 2624 4030 τὸ
2654 3977 2943 4047 μεγαλεῖον
2974 3976 3072 4044 τῆς
3103 3973 3319 4042 φύσεως
3348 3971 3536 4025 αὑτοῦ.
3571 3971 3638 4022 Ἥ

2073 4078 2168 4128 καὶ
2225 4076 2437 4137 ἄλλως·
2498 4072 2681 4142 Μηδὲν
2710 4071 2901 4140 ἕτερον
2933 4072 3109 4122 εἰπεῖν
3159 4068 3476 4137 δυνάμεως,
3539 4067 3637 4117 ἀπ-

2073 4168 2304 4237 ήγγειλα
2348 4167 2442 4219 καὶ
2478 4166 2718 4235 ἐλάλησα
2747 4163 2842 4216 νῦν
2873 4163 3034 4215 τοῦτο
3070 4161 3230 4232 μόνον
3271 4162 3399 4230 περὶ
3435 4159 3636 4219 αὐτῶν,

2071 4264 2153 4316 ὅτι
2186 4258 2602 4330 ὲπληθύνθησαν
2635 4257 2776 4327 ὑπὲρ
2803 4254 3058 4324 ἀριθμόν.

473 4437 638 4492 Vens.
664 4441 716 4492 7.
742 4439 1076 4509 Sacriﬁcium
1122 4449 1170 4494 et
1226 4441 1546 4494 oblationem
1573 4440 1789 4492 noluisti
1808 4479 1822 4503 ,
1853 4455 1970 4491 cor-

2147 4436 2380 4490 Θυσίαν
2425 4435 2522 4487 καὶ
2564 4433 3049 4501 προσφορὰνοὺκ
3087 4429 3394 4497 ἠθέλησας
3417 4443 3431 4456 °
3469 4442 3640 4495 σωμιι

399 4544 494 4595 pus
521 4540 694 4582 autem
746 4530 1014 4598 perfecisti
1057 4533 1207 4585 mihi.
1266 4531 1398 4597 ριιω
1435 4540 1740 4599 sequuntur
1768 4532 1819 4584 in
1850 4548 1971 4600 per-

401 4636 592 4674 sonam
618 4621 824 4676 Christi
861 4623 1092 4676 dicenda
1119 4633 1272 4686 sunt,
1300 4633 1356 4674 ut
1391 4637 1619 4690 magnus
1655 4638 1754 4676 nos
1787 4623 1972 4676 ιίοοιιίι

404 4710 600 4766 Paulus
634 4713 686 4766 in
739 4713 977 4782 Epistola
1027 4714 1093 4767 ad
1129 4713 1384 4768 Hcltrams
1413 4715 1476 4766 ⁸⁷.
1510 4715 1598 4766 Ait
1632 4715 1794 4782 igitur
1829 4716 1971 4783 quod

401 4815 522 4870 post
558 4803 990 4859 lncarnationem
1045 4805 1186 4858 Deus
1231 4805 1398 4858 Filius
1431 4805 1569 4857 dixit
1600 4805 1664 4857 ad
1695 4805 1908 4858 Patrem
1955 4822 1968 4858 :

400 4892 510 4954 Tu,
533 4894 712 4958 Pater,
735 4897 789 4949 in
822 4907 1101 4966 posterum
1141 4897 1305 4966 legale
1329 4911 1488 4948 onme
1517 4896 1846 4950 sacriﬁcium
1888 4911 1971 4950 re-

398 4987 666 5053 probasti,
737 4998 792 5041 et
849 4989 1158 5041 oblationes
1217 5002 1412 5040 omnes
1477 4987 1592 5056 lege
1647 4987 1966 5042 institutas:

400 5095 586 5132 verum
621 5095 827 5148 corpus
861 5078 994 5132 mihi
1027 5078 1256 5134 elTecisti
1289 5094 1355 5132 ex
1393 5077 1634 5146 Virginis
1689 5081 1970 5149 sanguini-

395 5169 522 5243 bus,
586 5183 644 5223 ut
684 5187 782 5241 pro
813 5172 1093 5224 hominum
1165 5173 1338 5225 salute
1393 5171 1446 5225 in
1506 5172 1839 5226 sacriﬁcium
1881 5171 1967 5225 ol-

396 5261 588 5317 terter.

473 5353 635 5410 Vens.
678 5356 731 5409 8.
771 5355 1120 5420 Holocausta,
1171 5368 1217 5412 et
1251 5374 1345 5427 pro
1386 5369 1598 5424 peccato
1644 5373 1749 5410 non
1779 5357 1971 5426 quwsi—

397 5444 534 5499 risti.
575 5447 630 5500 lu
668 5447 912 5502 Levitico
971 5458 1024 5502 et
1061 5451 1486 5504 Deuteronomio
1519 5451 1666 5504 clare
1700 5448 1969 5511 invenies,

397 5551 644 5604 qu.ena;n
679 5548 864 5592 essent
899 5541 1243 5602 holocausta,
1299 5551 1354 5596 et
1404 5557 1526 5609 qua:
1560 5541 1828 5596 sacrilicia
1872 5555 1971 5610 pro

469 5715 513 5744 '°
548 5713 702 5767 Rom.
741 5731 812 5780 χι,
849 5716 936 5770 55.
1028 5717 1068 5748 ¹⁷
1097 5716 1258 5771 Hebr.
1293 5732 1346 5782 ς,
1381 5716 1430 5770 5.

2069 4529 2137 4582 δὲ
2186 4529 2523 4596 κατηρτίσω
2545 4545 2670 4595 μοι.
2707 4527 2787 4578 Τὰ
2824 4523 3076 4577 ἐντεῦθεν
3116 4525 3180 4574 ὲκ
3216 4521 3509 4591 προσώπου
3548 4519 3638 4571 τοῦ

2071 4622 2311 4692 Χριστοῦ
2374 4620 2606 4688 ῥηθῆναι
2667 4615 2880 4678 Παῦλος
2911 4619 2937 4667 ὁ
2972 4613 3270 4676 ἀπόστολος
3314 4612 3554 4675 ἐδίδαξεν
3583 4612 3638 4661 ἐν

2071 4719 2136 4785 τῇ
2165 4715 2301 4785 πρὸς
2343 4713 2630 4780 Ἐϐραίους·
2674 4709 2965 4779 Ἐπιστολῇ
2989 4723 3002 4739 ⁶
3036 4710 3169 4779 φησὶ
3192 4708 3301 4777 γὰρ
3333 4709 3360 4760 ὁ
3399 4707 3522 4769 Υίὶς
3547 4710 3641 4759 καὶ

2072 4809 2204 4868 θεὸς
2261 4806 2398 4876 πρὸς
2453 4805 2544 4857 τὸν
2607 4804 2826 4873 Πατέρα
2869 4804 3007 4872 μετὰ
3049 4803 3148 4872 τὴν
3199 4800 3640 4870 ὲνανορώπησιν,

2074 4899 2155 4950 δτι
2180 4897 2287 4950 Τοῦ
2339 4896 2527 4948 λοιποῦ
2578 4897 2990 4964 ἀπεδοκίμασας
3019 4895 3117 4964 τὴν
3147 4894 3380 4962 νομικὴν
3419 4890 3636 4950 Θυσίαν,

2076 4990 2171 5041 καὶ
2204 4987 2302 5057 τὴν
2329 4988 2540 5039 ἐκεῖθεν
2574 4988 2891 5057 προσφοράν
2914 5003 2925 5015 ·
2959 4986 3115 5052 σῶμα
3148 4985 3203 5037 δὲ
3233 4982 3640 5041 κατεσκεύασας

2079 5099 2169 5153 μοι
2226 5081 2575 5150 παρθενικῶν
2629 5080 2688 5142 ἐξ
2739 5080 3007 5148 αἱμάτων,
3056 5079 3138 5139 είς
3178 5076 3236 5129 τὸ
3285 5073 3640 5144 θυσιασϐἧναι

2073 5176 2233 5228 τοῦτο
2266 5176 2393 5245 περὶ
2428 5174 2704 5242 σωτηρίας
2735 5172 2843 5224 τῶν
2865 5170 3192 5241 ἀνθρώπων.

2153 5353 2677 5422 ὀλοκιιυτώματα,
2725 5351 2821 5404 καί
2867 5351 3001 5418 περὶ
3038 5348 3326 5418 ἁμαρτίας
3361 5348 3472 5399 οὐκ
3515 5343 3642 5408 em.

2069 5464 2282 5515 τησας.
2315 5446 2404 5497 Ἐν
2433 5447 2498 5514 τῇ
2529 5442 2696 5512 βίϐλῳ
2722 5439 2815 5492 τοῦ
2855 5438 3147 5494 Δευῖτικοῦ
3191 5436 3286 5490 καὶ
3316 5435 3414 5488 τοῦ
3448 5437 3642 5487 Δευτε·

2075 5539 2328 5608 ρονομίου
2365 5535 2552 5604 σαφῶς
2599 5535 2875 5604 εὑρήσεις,
2912 5531 3028 5583 τίνα
3067 5529 3167 5600 μὲν
3213 5529 3279 5581 τὰ
3334 5524 3640 5579 ὁλοκαυτώο
