4114 6208
375 275 486 341 653
1540 272 1935 334 COMMENT.

2094 272 2456 334 PSALMOS.
3526 271 3640 332 ἁδύ

375 400 548 456 ματα,
577 383 703 438 τίνα
726 381 785 438 δὲ
806 382 876 437 τὰ
911 381 1039 454 περὶ
1067 382 1343 454 ἁμαρτίας
1367 381 1606 454 θύματα,
1627 383 1724 437 καὶ
1746 382 1953 443 ἁπλῶς.

2066 390 2288 451 peccato
2319 399 2332 434 :
2363 388 2418 437 et
2446 383 2632 438 omnia
2693 382 2933 452 denique
2983 382 3325 439 oblationum
3378 390 3433 439 et
3466 398 3641 439 sacri-

367 474 636 545 διαφορὰς
658 475 770 528 τῶν
801 473 1003 528 θυσιῶν
1046 475 1141 528 καὶ
1175 475 1527 545 προσφορῶν.
1570 475 1722 537 Τέως
1765 474 1810 526 δ’
1859 473 1951 526 οὖν

2066 474 2310 529 liciorum
2368 490 2591 546 genera.
2630 476 2722 530 Ait
2781 475 2952 547 igitur
2985 493 3000 529 :
3040 474 3175 530 Cum
3207 489 3396 529 verum
3432 490 3533 543 ego
3572 489 3637 527 ac

371 583 562 636 φησιν,
589 566 673 619 ὃτι
712 564 878 635 Ἐμοῦ
910 565 1306 634 σαρκωθέντος,
1324 564 1417 618 τοῦ
1446 564 1664 633 λογικοῦ
1696 566 1788 616 καὶ
1818 563 1954 634 ἀλη-

370 655 521 708 θινοῦ
555 654 820 724 θύματος,
862 654 958 707 τοῦ
1001 655 1248 725 αἴροντος
1289 655 1392 727 τὴν
1428 655 1704 725 ἁμαρτίαν
1727 652 1826 707 τοῦ
1865 653 1955 705 κό-

371 764 538 816 σμου,
570 746 724 799 οὐδὲν
762 746 922 816 σῶμα
954 746 1066 815 (45)
1099 747 1325 816 νομικὸν
1356 747 1712 816 ἐξεζήτησας.

450 840 588 891 Τότε
610 833 810 891 εἷπον·
855 838 1005 892 Ἰδοὺ
1029 839 1176 907 ἥκω.
1200 839 1338 893 Τότε
1360 854 1374 869 ·
1407 839 1535 892 πότε
1559 856 1575 904 ;
1603 839 1734 892 Ὅτε
1764 838 1832 891 τὰ
1869 856 1954 892 νο-

383 932 523 1000 μικὲι
554 930 772 1000 Ούμστα
805 931 1199 1000 ἀπηυδόκησας
1223 948 1236 960 ·
1276 932 1396 985 τότε
1439 931 1550 1002 γὰρ
1585 927 1741 985 εἷπον
1768 932 1951 996 αὐτὸς,

2058 564 2393 617 rationabile
2452 564 2788 620 sacriﬁcium
2846 566 2999 629 sim,
3062 573 3116 619 et
3179 563 3362 617 omnia
3440 563 3629 618 mundi

2055 653 2268 709 deleam
2308 667 2553 724 peccata,
2582 667 2637 710 tu
2678 658 2885 711 nullum
2941 656 3181 726 amplius
3214 636 3384 723 legale
3418 657 3632 709 sacriﬁ-

2054 745 2200 800 cium
2242 747 2568 816 quaesivisti.

2129 836 2275 891 Tunc
2304 837 2421 891 dixi
2444 853 2463 891 :
2486 839 2620 893 Ecce
2650 842 2814 895 venio.
2845 839 3002 894 Tunc
3029 840 3286 893 nimirum
3315 838 3532 908 quando
3559 839 3638 894 le-

2058 929 2200 999 galia
2255 931 2525 985 sacriﬁcia
2564 932 2852 1001 reprobate
2906 941 3067 997 sunt;
3123 942 3254 985 tunc
3316 930 3463 986 enim
3529 929 3638 983 dixi

373 1026 457 1077 ὃτι
520 1022 732 1089 Πάτερ,
777 1022 1029 1092 ἤγγικεν
1069 1025 1109 1091 τ)
1160 1024 1326 1092 ὥρα·
1376 1001 1648 1088 δόξασόν
1689 1039 1806 1078 σου
1848 1024 1957 1076 τὸν

2066 1036 2196 1091 ego:
2230 1020 2412 1089 l’ater,
2466 1026 2605 1078 venit
2652 1024 2807 1086 hora,
2851 1026 3094 1096 glori/ica
3158 1023 3352 1077 Filium
3409 1022 3640 1076 tuum".

385 1118 526 1170 Υίόν
543 1131 557 1146 ·
583 1116 646 1168 τὸ
670 1114 798 1185 γὰρ,
838 1114 985 1170 Ἰδοὺ
1016 1115 1160 1183 ἥκω,
1197 1117 1285 1179 Ὠς
1307 1116 1441 1187 ὁρᾷς
1466 1116 1829 1187 ήτοίμασμαι.

449 1295 554 1348 Ἔν
582 1293 859 1363 κεφαλίδι
889 1294 1139 1359 βιϐλίου
1173 1294 1493 1365 γέγραπται
1518 1296 1649 1362 περὶ
1682 1296 1850 1365 ἐμοῦ.
1893 1297 1956 1350 υἱ

389 1386 634 1457 Ἑϐραῖοι
663 1387 845 1451 βιϐλία
884 1389 985 1458 μὲν
1012 1388 1237 1442 καλοῦσι
1278 1387 1346 1442 τὰ
1378 1390 1789 1460 συγγράμματα
1818 1406 1832 1421 ·
1865 1408 1957 1443 κε-

374 1478 606 1546 φαλίδας
647 1478 741 1543 δὲ,
771 1480 840 1531 τὰ
887 1480 1195 1550 εἱλητάρια,
1237 1480 1314 1543 ὡς
1342 1460 1439 1533 τόλ
1486 1482 1581 1534 ΥΙὲ
1610 1482 1953 1551 ἀνθρώπου,

370 1568 528 1640 φάγε
555 1570 669 1637 τὴν
695 1570 1280 1649 κεφαιίδαγταύτην.
1337 1572 1687 1644 Εἱληταρίοις
1722 1576 1830 1645 γὰρ
1871 1577 1958 1628 ἐν·

373 1663 639 1731 ἔγραφον,
692 1663 788 1717 καὶ
837 1663 898 1716 ού
933 1663 1150 1733 τεύχεσι
1184 1665 1593 1735 τετραγώνοις,
1644 1667 1720 1730 ὡς
1770 1669 1954 1739 ἡμεῖς.

369 1753 543 1821 Φησῖν
574 1754 603 1805 ὁ
636 1752 828 1822 Σωτὴρ
855 1792 871 1816 ,
920 1752 1002 1806 ὅτι
1055 1753 1159 1805 Ἐν
1204 1754 1801 1821 ειληταρίῳβιϐλιόυ
1859 1755 1957 1823 γέ..

372 1858 632 1908 γραπται
670 1842 803 1909 περὶ
860 1841 1042 1911 ἐμοῦ·
1102 1840 1312 1910 βιϐλίου
1348 1843 1404 1895 δὲ
1430 1882 1444 1906 ,
1480 1842 1823 1912 προφητικοῦ
1860 1844 1953 1911 δη-

372 1933 529 2001 λαδὴ,
583 1933 830 1986 τουτέστι
859 1933 928 1985 τὰ
961 1934 1092 2002 περὶ
1150 1932 1251 2001 τῆς
1285 1933 1425 2001 ὲμῆς
1486 1932 1960 2003 ινανθρωπήσεως

375 2025 855 2095 προκατήγγειλαν
885 2025 938 2077 οἱ
987 2024 1290 2094 προφῆται.
1324 2022 1497 2076 Τοῦτο
1543 2024 1640 2076 καὶ
1683 2024 1961 2088 Ἰουδαίοις

376 2116 609 2188 ὕστερον
656 2117 861 2187 ἔλεγεν,
924 2116 1000 2179 ὡς
1048 2116 1148 2169 τόο
1201 2118 1270 2170 El
1314 2114 1663 2170 ἐπιστεύετε
1712 2116 1964 2187 Μωῢσῇ,

375 2207 728 2261 ἐπιστεύετε
758 2208 835 2261 ἂν
865 2208 1018 2280 ἐμοὶ,
1053 2208 1147 2260 καὶ
1178 2207 1316 2260 ἄλλα
1342 2207 1536 2261 πολλὰ.

460 2385 529 2440 Τὸ
552 2387 803 2454 ποιῆσαι
834 2387 900 2440 τὸ
927 2387 1155 2456 θέλημά
1195 2401 1331 2451 σου,
1375 2388 1407 2442 ὀ
1437 2388 1583 2455 Θεός
1607 2406 1751 2459 μου,
1782 2391 1963 2459 ὴόὀυ⁴

381 2476 606 2543 λήθην.
662 2477 811 2529 Ἐπεὶ
845 2478 911 2530 τὰ
946 2480 1072 2548 περὶ
1097 2479 1233 2546 ἐμοῦ
1266 2478 1576 2549 προώριστο
1602 2481 1694 2533 καὶ
1722 2497 1964 2551 προκατ-

378 2569 646 2639 ήγγελτο,
678 2570 900 2639 ποιῆσαι
944 2568 1006 2622 τὸ
1079 2568 1293 2639 θέλημά
1342 2585 1436 2623 σου
1497 2569 1821 2641 ἠϐουλήθην.
1856 2573 1962 2625 Πε-

377 2661 560 2733 ριττὸν
585 2660 694 2731 γὰρ
716 2660 947 2714 ἐνταῦθα
1001 2660 1061 2714 τὸ
1115 2659 1242 2715 τοῦ.
1268 2661 1494 2732 Θέλημα
1516 2663 1574 2716 δὲ
1596 2664 1693 2716 τοῦ
1727 2663 1960 2735 Πατρὸς,

375 2756 412 2824 η
446 2754 590 2821 ὑπὲρ
639 2753 741 2822 τῆς
769 2753 877 2805 τῶν
906 2751 1214 2824 ἀνθρώπων
1263 2753 1538 2824 σωτηρίας
1585 2756 1727 2809 κατὰ
1784 2757 1964 2824 σάρκα

382 2845 570 2915 σφαγὴ
595 2845 690 2899 τοῦ
719 2842 852 2898 Υίοῦ
884 2843 1076 2900 αὑτοῦ.
1103 2845 1241 2914 Περὶ
1270 2843 1461 2898 τούτου
1490 2844 1587 2897 καὶ⁵
1618 2846 1782 2908 αὐτὸς
1814 2845 1967 2901 ὓστε-

383 2960 478 3012 ρον
544 2938 700 2995 εἶπεν
752 2944 781 2995 ὁ
834 2940 1110 3011 Χριστὸς,
1145 2941 1252 3005 ὅτι,
1308 2940 1697 3008 Ιὶατασέὸηκα
1753 2940 1823 2996 ἐκ
1859 2944 1966 2999 τοῦ

2064 1110 2205 1169 Nam
2236 1112 2383 1182 quod
2408 1113 2484 1166 ait
2512 1130 2528 1168 :
2554 1113 2691 1167 Ecce
2713 1116 2859 1168 uenio
2887 1157 2902 1181 ,
2939 1115 3080 1170 idem
3109 1122 3210 1177 est,
3240 1129 3303 1167 ac
3329 1114 3598 1169 sidiceret
3625 1127 3643 1166 ι

2061 1205 2221 1260 Vides
2246 1206 2391 1275 quod
2423 1216 2650 1275 paratus
2682 1221 2827 1261 sum.
3514 1186 3529 1197 ”

2132 1297 2296 1352 Vens.
2329 1298 2384 1352 9.
2427 1296 2493 1350 In
2521 1298 2784 1351 columine
2836 1297 2961 1351 libri
3028 1298 3283 1365 scriptum
3319 1307 3398 1352 est
3425 1296 3490 1350 dc
3540 1312 3641 1351 me.

2059 1390 2513 1460 Conscriptiones
2546 1389 2758 1445 Hebraei
2787 1390 2959 1446 libros
2987 1390 3359 1460 appellabant.
3392 1398 3441 1444 et
3483 1388 3642 1441 invn-

2059 1484 2205 1537 lutas
2238 1485 2461 1537 cbartas
2505 1483 2806 1547 volumina,
2838 1482 2994 1552 juxta
3026 1482 3156 1535 illud
3190 1499 3204 1535 :
3242 1480 3354 1534 Fili
3380 1481 3633 1543 hominis,

2060 1575 2274 1631 comede
2336 1574 2433 1629 hoc
2486 1574 2815 1629 volumen".
2890 1573 3157 1631 lnvolutis
3211 1575 3358 1629 enim
3433 1573 3647 1628 chartis

2063 1670 2413 1727 scribebant,
2457 1677 2513 1722 et
2566 1684 2675 1723 non
2727 1667 3017 1738 quadratis
3063 1668 3245 1730 libris.
3283 1676 3341 1722 ut
3375 1683 3477 1721 nos
3510 1666 3643 1720 laci-

2063 1776 2206 1812 Inus.
2243 1757 2332 1811 Ait
2365 1757 2531 1827 igitur
2587 1757 2842 1812 Salvator
2875 1776 2889 1812 :
2925 1756 3289 1818 In,volumine
3326 1758 3470 1820 libri,
3516 1771 3643 1826 pro-

2062 1849 2268 1917 phetici
2299 1849 2582 1909 nimirum.
2616 1850 2875 1916 scriptum
2904 1858 2980 1902 est
3008 1851 3071 1902 de
3115 1865 3217 1911 me,
3281 1849 3383 1902 boc
3419 1857 3527 1911 est,
3575 1862 3640 1902 ea

2067 1954 2189 2007 quae
2221 1938 2288 1991 ad
2317 1938 2759 1993 lncarnationem
2794 1953 2969 1991 meam
3001 1939 3303 2007 pertinent,
3334 1953 3363 1990 a
3397 1936 3636 2006 prophe-

2070 2028 2143 2083 tis
2175 2026 2436 2097 pra‘dicta
2483 2036 2612 2081 sunt
2641 2045 2655 2084 :
2690 2026 2838 2096 quod
2872 2028 3004 2094 ipsis
3034 2029 3199 2082 etiam
3229 2026 3435 2082 Judwis
3465 2026 3646 2081 Domi-

2068 2134 2174 2174 nus
2198 2126 2389 2188 postea
2434 2118 2632 2173 iterum
2666 2117 2980 2182 aﬂirmavit,
3011 2118 3202 2173 dicens
3232 2134 3245 2169 :
3277 2118 3338 2172 Si
3365 2118 3650 2171 crederetis

2070 2210 2268 2280 Moysi,
2303 2211 2582 2265 crederetis
2632 2212 2795 2264 etiam
2849 2218 2899 2265 et
2946 2211 3076 2264 mihi
3129 2208 3216 2281 [de
3262 2225 3340 2262 me
3383 2208 3522 2263 enim
3563 2208 3651 2262 ille

2066 2304 2279 2371 scripsit
2304 2302 2400 2375 "J,
2423 2310 2477 2359 et
2508 2304 2613 2357 alia
2640 2301 2958 2372 hujusmodi
2994 2301 3188 2355 multa.

2143 2394 2348 2450 Facere
2394 2397 2717 2450 voluntatem
2775 2404 2947 2457 tuam,
2981 2392 3121 2447 Deus
3176 2406 3343 2457 meus,
3373 2390 3533 2444 volui.
3575 2388 3643 2443 Et

2065 2490 2327 2559 quoniam
2357 2502 2477 2558 qua:
2526 2487 2593 2542 ad
2657 2502 2745 2542 me
2797 2487 3097 2555 pertinent,
3127 2484 3240 2552 jam
3278 2484 3642 2539 determinata

2064 2590 2193 2637 sunt
2253 2591 2308 2635 et
2357 2578 2615 2649 praedicta
2666 2593 2697 2633 a
2750 2578 3060 2648 prophetis.
3095 2575 3222 2632 ideo
3253 2574 3438 2631 facere
3492 2574 3642 2628 volui

2063 2677 2410 2729 voluntatem
2442 2681 2620 2728 tuam.
2653 2670 2977 2739 Superﬁuus
3006 2678 3092 2726 est
3122 2672 3273 2725 enim
3340 2666 3638 2728 articulus,

2064 2767 2162 2838 qui
2200 2766 2430 2820 habetur
2457 2767 2513 2819 in
2540 2764 2756 2825 Grieco,
2780 2771 2908 2817 ante
2938 2760 3218 2815 inﬁnitum
3258 2758 3434 2828 facere
3458 2754 3639 2829 [quem

2065 2857 2162 2928 qui
2218 2855 2556 2927 superﬂuum
2612 2869 2719 2909 non
2772 2859 3062 2923 putarunt,
3120 2849 3525 2903 transtulerunt
3587 2855 3648 2897 ut

2071 2946 2360 3020 [acerem];
2400 2947 2658 3002 voluntas
2684 2956 2867 3000 autem
2893 2940 3073 2997 Patris
3096 2940 3200 2995 fuit
3226 2953 3289 2994 ea
3309 2978 3326 3003 ,
3352 2936 3473 2992 Filii
3499 2952 3648 2990 mors

379 3033 646 3102 οὐρανοῦ
677 3034 790 3101 οὐχ
814 3031 917 3086 ἵνα
946 3030 1098 3085 ποιῶ
1147 3031 1213 3084 τὸ
1241 3031 1473 3100 θέλημα
1499 3031 1567 3085 τὸ
1604 3032 1776 3103 ἐμὸν,
1806 3035 1961 3090 ἀλλὰ

2072 3040 2376 3094 secundum
2399 3052 2649 3103 carnem,
2668 3051 2790 3107 quae
2816 3050 2917 3105 pro
2943 3034 3185 3088 humana
3214 3030 3414 3094 salute,
3434 3042 3647 3083 summa

379 3126 449 3179 τὸ
477 3123 706 3193 θέλημα
737 3122 847 3178 τοῦ
876 3122 1230 3191 πέμψαντός
1269 3139 1370 3191 με.

2070 3146 2194 3187 cum
2219 3130 2660 3200 dispensatione,
2686 3143 2718 3183 a
2753 3127 2864 3187 Deo
2890 3126 3160 3198 permissa
3191 3130 3297 3178 est.
3331 3122 3402 3175 De
3418 3134 3527 3189 qua
3546 3132 3645 3171 vo-

380 3218 596 3273 luntate
629 3218 746 3287 ipse
770 3217 933 3271 etiam
965 3214 1138 3270 Filius
1166 3214 1386 3270 dicebat
1416 3231 1431 3267 :
1464 3212 1746 3279 Descendi,
1770 3232 1873 3271 non
1902 3229 1961 3273 ut
1988 3218 2221 3288 facerem
2257 3221 2582 3277 uoluntatem
2624 3235 2817 3285 meam,
2845 3218 2935 3273 sed
2959 3218 3282 3273 voluntatem
3346 3212 3485 3279 ejus,
3555 3209 3648 3279 qui

382 3314 530 3370 misit
555 3330 635 3368 me
655 3315 722 3368 ".

456 3408 564 3464 Kal
588 3408 697 3461 τὸν
737 3407 927 3476 νόμον
956 3419 1096 3470 σου,
1124 3406 1194 3461 ἐν
1215 3406 1388 3476 μέσῳ
1416 3403 1527 3473 τῆς
1561 3408 1797 3472 κοιλίας
1819 3425 1962 3478 μου.

383 3500 462 3554 Tit
494 3499 594 3555 Ἐν
614 3496 785 3568 μέσῳ
805 3496 916 3565 τῆς
938 3497 1172 3561 κοιλίας
1202 3513 1344 3566 μου,
1370 3496 1495 3549 ἀντὶ
1538 3496 1638 3549 Ἐκ
1670 3496 1837 3566 μέσου
1868 3500 1966 3567 τῆς

384 3590 596 3654 κοιλίας
621 3607 745 3660 μου,
775 3588 1080 3654 τουτέστιν,
1114 3591 1181 3641 ὲκ
1213 3587 1465 3659 καρδίας,
1494 3586 1792 3658 ὀλοψύχως,
1834 3588 1970 3659 πρό-

386 3683 541 3746 θεσις
572 3683 699 3735 ἀντὶ
728 3680 1065 3750 προθέσεως.
1105 3679 1239 3732 ’Δπδ
1277 3678 1462 3732 κοινοῦ
1491 3678 1550 3732 δὲ
1575 3678 1814 3749 ληπτέον
1872 3679 1971 3732 πάι

387 3775 475 3828 λιν
524 3775 607 3836 τὸ,
646 3772 1021 3838 Ἡόουλήθην
1069 3769 1344 3839 ποιῆσαι,
1398 3770 1518 3841 ἦτοι
1549 3770 1842 3841 πληρῶσαι
1872 3769 1965 3821 τὸν

386 3864 553 3936 νόμον
584 3882 701 3929 σου,
731 3866 874 3933 φημὶ
912 3863 980 3931 δὴ
1019 3859 1137 3933 (46)
1170 3861 1269 3923 τὰς
1307 3859 1551 3922 ἐντολὰς.
1583 3858 1649 3922 ἃς
1685 3876 1775 3928 μοι
1804 3858 1968 3911 δέδω-

387 3973 516 4019 κας,
543 3958 607 4008 ὲκ
640 3956 870 4024 καρδίας
902 3970 1031 4023 μου.

461 4064 967 4137 Εὺηγγελισάμην
1038 4061 1444 4130 δικαιοσύνην
1502 4060 1573 4114 ἐν
1632 4058 1969 4128 Ἐκλλησίᾳ

385 4158 641 4231 μεγάλῃ.
685 4157 1050 4225 Δικαιοσύνην
1081 4155 1233 4224 λέγει
1273 4154 1333 4208 τὸ
1358 4153 1719 4222 Εύαγγέλιον,
1769 4151 1844 4214 ὡς
1889 4151 1968 4203 δι-

388 4250 584 4308 καιοῦν
614 4249 826 4311 πάντας
870 4249 998 4311 τοὺς
1056 4244 1446 4308 πιστεύοντας,
1512 4241 1611 4296 καὶ
1660 4240 1965 4313 τηροῦντας

386 4344 610 4405 ἐντολὰς
639 4339 829 4405 αὐτοῦ,
864 4338 1037 4392 ὁποῖοί
1091 4337 1212 4391 ποτ’
1235 4336 1303 4389 ἂν
1332 4328 1466 4388 ὦσιν
1501 4327 1649 4387 οὗτοι
1669 4350 1684 4367 ο
1708 4335 1799 4386 καὶ
1823 4334 1907 4385 ὃτι
1936 4334 1965 4384 ὁ

390 4434 495 4500 μιν
518 4432 813 4494 Μωσαϊκδς
870 4431 1034 4499 νόμος
1088 4428 1271 4498 μόνοις
1299 4429 1414 4489 τοῖς
1460 4425 1735 4487 Ἰουδαίοις
1764 4421 1920 4489 ἐδόθη
1945 4436 1959 4451 ο

2132 3410 2206 3465 Et
2258 3410 2418 3480 legent
2480 3418 2625 3463 tuam
2655 3407 2711 3461 in
2750 3406 2919 3460 medio
2956 3403 3151 3458 ventris
3190 3402 3309 3456 mei.
3371 3400 3441 3455 In
3473 3399 3645 3453 medio

2063 3499 2256 3555 ventris
2323 3497 2446 3561 mei,
2492 3511 2590 3565 pro
2642 3509 2711 3549 ex
2757 3494 2924 3548 corde
2974 3500 3142 3559 atque
3187 3507 3252 3545 ex
3300 3499 3414 3543 tota
3449 3491 3631 3544 anima

2066 3603 2185 3643 mea
2208 3595 2303 3655 ;ut
2328 3588 2399 3640 sit
2422 3584 2734 3655 praepositio
2757 3598 2857 3652 pro
2872 3580 3276 3651 praepositione.
3300 3577 3341 3628 Α
3364 3576 3647 3631 communi

2068 3686 2248 3730 autem
2302 3690 2467 3730 sensu
2509 3671 3032 3741 subintelligendum
3084 3677 3189 3729 est,
3243 3665 3400 3719 Volui
3448 3665 3646 3733 facere,

2072 3761 2175 3813 boc
2196 3768 2300 3823 est,
2330 3759 2475 3813 volui
2499 3757 2797 3826 adimplere
2818 3773 2883 3811 ex
2909 3757 3072 3810 corde
3104 3770 3224 3808 meo
3248 3753 3417 3822 legem
3451 3762 3596 3806 tuam
3625 3767 3645 3819 _:

2074 3861 2165 3904 tua
2197 3848 2454 3902 nimirum
2487 3846 2769 3912 mandata,
2790 3862 2912 3917 quae
2938 3844 3136 3900 dedisti
3169 3842 3324 3896 mihi.

2141 4043 2309 4101 Vsus.
2338 4045 2422 4099 l0.
2453 4043 2827 4112 Evangelizavi
2848 4040 3123 4112 justitiam
3148 4050 3294 4094 tuam
3326 4040 3380 4094 in
3411 4038 3647 4094 Ecclesia

2074 4154 2291 4208 magna.
2334 4136 2469 4192 Vide
2516 4135 2795 4206 quomodo
2832 4133 3187 4201 Evangelium
3242 4131 3333 4186 Dei
3376 4130 3643 4201 justitiam

2073 4232 2331 4302 appellat,
2376 4231 2505 4300 quia
2550 4243 2648 4298 per
2701 4225 3057 4296 Evangelium
3122 4223 3214 4278 Dei
3270 4222 3648 4290 justillcantur

2072 4324 2359 4379 credentes
2413 4336 2627 4385 omnes,
2662 4326 2718 4374 et
2766 4321 3123 4374 observantes
3174 4314 3322 4369 illius
3370 4315 3647 4377 mandata,

2072 4428 2388 4485 quicunque
2415 4413 2468 4466 bi
2501 4412 2706 4468 fuerint
2727 4419 2782 4465 et
2817 4409 3186 4476 undecunque
3224 4423 3239 4460 :
3285 4413 3339 4461 et
3385 4404 3512 4473 quia
3560 4405 3643 4459 les

385 4492 451 4579 τὸ
476 4526 534 4578 δὲ
560 4492 913 4593 Εὐαγγέλιον,
934 4492 1125 4575 ’ἅπασι
1153 4522 1268 4582 τοῖς
1298 4518 1501 4571 ἔθνεσι.
1556 4517 1780 4569 Δίκαιον
1809 4514 1868 4567 δὲ
1901 4513 1961 4565 τὸ

2071 4506 2308 4562 Mosaica
2340 4504 2475 4560 solis
2503 4512 2714 4559 tantum
2740 4502 2948 4557 Judaais
2980 4501 3107 4553 data
3139 4508 3244 4563 est,
3292 4496 3644 4565 Evangelium

389 4616 472 4687 μὴ
499 4616 650 4668 τόνδε
701 4613 885 4684 μόνον.
920 4610 1061 4666 ἀλλὰ
1091 4610 1303 4671 πάντας
1348 4605 1548 4676 ὲπίσης
1574 4605 1653 4667 τις
1687 4601 1962 4672 σωτηρίαν

385 4707 600 4762 καλεῖν.
636 4703 969 4773 Ἐκκλησίαν
1025 4700 1082 4753 δὲ
1143 4698 1391 4769 μεγάλην
1446 4697 1583 4767 φησὶ
1636 4695 1734 4758 τὰς
1798 4694 1963 4747 πολυ·

387 4797 715 4867 ανθρώπους
739 4792 1064 4863 συναγωγὰς
1097 4790 1206 4845 τῶν
1247 4788 1538 4853 Ἰουδαίων,
1576 4788 1635 4842 ἑν
1665 4782 1747 4850 οἷς
1782 4786 1959 4856 ἔπαρ-

388 4892 704 4961 ρησιάξετο.

475 5153 632 5211 Ἰδοὺ
660 5155 730 5207 τὰ
759 5153 933 5221 χείλη
959 5167 1081 5220 μου
1111 5149 1184 5203 οὐ
1217 5145 1304 5216 μὴ
1332 5143 1608 5207 κωλύσω,
1638 5140 1814 5209 Κύριε
1835 5177 1852 5205 ,
1883 5138 1969 5194 σὺ

391 5247 606 5316 ἐτι-ως.
655 5245 746 5308 Ὠς
769 5244 933 5315 ὁρᾷς,
967 5243 1031 5296 οὐ
1057 5242 1133 5312 μὴ
1165 5237 1399 5293 κωλύσω
1426 5236 1497 5289 τὰ
1521 5234 1676 5306 χείλη
1723 5251 1825 5304 μου
1878 5231 1969 5285 λέ-

463 5427 510 5458 ”
532 5427 692 5483 Joan.
738 5441 876 5492 sm,
906 5426 957 5483 l.

2070 4611 2197 4650 vero
2228 4595 2484 4650 omnibus
2510 4594 2784 4664 gentibus.
2820 4590 3039 4644 Iustum
3077 4597 3257 4641 autem
3298 4596 3417 4640 erat
3449 4595 3505 4640 ut
3536 4602 3641 4642 nan

2068 4703 2213 4742 unus
2246 4695 2340 4740 aut
2384 4686 2524 4740 alter
2571 4693 2784 4737 tantum
2836 4681 3090 4750 populus,
3133 4677 3229 4731 sed
3275 4677 3419 4745 quod
3455 4692 3649 4731 omnes

2068 4792 2223 4846 aeque
2247 4776 2313 4829 ad
2346 4775 2577 4831 salutem
2612 4779 2964 4827 vocarentur.
3004 4768 3107 4823 Per
3130 4766 3431 4823 Ecclesiam
3464 4778 3645 4822 autem

2074 4881 2325 4936 magnam
2373 4863 2687 4919 Iudaeorum
2753 4875 3055 4930 synagogas
3111 4858 3401 4927 intelligit,
3477 4857 3644 4910 veluti

2074 4954 2387 5012 hominibus
2438 4951 2956 5022 lreqnentissimas,
3008 4949 3064 5003 in
3137 4949 3335 5018 quibus
3389 4948 3645 5003 Cl.ristns

2069 5048 2245 5117 palam
2279 5061 2346 5100 ac
2375 5045 2545 5100 libere
2574 5045 2790 5098 locutus
2823 5050 2927 5096 est.

2141 5136 2272 5189 Ecce
2302 5134 2446 5188 labia
2494 5150 2608 5188 mea
2637 5149 2738 5186 non
2775 5132 3078 5200 prohibebo,
3100 5131 3349 5192 Domine,
3385 5135 3441 5180 tu
3473 5122 3641 5177 scisti.

2067 5226 2535 5297 Quemadmodum
2579 5235 2638 5281 tu
2682 5224 2855 5291 vides,
2911 5226 3112 5297 inquit,
3164 5238 3272 5277 non
3335 5211 3645 5287 prohibebo

1073 5425 1118 5459 "
1149 5421 1351 5480 Ezech.
1386 5435 1466 5485 In,
1497 5417 1548 5473 ι.
1620 5417 1668 5449 ³ο
1701 5414 1863 5472 Joan.
1904 5427 1960 5477 ν,
1987 5410 2076 5465 46.
2167 5411 2210 5441 ’ί
2253 5407 2390 5465 Ibid.
2419 5407 2511 5465 50.

1725 5554 1926 5617 Variis
1957 5551 2282 5618 lectiones.

471 5694 585 5767 (45)
616 5711 704 5763 πρ.
740 5694 805 5749 θῦ
817 5711 914 5765 μα.

2147 5674 2261 5743 (ιδ)
2284 5668 2376 5728 λι.
2408 5668 2468 5724 δέ
