4114 6208
419 249 516 314 ιδ’]

1566 244 1966 308 (ΖΟΜΜΕΝΤ.
2010 242 2093 303 ΙΝ
2134 242 2497 305 PSALMOS.

3552 250 3662 313 ⁷658

417 364 690 421 κειοῦνται
719 367 771 418 oi.
794 366 1017 431 δίκαιοι,
1045 365 1129 419 διὰ
1162 367 1260 436 τὴν
1284 364 1514 435 ἑνότητα
1570 364 1663 417 καὶ
1695 360 1984 417 κοινωνίαν

2097 366 2314 425 peccata
2339 357 2475 426 justi
2509 348 2613 414 sibi
2643 359 2777 429 ipsis
2803 360 3107 426 ascribunt,
3138 371 3359 432 propter
3392 363 3661 420 unitatem

416 457 515 529 τῆς
542 458 803 521 πίστεως.

485 550 591 603 Καὶ
626 550 663 618 ἠ
695 548 912 617 καρὸιά
972 566 1092 618 μου
1133 546 1490 618 ἐγκατέλιπέ
1531 564 1629 616 με.
1664 545 1756 616 Τῷ
1785 546 1982 607 δοκεῖν,

415 639 691 692 ἀπέϐαλον
726 638 820 691 καὶ
848 639 946 709 τὴν
970 639 1200 709 καρδίαν
1234 655 1360 709 μου,
1390 632 1479 692 οἷα
1510 636 1585 706 μὴ
1612 635 1987 706 ρωννυόμενος

416 730 497 792 είς
528 729 854 801 εὐτολμίαν*
914 731 949 800 ή
996 730 1196 802 καρδία
1247 730 1357 799 γὰρ
1410 728 1705 799 Θαρῤύνει,
1755 725 1852 780 καὶ
1903 724 1986 777 δι-

416 822 643 894 εγείρει.

489 916 867 982 Εὐδόκησον,
913 918 1112 985 Κύριε,
1136 914 1246 970 τοῦ
1272 914 1587 985 ῥύσασθαί
1608 930 1707 984 με.
1750 913 1987 982 Θέλησον

418 1006 497 1071 είς
525 1006 585 1059 τὸ
608 1006 885 1071 ἐξελέσθαι
919 1026 986 1079 με
1017 1009 1245 1062 τούτων.

492 1187 670 1256 Κύριε
690 1229 705 1253 ,
736 1191 828 1255 είς
857 1190 923 1243 τὸ
952 1189 1261 1258 βοηθῆσαι
1284 1206 1387 1259 μοι
1419 1190 1709 1258 πρόσχες.
1736 1217 1807 1228 --
1836 1189 1989 1255 Πρό-

421 1294 588 1348 σχες,
614 1280 759 1344 ἀντὶ,
801 1282 1109 1352 Ἐπιμελῶς
1134 1283 1233 1338 ἴδε.

488 1376 1100 1440 Καταισχυνθείησαν
1151 1375 1250 1429 καί
1288 1375 1739 1445 «ἐν-τραπείησαν
1777 1376 1833 1427 οι
1892 1370 1989 1440 ζη-

414 1463 664 1531 τοῦντες
691 1467 806 1533 τὴν
833 1468 1045 1536 ψυχήν
1071 1486 1213 1537 μου,
1240 1467 1348 1521 τοῦ
1380 1467 1586 1535 ἐξᾶραι
1612 1465 1989 1532 αὐτήν.”Αμα

415 1556 512 1607 καὶ
580 1556 746 1625 ἄμφω
804 1559 963 1609 ταυτὶ
1013 1558 1371 1611 παθέτωσαψ
1446 1556 1988 1628 καταισχυνθείησαν

419 1647 543 1714 μὲν,
591 1647 665 1709 ὡς
697 1648 1023 1718 ἡττηθέντες
1079 1650 1178 1719 τῆς
1229 1651 1506 1722 ἡμετέρας
1536 1652 1857 1721 ὑπομονῆς’
1897 1650 1990 1703 ὲν-

413 1739 754 1808 τραπείησαν
784 1740 862 1802 δὲ,
909 1740 985 1803 ὡς
1017 1740 1254 1811 ὁρῶντες
1289 1742 1388 1809 τὴν
1420 1744 1549 1813 περὶ
1592 1743 1742 1814 ἡμᾶς
1771 1742 1986 1812 ἄμαχόν

414 1844 509 1880 σου
541 1827 792 1897 δύναμιν,
818 1830 1110 1900 ζητοῦντες
1145 1831 1246 1899 τὴν
1274 1831 1457 1903 ψυχήν
1499 1850 1625 1902 μου,
1657 1833 1752 1885 ἐπὶ
1783 1831 1862 1901 τῷ
1900 1832 1990 1896 ἐξ-

415 1921 651 1986 αγαγεῖν
700 1920 869 1991 αὐτὴν
928 1921 1019 1993 διὰ
1066 1922 1341 1991 τιμωρίας
1398 1922 1769 1989 παντοδαπῆς.
1807 1922 1878 1973 Ἢ
1932 1922 1992 1973 τὸ

414 2007 556 2077 ἅμα,
594 2012 716 2062 ἀντὶ
742 2010 860 2077 τοῦ,
888 2012 1027 2081 ὁμοῦ
1056 2012 1279 2075 πάντες.

491 2179 1062 2247 Ἀποστραφειησαν
1115 2182 1197 2246 είς
1255 2181 1327 2234 τὰ
1382 2183 1597 2249 ὀπίσω,
1643 2188 1742 2239 καὶ
1798 2205 1997 2245 καται-

422 2271 843 2336 σχυνθείησαν
899 2274 953 2326 οἱ
1002 2272 1286 2340 θέλοντές
1320 2291 1425 2343 μοι
1475 2278 1650 2331 κακά.
1692 2279 1996 2353 Ἀποστρα-

424 2361 659 2430 φείησαν
687 2362 985 2429 ἄπρακτοι,
1021 2363 1097 2434 μὴ
1127 2366 1545 2435 περιγενόμενοι
1579 2368 1678 2439 τῆς
1708 2370 1849 2442 ἐμῆς
1880 2374 1992 2445 (47)

421 2452 761 2515 ἑνστάσεως·
795 2454 888 2508 καὶ
932 2455 1025 2508 διὰ
1065 2455 1227 2509 τοῦτο
1279 2459 1830 2529 καταισχυνθείηααν.
1862 2465 1991 2518 Ποι-

416 2540 589 2593 κίλλει
623 2543 678 2595 δὲ
712 2542 812 2614 τὴν
842 2544 1007 2613 ἀρὰν,
1044 2546 1125 2608 εἰς
1164 2546 1408 2616 ἔμφασιν
1469 2546 1572 2617 τῆς
1620 2550 1684 2605 ἐν
1715 2555 1783 2623 τῇ
1838 2555 1987 2627 ψυχῇ

415 2630 632 2701 ὀδύνης.
1293 2630 1297 2634 ’

488 2723 970 2792 Κομισάσθωσαν
994 2726 1358 2797 παραχρῆμα
1379 2732 1685 2801 αἰσχύνην
1712 2735 1914 2790 αὐτῶν
1936 2743 1990 2793 οὶ

414 2811 697 2881 λέγοντές
727 2831 850 2882 μοι,
878 2811 1056 2887 Εὖγε,
1088 2812 1248 2887 εὖγε.
1298 2820 1432 2890 Περὶ
1464 2820 1558 2874 τοῦ
1599 2819 1777 2893 Εὖγε,
1828 2824 1989 2898 εὖγε,

422 2904 837 2976 προειρήκαμεν
866 2908 948 2960 ὅτι
976 2909 1410 2965 ἐπιτωθαστικόν
1439 2912 1589 2966 ἐστιν
1609 2916 1922 2989 ἐπίρρημα.

490 2997 1020 3067 Ἀγαλλιάσθωσαν
1042 3002 1140 3056 καὶ
1163 3004 1686 3072 εὐφρανθήτωσαν
1745 3010 1843 3065 ἐπὶ
1898 3016 1997 3070 σοι
2027 3034 2071 3091 α

420 3088 644 3155 πάντες
674 3093 729 3144 ol
762 3090 1080 3160 ζὴτοῦντές
1105 3108 1201 3158 σε,
1232 3097 1433 3165 Κύριε.
1469 3095 1543 3149 Τὸ
1558 3097 2002 3167 Ἀγαλλιὰσθω-

417 3195 542 3233 σαν
571 3180 666 3235 καὶ
695 3184 1231 3253 εὐφρανοήτωσαν,
1264 3187 1314 3239 εί
1344 3188 1443 3257 μὲν
1476 3187 1683 3258 βούλει,
1720 3198 1998 3267 ταυτοσή-

425 3290 626 3342 μαντον
654 3274 875 3344 νόμισον
909 3275 1020 3348 (48)
1042 3292 1054 3306 ⁸
1090 3278 1140 3332 εί
1167 3277 1215 3332 δ’
1244 3274 1360 3345 οὖν,
1393 3281 1542 3350 ἔχεις
1575 3283 1671 3337 καί⁵
1727 3285 1827 3356 τὴν
1877 3290 2000 3343 τού-

419 3382 530 3419 των
596 3365 860 3437 διαφορὰν
911 3368 972 3421 ὲν
1033 3368 1113 3439 τῷ
1160 3369 1329 3440 τρίτῳ
1387 3370 1555 3442 στίχῳ
1614 3374 1710 3428 τοῦ
1768 3377 1813 3431 0'
1862 3380 2000 3449 ψαλο

426 3456 553 3529 μοῦ.
629 3458 764 3512 Ἐπὶ
829 3458 932 3513 σοι
1007 3460 1084 3526 δὲ,
1152 3460 1275 3514 ἀντὶ
1329 3464 1443 3527 τοῦ,
1519 3465 1641 3518 Ἐπὶ
1690 3469 1757 3539 τῇ
1807 3473 1887 3535 είς
1939 3472 1998 3525 σὲ

426 3568 629 3606 πιστεε.

493 3643 601 3697 Καὶ
641 3642 984 3699 εἰπάτωσαν
1029 3645 1124 3700 διὰ
1184 3650 1431 3715 παντὸς,
1496 3656 1937 3723 Μεγαλυνθήτω
1965 3659 1997 3708 ὁ

425 3734 659 3800 Κύρίος,
714 3736 766 3788 οἱ
830 3735 1177 3807 ἀγαπῶντες
1240 3740 1307 3793 τὸ
1356 3743 1654 3811 σωτήριόν
1732 3762 1873 3801 σου.
1935 3750 2001 3799 Oi

425 3826 752 3895 ἀγαπῶντες
780 3828 879 3899 τὴν
909 3829 1208 3899 σωτηρίαν,
1237 3831 1337 3901 τὴν
1366 3833 1475 3885 ἀπὸ
1501 3834 1595 3886 σοῦ
1627 3851 1640 3866 ο
1668 3835 1701 3904 ἢ
1732 3838 2000 3905 σωτήριον

426 3915 593 3969 αὐτοῦ
625 3916 771 3985 λέγει
795 3917 894 3987 τὴν
912 3918 1327 3991 ἑνανθρώπησιν
1360 3922 1558 3976 αὐτοῦ’
1592 3927 1860 3996 σωτήριος
1889 3926 1998 3997 γὰρ

429 4006 570 4078 αὔτη
597 4009 709 4071 ταῖς
736 4006 1077 4062 ἀπολωλόσιν
1106 4010 1344 4078 ἐγένετο.
1370 4013 1699 4067 Είπάτωσαν
1730 4016 1788 4068 δὲ
1824 4014 2000 4081 οὕτως

425 4095 517 4152 οἷα
548 4098 647 4168 τῆς
675 4099 829 4171 παρὰ
870 4100 964 4153 σοῦ
998 4101 1323 4171 ἐπικουρίας
1350 4103 1714 4174 τυγχάνοντες
1743 4121 1758 4136 ο
1803 4109 2000 4176 Μετα-

427 4193 709 4257 λυνθήτω
738 4191 817 4257 δὲ,
850 4193 972 4246 ἀντὶ
994 4191 1112 4257 τοῦ,
1145 4192 1339 4261 Μέγας
1369 4195 1703 4265 νομισθήτω.

493 4278 644 4347 Ἐγὼ
672 4281 740 4334 δὲ
758 4281 992 4350 πτωχός
1018 4283 1133 4350 ειμι
1159 4283 1255 4336 καὶ
1289 4283 1499 4351 πένης.
1528 4284 1699 4339 Τοῦτο
1722 4286 1997 4359 προσώπῳ

2091 463 2156 502 uc
2186 448 2742 506 communicationem
2771 452 2918 505 ﬁdei.

2164 538 2232 592 Et
2266 556 2359 594 cor
2390 557 2561 595 meum
2591 544 2870 615 dereliquit
2916 560 3014 598 me.
3046 542 3246 598 Vidror
3294 546 3452 613 quasi
3496 546 3659 603 corde

2091 626 2370 695 dcs‘ertus,
2407 648 2533 686 cum
2570 649 2687 689 mea
2722 636 2904 690 omnis
2941 637 2994 691 in
3034 645 3090 690 te
3143 635 3338 690 ﬁducia
3390 637 3659 693 inﬁrmata

2092 724 2180 777 sit.
2243 722 2426 793 ipsum
2477 726 2624 780 enim
2683 742 2797 793 cor,
2858 729 3101 783 animum
3150 728 3394 784 excitare
3426 730 3569 786 solet
3607 740 3661 785 et

2093 829 2352 885 praestare
2370 818 2680 873 audaciam.

2168 908 2332 964 Vens.
2362 910 2445 967 l4.
2473 909 2693 964 Placeat
2724 910 2837 976 tibi,
2867 911 3105 973 Domine,
3131 923 3190 966 ut
3210 914 3406 983 eripias
3433 930 3537 969 me.
3565 914 3662 970 Ve-

2093 1000 2182 1064 lis,
2242 1003 2438 1071 inquit,
2474 1003 2719 1070 Domine,
2760 1020 2845 1059 me
2876 1004 2945 1058 ab
2972 1004 3056 1059 his
3077 1006 3332 1061 omnibus
3360 1007 3570 1077 eripere
3601 1021 3665 1063 ac

2094 1091 2324 1146 liberari
2358 1094 2640 1163 periculis.

2164 1184 2414 1249 Domine,
2437 1185 2507 1237 ad
2543 1184 2905 1254 adjuvandum
2931 1203 3012 1241 tne
3034 1188 3248 1255 respice.
3269 1185 3491 1243 Intende
3507 1187 3667 1255 mihi,

2092 1285 2147 1328 et
2180 1291 2266 1329 me
2282 1276 2581 1345 diligenter
2607 1287 2852 1348 aspecta.

2168 1368 2331 1423 Vens.
2372 1369 2459 1422 15.
2518 1367 2847 1423 Erubescant
2876 1378 2927 1423 et
2964 1371 3364 1439 confundantur
3391 1372 3553 1425 simul
3581 1374 3669 1442 qui

2091 1470 2336 1531 qnwrunt
2360 1462 2596 1515 animum
2634 1477 2831 1526 meam,
2860 1471 2917 1514 ut
2941 1462 3191 1531 auferant
3233 1479 3370 1517 eam.
3428 1461 3669 1532 Utraque

2093 1554 2241 1607 enim
2276 1552 2358 1607 eis
2386 1553 2658 1619 accident,
2693 1560 2751 1606 ut
2781 1560 2838 1607 et
2887 1554 3096 1623 pudore
3137 1552 3467 1617 alﬁciantur,
3504 1554 3668 1608 veluti

2093 1642 2222 1698 victi
2252 1653 2440 1698 nostra
2464 1641 2750 1712 patientia,
2819 1648 2874 1697 ct
2922 1640 3350 1707 confundantur,
3409 1642 3669 1696 invictam

2090 1750 2216 1791 esse
2277 1744 2567 1789 cernentes
2590 1733 2890 1803 potentiam
2925 1742 3094 1798 tuam,
3127 1747 3231 1803 qua
3280 1748 3379 1787 nos
3404 1735 3667 1804 protegis.

2092 1825 2375 1899 [Sequitur
2398 1824 2439 1896 ε]
2460 1824 2567 1889 Qui
2594 1838 2835 1893 quaerunt
2860 1826 3095 1879 animam
3113 1826 3423 1893 meam,_hoc
3446 1835 3552 1889 est,
3576 1841 3668 1894 qut

2092 1914 2197 1968 hoc
2230 1928 2399 1967 unum
2440 1912 2578 1965 rotis
2609 1913 2890 1975 on'inibus,
2916 1923 2969 1968 et
3000 1922 3117 1968 toto
3144 1922 3335 1981 petunt
3385 1914 3589 1979 studio,
3613 1923 3669 1968 ut

2096 2017 2183 2057 me
2213 2001 2380 2056 variis
2406 2000 2727 2055 exanimem
2756 2001 3061 2070 suppliciis.
3089 2000 3209 2069 Vel,
3232 2004 3415 2067 simul,
3448 2003 3551 2058 hoc
3567 2012 3671 2069 est,

2096 2107 2205 2147 una
2229 2106 2445 2146 OMQS.

2172 2180 2565 2239 Convertuntur
2610 2189 2923 2242 retrorsum,
2945 2189 2993 2234 et
3028 2180 3339 2234 erubescant
3368 2182 3456 2251 qui
3501 2182 3673 2237 volunt

2100 2273 2232 2328 mihi
2275 2274 2443 2327 inata.
2480 2272 2889 2329 Convertantar
2918 2281 3066 2326 retro
3096 2271 3315 2337 inanes,
3346 2286 3403 2328 re
3451 2272 3674 2341 infecta,

2096 2379 2185 2421 ne
2237 2379 2345 2420 non
2388 2372 2670 2434 superato,
2722 2372 2887 2432 atque
2944 2362 3071 2419 ideo
3103 2363 3455 2418 erubescant.
3500 2365 3673 2420 Variis

2092 2464 2277 2511 atatem
2306 2456 2487 2511 modis
2514 2469 2617 2511 eos
2650 2464 2991 2520 exsecratur,
3048 2463 3104 2508 ut
3134 2462 3458 2524 conceptum
3492 2456 3673 2513 animo

2094 2547 2340 2604 dolorem
2378 2547 2627 2617 apertius
2667 2546 2919 2616 explicet.

2171 2725 2334 2780 Vens.
2383 2724 2472 2778 16.
2532 2722 2733 2779 Ferant
2766 2726 2949 2779 statim
2995 2726 3359 2795 confusionem
3396 2743 3552 2782 suam
3590 2743 3674 2799 qu:

2097 2818 2281 2871 dicunt
2314 2817 2463 2879 mihi,
2484 2816 2649 2886 Euge,
2682 2832 2830 2885 euge.
2851 2815 3103 2883 DeEuge,
3128 2834 3255 2887 euge
3280 2819 3393 2889 jam
3431 2820 3568 2876 alibi
3594 2819 3673 2879 di-

2097 2909 2302 2972 ximus,
2337 2909 2483 2976 quod
2518 2907 2838 2961 adverbium
2870 2914 2956 2963 est
2977 2907 3269 2964 irritantis.

2160 2982 2341 3055 Vsus.
2372 2997 2460 3052 17.
2490 2996 2771 3052 Exsultent
2807 3006 2857 3052 et
2883 2998 3128 3053 testentur
3162 3000 3221 3053 in
3245 3008 3295 3054 te
3333 3015 3507 3055 omnes
3539 3016 3674 3070 qua:-

2105 3100 2274 3146 rentes
2308 3100 2378 3155 te,
2396 3090 2642 3146 Domine.
2664 3090 2972 3156 Exsultare,
2988 3101 3042 3146 et
3060 3091 3231 3146 laetari
3251 3092 3339 3146 hic
3362 3092 3502 3148 idem
3524 3105 3674 3163 teque

2104 3182 2431 3255 signiﬁcant.
2474 3181 2632 3248 Quod
2668 3181 2715 3237 si
2745 3181 2831 3236 cui
2863 3184 3062 3252 placet,
3092 3193 3153 3237 ut
3202 3198 3368 3238 sensu
3398 3181 3673 3249 differant,

2101 3273 2287 3327 videat
2316 3271 2546 3341 quidde
2586 3286 2777 3328 eorum
2837 3270 3147 3328 diﬁ‘erentia
3204 3273 3412 3329 dictum
3475 3275 3550 3330 sit
3616 3274 3674 3329 in

2102 3365 2263 3419 tertio
2288 3363 2560 3419 versiculo
2600 3364 2728 3418 noni
2759 3364 2951 3435 psalmi
2991 3379 3005 3415 :
3056 3363 3141 3423 In.
3160 3373 3210 3419 te
3256 3375 3458 3435 autem,
3485 3367 3540 3424 id
3569 3375 3676 3435 est,

2100 3456 2159 3511 In
2196 3456 2324 3523 ﬁde,
2356 3470 2478 3526 qua:
2507 3464 2594 3511 est
2625 3455 2681 3511 in
2716 3463 2787 3511 te.

2175 3658 2242 3712 Et
2267 3657 2448 3710 dicant
2478 3670 2702 3722 semper,
2751 3652 3128 3721 Magni/icetur
3156 3651 3408 3705 Dominus
3435 3651 3525 3720 qui
3545 3650 3675 3703 dili-

2101 3756 2229 3815 gunt
2267 3744 2505 3797 salutare
2546 3749 2716 3795 tuum.
2772 3738 2878 3804 Qui
2940 3739 3174 3808 diligunt
3222 3738 3476 3798 salutem,
3555 3752 3677 3805 quas

2102 3849 2133 3889 a
2171 3843 2223 3888 te
2265 3841 2369 3888 est.
2404 3832 2524 3895 Vel,
2585 3829 2823 3884 salutare
2847 3838 3017 3890 tuum,
3079 3829 3132 3883 id
3182 3835 3287 3892 est,
3343 3827 3676 3883 incarnatio-

2104 3939 2228 3980 nem
2261 3918 2726 3979 tuam.Salutaris
2771 3920 2919 3973 enim
2964 3918 3069 3972 l'uit
3109 3932 3174 3973 ea
3227 3918 3535 3973 incarnatio
3611 3919 3677 3975 iis

2101 4020 2198 4090 qui
2230 4017 2533 4090 perierant.
2564 4014 2767 4071 Omnes
2820 4012 2988 4083 igitur
3037 4015 3129 4083 qui
3197 4013 3460 4068 auxilium
3520 4021 3672 4067 tuum

2100 4108 2387 4167 consecuti
2421 4116 2571 4172 sunt,
2594 4105 2822 4163 dicant:
2865 4100 3243 4174 Magniﬁcetur
3292 4102 3573 4168 Dominus,
3622 4104 3676 4158 id

2101 4212 2207 4267 est,
2244 4201 2478 4270 Magnus
2508 4204 2818 4268 reputetur.

2176 4294 2340 4348 Vens.
2376 4291 2463 4346 l8.
2497 4288 2610 4360 Ego
2648 4298 2827 4343 autem
2863 4289 3038 4356 inops,
3080 4295 3129 4340 et
3160 4301 3359 4356 pauper
3379 4302 3517 4340 sunt.
3564 4284 3679 4342 Hoc

419 4371 517 4423 τοῦ
552 4370 676 4425 καθ’
706 4373 939 4425 ἕκαστον
966 4371 1159 4425 πιστοῦ
1188 4389 1201 4402 ·
1253 4376 1496 4443 Πτωχὸς
1525 4375 1656 4446 γὰρ,
1683 4377 1759 4441 ὡς
1813 4378 1992 4432 πάντα

2101 4398 2169 4440 ετ
2202 4380 2640 4452 uniuscujusque
2674 4379 2852 4435 ﬁdelis
2886 4393 3120 4450 persona
3152 4378 3259 4434 dici
3313 4385 3514 4447 potest.
3585 4377 3672 4432 Inv

424 4462 730 4532 προέμενος
760 4481 774 4495 -
817 4465 911 4516 καὶ
968 4464 1187 4533 Πένης,
1226 4464 1301 4529 ὡς
1334 4468 1637 4537 αὐτουργὸς
1664 4469 1774 4523 τῶν
1819 4471 1992 4537 ἀναγ-

2105 4489 2239 4545 opes
2266 4473 2414 4528 enim
2445 4480 2575 4529 sunt
2612 4469 2911 4528 Christiani
2936 4485 3158 4534 omnes,
3208 4469 3380 4525 veluti
3423 4469 3516 4539 qui
3547 4470 3676 4523 uni-

425 4554 632 4609 καίων*
666 4556 724 4611 τὸ
757 4557 880 4625 μὲν,
920 4558 1028 4612 ἀπὸ
1058 4558 1150 4611 τοῦ
1198 4560 1451 4613 ἐκπεσεῖν
1508 4556 1583 4616 ὧν
1630 4555 1744 4633 εἶχε
1765 4580 1779 4595 ·
1806 4564 1867 4615 τὸ
1912 4563 1993 4629 δὲ,

2110 4579 2266 4621 versa
2300 4564 2536 4618 fortuna:
2564 4562 2708 4619 bona
2740 4563 3092 4627 dimiserunt,
3119 4570 3176 4617 et
3199 4559 3672 4632 pauperes,veluti

428 4646 538 4698 ἀπὸ
569 4645 661 4698 τοῦ
700 4648 984 4713 πένεσθαι,
1027 4649 1144 4719 ἦτοι
1174 4651 1414 4720 ἐνεργεῖν
1444 4654 1540 4706 καὶ
1570 4655 1772 4708 πονεῖν.

427 4737 521 4807 κὸς
552 4740 695 4793 enim
726 4738 841 4810 [qui
871 4741 1064 4797 Latine
1093 4743 1275 4812 inops,
1307 4759 1372 4798 ex
1434 4747 1760 4818 etymologia
1820 4748 1993 4803 Graeci
2033 4745 2275 4801 nominis
2303 4760 2334 4798 a
2371 4744 2618 4801 cadendo
2646 4743 2826 4800 dictus
2890 4742 2993 4814 est]
3071 4745 3239 4799 veluti
3290 4745 3360 4797 ab
3415 4746 3673 4809 omnibus
3737 4788 3761 4811 ,_

427 4834 671 4901 antiquis
718 4834 915 4902 Opibus
946 4834 1232 4898 deciderit,
1266 4843 1318 4889 et
1339 4851 1487 4891 nunc
1512 4838 1584 4892 sit
1606 4839 1725 4895 sine
1745 4855 1869 4909 ope.
1890 4838 2064 4906 Πένης
2090 4850 2217 4892 vero
2246 4834 2361 4907 [qui
2422 4834 2620 4889 Latine
2674 4833 2898 4905 pauper]
2958 4850 2988 4888 a
3028 4836 3213 4891 labore
3241 4853 3257 4900 ;
3321 4837 3446 4906 quia
3512 4837 3673 4891 nimi-

425 4941 547 4980 tum
578 4928 796 4995 praprio
855 4928 1039 4982 labore
1078 4940 1381 4998 opportuna
1430 4931 1613 4986 omnia
1674 4933 1777 4987 sibi
1826 4938 2129 4998 comparat.

2110 4652 2205 4721 qui
2228 4650 2467 4721 propriis
2490 4652 2746 4707 manibus
2772 4651 3087 4706 necessaria
3113 4651 3215 4705 sibi
3247 4658 3462 4720 parant.
3522 4650 3673 4702 ιιτω-
3760 4662 3767 4665 '

500 5020 713 5087 Κύριος
752 5018 1021 5088 φροντιεῖ
1047 5036 1187 5088 μου.
1243 5021 1364 5074 Ἐπὶ
1393 5021 1581 5075 τοῦτον
1632 5024 1739 5094 γὰρ
1778 5026 1872 5078 καὶ
1902 5026 1999 5095 μό-

427 5125 520 5162 νον
545 5108 872 5177 κατέφυγον,
904 5109 998 5162 καὶ
1021 5108 1082 5161 οὐ
1111 5108 1432 5177 περιόψεταί
1465 5127 1557 5179 με,
1585 5111 1678 5165 τὸν
1705 5112 1995 5177 ἐλπίζοντα

427 5197 515 5251 ἐπ’
542 5199 724 5254 αὐτόν.

500 5292 726 5357 Βοηθός
751 5308 871 5359 μου
908 5292 1006 5344 καὶ
1042 5291 1499 5360 ὐπερασπιστής
1558 5309 1673 5358 μου
1738 5289 1795 5347 εἷ
1838 5293 1940 5359 σὺ,
1963 5297 1997 5348 ὁ

428 5382 575 5446 ϐιός
590 5398 711 5450 μου
732 5399 744 5411 ·
770 5383 857 5451 μὴ
889 5384 1202 5452 χρονίσῃς.
1241 5384 1299 5435 '0
1319 5384 1451 5447 θεός
1472 5400 1597 5455 μου,
1622 5382 1696 5454 μὴ
1729 5385 1997 5457 βραδύνῃς

2172 5016 2435 5071 Dominus
2461 5016 2727 5070 sollicitus
2760 5018 2858 5070 erit
2880 5018 3000 5072 mei.
3038 5017 3120 5073 Ad
3157 5018 3301 5074 hunc
3322 5019 3468 5075 enim
3496 5020 3671 5075 solum

2102 5108 2352 5177 confugi.
2412 5117 2466 5161 ct
2507 5108 2630 5163 ideo
2670 5124 2754 5163 me
2808 5110 2860 5163 in
2900 5125 2961 5168 se
2988 5120 3306 5180 sperantem
3334 5126 3444 5167 non
3489 5110 3675 5178 despi-

2098 5201 2223 5257 ciet.

2173 5291 2406 5361 Adjutor
2453 5307 2622 5353 meus.
2684 5301 2733 5345 et
2786 5303 3050 5360 protector
3104 5308 3247 5347 meus
3293 5307 3346 5344 es
3389 5297 3467 5352 tu,
3534 5286 3677 5340 Deus

2105 5400 2276 5453 meus,
2308 5400 2371 5441 ns
2409 5386 2723 5441 tardaveris.
2765 5386 2910 5442 Deus
2942 5400 3119 5450 meus,
3146 5397 3220 5437 ne
3253 5379 3442 5436 tardus
3482 5392 3559 5435 εις
3608 5376 3674 5431 ad

1765 5564 1962 5627 Variis
1995 5564 2327 5629 lectiones.

508 5663 559 5732 (ὦ
568 5664 618 5732 7)
646 5664 732 5720 Al.
765 5666 1137 5728 ἀναστάσεως.

759 5766 1036 5827 Panos.
1077 5774 1196 5826 ωι.
1242 5761 1575 5824 CXXVIII.

2181 5665 2295 5737 (48)
2329 5665 2415 5721 Al.
2466 5664 2907 5734 ταυτοσήμαντα.
3282 5751 3353 5815 15
