4072 6202
523 223 629 295 453

1724 226 1871 284 EU'I
1886 224 2114 283 HYMII
2161 222 2527 282 ZIGABENI

3660 225 3767 291 460

518 346 887 417 adiuvandum
923 361 1027 399 me.
1069 343 1198 396 Mihi
1268 351 1450 396 autem
1516 342 1702 396 nescio
1762 340 1894 409 quid
1964 354 2089 408 pro-

2194 340 2274 400 εῐς
2306 338 2366 389 τὸ
2397 337 2664 406 βοηθῆσαι
2698 341 2848 407 ἡμῖν.
2894 338 3033 406 Ἐγὼ
3062 340 3118 392 δὲ
3148 339 3450 411 βαθύτερόν
3501 358 3553 393 τι
3590 359 3765 395 κατα-

520 438 742 492 fnndius
773 436 1027 489 videntur
1058 433 1161 487 sibi
1182 432 1320 487 velle
1349 434 1463 487 haec
1486 433 1669 491 verba,
1696 431 1741 485 si
1776 446 2089 486 accommo-

519 532 712 583 demus
740 528 901 581 beato
941 524 1105 578 David
1144 524 1298 578 illum
1330 525 1661 578 versiculum
1693 542 1704 575 :
1770 523 1882 593 Ego
1916 535 2090 577 autem

519 624 669 687 inops
701 635 841 679 sum,
882 626 931 668 et
973 633 1195 688 pauper.
1224 616 1554 671 Praeviderat
1614 614 1889 685 PrOpheta
1936 631 2091 670 sum-

517 726 634 763 mas
668 709 789 762 illas
847 709 1067 762 divitias
1100 724 1221 777 quae
1264 722 1294 760 a
1339 707 1429 761 Dei
1462 705 1633 775 gratia
1660 706 1714 759 in
1744 705 2090 761 Christianos

518 812 671 854 crant
706 799 1043 854 effundenda:
1080 817 1092 853 :
1127 815 1361 869 cmnque
1409 814 1503 854 eas
1537 814 1646 853 non
1707 798 1971 853 mediocri
1998 799 2093 854 de-

519 890 725 947 siderio
760 892 1138 960 concupisset,
1179 892 1397 945 demum
1423 888 1590 945 veluti
1623 889 1669 944 is
1696 889 1789 960 qui
1831 904 1892 945 se
1927 904 2091 944 nove-

516 994 598 1038 rat
629 984 696 1037 ab
730 998 794 1036 co
827 994 1071 1052 tempore
1100 983 1293 1051 procul
1335 998 1480 1047 esse,
1507 983 1867 1037 contristatus
1894 989 1998 1045 est,
2036 989 2092 1035 et

518 1075 778 1127 miserum
812 1090 871 1128 se
900 1073 1021 1128 ideo
1055 1074 1338 1143 appellans
1364 1075 1440 1127 ait
1474 1091 1486 1126 :
1521 1072 1633 1142 Ego
1677 1073 1848 1141 inops,
1878 1082 1925 1126 et
1956 1087 2094 1140 pau-

512 1184 605 1236 per
672 1185 823 1233 sum,
884 1168 976 1237 qui
1060 1166 1378 1236 hujusmodi
1443 1166 1757 1220 divitiarum
1820 1164 2093 1235 particeps

513 1275 634 1313 esse
659 1275 869 1327 nequeo
892 1275 906 1324 ;
936 1267 1310 1313 verumtamen
1341 1256 1485 1312 Deus
1507 1258 1611 1312 erit
1638 1256 1743 1311 mei
1796 1256 2088 1320 sollicitus,

514 1361 573 1402 ut
599 1349 809 1402 scilicet
844 1347 975 1402 mihi
1008 1349 1212 1416 pariter
1253 1347 1482 1416 gloriam
1516 1347 1662 1399 illam
1692 1347 2086 1408 communicet,

512 1458 676 1510 quam
718 1441 902 1495 tideles
927 1441 980 1495 in
1008 1440 1272 1496 caelorum
1328 1455 1493 1510 regno
1556 1439 1868 1509 percepturi
1906 1451 2035 1494 sunt
2071 1456 2086 1504 ;

512 1537 783 1605 siquidem
819 1544 873 1590 et
912 1536 979 1589 ab
1012 1537 1132 1605 ipso
1166 1534 1400 1589 Domino
1425 1534 1634 1589 dictum
1666 1534 1920 1603 legimus,
1942 1534 2088 1603 quod

2193 430 2423 499 νενόηκα
2443 447 2455 459 ·
2490 430 2550 481 τὸ
2582 430 2709 500 γὰρ,
2755 431 2899 499 Ἐγὼ
2930 432 2996 483 δὲ
3026 434 3263 500 πτωχός
3290 434 3405 501 ειμι
3434 434 3532 486 καὶ
3554 435 3771 502 πένης,

2189 524 2266 586 ὡς
2326 523 2585 593 μακαρίῳ
2654 526 3060 594 προσαρμόζων
3145 524 3328 587 Δαϐὶδ,
3386 525 3627 594 εὑρίσκω
3690 530 3773 580 ὃτι

2193 615 2427 686 προϊδὼν
2480 615 2917 688 ὲκχυθησὸμενον
2969 617 3200 671 πλοῦτον
3251 620 3351 688 τῆς
3412 618 3635 689 χάριτος
3690 620 3772 681 εἰς

2190 709 2316 771 τοὺς
2348 708 2734 778 Χριστιανοὺς,
2762 709 3112 779 ἐπεθύμησεν
3136 709 3329 774 αὑτοῦ,
3392 710 3489 763 καὶ
3513 705 3599 762 οἷα
3665 728 3772 778 μα-

2193 801 2334 870 κρὰν
2364 799 2439 853 ὢν
2457 800 2566 855 τῶν
2599 801 2821 872 ἡμερῶν
2842 803 3063 865 τούτων,
3093 801 3367 871 ἠθύμησε,
3386 804 3481 854 καὶ
3506 802 3772 855 ὑποταλα-

2194 891 2358 954 νὶζων
2397 892 2590 944 ἑαυτὸν
2620 887 2799 955 εἶπεν,
2859 894 2940 945 ὅτι
2965 892 3114 961 Ἐγὼ
3141 892 3210 945 δὲ
3243 895 3477 961 πτωχός
3501 896 3615 960 ειμι
3670 892 3770 945 καὶ

2193 981 2406 1049 πένης,
2440 982 2518 1052 μὴ
2538 985 2719 1055 τυχὼν
2752 984 2843 1037 τοῦ
2872 986 3114 1037 τοιούτου
3144 984 3400 1038 πλούτου.
3480 985 3667 1052 Ὅμως
3730 988 3765 1035 ό

2196 1072 2341 1139 Θεὸς
2373 1075 2829 1145 φροντιεῒμου,
2880 1076 3018 1129 ὥστε
3082 1077 3409 1145 κοινωνῆσαι
3476 1076 3617 1144 κάμὲ
3672 1074 3773 1142 τῆς

2194 1167 2275 1228 εἰς
2309 1165 2537 1237 ὕστερον
2564 1168 2724 1238 δόξης
2750 1169 2859 1221 τῶν
2890 1169 3121 1231 πιστῶν,
3164 1168 3223 1219 ὲν
3255 1170 3321 1237 τῇ
3381 1166 3490 1219 τῶν
3524 1163 3771 1231 οὐρανῶν

2202 1258 2455 1330 βασιλείᾳ
2475 1276 2489 1290 ·
2520 1261 2653 1331 φησὶ
2681 1262 2790 1332 γὰρ
2820 1260 2916 1315 καλ¹
2947 1263 2974 1314 ό
3007 1259 3256 1330 Χριστὸς.
3298 1261 3379 1312 ὅτι
3440 1257 3547 1310 Καὶ
3598 1254 3775 1309 Δαόὶδ

2198 1352 2583 1421 ἐπεθύμησεν
2607 1354 2758 1408 ἰδεῖν
2779 1354 2893 1421 τὴν
2923 1354 3152 1422 ἡμέραν
3189 1352 3303 1419 τὴν
3328 1351 3481 1420 ἐμήν
3506 1368 3520 1382 ο
3546 1349 3625 1402 διὸ
3682 1349 3775 1400 καὶ

2204 1447 2278 1515 μὴ
2306 1447 2570 1518 βραδῦναι
2613 1446 2749 1517 πρὸς
2776 1446 2838 1500 τὸ
2871 1446 3294 1516 ὲνανϐρωπῆσαι
3327 1442 3636 1513 παρακαλεῖ
3683 1441 3775 1493 τὸν

2201 1535 2331 1590 Υἱδν
2361 1536 2452 1590 τοῦ
2481 1537 2713 1607 Πατρός.

514 1630 683 1684 David
714 1630 1033 1699 concupivit
1061 1630 1246 1685 videre
1266 1630 1411 1685 diem
1447 1631 1568 1699 ejus
1614 1645 1721 1700 qua
1748 1631 1964 1684 ratione
2000 1639 2159 1700 rogat
2191 1646 2343 1687 nunc
2372 1632 2541 1687 Deum
2574 1632 2847 1705 Propheta
2877 1641 3088 1697 noster,
3148 1632 3377 1687 dicens:
3450 1628 3531 1683 Ne
3591 1630 3770 1691 tarda,

512 1723 672 1787 ueris,
746 1735 890 1776 tuam
929 1722 1189 1776 nimirum
1217 1724 1679 1777 incarnationem.
1743 1720 1884 1776 Sunt
1940 1721 2085 1775 enim
2128 1723 2491 1792 supplicantis
2525 1727 2688 1779 verba
2716 1725 2784 1777 ad
2821 1724 2987 1779 Deum
3023 1723 3241 1777 Filium.

888 1814 954 1867 In
984 1815 1140 1883 ﬁnem
1169 1814 1414 1869 Psalmus
1442 1814 1543 1883 ipsi
1569 1814 1755 1867 David.

1029 1904 1351 1959 PSALMUS
1413 1903 1526 1957 XL.

584 1998 650 2051 In
692 1998 849 2065 ﬁnem
898 1996 1244 2061 inscribitur,
1280 1995 1406 2063 quia
1440 1995 1784 2065 protthetiam
1817 1994 2087 2057 continet,

502 2110 637 2159 qua:
663 2090 923 2144 tendebat
956 2088 1022 2143 ad
1058 2088 1245 2142 linem.
1281 2086 1538 2141 Praedicit
1587 2087 1734 2141 enim
1792 2084 2091 2156 proditoris

508 2181 665 2236 Juth
695 2182 1072 2235 rebellionem.
1112 2180 1174 2234 Et
1231 2180 1443 2235 clarum
1511 2180 1735 2249 quidem
1793 2187 1878 2233 est
1929 2178 2091 2247 hujus

514 2274 708 2340 psalmi
742 2282 1146 2342 argumentum.
1186 2270 1261 2325 De
1291 2287 1480 2327 amore
1510 2272 1654 2326 enim
1715 2280 1769 2325 et
1823 2271 2092 2324 charitate

510 2367 569 2418 in
621 2380 890 2434 pauperes
938 2373 1256 2433 pertractat.
1340 2363 1545 2417 Tamen
1617 2365 1783 2417 altius
1833 2363 2090 2417 conside-

515 2457 710 2520 rando,
740 2458 805 2508 ad
833 2454 1134 2509 Salvator-is
1157 2455 1334 2509 nostri
1369 2455 1577 2509 Christi
1611 2454 1931 2523 mysterium
1961 2468 2091 2522 per-

513 2548 673 2611 tinet,
702 2548 792 2614 qui
824 2561 1051 2616 egcnus,
1090 2558 1142 2599 et
1175 2559 1382 2613 pauper
1418 2544 1533 2599 lteri
1586 2544 1761 2598 voluit
1796 2545 1865 2599 ob
1892 2543 2086 2597 huma-

516 2650 641 2690 nam
672 2637 905 2691 salutem
939 2652 953 2701 ;
984 2637 1074 2703 qui
1104 2636 1268 2689 etiam
1299 2634 1350 2687 in
1388 2633 1686 2704 Evangelio
1747 2634 1890 2703 apud
1919 2633 2089 2688 Joan-

516 2743 638 2782 nem
694 2729 983 2798 praesentis
1053 2726 1245 2797 psalmi
1320 2725 1485 2780 vcrba
1524 2727 1593 2781 de
1649 2741 1708 2781 se
1756 2725 1904 2781 dicta
1968 2740 2091 2780 esse

508 2831 768 2887 testatur,
802 2830 855 2875 et
891 2820 957 2875 de
985 2818 1147 2884 θυαε,
1177 2819 1305 2873 dum
1344 2819 1418 2873 ait
1470 2818 1535 2872 ad
1600 2819 1879 2889 apostolos
1914 2835 1929 2872 :
1966 2817 2089 2872 Non

512 2917 576 2969 de
612 2915 858 2970 omnibus
894 2913 1034 2977 dico,
1062 2914 1172 2967 scio
1204 2928 1335 2983 quos
1362 2911 1515 2981 elegi,
1575 2909 1665 2965 sed
1715 2921 1769 2963 ut
1809 2908 2090 2980 Scriptura

506 3010 822 3077 impleatur,
866 3008 1086 3060 dicens:
1126 3006 1228 3071 Qui
1291 3008 1582 3057 manducat
1647 3019 1836 3071 panem
1892 3018 2089 3069 meum,

512 3103 729 3155 elevavit
750 3111 935 3154 contra
978 3116 1058 3153 me
1081 3100 1386 3152 calraneum
1412 3116 1565 3151 suum
1599 3099 1671 3153 ".
1710 3097 1915 3151 Nullibi
1942 3096 2086 3152 enim

2119 1817 2168 1874 B

2614 1819 2717 1882 Εἰς
2740 1817 2806 1869 τὸ
2841 1816 3019 1882 τέλος
3077 1815 3157 1878 τῷ
3188 1812 3387 1866 Δυϐίδ.

2774 1905 3070 1958 ΨΑΛΜΟΣ
3097 1901 3187 1955 Μ’.

2264 1999 2367 2062 Εἰς
2420 1998 2481 2049 τὸ
2525 1996 2698 2061 τέλος
2722 1997 3155 2067 ἐπιγέγραπται,
3197 1995 3272 2058 ὡς
3325 1993 3603 2064 περιέχων
3642 2011 3775 2062 προ-

2193 2090 2423 2159 φητείαν
2464 2090 2543 2152 εἰς
2572 2089 2726 2152 τέλος
2760 2090 3178 2158 ἐπιτεινομένην
3212 2107 3226 2121 ·
3269 2088 3634 2158 προαγορεύει
3669 2089 3775 2155 γὰρ

2194 2183 2450 2252 περὶτῆς
2480 2181 2822 2244 ἀποστασίας
2867 2181 3061 2234 Ἰούδα.
3103 2182 3215 2234 Καὶ
3244 2182 3460 2250 φανερὰ
3496 2181 3595 2249 μὲν
3649 2181 3774 2231 ὑπό·

2192 2272 2346 2334 θεσις
2383 2271 2460 2341 τῷ
2491 2273 2726 2342 παρόντι
2757 2272 2979 2341 ψαλμῷ,
3013 2273 3045 2342 ἡ
3080 2272 3442 2341 φιλοπτωχία.
3487 2272 3775 2339 ’Λναφέρε-

2192 2380 2284 2414 ται
2310 2361 2365 2415 δὲ
2391 2364 2803 2434 μυστικώτερον
2833 2357 2990 2426 οὗτος
3020 2365 3099 2426 εἰς
3122 2364 3385 2433 Χριστὸν,
3415 2363 3499 2415 διὰ
3521 2362 3618 2431 τὴν
3646 2364 3772 2430 ἡμε-

2192 2455 2360 2524 τέραν
2388 2455 2784 2525 πτωχεύσαντα
2827 2458 3126 2527 σωτηρὶαν,
3197 2456 3271 2518 ὼς
3325 2454 3484 2517 αὐτὸς
3541 2453 3778 2517 ἐδίδαξεν

2193 2549 2250 2599 ὲν
2273 2545 2350 2616 τῷ
2376 2547 2520 2600 κατὰ
2571 2547 2829 2617 Ἰωάννην
2864 2548 3180 2616 Εὐαγγελὶῳ
3200 2562 3215 2575 °
3245 2548 3435 2616 εἴρηκε
3470 2546 3579 2614 γὰρ
3606 2544 3777 2605 οὕτως

2194 2641 2331 2710 πρὸς
2358 2642 2483 2705 τοὺς
2539 2643 2870 2707 ἀποστόλους
2900 2660 2914 2674 ο
2990 2646 3071 2696 Οὺ
3135 2642 3267 2712 περὶ
3322 2640 3565 2695 πάντων
3610 2637 3777 2708 ὑμῶν

2191 2732 2346 2802 λέγω
2380 2750 2394 2764 ο
2425 2730 2559 2789 οῖδα
2588 2733 2697 2798 οὓς
2727 2733 3108 2804 ἐξελεξάμην
3135 2752 3147 2765 ·
3183 2718 3322 2789 ἀλλ’
3351 2735 3451 2787 ἵνα
3494 2735 3531 2799 ἠ
3560 2731 3775 2800 l‘pagii

2196 2824 2520 2894 πληρωθῇ·
2560 2827 2614 2878 Ὀ
2645 2826 2883 2895 τρώγων
2909 2827 3039 2896 μετ’
3076 2828 3224 2896 ἐμοῦ
3276 2828 3381 2879 τὸν
3430 2826 3637 2892 ἄρτον,
3673 2825 3776 2876 ἐπ-

2192 2914 2341 2986 ῆρεν
2368 2917 2462 2970 ἐπ’
2512 2918 2619 2986 ἐμὲ
2667 2917 2781 2985 τὴν
2831 2917 3327 2985 πτέρναναὺτοῦ.
3361 2918 3529 2985 Ἄλλη
3563 2916 3618 2968 δὲ
3675 2917 3774 2983 ob].
3857 2974 3864 2979 _

2194 3011 2511 3082 εὑρίσκεται
2548 3011 2740 3083 Γραφὴ
2764 3011 2922 3064 τοῦτο
2957 3011 3212 3078 λέγουσα,
3242 3013 3289 3064 el
3322 3010 3397 3080 μὴ
3436 3011 3598 3080 μόνον
3623 3012 3655 3078 ἡ
3679 3006 3773 3060 τοῦ

2195 3104 2464 3174 παρόντος
2497 3104 2714 3173 ψαλμοῦ
2747 3121 2760 3134 ⁸
2800 3103 2933 3172 φησὶ
2980 3104 3087 3173 γάρ
3110 3117 3124 3131 ·
3197 3104 3260 3156 '0
3285 3103 3504 3156 ἐσθίων
3554 3100 3771 3167 ἄρτους

506 3193 829 3260 hujusmodi
857 3192 1228 3247 testimonium
1263 3192 1497 3245 habetur
1528 3191 1582 3244 in
1612 3188 1915 3259 Scriptura,
1948 3204 2087 3261 prae-

2194 3166 2334 3261 uoi),
2369 3166 2739 3264 ἐμεγάλονεν
2772 3166 2871 3247 ἐπί
2893 3166 3409 3262 ἐμέᾙέτεργισμόν.

515 3298 761 3356 terquam
804 3285 951 3354 quod
1014 3284 1067 3337 in
1102 3285 1350 3354 praesenti
1426 3284 1636 3354 psalmo
1685 3283 1930 3338 dicitur:
1996 3283 2100 3348 Qui
2140 3286 2422 3341 "tandm-ut
2450 3301 2614 3353 panes
2646 3302 2804 3348 meos,
2840 3286 3200 3355 nmgniﬁcarit
3254 3295 3441 3338 contra
3496 3301 3577 3337 me
3654 3297 3775 3348 sup-

513 3380 899 3450 plantationem
923 3378 992 3431 ".

591 3472 754 3526 \‘t-ztts.
780 3471 836 3525 2.
860 3470 1055 3525 Beatus
1076 3472 1157 3525 vir
1184 3472 1273 3541 qui
1304 3472 1551 3542 intelligit
1606 3489 1763 3541 super
1803 3475 2006 3543 inopem
2041 3483 2089 3527 et

514 3578 815 3632 pauperem.
849 3593 917 3602 -κ
946 3561 1052 3630 Qui
1094 3563 1362 3635 intelligit,
1398 3554 1497 3619 huc
1548 3576 1655 3629 est,
1686 3566 1778 3637 qtti
1831 3567 2090 3621 conside-

521 3663 623 3718 rat,
659 3654 751 3724 qui
782 3655 987 3724 cogitat
1039 3655 1090 3710 id
1129 3655 1274 3725 quod
1316 3655 1517 3710 decens
1566 3664 1671 3711 est.
1729 3657 2090 3725 lntelligentia

516 3747 661 3800 enim
693 3755 777 3802 est
820 3747 1059 3815 diligens
1087 3755 1141 3801 et
1175 3756 1366 3802 exacta
1424 3747 1818 3801 consideratio.
1868 3746 2088 3815 Inopem

516 3846 698 3892 autem
723 3846 775 3891 et
802 3853 1096 3908 pauperem
1133 3838 1445 3907 promiscue
1470 3838 1652 3892 solent
1710 3839 1983 3909 appellare
2005 3838 2083 3890 in-

516 3931 815 4001 digeutem.
868 3931 1096 4000 Antiqui
1146 3946 1275 3984 vero
1347 3946 1444 4000 per
1504 3931 1721 4000 inopem
1783 3931 2092 3986 mendicum

516 4022 915 4092 intelligebant,
948 4022 1114 4075 veluti
1158 4022 1249 4092 qui
1279 4022 1427 4075 omni
1473 4036 1699 4091 prorsus
1726 4031 1938 4076 careret
1969 4036 2093 4091 ope,

514 4124 569 4167 et
607 4115 728 4183 qui,
762 4120 820 4166 ut
852 4114 981 4168 alibi
1011 4113 1257 4167 diximus
1290 4111 1379 4181 [ex
1406 4113 1736 4183 etymologia
1785 4113 1965 4167 Graeci
1991 4129 2091 4168 no-

518 4203 725 4275 minis],
762 4206 829 4259 ab
895 4206 1124 4273 antiquo
1183 4214 1329 4259 statu
1382 4205 1716 4259 decidisset:
1798 4219 2094 4274 pauperem

513 4309 643 4349 vero
661 4311 782 4350 eum
803 4296 895 4365 qui
926 4297 1180 4353 manibus
1202 4311 1265 4350 ac
1295 4301 1515 4367 proprio
1536 4295 1725 4352 labore
1757 4296 1858 4350 sibi
1886 4288 2088 4349 victum

513 4397 752 4454 pararet,
791 4398 850 4440 ut
876 4387 929 4440 in
969 4388 1295 4456 praecedenti
1330 4389 1541 4457 psalmo
1595 4388 1859 4442 diximus.
1894 4387 2090 4442 Beatus

514 4477 683 4544 igitur
712 4476 759 4531 is
794 4484 900 4540 est,
936 4477 1030 4544 qui
1064 4477 1366 4532 debitorem
1412 4478 1579 4533 Deum
1617 4479 1800 4533 habet.
1856 4478 1960 4533 Per
1983 4479 2087 4534 Sa-

516 4567 962 4620 lomonemenim
1015 4566 1279 4620 docemur
1344 4567 1497 4621 illum
1538 4570 1648 4623 Deo
1714 4568 2085 4632 commodare,

2268 3469 2567 3538 Μακάριος
2616 3471 3021 3525 ὁσιονιὼνέπὶ
3066 3470 3308 3539 πτωχόν
3366 3469 3465 3521 καὶ
3521 3465 3769 3530 πένητα.

2194 3597 2263 3608 --
2300 3566 2360 3617 Ὀ
2395 3564 2646 3628 συνιὼν,
2680 3564 2801 3616 ἀντὶ
2824 3563 2939 3627 τοῦ,
2983 3565 3041 3617 Ὀ
3060 3565 3272 3633 φρονῶν
3303 3564 3362 3615 τὸ
3385 3564 3531 3615 δέονο
3561 3560 3772 3619 σύνεσις

2196 3654 2325 3724 γὰρ,
2363 3654 2426 3706 τδ
2468 3657 2688 3723 φρονεῖν
2712 3654 2793 3706 εὖ.
2822 3656 3044 3723 ιιτωχὺν
3069 3654 3125 3707 δὲ
3156 3655 3254 3709 καὶ
3298 3655 3503 3722 πένητα
3547 3650 3771 3716 ἀδιαφό-

2198 3764 2304 3816 ρως
2346 3747 2504 3799 εἴωθε
2540 3747 2725 3801 καλεῖν
2754 3746 2847 3799 τὸν
2882 3746 3108 3817 ἄπορον.
3150 3752 3213 3805 Οἱ
3244 3748 3298 3801 δὲ
3346 3745 3595 3805 παλαιοὶ(
3624 3761 3773 3795 tre)-

2192 3840 2288 3910 χὸν
2314 3842 2412 3910 μὲν
2444 3841 2628 3906 ἔλεγον
2656 3840 2750 3893 τὸν
2778 3843 3029 3909 ἐπαίτην,
3061 3843 3123 3892 ἐκ
3174 3841 3269 3892 τοῦ
3324 3838 3727 3906 κατεπτηχέναι
3755 3850 3768 3863 ·

2196 3933 2406 4001 πένητα
2431 3933 2508 3998 δὲ,
2538 3934 2632 3986 τὸν
2663 3934 2807 4003 πόνῳ
2838 3934 3038 4003 χειρῶν
3080 3932 3176 4003 τὴν
3230 3932 3507 4000 ἐφήμερον
3567 3928 3774 3998 τροξεὴν

2195 4026 2575 4095 ποριζόμενον.
2675 4027 2960 4095 Μακάριος
3039 4026 3217 4078 τοίνυν
3274 4028 3301 4078 ὁ
3368 4024 3629 4087 τοιοῦτος,
3699 4024 3773 4083 ὡς

2194 4117 2604 4188 χρεωφειλέτην
2632 4118 2770 4187 ἔχων
2803 4118 2894 4169 τὸν
2922 4119 3077 4171 Θεόν.
3106 4118 3243 4188 Φησὶ
3269 4117 3378 4188 γὰρ
3405 4118 3492 4170 διὰ
3528 4117 3629 4185 μὲν
3686 4115 3780 4166 Σο·

2194 4210 2493 4279 λομῶντος,
2525 4211 2605 4263 ὄτι
2647 4215 2712 4263 Ὀ
2736 4209 2925 4263 ἐλεῶν
2957 4211 3198 4277 πτωχόν
3243 4208 3491 4269 δανείζει
3513 4205 3633 4272 θεῷ
3658 4225 3672 4237 ο
3706 4207 3775 4259 δι’

2197 4297 2405 4361 οἰκείας
2431 4298 2486 4351 δὲ
2517 4298 2788 4367 γλώττης,
2828 4300 2913 4350 ὅτι
2945 4299 3075 4367 Ἐφ’
3117 4298 3269 4351 ὅσον
3322 4296 3651 4363 ἐποιήσατε
3682 4292 3773 4345 ἐν).

2198 4390 2423 4441 τούτων
2496 4388 2615 4441 τῶν
2678 4389 2959 4457 ἀδελφῶν
3031 4406 3152 4456 μου
3215 4386 3575 4453 ἐλαχίστων,
3642 4380 3772 4451 ἐμοὶ

2196 4478 2540 4543 ἐποιήσατε.
2582 4478 2740 4534 Οὕτω
2773 4482 2893 4548 μὲν,
2925 4481 3053 4550 περὶ
3100 4480 3207 4531 τῶν
3242 4478 3430 4540 ἁπλῶς
3480 4478 3726 4544 πενήτων
3753 4488 3771 4502 '

2201 4568 2499 4638 βαθύτερον
2538 4570 2615 4632 δὲ,
2652 4572 2746 4623 καὶ
2787 4573 2915 4641 περὶ
2938 4570 3175 4640 Χριστοῦ
3207 4570 3399 4640 ῥηθείη
3428 4568 3512 4632 ἂν,
3542 4568 3625 4619 ὅτι
3652 4566 3767 4619 M1-

515 4656 606 4723 qni
634 4657 811 4725 inopis
833 4652 1143 4713 miseretur.
1160 4658 1314 4724 Quod
1334 4659 1552 4727 proprio
1574 4673 1667 4711 ore
1680 4657 1937 4711 Christus
1957 4672 2089 4710 con-

2198 4661 2389 4729 κάριος
2420 4664 2448 4714 ό
2480 4662 2715 4730 φρονῶν,
2742 4664 2825 4715 ὅτι
2860 4663 2995 4726 Θεός
3028 4664 3178 4714 ἐστιν
3213 4655 3389 4724 οὗτος,
3417 4662 3443 4711 ὁ
3492 4662 3549 4710 ἐν
3570 4658 3768 4726 ἀπορίᾳ

516 4745 776 4808 ﬁrmavit,
799 4745 989 4801 dicens
1015 4762 1031 4799 :
1056 4746 1489 4814 Quotiescumque
1514 4745 1742 4814 feceritis
1766 4747 1858 4797 uni
1882 4744 2003 4797 huic
2024 4761 2089 4798 ex

2200 4754 2651 4822 περιερχόμενος,
2693 4755 2790 4807 καὶ
2821 4756 2896 4825 μὴ
2927 4754 3065 4823 ἔχων
3098 4752 3200 4807 ποῦ
3228 4753 3383 4823 κλίνῃ
3410 4750 3504 4820 τὴν
3532 4749 3775 4817 κεφαλὴν

515 4835 744 4889 minimis
775 4838 1056 4903 fratribus,
1094 4838 1223 4889 mihi
1250 4836 1456 4905 fecistis
1488 4837 1555 4892 ’⁷.
1599 4834 1665 4890 Ει
1702 4836 1806 4891 hoc
1860 4837 2080 4906 quidem

2198 4845 2277 4907 ei;
2300 4845 2610 4898 ἀνάπαυσιν
2640 4861 2655 4877 ο
2691 4848 2913 4917 συνήσει
2943 4847 2999 4899 δὲ
3031 4847 3213 4909 τοῦτο,
3244 4846 3336 4914 ἀφ’
3370 4838 3445 4897 ὧν
3476 4846 3503 4895 ὁ
3538 4842 3780 4911 Χριστὸς

516 4937 674 4996 ροιιο
760 4929 1086 4998 simpliciter
1165 4932 1459 4997 exponitur
1547 4930 1614 4984 de
1701 4931 2083 5000 pauperibus:

2199 4937 2345 4985 ποιεῖ
2374 4936 2468 4988 καὶ
2499 4936 2760 4991 διδάσκει.

516 5034 705 5075 verum
744 5023 1071 5091 profundius
1097 5022 1475 5092 intelligendo,
1502 5031 1561 5076 ut
1583 5023 1851 5089 diximus,
1890 5024 2091 5094 exponi
2132 5037 2314 5094 potest
2385 5030 2624 5097 psalmus
2698 5030 2766 5083 dc
2799 5028 3021 5083 Christo
3055 5044 3068 5081 :
3125 5028 3379 5098 quodque
3433 5027 3627 5079 beatus
3684 5023 3772 5079 ille

514 5126 622 5182 est,
659 5118 753 5187 qui
791 5117 1047 5186 intelligit
1107 5126 1161 5170 et
1226 5119 1542 5172 considerat
1599 5117 1882 5172 Christum
1969 5117 2138 5171 Deum
2180 5132 2325 5185 esse,
2348 5125 2564 5175 tametsi
2600 5120 2896 5189 indigentia
2980 5135 3043 5174 ac
3085 5128 3405 5189 paupertate
3450 5127 3599 5171 tanta
3651 5128 3771 5168 esse

518 5212 802 5265 videretur
829 5208 1225 5276 circumdatus,
1262 5211 1513 5264 utetiam
1554 5226 1663 5266 non
1698 5211 1949 5276 haberet,
2000 5211 2093 5264 ubi
2135 5210 2615 5282 reclinaretcaput
2643 5228 2827 5267 suum.
2859 5215 3026 5269 Recte
3058 5215 3202 5268 enim
3270 5212 3655 5274 considerans,
3716 5206 3766 5259 id

510 5308 678 5377 plene
704 5306 973 5375 intelliget
1005 5318 1071 5358 ex
1100 5303 1167 5358 iis
1199 5320 1321 5375 qua:
1344 5316 1399 5359 et
1429 5321 1681 5361 sermone
1728 5320 1830 5359 suo
1876 5303 2089 5368 docuit,
2126 5313 2180 5359 et
2209 5307 2472 5374 cperihus
2507 5307 2906 5377 comprobavit.

596 5399 658 5453 In
688 5400 771 5452 die
803 5401 945 5452 mala
978 5397 1214 5452 liberabit
1270 5414 1389 5451 eum
1436 5397 1708 5452 Dominus.
1779 5394 2083 5451 Utilitatem

2264 5399 2367 5451 ‘Er
2418 5396 2605 5465 ἡμέρᾳ
2644 5394 2877 5468 πονηρᾷ
2917 5402 3171 5467 ῥύσεται
3221 5398 3409 5453 αὐτὸν
3444 5400 3478 5452 ό
3527 5397 3760 5463 Κύριος.

512 5488 704 5554 docet,
728 5506 891 5560 quam
932 5506 997 5543 ex
1029 5490 1337 5559 huiusmodi
1390 5489 1746 5559 intelligentia
1807 5486 1931 5552 quis
1962 5500 2084 5554 pcr-

2194 5490 2445 5543 Διδὲισκει
2478 5492 2537 5542 τὸ
2562 5491 2748 5561 κέρδος
2779 5492 2877 5561 τῆς
2912 5494 3173 5563 τοιαύτης
3210 5492 3503 5554 συνέσεως.
3554 5486 3763 5543 Ποίαδέ

636 5668 682 5699 ³³
716 5666 870 5721 loan.
900 5683 1021 5733 xm,
1060 5669 1141 5723 18.
1233 5668 1275 5701 ν
1315 5666 1455 5721 Psal.
1488 5666 1685 5734 ιιμίιο.
1765 5668 1807 5702 ’⁷
1833 5667 2024 5722 Matth.
2078 5648 2201 5734 xxv,
2248 5668 2333 5721 .10.
