4072 6202
513 285 618 349 46Ἱ

1709 296 2088 358 EUTIIYMII
2128 300 2489 361 ZIGABENI

3664 311 3768 375 ἀει

514 399 954 456 misericordiam
987 417 1052 456 ac
1097 403 1428 461 ineﬂabilem
1481 408 1775 476 quamdam
1806 409 1924 478 ejus
1954 427 2083 467 con-

2197 417 2611 483 συγκατάϐασιν
2636 419 2732 471 καὶ
2755 417 3168 488 φιλανθρωπίαν
3205 419 3299 473 τοῦ
3350 421 3604 488 Σωτῆρος
3633 424 3763 474 ἁποσ

513 492 954 560 descensionem,
995 496 1166 551 multa
1201 513 1326 554 cum
1353 500 1710 557 admiratione
1743 505 2080 569 narraverit,

513 577 776 647 hymnum
813 580 1099 652 deinceps,
1153 594 1210 640 et
1272 586 1490 644 laudem
1543 590 1590 644 ei
1638 592 1789 646 canit
1837 593 2084 650 dicens:

507 666 841 724 Laudandus
869 683 953 726 est
975 672 1120 752 Deus
1149 679 1261 733 veri
1291 678 1532 749 lsraelis,
1562 682 1668 737 hoc
1699 693 1806 748 est,
1843 686 2084 742 ﬁdelium

507 760 676 826 Deus,
735 766 1202 830 quemadmodum
1267 771 1323 825 in
1375 789 1465 828 nt
1522 775 1731 843 psalmo
1785 779 2085 833 declaravi.

507 865 651 916 mus,
692 867 1035 924 exponentes
1079 862 1415 919 versiculum
1474 867 1625 921 illum
1666 887 1680 923 :
1715 869 1920 925 Timent
1963 890 2082 926 eum

505 958 659 996 omne
695 961 870 1000 semen
903 947 1098 1005 Israel.
1141 951 1472 1012 Laudandus
1511 968 1691 1014 autem
1739 962 1811 1016 ab
1846 962 1950 1017 hoc
1981 979 2084 1019 sata

503 1032 632 1087 culo
664 1048 842 1104 usque
867 1038 936 1093 ad
971 1039 1239 1097 futurum.
1276 1045 1355 1100 Ac
1397 1047 1617 1104 demum
1650 1061 1789 1118 orat,
1827 1063 1884 1108 et
1939 1057 2082 1112 votis

503 1126 761 1182 omnibus
796 1132 980 1198 poscit
1009 1133 1252 1190 futuram
1296 1137 1438 1193 hanc
1483 1139 1699 1196 Domini
1750 1144 2084 1202 incarnatio:

503 1229 652 1280 nem,
682 1219 749 1274 de
775 1238 881 1290 qua
904 1238 1068 1295 supra
1097 1227 1313 1284 locutus
1342 1239 1446 1296 est,
1469 1247 1632 1301 quam
1663 1235 1916 1292 celeriter
1939 1238 2081 1308 ﬁeri,

2195 508 2503 578 θαυμάσας,
2539 508 2707 579 ὕμνον
2737 510 2886 580 αὐτῷ
2923 511 3214 580 σχεδιάζει,
3247 511 3422 578 λέγων
3464 528 3479 542 ο
3511 516 3764 586 Εὐφημη-

2194 602 2317 667 τέος
2353 602 2382 655 ὁ
2416 602 2548 666 Θεὸς
2582 601 2677 656 τοῦ
2734 603 2939 672 κυρίως
2984 603 3221 674 Ἰσραὴλ,
3258 606 3284 658 ὅ
3325 607 3462 668 ἐστι,
3529 607 3638 659 τῶν
3689 627 3764 661 τει-

2197 694 2365 755 στῶν,
2399 693 2475 756 ὡς
2507 695 2567 747 ἐν
2588 693 2666 764 τῷ
2695 700 2780 748 κα⁹
2807 694 3007 765 ψαλμῷ
3038 697 3385 766 προέφημεν,
3443 699 3764 768 ἑρμηνεύον-

2195 799 2284 845 τες
2314 783 2374 836 τό
2409 799 2424 814 ·
2466 784 2785 851 Φοϐηθήτω
2813 785 2887 852 εὴ
2915 786 3017 840 ἀπ’
3044 787 3229 841 αὑτοῦ
3256 788 3419 842 ἅπαν
3446 790 3508 840 τὸ
3535 789 3766 854 σπέρμα

2205 875 2456 943 Ἰσραήλ
2477 892 2490 904 ·
2542 877 2650 930 ἀπὸ
2677 877 2735 930 δέ
2765 877 2857 929 τοῦ
2882 877 2976 931 νῦν
3010 879 3208 940 αἰῶνος
3233 880 3329 931 καὶ
3360 879 3486 949 ἄχρι
3522 881 3616 932 τοῦ
3645 881 3765 949 μέλα

2189 969 2396 1034 λοντος.
2432 967 2567 1024 Εἶτα
2599 972 2889 1042 ἐπεύχεται
2938 973 3167 1042 ταχῦναι
3217 973 3313 1025 τοῦ
3365 973 3635 1026 Δεσπότου
3671 973 3767 1040 τὴν

2188 1063 2627 1135 ἐνανθρώπησιν,
2687 1066 2745 1119 ἐν
2801 1065 2879 1136 τῷ
2917 1067 3124 1130 εἰπεῖν,
3190 1066 3455 1130 Γένοιτο,
3516 1066 3766 1134 γένοιτο.

2191 1155 2409 1209 Νοεῖται
2431 1157 2486 1210 δὲ
2513 1158 2585 1212 τὰ
2605 1158 2869 1225 ρηθέντα
2903 1172 2916 1187 ⁸
2945 1159 3201 1212 ἐπίτασιν
3221 1159 3275 1211 δὲ
3308 1159 3470 1229 εὐχῆς
3530 1161 3559 1211 ό
3580 1158 3766 1211 διπλα·

2195 1245 2422 1316 σιασμὸς
2452 1247 2544 1300 τοῦ
2576 1248 2822 1304 rei-om
2853 1252 3114 1322 παριστᾷ.

500 1307 689 1364 dicens
733 1331 748 1366 :
784 1312 934 1380 Fiat,
973 1317 1090 1380 ﬁat.
1129 1317 1493 1392 lntelligimns
1551 1327 1697 1381 enim
1745 1307 2074 1400 Prophetam
2115 1343 2308 1406 optare
2326 1307 2586 1410 'id'quod
2620 1343 2874 1411 superius
2932 1307 3091 1397 dixit:
3167 1342 3259 1396 llla
3325 1351 3506 1397 autem
3566 1342 3766 1410 repeti-

502 1402 580 1458 tio
630 1407 806 1472 verbi,
881 1408 1029 1476 Fiat,
1093 1416 1362 1472 orationis
1423 1420 1790 1478 intensionem
1846 1427 2208 1489 demonstrat.

715 1500 782 1554 In
821 1505 979 1573 ﬁnem
1017 1508 1072 1560 in
1105 1510 1515 1580 intelligentiam
1555 1517 1684 1584 ﬁliis
1713 1517 1864 1574 Care.

1033 1599 1356 1659 PSALMUS
1404 1605 1538 1661 XLI.

2289 1534 2392 1598 Εἰς
2427 1531 2493 1586 τὸ
2523 1533 2698 1599 τέλος
2726 1535 2811 1599 είς
2849 1534 3108 1589 σύνεσιν
3147 1534 3268 1600 τοῖς
3295 1536 3446 1600 υἱοῖς
3489 1535 3655 1604 Κορέ.

2725 1627 3019 1680 ΨΑΛΜΟΣ
3065 1628 3202 1681 MA'.

574 1684 649 1740 De
679 1687 804 1744 liliis
845 1690 984 1747 Core
1033 1694 1272 1750 diximus
1327 1697 1379 1751 in
1437 1698 1713 1757 Prommio
1749 1708 1956 1774 operis.
2017 1708 2082 1763 In

2257 1720 2400 1790 Περὶ
2435 1721 2533 1789 μὲν
2556 1719 2666 1773 τῶν
2697 1719 2832 1772 υἱῶν
2895 1721 3062 1791 Κορὲ,
3105 1721 3518 1791 προειρήκαμεν
3574 1723 3632 1774 ἐν
3687 1719 3768 1789 τῷ

501 1774 656 1841 ﬁnem
685 1778 1014 1837 inscribitur
1041 1795 1268 1855 propter
1311 1790 1648 1859 proplietias,
1683 1809 1806 1864 quae
1836 1797 1923 1852 hic
1946 1813 2083 1854 con-

502 1866 768 1932 tinentur,
805 1883 858 1926 et
897 1875 962 1926 ad
997 1876 1156 1931 finem
1215 1879 1536 1938 tendebant.
1579 1885 1715 1940 Cum
1753 1889 1899 1946 enim
1929 1891 2078 1947 futu—

501 1973 624 2012 rum
658 1973 827 2026 esset,
860 1973 916 2018 ut
961 1966 1314 2026 llebra-orum
1351 1976 1588 2044 populus
1623 1978 1694 2032 ob
1723 1983 1940 2050 propria
1983 1986 2081 2041 de-

501 2049 626 2106 licta
663 2054 731 2107 ab
760 2055 1000 2126 Assyriis
1031 2061 1081 2112 in
1114 2061 1442 2134 Babylonem
1477 2069 1734 2136 captivus
1763 2049 2078 2142 duceretur,

500 2143 588 2197 ιιιιί
615 2159 719 2198 Lxx
745 2147 907 2202 annis
936 2150 1196 2207 detentus
1228 2163 1332 2215 est,
1372 2157 1678 2224 praevidens
1749 2162 1853 2217 hoc
1882 2163 2077 2220 beatus

500 2234 695 2297 David,
736 2247 924 2309 utpote
963 2243 1292 2312 prophetico
1354 2248 1568 2304 aﬂlatus
1624 2253 1843 2321 spiritu,
1901 2257 1972 2326 pii
2019 2273 2081 2313 ac

501 2325 740 2396 religiosi
779 2330 1162 2402 cujuscunque
1198 2334 1371 2390 Judaei
1427 2339 1480 2392 in
1530 2344 1850 2411 captivitate
1879 2325 2082 2415 degen-

501 2417 569 2471 tis
624 2433 918 2485 personam
980 2425 1168 2491 sumit,
1209 2426 1264 2480 in
1303 2432 1558 2496 praesenti
1599 2435 1832 2498 psalmo,
1903 2439 2078 2493 veluti

502 2508 762 2572 Danielis,
799 2510 1117 2578 Ezechielis,
1154 2517 1318 2572 trium
1347 2537 1668 2590 puerorum,
1702 2537 1757 2580 et
1785 2528 2072 2598 similium,

500 2606 553 2652 et
579 2610 765 2655 narrat
787 2618 908 2672 quae
937 2614 1065 2660 tunc
1087 2611 1357 2679 temporis
1393 2616 1737 2684 contigerint.
1805 2619 1871 2673 In
1925 2623 2081 2678 intel-

501 2689 775 2755 ligentiam
802 2708 933 2747 vero
975 2695 1135 2761 dixit,
1166 2697 1449 2768 judicans,
1476 2706 1622 2772 quod
1659 2708 1753 2777 qui
1789 2710 1931 2765 inter
1959 2712 2081 2769 illos

503 2779 698 2848 majori
724 2793 880 2838 erant
914 2786 1122 2853 praediti
1153 2789 1536 2862 intelligentia,
1573 2795 1706 2862 haec,
1756 2809 1852 2855 aut
1887 2802 2081 2874 hujus-

501 2871 647 2925 modi
691 2875 855 2929 verba
881 2876 948 2931 ad
987 2876 1153 2933 Deum
1188 2881 1522 2940 clamabant.
1579 2888 1692 2954 Vel,
1748 2907 1810 2946 ea
1844 2871 2077 2961 ratione,

506 2965 628 3030 quia
671 2967 736 3020 ad
768 2969 1180 3039 percipiendum
1207 2975 1376 3030 totius
1407 2978 1603 3046 ρεπιιιή
1639 2996 1884 3052 sensum,
1910 2989 2077 3041 multa

506 3061 692 3113 lectori
727 3075 865 3127 opus
896 3071 980 3116 est
1021 3063 1402 3134 intelligentia.

578 3152 744 3206 Vens.
775 3152 832 3207 2.
865 3153 1328 3218 Quemadmodum
1361 3162 1629 3218 desiderat
1683 3181 1836 3220 cerva
1867 3169 1936 3220 ad
1963 3169 2082 3236 [on-

506 3251 578 3296 tes
613 3258 895 3310 aquarum,
925 3244 1002 3296 ita
1035 3244 1302 3302 desiderat
1335 3252 1516 3307 anima
1545 3271 1656 3310 mea
1685 3257 1754 3312 ad
1805 3267 1878 3321 te,
1919 3256 2080 3314 Dens.

505 3331 764 3387 Ardentis
824 3333 1086 3390 desiderii
1131 3338 1534 3395 vehementiam
1571 3347 1860 3401 ostendere
1895 3348 2084 3404 volens

504 3423 802 3492 Propheta,
853 3443 1076 3484 cervam
1111 3446 1377 3502 perquam
1415 3435 1752 3492 sitibundam
1805 3440 1860 3494 iu
1894 3456 2081 3518 exem-

505 3515 654 3584 plum
687 3520 956 3586 sumpsit;
1007 3537 1129 3591 qua:
1154 3539 1277 3578 cum
1308 3536 1364 3580 et
1391 3537 1584 3598 suapte
1627 3542 1824 3586 natura
1854 3515 2077 3590 calidis-

503 3607 641 3662 sima
669 3608 761 3674 sit,
787 3621 842 3664 et
872 3612 1146 3679 reptilium
1180 3629 1244 3669 ac
1279 3627 1601 3687 serpentum
1636 3621 1920 3686 carnilms,
1955 3626 2080 3694 qui-

502 3703 606 3757 bus
635 3703 779 3757 vesci
820 3704 980 3769 solet,
1015 3706 1192 3776 magis
1222 3709 1388 3762 etiam
1417 3710 1770 3777 incendatur,
1809 3731 2076 3784 aquarum

502 3793 684 3849 fontes
719 3811 882 3865 quam
919 3798 1157 3852 maxime
1185 3810 1356 3868 amat,
1416 3812 1470 3857 et
1520 3804 1668 3859 circa
1727 3821 1825 3862 eos
1861 3822 2080 3877 semper

502 3887 704 3942 versari
737 3889 906 3956 cupit.
949 3889 1269 3948 Desiderare
1301 3903 1485 3948 autem
1522 3897 1609 3952 hic
1641 3898 1822 3966 posuit
1848 3914 1948 3968 pro
1977 3899 2082 3954 Fe-

501 3979 747 4046 stinare;
792 3979 858 4035 Et
891 3982 962 4035 ita
993 3979 1193 4052 Aquila
1243 3985 1510 4040 reddidit.
1555 3987 1619 4040 Et
1653 3990 1800 4058 quod
1833 3990 1912 4043 ait
1941 4008 1953 4044 :
1992 3989 2083 4043 Ita

501 4069 771 4125 desiderat
799 4075 980 4127 anima
1014 4091 1128 4128 mea
1159 4076 1227 4129 ad
1261 4086 1327 4142 te,
1373 4078 1618 4148 inquam,
1652 4080 1988 4136 habitantem
2024 4083 2080 4137 in

2186 1811 2461 1883 προοιμίῳ
2496 1811 2596 1881 τῆς
2621 1811 2906 1883 παρούσης
2940 1812 3146 1882 βίϐλου.
3203 1815 3306 1878 Εἰς
3363 1813 3429 1865 τὸ
3491 1812 3665 1878 τέλος
3706 1813 3767 1864 δὲ

2184 1905 2624 1974 ἐπιγέγραπται,
2672 1904 2758 1958 διὰ
2806 1904 2905 1968 τὰς
2963 1907 3022 1957 ἐν
3064 1904 3238 1974 τούτῳ
3295 1907 3649 1974 προφητείας,
3685 1905 3768 1962 είς

2182 1995 2334 2058 τέλος
2395 1995 2782 2066 ἐπειγομένοις.
2839 1996 2994 2048 Ἐπεὶ
3055 1997 3163 2063 γὰρ
3229 1995 3453 2063 ἔμελλον
3523 1995 3766 2062 Ἐϐραῖσι

2183 2089 2396 2160 χρόνοις
2418 2089 2645 2159 ὕστερον
2666 2089 2817 2157 παρὰ
2839 2089 3201 2141 Βαϐυλωνίων
3225 2088 3731 2158 αἰχμαλωτισθῆναι
3748 2127 3765 2152 ,

2182 2181 2270 2234 διὰ
2297 2181 2395 2244 τὰς
2431 2181 2664 2249 ἀνομίας
2694 2178 2895 2245 αὐτῶν,
2933 2179 3028 2232 καὶ
3050 2179 3335 2246 διαγαγεῖν
3385 2179 3765 2248 ἑϐδομήκοντα

2184 2274 2279 2342 ἔτη
2312 2277 2369 2327 ἐν
2431 2271 2761 2337 Βαϐυλῶνι,
2825 2270 3075 2340 κινηθεὶς
3138 2271 3242 2323 ὑπὸ
3295 2269 3388 2322 τοῦ
3451 2269 3766 2338 διορατικοῦ

2186 2366 2495 2436 πνεύματος
2536 2365 2563 2417 ό
2621 2364 2807 2426 Aeas,
2857 2362 3118 2416 ἀνέλαϐεν
3176 2362 3471 2432 πρόσωπον
3531 2362 3766 2414 ἑκάστου

2185 2456 2294 2508 τῶν
2333 2455 2740 2526 εὐσεϐεστέρων
2779 2457 2836 2507 ἐν
2884 2456 2998 2517 τοῖς
3055 2454 3443 2523 αἰχμαλώτοις,
3498 2448 3606 2505 οἷον
3666 2453 3766 2504 τοῦ

2184 2547 2402 2616 Δανιὴλ,
2431 2546 2523 2600 τοῦ
2578 2546 2860 2616 Ἰεζεκιὴλ,
2892 2547 3001 2600 τῶν
3025 2546 3192 2615 τριῶν
3231 2545 3457 2608 παίδων,
3502 2545 3595 2596 καὶ
3655 2544 3768 2597 τῶν

2184 2639 2463 2701 τοιούτων,
2497 2639 2688 2694 καὶτὰ
2721 2639 3067 2712 προκείμενα
3117 2638 3376 2705 διέξεισισ
3439 2638 3497 2690 τὺ
3545 2637 3619 2700 δὲ,
3660 2640 3770 2702 Εἰς

2183 2734 2463 2797 σύνεσιν,
2484 2735 2795 2804 πρόκειται,
2821 2733 3110 2798 διδάσκων,
3141 2734 3222 2786 ὅτι
3250 2732 3586 2792 συνετισθεὶς
3633 2732 3767 2783 ἐκα-

2185 2843 2310 2890 στος
2357 2827 2560 2888 αὐτῶν,
2597 2825 2770 2879 ταῦτα
2823 2825 2952 2877 ἐϐόα
3005 2824 3142 2892 πρὸς
3189 2823 3364 2877 Θεόν·
3413 2823 3552 2894 seu
3602 2821 3767 2892 χρεία

2188 2920 2456 2980 συνέσεως
2487 2923 2598 2982 τοῖς
2635 2917 3076 2988 ἀναγινώσκουσι
3099 2917 3297 2971 ταῦτα.

2261 3167 2364 3219 Ὃν
2391 3165 2617 3233 τρόπον
2646 3162 2922 3217 ἐπιποθεῖ
2946 3164 2984 3231 ἠ
3010 3163 3239 3231 ἔλαφος
3263 3161 3359 3215 ἐπὶ
3403 3161 3510 3227 τὰς
3565 3161 3766 3230 πηγὰς

2181 3255 2301 3310 τῶν
2328 3255 2584 3319 ὑδάτων,
2611 3255 2800 3320 οὕτως
2831 3253 3105 3308 ἐπιποθεῖ
3153 3256 3191 3321 ἡ
3243 3252 3413 3322 ψυχή
3452 3271 3567 3321 μου
3611 3253 3769 3320 πρὸς

2183 3347 2277 3410 σὲ,
2303 3351 2336 3402 ό
2357 3348 2522 3413 Θεός.
2573 3348 2646 3400 Τὸ
2687 3345 2920 3417 σφοδρὸν
2955 3347 3054 3414 τῆς
3086 3345 3384 3414 ἐπιθυμίας
3408 3346 3764 3414 παραστῆσαι

2186 3438 2533 3509 βουλόμενος,
2561 3437 2919 3509 παράδειγμα
2964 3436 3065 3504 τὴν
3095 3429 3538 3505 διψητικωτάτην
3565 3433 3767 3520 ἔλαφον

2187 3528 2403 3582 ἐλαϐεν.
2435 3526 2587 3592 Αὕτη
2612 3527 2722 3598 γὰρ
2753 3525 2914 3596 φύσει
2946 3521 3080 3580 οὖσα
3133 3525 3333 3597 θερμὴ,
3392 3524 3486 3578 καὶ
3560 3524 3767 3593 μᾶλλον

2187 3619 2522 3690 ἐκκαιομένη
2553 3621 2676 3683 ταῖς
2713 3617 2874 3688 σαρξὶ
2908 3619 3016 3673 τῶν
3045 3617 3242 3688 ὄφεων,
3281 3618 3375 3680 οὓς
3406 3618 3492 3670 ἀεὶ
3554 3615 3770 3684 λαφύσ-

2188 3730 2291 3779 σει,
2347 3714 2590 3784 ειιροδρδν¹
2621 3713 2734 3783 ἔχει
2783 3713 2892 3767 τῶν
2937 3713 3128 3782 πηγῶν
3193 3712 3286 3764 τὸν
3341 3711 3541 3780 ἔρωτα.
3599 3710 3672 3761 Τὸ
3706 3709 3768 3762 δὲ

2185 3809 2514 3870 Ἐπιποθεῖ,
2573 3811 2829 3878 σημαίνει
2883 3807 2944 3860 τὸ
2998 3807 3246 3870 Σπεύδει,
3307 3805 3402 3860 καὶ
3457 3804 3766 3871 ἐπείγεται,

2185 3899 2328 3952 κατὰ
2356 3899 2448 3953 τὸν
2493 3900 2730 3953 Ἀκύλαν
2763 3915 2777 3930 ⁶
2806 3899 2960 3967 Πρὸς
2982 3900 3057 3953 σὲ
3085 3899 3164 3965 δὲ,
3185 3898 3428 3968 δηλονότι
3459 3897 3550 3950 τὸν
3577 3912 3767 3948 κατοι-

2181 3991 2385 4046 κοῦντα
2422 3991 2490 4045 τὰ
2513 3993 2572 4045 ἐν
2607 3992 3002 4063 Ἰερουσαλήμο
3053 3992 3110 4044 ἐν
3166 3989 3447 4044 Βαϐυλῶνι
3497 3989 3605 4059 γὰρ
3657 3989 3766 4040 οὐκ

2181 4083 2352 4153 ᾤοντο
2388 4081 2531 4138 εἶναι
2562 4085 2749 4151 αὐτὸν,
2799 4084 2886 4139 διὰ
2930 4084 3030 4154 τὴν
3091 4082 3192 4152 τῆς
3245 4082 3430 4153 χώρας
3476 4078 3765 4133 εξδωλολα-

501 4159 829 4217 Jerusalem.
866 4163 1102 4220 Putabat
1143 4167 1287 4221 enim
1327 4169 1563 4238 populus
1597 4171 1689 4240 qui
1717 4172 1770 4224 in
1805 4171 2079 4241 Babylone
2179 4177 2385 4246 τρείαν.

502 4259 642 4316 erat,
674 4268 734 4309 se
758 4254 943 4309 divina
967 4258 1260 4326 prasentia
1288 4259 1402 4313 illic
1436 4259 1560 4315 ideo
1592 4259 1697 4314 frui
1737 4276 1848 4316 non
1925 4277 2111 4333 posse,
2153 4266 2282 4335 quia
2343 4269 2496 4338 regio
2551 4269 2640 4323 illa
2691 4269 2944 4325 universa
3002 4270 3269 4324 idolorum
3336 4267 3528 4324 'cnltui
3575 4267 3766 4322 deser-

502 4347 664 4400 viret.

576 4441 740 4495 Vens.
772 4441 826 4494 5.
865 4439 1043 4496 Sitivit
1074 4443 1254 4498 anima
1290 4463 1404 4502 mea
1446 4449 1516 4501 ad
1556 4450 1721 4503 Deum
1757 4449 1950 4520 fortem
2005 4451 2081 4505 υἱ·
2117 4453 2160 4508 D

505 4542 726 4589 natalem.
780 4533 983 4602 Sitioit,
1019 4537 1069 4590 id
1105 4547 1209 4604 est,
1237 4537 1406 4594 Valde
1441 4543 1778 4612 concupivit.
1812 4544 1889 4598 lta
1925 4544 2086 4598 undi-

509 4641 620 4695 que
647 4625 908 4681 desiderii
962 4628 1213 4684 ardorem
1255 4632 1516 4687 ostendit.
1558 4633 1778 4688 Fortem
1815 4643 1999 4689 autem
2031 4643 2086 4689 et

507 4717 780 4772 viventem
807 4717 978 4775 Deum
1011 4723 1251 4791 appellat
1303 4733 1524 4794 propter
1551 4725 1798 4781 inﬁrmos
1836 4742 1900 4780 ac
1935 4742 2086 4782 mor-

504 4814 631 4861 tuos
690 4809 980 4881 Babylonis
1043 4812 1200 4870 deos.
1249 4813 1482 4880 Quidam
1532 4833 1598 4872 ex
1652 4820 1755 4871 hoc
1813 4819 2086 4875 versiculo

506 4908 787 4970 sumptum
818 4915 941 4959 esse
972 4904 1165 4959 dicunt
1204 4906 1466 4978 hymnum
1507 4907 1682 4974 illum,
1724 4926 1887 4980 quem
1914 4909 2085 4965 Graeci

507 4988 800 5062 Trisagion
845 5002 1050 5049 vocant
1095 4994 1246 5066 [quo
1304 4997 1531 5052 laudare
1592 5000 1834 5054 solemus
1895 5001 2086 5066 Deum,

506 5082 754 5138 dicentes
783 5100 798 5138 :
831 5083 1059 5140 Sanctus
1088 5085 1247 5152 Deus,
1271 5097 1490 5142 sanctus
1522 5091 1703 5159 fortis,
1736 5103 1953 5146 sanctus
1987 5094 2088 5144 im-

507 5172 805 5245 mortalis.]
958 5184 961 5186 ’

581 5264 808 5331 Quando
862 5269 1090 5332 veniam,
1122 5279 1170 5323 et
1215 5273 1474 5338 apparebo
1529 5284 1654 5327 ante
1707 5274 1898 5342 faciem
1941 5275 2088 5328 Dei?

508 5353 647 5426 [Hoc
670 5366 775 5426 est,
804 5368 930 5414 ante
961 5359 1139 5428 ipsum
1169 5359 1392 5432 Deutn.]
1419 5363 1876 5434 Courttpiscenlis
1902 5379 2085 5419 sermo

507 5460 594 5502 est
627 5469 640 5504 :
677 5451 929 5517 Quando,
963 5453 1160 5523 inqvit,
1199 5453 1411 5508 veniam
1445 5457 1510 5508 ad
1541 5465 1592 5510 te
1615 5458 1667 5510 in
1692 5453 1996 5511 Jerusalem
2029 5467 2086 5510 et

583 5734 698 5804 (ει)
723 5735 810 5792 Al.
838 5734 908 5791 Ὦ
940 5739 1320 5808 Ἰερουσαλήμ.

2272 4452 2602 4520 Ἐδίψησεν
2639 4452 2678 4518 ἡ
2727 4452 2898 4520 ψυχή
2957 4469 3074 4521 μου
3113 4451 3262 4519 πρὸς
3320 4451 3426 4504 τὸν
3473 4451 3622 4504 Θεὸν
3659 4451 3769 4503 τεν

2189 4545 2464 4612 ἰσχυρὸν,
2522 4544 2632 4596 τὸν⁸
2678 4543 2884 4604 ζῶντα.
2949 4573 3020 4584 —-
3077 4543 3431 4612 ’Ediyi-noer,
3494 4541 3615 4596 ἀντὶ
3641 4541 3764 4605 τοῦ,

2201 4637 2651 4707 Ἐπιθυμητικῶς
2669 4637 2793 4709 ἔσχε
2819 4655 2833 4669 ’
2852 4637 2914 4690 τὸ
2938 4637 3048 4709 γὰρ
3080 4635 3306 4698 διακαὲς
3328 4636 3428 4705 τῆς
3467 4634 3770 4703 ἐπιθυμίας

2185 4733 2217 4801 ἡ
2256 4731 2400 4796 λέξις
2429 4731 2682 4800 ἐμφαίνει
2712 4749 2728 4762 ο
2765 4731 2984 4802 ἰσχυρὸν
3013 4731 3070 4783 δέ
3099 4729 3193 4784 καὶ
3248 4727 3425 4792 ζῶντα
3459 4727 3607 4793 λέγει
3673 4726 3771 4780 τὸν

2189 4823 2343 4885 Θεὸν,
2372 4823 2459 4876 διὰ
2491 4825 2617 4886 τοὺς
2644 4823 2892 4886 ἀσθενεῖς
2926 4825 3021 4877 καὶ
3045 4821 3274 4890 νεκροὺς
3319 4819 3477 4882 θεοὺς
3507 4816 3616 4871 τῶν
3651 4815 3769 4869 Βι-

2189 4915 2491 4970 ϐυλωνίων.
2519 4916 2676 4979 Τινὲς
2708 4917 2765 4969 δέ
2803 4933 2968 4984 φασιν
2995 4914 3249 4968 ἐντεῦθεν
3292 4910 3626 4981 πεποιῆσθαι
3675 4911 3771 4963 τὸν

2191 5006 2360 5075 ὕμνον
2390 5007 2483 5060 τοῦ
2515 5007 2831 5077 Τρισαγίου.

2260 5277 2410 5331 Πότε
2467 5278 2592 5342 ἥξω
2639 5278 2734 5330 καὶ
2780 5277 3114 5347 ὀφθήσομαι
3177 5275 3256 5341 τῷ
3313 5274 3613 5343 προσώπῳ
3663 5274 3772 5329 τοῦ

2205 5363 2394 5432 Θεοῦς
2437 5369 2863 5438 Ἑπιθυμοῦντος
2893 5373 2920 5423 ὁ
2958 5369 3118 5438 λόγος
3148 5385 3162 5400 ⁸
3192 5368 3353 5430 Πότε,
3421 5367 3606 5437 φησίν,
3651 5367 3772 5437 ἥξω

2195 5461 2333 5526 πρὸς
2409 5461 2465 5512 σὲ
2518 5459 2629 5531 (51)
2678 5462 2733 5513 ἐν
2799 5459 3176 5533 Ἰερουσαλὴμ..
3212 5459 3308 5513 καὶ
3341 5459 3653 5528 ὀφθήσομαι
3693 5460 3773 5530 τῷ

1829 5640 2021 5703 Variae
2067 5638 2395 5705 lectiones.
