4114 6208
379 320 491 395 460'-

1538 323 1924 384 COMMENT.
1960 323 2044 384 IN
2078 322 2441 383 PSALMOS.

3518 327 3643 391 470·

376 443 658 515 προσώπῳ
687 440 781 496 τοῦ
813 438 986 506 Θεοῦς
1023 436 1323 503 τουτέστιν,
1353 436 1585 508 sip-eaq:
1605 478 1619 499 ,
1651 436 1795 490 κατὰ
1860 454 1945 489 πε-

2062 437 2336 509 apparebo
2368 452 2551 493 coram
2594 448 2666 506 te,
2698 439 2939 496 adorans
2963 439 3223 495 nimirum
3250 449 3303 496 et
3328 440 3518 497 colens
3550 452 3626 501 te.

377 540 641 609 ρίφρασιν
682 551 696 567 ο
725 534 1044 604 ὀφθήσομαι
1089 532 1169 597 δὲ,
1200 531 1290 585 διὰ
1321 529 1423 598 τῆς
1455 530 1512 582 δν
1559 529 1637 598 τῷ
1679 529 1793 598 ναῷ
1853 528 1951 582 λα-

374 630 566 697 τρείας
621 628 717 681 καὶ
768 627 1192 697 παραστάσεως,
1223 625 1363 694 ὅπερ
1396 621 1498 675 οὐκ
1524 619 1672 674 ἔστιν
1693 620 1753 673 ιν
1775 619 1956 674 Βαϐυ-

376 719 532 774 λῶνι.

461 899 755 968 Ἔγεινήοη
786 897 858 951 τὰ
894 896 1125 965 δάκρυα
1167 894 1297 966 ἐμοὶ
1353 895 1535 962 ἄρτος
1585 893 1809 963 ἡμέρας
1857 894 1953 945 καὶ

378 998 618 1061 νυκτὸς.
647 996 718 1050 ἐν
761 994 843 1060 τῷ
862 993 1150 1063 ,λέγεσθαι
1176 1009 1277 1061 μοι
1327 992 1457 1047 καθ’
1512 989 1778 1057 ἑκάστην
1815 987 1957 1058 ἠμέ-

374 1106 498 1157 par
529 1104 546 1120 ·
583 1084 709 1140 Ποῦ
736 1086 909 1140 ἐστιν
936 1088 969 1139 ὀ
1002 1085 1147 1150 Θεός
1184 1098 1340 1146 σου;
1393 1081 1482 1134 Ἐν
1528 1080 1610 1151 τῷ
1669 1080 1955 1144 ὀνειδίζειν

389 1197 479 1248 μοι
506 1179 632 1240 τοὺς
656 1176 1041 1239 Βαόυλωνίους
1060 1176 1157 1229 τοῦ
1187 1174 1325 1228 Θεοῦ
1358 1190 1462 1245 μου
1497 1172 1806 1237 ἀσθένειαν,
1832 1170 1956 1237 ἐγέ-

383 1269 532 1323 νοντό
565 1286 655 1338 μοι
679 1268 748 1321 τὰ
780 1266 998 1337 δάκρυά
1029 1283 1131 1336 μου
1163 1267 1347 1335 ἄρτος,
1395 1264 1494 1335 οὐχ
1524 1264 1649 1317 ὅσον
1696 1264 1782 1326 είς
1825 1262 1954 1332 τρό-

380 1365 507 1432 φὴν,
548 1361 663 1415 ἀλλ’
694 1361 821 1414 ὅσον
841 1363 922 1423 είς
949 1359 1153 1430 ὄρεξιν.
1198 1359 1506 1427 Ὠρεγόμην
1536 1357 1647 1426 γὰρ
1669 1356 1950 1426 δακρύων,

373 1451 451 1514 ὡς
507 1452 696 1523 ἄρτου,
749 1450 843 1505 καὶ
895 1447 1036 1522 ἦσάν
1100 1467 1192 1520 μοι
1238 1451 1516 1517 ἀναγκαῖα
1563 1447 1757 1511 ταῦτα,
1808 1448 1884 1511 ὡς
1918 1447 1952 1516 ἠ

373 1542 550 1611 τροφὴ
581 1544 748 1597 πᾶσιν
775 1541 1110 1611 ἀνθρώποις.
1150 1539 1212 1593 Ἦ
1231 1540 1287 1594 δὲ
1316 1539 1544 1609 τοιαύτη
1577 1538 1761 1608 ὄρεξις
1790 1538 1887 1591 καὶ
1918 1537 1952 1608 ἡ

371 1633 611 1703 ἀνάγκη,
677 1633 738 1687 οὗ
800 1634 963 1703 μόνον
1021 1633 1083 1686 ὲν
1130 1633 1316 1703 ἡμέρᾳ
1360 1626 1526 1702 ἦσαν,
1574 1630 1710 1684 ἀλλὰ
1755 1631 1851 1685 καὶ
1892 1631 1953 1683 ὲν

370 1724 550 1777 νυκτί.

2061 532 2370 603 seduloque
2399 531 2498 586 tibi
2535 532 2825 593 assistens.
2875 542 2929 587 et
2988 533 3095 586 alia
3129 532 3362 598 faciens,
3415 548 3538 604 qu:e
3570 534 3626 587 in

2059 625 2261 695 templo
2300 632 2398 680 tuo
2425 624 2540 681 lleri
2574 625 2767 683 decet?
2805 625 3080 681 Universo
3108 627 3254 681 enim
3300 625 3402 680 hoc
3428 626 3628 681 solatio

2056 718 2359 787 privamur,
2419 724 2710 789 postquam
2753 717 2845 773 hic
2894 717 3174 787 Babylone
3224 716 3425 786 captivi
3472 716 3628 787 degi-

2057 826 2203 865 mus.

2130 903 2295 960 Vens.
2324 904 2378 959 4.
2415 903 2658 959 Fuerunt
2686 904 2816 958 mihi
2845 905 3095 974 lacrymc
3127 919 3254 958 mea:
3275 903 3430 970 ponis
3455 902 3540 956 die
3566 919 3628 955 ac

2056 1008 2227 1063 nocte,
2255 997 2381 1051 dum
2410 997 2610 1052 dicitur
2626 998 2756 1052 mihi
2772 999 3006 1069 quotidie
3028 1015 3046 1053 :
3072 996 3171 1052 Ubi
3193 1006 3271 1051 est
3298 996 3439 1051 Deus
3468 997 3630 1050 tuus?

2055 1085 2196 1140 Dum
2229 1085 2536 1158 Babylonii,
2574 1088 2776 1157 inquit,
2805 1087 2898 1143 Dei
2938 1088 3044 1141 mei
3080 1087 3463 1157 impotentiam
3493 1086 3628 1141 milli

2055 1178 2477 1248 exprobrarent,
2524 1178 2777 1251 lacrymse
2805 1192 2939 1234 mea
2975 1178 3200 1234 fuerunt
3257 1178 3391 1232 mihi
3447 1178 3626 1247 panis,

2056 1285 2165 1324 non
2205 1270 2353 1342 quod
2378 1271 2460 1327 eis
2512 1285 2793 1341 pascerer,
2828 1270 2925 1326 sed
2956 1271 3084 1341 quia
3120 1270 3296 1325 instar
3328 1269 3487 1339 panis
3533 1283 3627 1323 eas

2056 1359 2461 1427 desiderabam,
2485 1368 2541 1417 et
2560 1360 2689 1431 quia
2731 1374 2841 1414 non
2873 1374 3037 1417 secus
3066 1358 3199 1414 mihi
3230 1366 3390 1414 erant
3423 1369 3628 1428 oppor-

2055 1462 2204 1511 tunze
2231 1469 2394 1525 quam
2426 1453 2803 1511 esurientibus
2829 1467 2954 1509 esse
2984 1466 3155 1522 panes
3186 1451 3400 1507 soleant
3427 1466 3444 1507 :
3480 1450 3627 1505 unde

2053 1561 2241 1601 earum
2266 1546 2563 1611 desiderio,
2597 1561 2704 1601 non
2735 1544 2974 1600 interdiu
3001 1550 3239 1608 tantum,
3268 1543 3361 1600 sed
3384 1541 3626 1597 assiduis

2055 1640 2219 1695 etiam
2245 1640 2503 1696 noctibus
2533 1638 2843 1694 detinebar.

446 1814 640 1870 Ταῦτα
668 1815 1005 1885 ἐμνήσθην,
1035 1816 1130 1871 καί
1157 1815 1371 1885 ἑξέχεα
1399 1815 1492 1869 ἐπ’
1520 1814 1625 1883 ἐμὲ
1657 1812 1775 1882 τὴν
1832 1817 1945 1883 ψυ-

2124 1819 2294 1875 Vens.
2327 1819 2381 1875 5.
2413 1819 2543 1873 Ha'c
2603 1821 2916 1875 recordatus
2955 1836 3098 1886 sum,
3132 1829 3184 1873 et
3234 1818 3397 1888 eludi
3438 1819 3492 1871 in
3543 1832 3626 1871 nte

371 1904 494 1973 χήν
510 1921 649 1973 μου.
682 1935 755 1946 -
788 1906 1004 1971 Ταῦτα,
1026 1908 1149 1961 ἀντὶ
1168 1905 1266 1958 τοῦ
1293 1903 1556 1966 Τοιαῦτα,
1579 1904 1726 1973 φημὶ
1756 1903 1813 1956 δὲ
1852 1901 1915 1954 τό
1939 1917 1955 1933 ·

370 1993 498 2049 Ποῦ
534 1996 706 2051 ἐστιν
731 2000 766 2051 ό
786 1998 931 2062 Θεός
962 2012 1119 2060 σου;
1176 1996 1425 2064 Ἐξέχεα
1446 1994 1525 2058 δὲ,
1565 1994 1710 2056 ἀντὶ,
1766 1993 1961 2063 Ἐχαύ-

370 2102 521 2138 νωσα
572 2088 629 2140 ιν
693 2086 924 2157 ἐμαυτῷ
975 2087 1074 2156 τὴν
1127 2087 1308 2156 ψυχήν
1366 2102 1491 2156 μου,
1525 2084 1808 2154 παρέλυσα
1860 2084 1957 2137 τοῦ

375 2179 531 2231 τόνου
574 2194 589 2208 ·
647 2179 709 2232 τὸ
775 2179 873 2249 μὲν
920 2178 1030 2248 γὰρ
1086 2178 1365 2243 συνεστὸς,
1420 2178 1735 2249 ὲπέρῤωται
1767 2194 1781 2208 °
1814 2178 1876 2230 τδ
1903 2178 1961 2231 δὲ

376 2271 655 2341 διαρρέον,
680 2270 1051 2341 κεχαύνωται.
1082 2270 1204 2341 Χρὴ
1239 2269 1297 2323 δὲ
1351 2269 1584 2323 καθόλου
1635 2269 1952 2338 γινώσκειν,

372 2365 450 2427 ὡς
484 2365 652 2434 ὴτῶν
696 2365 969 2436 Ἐϐραίων
995 2366 1297 2429 διάλεκτος,
1347 2365 1680 2435 ἀδιαφόρως,
1731 2364 1808 2428 ὡς
1861 2366 1957 2419 ἐπὶ

368 2458 432 2510 τὸ
468 2456 746 2521 πλεῖστον,
776 2460 899 2520 ταῖς
924 2457 1211 2522 συντάξεσι
1242 2457 1532 2528 κέχρηται,
1570 2457 1825 2527 καθάπερ
1854 2460 1950 2511 καὶ

365 2549 463 2601 νῦν
510 2549 602 2603 ἐπ’
650 2549 758 2618 ἐμὲ
822 2549 1078 2615 εἰποῦσα,
1118 2550 1239 2604 ἀντὶ
1287 2551 1379 2603 τοῦ
1409 2551 1480 2604 ὲν
1510 2551 1662 2619 ἐμοί.
1697 2549 1757 2602 Ei
1784 2551 1839 2603 δὲ
1869 2550 1949 2612 τὸ,

366 2640 555 2695 ταῦτα
592 2643 927 2710 ἐμνήσθην,
980 2641 1118 2712 πρὸς
1147 2643 1239 2696 τὸν
1285 2642 1484 2712 ἑφεξῆς
1519 2642 1700 2713 στίχον
1736 2641 1951 2696 ἀποδώσ-

370 2749 507 2797 σεις,
535 2733 723 2805 ἓτερον
754 2735 933 2804 νόημα
979 2737 1255 2803 ποιήσεις,
1304 2734 1387 2787 ὅτι
1441 2732 1616 2787 ταῦτα
1646 2732 1949 2804 ἐμνήσθην,

369 2823 465 2877 καὶ
501 2824 753 2895 διέχυσα,
790 2826 1078 2879 τουτέστιν
1106 2825 1287 2896 ἀνῆκα
1320 2825 1850 2897 ὲστενοχωρημένην
1893 2827 1952 2880 ὲν

368 2917 593 2988 ἐμαυτῷ
640 2917 740 2989 τὴν
772 2918 952 2989 ψυχήν
1015 2935 1140 2985 μου.
1194 2917 1382 2971 Ταῦτα
1428 2915 1486 2970 δὲ
1537 2917 1700 2983 ποιεῖ,
1744 2916 1947 2987 δηλαδὴ

367 3007 462 3061 τοῦ
491 3009 689 3080 ἐφεξῆς
725 3010 910 3080 στίχου
944 3026 959 3041 ’
995 3008 1129 3079 φησὶ
1153 3008 1263 3078 γάρ
1292 3024 1308 3041 ⁸

2055 1914 2293 1966 animum
2324 1928 2516 1966 meam.
2557 1911 2683 1966 [lare
2728 1912 3048 1967 recordatus
3099 1925 3219 1966 sum
3248 1948 3265 1972 .
3320 1910 3486 1965 verba
3532 1909 3625 1963 illa

2055 2002 2343 2065 nimirum,
2397 2018 2519 2073 quae
2544 2001 2613 2057 ad
2650 2017 2738 2058 me
2792 2001 3053 2055 dicuntur
3084 2000 3332 2069 quotidie
3364 2017 3379 2054 :
3417 2000 3518 2054 Ubi
3546 2008 3626 2054 eat

2056 2093 2201 2148 Deus
2230 2103 2352 2147 tuus
2376 2094 2402 2148 2
2429 2092 2606 2161 Quam
2634 2092 2706 2148 ob
2735 2088 2963 2148 causam
2998 2090 3207 2159 E/rudi,
3236 2090 3343 2145 hoc
3379 2100 3484 2154 est,
3519 2088 3628 2142 La-

2059 2183 2208 2247 xavi,
2245 2182 2300 2237 in
2333 2197 2420 2238 me
2456 2183 2576 2253 ipso
2624 2182 2865 2236 animam
2926 2195 3127 2244 meam,
3175 2188 3232 2235 et
3258 2178 3625 2235 constantiam

2059 2275 2181 2345 ejus
2205 2289 2423 2330 omnem
2453 2274 2703 2331 dissolvi.
2747 2272 2862 2328 llac
2910 2283 3095 2328 autem
3125 2270 3414 2327 eﬂ'usionis
3444 2280 3628 2325 trans-

2057 2366 2262 2422 latione
2286 2382 2416 2422 usus
2436 2376 2523 2423 est
2544 2366 2835 2436 Pmpheta,
2868 2365 3018 2436 quia,
3045 2377 3166 2435 quae
3193 2362 3452 2419 solidiora
3474 2370 3625 2427 sunt,

2055 2456 2298 2512 ﬁrmiora
2330 2466 2496 2527 atque
2528 2457 2904 2512 eonstantiora
2932 2470 3057 2511 esse
3083 2454 3267 2510 solent
3298 2470 3315 2509 :
3342 2466 3466 2524 qum
3492 2466 3625 2506 vero

2055 2547 2245 2611 liuida,
2274 2548 2525 2604 molliora
2561 2555 2727 2617 atque
2751 2546 2985 2603 laxiora.
3023 2545 3160 2601 illud
3207 2547 3265 2601 in
3299 2546 3620 2601 universum

2049 2640 2593 2695 animadvertendum
2634 2648 2739 2700 est.
2776 2639 2924 2710 quod
2981 2637 3188 2693 Hebraei
3246 2650 3624 2707 smpermmero

2048 2733 2341 2787 verborum
2383 2730 2900 2787 constructionibus
2950 2729 3334 2784 indifferenter
3363 2735 3620 2789 utuntur,

2048 2831 2108 2877 ut
2138 2838 2286 2877 nunc
2325 2841 2339 2878 :
2373 2822 2583 2892 Eﬂ‘udi,
2617 2821 2820 2891 inquit,
2853 2822 2909 2874 in
2946 2836 3049 2882 me,
3076 2835 3174 2888 pro
3206 2820 3355 2873 Intra
3383 2834 3492 2873 me.
3519 2820 3625 2873 Ve-

2050 2929 2172 2968 rum
2214 2915 2262 2969 si
2286 2914 2455 2969 verba
2488 2914 2624 2979 bare,
2662 2912 2993 2967 Recordatus
3043 2927 3180 2973 sum,
3218 2910 3283 2963 ad
3334 2912 3623 2975 sequentia

2051 3005 2382 3070 referantur,
2409 3005 2551 3060 alius
2577 3004 2845 3058 ellicietur
2870 3017 3095 3064 sensus.
3150 3001 3407 3055 videlicet
3439 3012 3457 3058 :
3498 3000 3624 3054 “me

371 3102 691 3160 recordatus
724 3118 869 3166 sum,
900 3113 955 3157 et
983 3102 1223 3156 animam
1262 3115 1464 3165 meam,
1488 3110 1647 3156 antea
1680 3100 1938 3155 nimirum
1978 3099 2250 3172 angustiis
2311 3105 2668 3163 coarctatam,
2716 3096 2906 3168 eﬁ‘udi,
2958 3096 3061 3150 boc
3092 3103 3197 3158 est,
3264 3093 3499 3158 absolvi,
3566 3101 3642 3145 ett

380 3199 617 3253 relaxavi
652 3200 705 3252 in
738 3214 824 3253 me
856 3198 996 3268 ipso.
1039 3197 1171 3265 Quae
1200 3203 1380 3251 autem
1403 3198 1512 3253 sint
1542 3196 1676 3259 haec,
1709 3210 1831 3266 quae
1855 3195 2175 3267 recordatus
2209 3208 2354 3256 sum,
2379 3193 2531 3249 audi.

441 3299 567 3351 ..Οτι
594 3296 983 3364 διελεύσομαι
1012 3293 1082 3348 ἐν
1114 3294 1280 3365 τόπῳ
1320 3291 1564 3361 σκηνῆς
1599 3289 1945 3360 θαυμαστῆς

2126 3291 2392 3356 Quoniam
2419 3289 2752 3358 pertransibo
2782 3291 2835 3344 in
2873 3290 2988 3345 loco
3019 3291 3349 3346 taoernaculi
3380 3291 3621 3345 admira-

365 3390 476 3456 ἕως
495 3388 784 3444 toi/obeat)
808 3387 913 3442 τοῦ
939 3385 1109 3442 Θεοῦ.
1130 3385 1242 3456 (52)
1280 3385 1582 3457 Ἐνείσθην,
1611 3384 1767 3453 φησὶ,
1801 3401 1942 3455 μνη-

369 3480 516 3542 σθεὶς
546 3481 630 3533 ὅτι
660 3480 1027 3547 περιπατήσω
1073 3476 1234 3529 πάλιν
1259 3476 1318 3528 ὲν
1347 3473 1425 3545 τῷ
1449 3474 1565 3546 ναῷ
1609 3475 1773 3545 μέχρι
1831 3474 1941 3526 τῶν

367 3570 579 3626 ἀδύτων
604 3570 807 3626 αὑτοῦ·
870 3570 1077 3639 σκηνὴν
1119 3568 1219 3639 μὲν
1249 3568 1358 3639 γὰρ
1413 3567 1733 3638 θαυμαστὴν
1792 3567 1939 3636 λέγει

366 3664 459 3714 τὸν
503 3663 855 3733 περιώνυμον
894 3661 989 3716 τοῦ
1042 3658 1390 3729 Σολομῶντος
1444 3659 1571 3713 ναόν
1605 3677 1620 3693 ο
1670 3655 1821 3713 οἷκον
1882 3657 1939 3711 δὲ

366 3754 527 3820 Θεοῦ,
566 3755 635 3808 τὰ
680 3753 849 3807 ἄδυτα
877 3750 971 3805 τοῦ
1017 3749 1167 3804 ναοῦ.
1230 3749 1375 3819 Πρὸς
1417 3748 1475 3802 δὲ
1522 3748 1622 3821 τὴν
1677 3748 1942 3820 δευτέραν

365 3848 645 3917 ἐξήγησιν,
677 3846 737 3899 τὸ
760 3843 869 3909 ὅτι,
906 3839 1268 3913 βεϐαιωτικὸν
1301 3841 1540 3911 νοήσεις,
1596 3838 1673 3903 ὡς
1731 3855 1941 3908 προφη-

364 3937 616 4000 τεύοντος
667 3934 1085 4004 τοῦ-λέγοντος.
1140 3931 1374 3995 Ἀλλως,
1434 3929 1610 4002 σκηνὴ
1668 3931 1789 3999 μὲν,
1818 3931 1852 4001 η
1882 3929 1941 3997 ἐξ

365 4029 523 4100 ἡμῶν
544 4029 676 4098 ἁγία
697 4027 793 4082 τοῦ
821 4028 1002 4096 Λόγου
1039 4024 1177 4096 σάρξ
1200 4040 1214 4055 ·
1244 4022 1535 4094 Θαυμαστὴ
1559 4021 1615 4075 δὲ
1650 4019 1809 4093 αὐτὴ,
1864 4021 1941 4085 ὡς

362 4120 489 4191 δίχα
523 4122 731 4192 σπορᾶς
773 4119 1134 4191 συμπαγεῖσα
1173 4133 1188 4147 ⁸
1220 4111 1375 4181 οἶκος
1403 4115 1481 4182 δὲ,
1515 4116 1549 4186 ἠ
1594 4115 1755 4187 νοερὰ
1809 4114 1942 4183 ταύ-

360 4231 463 4283 της
483 4214 652 4283 ψυχὴ,
683 4212 774 4266 διὰ
803 4213 974 4283 μέσης
1003 4212 1113 4283 γὰρ
1151 4211 1323 4281 αὐτῆς
1351 4211 1379 4264 ὁ
1416 4208 1549 4271 Θεὸς
1592 4208 1839 4279 ὡμίλησε
1870 4209 1936 4279 τῇ

363 4305 528 4375 σαρκί
559 4321 574 4335 ·
599 4304 763 4364 τόπος
789 4303 869 4369 δὲ,
898 4302 1062 4367 αὐτὸς
1089 4305 1117 4355 ὀ
1136 4302 1328 4370 Λόγος,
1352 4301 1408 4354 ὲν
1431 4298 1610 4371 ἑαυτῷ
1636 4300 1735 4371 τὴν
1765 4316 1937 4370 προσ-

361 4394 668 4465 ληφθεῖσαν
726 4392 891 4464 φύσιν
947 4393 1265 4464 ὑποστήσας
1324 4408 1384 4445 τε
1446 4391 1542 4445 καὶ
1602 4389 1937 4460 πηξάμενος.

359 4488 722 4560 Διελεύσομαι
744 4481 859 4553 οὖν,
885 4486 1040 4557 φησὶ,
1070 4485 1161 4539 διὰ
1183 4483 1274 4537 τοῦ
1300 4483 1476 4552 Λόγου
1498 4482 1591 4538 τοῦ
1622 4482 1759 4536 Θεοῦ
1788 4499 1942 4554 χειρ-

361 4580 772 4650 αγωγούμενος,
826 4578 928 4642 ἕως
988 4579 1085 4650 τῆς
1124 4576 1307 4649 ψυχῆς
1351 4576 1445 4631 τοῦ
1483 4577 1936 4648 προσλήμματος,

360 4672 669 4742 φιλοσοφῶν
711 4670 838 4743 περὶ
863 4669 1068 4735 αὐτῶν,
1094 4668 1189 4724 καὶ
1220 4668 1442 4740 θεωρῶν
1472 4669 1615 4722 κατὰ
1660 4667 1893 4737 δύναμιν
1914 4683 1930 4698 ο

358 4766 674 4836 περαιτέρω
706 4763 763 4817 δὲ
796 4761 1136 4833 προϐαίνειν,
1189 4758 1374 4813 οὐκέτι
1407 4758 1926 4830 συγχωρηοὴσομαι.

2049 3384 2169 3439 bilis
2192 3400 2354 3453 usque
2388 3384 2458 3437 ad
2486 3383 2702 3437 domum
2732 3383 2843 3438 Dei.
2896 3382 3202 3439 Recreatus
3238 3393 3402 3453 atque
3433 3385 3615 3439 anima

2045 3477 2322 3533 relaxatus
2370 3492 2516 3540 sum,
2573 3476 2771 3547 inquit,
2836 3476 3110 3531 memoria
3162 3486 3436 3546 repetens,
3471 3476 3616 3546 quod

2046 3583 2241 3624 rursus
2272 3568 2327 3621 in
2364 3568 2572 3637 templo
2601 3576 2697 3623 tuo
2746 3569 3203 3623 deambulaturus
3258 3583 3409 3630 sum.
3459 3579 3512 3623 et
3548 3570 3637 3623 ad'

2048 3658 2199 3713 illius
2249 3671 2426 3725 usque
2495 3657 2660 3727 adyta
2709 3666 3109 3726 perventurus.
3165 3659 3266 3712 Per
3294 3658 3618 3714 admirabile

2043 3750 2189 3804 enim
2222 3749 2664 3811 tabernaculum,
2689 3749 3113 3804 celeberrimum
3146 3748 3461 3805 Salomonis
3490 3758 3620 3805 tem-

2046 3837 2195 3908 plum
2237 3836 2513 3906 intelligit,
2556 3845 2612 3892 et
2639 3851 2736 3907 per
2765 3838 2989 3891 domum
3026 3838 3143 3900 Dei,
3216 3840 3377 3911 adyta
3442 3840 3618 3911 ipsius

2045 3928 2257 3999 templi.
2292 3928 2448 3995 Quod
2482 3929 2527 3985 si
2565 3931 2806 4000 priorem
2852 3930 3249 4000 expositionem
3284 3931 3457 4003 magis
3483 3947 3612 4004 pro-

2044 4022 2285 4082 baveris.
2320 4020 2642 4085 dictionem,
2690 4020 2963 4091 quoniam,
3003 4019 3244 4090 intellige
3281 4020 3372 4077 hic
3431 4024 3619 4091 jacere

2042 4129 2144 4186 pro
2175 4113 2435 4169 adverbio
2465 4112 2853 4179 conﬁrmandi,
2890 4113 3044 4177 juxta
3078 4111 3330 4169 Hebraici
3383 4115 3616 4171 idlomao

2044 4206 2115 4261 tis
2145 4202 2630 4271 consuetudinem,
2655 4212 2709 4258 et
2735 4204 2902 4259 verba
2946 4203 3204 4259 versiculi
3240 4206 3616 4276 prephetantis

2041 4296 2211 4351 verba
2239 4310 2387 4351 esse.
2440 4293 2538 4351 Vel
2566 4295 2727 4349 aliter
2763 4310 2775 4348 :
2813 4294 2919 4349 Per
2951 4295 3395 4360 tabernaculum,
3425 4304 3614 4352 sancta

2043 4384 2210 4441 Verbi
2239 4401 2369 4441 caro
2399 4394 2579 4457 potest
2609 4385 2865 4455 intelligi,
2900 4400 3021 4456 qua
3050 4386 3248 4441 merito
3277 4386 3615 4443 admirabilis

2042 4479 2150 4534 dici
2174 4486 2376 4550 potest,
2406 4478 2533 4549 quia
2558 4476 2767 4548 absque
2808 4477 2919 4532 ullo
2940 4481 3155 4532 semine
3191 4485 3451 4533 concreta
3482 4487 3567 4533 est
3594 4494 3611 4540 ;

2042 4580 2097 4627 et
2119 4587 2215 4642 per
2245 4572 2465 4627 domum
2493 4568 2609 4633 Dei,
2668 4570 2849 4625 anima
2872 4567 3026 4625 illius
3057 4568 3264 4633 carnis,
3298 4584 3399 4637 per
3449 4583 3611 4639 quam

2042 4666 2184 4721 Deus
2209 4666 2261 4721 in
2295 4674 2578 4734 assumpta
2603 4677 2769 4718 carne
2802 4661 3113 4718 diversatns
3143 4670 3248 4717 est.
3301 4660 3480 4717 Locus
3511 4678 3611 4715 au-

2033 4767 2144 4815 tem
2177 4757 2543 4822 tabernaculi,
2566 4756 2747 4827 ipsum
2774 4766 2856 4811 est
2887 4755 3128 4809 Verbum
3172 4754 3290 4817 Dei,
3335 4770 3431 4825 per
3458 4755 3606 4826 quod

356 4867 611 4913 concreta
651 4864 757 4922 est,
789 4865 841 4911 et
881 4854 1089 4910 exstitit
1118 4851 1323 4908 Christi
1363 4865 1514 4906 caro.
1554 4850 1911 4906 Pertransibo
1950 4849 2138 4919 igitur,
2170 4850 2366 4920 inquit,
2388 4863 2484 4919 per
2517 4845 2761 4903 Verbum
2788 4846 2903 4913 Dei,
2926 4854 2984 4901 et
3021 4861 3195 4917 us1ue
3262 4847 3329 4900 ad
3394 4862 3612 4903 assum-

356 4960 461 5021 pta:
489 4948 673 5005 carnis
701 4946 939 5003 animam
965 4944 1243 5000 deducar:
1275 4943 1330 4997 iu
1367 4941 1552 4996 animo
1589 4955 1711 4995 meo
1756 4941 2020 4996 nimirum
2049 4954 2113 4996 ea
2140 4939 2485 5005 examinans,
2526 4943 2612 4994 ‘et
2672 4937 3079 5008 contemplans,
3148 4952 3272 5007 qua:
3308 4938 3378 4995 de
3458 4946 3611 4995 tanto

356 5044 618 5118 mysterio
654 5043 935 5115 percipere
967 5052 1178 5113 potero.
1218 5032 1463 5096 Ulterius
1483 5039 1630 5091 cutim
1661 5039 2000 5106 pertransire
2036 5051 2143 5091 non
2175 5034 2419 5091 dabitur.

441 5140 541 5193 ἐν
592 5137 765 5207 φωνῇ
814 5132 1233 5207 ἀγαλλιάσεως
1280 5132 1378 5185 καί
1435 5129 1930 5200 ἐξομολογήσεως

352 5232 512 5301 ἤχου
540 5228 949 5298 ἐορτιὶζοντος,
985 5224 1346 5294 Διελεύσομαι
1372 5220 1428 5273 δὲ
1466 5222 1524 5273 ἐν
1556 5222 1708 5291 φωνῇ
1732 5222 1926 5291 χαρᾶς.

351 5323 451 5376 καὶ
481 5323 540 5374 ὲν
571 5322 724 5389 φωνῇ
769 5319 1126 5389 εὐχαριστίας
1169 5315 1303 5383 ἤχου
1354 5311 1733 5383 ὲορταστικοῦ,
1768 5327 1927 5365 τουτ-

351 5414 511 5467 έστιν
561 5410 841 5482 Ἐορτὰσω
871 5408 1056 5473 πάλιν,
1078 5407 1151 5471 ὡς
1171 5406 1456 5478 πρότερον,
1492 5403 1586 5458 καὶ
1608 5404 1673 5474 τῇ
1705 5402 1801 5456 τοῦ
1832 5402 1921 5453 νό-

355 5522 462 5574 μου
498 5503 729 5575 λατρεία
753 5503 1051 5574 χρήσομαι.

2111 5129 2177 5183 In
2196 5145 2314 5182 vote
2343 5128 2739 5189 exsultationis.
2764 5140 2815 5184 et
2838 5131 3184 5201 confessionis
3208 5128 3327 5181 som'
3345 5127 3608 5196 festivita-

2039 5229 2138 5275 tem
2164 5219 2499 5277 celebranlis.
2534 5219 2887 5278 Pertransibo
2910 5230 3093 5277 autem
3130 5222 3183 5273 iu
3237 5232 3368 5269 voce
3400 5217 3604 5285 gaudii,

2038 5321 2089 5367 et
2116 5312 2418 5381 gratiarum
2466 5312 2723 5379 actionis,
2768 5312 2824 5367 in
2866 5326 2998 5368 voce
3052 5309 3171 5365 soni
3228 5304 3434 5371 festivi,
3464 5320 3526 5357 ac
3558 5304 3604 5359 si

2038 5402 2249 5457 diceret
2288 5418 2303 5457 :
2336 5401 2685 5459 Festivitatcs
2721 5417 2936 5464 rursus,
2972 5407 3032 5453 ut
3053 5398 3205 5463 olim,
3228 5394 3340 5451 Deo
3364 5410 3487 5453 meo
3517 5409 3607 5452 ce-

2036 5491 2283 5562 lebrabo,
2310 5504 2361 5551 et
2384 5494 2544 5553 solito
2584 5504 2711 5551 utar
2750 5496 2898 5551 cultu
2943 5493 3096 5563 legis.

1669 5674 1863 5736 Variae
1895 5670 2225 5735 lectiones.

429 5788 541 5859 (5‘2)
569 5785 650 5841 ΑΙ.
682 5783 949 5854 ’Λνξίοην.
1835 5784 1868 5817 υ
