4114 6208
472 312 571 376 471

472 611 580 675 dis,
605 620 660 666 et
686 612 923 681 quietem
951 628 1148 683 capere
1182 631 1289 671 non
1313 619 1496 674 sinis?
1522 618 1652 674 Haec
1678 628 1860 677 autem
1885 623 2051 678 verba

472 704 656 758 dicere
699 705 887 773 ccepit,
915 716 1207 778 postquam
1239 710 1443 765 certior
1495 711 1678 769 factus
1727 723 1814 769 est
1850 715 1918 770 de
1948 731 2052 772 suo

472 800 526 851 in
560 798 793 866 patriam
833 800 1031 854 reditu.

543 888 716 957 Spera
766 891 821 944 in
872 891 1000 958 Deo,
1071 897 1326 964 quoniam
1381 901 1554 954 adhuc
1611 903 1898 970 conﬁtebor
1947 904 2047 958 illi.

471 979 743 1046 Quoniam
768 983 974 1052 gratias
999 984 1073 1038 illi
1100 1001 1280 1058 agam,
1310 989 1403 1044 ubi
1441 992 1702 1049 nimirum
1738 994 1793 1047 in
1817 1002 2049 1064 patriam

472 1072 708 1127 rediero.

542 1163 798 1220 Salutare
827 1167 1000 1223 vultus
1034 1175 1156 1235 mei,
1191 1182 1239 1227 et
1274 1173 1410 1229 Deus
1440 1191 1612 1231 meus.
1679 1177 1816 1234 Cum
1867 1177 2051 1232 futura

470 1266 526 1313 et
557 1272 587 1312 a
617 1272 677 1314 se
718 1260 945 1328 praevisa
976 1260 1069 1318 Dei
1105 1263 1368 1321 beneﬁcia
1402 1267 1457 1321 in
1495 1269 1682 1324 animo
1723 1271 2052 1336 revolveret,

471 1364 691 1404 summa
743 1365 870 1405 cum
907 1351 1278 1411 delectatione
1335 1356 1488 1413 illum
1538 1361 2051 1429 circumloquendn,

471 1440 784 1507 invocavit,
850 1440 1044 1499 dicens
1101 1463 1114 1498 :
1168 1444 1211 1500 Ο
1275 1448 1429 1505 salus
1500 1465 1667 1515 mea,
1720 1459 1777 1505 et
1824 1468 1856 1508 ο
1911 1454 2054 1509 Deus

471 1546 653 1590 meus.

546 1626 629 1679 Ad
667 1645 746 1683 me
768 1629 937 1699 ipsum
973 1633 1291 1688 conturbata
1319 1644 1397 1690 est
1422 1638 1601 1693 anima
1623 1656 1756 1693 mea.
1777 1671 1846 1680 ——
1870 1639 1949 1693 Ad
1977 1657 2056 1694 me

468 1722 665 1788 ipsum,
707 1721 809 1778 hoc
838 1736 946 1789 est,
980 1725 1050 1781 ln.
1074 1742 1161 1782 me
1192 1727 1337 1798 ipso,
1376 1733 1598 1787 nemine
1654 1733 1763 1787 alio
1808 1734 2051 1788 exterius

1692 322 2079 388 EUTHYMKI
2120 322 2486 392 ZIGABENI

543 426 708 482 Vens.
736 429 790 484 6.
849 431 1027 497 Quare
1057 432 1226 487 tristis
1268 450 1344 502 es,
1392 438 1570 491 anima
1611 456 1748 504 mea,
1806 449 1855 494 et
1889 455 2052 510 quare
2080 440 2127 496 Δ

474 520 755 575 conturbas
786 521 905 576 me?
929 522 1109 589 Quare
1150 540 1237 581 me
1271 527 1452 596 angis,
1480 529 1680 598 inquit,
1722 538 1777 585 et
1818 530 2051 587 confun-
2094 555 2101 560 δ

3624 337 3732 400 4⁸72

2241 441 2428 497 Ἰνατί
2454 446 2790 514 περίλυπος
2811 443 2884 514 εἴ,
2934 448 2974 517 ἡ
3021 450 3192 517 ψυχη
3225 465 3365 517 per,
3425 450 3517 503 καὶ
3579 454 3739 507 ινατι

2153 537 2605 607 συνταράσσεις
2632 557 2747 609 με;
2779 543 2934 596 Διατι
2964 540 3191 607 θλίϐεις,
3218 543 3311 595 καὶ
3333 541 3474 595 διατί
3512 547 3735 615 συγχεῖς

2156 646 2246 698 με,
2287 631 2384 684 καὶ
2409 630 2511 684 οὐκ
2537 633 2631 701 ἐᾷς
2658 633 2925 703 ἡρεμεῖνς
2952 633 3140 687 Ταῦτα
3180 634 3237 687 δὲ
3293 633 3472 704 ἔλεγε,
3535 636 3739 706 πληρο-

2155 722 2353 793 φορίαν
2384 726 2630 793 περὶτῆς
2667 727 2929 780 ἐπανόδου
2955 726 3275 798 δεξάμενος.

2232 905 2535 958 Ἕλπισον
2560 904 2658 959 ἐπι
2694 905 2802 960 τὸν
2844 906 3012 967 Θεὸν.
3066 907 3157 961 ὅτι
3208 907 3734 977 ἐξομολογήσηται

2156 998 2337 1064 αὐτῷ.
2390 999 2512 1052 Ὀτι
2543 1000 2927 1071 εὖχαριστὴσω
2949 1000 3118 1069 αὐτῷ,
3156 1000 3473 1054 ἐπανελθὼν
3507 1002 3736 1070 δηλαδή.

2228 1092 2531 1161 Σωτήρων
2571 1095 2679 1149 τοῦ
2713 1094 3039 1163 προσώπου
3065 1112 3207 1163 μου,
3232 1095 3328 1148 καὶ
3354 1098 3387 1149 ό
3415 1096 3560 1161 Θεός
3594 1114 3735 1162 μου.

2157 1180 2270 1252 Τῆς
2296 1183 2527 1257 ὕστερον
2558 1185 2880 1256 εὐεργεσίας
2919 1182 3017 1237 τοῦ
3047 1182 3186 1236 Θεοῦ
3223 1183 3519 1253 μνησθεὶς,
3567 1185 3735 1253 ἡδέως,

2157 1279 2499 1333 ἐπικαλεῖται
2526 1277 2715 1343 αὑτὸν,
2749 1277 2924 1345 λέγων
2960 1292 2976 1307 ·
3008 1272 3081 1330 Ὦ
3107 1276 3354 1348 σωτηρία
3413 1294 3538 1347 μου,
3578 1293 3734 1345 περι-

2158 1370 2502 1441 φραστικῶς,
2528 1370 2623 1423 καὶ
2647 1362 2692 1423 ὧ
2716 1370 2746 1423 ὁ
2766 1369 2900 1434 Θεός
2932 1386 3060 1440 μου.

2217 1640 2371 1709 Πρὸς
2395 1639 2659 1709 ἐμαυτὸν
2711 1640 2751 1705 ἠ
2798 1637 2971 1707 ψυχή
2998 1656 3114 1708 μου
3142 1638 3462 1707 ἐταράχθη.
3489 1666 3561 1678 -—
3584 1638 3734 1705 Πρὸς

2157 1731 2441 1801 ἐμαυτὸν,
2473 1732 2596 1786 ἀντὶ
2618 1732 2736 1798 τοῦ,
2784 1733 2874 1785 Ἐν
2901 1730 3147 1801 ἐμαυτῷ,
3175 1731 3402 1801 μηδενὸς
3454 1730 3564 1784 τῶν
3610 1730 3734 1794 ἔξω·

472 1826 768 1868 mterorem
828 1814 978 1871 hunc
1054 1834 1233 1874 meum
1290 1822 1522 1879 sciente.
1582 1823 1911 1879 Coaturbata
1975 1835 2051 1881 est

2156 1819 2249 1872 Θεν
2277 1820 2583 1883 συνειδότος
2603 1838 2693 1890 μοι
2725 1821 2826 1892 τὴν
2854 1821 3116 1892 τοιαύτην
3138 1820 3338 1892 λύπην.
3406 1821 3735 1889 Ἐταρὰχθη

470 1914 680 1979 autem,
719 1909 1030 1979 recogitans
1093 1913 1360 1970 nimirum
1423 1928 1644 1985 peccata
1704 1920 1776 1975 ob
1824 1936 1946 1990 quae
1996 1921 2051 1975 in

469 1998 824 2056 inimicorum
882 2019 1079 2061 manus
1132 2009 1317 2064 traditi
1386 2026 1599 2079 smnus,
1678 2014 1761 2069 vel
1840 2029 2049 2069 moram

470 2105 537 2147 ac
615 2091 927 2149 tarditatem
990 2099 1304 2169 recogitans
1358 2102 1568 2157 reditus
1626 2106 1798 2160 nostri
1851 2105 1905 2158 in
1959 2121 2053 2175 pa-

468 2180 654 2236 triam.

538 2273 830 2341 Propterea
866 2294 1067 2333 memor
1091 2297 1180 2335 ero
1228 2284 1305 2336 tui
1363 2284 1426 2336 de
1492 2294 1633 2338 terra
1676 2285 1957 2351 Iordanis,
2002 2297 2051 2341 et

468 2362 805 2421 Hermonith
873 2383 904 2419 a
958 2377 1136 2424 mante
1200 2373 1430 2425 modico.
1496 2373 1816 2443 Propterea,
1855 2376 2055 2445 inquit,

468 2452 702 2510 amictus
735 2471 945 2511 memor
968 2474 1064 2513 ero
1088 2461 1190 2525 tui,
1223 2461 1328 2517 hoc
1360 2474 1464 2529 est,
1491 2468 1831 2523 recordabar
1859 2469 2051 2536 studii,

467 2552 524 2600 et
556 2558 700 2600 curae
742 2554 872 2612 tum,
905 2560 1069 2618 quam
1110 2551 1355 2609 habuisti
1392 2556 1542 2611 circa
1593 2572 1719 2625 nos,
1759 2567 1809 2614 et
1855 2560 2054 2630 praeci-

466 2652 577 2707 pue
607 2638 680 2693 ob
710 2639 799 2694 illa
841 2640 1009 2707 bona,
1041 2643 1244 2713 quibus
1282 2646 1337 2701 in
1384 2658 1534 2703 terra
1568 2651 1955 2721 promissionis
1991 2661 2045 2710 te

468 2734 696 2780 auctore
755 2726 1101 2783 fruebamur.
1168 2730 1271 2787 Per
1302 2733 1615 2809 ‘Jordanem
1654 2739 1803 2794 enim
1852 2751 1908 2796 et
1958 2756 2056 2811 per

467 2816 779 2885 proximum
819 2817 897 2871 illi
929 2827 1202 2885 montem,
1231 2823 1325 2893 qui
1352 2832 1407 2880 et
1444 2823 1807 2895 Hermoniim,
1837 2839 1893 2886 et
1926 2828 2057 2887 [ler-

466 2923 598 2963 mon
634 2907 861 2975 dicitur,
909 2917 1080 2966 totam
1110 2911 1356 2970 Judaeam
1414 2916 1767 2989 signiﬁcavit.
1824 2921 2054 2980 Addidit

416 3070 427 3081 -
467 3001 633 3055 etiam
663 3001 935 3072 privatam
973 3004 1180 3060 montis
1200 3006 1349 3063 illius
1376 3008 1724 3079 qualitatem,
1767 3014 1914 3085 quod
1940 3016 2052 3072 sci-

467 3093 613 3149 licet
637 3110 830 3163 parvus
858 3106 961 3150 est.

548 3183 709 3240 Vens.
743 3188 799 3242 8.
831 3187 1061 3257 Abyssus
1110 3192 1359 3263 abyssum
1387 3196 1595 3252 invocat
1624 3200 1676 3253 in
1712 3216 1883 3254 vocem
1906 3208 2053 3256 cata-

466 3283 739 3329 ractarum
786 3285 1025 3332 tuarum.
1079 3279 1441 3351 Antiquorum
1501 3286 1597 3342 Dei
1654 3287 2050 3344 beneﬁciorum

467 3381 707 3428 memor.
740 3367 1015 3438 deplorat,
1045 3373 1193 3441 quod
1227 3375 1281 3429 in
1315 3377 1607 3446 prasentia
1636 3379 1705 3434 ab
1739 3394 1805 3435 co
1831 3379 2044 3437 dereli-

468 3466 596 3513 ctus
650 3459 926 3528 videatur,
986 3478 1086 3533 per
1125 3465 1410 3536 abyssum,
1466 3478 1684 3526 vastum
1738 3472 2051 3543 intelligens

467 3550 849 3607 calamitatum
884 3554 1138 3626 pelagus,
1168 3556 1223 3612 in
1261 3575 1373 3635 quo
1418 3568 1552 3618 tunc
1596 3576 1656 3619 se
1685 3565 2048 3621 constitutum

464 3642 712 3700 videbat.
744 3643 1046 3715 Profunda,
1075 3650 1279 3719 inquit,
1319 3666 1383 3710 ac
1417 3662 1572 3710 vasta
1614 3655 1923 3721 calamitas,
1956 3671 2054 3711 va-

470 3735 699 3792 stiorem
726 3737 889 3793 aliam
922 3753 1141 3810 semper
1160 3752 1319 3797 vocat
1336 3743 1734 3811 calamitatem,
1757 3747 1825 3803 ad
1851 3763 2045 3803 vocem

466 3836 896 3895 catarat-tarum,
923 3828 1026 3885 hoc
1056 3839 1161 3899 est,
1213 3833 1533 3889 collisorum
1602 3843 1843 3892 tuorum.
1898 3838 2051 3894 Adeo

464 3918 615 3972 enim
642 3918 893 3984 alternae,
918 3933 982 3974 ac
1006 3917 1323 3990 frequentes
1342 3921 1684 3979 calamitates
1713 3926 2048 3987 confractus,

465 4024 531 4064 ac
558 4009 786 4066 collisos
817 4025 922 4067 nos
951 4027 1144 4068 servos
1176 4022 1303 4069 tuos
1352 4013 1705 4082 adoriuntur,
1755 4025 1817 4071 ut
1852 4026 2050 4072 mutuo

464 4117 588 4157 sese
622 4102 908 4158 adhortari
935 4104 1232 4161 videantur
1264 4122 1278 4161 :
1310 4113 1367 4161 et
1399 4105 1539 4162 adeo
1574 4122 1676 4163 nos
1700 4107 1968 4179 aﬂligunt.
1995 4118 2049 4163 et

461 4198 719 4261 pungunt
761 4201 841 4258 ut,
869 4209 981 4265 prte
1010 4194 1181 4250 nimio
1209 4194 1400 4252 dolore
1443 4196 1511 4251 ad
1539 4197 1838 4253 clamorem
1879 4199 2048 4253 etiam

462 4298 568 4340 nos
595 4296 916 4355 provocent.
958 4288 1137 4344 Dictio
1164 4297 1348 4346 autem
1397 4300 1823 4358 cataractarum,
1856 4292 2046 4350 Graeca

461 4385 548 4433 est
573 4386 631 4432 et
661 4378 805 4436 idem
830 4380 918 4434 hic
958 4380 1256 4451 signiﬁcat,
1294 4390 1355 4437 ut
1380 4383 1644 4450 diximus,
1674 4384 1847 4452 quod.
1884 4387 2043 4442 colli-

2154 1910 2231 1975 δὲ,
2262 1912 2696 1983 ἀναλογιζομένη
2725 1913 2822 1976 τὰς
2843 1913 3141 1983 ἁμαρτίας,
3189 1914 3259 1967 δι’
3304 1913 3371 1977 ἃς
3434 1914 3731 1983 παρεδόθη-

2159 2020 2260 2071 μεν
2286 2005 2403 2066 τοῖς
2446 2003 2697 2073 ἐχθροῖς⁸
2726 2005 2760 2076 ἢ
2792 2003 2891 2075 τὴν
2943 2004 3256 2077 βραδύτητα
3300 2004 3399 2075 τῆς
3448 2006 3735 2058 ἐπανόδου.

2224 2275 2328 2329 Διὰ
2362 2274 2537 2329 τοῦτο
2558 2271 2994 2343 μνησθήσοιωί
3014 2286 3129 2324 σου
3158 2269 3229 2324 ἐκ
3273 2270 3386 2341 γῆς
3422 2268 3736 2335 Ἰορδάνου.

2156 2367 2256 2422 καί
2287 2365 2784 2436 Ἐρμονιεὶμ,ἀπό
2812 2365 2990 2432 ὅρους
3001 2363 3244 2432 μικροῦ.
3284 2364 3384 2415 Διὰ
3441 2361 3599 2415 τοῦτο
3648 2361 3736 2413 vin

2158 2458 2494 2527 θλιϐόμενος.
2547 2455 2934 2526 μνησθήσομαι
2997 2473 3124 2518 σου,
3180 2455 3453 2518 τουτέστι,
3526 2470 3735 2523 μνημο-

2156 2548 2335 2602 νεύσω
2361 2548 2461 2615 τῆς
2482 2548 2611 2618 περὶ
2663 2548 2809 2615 ἡμᾶς
2851 2547 3183 2618 κηδεμονίας
3243 2564 3361 2606 σου.
3420 2545 3515 2613 ἀφ’
3557 2539 3631 2599 ὧν
3684 2544 3735 2595 ἐκ

2155 2643 2223 2711 τῇ
2257 2642 2328 2710 γῇ
2361 2639 2461 2708 τῆς
2510 2638 2845 2707 ἐπαγγελίας
2894 2638 3296 2708 ἁπηλαύσαμεν
3340 2638 3582 2705 ἀγαθῶν.
3644 2635 3737 2689 Διὸ

2156 2732 2372 2804 γάρτοῦ
2410 2732 2674 2803 Ἰορδάνου
2704 2732 2799 2786 καὶ
2828 2730 2922 2785 τοῦ
2952 2730 3354 2798 πλησιάζοντος
3381 2730 3531 2800 αὐτῷ
3557 2729 3737 2799 ὅρους,

2155 2824 2184 2880 ὃ
2212 2825 2310 2879 καὶ
2344 2824 2667 2895 Ἐρμονιεὶμ
2705 2823 2956 2878 καλεῖται
3009 2823 3107 2878 καὶ
3150 2822 3394 2894 Ἕρμων.
3439 2822 3571 2892 ὃλην
3637 2820 3735 2888 τὴν

2169 2915 2431 2972 Ἰουδαίαν
2463 2914 2758 2985 ἐδήλωσεν.
2797 2914 3116 2987 “possetque
3146 2912 3203 2966 δὲ
3229 2913 3326 2967 καὶ
3367 2912 3612 2982 ἰδιότητα
3642 2906 3737 2964 τοῦ

2155 3009 2336 3080 ὅρους,
2365 3008 2448 3062 ὅτι
2480 3007 2587 3061 τοῦ
2608 3005 2849 3077 μικροῦ.

2230 3184 2533 3248 Ἀϐυσσος
2597 3182 2882 3237 ἄϐυσσον
2950 3181 3323 3236 ἐπικαλεῖται
3377 3180 3466 3247 εις
3530 3177 3735 3248 φωνὴν

2153 3274 2274 3330 τῶν
2300 3272 2727 3342 ναταρῤακτῶν
2760 3289 2900 3328 σου.
2924 3273 3036 3341 Τῆς
3074 3271 3398 3343 εὐεργεσίας
3455 3269 3738 3341 μνησθεὶς,

2154 3366 2496 3437 ἐκτραγῳδεῖ
2527 3365 2623 3418 καὶ
2651 3365 2751 3437 τὴν
2784 3363 3195 3433 ἐκγατάλειψιν,
3248 3364 3489 3418 ἄθυσσον
3551 3361 3738 3415 καλῶν

2153 3457 2216 3509 τὸ
2238 3455 2400 3527 βάθος
2431 3454 2539 3507 τῶν
2570 3454 2888 3525 συμφορῶν.
2921 3453 3127 3531 Βαθεῖα
3163 3453 3367 3523 θλῖψις,
3404 3451 3593 3521 φησὶν,
3648 3450 3739 3521 βα-

2156 3547 2308 3601 θεῖαν
2336 3544 2516 3615 Θλῖψιν
2548 3543 2865 3599 ἐκκαλεῖται
2893 3545 2975 3608 είς
3026 3544 3158 3616 βοὴν
3198 3545 3309 3597 τῶν
3352 3538 3739 3614 κατερῤαγμέ-

2154 3657 2262 3694 νων
2299 3656 2428 3694 σου·
2461 3639 2744 3692 τουτέστιν
2776 3636 2950 3701 οὕτως
2989 3636 3408 3706 ἀλλεπαλλήλως
3455 3636 3589 3705 ἡμῖν
3633 3635 3739 3696 τοῖς

2154 3730 2636 3803 κατεῤῥαγμένοιξ
2658 3726 2866 3794 δούλοις
2899 3745 2993 3783 σου
3036 3729 3277 3792 ἐπίασιν,
3306 3728 3382 3791 ὡς
3413 3728 3591 3780 δοκεῖν
3641 3726 3738 3779 ἁλ-

2152 3822 2349 3893 λήλαις
2399 3819 2835 3889 ἐγκελεύεσθαι·
2875 3818 2969 3872 καὶ
3001 3817 3261 3872 τοσοῦτον
3308 3817 3621 3882 δάκνουσιν,
3665 3816 3740 3878 ὡς

2155 3916 2284 3987 βοᾷν
2320 3915 2469 3985 ἡμᾶς
2493 3912 2599 3966 ὑπὸ
2620 3908 2719 3980 τῆς
2747 3910 2961 3981 ὀδύνης.
2993 3909 3419 3983 Καταῤῥακτῶν
3480 3909 3558 3973 δὲ,
3620 3908 3738 3960 ἀντὶ

2152 4006 2247 4063 τοῦ
2268 4004 2761 4079 κατερραγμένων,
2813 4002 3173 4075 ἐνεργητικὸν
3228 3996 3351 4056 ἀντὶ
3403 4000 3738 4071 παθητικοῦ.

2158 4101 2270 4155 Καὶ
2296 4099 2473 4164 ἄλλως
2501 4116 2517 4130 ·
2545 4097 2620 4152 Τὸ
2653 4097 2894 4168 ἄμετρον
2926 4095 3039 4149 τῶν
3095 4095 3386 4168 ἡμετέρων
3422 4092 3737 4165 ἁμαρτιῶν,

2150 4194 2213 4249 τὸ
2237 4195 2479 4266 ἄμετρον
2504 4190 2615 4247 τῶν
2668 4190 2777 4245 σῶν
2822 4189 3170 4244 ἐπικαλεῖται
3207 4188 3512 4260 οἰκτιρμῶν
3539 4206 3554 4220 ο
3594 4185 3738 4239 ὥστε

2152 4287 2251 4358 τὴν
2269 4286 2450 4357 φωνὴν
2469 4286 2578 4340 τῶν
2593 4282 2971 4339 ἁποστολικῶν
2986 4283 3360 4354 κηρυγμάτων
3376 4280 3736 4350 ἀκουσθῆναι.

2153 4380 2552 4452 Καταρῤάκται
2574 4377 2704 4450 γὰρ,
2731 4377 2825 4431 καὶ
2845 4377 2895 4430 oi
2926 4376 3233 4441 ἀπόστολοι,
3257 4375 3736 4447 καταρράσσοντες

462 4483 653 4524 serum
704 4475 802 4523 aut
832 4468 1271 4526 confractorum.
1301 4471 1422 4544 [Est
1452 4474 1599 4528 enim
1663 4475 1885 4531 verliale
1943 4492 2044 4531 no-

2154 4474 2334 4527 πᾶσαν
2354 4473 2586 4543 ἔπαρσιν
2605 4470 2947 4541 διαϐολικήν.
2981 4469 3206 4524 Νοεῖται
3235 4468 3292 4521 δὲ
3308 4464 3734 4536 ἀγαγωγικὼτεο

460 4578 612 4622 men.
649 4571 705 4616 et
733 4561 1023 4617 descendit
1075 4579 1105 4618 a
1155 4565 1324 4620 verbo
1377 4566 1712 4637 καταράσσω
1757 4567 1904 4638 quod
1961 4580 2049 4626 est

462 4656 691 4720 collido,
719 4665 814 4711 aut
846 4656 1186 4730 eonfringo.]
1226 4658 1290 4713 Et
1326 4658 1457 4715 licet
1489 4661 1709 4729 proprie
1762 4663 1867 4718 hoc
1920 4679 2042 4719 ver-

461 4744 587 4800 liale
615 4760 817 4802 nomen
846 4747 1208 4819 καταράκτης
1257 4749 1435 4805 active
1468 4750 1541 4805 sit
1588 4751 2037 4822 signiﬁcationis,

462 4835 555 4891 hic
591 4844 775 4892 tamen
805 4839 1040 4909 ponitur
1087 4841 1142 4895 in
1171 4840 1416 4912 passiva.
1479 4841 1634 4909 Quod
1670 4843 1716 4900 si
1771 4845 1826 4898 in
1857 4844 2039 4899 activa

460 4927 869 4997 signiﬁcatione
896 4931 1191 4989 dictionem
1214 4948 1424 5000 sumas,
1470 4934 1652 4990 littera
1685 4935 1909 5007 legenda
1932 4944 2040 5003 est,

459 5017 529 5073 In
566 5036 737 5075 vocem
767 5023 1184 5093 confractorum,
1218 5025 1324 5081 hoc
1355 5035 1460 5092 est,
1498 5026 1904 5093 collidentium,
1940 5044 2038 5085 seu

457 5111 920 5184 confringentium
949 5123 1167 5172 tuorum
1195 5135 1210 5183 ;
1245 5127 1298 5173 et
1319 5126 1451 5176 tunc
1480 5134 1693 5189 expone
1718 5129 1889 5176 totum
1921 5136 2042 5176 ver-

457 5202 694 5260 siculum
727 5204 829 5262 hec
895 5217 1054 5277 pacto
1099 5224 1115 5263 :

1194 5208 1542 5265 immensitas
1602 5219 1955 5280 peccatorum
2040 5218 2384 5270 nostrorum,

2154 4583 2249 4637 ρον
2273 4564 2506 4628 ἄϐυσσος
2524 4563 2620 4617 καὶ
2654 4562 2940 4633 ἄϐυσσοςὴ
2966 4561 3181 4615 Παλαιὰ
3200 4559 3411 4630 Γραφὴ.
3434 4559 3576 4626 καὶὴ
3597 4558 3731 4618 Νέα,

2149 4658 2237 4713 διὰ
2260 4654 2327 4711 τὰ
2355 4655 2494 4727 βάθη
2531 4655 2641 4710 τῶν
2678 4654 3015 4726 ἁποκρύφων
3048 4653 3357 4724 νοημάτων.
3391 4652 3457 4705 Ἦ
3482 4652 3577 4705 νέα
3606 4651 3737 4719 γοῦν

2150 4749 2490 4806 ἐπικαλεῖται
2512 4750 2612 4820 τὴν
2644 4749 2911 4813 Παλαιὰν,
2954 4747 3042 4801 διὰ
3069 4747 3165 4817 τὴν
3184 4746 3369 4816 φωνὴν
3384 4744 3492 4798 τῶν
3521 4761 3735 4817 προφη-

2148 4842 2258 4899 τῶν
2277 4859 2291 4874 ·
2310 4842 2403 4896 καὶ
2428 4834 2574 4895 οὗτοι
2597 4839 2707 4912 γὰρ
2731 4841 3109 4912 καταρράκται
3128 4836 3397 4908 λέγονται,
3423 4836 3510 4891 διὰ
3527 4836 3588 4889 τὺ
3599 4836 3736 4889 ἄνω-

2153 4936 2245 4990 θεν
2264 4934 2527 5005 καταχεῖν
2566 4932 2627 4986 τὸ
2646 4933 2789 5004 ὕδωρ
2824 4933 2925 5002 τῆς
2959 4931 3322 5003 προφητείας.
3360 4927 3738 5003 Ἐπικαλεῖται

2150 5025 2328 5081 τοίνυν
2354 5022 2526 5094 αὐτὴν
2549 5061 2565 5086 ,
2600 5021 2676 5085 ὼς
2712 5020 2967 5091 μάρτυρα
2997 5061 3011 5083 ,
3062 5019 3252 5072 ἕνεκεν
3296 5015 3390 5071 τοῦ
3429 5013 3601 5079 δεῖξαι
3653 5012 3738 5065 δτι

2149 5119 2199 5171 οί
2232 5116 2512 5187 προφῆται
2552 5115 2678 5184 περὶ
2705 5113 2800 5167 τοῦ
2844 5111 3082 5184 Χριστοῦ
3118 5107 3616 5184 προκατήγγειλαν.

2360 5194 2384 5261 “.
2464 5204 2887 5261 immensitatem
2947 5204 3168 5258 invocat
3223 5200 3733 5256 misericordiarum

456 5302 729 5351 tuarum:
772 5306 937 5367 atque
962 5298 1068 5352 hoc
1097 5299 1165 5354 ad
1218 5313 1406 5353 vocem
1443 5298 1862 5366 praedicatorum
1933 5299 2237 5369 Evangelii,
2304 5298 2409 5352 hoc
2453 5305 2558 5358 est.
2618 5294 3018 5365 apostolorum.
3074 5292 3215 5347 Sunt
3273 5293 3419 5346 enim
3496 5288 3733 5361 apostoli

458 5390 785 5447 validissimi
827 5393 1049 5465 quidam
1076 5393 1478 5455 confractorcs,
1510 5408 1726 5449 onmem
1772 5393 2029 5448 nimirum
2072 5393 2407 5449 diabolicam
2436 5390 2729 5445 elationem
2801 5385 3237 5457 cenfringentes.
3291 5383 3446 5451 Quod
3524 5385 3571 5439 si
3606 5392 3731 5437 tet-

460 5489 579 5535 tum
616 5484 765 5553 legas
808 5492 976 5554 prout
1003 5486 1167 5538 etiam
1224 5485 1327 5554 legi
1358 5493 1536 5554 potest
1576 5502 1589 5539 :
1627 5484 1694 5539 In
1735 5502 1908 5540 vorem
1952 5496 2356 5540 cataractarum
2390 5491 2627 5546 tuarum,
2703 5491 2861 5548 petes
2889 5478 3050 5549 juxta
3109 5478 3361 5533 altiorem
3436 5486 3720 5545 anagogen

462 5572 794 5646 intelligere,
837 5579 983 5648 quod
1026 5580 1279 5651 abyssus,
1339 5590 1395 5635 et
1449 5582 1703 5653 abyssus,
1769 5580 1939 5638 Vetus
1996 5594 2049 5636 et
2085 5580 2297 5636 Novum
2328 5578 2740 5634 Testamentum
2791 5574 3124 5646 signiﬁcent,
3159 5575 3230 5630 ob
3294 5571 3727 5645 profunditatem

465 5667 731 5723 nimirum
818 5671 1161 5727 occultorum
1222 5690 1527 5729 sensuum:
1567 5684 1620 5729 et
1700 5677 1899 5741 dicere,
1961 5693 2051 5746 qut

2184 5673 2418 5737 Novum,
2492 5670 2791 5738 Antiquam
2889 5668 3107 5722 invocat
3194 5668 3629 5727 Testamentum,
3673 5663 3727 5716 in

408 5751 431 5778 “
466 5776 659 5817 vocem
695 5772 1096 5821 cataractarum
1143 5776 1386 5833 tuarum,
1439 5769 1539 5823 hoc
1568 5771 1670 5835 est,
1727 5784 1820 5827 ι)οι
1850 5784 2037 5825 vocem
2083 5765 2477 5858 prophetarum
2532 5774 2772 5858 tuorum.
2801 5760 3080 5860 Dicuntur
3116 5762 3261 5817 enim
3334 5761 3531 5817 merito
3599 5771 3726 5830 pro-

1682 5886 1825 5899 .....,.
1859 5887 1871 5895 .
