4114 6208
842 202 1036 219 ,νε-Α

411 254 515 319 473

1559 260 1955 324 COMMENT.
2000 261 2082 323 IN
2124 232 2506 327 PSALuos.‘

3547 264 3655 333 ut
3688 220 3689 223 γ

405 375 581 443 pheta
609 388 733 431 esse
764 373 1010 445 quaedam
1036 382 1347 445 cataractae,
1373 378 1501 450 quia
1535 394 1710 449 aquas
1741 376 1942 435 divinae
1961 392 2026 433 ac
2066 390 2318 449 superna
2337 379 2653 453 prophetiae,
2684 381 3031 439 vehementia
3064 381 3320 453 quadam,
3343 388 3648 438 cataracta-

403 481 525 519 rnm
554 466 749 532 instar,
784 467 1091 524 eli‘undunt.
1126 468 1335 524 Novum
1362 471 1529 541 igitur
1561 471 1975 525 Testamentum
2015 467 2240 523 invocat
2277 468 2449 526 Vetus
2485 470 2919 539 Testamentum,
2954 472 3008 527 in
3038 481 3252 538 testem,
3316 482 3377 528 ut
3456 483 3643 530 osten-

400 558 516 626 dat,
548 560 693 629 quod
733 560 833 628 ipsi
891 562 1055 615 etiam
1112 562 1393 632 prophetae
1431 563 1689 633 mysteria
1755 559 1967 615 Christi
2009 561 2472 628 praenuntiarunt.

475 650 705 715 Πάντες
728 652 781 703 οι
810 654 1205 722 μετεωρισμοί
1226 668 1347 708 σου
1359 654 1458 709 καί
1475 654 1548 708 τὰ
1571 651 1805 722 κύματά
1832 665 1946 705 σου

2050 692 2059 706 .
2154 649 2347 706 Omnes
2376 652 2761 709 sublevationes
2791 666 2914 717 tum,
2946 664 2998 709 et
3025 656 3232 727 fructus
3266 657 3345 708 tui
3378 672 3531 724 super
3565 673 3647 715 me

399 742 493 797 ἐπ’
527 743 632 811 ἐμὲ
667 741 941 815 διῆλθον.
974 746 1406 816 Μετιωρισμοὺς
1441 745 1591 814 λέγει
1622 746 1725 807 τὰς
1764 746 1975 800 ἐπανα-

1583 839 1681 893 καὶ
1727 839 1972 907 κύματα.

398 928 570 998 Φησὶν
602 925 717 993 οὖν,
765 930 846 983 ὅτι
894 933 958 982 Δί
993 932 1257 999 μάστιγες
1311 949 1429 998 σου,
1470 933 1658 986 ἐπάνω
1701 949 1804 1002 μου
1849 930 1977 984 ἐδά-

403 836 622 898 στάσεις
662 836 774 889 τῶν
827 839 1121 907 συμφορῶν
1147 854 1163 870 ⁸
1200 838 1404 908 ὁμοίως
1452 838 1531 900 δὲ.

402 1019 578 1073 δισαν.
611 1018 843 1086 Πάντες
867 1022 923 1074 δὲ
954 1016 1099 1088 εἷπε,
1127 1023 1215 1077 διὰ
1243 1023 1306 1077 τὸ
1336 1024 1615 1087 πολυειδὲς
1644 1024 1850 1080 αὐτῶν.

484 1112 727 1180 Ἡμέρας
741 1113 1064 1168 ἐντελεῖται
1081 1115 1148 1171 τὸ
1172 1116 1343 1183 ἔλεος
1370 1116 1577 1171 αὐτοῦ.
1596 1146 1669 1159 --
1701 1117 1973 1186 Ἡμέρας,

2080 744 2428 797 transierunt.
2452 745 2556 799 Per
2585 746 3009 810 sublevationes,
3044 755 3094 803 et
3126 760 3224 815 per
3260 746 3493 811 ﬂuctus,
3528 754 3649 802 ten-

2080 833 2355 889 tationum
2411 848 2477 890 ac
2526 836 2905 892 calamitatum
2949 837 3208 894 incursus
3248 837 3522 907 intelligit.
3557 838 3654 893 Ait

2078 923 2285 993 igitur:
2312 925 2506 982 Omnia
2557 926 2769 998 ﬂagella
2803 937 2891 983 tua
2925 928 3173 984 fecerunt
3212 928 3317 982 iter
3348 942 3517 997 super
3541 944 3644 984 me.

2081 1018 2278 1073 Omnes
2307 1027 2489 1073 autem
2522 1018 2683 1085 dixit,
2700 1026 2925 1089 propter
2947 1033 3136 1074 earum
3164 1019 3648 1087 multiplicitatem.

2146 1108 2310 1164 Vsus.
2348 1108 2403 1164 9.
2433 1108 2532 1164 Die
2582 1109 2859 1164 mandabit
2910 1109 3169 1164 Dominus
3226 1110 3651 1164 misericordiam

400 1202 520 1256 ἀντὶ
560 1204 677 1268 τοῦ,
718 1204 808 1257 Ἑν
854 1206 1070 1278 ἡμέρᾳ,
1102 1209 1382 1263 τουτέστιν
1402 1208 1673 1281 φανερῶς.
1718 1209 1840 1273 Φῶς
1864 1209 1946 1277 γά]

2074 1218 2245 1256 suam.
2280 1201 2394 1267 Die,
2414 1203 2515 1257 hoc
2536 1211 2641 1266 est,
2672 1204 2727 1257 ln
2753 1203 2864 1269 die,
2890 1218 3011 1273 pro,
3041 1202 3329 1259 manifeste
3356 1213 3411 1258 et
3445 1204 3646 1273 palam.

396 1294 428 1361 ἡ
460 1295 659 1363 ἡμέρα.
698 1296 1054 1354 Ἐντελεῒται
1076 1300 1133 1353 δὲ
1155 1302 1279 1355 ἀντὶ
1306 1296 1736 1373 τοῦ,-άποστιίλῃ
1755 1318 1772 1333 ο
1806 1303 1836 1356 ὁ
1862 1302 1973 1371 γὰρ

390 1385 766 1451 ἀποστέλλων,
797 1389 1126 1444 ἐντέλλεταιο
1168 1392 1201 1462 ἢ
1250 1394 1347 1447 καὶ
1397 1392 1694 1464 προστάξει
1726 1393 1789 1447 τὺ
1838 1393 1973 1464 παρ’

2072 1292 2350 1347 laudabit
2380 1302 2593 1361 autem,
2630 1295 2737 1352 hoc
2762 1300 2867 1362 est,
2900 1295 3101 1350 mittet.
3132 1292 3336 1349 lubere
3386 1294 3533 1348 enim
3584 1307 3649 1346 ac

2072 1390 2334 1442 mandare
2388 1385 2607 1442 videtur
2666 1385 2762 1456 qui
2818 1385 3019 1453 mittit;
3058 1386 3166 1449 vel,
3220 1385 3537 1452 ordinabit,
3591 1392 3651 1437 et

389 1475 563 1528 αὑτοῦ
609 1477 779 1540 ἔλεος.
813 1480 1180 1551 Προαγορεύει
1221 1482 1279 1537 δὲ
1324 1485 1423 1538 νῦν
1443 1485 1474 1537 ὁ
1500 1484 1686 1554 λόγος,
1720 1484 1806 1540 ὅτι
1834 1484 1946 1559 δήλι

2070 1476 2325 1547 disponet
2386 1476 2819 1534 misericordiam
2877 1492 3058 1533 suam.
3121 1477 3316 1535 Sermo
3366 1491 3499 1532 vero
3554 1476 3646 1529 hic

388 1569 558 1621 πᾶσιν
593 1569 629 1639 ἰι
662 1570 964 1642 ἀνάκλησις
986 1573 1167 1628 αὐτῶν
1190 1575 1506 1647 γενήσεται.

456 1750 565 1803 Kal
594 1753 814 1819 νυκτὸς
838 1753 960 1824 ὠδὴ
994 1756 1181 1812 αὐτοῦ
1211 1759 1348 1827 παρ’
1369 1759 1521 1827 ἐμοι.
1577 1760 1665 1813 Ἐν
1706 1760 1863 1814 νυκτὶ
1886 1760 1966 1827 δὲ,

2069 1568 2360 1639 praedicit,
2429 1568 2891 1640 quemadmodum
2972 1570 3251 1625 revocatio
3316 1582 3509 1625 eorum
3588 1567 3643 1622 in

2070 1662 2307 1731 patriam
2345 1660 2604 1717 omnibus
2630 1659 2721 1717 ﬁet
2758 1659 3079 1716 manifesta.

2139 1751 2208 1806 Et
2237 1760 2387 1807 nocte
2411 1754 2676 1807 canticum
2710 1753 2826 1823 ejus
2866 1754 3004 1822 apud
3039 1770 3140 1809 me.
3179 1752 3284 1808 Per
3314 1759 3490 1808 totum
3539 1751 3645 1806 hoc

382 1841 521 1908 παρ’
540 1842 671 1913 ὃλην
727 1861 831 1914 μου
867 1846 969 1917 τὴν
1019 1848 1397 1917 αἰχμαλωσίαν
1448 1849 1566 1921 ᾄσω
1627 1850 1799 1917 αὐτῷ,
1844 1850 1946 1904 τότε

2068 1844 2400 1914 captivitatis
2429 1853 2668 1914 tempus,
2698 1852 2977 1916 noctuque
3001 1888 3016 1913 ,
3046 1846 3266 1916 quando
3298 1855 3415 1899 tuto
3470 1845 3646 1915 magis

381 1931 568 2036 άδείας
599 1934 1019 2008 ἐπιλαϐόμενος·
1048 1940 1107 1992 ὲν
1140 1939 1324 2011 ἡμέρᾳ
1351 1940 1483 2010 γὰρ,
1533 1940 1633 1993 οὐκ
1674 1941 1795 2009 ἄγω
1844 1958 1946 2011 σχο

2070 1936 2123 1989 id
2180 1935 2362 1990 facere
2421 1950 2669 2004 possum,
2726 1951 2917 1990 canam
2953 1937 3064 1990 Deo
3095 1951 3233 1990 meo.
3270 1936 3328 1989 ln
3359 1936 3447 1990 die
3496 1936 3640 1989 enim

381 2022 506 2091 λὴν,
556 2025 824 2081 δουλεύων
856 2030 968 2091 τοῖς
1026 2029 1353 2097 δεσπόταις,
1411 2031 1504 2084 καὶ
1545 2032 1620 2101 μὴ
1673 2032 1946 2102 λαμϐάνω*

2071 2030 2243 2085 otium
2267 2029 2399 2082 mihi
2430 2028 2641 2083 nullum
2664 2028 2852 2093 datur,
2876 2042 3002 2083 cum
3031 2029 3269 2083 dominis
3312 2029 3569 2089 serviam.
3590 2035 3646 2083 et

388 2114 609 2182 καιρόν.

459 2210 780 2277 Προσευχὴ
812 2208 891 2276 τῷ
916 2210 1040 2275 Θεῷ
1069 2211 1177 2281 τῆς
1210 2209 1362 2279 ζωῆς
1396 2232 1533 2283 μου.
1567 2215 1680 2269 Καὶ
1712 2214 1773 2267 οὗ
1803 2216 1967 2286 μόνον

2069 2127 2381 2191 opportuno
2405 2133 2619 2176 caream
2658 2125 2927 2187 tempore.

2143 2205 2334 2267 oratio
2365 2210 2474 2264 Deo
2514 2211 2635 2265 uiue
2663 2226 2816 2265 meas.
2844 2209 2963 2265 Non
2999 2209 3162 2264 modo
3188 2208 3337 2264 illius
3366 2207 3643 2262 canticum

388 2296 500 2366 ᾠδὴ
534 2298 704 2352 αὐτοῦ
735 2299 866 2367 παρ’
895 2301 1019 2371 ἐμοὶ
1045 2302 1222 2366 ἔσται,
1250 2304 1387 2357 ἀλλὰ
1411 2305 1506 2357 καὶ⁸
1527 2308 1827 2377 προσευχηο
1853 2307 1946 2378 ῲδὶ

2066 2303 2171 2357 erit
2209 2302 2350 2372 apud
2384 2317 2494 2367 me,
2527 2302 2618 2355 sed
2651 2301 2815 2355 etiam
2847 2301 3069 2365 oratio;
3106 2301 3378 2353 canticum
3413 2298 3638 2367 quidem

322 2400 323 2403 ‘
385 2386 510 2454 μὲν,
551 2390 640 2439 ἐπ’
674 2388 987 2460 εὐχαριστίᾳ
1034 2392 1136 2461 τῆς
1181 2392 1440 2461 εὐκαίρου
1485 2396 1959 2466 ἀπολυτρώσεωςο

380 2479 660 2549 προσευχὴ
688 2480 767 2542 δὲ,
794 2480 880 2549 ἐφ’
906 2482 1085 2552 ἱκεσίᾳ
1112 2483 1205 2536 τοῦ
1231 2484 1461 2554 ταχῦναι
1493 2486 1593 2558 τὴν
1618 2487 1955 2558 ἐλευθερίαν.

386 2565 471 2631 Τῷ
498 2568 618 2633 Θεῷ
647 2570 757 2637 τῆς
782 2568 931 2639 ζωῆς
952 2591 1093 2641 μου,
1124 2574 1247 2628 ἀντὶ
1280 2577 1395 2641 τοῦ,
1436 2577 1525 2648 Τῷ
1569 2578 1803 2650 ζωοδότῃ
1831 2598 1954 2650 μου,

2065 2395 2119 2449 in
2160 2394 2461 2461 gratiarum
2509 2393 2782 2447 actionem
2836 2407 2936 2463 pro
2970 2401 3279 2461 opportuna
3333 2396 3388 2443 et
3434 2388 3642 2457 jamdiu

2061 2493 2375 2555 exspectata
2425 2482 2749 2538 liberatione
2771 2522 2787 2547 ,
2819 2483 2996 2537 oratio
3024 2496 3153 2537 vero
3188 2480 3255 2535 ad
3286 2478 3643 2534 acceleratio-

2060 2592 2181 2631 nem
2207 2575 2374 2644 huius
2404 2574 2772 2631 liberationis.
2795 2575 2859 2629 Et
2882 2574 3028 2644 quod
3054 2573 3130 2628 ait
3154 2592 3168 2628 :
3206 2573 3311 2626 Deo
3340 2574 3461 2626 vita,
3486 2585 3638 2631 mea,

378 2658 455 2722 ὡς
490 2658 572 2723 τὸ,
617 2661 680 2714 '0
712 2663 856 2729 Θεὸς
905 2664 1013 2733 τῆς
1050 2668 1349 2735 σωτηρίας
1389 2687 1531 2739 μου,
1583 2672 1706 2726 ἀντὶ
1738 2672 1853 2739 τοῦ,
1897 2674 1946 2732 ’(1

2057 2682 2293 2736 expone,
2343 2665 2397 2720 id
2441 2674 2546 2729 est,
2581 2665 2689 2720 Deo
2730 2665 2905 2720 datori
2950 2666 3094 2729 vitat,
3148 2673 3209 2719 ut
3251 2664 3384 2719 illud
3422 2679 3438 2717 :
3494 2661 3637 2715 Deus

380 2752 576 2820 Σωτήρ
615 2769 742 2820 μου,

463 2841 609 2911 Ἐρῶ
637 2842 717 2908 τῷ
752 2846 908 2912 Θεῷο
949 2849 1352 2921 Ἀντιλήπτωρ
1389 2872 1511 2923 μου
1553 2852 1624 2910 εἷ’
1659 2858 1818 2911 διατι
1833 2877 1953 2929 μου

2056 2759 2249 2813 salutis
2285 2774 2414 2811 mea:
2447 2758 2514 2823 ⁸³,
2546 2757 2597 2811 id
2635 2766 2741 2820 est,
2777 2758 3033 2812 Salvator
3069 2772 3249 2810 meus.

2127 2852 2294 2908 Vens.
2328 2852 2413 2906 10.
2455 2852 2640 2905 Dicam
2669 2852 2779 2904 Deo
2811 2866 2830 2901 :
2872 2851 3102 2919 Adjutor
3140 2866 3285 2902 meus
3338 2866 3414 2911 es,
3470 2865 3636 2918 quare

378 2932 710 3000 ἐπελάθου;
742 2940 841 2993 καί
876 2942 1033 2994 irati
1061 2946 1503 3013 σκυθρωπάζων
1540 2951 1861 3019 πορεύομαι
1887 2953 1946 3007 ἐν

2062 2944 2257 2997 oblitus
2297 2958 2351 2997 es
2400 2942 2538 3002 mei,
2577 2949 2625 2994 et
2671 2956 2835 3009 quare
2876 2940 3226 2993 contristatus
3276 2937 3462 2991 incedo
3508 2940 3635 2990 dum

378 3021 460 3087 τῷ
488 3023 787 3079 ἐκθλίϐειν
818 3029 923 3082 τὸν
946 3030 1165 3100 ἐχθρόν
1186 3051 1343 3104 μου;
1383 3037 1766 3106 Ἐπιλελῆσθαι
1787 3042 1955 3108 δοκεῖ,

2061 3036 2237 3107 amigit
2267 3051 2348 3088 me
2378 3034 2624 3087 inimicus
2658 3034 2683 3086 ?
2718 3030 2933 3087 Oblitus
2986 3045 3110 3086 esse
3162 3029 3450 3085 videbatur
3492 3028 3634 3084 Deus

376 3114 464 3168 διὰ
489 3116 549 3168 τὸ
580 3119 1069 3189 ἐγκαταλελεῖφθαι
1115 3124 1196 3179 ἔτι
1241 3129 1394 3199 παρὰ
1439 3133 1554 3193 τοῖς
1589 3131 1827 3203 ἐχθροῖς,
1862 3137 1946 3189 καὶ

2057 3127 2398 3191 Judazorum,
2449 3123 2708 3193 quiajam
2742 3124 2833 3179 diu
2877 3124 2930 3178 in
2976 3124 3329 3178 inimicorum
3362 3130 3633 3193 potestate

378 3206 438 3298 εν
474 3206 549 3277 τῷ
580 3210 754 3271 οὕτως
798 3212 1145 3269 ἐκθλίϐεσθαι
1176 3215 1266 3271 οἷα
1312 3219 1462 3284 εἰκὸς
1494 3222 1620 3287 τοὺς
1656 3225 1717 3278 ὲν
1750 3226 1953 3298 αίχμα-

377 3296 553 3369 λωσίᾳ
588 3303 1066 3370 κακοπαθοῦντας.

457 3453 561 3507 Ἐν
604 3454 683 3521 τῷ
729 3458 1140 3517 καταθλᾶσθαι
1184 3465 1255 3517 τὰ
1290 3467 1440 3522 ὀστᾶ
1472 3488 1613 3537 μου.
1646 3473 1947 3537 ὠνείδιζόν

369 3562 447 3613 με
467 3548 521 3599 οἱ
553 3546 756 3616 ἐχθροί
786 3567 926 3617 μου,
963 3552 1034 3606 ἐν
1077 3554 1155 3618 τῷ
1187 3557 1395 3625 λέγειν
1434 3563 1655 3631 αὐτούς
1681 3584 1784 3633 μοι
1813 3573 1945 3624 καθ’

371 3637 641 3708 ἑκάστην
666 3641 913 3709 ἡμέραν·
944 3645 1067 3698 Ποῦ
1086 3646 1258 3699 ἐστιν
1286 3652 1319 3702 ό
1354 3652 1498 3715 Θεός
1534 3671 1693 3719 σου;
1724 3658 1947 3730 Συντρι-

373 3730 622 3799 δομένων
650 3732 758 3785 τῶν
792 3735 966 3787 ὀστῶν
1000 3753 1103 3805 μου
1153 3738 1231 3806 τῷ
1267 3738 1423 3808 ἄχθει
1466 3744 1575 3795 τῶν
1626 3747 1861 3814 φόρτων,
1910 3750 1942 3817 ἢ

374 3823 467 3874 καὶ
491 3825 612 3887 ταῖς
651 3824 869 3895 ῥάϐδοις
898 3842 914 3858 ο
956 3827 1050 3879 καὶ
1090 3831 1575 3904 καταπονουμένης
1599 3836 1659 3887 ἑν
1696 3839 1821 3905 ἐμοὶ
1851 3839 1945 3890 δυ-

371 3914 588 3981 νάμεως
628 3915 715 3987 (ἣν
751 3917 988 3987 ἐδήλωσε
1008 3917 1097 3973 διά
1120 3918 1228 3973 τῶν
1270 3920 1494 3991 ὀστῶν),
1524 3926 1870 3994 ὲπετὼθαζον
1895 3933 1943 3985 οἱ

370 4006 555 4078 ἐχθροί
577 4027 678 4075 μου
698 4012 756 4063 ἐν
786 4010 863 4079 τῷ
895 4010 1079 4079 λέγειν
1108 4012 1216 4079 ἀεὶ,
1235 4013 1361 4069 Ποῦ
1381 4015 1555 4072 ἐστιν
1578 4022 1611 4073 ὁ
1633 4021 1777 4089 Θεός
1798 4039 1939 4091 σου,

373 4098 461 4152 ἵνα
487 4101 739 4172 ἐξέληται
776 4120 833 4156 σε
856 4120 873 4168 ;

454 4285 614 4339 Ἰνατί
644 4287 943 4357 περίλυπος
974 4284 1046 4353 εἷ,
1078 4290 1111 4361 ή
1140 4288 1286 4361 ψυχή
1322 4308 1445 4362 μου,
1481 4309 1576 4346 και
1612 4295 1753 4350 ίνατί
1780 4312 1935 4351 συν-

364 4378 693 4445 ταράσσεις
717 4396 826 4447 μσς
852 4382 1152 4435 Ἐλπισον
1195 4383 1295 4438 ἐπὶ
1351 4385 1460 4437 τὸν
1497 4388 1663 4453 Θεὸν,
1704 4390 1796 4444 ὅτι
1838 4392 1937 4455 ἐξ·

366 4470 814 4540 ομολογήσομαι
832 4472 1011 4537 αὐτῷ·
1026 4473 1325 4542 σωτήριον
1338 4476 1443 4531 τοῦ
1460 4478 1783 4545 προσώπου
1792 4500 1935 4550 μου,

365 4561 468 4615 καὶ
496 4564 529 4615 ό
554 4564 699 4628 Cede
734 4581 876 4630 μου.
922 4564 1253 4619 Ἐπανέλαὸε
1284 4566 1351 4621 τὰ
1394 4570 1769 4639 προειρημένα
1807 4574 1935 4642 περὶ

362 4647 445 4706 ὧν
474 4654 733 4724 ἀνωτέρω
764 4655 1113 4725 διτλάϐομεν·
1143 4658 1442 4712 ἐπανέλαϐε
1473 4660 1528 4714 δὲ
1556 4662 1747 4729 ταῦτα,
1799 4666 1935 4736 θάρ-

364 4760 492 4810 σιυς
522 4748 718 4801 ἑαυτὸν
740 4749 1054 4819 ἐμπιπλῶν,
1105 4750 1201 4804 καὶ
1242 4752 1544 4824 ὑπομονῆς.
1582 4756 1839 4828 Ἀρμόζει
1876 4760 1935 4813 δὲ

364 4835 435 4887 τὰ
465 4836 558 4889 τοῦ
590 4838 861 4904 παρόντος
908 4837 1128 4909 ψαλμοῦ
1176 4840 1271 4893 καὶ
1308 4842 1475 4894 παντὶ
1519 4845 1661 4897 κατὰ
1690 4846 1828 4900 Θεὸν
1878 4849 1938 4902 ὲν

364 4927 443 4997 τῷ
479 4927 577 4998 βίῳ
600 4929 775 5000 τούτῳ
800 4931 1275 5001 κακοπαθήσαντι,
1322 4933 1417 4985 καὶ⁹
1447 4934 1799 4991 ἑπιποθοῦντι
1836 4941 1937 5010 τὴν

364 5021 502 5089 πρὸς
539 5021 798 5076 ἀνάλυσιν
827 5025 921 5076 καὶ
952 5025 1232 5089 ἐπάνοδον,
1272 5025 1331 5089 ὃς
1360 5027 1722 5094 ὀνειδίζοντας
1749 5032 1935 5103 νοήσει

358 5111 426 5164 οὐ
467 5114 629 5181 μόνον
672 5115 799 5178 τοὺς
830 5116 1113 5186 δαίμονας,
1164 5117 1304 5171 ἀλλά
1342 5120 1583 5183 καὶτοὺς
1623 5120 1934 5193 βαρὸάρους

356 5204 615 5275 ἐχθρούςο
637 5207 742 5277 γῆν
769 5206 827 5259 δὲ
859 5207 1147 5276 Ἰορδάνου,
1172 5210 1268 5279 τὴν
1294 5211 1618 5283 κατωτάτην
1645 5213 1771 5266 ὅσον
1797 5214 1934 5283 πρὸς

362 5295 611 5365 οὐρανόν·
646 5298 920 5370 Ἰορδάνης
953 5300 1061 5371 γὰρ
1086 5301 1460 5371 ἑρμηνεύεται
1491 5303 1564 5372 γῆ
1594 5306 1883 5376 κατωτάτη
1912 5326 1929 5339 ·

374 5387 721 5461 Ἑρμονιεὶμ.
746 5391 909 5452 τόπος
940 5393 1140 5463 λύπης·
1174 5395 1265 5448 καὶ
1289 5394 1354 5448 τὰ
1387 5395 1549 5448 λοιπὰ
1594 5396 1674 5459 δὲ.
1727 5400 1931 5455 καταλ-

361 5480 537 5554 λήλως
573 5483 864 5539 ἀποδώσει.

483 5664 527 5697 ³³
555 5662 700 5721 Psal.
735 5681 941 5732 xxxvn,
972 5666 1061 5724 23.
1140 5666 1185 5700 ”
1208 5667 1440 5737 Philipp.
1477 5683 1515 5735 l,
1542 5667 1630 5722 25.

2056 3220 2126 3274 ab
2154 3234 2219 3274 eo
2246 3218 2422 3273 relicti
2448 3215 2688 3280 fuerant,
2721 3215 2811 3271 ubi
2841 3214 3242 3286 aﬂligebantur,
3270 3214 3631 3284 quemadmo-

1977 3307 2019 3367 C
2053 3311 2182 3365 dum
2233 3309 2536 3365 verisimile
2581 3314 2667 3365 est
2708 3322 2803 3364 eos
2848 3306 3034 3379 aﬂligi,
3066 3308 3160 3377 qui
3206 3306 3262 3361 in
3312 3306 3631 3376 captivitate

2048 3399 2334 3455 constituti
2369 3408 2522 3454 sunt.

2117 3488 2286 3544 Vens.
2309 3490 2395 3543 ll.
2428 3489 2570 3542 Dum
2601 3489 3009 3560 confringunlur
3028 3504 3151 3542 ossa
3181 3485 3627 3556 mea,exprobrs-

2045 3590 2226 3637 verunt
2248 3582 2372 3633 mihi
2401 3582 2603 3633 inimici
2627 3582 2746 3643 mei,
2768 3583 2892 3633 dum
2917 3579 3102 3633 dicunt
3125 3578 3256 3649 mihi
3280 3592 3371 3643 per
3389 3575 3625 3645 singulos

2046 3675 2195 3730 dies:
2228 3673 2327 3727 Ubi
2347 3682 2425 3727 est
2444 3672 2582 3726 Deus
2623 3675 2785 3727 tuus?
2815 3670 3083 3725 Contritis
3111 3669 3372 3722 nimirum
3405 3669 3627 3722 ossibus

2048 3764 2263 3817 meisob
2281 3771 2388 3815 tam
2407 3778 2569 3830 grave
2592 3777 2733 3816 onus
2762 3762 3069 3823 servitutis,
3099 3761 3184 3814 vel
3217 3760 3287 3813 ob
3302 3758 3551 3820 verbera,
3570 3764 3626 3811 et

2047 3854 2250 3921 plagas,
2264 3867 2384 3921 quae
2404 3851 2629 3905 assiduo
2646 3852 2778 3905 mihi
2801 3866 2829 3903 δ
2849 3850 3161 3920 Babyloniis
3184 3849 3517 3919 inﬂiguntur.
3530 3848 3623 3903 Vel

2046 3942 2324 4011 Fatigatus
2356 3956 2500 4005 sum,
2525 3956 2589 3995 ac
2614 3940 2932 3996 debilitatus
2947 3940 3158 3996 viribus
3183 3938 3337 3994 meis.
3366 3938 3469 3993 Per
3498 3954 3621 4013 ossa

2043 4036 2188 4089 enim
2212 4036 2354 4089 vires
2385 4035 2658 4103 intelligit.
2678 4033 2814 4089 Cum
2843 4034 3023 4101 itaque
3053 4032 3155 4087 hoc
3179 4039 3339 4101 pacto
3353 4046 3437 4085 me
3455 4030 3624 4084 habe-

2043 4145 2180 4192 rem,
2218 4128 2530 4183 irridebant
2569 4142 2657 4181 me
2684 4126 2889 4179 inimici
2921 4123 3195 4187 mei,illnd
3228 4123 3359 4177 mihi
3394 4137 3615 4190 semper

2038 4221 2392 4287 ohjicientes:
2416 4219 2601 4276 (Ibiest
2625 4218 2758 4271 Deus
2781 4227 2923 4279 tuus,
2943 4216 3036 4287 qui
3056 4225 3109 4271 te
3122 4214 3318 4284 eripiat
3337 4224 3391 4269 et
3409 4216 3621 4270 liberet?

2112 4311 2277 4365 Vsus.
2316 4311 2405 4365 12.
2442 4311 2621 4375 Quare
2658 4309 2826 4362 tristis
2868 4325 2921 4362 es
2971 4308 3152 4361 anima
3194 4323 3327 4367 mea.
3360 4315 3409 4360 et
3456 4320 3620 4375 quare

2040 4403 2325 4456 conturbas
2352 4418 2431 4455 me
2458 4403 2482 4455 ?
2510 4416 2666 4470 spera
2700 4400 2755 4454 in
2788 4399 2894 4453 Dea
2926 4399 3177 4467 quoniam
3213 4396 3498 4462 conﬁtebor
3514 4394 3616 4455 illi,

2040 4496 2279 4549 salutare
2305 4495 2478 4548 vultus
2504 4493 2626 4559 mei,
2652 4503 2701 4546 et
2724 4491 2860 4545 Deus
2892 4506 3057 4546 meus.
3090 4486 3309 4556 Repetit
3346 4502 3468 4556 qua:
3505 4485 3616 4555 jam

2043 4588 2295 4656 superius
2341 4587 2580 4650 dixerat,
2630 4583 2778 4654 quod
2842 4582 2975 4639 facit
3022 4588 3081 4635 ut
3120 4578 3316 4635 ﬁducia
3379 4592 3503 4633 sese
3556 4591 3619 4631 ac

2045 4676 2305 4745 patientia
2334 4675 2591 4730 muniret.
2622 4672 2887 4742 Congruit
2924 4672 3090 4727 etiam
3125 4670 3215 4727 hic
3249 4669 3493 4738 psalmus
3528 4666 3618 4734 pio

2042 4767 2347 4822 cnilibetac
2379 4764 2638 4835 religioso
2666 4763 2803 4827 viro,
2835 4761 2928 4830 qui
2956 4760 3159 4817 multas
3186 4758 3525 4815 calamitates
3559 4758 3616 4811 in

2041 4855 2300 4927 pruenti
2322 4856 2433 4909 vita
2451 4868 2645 4924 passus
2665 4853 2758 4916 sit,
2783 4852 2987 4921 quique
3006 4850 3231 4907 dissolvi
3252 4849 3401 4922 [cum
3421 4846 3612 4919 Paulo]

2041 4954 2214 5017 cptet,
2232 4955 2286 5000 et
2298 4945 2478 5000 redire
2494 4944 2561 4999 ad
2578 4942 2747 4999 Deum
2764 4942 2830 4997 “.
2848 4942 2914 4997 Et
2928 4950 3061 4997 tunc
3082 4956 3177 5009 per
3196 4942 3611 5010 exprobrantes,
3692 4964 3701 4974 -

2043 5053 2158 5092 non
2205 5037 2355 5105 ipsos
2389 5043 2602 5089 tantum
2644 5034 2945 5096 dmones,
2991 5032 3087 5088 scd
3149 5033 3401 5089 inimicos
3446 5031 3612 5085 etiam

2045 5127 2339 5198 intelliges,
2363 5135 2417 5181 et
2433 5141 2529 5197 per
2552 5137 2751 5183 terram
2769 5124 3045 5187 Iordanis.
3066 5123 3374 5179 inferiorem
3406 5128 3609 5175 terram

2043 5221 2186 5276 hanc
2234 5224 2502 5285 nostram,
2553 5234 2675 5288 qua:
2711 5217 3146 5288 comparatione,
3196 5211 3406 5267 caelesti
3446 5210 3613 5278 longe

2041 5320 2123 5368 est
2144 5310 2394 5367 inferior.
2426 5309 2685 5366 Iordanis
2734 5324 2971 5379 namque
3030 5307 3421 5375 interpretatur
3466 5309 3607 5354 terra

2044 5400 2321 5471 inferior;
2366 5398 2702 5456 llermoniim
2758 5414 2887 5455 vero
2949 5396 3093 5451 locus
3150 5390 3371 5455 doloris,
3395 5398 3449 5445 et
3497 5388 3604 5447 alia

2038 5492 2191 5560 juxta
2233 5494 2377 5551 hunc
2408 5507 2630 5551 sensum
2663 5496 3063 5561 consequenter
3092 5497 3350 5555 expones.
