4114 6208
449 261 552 325 475

1706 257 2089 320 EUTHYMII
2135 234 2506 317 ZIGABENI'

3596 251 3705 317 4⁵16

453 374 702 429 Psalmus
735 374 834 443 ipsi
869 372 1035 426 David
1064 370 1154 443 qui
1189 362 1330 441 apud
1371 369 1622 424 Hebraeos
1668 366 1781 421 sine
1827 367 2019 422 inscri-

2148 366 2379 435 ναλμὸς
2429 364 2506 431 te;
2532 364 2727 431 Δαϐίδ,
2764 364 3172 434 ἀνεπίγραφος
3208 364 3343 432 παρ’
3382 365 3684 435 Ἑϐραίοις,

1005 463 1181 531 plioue
1227 461 1474 514 habetur.

978 595 1301 653 PSALMUS
1330 596 1494 652 XLII.

522 710 772 765 Prtesens
829 712 1077 780 psalmus
1132 722 1281 766 caret
1320 712 1670 780 insriptione,
1714 712 1879 767 veluti
1935 714 2029 782 qui

458 800 707 867 ejusdem
744 802 1156 871 estargumenti
1185 813 1240 858 et
1277 803 1562 858 sententia:
1599 819 1724 857 cum
1759 805 2031 874 superiori

456 891 685 960 psalmo,
718 899 771 945 et
824 892 969 945 illius
1016 893 1421 960 quodammodo
1462 909 1588 963 pars
1634 910 1755 950 esse
1788 896 2025 951 videtur.

457 981 757 1034 Plurimum
793 982 935 1036 cnim
961 997 1083 1036 cum
1119 999 1183 1038 eo
1210 985 1465 1053 congruit
1497 1003 1513 1051 ;
1546 993 1600 1040 et
1632 987 1928 1043 verisimile
1944 998 2028 1043 est

457 1072 711 1126 eumdem
742 1073 932 1136 fuisse,
960 1074 1051 1142 qui
1091 1076 1224 1137 haec,
1258 1085 1423 1142 atque
1455 1076 1546 1129 illa
1579 1078 1744 1131 verba
1787 1082 2035 1147 protule-

458 1162 549 1215 rit.
584 1161 715 1227 Quae
737 1163 898 1216 etiam
933 1163 1095 1217 simili
1129 1175 1288 1219 modo
1315 1180 1381 1219 ex
1415 1166 1579 1220 unius
1600 1173 1811 1220 tantum
1835 1168 2035 1224 dicun-

2693 609 2989 664 ΨΑΛΜΟΣ
3018 606 3154 663 MB’.

2214 723 2617 793 Ἀνεπίγραφός
2643 726 2813 789 ἐστιν,
2852 726 2927 787 ὡς
2957 726 3056 794 τῆς
3085 722 3257 792 αὐτῆς
3280 722 3361 793 τῷ
3396 721 3504 790 πρὸ
3538 721 3706 775 αὐτοῦ

2134 814 2418 882 τυγχάνων
2464 814 2724 877 διανοίας·
2757 815 2905 868 δοκεί
2950 817 3059 885 γὰρ
3094 814 3263 885 μέρος
3291 813 3482 875 αὑτοῦ,
3522 813 3610 865 διὰ
3646 813 3709 865 τὸ

2136 903 2338 972 πολλὴν
2370 902 2515 973 ἔχειν
2543 903 2887 973 συμφωνίαν·
2923 905 2951 956 ό
2989 901 3119 970 γοῦν
3146 901 3214 954 τὰ
3240 904 3296 953 ὲν
3322 901 3518 969 ἐκείνῳ
3544 900 3710 967 φθεγ·

2139 992 2390 1061 ξάμενος,
2423 996 2720 1064 φθέγγεται
2747 996 2842 1049 καὶ
2864 995 2934 1048 τὰ
2961 996 3016 1047 ὲν
3041 993 3237 1060 τούτῳ.
3263 987 3357 1052 Εἷς
3373 992 3430 1043 δέ
3451 1008 3535 1053 τις
3563 990 3710 1041 ἐστὶν

2138 1083 2167 1135 ὁ
2204 1084 2398 1152 λέγων,
2436 1087 2531 1139 καὶ
2580 1088 2648 1140 τὰ
2696 1087 2844 1157 πάθη
2875 1086 2970 1140 τοῦ
3001 1086 3193 1154 γένους
3237 1086 3317 1147 είς
3346 1082 3542 1136 ἑαυτὸν
3582 1082 3712 1135 ἁνα-

2139 1173 2450 1245 δεχόμενος,
2485 1177 2620 1231 διότι
2653 1179 2749 1231 καὶ
2785 1178 3008 1239 σπάνιος
3036 1179 3063 1229 ὁ
3088 1175 3352 1237 τοιοῦτος.

460 1265 550 1306 tur
583 1270 841 1324 persona,
878 1256 1045 1311 veluti
1090 1257 1180 1325 qui
1231 1260 1400 1313 totius
1458 1259 1642 1328 populi
1689 1268 1914 1315 causam
1973 1278 2037 1318 ac
2083 1269 2366 1335 passiones
2394 1271 2448 1324 in
2468 1270 3037 1339 sesusceperit.Quod
3057 1269 3307 1323 fortassis
3356 1267 3445 1320 illa
3505 1268 3714 1319 ratimte

458 1351 709 1407 cllectum
772 1362 874 1418 est,
944 1353 1070 1421 quia
1129 1368 1290 1409 rarus
1342 1369 1405 1409 ac
1461 1370 1597 1423 pene
1653 1357 1851 1412 unicus
1909 1362 2034 1429 quis
2073 1365 2302 1432 reperiri
2341 1368 2513 1434 possit
2544 1369 2638 1439 qui
2665 1368 2717 1423 id
2753 1368 2933 1423 faciat.

529 1470 692 1525 Vens.
716 1469 972 1524 LJudica
998 1472 1149 1532 mihi,
1176 1472 1340 1527 Deus.
1370 1472 1607 1530 Verbum
1628 1475 1825 1529 Judica
1846 1478 1889 1531 si
1910 1494 2034 1532 cum

461 1563 780 1619 accusativo
810 1562 1073 1633 jungatur
1107 1565 1249 1619 idem
1280 1566 1550 1635 signiﬁcat
1583 1569 1727 1636 quod
1761 1569 2036 1624 Condem-

463 1658 715 1727 na,juxta
729 1660 872 1727 quod
888 1658 1088 1712 dictum
1113 1661 1342 1729 legimus
1362 1661 1405 1693 ³³
1428 1679 1442 1716 :
1463 1660 1659 1716 Judica
1680 1663 1826 1728 illos,
1856 1663 2035 1728 Deus;

465 1750 508 1803 si
531 1764 656 1804 vero
675 1763 797 1803 cum
828 1749 1011 1805 dativo
1046 1748 1130 1821 [ut
1157 1751 1293 1817 hic],
1330 1752 1471 1807 idem
1506 1754 1608 1807 erit
1653 1754 1818 1823 quo-l,
1861 1752 2038 1808 Judex

467 1850 605 1894 CSIO.
664 1852 681 1861 ’

539 1953 604 2006 Et
635 1955 868 2008 discerne
906 1972 1122 2008 causam
1169 1973 1337 2009 meam
1384 1958 1445 2010 de
1481 1966 1628 2026 gente
1678 1972 1779 2009 non
1830 1966 2036 2010 sancta.

468 2044 545 2097 De
575 2055 743 2113 gente,
786 2047 836 2100 id
874 2055 980 2111 est,
1011 2048 1147 2102 Cum
1176 2058 1354 2118 gente.
1388 2048 1502 2115 Vel,
1538 2049 1790 2103 discerne
1816 2062 2040 2103 causam

470 2139 537 2190 de
571 2147 731 2206 gente
776 2140 1029 2202 scelesta,
1095 2132 1261 2211 atque
1294 2144 1516 2211 injusta,
1551 2152 1605 2197 et
1651 2140 1822 2197 Deum
1855 2158 2041 2197 verum

476 2245 583 2283 non
618 2231 854 2289 colente.
898 2232 1153 2301 lntelligit
1178 2242 1361 2289 autem
1393 2234 1743 2302 Babylonios.

542 2323 585 2372 A
625 2321 736 2372 viro
773 2321 970 2388 injuste
997 2331 1042 2374 et
1078 2322 1259 2377 doloso
1286 2323 1427 2390 eripe
1465 2340 1565 2375 me.
1622 2321 1889 2391 lujustum
1926 2326 2045 2393 qui-

440 2396 593 2460 ’dem
624 2406 778 2469 dicit,
811 2408 974 2462 veluti
1014 2409 1286 2477 iniquum,
1308 2418 1473 2477 atque
1502 2410 1768 2478 exlegem,
1791 2411 2041 2465 dolomtm

473 2512 623 2560 vero,
653 2508 711 2551 ut
739 2499 1109 2570 deceptorcm.
1144 2500 1359 2554 Similia
1395 2509 1575 2554 autem
1623 2500 1737 2556 fere
1776 2503 2045 2557 habentur

475 2590 528 2642 in
566 2589 654 2644 illa
685 2590 849 2644 trium
891 2606 1183 2661 puerorum
1212 2590 1482 2645 oratione.
1515 2590 1715 2646 Dedisti
1764 2592 1930 2656 enim,
1962 2593 2046 2646 in—

472 2682 691 2749 quiunt,
722 2697 820 2738 nos
851 2683 961 2753 regi
1005 2682 1229 2751 injuste,
1259 2692 1313 2737 et
1362 2682 1604 2737 omnium
1651 2698 1771 2752 quae
1811 2684 1864 2737 in
1904 2694 2045 2738 terra

474 2781 604 2826 sunt
634 2774 890 2843 pessimo.
917 2775 1050 2829 Illud
1072 2776 1231 2829 etiam
1258 2775 1658 2839 adnotandum,
1685 2775 1826 2844 quod
1856 2776 2047 2844 singu-

474 2867 575 2920 lari
610 2866 925 2936 aliquando,
968 2875 1022 2920 et
1053 2867 1350 2937 aliquando
1382 2867 1579 2937 plurali
1626 2884 1721 2922 seu
1760 2868 2047 2923 collective

476 2957 696 3011 nomine
722 2971 810 3023 eo,
844 2967 1065 3011 accusat
1096 2975 1109 3011 :
1150 2959 1272 3025 quia
1307 2958 1603 3022 nimirum,
1636 2968 1686 3011 et
1724 2956 1960 3025 privata,
1996 2966 2049 3012 et

476 3050 759 3101 communi
830 3050 1094 3117 pravitate
1160 3049 1543 3103 convivehant.
1599 3047 1680 3100 Tu
1752 3064 1879 3103 vero
1956 3064 2049 3117 per

479 3146 715 3204 gentem,
746 3145 800 3191 et
851 3139 1123 3193 hominem
1173 3140 1437 3209 injustum
1484 3146 1538 3192 et
1594 3139 1843 3193 dolosum
1900 3140 2047 3207 ipsos

2208 1485 2429 1553 Κρῖνόν
2442 1503 2565 1554 μοι,
2598 1489 2631 1540 ὁ
2657 1486 2819 1550 Θεός.
2842 1484 2915 1536 Τὸ
2950 1482 3188 1551 Κρῖνον,
3222 1481 3271 1533 εί
3306 1479 3405 1549 μὲν
3432 1480 3710 1546 αἰτιατικῇ

2137 1576 2343 1630 πτώσει
2378 1577 2692 1647 συνταγείη,
2728 1576 2982 1646 σημαίνει
3018 1578 3222 1643 κυρίως
3257 1572 3318 1625 τὸ
3339 1571 3712 1639 Κατάκρινον,

2137 1666 2213 1729 ὡς
2248 1668 2329 1720 τό·
2362 1668 2580 1735 Κρῖνον
2636 1667 2859 1734 αὐτοὺς
2884 1708 2899 1734 ,
2931 1669 2962 1720 ὀ
3003 1665 3178 1728 Θεός·
3223 1665 3272 1717 εἰ
3302 1663 3358 1717 δὲ
3394 1662 3604 1732 δοτικῇ,
3631 1661 3716 1728 τὸ,

2140 1759 2349 1830 Κριτὴς
2377 1759 2558 1828 γενοῦ.

2214 1958 2321 2011 Kal
2372 1959 2628 2011 δι’κασον
2677 1957 2791 2024 τὴν
2841 1957 3021 2023 δίκην
3065 1973 3185 2024 μου
3233 1953 3302 2016 ἐξ
3340 1952 3554 2017 ἔθνους
3603 1951 3715 2018 οὐχ

2145 2051 2342 2103 ὁσίου.
2371 2079 2439 2090 —
2473 2050 2573 2113 Ἐξ
2600 2051 2837 2116 ἔθνους,
2860 2050 2980 2103 ἀντὶ
3007 2047 3122 2111 τοῦ,
3142 2047 3298 2101 Μετὰ
3316 2046 3524 2108 ἔθνους·
3564 2045 3595 2113 ἥ
3618 2044 3715 2110 τὴν

2145 2138 2204 2203 ἐξ
2236 2140 2421 2202 ἔθνους
2456 2141 2692 2201 ἀνοσίου,
2723 2141 2816 2194 καὶ
2845 2140 2913 2192 τὰ
2946 2141 3025 2202 είς
3054 2138 3186 2191 Θεὸν
3218 2137 3407 2191 ἀδίκου
3434 2150 3449 2165 ⁸
3478 2133 3716 2195 τοιοῦτος

2145 2227 2253 2300 γὰρ
2281 2230 2307 2282 ὁ
2344 2230 2580 2293 ἀνόσιος
2611 2230 2759 2298 λέγει
2800 2228 2857 2281 δὲ
2883 2229 3009 2291 τοὺς
3035 2225 3434 2285 Βαϐυλωνίους.

2229 2317 2370 2372 Ἀπὸ
2424 2317 2644 2385 ἀνδρὸς
2695 2318 2908 2371 ἀδίκου
2966 2317 3066 2370 καί
3121 2316 3331 2369 δολίου
3383 2312 3574 2383 ῥῦσαί
3618 2328 3717 2382 με.

2158 2407 2385 2461 Ἀδίκου
2420 2407 2538 2477 μὲν,
2574 2408 2649 2470 ὡς
2675 2408 2898 2477 ἀνόμου·
2926 2407 3135 2460 δολίου
3160 2405 3239 2470 δὲ,
3267 2404 3341 2467 ὡς
3379 2402 3719 2465 ἀπατεῶνός.

2146 2500 2309 2570 Δηλοῖ
2349 2498 2405 2553 δὲ
2450 2500 2543 2552 καὶ
2593 2498 2751 2552 τοῦτο
2778 2500 2876 2553 καὶ
2906 2499 2935 2570 ή
2970 2498 3246 2569 προσευχὴ
3290 2499 3454 2567 τριῶν
3490 2495 3716 2549 παὲδων.

2146 2590 2479 2661 Παρέδωκας
2529 2591 2633 2660 γὰρ
2718 2590 2922 2660 φησιν,
2968 2591 3111 2660 ἡμᾶς
3169 2589 3379 2659 βασιλεῖ
3411 2589 3579 2656 ἀδίκῳ
3624 2586 3720 2638 καὶ

2148 2683 2622 2754 παρανομωτάτῳ,
2647 2681 2797 2751 παρὰ
2827 2683 3005 2734 πᾶσαν
3025 2681 3125 2752 τὴν
3154 2682 3277 2750 γῆν.
3316 2679 3452 2732 Ποτὲ
3483 2679 3581 2746 μὲν
3603 2673 3716 2739 οὖν,

2148 2772 2548 2844 πληθυντικῶς,
2600 2772 2731 2824 ποτὲ
2792 2772 2873 2836 δὲ,
2929 2771 3124 2833 ἑνικῶς
3159 2769 3339 2821 αὐτῶν
3398 2767 3718 2835 κατηγορεῖ,

2148 2864 2280 2917 διότι
2309 2865 2403 2917 καὶ
2443 2866 2595 2935 κοινῇ
2644 2864 2737 2917 καὶ
2791 2863 2897 2934 ίδίᾳ
2952 2861 3187 2933 πονηρίᾳ
3233 2858 3489 2924 συνέζων.
3545 2859 3614 2909 Σὺ
3661 2856 3719 2907 δὲ

2150 2957 2366 3026 νοήσεις
2415 2954 2586 3021 ἔθνος,
2631 2956 2883 3017 καὶτοὺς
2931 2955 3212 3023 δαίμονας·
3266 2952 3469 3021 ὁμοίως
3519 2950 3574 3002 δὲ
3626 2949 3721 3001 καὶ

2149 3046 2435 3117 ἄνθρωπον
2466 3047 2650 3101 ἄδικον
2680 3048 2772 3099 καὶ
2799 3046 2992 3110 δόλιον,
3027 3046 3117 3099 τὸν
3141 3044 3406 3107 διάϐολον,
3439 3044 3512 3104 ὠς
3541 3040 3724 3111 1:9er-

2153 3154 2334 3209 ρηται·
2368 3138 2521 3191 οὐδὲν
2546 3138 2668 3207 γὰρ
2711 3138 3001 3207 ἀνθρώπου
3032 3137 3301 3205 διαφέρει,
3357 3132 3500 3187 κατὰ
3527 3132 3587 3185 τὸ
3624 3133 3721 3199 ἐμ-

477 3229 776 3293 daemones,
808 3237 862 3283 et
906 3230 1210 3284 daemonum
1248 3229 1545 3299 principem
1579 3230 1871 3300 intelliges.
1901 3230 2045 3284 Nihil

2151 3227 2344 3291 παθὲς,
2381 3229 2476 3280 καὶ
2515 3228 2817 3298 φιλήδονον,
2859 3226 3061 3295 ὁμοίως
3112 3223 3386 3295 ἀνθρώπῳ
3419 3222 3727 3290 φιλοσωμαυ

477 3317 623 3370 cnim
656 3317 911 3373 differunt
936 3318 1003 3372 ab
1039 3319 1257 3374 homine
1293 3319 1820 3389 perturbationibus,
1845 3319 2049 3389 quippe

2154 3317 2288 3384 τῶν,
2324 3318 2419 3371 καὶ
2448 3321 2562 3382 τοῖς
2594 3318 2827 3371 πάθεσιν
2857 3316 3293 3386 ἀναφυρόμενος.

478 3425 625 3473 cum,
672 3424 823 3463 more
886 3407 1195 3477 hominum,
1234 3424 1437 3465 vesano
1489 3410 1826 3479 voluptatum
1870 3425 2056 3464 amore
2092 3410 2483 3479 corripiantur,
2526 3410 2803 3479 corporeis
2883 3410 3027 3479 quod
3078 3406 3385 3461 afﬁciantur
3457 3403 3728 3475 passioui~

479 3503 601 3563 lius,
635 3508 689 3556 et
721 3500 886 3555 variis
913 3502 1267 3570 inquinentur
1290 3503 1766 3572 concupiscentiis.

553 3614 713 3670 Vens.
731 3615 787 3670 2.
808 3616 947 3681 Quia
973 3626 1026 3669 tu
1055 3633 1130 3680 es,
1154 3616 1311 3682 Deus,
1343 3617 1595 3686 fortitudo
1616 3634 1751 3671 mea.
1775 3615 2054 3674 Stabilitas

478 3706 689 3763 scilicet
723 3722 863 3772 mea,
899 3723 963 3763 ac
993 3708 1138 3762 vires
1170 3723 1324 3763 mean.

552 3821 730 3888 Quare
753 3838 835 3875 me
866 3822 1149 3889 repulisti!
1182 3822 1429 3878 Tradens
1457 3837 1541 3877 me
1574 3823 1628 3876 in
1658 3822 2052 3893 captivitatem.

474 3913 592 3981 Ego
643 3913 789 3968 enim
839 3928 1031 3969 servus
1069 3921 1198 3970 tuus
1248 3930 1390 3981 sum,
1428 3914 1481 3968 hi
1526 3929 1657 3968 vero
1707 3914 1807 3970 tibi
1859 3915 2055 3969 adver-

484 4011 701 4055 εηηιυτ.

552 4091 622 4145 Et
650 4108 812 4161 quare
845 4094 1011 4148 tristis
1041 4093 1247 4159 incedo,
1285 4096 1412 4148 dum
1444 4095 1631 4165 aﬂligit
1657 4112 1737 4149 me
1768 4096 2058 4151 inimicus?

2227 3620 2356 3672 Ὀτι
2397 3617 2479 3671 σὺ
2515 3611 2587 3680 εἷ,
2619 3618 2651 3669 ό
2684 3614 2849 3679 Θεός,
2879 3611 3219 3681 κραταιωμά
3246 3629 3387 3680 μου.
3425 3610 3727 3679 Στερέωσίς

2157 3727 2257 3779 μου
2293 3709 2446 3778 ἰσχύς
2472 3724 2597 3773 μου.

2235 3829 2419 3883 Ἰνατί
2460 3826 2683 3881 ἀπώσω
2732 3842 2808 3895 με
2824 3842 2844 3890 ;
2889 3824 3109 3888 Ἐκδοὺς
3166 3825 3249 3885 εἰς
3306 3824 3727 3893 αίχμαλωσίανο

2157 3920 2246 3984 σὺς
2283 3918 2382 3989 μὲν
2415 3920 2523 3989 γὰρ
2553 3916 2665 3988 ἐγὼ
2702 3917 2911 3981 δοῦλος
2944 3911 3096 3981 οὗτος
3122 3917 3199 3982 δὲ,
3223 3917 3422 3988 ἐχθρός
3453 3934 3566 3969 σου.

2224 4100 2329 4153 Καὶ
2357 4100 2513 4153 [rati
2540 4096 2978 4167 σκυθρωπάζων
3004 4097 3348 4163 πορεύομαι,
3390 4094 3462 4147 ἐν
3487 4093 3566 4157 τῷ
3602 4094 3730 4145 θ.ιίο

391 4302 399 4311 ο
484 4290 547 4331 ac
579 4277 858 4344 mitigans.

483 4183 602 4238 Non
643 4197 915 4240 accusans
945 4184 1115 4240 Deum
1146 4186 1251 4241 hoc
1284 4184 1440 4251 dicit,
1475 4186 1567 4242 sed
1601 4188 1822 4255 placans
1852 4187 2045 4257 potiusl

2158 4195 2284 4245 ὃέιν
2316 4192 2423 4245 τόν
2446 4191 2701 4259 ἐχθρόν;
2738 4189 2851 4242 Οὐκ
2881 4188 3130 4257 ἐγκαλῶν
3154 4187 3327 4240 ταῦτα
3357 4203 3542 4255 φησιν,
3596 4185 3731 4237 ἀλλᾶ

1514 4284 1519 4289 ’
2158 4282 2450 4333 δυσωπῶν.

552 4366 718 4423 Vens.
756 4370 808 4423 5.
840 4368 1034 4422 Emitte
1052 4369 1227 4440 lucem
1255 4380 1425 4433 tuam,
1475 4379 1523 4425 et
1569 4371 1843 4425 veritatem
1891 4380 2045 4426 tuam.

2244 4371 2719 4435 Ἑξαπόστειλον
2743 4372 2811 4425 τὸ
2841 4370 2967 4440 φῶς
2996 4387 3135 4432 σου,
3171 4371 3270 4424 καὶ
3303 4368 3419 4437 τὴν
3443 4367 3727 4434 ἀλήθειάν

481 4459 641 4513 Juxta
685 4470 988 4529 anagogen,
1020 4475 1115 4528 per
1146 4461 1321 4516 lucem
1346 4472 1399 4517 et
1432 4463 1741 4528 veritatem,
1775 4462 2045 4518 Christun:

2164 4478 2302 4518 σου.
2354 4464 2738 4531 Ἀναγωγικῶς
2799 4464 2918 4533 μὲν,
2953 4464 3045 4517 τὸν
3100 4463 3339 4533 Χριστὸν
3393 4464 3726 4516 αἰνίττεταιο

482 4552 752 4620 intelligit.
798 4553 911 4621 Ego
946 4554 1117 4617 enim,
1172 4554 1370 4623 inquit,
1418 4555 1514 4609 lux
1556 4572 1696 4621 sum,
1752 4556 1969 4623 veritas,
2011 4573 2045 4610 ei

2162 4559 2295 4626 φησὶ
2328 4557 2436 4627 γάρ
2459 4574 2474 4589 ο
2528 4557 2674 4623 Ἐγώ
2698 4559 2813 4625 ειμι
2860 4555 2928 4609 τὸ
2954 4555 3099 4625 φῶς,
3126 4554 3238 4607 ’καὶ
3264 4555 3301 4621 ὴ
3330 4552 3604 4616 ἀλήθεια,
3635 4548 3730 4602 καί

481 4644 586 4695 vita
606 4644 670 4697 ".
720 4643 881 4698 Juxta
924 4644 1210 4699 historiam
1243 4662 1395 4711 vero,
1429 4646 1607 4701 lucem
1663 4647 1894 4714 appellat
1933 4661 2045 4714 pro-

2158 4648 2197 4714 ἡ
2233 4647 2368 4714 ζωή·
2396 4648 2518 4701 καθ’
2556 4649 2799 4718 ἱστορίαν
2855 4647 2933 4710 δὲ,
2976 4646 3093 4717 φῶς
3130 4645 3228 4714 μὲν
3264 4645 3424 4698 καλεῖ
3465 4646 3565 4712 τὴν
3609 4644 3731 4695 ἐπι-

484 4735 798 4797 lectionem,
840 4744 893 4789 et
934 4737 1237 4791 custodiam
1262 4737 1382 4799 Dei,
1426 4753 1547 4807 quae
1571 4753 1846 4794 summum
1882 4739 2053 4809 quod-

482 4823 608 4878 dam
654 4827 855 4882 lzetitia:
888 4829 1070 4883 lumen
1111 4845 1297 4885 secum
1328 4830 1504 4896 affert,
1552 4832 1713 4901 cujus
1767 4834 2058 4903 splendore

378 4930 379 4933 ‘
479 4931 671 4973 omnes
715 4919 1067 4975 alﬂictionum
1102 4925 1340 4977 tenebras
1386 4924 1783 4979 dissolvuntur.
1843 4923 2059 4979 Verita-

481 5013 588 5058 tem
623 5016 804 5061 autem
838 5025 1072 5078 expone,
1109 5011 1160 5065 id
1196 5022 1299 5075 est,
1336 5028 1523 5067 verum
1564 5014 1852 5068 auxilium.

543 5122 671 5191 Ipsa
715 5141 795 5178 me
843 5124 1197 5189 deduxerunt,
1251 5135 1301 5180 et
1345 5128 1682 5180 addurerun!
1726 5128 1781 5180 in
1830 5140 2053 5181 montem

481 5224 722 5266 sanctum
764 5224 937 5279 tuum,
977 5225 1026 5267 et
1055 5214 1109 5266 in
1141 5213 1488 5268 tabernacula
1530 5224 1643 5267 tua.
1685 5213 1800 5266 Hoc
1834 5215 1886 5267 in
1935 5215 2056 5267 loco

486 5315 701 5375 tempus
719 5308 951 5378 positum
983 5316 1066 5361 est
1102 5322 1200 5377 pro
1229 5316 1490 5374 tempore,
1525 5304 1858 5374 praeteritum
1894 5304 2059 5357 nimi-

487 5411 606 5448 rum
658 5412 757 5465 pro
808 5397 1010 5451 futuro.
1039 5394 1178 5460 Tua,
1213 5395 1410 5464 inquit,
1445 5398 1557 5457 lux,
1593 5400 1646 5447 et
1690 5401 1780 5446 tua
1828 5394 2056 5460 veritas,

485 5483 600 5550 ipsa
633 5500 719 5539 me
751 5486 1045 5550 deducent,
1076 5492 1128 5539 et
1156 5483 1428 5537 adducent
1455 5484 1511 5537 in
1544 5491 1781 5537 montem
1804 5492 2055 5538 sanctum

490 5580 642 5627 tuum
680 5575 834 5640 Sion,
873 5586 927 5632 et
955 5576 1006 5630 in
1036 5576 1414 5640 tabernacula,
1450 5577 1551 5630 hoc
1583 5585 1686 5640 cst,
1716 5575 1767 5629 in
1796 5578 2052 5648 templum

557 5760 601 5791 τ’
633 5759 774 5817 I‘sal.
819 5779 868 5826 ν,
919 5765 995 5820 ll.
1078 5769 1298 5823 “Joan.
1341 5769 1523 5831 xt\',6.

2164 4739 2395 4809 σκοπήν,
2428 4740 2547 4808 ἣτις
2595 4740 2674 4809 τῷ
2709 4742 2849 4807 φωτὶ
2899 4740 3000 4808 τῆς
3049 4739 3225 4808 χαρᾶς
3264 4737 3380 4789 λύει
3431 4736 3494 4787 τὸ
3544 4734 3733 4795 σκότος

2161 4834 2265 4902 τῆς
2295 4832 2551 4902 θλίψεως
2584 4832 2847 4903 ἀλήθειαν
2877 4830 2956 4893 δὲ,
2986 4831 3086 4901 τὴν
3117 4827 3378 4898 ἀληθινὴν
3405 4826 3677 4897 βοήθειαν.¹

2224 5120 2383 5175 Atrei
2432 5139 2506 5189 με
2549 5120 2897 5188 eiad-limante,
2953 5120 3051 5172 καὶ
3085 5118 3318 5189 ﬁrm-da-
3344 5133 3417 5187 με
3468 5116 3556 5180 εις
3597 5113 3730 5181 ὄρος

2158 5214 2330 5283 ἅγιόν
2362 5226 2500 5277 σου,
2536 5212 2633 5265 καὶ
2681 5213 2769 5276 εις
2818 5211 2888 5265 τὰ
2943 5211 3308 5279 σκηνώματὰ
3362 5225 3505 5263 σου.
3549 5205 3729 5275 Ἑνήὶο

2157 5306 2353 5359 λακται
2405 5305 2433 5357 ὁ
2465 5306 2676 5373 χρόνος,
2721 5304 2843 5357 ἀντὶ
2900 5301 3265 5371 Ὀδηγήσουσι
3322 5300 3420 5354 καὶ
3476 5298 3733 5365 ἄξουσιν·

2158 5398 2311 5453 αὐτὰ
2348 5398 2427 5463 δὲ,
2473 5396 2674 5467 δηλαδὴ
2713 5396 2773 5448 τὸ
2803 5395 2919 5463 φῶς
2967 5412 3061 5446 σου
3098 5396 3188 5446 καὶ
3236 5396 3268 5464 ή
3317 5390 3545 5462 ἀλήθειά
3595 5403 3690 5440 σου
3721 5402 3732 5417 ’

2160 5487 2257 5541 καὶ
2290 5486 2416 5556 ὅρος
2442 5485 2540 5553 μὲν
2575 5485 2751 5552 ἅγιον,
2789 5485 2850 5537 τὸ
2880 5484 3039 5537 Σιών⁹
3067 5482 3402 5553 σκηνώματα
3423 5481 3502 5545 δὲ,
3539 5479 3568 5531 ό
3592 5477 3730 5537 θεῖος

2164 5582 2313 5644 ναός.
2357 5579 2741 5649 ’Λναγωγικῶς
2767 5579 2841 5646 δὲ,
2875 5581 2902 5631 ὁ
2925 5578 3163 5649 Χριστὸς
3197 5578 3456 5648 ὁδηγήσει
3490 5576 3582 5629 καὶ
3618 5570 3731 5636 ἄξει
