4072 6202
330 304 443 371 ιττ

1535 302 1924 368 COMMENT.
1958 294 2042 366 IN
2078 276 2455 365 PSALMOS.’

3352 257 3362 273 ’
3463 302 3574 366 ιτε

322 414 454 475 τοὺς
488 412 720 473 πιστοὺς
772 410 855 474 εἰς
908 410 1008 481 τὴν
1059 411 1172 466 ἀνω
1222 409 1381 477 Σιὼν,
1426 410 1521 465 καὶ
1553 412 1619 466 τὰ
1666 411 1894 493 οὐράνια

2024 428 2173 468 uum.
2211 412 2376 470 Juxta
2402 428 2697 485 anagogem
2727 415 2999 480 Christus,
3037 415 3153 485 qui,
3205 423 3262 470 ut
3323 420 3577 486 superius

328 503 685 574 σκηνώματαο
728 502 873 573 Ἐτὼ
898 502 1029 574 γάρ,
1071 501 1255 571 φησὶν,
1285 501 1402 571 ειμι
1436 503 1476 571 ἡ
1499 502 1658 568 ὁδός.

1995 503 2255 569 diximus,
2289 507 2383 559 lux
2431 513 2535 571 est,
2583 514 2638 560 et
2683 507 2902 572 veritas,
2940 507 3170 562 deducet
3226 518 3278 561 et
3345 507 3575 562 adducet

327 592 515 647 ﬁdeles
583 608 777 649 omnes
817 593 884 647 ad
926 608 1216 663 supernam
1265 592 1420 658 Sion,
1467 602 1520 649 et
1568 592 1638 648 ad
1720 594 1969 650 coelestia
2008 597 2381 653 tabernacula.
2443 598 2556 670 Ego
2614 594 2759 653 enim
2810 614 2953 663 sum,
3009 598 3208 666 inquit,
3267 599 3375 664 via,
3435 600 3573 652 veri-

330 694 437 748 tas,
467 694 574 740 etc.

398 777 509 832 Kal
555 776 982 845 εἰσελεύσομαι
1029 775 1182 844 πρὸς
1212 776 1283 829 τὸ
1323 775 1762 845 θυσιαστήριον
1796 775 1905 831 τοῦ

332 868 505 922 Θεοῦ.
540 868 870 936 Λατρεύσων
906 866 1079 937 αὐτῷ,
1109 867 1206 920 καὶ
1239 866 1442 920 θύσων.

401 960 559 1026 Πρὸς
587 959 693 1013 τὸν
723 960 892 1021 Θεὸν,
921 958 1030 1012 τὸν
1054 958 1459 1027 εὐφραίνοντα
1490 959 1607 1027 τὴν
1653 960 1908 1029 νεότητά

321 1070 466 1120 μου.
492 1053 667 1106 Τοῦτο
696 1053 978 1122 προσώπῳ
1002 1053 1136 1122 φησι
1165 1052 1274 1106 τῶν
1303 1052 1362 1106 ὲν
1386 1053 1739 1126 αἰχμαλωσίᾳ
1776 1070 1906 1123 γεν-

329 1139 630 1208 νηθέντων,
671 1142 765 1194 καὶ
789 1142 927 1196 νέων
954 1141 1354 1196 ἀναϐαινόντων
1382 1142 1466 1206 εἰς
1511 1142 1864 1215 Ἰερουσαλήμ
1885 1157 1901 1173 ’

330 1231 479 1294 εἰκὸς
495 1230 605 1301 γὰρ
624 1233 749 1295 τοὺς
774 1234 1017 1302 πατέρας
1043 1232 1222 1286 αὐτῶν
1245 1235 1560 1289 ἀποθανεῖν.
1587 1234 1660 1289 Ἦ
1677 1235 1905 1305 νεότητα

330 1321 482 1389 λέγει
513 1322 612 1390 τὴν
663 1322 805 1375 κατὰ
852 1323 1177 1393 προαίρεσιν
1200 1340 1214 1355 ’
1265 1322 1488 1388 ὲνέαζον
1535 1324 1643 1393 γὰρ
1677 1326 1797 1388 ταῖς
1823 1325 1907 1387 εἰς

328 1413 428 1481 τὴν
452 1413 551 1466 τοῦ
574 1413 715 1466 θεοῦ
746 1413 1008 1485 λατρείαν
1034 1415 1387 1485 προθυμίαις.
1430 1414 1822 1485 ’Δναγωγικῶς
1845 1414 1904 1469 δὲ

330 1505 543 1575 νεότης,
574 1507 607 1576 ἡ
635 1506 725 1560 διὰ
767 1505 864 1559 τοῦ
916 1506 1294 1576 βαπτίσματος
1322 1507 1647 1572 ἀνανέωσις,
1682 1508 1776 1561 καὶ
1808 1505 1905 1560 τοῦ

330 1596 567 1650 παλαιοῦ
594 1597 883 1669 ἀνθρώπου
913 1599 1240 1663 ἀπέκδυσις.

2078 775 2248 832 Vens.
2283 776 2340 830 ι.
2372 774 2440 830 Et
2474 777 2706 832 introibo
2733 776 2803 831 ad
2828 776 2999 830 altare
3027 774 3139 829 Dei.
3172 773 3444 838 Adorabo,
3490 774 3577 828 in-

2011 868 2151 939 quit,
2182 867 2375 931 Deum,
2404 874 2460 922 et
2499 869 2821 923 sacriﬁcabo
2852 873 2924 922 ei.

2079 960 2161 1014 Ad
2187 958 2353 1013 Deum
2388 960 2478 1029 qui
2507 959 2746 1027 (reti/ient
2779 960 3109 1027 juventutem
3141 975 3329 1012 meant.
3358 956 3480 1014 "tuo
3506 977 3572 1016 ex

2008 1067 2206 1108 eorum
2251 1068 2486 1122 persona
2519 1055 2666 1108 dicta
2695 1061 2850 1115 sunt,
2878 1054 2969 1122 qui
3005 1055 3056 1106 in
3102 1053 3417 1121 captivitate
3463 1054 3571 1107 nati

2004 1151 2194 1207 erant,
2234 1152 2291 1197 et
2348 1143 2441 1213 qui
2495 1143 2660 1199 modo
2713 1143 3084 1198 ascendebant
3134 1143 3188 1195 in
3246 1140 3570 1197 Jerusalem.

2013 1232 2326 1287 Verisimile
2361 1232 2508 1286 enim
2548 1241 2656 1292 est,
2690 1246 2880 1286 eorum
2918 1242 3175 1300 parentes
3217 1233 3270 1285 in
3304 1231 3575 1302 Babylone

2012 1321 2259 1389 captivos
2311 1321 2563 1390 periisse.
2597 1319 2691 1375 Vel
2730 1335 2827 1389 per
2869 1321 3230 1389 juventutem,
3290 1321 3573 1390 vigeseens

2015 1413 2183 1467 animi
2234 1414 2578 1483 propositum
2624 1413 2894 1481 intelligit.
2935 1413 3357 1467 Renovabautur
3402 1413 3571 1472 enim,

2013 1512 2068 1560 et
2086 1503 2498 1573 quodammodo
2525 1504 2975 1574 juvenescebant,
3009 1518 3134 1556 cum
3188 1504 3354 1557 divini
3394 1504 3576 1557 cultus

2012 1612 2230 1666 semper
2299 1595 2473 1666 magis
2542 1594 3010 1651 succenderentur
3063 1595 3354 1649 desiderio.
3413 1590 3577 1646 Juxta

333 1701 636 1758 anagogen,
663 1703 762 1756 per
783 1689 1428 1756 juventutemrenovatio
1480 1692 1573 1747 illa
1630 1689 1979 1761 intelligitur,
2018 1704 2143 1759 quae
2195 1687 2253 1743 ﬁt
2283 1702 2381 1758 per
2428 1688 2786 1757 baptismum,
2836 1688 3077 1757 quando,
3130 1693 3294 1739 exuto
3350 1684 3576 1751 antiquo

334 1779 574 1846 homine,
602 1794 802 1834 novum
827 1781 1124 1838 induimus.

412 1873 970 1943 Ἐξομολογήσομαι
1019 1889 1119 1931 σοι
1174 1876 1246 1932 ἐν
1293 1877 1528 1947 κιθάρᾳ,
1581 1880 1615 1932 ό
1671 1876 1832 1943 Θεὸς,
1872 1878 1907 1931 ὁ

2079 1873 2248 1929 Vens.
2289 1873 2343 1928 5.
2382 1872 2685 1941 Conﬁtebor
2730 1873 2828 1925 tibi
2861 1873 2917 1926 in
2964 1871 3168 1925 cithara
3206 1871 3368 1935 Deus,
3434 1869 3575 1924 Deus

339 1965 481 2031 Θεός
505 1982 644 2033 μου.
698 1965 809 2036 τὴν
849 1965 1125 2037 προτέραν
1158 1968 1509 2039 ἀπολήψομαι
1542 1969 1905 2029 κατάστασιν,

2024 1982 2184 2020 meus.
2214 1965 2458 2018 Primum
2490 1963 2687 2032 inquit,
2726 1970 2889 2032 atque
2917 1962 3269 2016 ammniorem
3297 1962 3422 2014 vitae
3448 1974 3579 2013 mea:

333 2056 491 2110 τοῦτο
520 2058 628 2127 γὰρ
662 2057 932 2128 ἐδήλωσεν
956 2058 1045 2112 διὰ
1068 2059 1169 2128 τῆς
1192 2060 1450 2131 κιθάραςο
1486 2060 1628 2129 μετὰ
1656 2060 1907 2129 ὁργάνων

2024 2065 2217 2111 statum
2250 2053 2605 2122 recnperabo,
2640 2054 2973 2123 organisque
3008 2062 3170 2121 atque
3204 2050 3577 2105 instrumentis

332 2149 716 2220 εὐχαριστήσω
779 2166 881 2204 σοι’
940 2151 977 2204 ἀ
1031 2152 1571 2222 αἰχμαλωτισθέντες
1637 2150 1733 2204 ἰπὶ
1785 2152 1908 2213 ταῖς

2024 2146 2258 2207 musicis,
2285 2153 2345 2199 ut
2366 2146 2517 2206 olim,
2557 2143 2649 2196 tibi
2682 2144 2889 2213 gratias
2917 2158 3071 2213 agam
3099 2160 3113 2209 ;
3141 2156 3261 2211 quae
3290 2139 3469 2194 omnia
3511 2139 3579 2192 ab

334 2239 502 2302 ἱτέαις
533 2241 872 2311 ἐκρέμασαν,
909 2241 986 2306 ὡς
1016 2243 1218 2312 ἀργίαν
1246 2243 1347 2314 ἤδη
1397 2242 1904 2312 καταψηφισθέντα.

2024 2252 2081 2291 eo
2108 2248 2476 2306 temporequo
2504 2236 2559 2289 in
2590 2234 2863 2305 Babylone
2890 2234 3088 2301 captivi
3111 2248 3323 2295 sumus,
3348 2246 3579 2300 suspen-

342 2328 731 2396 Ἀναγωγικῶς
761 2330 816 2382 δὲ
848 2329 1069 2400 κιθάρα,
1112 2332 1146 2399 ἡ
1193 2331 1475 2401 πρακτικὴ
1518 2329 1710 2400 ἀρετὴ,
1739 2329 1817 2391 ὡς
1846 2329 1906 2381 ὲν

2024 2328 2198 2383 dimus
2220 2328 2275 2382 in
2312 2326 2578 2382 salicibus
2614 2342 2630 2391 ;
2659 2341 2721 2380 ea
2766 2325 3025 2379 nimirum
3067 2326 3299 2385 ratione,
3334 2330 3392 2375 ut
3423 2332 3576 2392 post-

329 2419 509 2478 ἀλλοις
548 2421 878 2490 εἰρήκαμενν
912 2421 975 2473 τδ
1011 2420 1090 2487 δὲ,
1119 2423 1153 2474 δ
1191 2423 1357 2487 Θεὸς,
1389 2422 1423 2474 ὀ
1451 2422 1595 2486 Θεός
1635 2438 1777 2489 μου,
1812 2419 1912 2491 τὴν

2024 2433 2180 2488 qnam
2216 2418 2402 2473 nullus
2434 2432 2535 2471 nos
2564 2426 2695 2471 tunc
2738 2416 2976 2469 musices
3017 2430 3150 2468 usus
3180 2415 3428 2472 decebat.
3458 2416 3578 2482 ipsa

332 2512 409 2573 εὶς
432 2512 566 2563 Θεδν
596 2510 854 2581 ἐμφαίνει
875 2511 1281 2581 διαπυροτάτην
1305 2512 1568 2565 διάθεσιν.

2024 2510 2382 2566 instrumenta
2418 2510 2530 2564 illic
2562 2509 2726 2563 veluti
2778 2509 2842 2561 ad
2892 2507 3083 2573 otium,
3117 2514 3277 2573 atque
3331 2503 3577 2564 inertiam

337 2604 699 2658 condemnata
721 2604 990 2671 jacerent.
1019 2602 1180 2658 Juxta
1205 2618 1480 2674 anagogen
1507 2618 1602 2672 per
1619 2602 1909 2666 citharam,
1947 2601 2204 2656 virtutem
2235 2601 2490 2655 moralem
2527 2599 2901 2667 intelligimus,
2933 2612 3054 2666 qua:
3124 2598 3270 2650 circa
3339 2595 3579 2649 actiones

335 2712 617 2764 versatur,
648 2711 710 2756 ut
732 2701 860 2757 alibi
891 2701 1152 2757 diximus.
1187 2700 1357 2757 Verba
1388 2712 1568 2756 autem
1590 2700 1679 2755 illa
1706 2715 1721 2752 :
1750 2696 1916 2766 Deus,
1957 2697 2098 2752 Deus
2132 2714 2298 2765 meus,
2322 2698 2598 2769 ingentem
2623 2711 2686 2750 ac
2715 2694 2947 2750 validum
2977 2693 3222 2748 ardorem
3288 2692 3343 2746 in
3410 2691 3577 2745 Deum

334 2799 739 2854 demonstrant.

412 2893 604 2947 Ἰνατί
640 2894 971 2960 περίλυπος
1017 2889 1092 2956 εἷ,
1138 2892 1177 2959 ἠ
1221 2896 1391 2961 ψυχή
1414 2910 1552 2961 μου,
1603 2891 1701 2945 καὶ
1749 2889 1909 2944 irati

332 2984 789 3048 συνταράσσεις
834 2999 949 3051 pe;
986 2981 1239 3035 ἔλπισον
1295 2980 1393 3032 ἐπὶ
1438 2979 1544 3032 τὸν
1596 2981 1764 3041 Θεὸν,
1819 2975 1911 3029 ὅτι

328 3074 855 3145 ἐξομολογήσομαι
882 3071 1061 3137 αὐτῷ,
1109 3070 1412 3138 σωτήριον·
1448 3070 1556 3124 τοῦ
1585 3067 1911 3136 προσώπου

324 3183 473 3237 μου,
502 3164 604 3217 καὶ
653 3167 687 3218 ὁ
738 3165 880 3230 Qad;-
906 3179 1048 3232 μου.
1093 3161 1176 3215 Τὰ
1214 3159 1357 3214 αὒτά
1386 3159 1548 3214 πάλιν
1581 3157 1730 3228 αὑτῷ
1769 3155 1909 3227 πρὸς

330 3259 644 3329 ἑπῐῤῥωσιν
666 3258 1041 3325 ὲγκελεύεται.

2090 2885 2271 2950 Quare
2312 2881 2483 2935 tristis
2526 2896 2579 2933 es
2622 2878 2802 2931 anima
2834 2892 2969 2940 mea,
3012 2886 3061 2930 et
3089 2892 3252 2945 quare
3296 2874 3578 2930 conturbas

2019 2994 2100 3031 me
2136 2978 2162 3031 ?
2199 2991 2353 3045 spera
2392 2974 2443 3026 in
2487 2970 2617 3035 Deo,
2659 2970 2904 3037 quoniam
2954 2968 3127 3020 adhuc
3177 2966 3458 3034 conﬁtebor
3497 2964 3580 3018 iiii

2017 3070 2255 3125 salutare
2286 3067 2463 3121 cultus
2503 3064 2627 3125 mei,
2653 3072 2700 3116 et
2729 3061 2869 3114 Deus
2914 3076 3089 3113 meus.-
3143 3057 3343 3111 Eadem
3383 3071 3577 3111 rursus

2017 3163 2138 3232 ipse
2164 3161 2267 3215 sibi
2303 3158 2368 3213 ad
2404 3140 2664 3226 majorem
2711 3153 2910 3207 mentis
2948 3167 3060 3206 suae
3105 3148 3572 3205 conﬁrmationem

2017 3251 2281 3323 praecipit.

326 3352 441 3417 Εἰς
466 3349 532 3435 το
559 3349 732 3416 τέλος
764 3352 887 3416 τοῖς
911 3348 1063 3414 υιοῖς
1081 3347 1231 3414 Κορὲ
1244 3350 1334 3412 εἰς
1357 3350 1634 3401 σύνεσιν.
1665 3342 1913 3412 Ψα.1μὸς

2024 3343 2082 3399 1η
2123 3346 2279 3414 ﬁnem
2325 3341 2453 3410 ﬁliis
2484 3339 2617 3393 Core
2648 3336 2717 3391 ad
2764 3334 3167 3406 intelligentiam
3202 3332 3449 3389 Psalntus
3480 3331 3579 3402 ipsi

949 3439 1031 3505 τῷ
1070 3438 1275 3493 Δαϐίδ.

900 3532 1196 3586 ΨΑΛΜΟΣ
1230 3529 1366 3585 ΜΓ.

403 3625 649 3693 Τοιαύτη
670 3624 768 3696 μὲν
790 3625 882 3679 καὶ
909 3622 1004 3677 τοῦ
1029 3630 1124 3693 μα’
1153 3621 1373 3692 ψαλμοῦ
1400 3616 1702 3693 ἐπιγραφή·
1730 3636 1919 3690 προει-

334 3722 594 3793 ρήκαμεν
625 3718 683 3771 δὲ
740 3718 871 3787 περὶ
908 3716 1076 3785 αὐτῆς
1145 3717 1203 3768 έν
1253 3714 1467 3784 ἐκείνῳ.
1519 3713 1635 3767 Νῦν
1696 3712 1755 3764 δὲ
1811 3709 1917 3780 χρὴ

326 3810 599 3866 τοσοῦτον
628 3809 822 3871 εἰπεῖν,
854 3807 938 3860 ὅτι
954 3805 1228 3876 προσώπῳ
1249 3803 1532 3858 Ματαθίου
1554 3802 1648 3856 τοῦ
1680 3804 1915 3856 Μακκα-

333 3902 502 3956 ϐαίου
527 3901 619 3954 καὶ
644 3899 751 3952 τῶν
782 3898 989 3953 παίδων
1014 3897 1179 3950 αὑτοῦ
1207 3897 1298 3950 τὸν
1327 3896 1573 3965 παρόντα
1598 3909 1920 3964 προαναφω.

332 3996 422 4047 νεῖ
448 3990 666 4061 ψαλμὸν
682 3993 709 4044 ὁ
738 3990 920 4043 Δαϐίδο
944 3988 995 4042 οἳ
1016 3986 1491 4057 καταπονηθείσης
1516 3986 1619 4054 τῆς
1656 3984 1919 4048 Ἰουδαίας

338 4087 454 4139 ὑπὸ
499 4084 775 4152 Ἀντιόχου
803 4080 900 4133 τοῦ
943 4080 1277 4150 Ἐπιφανοῦς
1309 4080 1405 4133 καὶ
1430 4078 1540 4132 τῶν
1568 4076 1916 4138 Μακεδόνων,

2704 3429 2894 3483 David.

2531 3519 2851 3575 PSALMUS
2879 3519 3057 3575 XLIII.

2090 3617 2298 3673 Similis
2336 3624 2418 3670 est
2453 3613 2736 3682 inscriptio
2785 3612 2976 3683 psalmi
3018 3627 3131 3678 xu,
3190 3611 3257 3667 de
3312 3627 3415 3682 qua
3466 3612 3576 3680 jam

2019 3709 2284 3763 diximus.
2318 3705 2476 3760 Nunc
2513 3703 2645 3758 illud
2679 3713 2892 3758 tantum
2942 3702 3123 3757 dicere
3157 3711 3391 3769 oportet,
3434 3700 3577 3769 quod

2020 3801 2212 3855 beatus
2243 3797 2413 3851 David
2461 3796 2730 3866 psalmum
2766 3795 2910 3848 hunc
2938 3791 3159 3861 scripsit
3186 3792 3238 3846 in
3286 3806 3576 3861 personam

2021 3891 2299 3947 Matathia:
2341 3885 2656 3951 Machabaai,
2686 3892 2742 3940 et
2775 3884 3006 3938 ﬁliorum
3036 3883 3174 3951 ejus,
3213 3883 3304 3952 qui
3346 3897 3470 3937 cum
3512 3898 3579 3937 eo

2019 3993 2284 4054 tempore,
2317 3996 2428 4052 quo
2457 3978 2644 4034 Judaea
2664 3977 2814 4047 regio
2842 3973 3197 4051 ab_Antiocho
3221 3985 3580 4044 cognomento

2024 4075 2247 4138 Illustri,
2277 4081 2439 4142 atque
2472 4086 2502 4124 a
2540 4067 2928 4123 Macedonibus
2972 4074 3281 4121 vastaretur
3307 4106 3322 4130 ,
3363 4068 3581 4121 exsules

337 4175 441 4228 καὶ
476 4170 844 4240 ἁρπαγείσης,
886 4170 1124 4238 φυγάδες
1167 4169 1344 4232 ὅντες,
1407 4168 1792 4239 ἀνεθάρρησαν
1821 4166 1914 4234 ὀψέ

2025 4173 2234 4226 essent,
2269 4178 2394 4219 sero
2446 4161 2590 4227 licet,
2646 4159 2789 4213 vires
2854 4166 3075 4220 tamen,
3136 4165 3301 4226 atque
3339 4157 3578 4211 animum

337 4280 501 4327 ποτε,
520 4261 617 4314 καὶ
639 4260 1034 4329 συναγαγόντες
1052 4261 1211 4323 ὅσους
1234 4258 1500 4327 ἠδύναντο
1522 4259 1657 4328 πρὸς
1680 4257 1914 4327 ἄμυναν,

2024 4256 2242 4310 tandem
2297 4259 2641 4322 receperunt.
2697 4249 2851 4305 Unde
2901 4249 3145 4309 collectis
3202 4261 3299 4316 pro
3345 4256 3584 4315 tempore

338 4350 879 4423 παρεσκευάσθησαν
934 4350 1011 4421 τῷ
1065 4351 1185 4421 Θεῷ
1244 4346 1770 4422 θαρῥήσαντες.Ὦν
1822 4350 1914 4415 τὴν

2024 4345 2216 4413 copiis,
2265 4342 2335 4397 ad
2399 4339 2773 4396 defensionem
2828 4350 2892 4392 ac
2921 4337 3214 4391 vindictam
3252 4348 3477 4389 suorum
3529 4335 3582 4385 iu

341 4454 596 4524 ἱστορίαν
667 4449 911 4521 ἀκριϐῶς
964 4446 1035 4500 τὰ
1100 4443 1507 4500 Μακκαὸαἲστὰ
1577 4444 1914 4497 διδάσκουσιν

2024 4434 2134 4487 Deo
2161 4432 2389 4487 ﬁdentes
2405 4448 2527 4487 sese
2556 4432 2930 4493 accinxerunt,
2962 4437 3017 4481 ut
3050 4428 3270 4481 uberius
3303 4425 3357 4481 in
3398 4438 3583 4479 eorum

350 4519 650 4613 Ἰωσήπου.
687 4519 1074 4606 κατεπτηχόσι
1121 4535 1180 4588 δὲ
1217 4539 1330 4598 τοῖς
1362 4537 1425 4588 ἐκ
1466 4534 1645 4601 φυγῆς
1693 4535 1914 4605 συνηλε-

2025 4526 2255 4579 historia
2297 4523 2575 4593 Josephus
2632 4523 2836 4577 retulit.
2872 4522 3011 4576 Cum
3049 4521 3212 4589 igitur
3258 4519 3313 4574 hi
3368 4520 3588 4574 exsules

342 4611 575 4705 γμένοις
596 4631 683 4686 διὰ
703 4629 924 4702 τὴντῶν
937 4627 1262 4682 Μακεδόνων
1285 4626 1570 4695 ἀπήνειαν,
1585 4625 1914 4691 προσάγουσι

2029 4633 2154 4671 eum
2191 4616 2403 4670 caeteris
2456 4615 2722 4684 fugitivis,
2773 4613 2863 4681 qui
2916 4625 2979 4665 ex
3028 4611 3234 4693 Judaeis
3275 4611 3586 4678 congregati

344 4703 698 4793 παραίνεσιν,
759 4721 818 4771 ἐν
866 4719 1033 4786 εὐχῆς
1081 4713 1264 4784 τύπῳ,
1324 4717 1389 4783 τῇ
1450 4714 1754 4784 ἀναμνήσει
1809 4714 1914 4767 τῶν

2033 4711 2287 4773 inerant,
2355 4710 2426 4765 ob
2476 4707 2832 4762 Macedonum
2895 4703 3161 4758 smvitiam
3234 4703 3589 4772 trepidarent,

345 4812 493 4867 κατὰ
525 4811 653 4872 τοὺς
682 4809 925 4873 πατέρας
959 4806 1139 4858 αὐτῶν
1187 4802 1575 4871 γεγενημένων
1621 4804 1914 4872 τεραστίων

2030 4803 2473 4856 exhortationem
2511 4799 2613 4855 sibi
2643 4799 2696 4851 in
2721 4795 2986 4851 orationis
3015 4794 3241 4849 formam
3268 4809 3594 4865 composue-

349 4899 871 4971 παραθαρρύνοντες
902 4897 1118 4962 αὐτοὺς,
1168 4894 1263 4947 καὶ
1323 4893 1404 4956 εἰς
1451 4893 1541 4945 τὸν
1577 4893 1807 4963 πόλεμον
1842 4895 1924 4948 δι-

353 4992 687 5061 εγείροντες.

435 5169 500 5222 '0
541 5168 705 5232 Θεὸς,
748 5166 818 5219 ἐν
864 5164 991 5230 τοῖς
1033 5162 1185 5216 ὠσὶν
1225 5162 1397 5231 ἡμῶν
1446 5163 1816 5233 ἠκούσαμεν,
1870 5166 1923 5216 οἱ

352 5262 606 5328 πατέρες
640 5257 807 5325 ἡμῶν
831 5257 1200 5325 ἀνήγγειλάν
1231 5256 1377 5324 ἡμῖν
1398 5256 1575 5324 ἔργον
1608 5256 1639 5309 ὃ
1670 5255 1924 5325 εἰργάσω

352 5354 422 5406 ἐν
447 5351 574 5415 ταῖς
597 5348 845 5416 ἡμέραις
876 5346 1096 5411 αὐτῶν,
1131 5348 1202 5399 ἑν
1247 5346 1494 5415 ἡμέραις
1536 5346 1833 5413 ἀρχαίαις.
1856 5376 1926 5386 -

367 5445 420 5495 '0
452 5442 617 5504 Θεὸς,
659 5439 729 5492 ἐν
757 5439 877 5504 τοῖς
906 5440 1059 5493 ὠσὶν
1089 5438 1257 5506 ἡμῶν
1292 5439 1643 5507 ἠκούσαμεν
1663 5477 1677 5500 ,
1713 5439 1791 5499 εἰς
1834 5436 1924 5507 βε-

357 5533 584 5586 ϐαίωσιν
612 5530 706 5582 τοῦ
732 5531 893 5598 λόγου
923 5532 1243 5599 πρόσκειται
1281 5530 1360 5592 τὸ,
1395 5528 1517 5594 Τοῖς
1554 5527 1708 5581 ὠσὶν
1732 5528 1920 5596 ἡμῶν.

357 5624 468 5676 Καὶ
494 5622 604 5690 γὰρ
630 5619 923 5690 εἰώθαμεν,
957 5622 1085 5674 ὅταν
1108 5619 1425 5690 διηγώμεθα
1456 5620 1585 5689 περὶ
1615 5612 1691 5672 ὧν
1714 5620 1927 5687 πεπλη-

360 5711 741 5786 ροφορήμεθα,
809 5715 1093 5783 μάρτυρας
1147 5711 1285 5767 αὐτὰ
1349 5711 1798 5783 παραλαμϐάνειν
1857 5712 1922 5765 τά

2030 4903 2182 4957 runt,
2216 4908 2335 4962 quae
2378 4889 2649 4945 mirabilia
2677 4904 2906 4959 quaeque
2936 4889 3342 4959 progenitorum
3369 4901 3594 4942 suorum

2030 4984 2173 5038 facta
2212 4987 2713 5037 commemoraret:
2757 4988 2815 5033 ut
2872 4978 2958 5033 his
3016 4979 3270 5032 nimirum
3334 4978 3595 5037 exemplis

2031 5075 2410 5129 animarentur
2443 5079 2498 5126 et
2533 5071 2788 5125 ﬁdentius
2819 5071 3192 5125 excitarentur
3236 5066 3301 5122 ad
3337 5081 3592 5137 pugnam.

2107 5163 2274 5219 Vens.
2300 5163 2355 5217 Ξ.
2382 5162 2543 5228 Deus,
2583 5162 2801 5217 auribus
2848 5164 3045 5216 nostris
3075 5161 3393 5222 audivimus,
3418 5166 3594 5226 patres
3672 5217 3678 5223 _

2034 5259 2206 5314 nostri
2247 5259 2694 5312 annuntiauerunt
2746 5256 2894 5311 nobis
2923 5273 3052 5325 opus
3081 5250 3218 5323 quod
3254 5258 3499 5319 operatus
3539 5263 3595 5301 es

2032 5353 2086 5404 in
2115 5352 2292 5404 diebus
2320 5366 2523 5412 eorum,
2565 5351 2619 5403 in
2657 5349 2841 5401 diebus
2894 5346 3148 5413 antiquis.
3208 5340 3361 5407 Quod
3414 5338 3593 5392 dicit:

2035 5443 2344 5495 Andirimus
2376 5442 2593 5495 auribus
2630 5440 2846 5501 nostris,
2875 5438 3079 5490 dictum
3112 5442 3197 5488 est
3228 5430 3296 5483 ad
3329 5429 3591 5498 majorem

2033 5535 2504 5589 conﬁrmationem
2585 5542 2637 5588 et
2717 5530 2993 5598 majorem
3060 5525 3215 5579 ﬁdem
3296 5522 3595 5577 sermonis.

2034 5625 2287 5680 Solemus
2320 5624 2463 5677 enim
2490 5621 2710 5691 quando
2735 5616 2954 5687 aliquod
2982 5614 3184 5669 factum
3212 5627 3502 5667 narramus
3524 5612 3595 5667 de

2030 5729 2137 5787 quo
2162 5712 2294 5770 certi
2324 5728 2534 5778 sun-us,
2570 5724 2763 5767 sensus
2792 5709 2939 5780 ipsos
2978 5716 3279 5791 assumere.
3303 5703 3356 5759 in
3400 5712 3596 5771 tcstcs,
