4072 6202
448 272 560 335 479

450 395 512 441 ιιι
565 383 697 441 illud
733 399 747 437 :
788 383 1039 453 Viderunt
1110 382 1250 438 oculi
1299 382 1467 437 nostri
1504 399 1523 447 ,°
1564 381 1694 441 item
1749 399 1762 435 :

447 484 641 529 nostra?
656 482 1128 538 contrectaverunt,
1152 482 1205 528 et
1220 488 1344 528 eum
1373 473 1613 533 dixerint
1638 460 2019 537 :VAudiaintus,

448 566 662 628 subdit,
730 578 761 618 a
820 564 1047 633 quibus,
1123 578 1152 617 a
1198 564 1449 635 patribus
1507 562 1740 628 scilicet,
1794 578 1890 631 per
1934 562 2024 618 illa

449 657 739 721 nimirum,
802 671 924 726 quae
984 655 1145 710 nobis
1206 657 1412 726 scripta
1465 655 1829 724 reliquerunt.
1883 654 2026 721 Quid

459 756 641 803 autem
674 746 970 813 audierint,
992 755 1046 803 et
1067 748 1197 818 quid
1217 755 1477 817 operatus
1510 746 1582 803 sit
1618 747 1782 810 Deus,
1808 748 1939 807 audl
1971 748 2025 801 in

461 838 847 907 sequentibus.

521 926 693 984 Vens.
720 928 775 983 5.
804 928 993 983 Manus
1021 937 1115 983 tua
1141 936 1317 997 gentes
1345 929 1743 995 exterminavit,
1776 937 1828 987 ιι
1874 930 2031 998 ptan-

459 1021 590 1074 tain
620 1037 731 1074 eos.
776 1019 880 1075 Per
911 1028 1100 1089 gentes
1130 1020 1472 1079 Cliananteos
1499 1021 1775 1092 intelligit,
1808 1033 1862 1083 et
1891 1023 2033 1079 alios

462 1111 720 1180 populos,
751 1110 843 1181 qui
886 1111 1019 1165 olim
1054 1111 1107 1165 in
1144 1119 1287 1167 terra
1320 1113 1708 1183 promissionis
1751 1113 2034 1173 habitave-

456 1212 627 1259 rant:
670 1213 724 1258 et
779 1218 878 1273 per
929 1218 1154 1259 manum
1211 1203 1354 1274 ejus,
1413 1204 1654 1261 divinam
1712 1206 2031 1275 potentiam.

457 1294 730 1349 Plantasti
753 1312 864 1363 eos,
889 1296 942 1352 id
972 1305 1079 1359 est,
1102 1298 1353 1356 habitare
1373 1298 1554 1355 fecisti
1574 1307 1758 1368 patres
1790 1307 2032 1355 nostros.

460 1385 530 1439 Et
567 1386 858 1441 considera
886 1388 1218 1457 exquisitum
1252 1388 1507 1458 loquendi
1543 1390 1787 1447 modum.
1823 1392 1898 1446 De
1927 1392 2038 1448 illis

463 1477 615 1532 enim
653 1478 910 1543 gentibus
945 1480 1100 1544 dicit,
1131 1479 1277 1549 quod
1328 1481 1470 1538 Deus
1508 1483 1892 1538 exterminavit
1918 1498 2036 1547 eas,

1651 266 2041 333 EUTHYMII
2080 265 2452 333 ZIGABENI

3582 260 3695 323 L80

1825 380 2017 439 Manus
2042 380 2096 441 Α
2120 380 2475 454 αἰσθητήρια,
2493 378 2568 442 ὡς
2595 379 2679 442 τὸ,
2713 375 3085 445 Ἐωράκασιν
3112 376 3168 429 οι
3196 372 3489 443 ὀφθαλμοί
3508 372 3700 442 ήμῶν-ν

2126 475 2219 528 καί
2244 489 2258 504 ’
2290 476 2362 527 At
2409 471 2611 541 χεῖρες
2639 470 2810 540 ἡμῶν
2865 468 3281 539 ἐψηλάφησαν
3305 503 3320 519 .
3344 466 3604 529 Εἱπόντες
3624 466 3706 531 δὲ,

2130 568 2216 623 ὅτι
2257 566 2667 635 Ἠκούσαμεν,
2698 565 2962 632 ἐπάγουσι
3016 561 3111 615 καὶ
3170 560 3325 629 παρὰ
3372 560 3572 622 τίνων,
3625 560 3710 613 ὅτι

2127 657 2280 729 παρὰ
2312 657 2423 711 τῶν
2450 657 2695 726 πατρῶν.
2724 654 2895 723 Δῆλον
2922 653 2998 717 δὲ,
3038 654 3118 706 ὅτι
3147 652 3261 721 (5'5)
3293 651 3399 704 ἀπὸ
3422 650 3533 703 τῶν
3574 664 3709 719 συγ-

2128 746 2479 816 γραμμάτων
2507 738 2585 806 ὦν
2612 743 3001 797 ὰπολέλοιπαν.
3033 741 3099 794 Τί
3130 740 3186 793 δέ
3225 742 3377 792 ἐστιν
3415 739 3443 791 ὃ
3475 738 3714 807 ἡκούσα-

2132 855 2233 908 μεν
2265 838 2357 891 καὶ
2386 836 2415 892 ὃ
2448 837 2745 907 εἰργάσατο
2795 837 2823 888 ὁ
2853 835 2987 898 Θεὸς
3017 835 3250 889 ἄκουσον
3288 832 3377 888 διὰ
3423 831 3531 885 τῶν
3558 833 3710 898 ἑξῆς.

2213 930 2274 985 Ἡ
2297 930 2428 999 χείρ
2479 943 2596 983 σου
2646 928 2791 996 ἔθνη
2837 927 3271 994 ὲξωλόθρευσε,
3307 924 3408 979 καί
3460 926 3716 993 κατεφύ-

2130 1040 2358 1088 τευσας
2388 1022 2632 1087 αὐτούς.
2687 1021 2857 1091 Ἔθνη
2893 1021 2962 1077 τὰ
2996 1019 3107 1072 τῶν
3155 1019 3477 1073 Χαναναίων
3522 1017 3671 1085 λέγει
3695 1057 3713 1081 ,

2129 1118 2221 1170 καὶ
2252 1116 2362 1169 τῶν
2390 1115 2589 1179 ἄλλων,
2609 1114 2722 1167 τῶν
2746 1112 3152 1168 κατοικούντων
3178 1111 3445 1181 πρότερον
3468 1112 3529 1163 ὲν
3546 1112 3611 1179 τῇ
3639 1113 3712 1180 γῇ

2130 1209 2231 1278 τῆς
2281 1207 2659 1276 ἐπαγγελίας·
2710 1209 2873 1278 χεῖρα
2922 1206 2980 1259 δὲ
3029 1204 3179 1273 λέγει
3222 1203 3383 1261 Θεοῦ,
3424 1201 3523 1271 τὴν
3560 1201 3716 1255 Θείαν

2131 1299 2365 1370 δύναμιν
2389 1315 2404 1331 ·
2464 1298 2933 1367 Κατεφύτευσας
2978 1294 3075 1360 δὲ,
3125 1295 3250 1348 ἀντὶ
3305 1291 3718 1362 Ἑγκατῴκισας

2133 1392 2259 1454 τοὺς
2290 1391 2530 1459 πατέρας
2569 1389 2750 1459 ἡμῶν.
2782 1389 2928 1459 Ὅρα
2961 1386 3018 1439 δὲ
3047 1385 3159 1440 τῶν
3203 1384 3402 1449 λέξεων
3430 1383 3531 1454 τὴν
3564 1380 3725 1451 ἀκρί-

2137 1484 2292 1537 ϐειαν
2320 1498 2337 1517 σ
2369 1483 2457 1537 ἐπ’
2512 1480 2738 1535 ὶκείνων
2775 1479 2898 1550 μὲν,
2945 1477 3392 1545 Ἔξωλόθρευσε
3417 1516 3432 1539 ,
3483 1473 3573 1526 διὰ
3617 1473 3722 1542 τὴν

461 1584 529 1623 eo
562 1570 709 1637 quod
738 1572 959 1641 penitus
981 1574 1273 1629 eradicala’:
1307 1583 1438 1630 sunt
1467 1575 1537 1630 ab
1566 1574 1659 1632 illa
1698 1576 1944 1644 regione.
1968 1577 2045 1632 De

2147 1573 2537 1644 πανωλεθρίαν’
2572 1572 2666 1626 ἐπὶ
2719 1570 2929 1625 τούτων
2958 1569 3015 1622 δὲ
3038 1609 3053 1634 ,
3096 1567 3586 1635 Κπεφύτευσας,
3631 1564 3725 1617 δια

459 1660 668 1718 Judaeis
703 1677 835 1717 vero
871 1663 947 1718 ait
980 1681 996 1718 :
1047 1663 1323 1721 Plantasti
1349 1683 1463 1733 eos,
1504 1667 1633 1738 quia
1683 1666 1945 1723 nimirum
1984 1668 2039 1725 in

2147 1662 2247 1736 τὴν
2287 1663 2595 1734 ἑνρίζωσιν.
2654 1660 2719 1714 Et
2766 1660 2877 1730 γὰρ
2930 1660 3027 1713 καὶ
3078 1657 3412 1729 μετανάσται
3464 1655 3725 1723 γεγόνασι

464 1753 707 1822 gentium
768 1756 923 1820 sede,
969 1758 1115 1812 unde
1166 1758 1273 1813 illae
1327 1759 1705 1815 exterminata:
1748 1768 1803 1815 et
1871 1762 2047 1830 pulsas

2151 1756 2443 1827 πρότερον,
2485 1753 2601 1808 ἀλλ’
2634 1753 2735 1807 οὐκ
2780 1752 2935 1806 αὐτοὶ
2984 1751 3222 1813 πάντως,
3271 1747 3409 1802 ἀλλὰ
3458 1748 3527 1800 τὰ
3555 1746 3726 1800 τέκνα

468 1839 711 1905 fuerant,
745 1841 850 1913 ipsi
896 1844 1081 1900 ﬁrmas
1117 1860 1181 1900 ac
1222 1846 1454 1904 stabiles
1504 1847 1717 1907 radices
1751 1850 2042 1907 miserunt.

2147 1848 2352 1911 αὐτῶν,
2390 1846 2487 1903 καὶ
2533 1845 2708 1899 ταῦτα
2761 1844 2850 1898 διὰ
2898 1844 2998 1907 τὰς
3046 1841 3255 1905 οίκείας
3308 1838 3606 1910 ἁμαρτίας,
3644 1840 3728 1892 Τά

468 1930 578 1999 Ipsi
639 1932 787 1985 enim
842 1934 1005 2002 primi
1058 1934 1270 2000 Patres,
1322 1938 1473 1992 illine
1518 1955 1798 2023 nunquam
1830 1942 2043 2013 expulsi

2147 1939 2491 2008 προλαϐόντα
2535 1939 2593 1992 δὲ
2642 1937 2899 2007 θαύματα
2926 1934 3257 2006 παραλιπὼν
3278 1933 3318 1986 ὁ
3346 1934 3530 2000 λόγος,
3566 1932 3727 2001 μόνον

470 2029 622 2088 sunt,
672 2026 888 2081 tametsi
917 2042 1109 2083 eorum
1146 2029 1304 2084 liberi
1340 2030 1711 2087 admissorum
1764 2033 2038 2089 scelerum

2147 2030 2303 2085 τοῦτο
2326 2030 2568 2101 τίθησιν,
2603 2031 2680 2093 ὡς
2709 2031 2911 2083 οἰκεῖον
2940 2028 3076 2099 πρὸς
3101 2027 3200 2097 τὴν
3229 2026 3511 2083 ὑπόθεσιν·
3542 2025 3591 2076 εί
3616 2024 3727 2093 γὰρ

469 2114 687 2171 luentes
713 2133 931 2186 ptenas,
965 2135 1110 2190 saepe
1145 2122 1495 2190 postmodum
1530 2122 1642 2179 Deo
1679 2124 1909 2192 iubente
1935 2124 2044 2184 alio

2147 2122 2272 2184 τοὺς
2304 2120 2490 2186 ξένους
2523 2121 2619 2174 ἐπὶ
2649 2120 2749 2190 τὴν
2783 2119 3071 2190 ἀλλοτρίαν
3104 2119 3287 2190 ἵδρυσε
3311 2159 3326 2178 ,
3377 2115 3561 2184 πολλῷ
3595 2115 3731 2184 μᾶλ-

470 2210 1008 2280 transmigraverint.
1045 2212 1330 2269 Prioribus
1356 2223 1544 2269 autem
1572 2215 1835 2271 omnibus
1868 2215 2042 2270 umis.-

2147 2213 2240 2268 λον
2271 2214 2495 2281 τούτους
2528 2215 2968 2285 ἐκϐεϐλημένους
3016 2215 3115 2284 τῆς
3163 2210 3421 2281 πατρίδος
3454 2211 3728 2263 άποκατα·

470 2293 549 2348 sis
575 2296 884 2363 miraculis,
916 2302 1191 2357 sermonis
1216 2302 1302 2363 sui
1342 2312 1729 2373 argumentum
1771 2303 2043 2372 Propheta

2147 2304 2342 2376 στήσει
2372 2306 2536 2363 πάλιν
2570 2306 2665 2362 καὶ
2694 2305 3005 2375 συναγάγῃ.

471 2384 602 2443 hinc
631 2391 983 2457 potissimum
1030 2393 1203 2457 elicit,
1261 2394 1391 2463 quia
1438 2394 1485 2450 si
1531 2406 1827 2451 extraneos
1886 2393 2034 2449 Deus
2070 2392 2306 2450 alienam
2337 2397 2390 2451 iu
2412 2399 2593 2455 sedem
2656 2398 2973 2461 eoilocavit,
3042 2395 3123 2451 eis
3170 2409 3317 2449 nunc
3385 2395 3557 2462 magis
3603 2408 3731 2463 spe-

474 2476 707 2533 randum
747 2480 837 2543 sit,
873 2491 933 2535 ut
983 2483 1125 2552 pulsi
1155 2498 1186 2538 e
1236 2483 1415 2553 patria
1461 2484 1592 2541 illuc
1634 2500 1665 2539 a
1707 2485 1822 2542 Deo
1878 2486 2081 2541 iterum
2120 2486 2444 2553 reducendi,
2503 2495 2558 2544 et
2607 2489 2663 2543 in
2755 2489 3053 2559 pristinum
3109 2494 3310 2541 statum
3400 2481 3728 2537 restituendi

474 2563 609 2621 sint.

544 2658 795 2728 Amisisti
825 2661 1069 2730 populos,
1104 2674 1156 2718 et
1184 2664 1390 2735 ejecisti
1417 2683 1529 2722 eos.
1569 2667 1774 2734 Gentes
1805 2670 2046 2730 scilicet.

474 2746 667 2817 Neque
691 2750 838 2804 enim
883 2756 1265 2812 tantummodo
1313 2757 1502 2827 ejecta:
1547 2769 1701 2825 sunt,
1740 2762 1835 2817 sed
1888 2771 2047 2818 ante-

474 2853 638 2906 quam
663 2841 1016 2910 ejicerentur,
1045 2847 1261 2901 diutino
1288 2850 1453 2906 etiam
1485 2850 1651 2919 bello,
1675 2861 1732 2908 et
1759 2854 1927 2911 variis
1951 2868 2050 2910 ca-

478 2928 820 2993 lamitatibus
850 2933 1075 2990 fuerunt
1099 2938 1331 2995 aﬂlictaa.

547 3020 715 3080 Vens.
758 3025 811 3080 ι.
857 3027 981 3081 Non
1005 3030 1143 3083 enim
1179 3030 1235 3084 in
1259 3032 1438 3102 gladio
1474 3051 1571 3089 suo
1605 3036 2046 3099 hwreditaucrunt

2234 2666 2584 2733 Ἐκὰκωσας
2633 2666 2842 2734 λαοὺς,
2893 2666 2992 2720 καί
3035 2666 3317 2731 ἐξέϐαιες
3368 2662 3613 2727 αὐτούς.
3650 2661 3732 2713 Τὰ

2154 2757 2306 2829 ἔθνη·
2340 2759 2400 2811 οὐ
2425 2758 2534 2828 γὰρ
2574 2758 2948 2828 ἐξεϐλήθησαν
2985 2757 3166 2825 μόνον,
3197 2754 3336 2808 ἀλλὰ
3372 2754 3466 2807 καὶ
3514 2751 3731 2821 πρῶτον

2152 2852 2545 2923 ἐκακώθησαν,
2570 2850 2803 2922 πολέμῳ
2831 2850 2928 2905 καὶ
2962 2846 3254 2920 θεομηνία.

2221 3032 2306 3086 Οὐ
2331 3028 2440 3100 γὰρ
2468 3029 2539 3084 ἐν
2577 3026 2654 3095 τῇ
2682 3027 2947 3098 ῥομφαίᾳ
2990 3024 3192 3079 αὐτῶν
3229 3024 3733 3091 ἑκληρονὸμησαν

482 3104 698 3171 terram.
736 3115 961 3172 Terram
989 3119 1136 3174 enim
1163 3123 1542 3189 promissionis
1572 3128 1742 3183 armis
1772 3129 2047 3187 consecuti

2157 3123 2299 3196 γῆν.
2335 3124 2451 3178 Οὐκ
2503 3124 2562 3180 ὲν
2591 3124 2705 3186 τοῖς
2757 3121 2944 3183 ὅπλοις
2997 3117 3448 3188 ὲκληρονόμησαν
3496 3113 3598 3183 γῆν
3635 3111 3733 3183 τὴν

479 3217 594 3259 non
625 3214 779 3261 sunt.

556 3292 624 3346 Et
647 3294 920 3352 brachium
946 3315 1125 3356 eorum
1147 3319 1250 3359 non
1273 3304 1496 3361 saluauit
1514 3323 1621 3363 eos.
1653 3307 1842 3380 Neque
1864 3320 2055 3383 poten-

487 3382 565 3437 tia
599 3398 788 3439 eorum
820 3402 915 3443 eos
945 3389 1196 3446 liberavit
1230 3407 1261 3448 a
1292 3396 1483 3463 tantis,
1530 3406 1585 3452 et
1611 3406 1719 3453 tam
1752 3382 2057 3459 tremendis

490 3476 765 3543 gentibus.

564 3565 668 3621 Sed
694 3568 881 3624 dextra
914 3581 1006 3629 tua
1041 3584 1092 3628 et
1128 3573 1399 3633 brachium
1431 3587 1601 3635 tuam.
1650 3580 1755 3636 Per
1781 3582 2053 3651 dextram,

484 3657 709 3727 quidam
738 3663 1006 3719 auxilium
1041 3666 1376 3739 intelligunt,
1415 3679 1470 3725 et
1497 3685 1598 3740 per
1641 3673 1927 3731 brachium
1958 3691 2057 3746 po-

486 3750 738 3805 tentiam.
765 3752 874 3808 Alii
916 3771 1051 3811 vero
1080 3773 1178 3828 per
1209 3768 1503 3831 utramque
1555 3762 1854 3827 dictionem
1904 3781 2060 3838 asque

488 3842 789 3911 signiﬁcari
824 3846 1018 3906 dicunt
1052 3851 1374 3919 potentiam.

563 3932 631 3985 Et
655 3935 982 3994 illuminatio
1016 3942 1190 3997 vultus
1221 3944 1320 3998 tui.
1367 3942 1484 4001 Hoc
1506 3955 1612 4015 est,
1652 3946 1896 4005 visitatio
1941 3957 2059 4005 tua.

494 4022 727 4080 Ostende
757 4027 926 4102 enim,
963 4031 1091 4087 alibi
1128 4033 1332 4104 inquit,
1389 4035 1581 4104 faciem
1620 4044 1789 4102 tuom,
1818 4046 1867 4091 et
1925 4038 2062 4095 salvi

490 4115 688 4169 erimus
723 4117 790 4173 ³⁷.
830 4116 1087 4177 Visitatio
1115 4133 1297 4199 autem
1325 4123 1536 4189 divina,
1567 4132 1664 4180 aut
1693 4132 1951 4193 aspectus
1981 4126 2064 4181 di-

490 4203 676 4271 vinus,
701 4222 799 4277 pro
821 4210 943 4279 ejus
969 4214 1177 4268 auxilio
1201 4215 1442 4271 sumitur
1465 4235 1480 4272 :
1503 4218 1631 4287 quia
1664 4216 1710 4271 si
1734 4217 2061 4285 periclitanti

494 4293 729 4364 cuipiam
757 4301 882 4369 quis
916 4304 1120 4361 auxilio
1148 4321 1272 4363 esse
1307 4307 1459 4376 velit,
1492 4313 1809 4372 necessario
1838 4310 1903 4367 ad
1934 4325 2061 4369 eum

492 4388 774 4444 oculorum
806 4394 980 4449 aciem
1012 4397 1218 4467 dirigit.

2161 3219 2263 3287 τῆς
2290 3214 2644 3284 ἐπαγγελίας.

2234 3307 2345 3367 Καὶ
2400 3307 2434 3359 ὁ
2466 3303 2743 3374 βραχίων
2768 3299 2955 3368 αὑτοῦ
2982 3299 3219 3353 ἔσωσεν
3253 3295 3500 3359 αὐτούς.
3531 3291 3665 3353 Οὐδὲ
3698 3292 3734 3361 ὴ

2162 3399 2391 3468 δύναμις
2422 3387 2624 3461 αὐτῶν,
2656 3392 2932 3466 ἐρρύσατο
2955 3392 3153 3456 αὐτοὺς
3182 3389 3292 3444 ἀπὸ
3336 3388 3608 3442 τοσούτων
3642 3387 3735 3439 καὶ

2050 3512 2053 3515 ·
2162 3489 2499 3561 τηλικούτων
2524 3488 2716 3541 ἐθνῶν.

2246 3584 2399 3641 Ἀλλ’
2430 3584 2471 3653 ἠ
2491 3580 2661 3646 δεξιά
2689 3596 2832 3646 σου,
2888 3577 2989 3633 καὶ
3037 3578 3071 3631 δ
3097 3573 3370 3644 ,ϐραχίων
3405 3584 3545 3633 σου,
3578 3566 3737 3629 Τινὲς

2163 3677 2346 3748 δεξιὰν
2375 3676 2496 3748 μὲν,
2550 3674 2772 3742 λέγουσι
2823 3671 2921 3741 τὴν
2985 3669 3277 3739 βοήθειανθ
3335 3663 3479 3725 τινὲς
3516 3660 3599 3729 δὲ,
3636 3659 3739 3729 τὴν

2164 3770 2416 3839 δύναμιν·
2448 3767 2597 3825 ἄλλοι
2626 3766 2709 3833 δὲ,
2738 3765 2832 3820 καὶ
2856 3762 3025 3831 ἄμφω
3064 3759 3165 3830 τὴν
3192 3757 3423 3826 δύναμιν
3450 3751 3738 3823 σημαίνειν

2166 3863 2232 3917 ὲκ
2267 3859 2640 3931 παραλλήλου.

2238 3952 2348 4009 Καὶ
2376 3952 2409 4005 ό
2433 3946 2736 4018 φωισμός
2760 3945 2869 4002 τοῦ
2887 3941 3213 4011 προσώπου
3238 3955 3379 3992 σου.
3420 3933 3531 3986 Καὶ
3554 3933 3588 3999 ἡ
3619 3932 3738 3983 into

2170 4043 2346 4113 σκοπή
2378 4056 2493 4095 σου’
2540 4040 2830 4107 Ἐπίφανον
2851 4036 2980 4105 γὰρ,
3021 4033 3176 4103 φησὶ,
3206 4031 3268 4089 τὶ)
3297 4024 3590 4098 πρόσωπόν
3620 4037 3737 4084 σου,

2169 4137 2264 4190 καὶ
2299 4132 2681 4204 σωθησόμεθα·
2727 4125 3037 4197 Ἑπισκοπὴ
3073 4125 3130 4178 δὲ
3161 4121 3321 4187 Θεοῦ,
3365 4120 3399 4190 ἡ
3432 4114 3740 4185 ἀντίληψις.

2181 4228 2357 4298 Ὀρῶν
2384 4226 2493 4295 γάρ
2521 4242 2608 4289 τις
2644 4219 3133 4290 ἀντιλαμϐάνεται.

567 4480 829 4546 Quoniam
849 4464 1210 4553 complacuiin
1243 4492 1298 4546 in
1345 4494 1443 4556 eis,
1498 4493 1556 4551 Id
1592 4504 1701 4561 est,
1757 4496 1891 4566 quia
1920 4496 2047 4552 bent

2244 4493 2374 4550 Ὀτι
2400 4487 2743 4552 εὐδόκησας
2771 4482 2839 4537 ἐν
2862 4479 3088 4546 αὐτοῖς.
3118 4478 3244 4531 ’Ὁτι
3277 4475 3337 4527 τὸ
3380 4470 3585 4566 άγαθὸν
3618 4469 3739 4566 qui-

492 4572 713 4629 voluisti
766 4578 1013 4644 patribus
1063 4582 1284 4640 nostris.
1336 4583 1415 4640 ita
1447 4587 1593 4642 enim
1637 4589 1909 4661 signiﬁcat
1957 4587 2063 4645 hoc

494 4663 615 4718 loco
646 4668 892 4727 verbum.
931 4671 1316 4738 complacuisti.

565 4748 733 4809 Vens.
767 4755 822 4810 5.
853 4756 931 4810 Tu
960 4775 1015 4813 es
1064 4761 1175 4830 ipse
1204 4779 1296 4818 rex
1328 4781 1474 4820 meus
1503 4776 1555 4820 et
1594 4767 1732 4827 Deus
1754 4785 1926 4827 meus.
1948 4767 2054 4834 Tu,

494 4839 589 4930 εἶμί
626 4841 716 4895 ί¹¹³
751 4856 1008 4909 oneratus
1040 4865 1100 4905 es
1126 4891 1141 4917 ,
1191 4854 1333 4910 idem
1373 4858 1487 4926 ipse
1517 4873 1579 4914 es
1624 4868 1679 4914 et
1740 4875 1888 4915 nunc
1912 4899 1928 4926 ,
1970 4862 2064 4930 qui

494 4928 622 5018 olim
656 4930 829 4997 fuisti,
866 4936 1017 4991 velut
1058 4939 1454 5001 immutabilis:
1489 4962 1589 5003 nos
1613 4928 2066 5018 quoqueeorum-

495 5016 619 5072 dcm
656 5021 747 5077 lilii
778 5040 991 5085 sumus.
1018 5029 1205 5091 Restat
1229 5042 1462 5099 tantum,
1498 5048 1557 5092 ut
1586 5016 1801 5095 tandem
1829 5041 1885 5094 in
1903 5041 2064 5096 nobis

496 5114 742 5176 opereris
776 5120 1059 5187 miracula,
1121 5141 1244 5178 cum
1277 5135 1346 5190 te,
1378 5136 1439 5183 ut
1462 5145 1640 5200 regem
1675 5141 1731 5186 et
1764 5131 1932 5187 Deum
1963 5148 2061 5188 co-

500 5199 696 5267 lamus,
732 5215 1190 5279 quemadmodum
1229 5221 1387 5275 etilli
1415 5199 1572 5279 antea
1602 5225 1909 5282 coluerunt.

572 5294 675 5359 Ωιιι
707 5304 928 5365 mandas
962 5307 1159 5363 salutes
1187 5307 1375 5368 Iacob.
1415 5314 1511 5373 His
1537 5316 1714 5371 verbis
1743 5315 2055 5372 facilitatem

582 5475 625 5507 ⁸⁷
658 5476 804 5532 Psal.
829 5496 1016 5549 um,
1052 5485 1105 5539 Δ.

2166 4584 2340 4655 λησας
2387 4584 2445 4635 ὲν
2475 4581 2587 4643 τοῖς
2618 4575 2893 4648 πατράσιν
2923 4572 3117 4645 ήμῶνσ
3151 4567 3311 4623 τοῦτο
3341 4564 3451 4635 γὰρ
3481 4560 3742 4634 σημαίνει

2164 4679 2227 4733 τὸ
2246 4676 2629 4741 Εῠδόκησας.

2241 4770 2325 4825 Σὺ
2360 4762 2421 4821 εἷ
2445 4762 2628 4827 αὐτὸς
2658 4763 2691 4813 d
2730 4755 3029 4824 ,ϐασιλεύς
3057 4771 3177 4823 μου
3206 4751 3303 4805 καί
3353 4752 3387 4804 ό
3432 4748 3576 4812 Θεός
3603 4762 3740 4811 μου.

2182 4863 2243 4919 '0
2273 4862 2458 4916 ἐκεῖνα
2504 4852 2903 4925 ἐργασάμενος,
2940 4846 3004 4899 σὺ
3062 4840 3115 4897 εἴ
3162 4842 3326 4905 αὐτὸς
3382 4839 3477 4899 καὶ
3518 4836 3636 4901 νῦν,
3666 4835 3742 4896 ὡς

2172 4952 2529 5013 ἀναλλοίωτος
2553 4965 2569 4980 ⁸
2597 4947 2694 5001 καὶ
2716 4946 2899 5015 ἡμεῖς,
2918 4939 3144 4995 ἐκείνων
3172 4934 3522 5004 ἐκγονοι.Καὶ
3552 4931 3742 4985 λοιπὸν

2171 5044 2371 5116 ὁμοίως
2400 5035 2859 5109 τερατούργησον,
2887 5030 2948 5085 ὃν
2974 5030 3070 5084 καὶ
3104 5026 3331 5099 βασιλέα
3361 5025 3454 5076 καὶ
3476 5020 3610 5075 Θεὸν
3634 5020 3743 5090 ἔχω

2170 5136 2423 5204 καθάπερ
2448 5132 2661 5187 ἐκεῖνοι.

2243 5314 2309 5367 '0
2340 5307 2772 5375 ἐντελλόμενος
2801 5302 2907 5365 τὰς
2933 5295 3230 5365 σωτηρίας
3286 5288 3514 5347 Ἰακώϐ.
3546 5282 3739 5345 Τοῦτο,

1820 5566 2022 5633 Variae
2054 5565 2381 5630 lectiones.

581 5670 692 5739 (55)
717 5673 773 5731 lu
806 5675 913 5731 alio
941 5674 1283 5731 desideratur
1311 5671 1438 5725 ἀπό.
