4072 6202
313 311 415 370 481

1415 309 1813 372 COMMENT.
1874 306 1956 367 IN
1996 309 2368 371 PSAL'JIOS.

3450 318 3571 383 ’482

310 420 400 472 διὰ
439 417 540 489 τὴν
568 417 857 490 εὐχέρειαν
903 418 1002 474 καὶ⁵
1035 419 1318 492 ταχύτητα
1359 419 1460 492 τῆς
1518 420 1794 491 βσηθιίας.
1832 421 1886 474 Ὅ

1995 429 2162 488 atque
2187 422 2525 480 celeritatem
2546 423 2718 479 divini
2751 422 2988 495 explicat
3007 425 3220 481 auxilii.
3245 424 3354 494 Tu,
3372 428 3576 500 inquit.

312 512 456 582 λόγῳ
495 511 655 582 μόνῳ
689 511 995 583 χρώμενος.
1034 514 1114 579 εἰς
1146 514 1206 567 τὸ
1238 514 1412 568 σῶσαι
1441 515 1533 567 τὸν
1580 514 1642 579 ἐξ
1699 513 1886 568 Ἰακὼε

1995 513 2091 584 qui
2120 513 2237 568 solo
2267 514 2435 569 verbo
2469 516 2640 572 uteris
2669 531 2793 572 cum
2839 517 3096 587 populum
3142 517 3293 574 illum
3343 522 3524 578 salvas
3557 562 3575 589 ,

313 604 692 673 καταγόμενον
727 604 878 658 λαόν.
909 607 978 658 Ἦ
1005 607 1034 659 6
1088 607 1146 660 ἐν
1201 606 1461 675 πολέμοις
1500 605 1886 674 ὑποτιθέμενος

1997 601 2094 670 qui
2125 601 2410 656 descendit
2438 615 2504 658 ex
2536 602 2727 660 Jacob.
2757 603 2853 660 Vel
2886 605 3044 660 aliter
3071 623 3086 661 :
3127 607 3206 661 Tu
3236 609 3408 677 quiin
3441 626 3576 680 prm-

310 694 430 758 πῶς
489 695 557 750 ἂν
625 697 866 765 σωθοίη⁶
926 697 1190 770 ποιήσατε
1255 699 1386 767 γὰρ,
1421 696 1581 768 φησὶ,
1617 695 1742 751 suos
1799 701 1894 751 καὶ

307 785 460 842 τάδε.

392 879 499 930 ἐν
521 879 623 932 σοι
661 877 805 946 τοὺς
832 879 1093 948 ἐχθροὺς
1131 880 1303 951 ἡμῶν
1330 883 1741 952 κερατιοῦμεν.
1773 885 1892 937 Κα-

307 971 745 1040 ταγωνισόμεοα,
780 971 846 1023 ’ἐκ
879 974 1192 1042 μεταφορᾶς
1226 972 1336 1025 τῶν
1371 973 1550 1040 ζώων,
1590 972 1625 1027 ἃ
1650 977 1763 1038 τοῖς
1798 974 1893 1027 κέα-

309 1077 438 1130 ρασι
472 1061 908 1116 καταπαλαίουσι
935 1063 1044 1116 πᾶν
1081 1064 1397 1120 ἀντίπαλον.

379 1152 487 1206 Καὶ
535 1149 606 1204 ἐν
645 1150 724 1217 τῷ
754 1152 1001 1220 ὀνόματί
1054 1166 1172 1207 σου
1217 1153 1708 1222 ἐξουδενώσομεν
1749 1152 1890 1218 τοὺς

305 1243 830 1312 ἐπανισταμένους
878 1245 1041 1313 ἡμῖν.
1097 1246 1464 1315 Πεποίθαμεν,
1492 1248 1680 1317 φησιν,
1721 1247 1802 1298 ὅτι
1828 1246 1890 1298 τὸ

311 1336 483 1406 όνομιὶ
532 1353 627 1388 σου
668 1335 828 1405 μόνον
885 1337 1267 1400 ὲπισείσαντες
1319 1339 1528 1403 αὐτοῖς,
1593 1341 1686 1390 καὶ
1721 1337 1888 1407 μόνον

306 1427 680 1495 ἐμϐοήσαντες
708 1427 789 1479 ὅτι
829 1427 857 1480 6
887 1426 1018 1490 Θεὸς
1043 1427 1138 1480 τοῦ
1162 1428 1402 1498 Ἰσραὴλ,
1422 1428 1498 1491 ὡς
1519 1428 1669 1482 οὐδὲν
1690 1429 1889 1491 αὐτοὺς

308 1517 652 1586 ἡγησόμεθα,
688 1518 779 1570 καὶ
803 1518 1316 1590 εὐκαταφρονήτους
1352 1521 1674 1590 ποιήσομεν.

381 1609 464 1659 Οὐ
491 1606 602 1674 γὰρ
629 1606 728 1659 ἐπὶ
757 1606 839 1672 τῷ
884 1607 1040 1673 τόξῳ
1059 1625 1180 1678 μου
1199 1607 1406 1674 arma,
1443 1611 1540 1661 καὶ
1565 1610 1603 1678 ἠ
1623 1609 1888 1677 ῥομφαία

1994 691 2086 747 liis
2107 693 2378 762 suggeris,
2407 702 2462 748 et
2489 695 2884 752 subministras
2914 698 3114 767 popqu
3155 707 3252 754 tuo
3302 703 3524 758 modum
3555 744 3575 770 ,
3637 750 3642 754 .

1990 795 2106 851 quo
2137 780 2338 834 salvari
2365 781 2584 846 debeat,
2617 781 2809 838 dicens
2840 802 2855 838 :
2888 783 3014 838 Haec
3049 794 3145 840 aut
3176 786 3264 840 illa
3295 787 3483 843 tacite.

2065 868 2234 925 Vsus.
2265 870 2319 925 6.
2360 870 2427 925 In
2463 881 2512 926 te
2531 874 2770 928 inimicos
2799 883 3004 929 nostros
3033 890 3200 930 cornu
3221 886 3478 945 petemus.
3511 880 3571 937 Id

1991 971 2079 1018 est
2109 964 2541 1036 proﬂigabimus.
2576 966 2838 1022 Tractum
2865 975 2951 1022 est
2977 977 3157 1024 autem
3200 971 3305 1025 hoc
3359 987 3425 1026 ex
3460 989 3575 1030 me-

1993 1055 2218 1122 taphora
2247 1056 2592 1122 animalium,
2623 1071 2745 1126 quae
2779 1057 3042 1112 cornibus
3075 1069 3310 1112 certant.

2065 1143 2132 1197 Et
2153 1145 2206 1198 in
2237 1148 2447 1200 nomine
2482 1156 2572 1200 tuo
2619 1162 2921 1217 spernentes
2971 1149 3300 1219 insurgentes
3344 1152 3400 1204 in
3455 1167 3569 1207 nos.

1991 1232 2351 1304 Conﬁdimus,
2383 1239 2588 1308 inquit,
2621 1240 2766 1308 quod
2799 1247 3013 1294 tantum
3032 1239 3352 1296 invocantes
3373 1257 3569 1298 nomen

1993 1334 2148 1380 tuum
2180 1327 2449 1383 adversus
2485 1329 2670 1386 hostes
2703 1340 2945 1395 nostros,
2979 1340 3033 1384 et
3059 1333 3440 1388 tantummodo
3469 1351 3571 1391 vo-

1990 1415 2309 1484 ciferantes,
2345 1419 2514 1473 Deum
2543 1419 2748 1484 lsrael,
2806 1421 2911 1475 hoc
2957 1422 3180 1477 nomine
3220 1423 3526 1480 conﬁrmati
3550 1465 3570 1492 ,

1990 1524 2316 1580 spernemus
2349 1519 2404 1566 et
2436 1510 2591 1566 ﬂocci
2629 1511 2893 1567 faciemus
2917 1525 3035 1566 eos.

2065 1603 2225 1660 Vens.
2253 1606 2306 1660 7.
2337 1603 2518 1675 Neque
2549 1607 2685 1659 enim
2717 1607 2773 1659 in
2802 1622 2932 1659 arcu
2959 1621 3072 1659 meo
3111 1606 3356 1674 sperabo,
3389 1617 3439 1660 et
3453 1594 3592 1677 gIa-l

307 1716 425 1768 μου
449 1702 519 1753 οὐ
555 1697 742 1753 σώσει
757 1713 855 1768 με.
884 1702 943 1753 Ei
969 1701 1078 1772 γὰρ
1113 1702 1206 1756 καὶ
1229 1705 1440 1764 τούτοις
1465 1701 1771 1770 ὥπλισμαι,
1803 1719 1882 1754 νο⁹

1991 1695 2107 1750 dius
2139 1711 2282 1750 meus
2318 1713 2421 1750 non
2448 1696 2678 1751 salo-abit
2706 1713 2806 1752 me.
2830 1694 2964 1750 Nam
2999 1707 3056 1751 et
3084 1697 3131 1752 si
3166 1697 3284 1767 lege
3309 1696 3436 1750 belli
3464 1698 3572 1752 hu-

311 1803 401 1858 μῳ
423 1787 686 1860 πολέμοϐ,
716 1789 831 1844 ἀλλ’
863 1792 968 1844 οὐκ
995 1791 1092 1844 ἐπὶ
1127 1791 1338 1854 τούτοις
1366 1791 1706 1862 τεθάρρηκα.

387 1971 668 2036 Ἕσωσας
725 1969 838 2038 γὰρ
870 1969 1027 2039 ἡμᾶς
1074 1969 1142 2024 ἐκ
1187 1969 1305 2023 τῶν
1355 1971 1680 2024 θλιϐόντων
1705 1969 1882 2040 ἡμᾶς,

311 2063 414 2116 καὶ
452 2062 589 2129 τοὺς
616 2062 956 2131 μισοῦντας
1007 2060 1162 2130 ἡμᾶς
1210 2062 1621 2129 κατῄσχυνας.
1679 2062 1886 2133 Πεῐραν

307 2156 423 2226 γὰρ
457 2156 552 2222 τῆς
583 2155 736 2226 παρὰ
767 2153 859 2207 σοῦ
895 2153 1153 2224 βοηθείας
1179 2155 1561 2227 καὶπρότερον
1595 2154 1885 2224 ἐλάϐομεν,

306 2245 404 2299 καὶ
432 2245 655 2316 οἴδαμεν
678 2248 828 2309 ὅπως
851 2243 1249 2316 ὰντιλαμὸἀνῃ.

389 2421 496 2474 Ἔν
527 2420 607 2487 τῷ
634 2421 754 2487 Θεῷ
789 2421 1300 2494 ἐπαινεθησόμεθα
1320 2424 1473 2494 ὅλην
1499 2424 1615 2496 τὴν
1637 2427 1886 2496 ἡμέραν.

230 2573 239 2582 ,
307 2510 382 2564 Τὸ
426 2513 992 2582 Ἐπαινεθησόμεθα,
1038 2515 1480 2586 Καυχησόμεθα
1509 2513 1664 2570 εἶπεν
1689 2519 1717 2571 ὁ
1747 2513 1885 2588 Σύμ-

312 2620 517 2674 μαχοςο
549 2605 703 2676 ὁγὰρ
750 2605 1126 2678 καυχώμενος,
1162 2609 1354 2663 ἑαυτὸν
1393 2612 1625 2665 ἐπαινεῖ.
1664 2610 1777 2665 Οὐκ
1826 2613 1885 2664 ὲν

307 2697 505 2765 ἑτέρῳ,
541 2697 695 2766 φησι,
728 2697 1013 2768 πράγματι
1038 2699 1148 2752 τῶν
1180 2699 1436 2754 ἁπάντων
1466 2702 1883 2772 καυχησόμεθα,

308 2788 489 2841 καίτοι
524 2789 693 2844 πολλὰ
722 2790 900 2858 λέγειν
933 2792 1172 2863 ἔχοντες,
1203 2792 1318 2847 ἀλλ’
1345 2793 1376 2866 ἢ
1403 2795 1460 2846 ὲν
1483 2794 1631 2864 μόνῳ
1659 2795 1738 2866 τῷ
1765 2797 1887 2849 ὲπι-

306 2880 601 2949 γινώσκειν
621 2881 711 2934 τὸν
741 2881 894 2937 Θεόν.
921 2885 994 2937 Τὸ
1021 2884 1078 2938 δὲ
1111 2885 1302 2954 Ὅλην
1316 2886 1431 2952 τὴν
1451 2885 1702 2954 ἡμέραν,
1726 2887 1888 2942 Κατὰ

307 2969 520 3026 πᾶσαν
547 2971 662 3040 τὴν
687 2974 918 3041 ἡμέραν
939 2978 967 3028 6
1017 2975 1246 3039 Ἀκύλας
1275 2976 1523 3030 ἐκδίδωσι
1566 2976 1846 3048 πανταχοῦ
1868 2995 1880 3008 ο

306 3067 334 3116 6
356 3063 412 3116 δὲ
439 3062 760 3134 Σύμμαχος,
787 3067 923 3119 Καθ’
952 3067 1106 3134 ὅλην
1137 3067 1250 3135 τὴν
1277 3066 1452 3133 ζωήν.

376 3156 487 3208 Καὶ
520 3156 590 3209 ἐν
636 3155 717 3221 τῷ
751 3157 993 3226 ὀνόματι
1038 3172 1157 3213 σου
1202 3157 1764 3228 ἐξομολογησόμεθα
1795 3163 1883 3225 εις

309 3246 416 3298 τὸν
449 3245 657 3301 αἰῶνα.
689 3248 763 3300 Τὸ
813 3249 1428 3317 Ἐξομολογησόμεθα,
1483 3251 1605 3302 ἀντῖ¹
1654 3251 1748 3304 τοῦ
1795 3257 1884 3304 Δις

307 3337 637 3405 ηγησόμεοὰ
661 3353 807 3398 τινες
833 3339 1170 3408 νενοήκασιν,
1190 3332 1321 3403 οἷον,
1351 3341 1408 3391 ὲν
1434 3338 1510 3408 τῷ
1539 3341 1762 3409 ὀνόματί
1789 3359 1882 3394 σου

307 3427 562 3498 διήγησιν
592 3427 952 3498 ποιησόμεθα,
983 3427 1379 3498 καταλέγοντες
1408 3431 1574 3484 πᾶσιν
1599 3431 1699 3484 ὅσα
1728 3432 1786 3485 ἓν
1822 3449 1883 3486 τε

309 3524 419 3585 τοῖς
452 3520 696 3589 πατράσι
728 3523 820 3572 καὶ
849 3522 906 3572 ὲν
949 3521 1080 3591 ἡμῖν
1111 3523 1381 3592 ἐνήργησε
1407 3527 1563 3578 τοῦτο
1593 3525 1880 3594 μεγαλεῖα.

308 3615 378 3667 ’11
409 3616 503 3667 καὶ
527 3613 701 3677 ἄλλως
730 3629 744 3643 °
779 3613 869 3682 Τῷ
889 3612 1110 3684 ὀνόματί
1143 3631 1235 3668 σου
1265 3617 1754 3689 εὐχαριστὴσομεν,
1783 3621 1884 3688 τῆς

310 3705 628 3775 προθέσεως
649 3703 913 3773 περιττῶς
935 3703 1196 3772 κειμένης
1215 3720 1228 3734 ·
1253 3703 1313 3757 τὺ
1333 3705 1386 3758 δὲ
1419 3708 1522 3770 Εἰς
1543 3704 1648 3758 τὸν
1677 3703 1882 3769 αιῶνα,

310 3793 366 3846 τὸ
394 3791 487 3847 ἀεὶ
525 3792 816 3862 σημαίνειν
842 3791 1042 3854 πάντες
1073 3793 1345 3863 πανταχοῦ
1375 3809 1532 3862 φασι.

379 3884 536 3937 Νυνὶ
576 3883 645 3936 δὲ
675 3882 930 3949 ἀπώσω,
963 3886 1060 3940 καὶ
1096 3887 1487 3954 κατῄσχυνας
1529 3884 1708 3955 ἡμᾶς.
1741 3887 1886 3941 ’Λπ-

312 3977 444 4031 ώσω
483 3979 609 4046 μὲν,
639 3979 714 4042 ὡς
745 3979 998 4044 ἀναξίους
1023 3996 1038 4012 ο
1075 3977 1470 4047 κατῄσχυνας
1503 3975 1581 4044 δὲ,
1621 3979 1742 4031 ἀντὶ
1765 3977 1882 4044 τοῦ,

313 4069 670 4140 αἰσχυνθῆναι
701 4071 1032 4141 πεποίηκας,
1069 4069 1146 4142 μὴ
1169 4068 1702 4140 ἁντιλαμόανόμενος
1727 4067 1885 4140 ἡμῶν

314 4160 542 4214 τοιαῦτα
575 4161 915 4230 πασχόντων.

376 4255 484 4310 Καὶ
511 4256 626 4310 οὐκ
653 4256 949 4325 ἐξελεύσῃ
999 4259 1032 4311 ό
1065 4255 1208 4322 Θεὸς
1253 4255 1324 4309 ἐν
1373 4253 1503 4320 ταῖς
1544 4251 1886 4324 δυνάμεσιν

315 4346 501 4414 ἡμῶν.
565 4344 856 4398 Κάνταῦθα
906 4345 1242 4416 ἁντιχρονία,
1281 4344 1466 4407 καθὼς
1511 4334 1541 4396 6
1581 4339 1884 4412 Σύμμαχος

1983 1791 2223 1861 jusmodi
2263 1793 2434 1848 armis
2461 1792 2744 1848 accinctus
2779 1792 2906 1857 sint,
2934 1792 3083 1846 nulla
3117 1791 3249 1845 mihi
3291 1798 3477 1847 tamen
3515 1793 3600 1875 in.

1983 1883 2068 1938 eis
2091 1882 2247 1937 adest
2277 1880 2496 1938 liducia.

2061 1971 2228 2027 Vsus.
2263 1970 2319 2025 8.
2351 1970 2588 2026 Salvasti
2612 1987 2707 2027 nos
2732 1972 2796 2026 de
2829 1972 3174 2043 aﬂligetttibus
3203 1991 3296 2029 nos
3327 2016 3342 2042 ,
3379 1984 3432 2030 et
3469 1973 3568 2041 qui
3642 1984 3647 1990 '

1986 2061 2208 2116 oderant
2237 2078 2332 2116 nos
2371 2060 2683 2130 confudisti.
2723 2059 2858 2114 Nam
2913 2071 3068 2115 tuum
3118 2065 3325 2131 experti
3378 2077 3569 2118 sumus

1986 2154 2246 2208 auxilium
2283 2152 2718 2224 [advocantibus
2751 2151 2898 2205 enim
2931 2151 3194 2223 adfuisti]
3244 2154 3569 2221 scimusque

1987 2244 2142 2316 quod
2215 2245 2271 2299 in
2330 2253 2610 2314 posterum
2664 2243 2782 2313 pari
2831 2243 2994 2298 modo
3059 2250 3113 2296 te
3173 2243 3570 2301 advocantibus

1988 2335 2191 2390 aderis.

2057 2423 2222 2478 Vens.
2260 2425 2312 2479 9.
2343 2423 2408 2478 In
2441 2424 2548 2478 Deo
2581 2423 2927 2477 laudabimur
2953 2431 3065 2476 tota
3099 2423 3205 2478 die.
3229 2422 3335 2478 Pro
3355 2423 3573 2480 Lauda-

1989 2513 2181 2580 bimur,
2211 2511 2575 2584 Symmachus
2626 2513 2807 2578 dixit,
2855 2509 3267 2580 Gloriabimur;
3308 2532 3435 2571 nam
3473 2519 3568 2588 qui

1989 2605 2255 2674 gloriatur
2283 2605 2525 2674 seipsqu
2575 2603 2784 2659 laudat.
2819 2603 3061 2661 Tametsi
3097 2649 3111 2672 ,
3141 2608 3315 2676 inquit
3349 2649 3364 2673 ,
3399 2609 3570 2664 multa

1986 2698 2052 2752 ad
2085 2709 2327 2754 nostram
2354 2699 2582 2770 gloriam
2613 2699 2810 2753 adduci
2863 2708 3089 2768 possent
3120 2739 3137 2764 ,
3179 2702 3329 2754 nulla
3382 2710 3565 2758 tamen

1985 2789 2090 2845 alia
2120 2791 2174 2844 in
2207 2805 2264 2845 re
2303 2789 2697 2860 gloriabimur,
2739 2805 2904 2859 quam
2957 2791 3011 2844 in
3069 2807 3182 2845 uno
3236 2791 3376 2858 hoc,
3420 2795 3564 2863 quod

1989 2881 2158 2938 Deum
2193 2882 2598 2952 cognoscimus.
2640 2877 2706 2936 Et
2739 2881 2885 2950 quod
2918 2881 2994 2936 ait
3023 2899 3036 2935 :
3072 2881 3205 2936 Tota
3235 2886 3319 2938 die
3342 2925 3358 2950 ,
3411 2886 3572 2956 Sym-

1990 2973 2239 3037 machus,
2273 2971 2376 3026 Per
2408 2988 2616 3027 omnem
2649 2971 2789 3025 diem
2819 2971 2980 3037 dixit,
3001 2980 3056 3026 et
3083 2973 3300 3042 Aquila,
3358 2973 3458 3028 Per
3489 2984 3571 3029 to-

1911 3093 1954 3150 c
1990 3072 2097 3150 tam
2134 3064 2319 3119 vitam.

2058 3147 2127 3206 Et
2153 3153 2210 3206 in
2244 3151 2450 3206 nomine
2495 3157 2582 3206 tuo
2622 3151 2991 3221 conﬁtebimur
3022 3153 3074 3206 in
3123 3153 3397 3209 ramulum.
3439 3155 3575 3209 Can-

1984 3241 2250 3313 ﬁtebimur
2281 3256 2379 3312 pro
2408 3240 2787 3310 Narrabimus,
2811 3251 2872 3296 ut
2912 3243 3199 3298 sitscnsus
3225 3259 3240 3298 :
3273 3243 3328 3297 lu
3353 3231 3578 3299 nomine

1980 3340 2086 3387 tuo
2122 3333 2490 3386 narrationem
2530 3331 2818 3398 faciemus,
2855 3334 3127 3388 mirabilia
3158 3347 3566 3388 connumeran-

1981 3430 2089 3487 tes,
2115 3437 2235 3492 quas
2266 3422 2370 3477 hoc
2398 3435 2597 3476 nomen
2633 3433 2812 3486 tuum,
2847 3431 2959 3476 tam
2989 3425 3041 3476 in
3075 3424 3322 3493 patribus
3348 3425 3554 3478 nostris

1983 3526 2145 3580 quam
2174 3511 2228 3566 in
2261 3511 2418 3566 nobis
2448 3551 2464 3574 ,
2497 3511 2977 3582 supradtominum
3014 3513 3172 3567 ﬁdem
3225 3513 3425 3567 etl‘ecit.
3461 3513 3560 3568 Vel

1986 3605 2142 3659 aliter
2171 3623 2184 3659 :
2214 3603 2432 3658 Nomini
2467 3613 2562 3659 tuo
2601 3605 2808 3672 gratias
2838 3620 3084 3674 agamus.
3134 3606 3201 3658 Et
3245 3605 3387 3674 quod
3445 3605 3564 3658 ait:

1983 3695 2048 3750 In
2085 3697 2357 3758 swculum,
2393 3710 2584 3750 omnes
2608 3695 2699 3749 alii
2731 3695 3060 3764 interpretes
3091 3695 3295 3765 passim
3322 3693 3562 3750 transfe—

1985 3797 2138 3850 runt,
2173 3802 2396 3856 semper.

2057 3875 2228 3931 Vens.
2265 3876 2352 3930 10.
2385 3873 2542 3929 Nunc
2576 3885 2751 3929 autem
2781 3877 3029 3942 repuliin
3061 3884 3110 3928 et
3141 3874 3433 3944 confudisti
3461 3891 3567 3930 me.

1985 3963 2244 4034 Repulisti
2273 3963 2533 4035 quidem;
2567 3976 2627 4018 ut
2666 3964 2916 4034 indignos
2941 4001 2956 4026 ,
3020 3963 3309 4030 confudisti
3339 3977 3488 4027 vero,
3516 3964 3570 4018 id

1983 4067 2093 4126 est,
2121 4055 2382 4114 confundi
2415 4055 2734 4129 permisisti,
2767 4057 2895 4110 dum
2921 4053 3080 4109 nobis
3105 4062 3254 4108 tanta
3286 4054 3571 4111 sustinen-

1984 4151 2133 4206 tibus
2157 4151 2320 4216 maia,
2338 4165 2495 4221 Opem
2521 4148 2726 4203 nullam
2760 4146 2952 4202 tulisti.

2066 4237 2136 4294 Et
2165 4255 2269 4294 non
2290 4240 2596 4310 egredieris,
2631 4237 2789 4302 Deus,
2821 4237 2872 4290 in
2895 4235 3174 4289 virtutibus
3201 4235 3421 4290 nostris.
3470 4237 3574 4302 Hic

1985 4334 2148 4389 etiam
2192 4342 2410 4402 tempus
2445 4346 2544 4402 pro
2571 4339 2816 4398 tempore
2843 4326 3570 4398 ponitur,quemadmodum

315 4434 580 4498 ἐξέδωκεν
613 4452 627 4467 ·
661 4437 769 4490 Καὶ
813 4438 884 4490 οὐ
911 4415 1258 4504 συν-ἐξάρχῃ
1288 4434 1413 4501 τοῖς
1442 4434 1886 4503 στρατεύμασιν

1992 4422 2355 4496 Symmachus
2385 4421 2642 4486 reddidit,
2669 4416 2901 4475 dicens:
2942 4415 3054 4472 Nec
3095 4417 3256 4472 simul
3289 4415 3569 4486 egredieris

317 4527 515 4596 ἡμῶν·
548 4527 722 4580 ταῦτα
755 4527 885 4598 γὰρ,
916 4527 1172 4598 δυνάμεις
1201 4528 1483 4582 ἐκάλεσεν.

392 4704 798 4771 Ἀπέστρεψας
853 4699 1011 4771 ἡμᾶς
1063 4701 1152 4764 εὶς
1169 4697 1242 4752 τὰ
1297 4697 1489 4750 ὀπίσω
1538 4693 1698 4763 παρὰ
1745 4691 1888 4758 τοὺς

319 4798 566 4867 ἐχθροὺς
596 4795 785 4865 ήμῶν.
817 4787 1073 4864 Πρώτους
1113 4789 1266 4862 παρὰ
1293 4792 1360 4861 τῇ
1491 4787 1767 4857 ἐπισκοπῇ
1801 4801 1890 4837 τε·

322 4892 624 4960 ταγμένους
658 4884 1006 4957 ἀπέστρεψας
1041 4886 1121 4946 εἰς
1156 4884 1253 4952 τὴν
1286 4881 1522 4951 ἐσχάτην
1564 4875 1739 4946 τάξιν,
1794 4874 1889 4929 καὶ

322 4981 652 5041 δπεὸίὸασας
681 4981 827 5049 ἡμᾶς
858 4982 969 5040 τοῖς
998 4974 1214 5047 ἐχθροῖς
1247 4973 1424 5046 ἡμῶν.

383 5157 492 5212 Καὶ
527 5158 581 5209 ol
637 5153 963 5224 μισοῦντες
1021 5149 1201 5221 ἡμᾶς,
1267 5143 1589 5215 διήρπαζον
1622 5142 1886 5208 ἑαυτοῖς.

326 5247 631 5320 Διήρπαζον
655 5245 1008 5316 τὰἡμὲτερα.

388 5343 658 5406 Ἕόωκας
675 5339 834 5408 ἡμᾶς
852 5337 934 5403 ὡς
972 5335 1232 5404 πρόϐατα
1247 5328 1556 5400 βρώσεως.
1607 5327 1682 5382 Τὸ
1707 5325 1893 5381 Ἕδωο

326 5453 450 5502 τας,
510 5435 633 5488 ἀντὶ
662 5431 756 5483 τοῦ
791 5427 1143 5500 Παρέδωκας,
1188 5422 1482 5488 ἐξέδωκας,
1535 5420 1632 5474 καὶ
1663 5417 1788 5473 οὐδὲ
1809 5417 1892 5480 ὼς

327 5529 570 5601 πρόϐατα
590 5525 860 5596 κτήσεως,
895 5521 1031 5576 ἀλλὰ
1074 5517 1363 5588 βρώσεωςο
1389 5513 1566 5568 ταῦτα
1599 5510 1710 5583 γὰρ
1741 5511 1892 5565 susi-

328 5640 424 5676 δων
449 5620 777 5690 φαυλότερα,
803 5616 878 5679 ὡς
907 5617 986 5677 εἰς
1011 5611 1224 5684 σφαγὴν
1245 5611 1551 5681 ἐπιτήδεια.

401 5716 506 5767 Ἐν
534 5712 661 5777 τοῖς
692 5713 892 5766 ἔθνεσι
913 5706 1253 5774 διέσπειρας
1274 5700 1454 5782 ἡμᾶς.
1487 5703 1582 5766 Εἰς
1609 5701 1854 5758 δουλείαν
1872 5716 1890 5734 ’

1988 4531 2106 4572 cum
2137 4516 2454 4572 exercitibus
2483 4514 2701 4590 nostris.
2735 4511 3022 4567 Exercitus
3053 4511 3198 4564 enim
3229 4547 3244 4574 ,
3288 4509 3521 4563 virtutes
3552 4547 3568 4572 ,

1983 4609 2094 4662 hoc
2124 4617 2227 4672 est,
2253 4613 2550 4676 patestates
2578 4603 2886 4672 appellavit.
2953 4671 2962 4679 .

2065 4697 2230 4753 Vens.
2292 4698 2380 4752 ll.
2413 4693 2732 4751 Convertisti
2760 4709 2857 4746 nos
2883 4698 3173 4745 retrorsum
3191 4687 3572 4757 pastinimicos

1981 4800 2222 4846 nostros.
2248 4784 2362 4843 Nos
2392 4786 2601 4840 amicos
2629 4785 2758 4838 olim
2809 4789 2974 4845 tuos,
3009 4791 3064 4835 et
3102 4780 3196 4849 qui
3242 4781 3370 4834 olim
3428 4779 3571 4848 apud

1989 4879 2317 4943 cnstodiam,
2350 4883 2404 4929 et
2427 4872 2824 4943 protectionem
2859 4879 3008 4925 tuam
3041 4868 3096 4923 in
3137 4869 3316 4938 primo
3366 4869 3568 4923 ordine

1985 4969 2346 5029 ‘sistebamus,
2377 4961 2624 5017 avertisti
2643 4962 2702 5015 in
2727 4960 2984 5015 ultimum
3011 4959 3219 5026 locum,
3252 4970 3306 5014 et
3328 4959 3574 5014 inimicis

1989 5057 2230 5130 propriis
2255 5054 2569 5124 subjecisti.
3465 5125 3472 5131 .

2062 5146 2134 5202 Et
2162 5147 2252 5217 qui
2278 5147 2497 5200 oderant
2537 5161 2659 5211 nos,
2699 5142 3022 5214 diripiebant
3056 5143 3177 5197 sibi.
3240 5139 3574 5208 Diripiebant

1993 5237 2098 5294 sibi
2127 5247 2322 5294 nostra
2362 5236 2626 5292 nimirum
2657 5235 2819 5290 bona.
3501 5301 3504 5304 γ

2062 5328 2232 5386 Vsus.
2283 5329 2376 5384 ια,
2430 5328 2646 5383 Dedisti
2688 5343 2782 5382 nos
2834 5336 3090 5397 tanquam
3135 5333 3262 5378 oves
3307 5335 3572 5375 escarum.

1993 5421 2292 5478 Tradidisti
2332 5434 2458 5486 nos,
2494 5420 2642 5476 sicut
2674 5433 2804 5474 oves
2824 5432 2845 5471 :
2878 5433 3016 5472 oves
3051 5415 3199 5480 dies,
3227 5429 3337 5468 non
3368 5426 3490 5484 quae
3521 5411 3574 5467 in

1993 5512 2423 5583 possessionem,
2447 5525 2513 5566 ac
2535 5524 2637 5580 pro
2676 5509 3006 5580 patrimonio
3051 5506 3394 5560 retineantur
3417 5543 3434 5568 ,
3481 5504 3576 5558 sed

1993 5623 2114 5679 quae
2134 5606 2358 5662 viliores
2401 5603 2534 5670 sint,
2572 5611 2626 5658 et
2657 5600 2991 5656 carniﬁcina:
3021 5607 3395 5665 exponentur.

2071 5699 2139 5755 Et
2170 5699 2221 5754 in
2249 5695 2489 5769 gentibus
2523 5692 2823 5760 dispersisti
2844 5706 2958 5747 nos.
3007 5689 3066 5748 In
3122 5690 3448 5750 servitutem
3481 5689 3568 5744 ni-
