4114 6208
317 243 423 311 485
1448 245 1839 307 COMMENT.
1884 245 1968 306 IN
2002 244 2369 308 PSALMOS.
3458 245 3564 308 486

391 359 488 413 Kal
527 360 637 412 οὺιι
676 357 1082 428 ἑπελαθόμεθιὶ
1110 375 1245 413 σου.
1281 357 1442 408 Ὥστε
1467 358 1731 424 ὀνομάσαι
1753 355 1886 409 Θεὸν

2062 351 2130 404 Et
2161 354 2310 405 obliti
2340 369 2440 406 non
2477 369 2658 406 sumus
2691 353 2790 406 tui.
2843 350 2911 406 Ut
2957 352 3120 406 alium
3168 353 3556 411 invocaremus

315 468 518 504 ετεοον.

389 469 398 502 ε
443 469 518 504 ον.

389 469 497 596 [Sat
541 543 652 596 οὐκ
686 541 1060 612 ἠδικήσαμεν
1105 544 1176 597 ἐν
1233 543 1309 612 τῇ
1345 543 1596 610 διαθήκῃ
1625 556 1762 595 σου.
1811 541 1887 593 Οὐ

314 633 641 704 παρέόημεν
687 634 776 686 τὸν
805 637 966 705 νόμον
987 652 1082 689 σου
1106 653 1120 666 ·
1174 635 1351 688 ἀδικεῖ
1395 635 1504 706 γὰρ
1544 634 1634 687 τὸν
1663 635 1828 702 νόμον
1860 633 1890 684 ὁ

319 722 673 790 παραϐαίνων
708 725 891 778 αὐτόν.

389 901 495 952 Kal
532 900 641 952 οὐκ
665 899 898 968 ἀπέστη
931 905 1016 967 εἰς
1045 902 1118 957 τὰ
1158 903 1352 957 ὀπίσω
1388 906 1427 972 ἡ
1457 905 1672 972 καρδία
1700 907 1886 976 ἡμῶν.

321 992 430 1042 Καὶ
457 991 556 1042 οὐκ
587 993 796 1062 ἀπέστη
827 993 920 1045 ἐπὶ
947 994 1014 1046 τὰ
1039 995 1279 1064 χείρονα.
1312 995 1496 1050 Ταῦτα
1525 998 1581 1050 δὲ
1609 1002 1784 1052 πάντα
1805 1000 1892 1052 λέ-

322 1097 513 1147 γουσιν
557 1081 607 1133 οἱ
661 1081 1072 1156 θεοσεϐέστεροι
1113 1086 1207 1139 τοῦ
1248 1087 1400 1153 λαοῦ,
1431 1089 1481 1140 οἱ
1538 1091 1634 1142 καὶ
1677 1092 1735 1142 ἑν
1777 1093 1890 1154 τοῖς

322 1173 587 1236 τοιούτοις
615 1175 813 1226 πάθεσι
845 1177 1206 1243 φυλάττοντες
1235 1179 1334 1243 τὰς
1365 1181 1585 1243 ἐντολὰς
1612 1180 1706 1233 τοῦ
1730 1180 1890 1245 Θεοῦ,

326 1263 419 1315 καὶ
452 1263 587 1332 ὑπὲρ
619 1265 754 1318 ὅλων
784 1266 892 1316 τῶν
922 1267 1401 1338 ὑπολελειμμένων
1427 1269 1891 1338 δικαιολογοῦνται

323 1356 457 1456 πρὸς
507 1355 595 1408 τὸν
634 1355 766 1410 Θεὸν
793 1394 808 1423 ,
845 1357 1160 1428 ἀλείφοντες
1187 1361 1279 1414 καὶ
1325 1361 1548 1426 τούτους
1595 1362 1677 1426 εἰς
1718 1361 1889 1432 εὐψυο

319 1460 462 1512 χιαν.

1995 443 2188 497 Deum.

2068 535 2138 588 Et
2184 538 2381 606 injuste
2409 553 2512 590 non
2565 540 2763 607 egimus
2811 538 2868 588 iu
2921 544 3224 588 testamento
3275 546 3382 591 tuo.
3443 537 3560 591 Non

1997 634 2321 699 transgressi
2356 648 2546 687 sumus
2586 633 2754 702 legem
2784 641 2952 684 tuam.
2996 630 3203 699 lnjuste
3253 632 3400 685 enim
3433 635 3562 702 agit,

1997 733 2051 778 et
2081 724 2277 792 injuria
2313 723 2493 792 ipsam
2527 725 2698 791 legem
2733 721 2930 787 allicit,
2968 721 3061 789 qui
3108 722 3254 774 illam
3289 732 3563 791 transgre-

1998 817 2165 870 ditur.

2071 907 2236 962 Vens.
2269 908 2356 962 i9.
2389 907 2461 960 Et
2483 923 2586 960 non
2617 907 2825 961 recessit
2863 915 3006 960 retro
3035 923 3127 959 cor
3151 916 3410 959 nostrum.
3446 903 3563 960 Non

1997 998 2367 1066 confugimus,
2405 999 2599 1066 inquit,
2638 997 2705 1051 ad
2735 997 3028 1049 deteriora.
3058 995 3210 1050 Dicta
3240 1006 3422 1048 autem
3453 995 3568 1048 hanc

1999 1097 2129 1142 sunt
2156 1092 2210 1142 in
2242 1102 2530 1155 personam
2562 1102 2750 1142 eorum
2783 1087 2878 1155 qui
2911 1089 3051 1140 inter
3083 1094 3313 1141 caeteros
3362 1086 3415 1138 in
3474 1101 3568 1152 po-

2002 1179 2148 1248 pulo,
2193 1179 2403 1248 pietati,
2435 1178 2796 1248 religionique
2821 1191 2886 1231 ac
2936 1177 3124 1230 divino
3174 1176 3349 1229 cultui
3395 1177 3568 1243 magis

1999 1270 2291 1324 studebant
2324 1289 2340 1337 ;
2375 1269 2465 1339 qui
2491 1311 2507 1337 ,
2557 1277 2612 1324 et
2651 1269 2698 1324 si
2737 1269 2907 1324 lamis
2935 1278 3126 1323 essent
3165 1267 3567 1321 calamitatibus

1998 1359 2356 1424 circumdati,
2389 1358 2570 1413 divina
2605 1369 2789 1413 tamen
2841 1359 3097 1412 mandata
3148 1359 3517 1412 observabant
3550 1375 3566 1410 :

2000 1450 2145 1505 unde
2168 1450 2329 1503 etiam
2357 1463 2456 1519 pro
2488 1448 2609 1503 aliis
2639 1450 2915 1514 omnibus,
2941 1449 3032 1517 qui
3069 1447 3420 1512 defecerant,
3459 1447 3568 1502 Deo

1998 1556 2060 1596 se
2086 1550 2336 1609 purgant,
2365 1551 2419 1596 et
2443 1541 2625 1596 socios
2669 1541 2873 1598 pariter
2928 1541 2995 1594 ad
3062 1540 3565 1608 magnanimitatem

1999 1629 2263 1684 excitant.

402 1708 744 1778 Ἑξέκλινας
791 1714 899 1780 τὰς
942 1715 1180 1784 τρίϐους
1221 1717 1391 1786 ἡμῶν·
1425 1719 1545 1773 ἀπὸ
1584 1720 1694 1786 τῆς
1746 1719 1893 1774 ὀδοῦ

2070 1717 2136 1772 Et
2158 1719 2434 1772 declinasti
2468 1720 2684 1773 semitas
2707 1727 2916 1773 nostras
2951 1735 2982 1772 a
3032 1719 3116 1772 via
3145 1730 3256 1772 tua.
3296 1717 3362 1770 Et
3393 1727 3568 1772 mtua-

312 1815 454 1853 σου.
491 1802 600 1854 Kal.
631 1806 1003 1876 μετέστρεψας
1033 1809 1133 1871 τὰς
1181 1809 1403 1878 τρίϐους
1442 1811 1600 1879 ἡμῶν
1639 1811 1748 1864 ἀπὸ
1793 1812 1893 1882 τῆς

309 1891 438 1942 ὁδοῦ
471 1909 588 1956 σου,
617 1895 716 1965 τῆς
746 1898 880 1966 πρὸς
908 1897 1000 1950 τὸν
1021 1899 1146 1950 ναόν
1175 1915 1290 1963 σου,
1309 1899 1383 1961 ὡς
1411 1901 1608 1968 μηκέτι
1636 1901 1894 1954 δύνασθαι

321 1983 458 2050 πρὸς
499 1985 663 2039 αὑτὸν
721 1987 980 2056 βαδὶζειν,
1031 1990 1142 2042 τῶν
1175 1989 1273 2058 μὲν
1323 1991 1894 2059 αἰχμαλωτισθέντων,

317 2071 428 2123 τῶν
460 2074 514 2125 δὲ
543 2077 822 2143 φυγόντων
852 2079 962 2132 ἀπὸ
993 2079 1091 2150 τῆς
1125 2081 1406 2152 πατρίδος.

391 2161 523 2214 ’Ὁτι
555 2164 961 2233 ἐταπείνωσας
983 2166 1140 2236 ἡμᾶς
1164 2169 1234 2222 ἐν
1259 2173 1421 2234 τόπῳ
1451 2169 1781 2237 κακώσεως.
1809 2169 1898 2239 Τῷ

321 2250 424 2317 τῆς
460 2254 662 2322 φυγῆς,
691 2255 782 2307 καὶ
807 2255 884 2326 τῷ
916 2257 1015 2327 τῆς
1047 2259 1450 2328 αἰχμαλωσίας.

398 2343 507 2396 Καὶ
548 2346 934 2417 ἐπεκάλυψεν
974 2351 1132 2422 ἡμᾶς
1157 2354 1298 2407 σκιὰ
1331 2354 1610 2410 θανάτου.
1653 2356 1894 2426 Θ).ῐψιςή

1995 1810 2064 1864 sti
2105 1811 2329 1866 semitas
2372 1819 2589 1864 nostras
2633 1810 2773 1864 avia
2799 1810 2984 1878 templi
3026 1811 3143 1875 tui,
3204 1820 3264 1863 ut
3311 1811 3379 1863 ad
3429 1809 3563 1862 illml

1996 1901 2230 1969 amplius
2260 1915 2486 1970 pergere
2536 1914 2871 1968 nequeamus
2906 1917 2920 1952 :
2970 1915 3095 1952 eum
3151 1909 3402 1951 nostrum
3435 1899 3523 1952 alii
3550 1937 3567 1960 ,

1998 1987 2198 2058 captivi
2227 1989 2358 2054 sint,
2390 1996 2444 2042 et
2472 1987 2563 2040 alii
2595 1987 2786 2056 procul
2818 1986 3059 2056 fugerint
3089 2000 3117 2037 a
3161 1985 3360 2054 patria.

2068 2186 2232 2242 Vens.
2272 2186 2363 2240 20.
2402 2187 2662 2252 Quoniam
2706 2184 3004 2238 Immiliasti
3050 2199 3143 2237 nos
3183 2183 3236 2236 in
3281 2182 3396 2236 loco
3442 2182 3574 2252 ami-

2000 2280 2212 2334 ctionis.
2246 2277 2301 2332 ln
2341 2279 2461 2332 loco
2491 2278 2756 2346 angustiae
2783 2316 2798 2342 ,
2835 2284 2929 2330 aut
2967 2276 3323 2346 captivitatis.

2067 2372 2137 2426 Et
2166 2371 2434 2439 cooperuit
2465 2386 2560 2424 nos
2594 2369 2781 2422 umbra
2814 2369 3023 2422 mortis.
3075 2368 3128 2420 Id
3170 2376 3252 2420 est
3288 2367 3574 2420 calamitas

325 2435 538 2534 ἐοικυῖα
571 2438 804 2510 θανάτῳ,
833 2442 916 2494 διὰ
945 2443 1043 2513 τὴν
1089 2444 1315 2513 πικρίαν
1339 2462 1354 2478 ο
1385 2446 1528 2499 ἔοικε
1572 2446 1682 2516 γὰρ
1708 2448 1739 2517 ἠ
1767 2449 1894 2500 σκιὰ

2002 2477 2261 2534 praesens,
2299 2476 2420 2531 qua:
2445 2461 2582 2515 adeo
2611 2462 2809 2514 acerba
2841 2469 2944 2524 est,
2977 2466 3035 2512 ut
3091 2458 3247 2511 morti
3304 2472 3441 2527 pene
3490 2458 3572 2511 si-

319 2524 404 2595 τῷ
430 2529 792 2600 πρωτοτύπῳ,
821 2534 912 2585 καὶ
936 2537 1186 2604 μιμεῖται
1212 2537 1389 2593 τοῦτο.

399 2804 467 2855 ΕΙ
491 2803 895 2872 ἐπελαϐόμεθα
933 2807 1040 2860 τοῦ
1074 2809 1365 2878 ὀνόματος
1399 2813 1504 2868 τοῦ
1527 2816 1675 2871 Θεοῦ
1707 2819 1894 2888 ἡμῶν.

327 2924 396 2936 -
429 2895 537 2948 Τοῦ
569 2895 715 2948 Θεοῦ
740 2895 926 2963 ἡμῶν,
971 2905 1442 2970 περιφραστικῶς.

403 3073 509 3126 Καὶ
539 3076 590 3126 εἰ
619 3074 1059 3146 διεπετάσαμεν
1101 3079 1302 3147 χεῖρας
1353 3081 1522 3150 ἡμῶν
1560 3085 1710 3152 πρὸς
1750 3089 1900 3142 Θεὸν

327 3165 671 3234 ἀλλότριον.
698 3169 868 3222 Τοῦτο
887 3170 980 3223 τοῦ
1007 3172 1267 3243 ῥηθέντος
1296 3176 1652 3248 ὲπεξήγησις.

401 3348 545 3416 Οὐχὶ
568 3353 600 3402 ὀ
633 3349 773 3416 Θεὸς
793 3351 1106 3422 ἐκζητήσει
1151 3356 1374 3421 ταῦτα;
1408 3359 1469 3411 Et
1507 3359 1627 3414 τόδε
1668 3365 1899 3435 ποποιή-

331 3455 524 3508 καμεν,
561 3435 668 3509 ἄρα
697 3442 816 3511 οὐχὶ
847 3445 874 3493 ὁ
905 3444 1036 3507 Θεὸς
1065 3446 1358 3517 ἐκζητήσει
1403 3450 1613 3518 ταῦτας

385 3623 580 3688 Αὐτὸς
622 3624 729 3692 γὰρ
780 3624 1056 3693 γινώσκει
1096 3627 1170 3681 τὰ
1213 3630 1434 3698 κρύφια
1477 3633 1590 3700 τῆς
1632 3635 1898 3703 καρδίας.

330 3715 466 3768 Οὐδὲ
491 3715 908 3787 ἐνεθυμήθημέν
934 3731 988 3770 τι
1016 3717 1279 3773 τοιοῦτον.

399 3897 528 3949 Ὀτι
545 3896 725 3950 ἕνεκά
755 3911 871 3951 σου
897 3897 1306 3966 θανατούμεθα
1335 3898 1489 3966 ὅλην
1513 3900 1627 3969 τὴν
1653 3902 1901 3971 ἠμέραν.

329 3989 408 4057 Τῇ
443 3989 792 4058 προαιρέσει·
854 3990 947 4042 καὶ
999 3988 1109 4060 γὰρ
1138 3990 1429 4059 δυνάμενοι
1467 3992 1758 4047 συνθέσθαι
1795 3998 1907 4059 τοῖς

330 4078 767 4148 εἰδωλολάτραις,
819 4081 914 4134 καὶ
961 4080 1170 4148 διάγειν
1216 4081 1292 4144 ὡς
1341 4084 1401 4134 ὲν
1445 4085 1653 4149 ἀνέσει,
1716 4087 1804 4140 διὰ
1847 4088 1906 4141 σὲ

331 4168 512 4221 πάντα
547 4170 910 4241 ὑπομένομεν,
940 4171 1035 4224 καὶ
1066 4171 1340 4243 πρόθυμοι
1370 4173 1539 4244 ἐσμεν
1558 4177 1636 4237 εἰς
1667 4177 1902 4246 σφαγήν.

333 4261 408 4313 Τὸ
436 4262 495 4314 δὲ
533 4263 680 4328 Ὅτι,
717 4264 988 4332 περιττόν.

420 4469 850 4538 Ἐλογίσθημεν
869 4468 950 4535 ὠς
978 4471 1241 4536 πρόϐατα
1271 4471 1532 4540 σφαγῆς.
1559 4473 1656 4527 Διὰ
1682 4473 1741 4527 τὸ
1767 4474 1906 4544 πρὸς

337 4560 616 4628 ἀναίρεσιν
650 4561 873 4631 εὐχερὲς
897 4559 1078 4632 ἡμῶν,
1114 4563 1209 4615 καὶ
1239 4561 1298 4615 τὸ
1334 4561 1410 4634 μὴ
1462 4563 1722 4619 δύνασθαι
1756 4566 1906 4635 ἀμύ-

335 4670 450 4706 νειν
477 4654 710 4716 ἑαυτοῖς.

421 4768 813 4836 Ἐεεγέρθητμ
849 4768 943 4830 Εἰς
973 4768 1253 4838 ἐκδίκησιν
1284 4768 1378 4822 τοῦ
1408 4769 1539 4823 λαοῦ
1575 4788 1689 4829 σου.

419 4881 606 4936 Ἰνατί
664 4881 896 4946 ὑπνοῖς,
956 4883 1132 4951 Κύριε
1147 4899 1168 4947 ;
1249 4882 1410 4937 Ἱνατί
1463 4886 1758 4956 ἡσυχάζεις
1814 4891 1907 4943 ἐπὶ

335 4974 502 5027 πλέον
539 4973 908 5044 μακροθυμῶν
928 4992 942 5041 ;
966 4975 1223 5045 ἡσυχάζει
1255 4977 1362 5046 γὰρ
1384 4976 1589 5031 ὑπνῶν.

422 5174 756 5241 Ἀνάστηθι.
815 5176 910 5239 Εἰς
956 5175 1228 5246 βοήθειαν.
1277 5176 1488 5230 Ταὺτὸν
1531 5177 1589 5230 δὲ
1635 5177 1796 5232 τοῦτο
1831 5177 1909 5248 τῷ

349 5267 725 5336 Ἐξεγέρθητι.
767 5267 900 5320 Ἀπὸ
943 5268 1052 5320 τῶν
1087 5267 1446 5338 ἀνθρωπίνων
1477 5271 1768 5339 ἐνεργειῶν
1814 5273 1909 5326 καὶ

338 5358 534 5412 παθῶν
549 5354 820 5427 εἰώθαμεν
849 5357 1275 5429 χαρακτηρίζειν
1308 5360 1370 5412 τὸ
1411 5360 1576 5426 θεῖον,
1605 5360 1678 5426 ὼς
1712 5363 1910 5416 πολλά-

340 5465 428 5511 κις
453 5449 779 5517 εἰρήκαμεν,
815 5449 889 5518 μὴ
918 5447 1207 5516 δυνάμενοι
1230 5448 1404 5513 ἄλλως
1430 5449 1797 5523 διαλεχθῆναι,
1819 5453 1906 5506 διὰ

339 5539 439 5611 τὴν
463 5539 833 5611 ἀκροωμένων
863 5539 1168 5596 ἀσθένειαν.

1995 2555 2140 2608 milis
2174 2554 2444 2607 videatur.
2491 2550 2747 2606 Umbram
2774 2550 2919 2604 enim
2949 2563 3070 2602 eam
3090 2548 3404 2617 appellavit,
3441 2551 3571 2616 quia

2000 2645 2204 2700 umbra:
2237 2645 2303 2698 iis
2332 2643 2497 2698 rebus
2539 2642 2747 2696 similes
2771 2653 2893 2696 esse
2936 2640 3114 2694 solent
3141 2676 3157 2704 ,
3201 2653 3430 2708 quarum
3464 2638 3574 2690 for-

1998 2749 2116 2789 tnas
2142 2741 2561 2804 repraesentant.

2067 2823 2229 2878 Vens.
2258 2825 2348 2877 21.
2385 2823 2446 2877 Si
2471 2823 2620 2875 obliti
2643 2836 2824 2874 sumus
2847 2819 3073 2872 nominis
3107 2817 3199 2870 Dei
3217 2818 3402 2869 nostri.
3458 2817 3576 2869 Iloc

2001 2924 2084 2968 est
2111 2955 2126 2978 ,
2176 2915 2221 2970 si
2269 2913 2362 2967 Dei
2408 2911 2580 2967 nostri
2620 2911 2775 2965 oblitl
2811 2924 3023 2964 sumus.
3078 2905 3578 2961 Circumlocutione

1932 3021 1979 3084 ο
2009 3005 2153 3058 enim
2183 3019 2319 3057 usus
2354 3010 2460 3056 est.

2078 3096 2146 3148 Et
2172 3097 2217 3149 si
2249 3093 2574 3148 extendimus
2595 3107 2780 3145 manus
2801 3100 3011 3143 nostras
3031 3087 3100 3140 ad
3135 3087 3297 3141 Deum
3319 3086 3576 3140 alienum.

2009 3189 2132 3244 Haec
2167 3189 2324 3242 verba
2358 3186 2421 3240 ad
2452 3183 2811 3255 praecedentis
2860 3181 3114 3234 versiculi
3175 3179 3576 3246 expositio.;eut

2004 3280 2151 3335 dicta
2187 3290 2336 3333 sunt.

2081 3371 2246 3425 Vens.
2280 3369 2370 3424 22.
2414 3367 2601 3422 Nonne
2649 3367 2787 3421 Deus
2824 3366 3053 3436 rcquiret
3110 3364 3211 3416 ista
3247 3363 3270 3416 ?
3314 3362 3371 3416 Si
3422 3361 3528 3414 hoc
3557 3401 3574 3425 ,

2004 3465 2197 3533 inquit,
2231 3475 2324 3517 aut
2353 3463 2482 3516 illud
2531 3463 2847 3522 fecerimus,
2878 3473 3061 3512 nonne
3121 3455 3262 3510 Deus
3305 3455 3420 3508 [nec
3454 3468 3578 3508 om-

2003 3554 2091 3607 nia
2121 3551 2402 3618 exquiret?

2082 3641 2203 3708 lpse
2229 3642 2365 3692 enim
2393 3641 2534 3692 novit
2560 3638 2868 3691 abscondita
2896 3637 3092 3691 cordis.
3137 3637 3214 3688 Ac
3254 3635 3299 3688 si
3337 3635 3539 3686 diceret
3563 3650 3575 3684 :

2005 3731 2197 3798 Neque
2229 3734 2282 3782 in
2311 3731 2551 3782 animum
2579 3737 2825 3781 nostrum
2841 3729 2948 3779 tale
2972 3726 3250 3794 quidpiam
3282 3724 3579 3792 aliquando

2006 3821 2348 3876 induximus.

2073 3910 2338 3976 Quoniam
2388 3917 2598 3976 propter
2650 3916 2697 3961 te
2737 3906 3125 3973 mortiﬁcamur
3182 3913 3293 3957 tota
3347 3905 3452 3958 die.
3508 3905 3583 3959 lix

2009 4008 2200 4054 nostro
2227 3999 2485 4052 nimirum
2519 4000 2804 4066 proposito
2833 4004 2888 4050 et
2951 4003 3148 4063 sponte
3199 4003 3406 4048 nostra.
3450 3994 3582 4047 Nam

2009 4108 2133 4146 cum
2161 4091 2384 4160 pacilice
2413 4090 2687 4158 possimus
2723 4103 2787 4141 ac
2824 4093 2942 4139 tuto
2972 4084 3172 4153 degere
3227 4085 3369 4138 inter
3401 4083 3582 4138 idolo-

2013 4187 2186 4240 latras
2231 4183 2509 4247 homines,
2541 4197 2606 4236 ac
2640 4180 2733 4236 Dei
2766 4183 2954 4233 hostes
2994 4192 3007 4230 :
3061 4183 3280 4246 propter
3305 4185 3355 4229 te
3407 4183 3582 4229 tamen

2009 4278 2192 4335 omnia
2220 4278 2579 4336 sustinemus,
2613 4281 2668 4326 et
2701 4271 2769 4326 ad
2804 4269 3110 4324 obeundam
3144 4283 3242 4336 pro
3272 4275 3326 4320 te
3355 4275 3581 4318 mortem

1941 4362 1984 4416 ι)
2013 4369 2186 4440 parati
2218 4364 2628 4431 sumus.fDictio
2644 4373 2848 4426 autem,
2872 4359 3158 4427 Quoniam,
3182 4355 3453 4426 superﬂua
3479 4363 3583 4408 est.

2086 4479 2399 4534 Existimati
2430 4493 2610 4531 sumus
2637 4477 2790 4544 quasi
2818 4490 2934 4528 oves
2966 4472 3265 4526 occisionis.
3310 4469 3446 4535 Quia
3481 4467 3586 4522 sci-

2015 4573 2142 4627 licet
2171 4572 2290 4626 neci
2331 4586 2522 4625 sumus
2559 4569 2819 4639 expositi,
2856 4576 2914 4620 ut
2943 4564 3360 4632 nobismetipsis
3379 4561 3588 4614 auxilio

2016 4679 2138 4719 esse
2166 4677 2524 4732 nequeamus.

2085 4777 2250 4833 Vens.
2283 4777 2374 4831 23.
2410 4775 2668 4844 Exsurge.
2701 4774 2776 4828 Ad
2809 4770 2992 4843 populi
3032 4769 3110 4822 tui
3165 4766 3477 4822 vindictam.

2091 4886 2270 4953 Quare
2329 4885 2621 4948 obdormis,
2685 4884 2950 4937 Domine?
3003 4882 3182 4947 Quare
3231 4883 3468 4950 quiescis
3525 4895 3589 4935 ac

2015 4986 2166 5033 tanta
2194 4978 2366 5034 uteris
2403 4975 2860 5047 longanimitate?
2889 4974 3184 5040 Quiescere
3211 4976 3352 5029 enim
3381 4975 3591 5028 videtur

2015 5069 2107 5139 qui
2138 5067 2362 5122 dormit.

2091 5177 2338 5248 Resurge.
2372 5177 2431 5232 In
2467 5177 2730 5232 auxilium
2763 5185 3013 5232 nostrum
3045 5177 3279 5233 scilicet.
3318 5173 3383 5226 Et
3433 5171 3580 5226 idem

2015 5267 2555 5340 signiticatﬂesurge.
2587 5269 2692 5325 hoc
2718 5271 2772 5326 in
2808 5270 2952 5360 lego,
2987 5269 3131 5340 quod
3159 5263 3592 5360 Exsurge.s_ole-

2014 5374 2139 5415 mus
2163 5369 2341 5414 autem
2369 5362 2634 5426 actiones,
2673 5352 3068 5430 passion'esqne
3091 5373 3184 5412 seu
3216 5353 3448 5408 allectus
3474 5352 3581 5406 bu-

2017 5469 2208 5508 manos
2242 5453 2520 5508 Divinitati
2547 5454 2868 5516 attribuere,
2901 5459 2961 5506 ut
2998 5464 3140 5518 saepe
3167 5445 3404 5500 diximus
3433 5461 3448 5511 ;
3475 5458 3584 5497 non

2016 5530 2259 5600 valentes
2288 5545 2462 5614 aliter,
2494 5544 2566 5602 ob
2587 5543 2900 5600 auditorum
2933 5539 3330 5603 infirmitatem,
3364 5549 3582 5592 sensum

2015 5633 2309 5706 cXplicare.
