4114 6208
606 277 716 342 487

1849 280 2241 343 EUTIIYMII
2283 281 2649 344 ZIGABENI

3755 278 3866 345 488

680 392 753 447 Et
792 384 1119 461 ne'repellas
1164 393 1220 444 in
1255 388 1433 458 ﬁnem.
1480 389 1618 444 Cum
1655 389 1765 459 jam
1818 404 1886 444 ex
1940 400 2093 465 parte
2125 401 2170 446 el

2348 392 2457 445 Kal
2485 390 2569 461 μὴ
2597 389 2814 458 dudm;
2844 391 2929 455 είς
2968 388 3161 455 τέλος.
3224 390 3321 440 ἰχ
3357 386 3559 458 μέρους
3588 389 3736 459 ἡμᾶς
3764 397 3864 447 καὶ

610 488 678 541 ad
713 499 927 557 tempus
957 485 1245 555 repuleris,
1274 498 1343 538 ne
1371 497 1634 554 perpetuo
1662 483 1828 538 etiam
1860 483 2115 552 repellas.

688 573 851 630 Vens.
881 576 970 629 24.
1004 574 1178 642 Quare
1210 574 1401 643 faciem
1445 586 1593 628 tuam
1647 575 1834 628 avertis
1862 576 1887 630 !
1934 574 2050 629 Hoc
2072 582 2177 641 est,

610 666 986 722 visitationem
1019 674 1075 721 et
1102 667 1411 721 custodiam
1438 674 1611 729 tuam,
1646 672 1905 734 tanquam
1934 664 2006 719 ab
2032 664 2178 720 india

674 847 1012 902 Oblivisceris
1056 848 1247 917 inopia:
1291 855 1520 910 nostra,
1550 856 1601 900 et
1647 846 2051 900 tribulationum
2091 862 2183 900 no-

606 948 863 993 strarum.
898 940 941 992 Α
976 939 1256 993 connnuni
1306 953 1473 994 sensu
1534 954 1729 994 rursus
1771 940 2038 994 sumenda
2093 949 2179 995 est

604 1033 773 1085 dictio
802 1032 1015 1098 Quare;
1048 1046 1143 1101 per
1166 1030 1403 1100 inopiam
1450 1045 1578 1085 vero
1628 1030 1717 1085 bic
1760 1032 2067 1087 molestiam
2124 1040 2180 1087 et

604 1124 916 1194 passionem
944 1121 1239 1192 signiﬁcat,
1268 1120 1449 1187 Quare
1495 1122 1843 1187 obliviscaris
1893 1124 2060 1195 igitur
2096 1125 2181 1178 in-

601 1216 742 1285 opia:
770 1224 992 1278 nostra),
1024 1213 1076 1267 id
1104 1220 1188 1268 est
1216 1253 1230 1278 ,
1264 1212 1379 1266 Cur
1418 1215 1623 1269 nullam
1655 1215 2033 1272 calamitatum
2078 1230 2180 1273 tto-

602 1314 843 1358 strarum
878 1305 1143 1357 rationem
1178 1302 1400 1357 habes?

672 1392 838 1450 Vens.
865 1393 955 1447 25.
994 1392 1261 1456 Quoniam
1285 1392 1569 1447 humiliata
1594 1402 1671 1449 est
1704 1397 1756 1449 in
1774 1394 1982 1463 puluere
1995 1394 2179 1449 animo

601 1494 806 1540 nostra.
838 1484 942 1553 Ipsi
995 1498 1129 1548 nos,
1162 1485 1372 1553 inquit,
1402 1492 1663 1554 tanquam
1695 1485 1930 1540 humiles
1953 1524 1970 1550 ,
2008 1495 2177 1555 atque

603 1578 801 1645 abiecti
832 1576 981 1630 liumi
1016 1574 1397 1631 decumbimus
1423 1614 1437 1640 ,
1466 1582 1524 1631 et
1600 1575 1658 1629 in
1714 1584 1860 1631 terra
1915 1576 2179 1646 prostrati

602 1683 816 1722 sumus.

2286 486 2419 553 πρὸς
2439 483 2629 554 καιρὸν
2658 482 3041 553 ἀπωσάμενος,
3077 481 3152 551 μὴ
3183 480 3481 544 διαπαντὸς
3512 480 3736 553 ἀπὼσῃ.

2367 576 2550 630 ἰνατι
2599 576 2667 629 τὸ
2715 574 3044 643 πρόσωπόν
3083 588 3201 628 σου
3253 571 3697 644 ἀποστρέφειςῖ
3750 572 3865 645 Τὴν

2282 668 2595 737 ἐπισκοπὴν
2620 684 2740 734 σου,
2772 667 2848 731 ὡς
2880 666 2991 721 ἀπὸ
3013 664 3269 731 ἀναξίων.

2360 845 2766 915 Ἐπιλανθάνῃ
2795 847 2905 915 τῆς
2934 846 3227 915 πτωχείας
3255 845 3446 915 ἡμῶν,
3468 843 3567 899 καὶ
3596 843 3706 914 τῆς
3730 845 3861 899 θλί-

2282 945 2445 1010 fretur;
2472 940 2659 1010 ἡμῶν.
2691 940 2825 993 Ἀπὸ
2855 938 3037 993 κοινοῦ
3065 938 3227 993 πάλιν
3253 938 3316 991 τὸ
3351 936 3545 993 Ἰνατί.
3578 937 3861 1007 Πτωχείαν

2282 1034 2338 1087 δὲ
2372 1033 2518 1101 λέγει
2546 1032 2640 1086 νῦν
2688 1030 2788 1103 τὴν
2835 1030 3138 1099 κακουχίαν
3160 1044 3175 1060 ⁸
3209 1029 3343 1089 ίδιον
3371 1026 3481 1098 γάρ
3511 1028 3789 1098 πτωχείας
3824 1028 3860 1096 ἡ

2282 1125 2577 1194 κακουχία.
2634 1119 3045 1189 Ἐπιλανθάνη
3079 1118 3161 1184 δὲ,
3214 1119 3339 1175 ἀντὶ
3384 1117 3504 1183 τοῦ,
3546 1117 3633 1171 Ἐν
3681 1117 3861 1171 οὐδενὶ

2282 1217 2424 1289 λόγῳ
2451 1216 2604 1287 τίθης
2638 1214 2832 1270 ταῦτα.

2355 1392 2474 1445 Ὅτι
2522 1388 2885 1457 ἐταπεινώθη
2922 1390 3011 1455 είς
3064 1388 3218 1458 χοῦν
3263 1388 3302 1457 ἡ
3342 1386 3513 1456 ψυχὴ
3558 1387 3751 1456 ἡμῶν.
3794 1387 3857 1439 'll

2283 1483 2454 1552 ψυχὴ
2486 1481 2673 1552 ἡμῶν,
2718 1482 2837 1534 ἀντὶ
2874 1481 2967 1534 τοῦ
3004 1482 3216 1549 Ἡμεῖς,
3260 1480 3739 1550 περιφραστικῶς·
3767 1478 3857 1531 λέ-

2284 1596 2373 1647 γει
2410 1576 2488 1642 δὲ,
2548 1576 2632 1629 ὅτι
2668 1574 3102 1646 Κατηνέχθημεν
3149 1576 3231 1637 εἰς
3262 1572 3389 1641 γῆν,
3436 1572 3531 1625 καὶ
3563 1569 3859 1624 πεπτώκα-

2289 1687 2409 1741 μεν.

673 1758 1081 1827 Conglutinatus
1120 1765 1201 1811 est
1251 1758 1305 1810 in
1358 1764 1501 1811 terra
1538 1767 1714 1812 uenter
1751 1766 1951 1814 noster.
1980 1758 2170 1825 IAecu-

2357 1765 2693 1833 Ἕκολλὴθη
2719 1765 2809 1829 είς
2832 1761 2948 1833 γῆν
2988 1763 3026 1830 ἡ
3066 1760 3301 1830 γαστὴρ
3346 1758 3533 1829 ἡμῶν.
3567 1758 3712 1812 Ὑπὸ
3758 1776 3857 1828 χα-

601 1847 783 1902 bendo
812 1849 1071 1901 nimirum
1097 1847 1268 1901 humi.
1301 1845 1399 1902 Vel
1448 1846 1578 1902 dum
1629 1848 1999 1902 calamitatum
2037 1863 2178 1917 pou-

598 1939 728 1993 αντε
756 1939 1022 2008 depressi,
1058 1938 1287 2003 curvati,
1332 1938 1387 1992 in
1419 1946 1623 1993 terram
1676 1940 2026 2009 inSpicimus.
2079 1940 2177 1996 Ille

599 2032 766 2086 etiam
801 2029 1024 2083 humilis
1057 2029 1110 2082 in
1134 2038 1338 2083 terram
1391 2030 1701 2085 demittitur
1727 2070 1746 2097 ,
1805 2032 1899 2102 qui
1943 2033 2179 2089 terrenis

600 2119 833 2189 negotiis
874 2119 1212 2189 immergitur
1248 2136 1263 2170 :
1296 2120 1387 2175 ille
1413 2122 1827 2192 conglutinatur
1878 2133 2058 2187 terra,
2083 2123 2178 2192 qui

597 2212 825 2279 gulosus
857 2219 962 2275 est,
995 2223 1088 2266 aut
1123 2210 1449 2278 fornicator,
1480 2222 1575 2267 aut
1608 2211 1654 2267 si
1698 2214 1823 2285 quis
1845 2214 1990 2271 alius
2017 2213 2177 2269 blan-

597 2304 684 2357 dis
716 2286 957 2358 adltaeret
993 2303 1392 2374 voluptatibus.

668 2393 834 2449 Vsus.
867 2394 955 2447 26.
978 2396 1238 2464 Exsurge,
1259 2394 1513 2461 Domine,
1548 2394 1742 2465 adjuvat
1792 2412 1908 2451 nos.
1965 2395 2176 2453 Videris
2215 2388 2219 2392 ”

593 2484 743 2538 enim
779 2483 977 2538 sedere
1002 2491 1058 2538 et
1087 2494 1381 2553 pereuntes
1426 2500 1524 2539 nos
1561 2486 1865 2555 despicere.

676 2573 745 2627 Et
774 2573 939 2628 libera
976 2590 1071 2628 nos
1103 2584 1315 2643 propter
1362 2589 1551 2629 nomen
1600 2582 1767 2630 tuum.
1807 2575 1925 2630 Non
1954 2576 2025 2631 ob
2074 2590 2174 2632 uo-

596 2678 836 2722 strarum
862 2666 1126 2720 virtutum
1167 2667 1363 2721 merita
1393 2665 1445 2720 id
1482 2668 1782 2737 poscimus,
1810 2682 1936 2723 cum
1965 2677 2018 2724 et
2045 2685 2171 2738 pec-

596 2766 832 2824 calores,
868 2769 922 2813 et
952 2758 1128 2813 salute
1177 2759 1386 2829 indigni
1418 2758 1644 2829 (simus;
1674 2759 1767 2816 sed
1803 2768 1862 2814 ut
1889 2761 2168 2827 timeatur,

2278 1859 2533 1929 μευνίας,
2563 1858 2596 1927 ἢ
2634 1855 2727 1909 τοῦ
2760 1855 2990 1908 κύπτειν
3021 1853 3157 1926 πρὸς
3209 1853 3313 1921 γῆν
3342 1852 3432 1904 ἀεὶ
3459 1851 3536 1921 τῷ
3559 1849 3717 1921 βάρει
3745 1849 3852 1900 τῶν

2278 1951 2534 2022 Θλίψεων.
2572 1948 2936 2002 Ταπεινοῦται
2961 1947 3019 2000 δὲ
3048 1948 3130 2010 είς
3157 1945 3288 2015 χοῦν
3323 1946 3419 1997 καὶ
3446 1946 3475 1998 ὁ
3501 1944 3613 2006 τοῖς
3645 1942 3850 2010 γηῒνοις

2281 2040 2687 2115 προστετηκὼς,
2733 2042 2829 2094 καὶ
2853 2039 3140 2111 ξκολλᾶται
3171 2039 3251 2101 είς
3309 2038 3414 2107 γῆν
3444 2038 3474 2089 ὁ
3506 2034 3853 2104 γαστρίμαρο

2280 2151 2398 2204 γος,
2428 2134 2523 2187 καὶ
2553 2135 2581 2188 ό
2608 2130 2954 2204 πόρνος,,καὶ
2974 2131 3087 2194 πᾶς
3103 2128 3408 2200 φιλήδονος.

2361 2394 2641 2457 Ἀνάστα,
2675 2393 2872 2461 Κύριε,
2914 2389 3235 2460 βοήθησον
3280 2387 3446 2458 ἡμῖν.
3504 2387 3687 2449 Δοκεῖς
3742 2384 3850 2453 γὰρ

2277 2486 2626 2550 καθέζεσθαι,
2654 2483 2930 2555 περιορῶν
2959 2481 3135 2547 οὕτως
3161 2481 3572 2550 ἀπολλυμένους
3605 2478 3779 2547 ἡμᾶς.

2345 2578 2655 2647 Λύτρωσαι
2683 2573 2861 2645 ἡμᾶς,
2890 2574 3099 2629 ἕνεκεν
3128 2574 3233 2629 τοῦ
3268 2574 3560 2641 ὀνόματός
3584 2587 3724 2623 σου.
3772 2566 3845 2620 Οὐ

2273 2669 2361 2723 διὰ
2386 2668 2485 2732 τὰς
2531 2668 2807 2737 ἡμετέρας
2836 2667 3040 2737 ἀρετάς
3061 2682 3075 2695 ·
3106 2666 3209 2718 οὐκ
3255 2664 3401 2728 ἄξιαι
3432 2663 3574 2731 γάρ·
3606 2659 3723 2713 ἀλλ’
3761 2659 3849 2712 ἵνα

2273 2760 2503 2831 φοὸερδν
2537 2759 2650 2829 (55)
2683 2760 2792 2828 είη,
2826 2758 2920 2811 καὶ
2946 2759 3022 2828 μὴ
3052 2756 3455 2827 βλασφημεῖται
3482 2754 3543 2806 τὸ
3566 2753 3657 2805 σδν
3679 2752 3849 2820 δνομα

594 2859 650 2904 et
684 2849 1021 2905 venerationi
1059 2851 1130 2904 sit
1156 2866 1357 2907 nomen
1390 2859 1566 2917 tuum,
1590 2860 1645 2907 et
1668 2867 1736 2906 ne
1759 2851 1828 2906 ab
1862 2851 2170 2909 idololatris

2275 2852 2429 2923 παρὰ
2443 2850 2553 2906 τῶν
2578 2848 3003 2921 είδωλολατρῶν.
3036 2849 3195 2902 Κατὰ
3226 2848 3325 2917 μὲν
3356 2844 3619 2912 ἱστορίαν,
3649 2843 3850 2904 ίιιανῶς

596 2943 1025 3012 blasphemetur.
1061 2940 1123 2994 Ει
1138 2941 1307 3008 juxta
1332 2942 1627 2998 historiam
1646 2942 1863 2997 abunde
1898 2942 2168 3013 psalmum

2273 2948 2302 3000 ὁ
2324 2945 2537 3017 ψαλμὸς
2583 2944 2955 3014 ἡρμήνευταιο
2997 2940 3142 2994 κατὰ
3166 2940 3224 2994 δὲ
3250 2939 3562 3009 ἀναγωγὴν,
3593 2938 3848 3007 λέγοιμεν

598 3036 745 3089 hunc
785 3033 1161 3103 exposuimus.
1187 3031 1349 3087 Juxta
1397 3048 1675 3105 anagogen
1708 3049 1835 3089 vero
1855 3033 2170 3104 dicerepos-

2272 3039 2338 3093 ἂν
2359 3036 2428 3090 τὰ
2456 3035 2551 3090 τοῦ
2573 3035 2789 3106 ψαλμοῦ
2822 3034 3014 3087 τούτου
3059 3032 3195 3103 πρὸς
3221 3034 3312 3084 τὸν
3344 3032 3577 3101 Χριστὸν
3616 3029 3666 3081 oi
3702 3029 3846 3099 μάρ-

596 3140 788 3179 sumus
815 3162 831 3187 ,
857 3125 1022 3178 verba
1057 3123 1250 3192 psalmi
1282 3122 1554 3178 ellereuda
1588 3138 1711 3180 esse
1743 3140 1808 3178 ex
1852 3134 2169 3179 sanctorum

2273 3146 2435 3200 τυρτς
2464 3128 2691 3194 πάντες,
2721 3127 2773 3180 οἱ
2800 3127 2969 3196 μυρία
2997 3125 3067 3177 δι’
3093 3125 3261 3178 αὑτὸν
3290 3123 3552 3186 παθόντες
3572 3122 3666 3175 καὶ
3688 3123 3849 3175 θανα-

598 3221 894 3283 martyrum
932 3226 1167 3283 persona
1195 3212 1262 3265 ad
1295 3211 1577 3268 Christum
1605 3255 1620 3281 ,
1653 3214 1746 3284 qui
1775 3214 1946 3269 multa
1969 3223 2025 3270 et
2050 3231 2170 3286 gra-

2271 3220 2523 3290 τούμενοι
2553 3219 2683 3289 ὅλην
2714 3217 2813 3287 τὴν
2842 3215 3066 3287 ἡμέραν
3091 3230 3107 3246 ⁸
3160 3214 3297 3268 ἀλλὰ
3325 3214 3421 3267 καὶ
3464 3214 3660 3275 πάντες
3694 3211 3847 3263 εὐσε-

592 3305 682 3360 via
736 3306 907 3373 ipsius
957 3304 1162 3359 Christi
1203 3305 1374 3375 gratia
1412 3306 1558 3373 passi
1585 3317 1759 3371 sunt,
1817 3315 1871 3362 et
1922 3314 2035 3361 tota
2081 3309 2170 3363 die

2274 3314 2408 3377 δεῖς,
2434 3312 2538 3365 ὑπὸ
2555 3311 2662 3363 τῶν
2686 3310 2985 3381 μιαιφόνων
3007 3307 3174 3364 ἐθνῶν
3194 3303 3627 3378 ἑπηρεαζόμενοί
3648 3320 3730 3370 τε,
3748 3302 3846 3358 καὶ

595 3398 925 3453 inertilicati.
948 3396 1062 3463 Vel,
1089 3413 1155 3452 ex
1182 3412 1412 3466 persona
1428 3414 1884 3470 quorumeunque
1910 3400 2167 3469 ﬁdelium,

598 3508 662 3549 ae
688 3494 1074 3563 religiosorum
1101 3492 1409 3558 hominum,
1450 3492 1544 3563 qui
1575 3506 1606 3547 a
1634 3493 2011 3564 sanguinariis
2042 3508 2173 3564 gen-

596 3582 740 3637 tibus
768 3581 1058 3636 laedantur.

593 3671 659 3728 In
692 3673 851 3743 ﬁnem
890 3689 984 3740 pro
1018 3674 1083 3726 iis
1111 3673 1201 3742 qui
1252 3672 1615 3727 commutandi
1650 3682 1775 3728 sunt
1798 3712 1813 3738 ,
1845 3673 1977 3742 ﬁliis
2011 3671 2167 3739 Core,

788 3767 843 3820 in
867 3764 1295 3836 intelligentiam,
1324 3765 1596 3820 canticum
1620 3779 1717 3834 pro
1745 3764 1963 3820 dilecto.

1104 3942 1423 4001 PSALMUS
1462 3942 1649 4003 XLIV.

664 4037 731 4094 In
756 4038 917 4107 ﬁnem
942 4036 1163 4106 quidem
1192 4038 1520 4108 inscriptum
1561 4046 1647 4093 est
1674 4036 1746 4092 ob
1770 4034 2083 4107 prophetias
2110 4035 2164 4089 in

2273 3402 2821 3472 καταδαπανώμενοι.

2271 3667 2376 3733 Εις
2414 3665 2481 3720 τὸ
2523 3662 2700 3729 τέλος
2746 3663 2901 3732 ὑπὲρ
2941 3661 3061 3716 τῶν
3102 3663 3685 3734 ἀλλοιωθησεμένων
3716 3663 3839 3728 τοῖς

2338 3756 2489 3823 υἱοῖς
2520 3757 2670 3825 Κορὲ
2692 3758 2780 3823 εις
2816 3758 3077 3812 σύνεσιν
3101 3774 3115 3788 ’
3169 3757 3292 3827 ᾠδὴ
3343 3756 3497 3825 ὑπὲρ
3547 3755 3657 3810 τοῦ
3701 3757 3839 3828 dra-

2340 3851 2553 3920 πητοῦ.

2816 3944 3114 3999 ΨΔΛΜΟΣ
3134 3945 3275 4000 MA'.

2336 4041 2443 4106 Εις
2476 4037 2542 4093 τὸ
2581 4036 2755 4104 τέλος
2791 4038 2914 4107 μὲν,
2944 4036 3032 4090 διὰ.
3062 4036 3158 4099 τὰς
3186 4038 3242 4089 ὲν
3270 4033 3446 4104 τούτῳ
3479 4034 3840 4105 προφητείας,

589 4132 806 4204 psalmo
835 4139 1121 4186 contentas
1151 4145 1272 4200 quae
1301 4131 1367 4184 ad
1392 4130 1558 4184 ﬁnem
1594 4128 1910 4192 tendebant.
1957 4127 2067 4200 Pro
2098 4128 2163 4184 iis

2271 4132 2347 4195 εἰς
2403 4129 2557 4193 τέλος
2606 4128 2977 4191 ἐλαυνούσαςο
3023 4128 3165 4198 ὑπὲρ
3210 4126 3319 4180 τῶν
3353 4125 3842 4195 ἀλλοιωθησομέ-

591 4237 743 4287 vero,
770 4222 860 4293 qui
895 4223 1266 4276 commutandi
1299 4230 1445 4287 sunt,
1476 4220 1581 4275 hoc
1610 4229 1716 4284 est,
1766 4235 1866 4289 pro
1895 4219 2166 4275 Cbristia-

2271 4240 2389 4279 νων
2435 4222 2514 4287 δὲ,
2577 4222 2887 4285 τουτέστιν,
2924 4220 3065 4290 ὑπὲρ
3092 4219 3200 4274 τῶν
3226 4219 3592 4290 Χριστιανῶν,
3638 4219 3689 4271 οἳ
3740 4220 3841 4272 ἁλ-

590 4314 700 4380 nis,
733 4317 828 4385 qui
857 4329 955 4384 per
977 4313 1331 4382 baptismatis
1365 4311 1835 4381 regenerationem
1865 4310 2161 4367 iunovandi

2271 4315 2662 4384 λοιωοήσονται
2695 4313 2809 4384 (56)
2839 4313 2927 4366 διὰ
2951 4313 3053 4383 τῆς
3095 4310 3523 4380 παλιγγενεσίας
3552 4310 3648 4364 τοῦ
3681 4312 3839 4379 ἁγίου

586 4416 769 4473 erant,
808 4414 1047 4460 veterem
1076 4412 1346 4459 exuentes
1374 4403 1680 4467 hominem,
1733 4413 1788 4459 et
1839 4419 2041 4459 novum
2078 4405 2162 4458 in-

2271 4406 2669 4479 βαπτίσματος,
2722 4404 3123 4475 ἀπεκδυόμενοι
3189 4406 3288 4474 μὲν
3336 4404 3425 4458 τὸν
3478 4404 3709 4457 παλαιὸν
3739 4404 3840 4456 ἆν-

587 4499 842 4553 duentes.
910 4496 1148 4565 Antiqua
1203 4496 1373 4560 enim,
1411 4495 1588 4565 inquit
1645 4495 1940 4567 Propheta,
1981 4505 2161 4551 trans-

2271 4502 2509 4570 υρωπον,
2546 4498 2859 4568 ἐνδυόμενοι
2891 4498 2948 4551 δὲ
2986 4499 3078 4553 τὸν
3126 4502 3264 4554 νέον.
3323 4500 3399 4553 Τὰ
3447 4498 3666 4567 ἀρχαῖα
3703 4498 3835 4567 γὰρ,

586 4590 783 4653 ierunt,
842 4603 959 4640 ecce
1011 4602 1145 4641 nova
1203 4585 1348 4655 facta
1403 4595 1526 4641 sunt
1581 4588 1780 4644 omnia.
1832 4587 1958 4644 llaec
1993 4589 2159 4661 igitur

2271 4592 2423 4662 φησι,
2465 4590 2799 4660 παρῆλθεν,
2844 4588 2974 4645 ίὸοὺ
3028 4591 3238 4659 γέγονε
3264 4591 3336 4644 τὰ
3388 4590 3584 4644 πάντα
3634 4587 3838 4644 καινά.

587 4678 947 4732 commutatio
982 4678 1390 4733 transformatio
1427 4688 1533 4745 est,
1565 4688 1617 4733 et
1636 4680 1840 4750 prioris
1868 4694 2159 4736 conversa-

589 4768 757 4824 tionis
813 4770 1145 4825 immutatio.
1193 4770 1345 4825 Filiis
1392 4772 1555 4826 etiam
1594 4768 1729 4825 Core
1785 4770 1911 4825 ideo
1956 4771 2157 4828 inscri-

588 4869 738 4932 ptum
776 4873 882 4929 est,
906 4863 1033 4934 quia
1063 4864 1143 4919 eis
1169 4865 1330 4919 datus
1376 4862 1482 4919 fuit
1509 4862 1599 4919 bic
1637 4864 1885 4934 psalmus
1927 4878 1958 4918 a
1990 4864 2155 4920 beato

589 4954 779 5017 David,
835 4964 894 5008 ut
923 4971 1047 5010 eum
1094 4966 1376 5022 canerent,
1408 4957 1869 5027 quemadmodum
1895 4957 1949 5012 in
1979 4972 2160 5028 prom-

586 5043 697 5097 tnio
722 5045 904 5115 operis
931 5045 1352 5101 dcclaravimus.
1398 5047 1477 5099 Ad
1510 5047 1919 5118 intelligentiam
1968 5061 2103 5102 vero
2141 5064 2155 5101 :

585 5134 715 5205 quia
766 5135 835 5189 ob
873 5137 1189 5191 reconditos
1241 5136 1441 5206 psalmi
1478 5152 1699 5204 sensus,
1758 5140 1927 5192 multa
1962 5137 2156 5193 lectori

585 5228 947 5300 intelligentia
986 5243 1126 5300 opus
1160 5228 1254 5284 sit.
1302 5228 1373 5285 Et
1398 5231 1668 5285 canticum
1692 5245 1711 5284 :
1735 5232 1864 5300 quia
1888 5246 2005 5286 non
2048 5246 2156 5286 una

582 5334 709 5374 cum
768 5320 998 5377 musicis
1037 5321 1419 5395 instrumentis
1443 5364 1457 5389 ,
1509 5322 1611 5377 sed
1656 5322 1900 5377 lmnana
1936 5331 2151 5378 tantum

582 5427 720 5469 voce
747 5414 1072 5471 cauebatur.
1106 5413 1391 5471 Postremo
1438 5414 1588 5487 quod
1638 5414 1869 5483 dicitur,
1932 5417 2042 5471 Pro
2062 5416 2152 5470 di-

2277 4685 2588 4746 Ἀλλοίωσις
2612 4684 2742 4754 γὰρ,
2764 4687 2796 4753 ἡ
2832 4686 3217 4753 μεταποίησις,
3248 4684 3340 4736 καὶ
3374 4684 3529 4754 ήτὴς
3560 4682 3843 4744 πολιτείας

2260 4774 2555 4843 ἐναλλαγή.
2598 4773 2726 4839 Τοῖς
2755 4773 2908 4840 υἱοῖς
2935 4774 2990 4827 δὲ
3015 4773 3187 4841 Κορὲ,
3218 4773 3300 4825 ὅτι
3324 4772 3532 4834 τούτοις
3561 4774 3587 4823 ὁ
3620 4769 3843 4839 ψαλμδς

2263 4868 2369 4921 ὑπὸ
2420 4868 2515 4921 τοῦ
2577 4867 2744 4921 Δαϐὶδ
2801 4864 3146 4938 ἐνεχειρίσθη
3204 4866 3341 4937 πρὸς
3386 4866 3447 4917 τὸ
3489 4863 3576 4917 διὰ
3623 4862 3842 4914 τούτων

2267 4960 2669 5031 μελῳδηθῆναι,
2705 4960 2886 5023 καθὼς
2938 4961 2995 5012 ἐν
3025 4958 3337 5029 προοιμίοις
3363 4961 3463 5028 τῆς
3500 4956 3686 5026 βίῦλου
3724 4953 3840 5007 τῶν

2261 5051 2508 5122 Ψαλμῶν
2541 5051 3029 5125 παραδεδώκαμεν.
3050 5055 3154 5119 Είς
3172 5052 3429 5105 σύνεσιν
3456 5050 3535 5112 δὲ,
3570 5049 3652 5102 ὅτι
3673 5047 3839 5118 χρεία

2262 5144 2530 5205 συνέσεως
2557 5144 2672 5206 τοῖς
2705 5142 3141 5211 ἀναγινώσκουσι
3187 5142 3274 5195 διὰ
3303 5142 3373 5195 τὰ
3401 5138 3837 5208 ἐγκεκρυμμένα

2261 5232 2382 5287 θεῖα
2409 5234 2661 5303 νοήματα
2682 5251 2695 5264 ·
2734 5234 2874 5305 ᾪᾶή
2909 5234 2987 5299 δὲ,
3046 5234 3129 5287 ὅτι
3180 5232 3241 5286 οὐ
3274 5233 3372 5285 σὺν
3405 5231 3681 5302 ὀργάνοις,
3715 5226 3839 5279 ἀλλ’

2262 5324 2374 5378 ἀπὸ
2418 5324 2672 5397 γλώσσης
2700 5325 2890 5397 μόνης,
2932 5325 3274 5397 ἐμελῳδήθη.
3310 5324 3383 5378 Τὸ
3407 5324 3465 5377 δὲ
3508 5320 3689 5388 ’Υπὲρ
3728 5318 3838 5372 τοῦ

2258 5416 2599 5487 ἀγαπητοῦ,
2660 5419 3142 5490 συγκεφαλαίωσις
3188 5419 3290 5490 τῆς
3336 5417 3465 5480 ὅλης
3492 5411 3838 5485 ἐπιγραφῆς.

1930 5597 2133 5663 Variis
2162 5596 2495 5663 lectiones.

656 5699 769 5771 (55)
787 5699 871 5756 ίσ.
897 5694 932 5772 ᾗ
960 5706 1015 5757 et
1040 5696 1451 5771 βλασφημῆται.

2335 5698 2447 5771 (56)
2478 5698 2565 5756 ΔΙ.
2598 5697 2759 5771 ὑπέρ.
