4114 6208
387 234 489 298 483

1556 244 1941 307 COMMENT.
1982 247 2063 308 IN
2102 250 2457 319 PSALMOS.

3534 276 3597 341 ις
3605 280 3640 341 0

387 350 467 402 ὅτι
500 350 628 421 περὶ
679 350 772 406 τοῦ
828 354 1065 426 Χριστοῦ
1115 354 1368 420 διέξεισιν
1421 355 1448 407 6
1496 354 1751 424 ψαλμός·
1805 348 1947 420 οὗτος

2062 361 2233 417 lecto:
2294 368 2463 425 totius
2516 370 2893 447 inscriptionis
2940 382 3267 437 summulam
3298 386 3545 442 continet
3576 402 3631 444 et

388 445 456 508 γά
468 460 519 510 ρ,
549 444 577 494 6
602 444 907 513 ἀγαπητός·
934 448 1011 518 τῷ
1037 449 1209 518 Πατρὶ
1241 447 1362 518 μὲν,
1389 446 1462 510 ὡς
1486 447 1611 509 Υίὺς
1638 450 1954 518 μονογενής·

388 534 522 602 ἡμῖν
581 533 661 597 δὲ,
709 534 783 598 ὡς
836 536 1024 606 πατὴρ
1056 538 1210 608 ἡμῶν
1260 536 1792 608 κηδεμονικώτατος.
1824 539 1959 608 Περὶ

387 623 583 677 τούτου
642 625 750 697 γάρ
778 644 943 697 φησιν
974 628 1001 680 6
1037 630 1231 700 Πατήρ
1257 645 1272 661 ·
1298 625 1515 695 ,Οὗτός
1550 628 1722 682 ἐστιν
1754 632 1789 683 ό
1825 629 1958 693 Υἱός

387 733 505 783 μου
539 720 571 771 ό
597 717 925 786 ἀγαπητός.
957 720 1223 789 -Ὓζπὲρ
1254 719 1361 775 τοῦ
1391 721 1699 791 ἀγαπητοῦ
1724 720 1804 787 δὲ,
1837 720 1959 773 ἀντὶ

386 805 505 873 τοῦ,
536 808 674 877 Περὶ
695 808 791 862 τοῦ
824 811 1134 881 ἀγαπητοῦ,
1181 813 1436 882 καθάπερ
1460 812 1556 865 καὶ
1586 814 1643 865 ἐν
1670 810 1853 876 ἄλλοις
1885 812 1957 865 εί-

391 900 661 970 ρηκαμεν,
692 902 949 972 πρόθεσις
979 905 1101 957 ἀντὶ
1134 904 1467 975 προθέσεως.

474 1163 877 1233 Ἒξηρεύξατο
935 1170 971 1235 ἠ
1036 1169 1249 1237 καρδία
1298 1188 1418 1239 μου
1467 1172 1654 1241 λόγον
1711 1176 1954 1240 ἀγαθόν.

389 1253 578 1317 Συνεὶς
624 1258 651 1308 6
704 1259 992 1329 προφήτης
1038 1262 1123 1313 ὅτι
1168 1262 1380 1330 μεγάλα
1412 1264 1542 1332 περὶ
1593 1264 1688 1316 τοῦ
1714 1265 1953 1334 Χριστοῦ

391 1346 576 1414 μέλλει
610 1350 1046 1420 προαγορεῦσαι,
1092 1354 1510 1425 προοιμιάζεται
1533 1356 1614 1409 ὅτι
1639 1356 1797 1425 λόγον
1820 1359 1957 1426 ἀγα-

384 1436 477 1490 θὸν
509 1440 604 1491 καὶ
648 1443 912 1511 σωτήριον
941 1446 1080 1514 ἐρεῖ.
1116 1447 1313 1499 Σκόπει
1364 1446 1420 1499 δὲ
1452 1447 1552 1517 τὴν
1584 1446 1820 1518 ἔμφασιν
1858 1451 1953 1503 τοῦ

392 1526 817 1597 Ἔξηρεύξατο.
850 1535 1148 1605 Μονονουχὶ
1171 1537 1279 1606 γάρ
1301 1554 1487 1606 φησιν,
1527 1538 1608 1590 ὄτι
1638 1539 1887 1610 καθάπερ
1921 1542 1951 1610 ἡ

382 1618 561 1688 ὲρυγὴ
597 1619 673 1689 μὴ
707 1621 1046 1693 βουλομένων
1094 1627 1252 1696 ἡμῶν
1311 1628 1566 1697 πρόεισι,
1598 1632 1695 1696 τῆς
1742 1630 1951 1692 κοιλίας

377 1708 585 1777 ταύτης
638 1712 1100 1786 άναπεμποὺσης,
1162 1717 1305 1771 οὕτω
1361 1718 1455 1771 κα)⁸
1518 1720 1608 1772 τὸν
1663 1720 1793 1791 περὶ
1858 1721 1950 1774 τοῦ
1987 1701 2027 1755 Β

376 1801 619 1871 Χριστοῦ
681 1803 841 1873 λόγον
895 1807 1216 1880 ἀνέπεμψεν
1250 1811 1349 1880 ἤδη
1384 1810 1628 1865 κάτωθεν
1683 1815 1713 1883 ἡ
1755 1815 1951 1886 καρδία

379 1909 485 1960 μου
512 1934 526 1957 ,
564 1895 873 1965 πλησθείσα
910 1899 1012 1969 τῆς
1042 1902 1251 1971 τροφῆς
1278 1903 1371 1954 τοῦ
1396 1902 1554 1970 ἁγίου
1615 1904 1950 1974 Πνεῦματος.

378 1985 665 2057 Propheta:
701 1993 877 2047 nostri
911 1994 1079 2050 corde
1104 1995 1346 2051 emissus
1401 1999 1508 2061 sit,
1540 2012 1778 2068 superna
1845 2003 2081 2071 quadarn
2135 2005 2185 2058 vi
2247 2007 2321 2060 ita
2391 2011 2724 2081 impellente,

378 2077 621 2146 Spiritus
648 2082 813 2150 epulo
846 2081 1084 2139 refertus
1110 2094 1277 2139 esset.

448 2173 613 2240 Λέγω
641 2172 755 2242 ἐγὼ
778 2174 850 2227 τὰ
879 2174 1022 2243 ἔργα
1051 2192 1171 2243 μου
1225 2175 1305 2240 τῷ
1331 2177 1600 2240 βασιλεῖ.
1634 2180 1949 2250 Προσφωνῶ

379 2261 571 2315 λοιπὸν
602 2263 714 2332 ἐγὼ
752 2265 829 2335 τῷ
872 2265 1097 2319 Βασιλεῖ
1122 2267 1343 2338 Χριστῷ
1367 2266 1437 2321 τὰ
1471 2269 1606 2338 ἔργα
1640 2288 1765 2339 μου,
1796 2289 1948 2326 τουτ-

380 2351 503 2406 έστι
535 2354 631 2417 τὰς
657 2358 786 2426 περὶ
815 2357 983 2410 αὐτοῦ
1012 2358 1351 2428 προφητείας
1375 2375 1499 2427 μου.
1529 2361 1815 2431 Προφήτου
1841 2363 1949 2433 γὰρ

379 2443 562 2513 ἔργον,
597 2447 843 2516 ὑφαίνειν
873 2451 1231 2520 προφητείας.

458 2536 523 2590 Ἡ
553 2538 806 2606 γλῶσσά
833 2560 954 2611 μου
983 2545 1252 2614 κάλαμος
1285 2546 1667 2617 γραμματέως
1699 2544 1947 2614 ὀξυπρὰ-

370 2643 515 2694 φου.
577 2629 690 2681 Καὶ
743 2630 833 2683 διὰ
875 2630 1065 2685 τούτου
1116 2636 1474 2705 παρίστησιν,
1506 2637 1580 2699 ὡς
1608 2637 1708 2690 οὐκ
1737 2635 1949 2689 οἴκοθεν

375 2720 515 2788 ἐρεῖ.
572 2720 840 2791 Καθάπερ
888 2724 1018 2794 γὰρ,
1054 2726 1243 2794 φησὶν,
1299 2728 1328 2779 6
1385 2727 1631 2797 κάλαμος
1682 2727 1950 2797 ὑπηρετεί

377 2811 540 2880 μόνον
591 2815 656 2882 τῇ
705 2815 854 2884 χειρὶ⁹
898 2816 992 2868 τοῦ
1051 2818 1311 2888 γραφέως
1349 2819 1692 2889 κινούμενος,
1725 2818 1853 2872 ἔνθα
1885 2818 1952 2872 ἂν

372 2902 557 2973 ἐκείνη
590 2903 782 2958 τοῦτον
814 2907 1044 2979 κινήσῃ’
1081 2906 1223 2960 οὕτω
1263 2908 1357 2961 καὶ
1393 2909 1426 2978 ἡ
1455 2908 1565 2978 ἐμὴ
1594 2908 1817 2975 γλῶσσα
1848 2908 1951 2960 κά-

370 2994 546 3064 λαμός
573 2997 692 3050 ἐστι
724 2998 1132 3068 γραμματέως,
1155 2999 1275 3068 ἦτοι
1311 3002 1596 3070 γραφέως,
1625 3000 1828 3071 δηλαδὴ
1855 3000 1950 3054 τοῦ

2061 464 2266 523 caput:
2305 460 2431 527 quia
2487 463 2744 519 nimirum
2814 467 2902 522 hic
2936 478 3206 526 tractatur
3258 474 3326 529 de
3381 476 3628 541 Christo,

2060 548 2154 614 qui
2192 556 2247 601 et
2285 549 2387 620 ipsi
2427 552 2573 609 Patri
2604 557 2839 615 dilectus
2870 569 2976 625 est,
3016 572 3276 631 tanquam
3300 564 3469 624 Filius
3500 572 3628 624 uni-

2058 638 2276 707 genitus
2308 656 2323 694 :
2354 653 2408 697 et
2438 645 2599 702 nobis
2653 650 2888 717 pariter,
2921 654 3047 723 quia
3082 656 3325 708 omnium
3380 670 3627 715 nostrum

2061 736 2217 796 pater
2239 739 2324 785 est
2358 734 2809 795 studiosissimus
2838 757 2851 793 :
2884 745 3029 797 unde
3058 743 3225 797 etiam
3250 746 3315 799 de
3338 762 3403 801 eo
3424 749 3629 805 dictum

2060 834 2186 874 esse
2236 820 2751 891 legimusaPatre:
2794 830 2893 884 llic
2931 842 3006 886 est
3070 832 3244 889 Filius
3296 854 3438 891 meus
3497 842 3632 894 dilec

2060 920 2173 965 ctus
2190 912 2255 967 ³⁸.
2298 913 2402 967 Pro
2435 916 2627 971 dilecto
2657 930 2838 976 autem
2868 960 2884 987 ,
2922 923 3027 977 hoc
3060 934 3169 989 est,
3196 929 3259 979 de
3292 928 3505 984 dilecto.
3536 930 3631 986 Eat

2062 1003 2206 1056 enim
2238 1008 2553 1075 praepositio
2586 1026 2685 1078 pro
2718 1014 3124 1083 praepositione,
3168 1025 3229 1071 ut
3258 1019 3386 1073 alibi
3419 1037 3561 1090 saepe
3599 1040 3629 1078 a

2062 1095 2345 1163 prophetis
2376 1102 2625 1168 usurpari
2663 1102 2926 1160 diximus.

2134 1184 2297 1240 Vens.
2336 1190 2390 1242 2.
2456 1189 2734 1248 Eructavit
2778 1213 2873 1251 cor
2930 1216 3099 1253 meum
3153 1204 3365 1257 verbum
3416 1206 3629 1261 bonum.

2060 1272 2306 1329 Cernens
2341 1280 2605 1347 propheta
2628 1325 2642 1348 ,
2681 1285 2827 1353 quod
2863 1303 3053 1359 magna
3083 1294 3329 1361 quaedam
3381 1297 3448 1351 de
3472 1298 3634 1352 Cirri-

2060 1373 2145 1419 sto
2176 1366 2278 1421 sibi
2309 1379 2467 1422 erant
2497 1374 2868 1443 prwdircnda,
2899 1383 3128 1436 exordio
3161 1386 3395 1454 quodam
3435 1389 3629 1452 utitur,

2061 1455 2252 1512 dicens
2278 1474 2585 1518 sermonem
2620 1482 2680 1521 se
2711 1468 2911 1525 bonum
2940 1488 3003 1528 ac
3046 1475 3343 1531 salutarem
3378 1482 3631 1549 prolatu-

2059 1560 2202 1601 rum.
2255 1545 2335 1601 Tn
2388 1566 2518 1606 vero
2545 1554 2707 1609 etiam
2740 1561 3043 1629 emphasim
3100 1568 3387 1623 considera
3453 1573 3630 1635 verbi,

2061 1634 2359 1696 Eruclavit.
2392 1640 2530 1698 Illud
2564 1648 2708 1701 enim
2738 1651 2898 1705 nobis
2924 1653 3168 1710 indicare
3199 1658 3433 1723 videtur,
3479 1666 3626 1731 quod

2059 1730 2517 1797 quemadmodum
2572 1740 2869 1805 eructatio,
2918 1745 3082 1798 etiam
3151 1762 3180 1799 a
3224 1750 3465 1806 nolentis
3500 1730 3629 1808 fore

2059 1820 2193 1883 exit,
2230 1821 2471 1877 humano
2530 1826 2790 1883 nimirum
2822 1842 3011 1888 ventre
3038 1849 3158 1890 eam
3193 1839 3242 1891 vi
3280 1841 3513 1909 quadam
3546 1845 3628 1899 ef-

2061 1909 2249 1976 ﬂante,
2310 1915 2385 1967 ita
2414 1926 2470 1970 et
2503 1919 2594 1973 hic
2654 1923 2901 1988 psalmus
2940 1928 3007 1982 de
3068 1928 3276 1987 Dilecto
3326 1937 3394 1989 ab
3431 1938 3628 1991 intimo

2820 2033 2944 2072 cum
3038 2026 3369 2081 suavissimo
3449 2037 3627 2088 sancti

2131 2181 2260 2235 Dico
2298 2198 2392 2252 ego
2444 2202 2557 2241 mea
2591 2204 2748 2256 opera
2778 2193 2903 2262 regi.
2936 2193 3164 2251 Profero
3188 2210 3391 2267 autem,
3431 2205 3629 2275 inquit,

2055 2271 2276 2328 Christo
2307 2275 2440 2346 Regi
2482 2294 2647 2347 opera
2694 2298 2836 2348 mea,
2865 2286 2967 2340 hoe
2998 2298 3105 2352 est,
3138 2292 3453 2361 prephetias
3491 2271 3629 2365 quas

2055 2367 2124 2419 de
2151 2380 2219 2420 eo
2249 2366 2462 2423 amatus
2500 2368 2711 2439 Spiritu
2743 2378 3058 2442 pronuntio.
3119 2379 3413 2452 Propheta:
3474 2391 3621 2444 enim

2056 2468 2195 2524 opus
2218 2463 2302 2510 est
2339 2459 2658 2527 prophetias
2687 2472 3001 2520 contexere.

2122 2543 2333 2615 Lingua
2381 2564 2497 2602 mea
2529 2551 2773 2609 calamus
2800 2558 2988 2611 scriba:
3033 2562 3278 2618 velociter
3316 2570 3621 2632 scribentis;

2045 2634 2140 2692 His
2165 2639 2329 2692 etiam
2362 2642 2547 2697 verbis
2578 2644 2713 2700 illud
2752 2648 3116 2718 demonstrat,
3151 2662 3433 2726 quomodo
3465 2681 3529 2720 ex
3562 2684 3622 2721 se

2043 2729 2165 2799 ipso
2190 2730 2397 2801 aliquid
2432 2733 2690 2792 dicturus
2728 2753 2832 2793 non
2874 2750 2976 2796 est.
3017 2743 3486 2810 Quemadmodum
3522 2773 3616 2811 ca-

2046 2820 2245 2888 lamus,
2280 2823 2483 2893 inquit,
2520 2828 2814 2885 scribentis
2863 2837 3049 2888 manui
3085 2838 3348 2907 inservit,
3401 2856 3456 2899 et
3524 2850 3614 2907 ille

2048 2916 2263 2964 tantum
2314 2921 2588 2981 movetur,
2620 2932 2731 2986 quo
2777 2934 2973 2975 manus
3030 2924 3183 2979 illum
3218 2928 3518 2998 impulerit,
3548 2940 3619 2992 ita

2051 3014 2106 3058 et
2129 3004 2315 3075 lingua
2347 3022 2466 3061 mea
2500 3025 2718 3064 summo
2746 3014 2823 3069 illi
2857 3017 3073 3083 scribae,
3137 3036 3326 3080 sancto
3356 3029 3616 3085 nimirum

375 3086 532 3154 ἁγίου
572 3087 911 3158 Πνεῦματος,
966 3093 1263 3162 κινουμένη
1302 3092 1483 3155 καθὼς
1512 3093 1581 3145 ἂν
1611 3093 1819 3155 ἐκεῖνος
1858 3110 1943 3145 κιο

2052 3094 2305 3164 Spiritui,
2366 3099 2561 3153 calami
2594 3102 2878 3172 cujusdam
2926 3108 3098 3164 vicem
3156 3126 3396 3183 praestat,
3447 3129 3502 3174 et
3553 3138 3617 3177 eo

375 3179 517 3251 νήσῃ
546 3178 772 3249 ταύτην.
819 3181 1168 3251 ὐξυγράφου
1216 3183 1274 3235 δὲ
1317 3181 1492 3247 εἶπεν,
1540 3184 1628 3236 διὰ
1653 3183 1941 3254 τὴνεὺχὲ-

377 3284 533 3339 ρειαν
575 3271 675 3340 τῆς
726 3272 1084 3339 ἐπαγγελίας.
1123 3273 1437 3344 ’Ἄνθρωποι
1484 3274 1581 3343 μὲν
1631 3275 1761 3344 γὰρ,
1816 3292 1939 3344 σχο·

374 3361 655 3432 λαιότερον
681 3364 1088 3435 ὑπαγορεύουσι
1116 3370 1207 3419 καὶ
1233 3369 1559 3437 γράφουσιν,
1597 3368 1939 3437 άπασχολού-

379 3471 533 3523 μενοι
567 3455 704 3526 πρὸς
733 3456 955 3526 εῦρεσιν
981 3458 1294 3527 νοημάτων,
1311 3459 1403 3511 καὶ⁵
1425 3459 1699 3531 συνθήκην
1717 3461 1935 3527 λέξεων,

374 3544 464 3597 διὰ
493 3545 591 3614 τὴν
621 3546 720 3615 τῆς
755 3547 999 3611 διανοίας
1030 3550 1334 3605 ἀσθένειαν.
1373 3552 1551 3625 Μέχρι
1573 3553 1765 3607 τούτου
1802 3570 1939 3622 συμ-

371 3635 617 3703 περάνας
648 3635 709 3687 τὸ
749 3637 1058 3708 προοίμιον,
1091 3638 1321 3710 ἄρχεται
1348 3641 1438 3693 τοῦ
1474 3642 1653 3711 λόγου,
1677 3644 1814 3714 πρὸς
1846 3644 1938 3698 τὸν

370 3728 607 3797 Χριστὸν
637 3729 738 3800 ἤδη
783 3730 1230 3799 ἀποτεινόμενος,
1284 3734 1547 3801 περὶτῶν
1594 3736 1807 3803 ἀρετῶν
1842 3734 1936 3787 τοῦ

369 3820 576 3891 προσλή
585 3838 817 3892 μματος.

450 4003 679 4071 Ὧραῖος
720 4002 935 4058 κάλλει
972 4006 1132 4073 παρὰ
1163 4004 1302 4070 τοὺς
1354 4006 1522 4072 υἱοὺς
1568 4008 1674 4061 τῶν
1716 4008 1937 4076 ἀνθρώ-

368 4107 517 4149 xw.
552 4096 746 4148 Δείπει
766 4095 837 4167 ,τὸ
867 4095 1162 4165 ὑπάρχεις
1182 4112 1196 4126 ’
1229 4096 1546 4168 ὡραιότητα
1578 4098 1635 4151 δὲ
1680 4099 1931 4168 κάλλους,

367 4187 431 4239 οὑ
464 4186 790 4258 σωματικὴν
818 4187 1003 4255 λέγει,
1035 4187 1172 4241 ἀλλὰ
1200 4187 1461 4259 ψυχικήν.
1493 4192 1792 4262 Διετήρησε
1825 4192 1932 4262 γὰρ

366 4278 538 4349 αὐτὴν
572 4277 792 4343 ἄσυλον,
831 4278 995 4348 μόνος
1038 4280 1189 4351 παρὰ
1226 4280 1434 4343 πάντας
1465 4282 1652 4352 μείνας
1685 4281 1935 4355 ἀνσμάρὲ

2047 3193 2255 3239 tantum
2320 3199 2588 3257 movetur,
2652 3207 2761 3261 quo
2822 3194 3062 3266 Spiritus
3121 3201 3266 3256 illam
3320 3205 3610 3266 direxerit.

2045 3277 2294 3333 Scribam
2365 3292 2544 3335 autem
2614 3284 2879 3342 velociter
2942 3290 3272 3349 scribentem
3340 3299 3513 3364 dixit,
3556 3311 3615 3355 ut

2041 3369 2437 3427 enuntiationis
2461 3372 2779 3432 facilitatem
2809 3381 3144 3439 ostenderet.
3177 3385 3436 3445 Homines
3466 3394 3611 3447 enim

2041 3458 2111 3512 ob
2144 3463 2377 3529 propria:
2417 3466 2618 3520 mentis
2668 3470 3018 3536 tenuitatem,
3070 3474 3157 3530 vix
3190 3480 3397 3553 pariter
3435 3496 3613 3536 enun-

2042 3549 2179 3607 tiare
2234 3566 2466 3622 possunt
2509 3565 2564 3611 et
2603 3560 2869 3629 scribere,
2924 3563 3053 3619 dum
3098 3549 3482 3625 ad'sensuum
3528 3574 3613 3627 in-

2041 3643 2383 3707 ventionem,
2424 3656 2480 3699 et
2525 3646 2828 3703 dictionum
2892 3657 3293 3713 connexionem
3349 3664 3611 3716 attentius

2042 3740 2404 3799 occupantur.
2432 3735 2712 3792 Hactenus
2746 3739 2970 3796 fuerunt
2996 3745 3210 3797 exordii
3244 3750 3432 3802 verba.
3457 3751 3612 3805 Nune

2042 3828 2223 3873 autem
2254 3837 2561 3876 sermonem
2612 3829 2949 3896 aggreditur,
3012 3841 3066 3887 et
3095 3836 3262 3890 verba
3313 3840 3502 3909 dirigit
3541 3846 3609 3897 ad

2040 3910 2320 3965 Christum
2355 3913 2422 3966 de
2450 3918 2717 3983 assumpti
2754 3918 2998 3977 heminis
3024 3924 3322 3983 virtutibus
3346 3929 3608 4000 loquens.

2113 4000 2280 4057 Vens.
2312 4005 2365 4058 5.
2413 4001 2693 4069 Speciosus
2746 4010 2923 4079 forma
2982 4030 3092 4082 prce
3134 4015 3260 4082 ﬁliis
3314 4020 3607 4078 hominum.

2041 4095 2482 4167 Snbintelligitur
2513 4100 2777 4167 verbum,
2828 4117 2906 4156 es.
2958 4105 3205 4174 Speciem
3260 4126 3388 4165 vero
3442 4113 3605 4181 hanc,

2039 4187 2141 4242 hoc
2184 4197 2266 4242 est
2317 4187 2743 4257 formositatem,
2782 4208 2894 4247 non
2940 4197 3209 4266 corporis,
3262 4202 3357 4256 sed
3408 4205 3607 4261 animae

2039 4278 2502 4348 pulchritudinem
2539 4281 2783 4353 intelligo
2810 4299 2822 4335 :
2854 4300 3017 4354 quam
3078 4290 3345 4359 integram
3388 4312 3608 4366 semper

362 4385 548 4438 τητος.
585 4368 815 4432 Ἡσαΐας
843 4369 901 4423 δὲ
936 4370 1131 4439 λέγων,
1160 4371 1245 4424 ὅτι
1288 4372 1401 4427 Καὶ
1453 4373 1693 4442 εἴδομεν
1720 4376 1928 4440 αὐτὸν,

2047 4372 2295 4428 Christus
2331 4376 2592 4439 servavit,
2650 4378 2803 4433 solus
2861 4393 3022 4448 supra
3058 4396 3250 4438 omnes
3279 4400 3605 4453 permanens

366 4460 467 4513 καί
495 4462 606 4514 οὐκ
637 4456 802 4529 εἶχεν
825 4459 1007 4527 εἶδος,
1034 4462 1178 4516 οὐδὲ
1205 4462 1454 4528 κάλλος,
1487 4465 1646 4519 ἀλλὰ
1676 4466 1739 4519 τὸ
1771 4462 1932 4531 εἶδος

2047 4464 2158 4520 sine
2212 4477 2461 4532 peccato.
2512 4467 2680 4524 Isaias
2735 4469 2880 4524 enim
2917 4471 3155 4526 dicens:
3195 4473 3434 4530 Vidimus
3485 4496 3603 4532 eum

363 4552 551 4607 αὐτοῦ
595 4552 828 4621 ἄτιμον,
888 4554 989 4606 καὶ
1030 4554 1337 4618 ἐκλεῖπον,
1367 4556 1529 4624 παρὰ
1573 4557 1714 4624 τοὺς
1761 4557 1932 4622 υἱοὺς

2047 4572 2133 4609 ton
2167 4558 2443 4611 habentem
2492 4561 2736 4628 speciem,
2789 4577 2950 4631 neque
2982 4563 3249 4631 decorem,
3280 4568 3369 4620 sed
3407 4572 3601 4637 species

364 4642 484 4696 τῶν
502 4645 829 4712 ἀνθρώπων
851 4686 867 4711 ,
907 4647 1037 4717 περὶ
1056 4646 1149 4699 τοῦ
1181 4648 1429 4718 σώματος
1449 4649 1619 4717 λέγει,
1651 4649 1762 4704 οἷον
1790 4648 1857 4723 ἦν
1874 4652 1933 4703 ὲν

2047 4647 2144 4715 rjus
2167 4649 2305 4711 vilis,
2326 4660 2374 4702 et
2404 4649 2646 4719 deﬁciens
2678 4668 2835 4720 stiper
2873 4670 3051 4709 omnes
3076 4657 3215 4725 ﬁlios
3242 4659 3508 4714 hominum
3531 4663 3597 4724 δ’,

360 4737 441 4806 τῷ
473 4737 567 4789 τοῦ
594 4737 799 4802 πάθους
826 4737 1004 4809 καιρῷ
1043 4738 1593 4810 προπηλακιζόμενον
1617 4741 1713 4794 καὶ
1739 4758 1931 4810 μαστι-

362 4827 613 4898 ζόμενον,
650 4830 744 4882 καὶ
772 4830 943 4900 μυρία
975 4830 1207 4900 πάσχον.

442 5098 731 5167 Ἐξεχύθη
767 5099 807 5168 ἠ
842 5099 1013 5168 χάρις
1040 5099 1111 5153 ἐν
1142 5100 1378 5167 χείλει-σί
1408 5116 1547 5155 σου.
1590 5102 1761 5171 Φησὶν
1784 5102 1813 5154 6
1839 5103 1929 5155 εὑ-

358 5192 691 5263 αγγελιστὴς
717 5232 733 5257 ,
767 5193 849 5245 ὅτι
878 5192 1190 5262 ἐθαύμαζον
1228 5193 1321 5246 ἐπὶ
1349 5195 1461 5256 τοῖς
1492 5193 1671 5260 λόγοις
1693 5195 1791 5264 τῆς
1825 5194 1926 5263 χά-

354 5299 528 5354 ριτος,
560 5286 673 5345 τοῖς
700 5284 1161 5353 ἐκπορευομένοις
1208 5284 1297 5336 διὰ
1341 5285 1606 5354 στόματος
1639 5286 1878 5355 Χριστοῦ
1905 5301 1920 5316 ο

2029 4740 2097 4795 de
2122 4756 2357 4810 corpore
2384 4744 2507 4812 eius
2537 4744 2820 4813 loquitur;
2850 4747 3030 4814 qualis
3064 4749 3322 4805 nimirum
3378 4751 3601 4810 futurus

2028 4840 2174 4887 esset
2232 4831 2487 4887 Christus
2521 4833 2802 4889 Passionis
2856 4843 3123 4906 tempore,
3188 4841 3335 4910 quod
3378 4845 3596 4911 probris

2030 4926 2241 4978 scilicet
2282 4940 2345 4978 ac
2382 4925 2558 4994 plagis
2593 4927 2917 4983 alliciendus
2956 4938 3009 4983 et
3044 4932 3370 5001 ignominias
3395 4939 3598 4991 multas

2024 5029 2311 5085 passurus.

2096 5106 2303 5176 Diﬂ‘usa
2326 5117 2398 5160 est
2420 5108 2598 5177 gratia
2624 5108 2678 5161 in
2717 5108 2875 5164 labiis
2910 5112 3038 5166 tuis.
3069 5113 3412 5184 Evangelista
3446 5118 3591 5168 enim

2024 5197 2100 5249 ait
2133 5196 2283 5266 quod
2320 5197 2665 5252 mirabantur
2690 5201 2864 5256 turba:
2893 5202 2938 5234 “
2980 5218 3147 5272 super
3177 5205 3357 5257 verbis
3405 5203 3593 5270 gratiae

2024 5303 2146 5358 qua:
2165 5288 2390 5343 exibant
2419 5290 2488 5344 de
2515 5305 2611 5345 ore
2628 5292 2775 5361 ejus.
2796 5292 3095 5349 Possumus
3126 5294 3293 5350 etiam
3324 5308 3419 5359 per
3448 5292 3591 5344 labia

352 5372 603 5428 t'ooﬁvrat
656 5373 713 5427 δὲ
751 5375 901 5444 χείλη
932 5374 1197 5445 Χριστοῦ,
1258 5374 1355 5428 καὶ
1398 5377 1449 5429 oi.
1484 5376 1799 5441 ἀπόστολοι,
1838 5379 1921 5440 εὶς

2047 5378 2148 5447 ~jus
2198 5386 2419 5434 sanctos
2452 5381 2730 5448 apostolos
2791 5384 3140 5452 intelligere:
3176 5382 3229 5434 iu
3271 5395 3411 5448 quos
3453 5380 3590 5433 adeo

349 5461 444 5524 οὓς
470 5462 702 5534 ἐξεχύθη
728 5464 965 5534 δαψιλῶς
988 5467 1021 5535 η
1060 5466 1216 5534 χάρις
1245 5465 1340 5518 τοῦ
1370 5466 1527 5534 ἁγίου
1560 5467 1877 5537 Πνεῦματος
1901 5484 1914 5498 ’

421 5645 466 5677 ⁸⁹
492 5643 682 5699 Matth.
711 5662 793 5713 tu,
820 5647 906 5701 l7.
985 5647 1028 5679 ‘°
1055 5649 1157 5704 lsa.
1184 5650 1378 5717 Lnr,2,
1402 5653 1457 5707 3.
1535 5652 1577 5683 ⁸¹
1607 5649 1742 5705 Luc.
1770 5665 1843 5715 tv,
1881 5650 1973 5706 Ἡ.

674 5742 947 5805 Ριιτιιοι.
995 5742 1114 5805 Gn.
1167 5743 1483 5807 CXXVIII.

2028 5471 2245 5528 abunde
2264 5473 2438 5527 sancti
2472 5471 2711 5543 Spiritus
2736 5478 2907 5545 gratia
2937 5475 3109 5530 etl'usa
3135 5482 3239 5538 est,
3265 5482 3323 5526 ut
3353 5486 3450 5541 per
3468 5486 3593 5528 eam

3072 5744 3140 5809 16
