4072 6202
484 242 596 310 ἶ91
1768 239 2070 299 EUTHYN;

2195 239 2367 300 ZiGA
2377 238 2553 301 BENI
3626 244 3736 311 492

497 360 856 411 adversantes
894 354 1275 424 reprimerent.
1320 356 1372 402 et
1425 346 1639 402 caneris
1674 347 1930 400 omnibus
1974 360 2069 414 pro

2172 346 2247 408 ὡς
2279 348 2655 417 ἐπιστομίζειν
2690 350 2897 413 πάντας
2937 353 3003 421 τῇ
3049 352 3276 423 δυνάμει
3306 352 3399 407 τοῦ
3426 350 3607 422 λόγου,
3642 358 3737 410 καὶ

495 448 779 505 voluntate
814 445 1228 517 persuaderent.

2173 437 2383 490 πείθειν
2412 432 2541 509 ῥᾷον
2565 440 2656 503 οὓς
2688 442 2754 495 ἂν
2785 442 3061 496 ἐθέλωσιν.

572 544 862 609 Propterea
885 537 1151 590 benedixit
1187 546 1235 588 te
1282 533 1421 587 Deus
1449 534 1500 585 in
1531 532 1802 585 sa'culum.
1837 531 2068 600 Propter

2242 531 2346 583 Διὰ
2380 531 2558 586 τοῦτο
2581 535 2883 602 εὐλόγησέ
2908 552 2981 590 σε
3027 540 3060 591 ὀ
3091 538 3236 604 Θεὸς
3256 541 3345 604 είς
3379 541 3486 594 τὸν
3528 540 3738 599 αιῶνιι.

486 640 600 692 itas
656 636 821 704 igitur
856 639 981 685 tuas
1004 629 1260 690 virtutes,
1315 626 1460 679 Deus
1484 624 1783 686 benedixit,
1822 624 1925 679 hoc
1955 633 2066 691 est,

2172 621 2269 675 Διά
2305 623 2508 687 ταύτας
2561 624 2654 678 οὖν
2714 642 2808 679 σου
2854 629 2954 691 τὰς
2985 630 3209 698 ἀρετὰς,
3243 632 3527 701 εὐλόγησε,
3581 650 3739 686 τουτ-

499 726 827 800 gloriﬁcavit
849 735 901 779 te
926 739 939 775 ι
970 721 1031 776 Et
1051 721 1345 792 gloriﬁcavi
1368 717 1511 773 enim
1536 726 1586 771 te
1609 757 1623 781 ,
1651 716 1778 771 alibi
1803 716 1999 786 inquit,
2020 727 2068 771 et

2173 714 2343 775 ἐστιν,
2383 715 2603 782 ὲδόξασέ
2638 735 2697 771 σε
2723 720 2935 783 ὀθεόςο
2976 723 3110 792 φησὶ
3138 726 3269 791 γὰρ,
3306 724 3418 778 Kal
3470 724 3743 790 ἐδόξασα

486 825 688 877 iterum
739 813 1135 888 glori/italia".
1175 811 1307 875 Vel,
1360 808 1634 864 Benedixit
1698 824 1796 878 pro
1842 807 2070 863 Benedi-

2172 803 2273 855 καὶ
2329 804 2517 858 πάλιν
2548 805 2811 871 δοξάσω.
2844 811 2911 862 Ἦ
2951 810 3011 864 τὸ
3066 814 3443 882 Εὑλόγησεν,
3486 816 3604 869 ἀντὶ
3644 818 3741 871 τοῦ

494 912 738 969 νορηίιιιω
765 921 817 963 et
847 904 1206 961 Laudandum
1265 901 1414 963 fecit,
1468 909 1526 955 ut
1554 914 1772 970 semper
1810 901 2068 953 nimirum

2178 894 2481 966 Εὑλογητδν
2539 898 2829 969 ἐποίησεν,
2901 902 2976 965 ὡς
3039 904 3127 957 ἀεὶ
3187 907 3576 976 εὐφημεῖσθαι,
3643 911 3741 963 καὶ

496 1003 742 1059 lauderis
768 1011 932 1069 atque
960 998 1255 1051 honoreris
1282 1008 1310 1047 a
1332 992 1607 1048 ﬁdelibus.
1633 992 1903 1061 Antiquus
1926 992 2069 1046 enim

2174 985 2465 1054 ὑμνεῖσθαι
2516 990 2665 1060 παρὰ
2692 990 2797 1043 τῶν
2826 990 3107 1045 εὐσεϐῶν
3160 997 3187 1047 ὀ
3239 997 3338 1064 μὲν
3368 997 3477 1068 γὰρ
3509 999 3741 1061 παλαιὸς

498 1098 591 1151 ille
641 1094 810 1149 Adam
865 1097 1086 1160 propter
1122 1085 1548 1139 inobedientiam
1602 1083 1930 1137 maledictus
1964 1091 2070 1146 est,

2186 1077 2381 1147 ’Δδὰμ,
2409 1081 2787 1150 κεκατήραται
2818 1082 2905 1135 διὰ
2946 1085 3043 1154 τὴν
3090 1091 3378 1158 παρακοήν
3399 1107 3412 1120 ·
3450 1091 3477 1141 ὁ
3516 1090 3570 1142 δὲ
3599 1091 3740 1154 νέος,

498 1202 677 1243 novus
738 1198 868 1237 vero
918 1186 1144 1250 propter
1179 1175 1548 1231 obedientiam
1612 1173 2068 1229 benedicendus:

2176 1167 2465 1239 εὐλόγηται
2497 1170 2583 1224 διὰ
2620 1174 2719 1242 τὴν
2757 1175 3038 1245 ὑπακοήν·
3076 1178 3353 1245 μετέδωκε
3378 1180 3435 1233 δὲ
3483 1183 3576 1234 καὶ
3608 1184 3743 1251 ἡμῖν

488 1291 664 1346 quam
700 1272 1141 1327 benedictionem
1187 1265 1346 1320 nobis
1386 1265 1549 1318 etiam
1581 1263 1953 1333 participavit.
1983 1264 2070 1316 Ait

2172 1262 2270 1332 τῆς
2325 1264 2610 1331 εὐλογίας·
2664 1268 2799 1339 φησὶ
2852 1268 2961 1339 γὰρ
3012 1272 3041 1322 ὁ
3101 1271 3300 1325 Δαϐίδ·
3333 1274 3742 1343 Εὑλογημένοι

483 1370 646 1425 enim
710 1365 841 1420 alibi
901 1362 1175 1431 PrOpheta
1207 1378 1219 1412 :
1254 1357 1525 1411 Benedicti
1552 1373 1641 1410 ros
1678 1373 1708 1409 a
1751 1355 1974 1409 Domino
2001 1357 2068 1411 ".

2173 1356 2337 1424 ἡμεῖς
2374 1357 2453 1422 τῷ
2483 1361 2697 1428 Κυρίῳ.

568 1459 738 1515 Vens.
773 1457 828 1511 4.
860 1455 1141 1522 Accingere
1158 1450 1337 1520 gladio
1369 1459 1459 1502 tuo
1490 1464 1647 1517 super
1684 1448 1858 1516 femur
1895 1458 2069 1512 tuum,

2244 1448 2567 1517 Περίζωσαι
2624 1453 2740 1521 τὴν
2763 1455 3070 1523 ῥομφαίαν
3103 1473 3222 1513 σου
3268 1459 3366 1514 ἐπὶ
3408 1460 3515 1514 τὸν
3548 1461 3749 1529 μηρόν

494 1552 886 1622 potentissime.
915 1546 1054 1602 Cum
1093 1544 1274 1598 iorma
1320 1542 1631 1611 speciosum
1677 1555 1800 1594 eum
1835 1555 1957 1595 esse
1987 1539 2070 1595 di-

2175 1554 2314 1601 σου,
2362 1541 2606 1597 δυνατέ.
2648 1543 2864 1615 Ὠραῖον
2894 1548 2989 1599 καὶ⁵
3022 1548 3304 1603 κάλλιστον
3325 1550 3487 1603 αὑτὸν
3519 1567 3746 1620 προσει-

498 1646 645 1701 3erit
684 1652 741 1699 et
799 1640 1031 1708 pulchro
1087 1649 1203 1701 ore,
1237 1649 1385 1689 nunc
1429 1642 1717 1690 strenuum
1751 1633 1913 1687 etiam
1952 1647 2070 1689 esse

2177 1632 2293 1685 πὼν
2324 1635 2417 1688 καὶ
2443 1634 2730 1708 εὔστομον,
2777 1638 2905 1709 ἄρτι
2941 1641 3037 1694 καὶ
3082 1640 3419 1710 στρατιώτην
3450 1642 3745 1705 δείκνυσιν,

504 1739 733 1793 militem
773 1707 1136 1790 demonstrat.
1196 1727 1263 1782 Et
1297 1728 1388 1781 illa
1425 1725 1643 1797 quidem
1694 1726 1870 1795 signa,
1935 1727 2070 1780 intc-

2174 1725 2254 1779 ὅτι
2287 1726 2471 1781 ἐκεῖνα
2520 1707 2620 1797 μὲν
2673 1724 2741 1800 ἦν
2766 1707 3126 1801 γνωρίσματα
3153 1707 3272 1801 *τῆς
3301 1707 3744 1803 ἀναμαρτησίας,

490 1831 759 1900 gritetem
790 1823 909 1893 ejus
939 1831 994 1878 et
1024 1821 1334 1877 doctrinam
1360 1819 1770 1889 signiﬁcabant,
1789 1818 1902 1873 haec
1922 1833 2073 1883 vero,

504 1934 742 1993 pugnam
776 1918 897 1988 ejus
924 1924 978 1971 et
1020 1922 1301 1971 certamen
1355 1911 1618 1966 denotant
1652 1911 1915 1966 adversus
1967 1912 2074 1966 dae-

501 2026 748 2069 monem.
780 2009 1025 2064 Advocat
1054 2006 1201 2061 enim
1227 2003 1513 2060 Christum
1546 2002 1813 2079 Propheta
1859 2002 1925 2057 ad
1957 2018 2077 2057 cer-

497 2118 689 2161 tamen
725 2118 850 2157 cum
886 2102 1151 2161 daemone,
1222 2106 1281 2150 ut
1325 2111 1425 2149 nos
1476 2095 1683 2165 jamdiu
1734 2107 1955 2163 peccato
1986 2110 2076 2149 ea-

504 2199 687 2266 ptivos
720 2196 939 2258 liberet,
974 2201 1029 2247 et
1062 2192 1131 2246 de
1160 2189 1372 2245 exuviis
1403 2187 1578 2257 erigat
1637 2197 1900 2256 troporum
1934 2202 1948 2237 :
1990 2194 2074 2239 at-

488 2306 612 2359 que
642 2300 700 2343 ut
732 2286 1040 2344 terribilem
1074 2299 1140 2338 ac
1166 2282 1345 2350 Inagis
1376 2278 1778 2335 formidabilem
1815 2278 2077 2332 dremoni-

505 2383 610 2435 bus
662 2394 788 2433 eum
819 2375 1144 2437 constituat,
1202 2373 1400 2441 primo,
1438 2370 1741 2423 humanum
1774 2369 1829 2423 in
1865 2383 2070 2423 morem

2176 2371 2359 2441 τόμως
2386 2374 2418 2442 ἠ
2450 2372 2631 2427 ἔννοια
2653 2373 2746 2427 τοῦ
2781 2374 2964 2443 λόγου,
2984 2376 3065 2428 ὅτι
3104 2375 3427 2447 Ὀπλίσθητι
3463 2375 3557 2429 καὶ
3583 2376 3753 2428 πολέ-

500 2468 672 2523 armis
708 2482 835 2520 eum
881 2464 1075 2517 munit.
1134 2462 1333 2515 Milites
1390 2459 1593 2528 quippe
1635 2472 1821 2513 ensem
1873 2457 2069 2511 femori

2185 2479 2358 2532 μησον
2390 2462 2467 2533 τῷ
2491 2465 2765 2536 τυράννῳ.
2809 2466 2990 2519 Ὅπλα
3013 2466 3070 2519 δὲ
3101 2465 3364 2537 Χριστοῦ,
3394 2469 3427 2536 ἡ
3451 2465 3752 2534 κολαστικὴ

502 2555 822 2624 accingunt.
856 2552 1107 2617 Armare,
1135 2549 1337 2619 inquit,
1370 2556 1425 2603 et
1444 2544 1786 2618 congredere
1810 2548 1863 2601 in
1889 2564 2067 2619 pugna

2172 2551 2423 2619 δύναμις,
2518 2556 2640 2607 κατ’
2672 2555 2886 2626 ἐχθρῶν
2922 2557 3191 2629 ἐκέχρητο
3212 2573 3226 2589 ·
3252 2558 3480 2611 δυνατὸν
3500 2556 3555 2610 δὲ
3582 2557 3751 2611 αὑτὸν

502 2647 768 2701 adversus
795 2653 1112 2714 tyrannum.
1158 2640 1262 2693 Per
1308 2650 1460 2691 arma
1505 2642 1708 2700 autem,
1743 2635 1945 2691 Christi
1988 2638 2068 2693 fa-

2182 2642 2435 2711 ὲκάλεσε,
2476 2647 2619 2701 κατὰ
2649 2647 2747 2719 τὴν
2781 2650 3071 2721 ἡνωμένην
3097 2652 3363 2722 Θεότητα.

504 2741 760 2795 cultatem
783 2731 1044 2804 puniendi
1074 2729 1577 2799 intelligimus,qua
1600 2738 1789 2782 contra
1815 2727 2069 2787 inimicos
2109 2748 2240 2791 suos
2267 2737 2342 2791 uti
2376 2738 2536 2793 solet.
2570 2740 2856 2797 Potentem
2880 2758 3009 2798 vero
3032 2760 3154 2798 eum
3189 2744 3424 2815 appellat
3487 2742 3558 2798 ob
3628 2740 3751 2796 uui-

502 2840 613 2884 tam
644 2844 708 2882 ac
736 2824 1089 2893 conjunctam
1119 2821 1487 2875 Divinitatem.

570 2918 736 2973 Vens.
772 2916 825 2972 5.
858 2914 1036 2983 Specie
1086 2922 1181 2964 tua
1210 2921 1257 2963 et
1293 2908 1685 2978 pulchritudine
1722 2920 1835 2965 tua.
1860 2911 2065 2966 Accin-

2254 2913 2331 2983 Τῇ
2362 2915 2683 2985 ὡραιότητί
2734 2936 2872 2987 σου,
2923 2923 3021 2976 καὶ
3053 2923 3133 2988 τῷ
3172 2923 3383 2977 κάλλει
3417 2940 3552 2980 σου.
3585 2924 3750 2993 Περί-

501 3025 650 3080 gere,
712 3004 916 3075 inquit,
975 3000 1158 3072 gladio
1204 3008 1297 3054 tuo
1346 2999 1513 3055 simul
1573 3013 1698 3053 cum
1760 3003 1959 3056 decore
2019 3010 2070 3058 et

2180 3002 2357 3067 ζωσαι
2381 3007 2482 3077 τὴν
2516 3011 2793 3079 ῥομφαίαν
2827 3030 2945 3077 σου,
2978 3016 3135 3085 φησι,
3172 3016 3313 3085 μετὰ
3350 3016 3450 3086 τῆς
3477 3016 3749 3087 ὡραιότη-

502 3096 915 3169 pulchritudine
969 3102 1084 3155 tua,
1137 3098 1196 3143 ut
1234 3089 1420 3158 gladio
1451 3089 1707 3144 inimicos
1749 3097 1978 3151 terreas,
2022 3101 2070 3148 et

2179 3095 2268 3158 τός
2301 3113 2420 3161 σου,
2451 3102 2664 3155 καὶτοῦ
2700 3103 2934 3168 κάλλους
2960 3122 3076 3169 σου,
3116 3108 3202 3161 ἵνα
3232 3111 3297 3179 τῇ
3337 3109 3435 3178 μὲν
3474 3109 3742 3179 ῥομφαίᾳ,

501 3190 766 3241 virtutum
804 3179 1215 3253 pulchritudine
1250 3180 1458 3233 amicos
1501 3179 1713 3235 trahas.
1770 3179 1993 3237 Necabs
2017 3196 2070 3238 re

2178 3185 2305 3250 τοὺς
2327 3188 2560 3260 ἐχθροὺς
2589 3193 2729 3263 φοϐῇ
2750 3209 2765 3225 ’
2801 3198 2866 3265 τῇ
2901 3195 3201 3267 ὡραιότητι
3230 3198 3284 3250 δὲ
3307 3199 3404 3268 τῆς
3429 3198 3626 3269 ψυχῆς,
3651 3200 3747 3251 καὶ

499 3288 608 3341 est,
639 3277 880 3346 speciem
944 3282 998 3329 et
1026 3271 1499 3341 pulchritudinem
1548 3273 1691 3327 idem
1737 3274 2070 3343 signiﬁcare.

2176 3278 2255 3347 τῷ
2283 3280 2467 3335 κάλλει
2519 3283 2630 3337 τῶν
2659 3286 2889 3355 ἀρετῶν,
2938 3289 3067 3351 τοὺς
3098 3290 3287 3358 φίλους
3315 3290 3569 3363 ἑλκύσῃς.
3628 3292 3748 3345 Οὐκ

496 3368 644 3440 [νει
695 3383 790 3435 per
825 3366 1089 3438 gladium,
1147 3364 1237 3419 Dei
1281 3363 1539 3427 Verbum,
1590 3376 1666 3428 et,
1725 3381 1823 3435 per
1870 3367 2070 3433 femur,

2175 3369 2401 3436 ἀπεικὸς
2452 3375 2509 3426 δὲ
2560 3374 2876 3448 ὡραιότητα
2935 3381 3031 3433 καὶ
3089 3380 3288 3446 κάλλος
3349 3381 3410 3436 τὸ
3463 3382 3596 3436 αὐτὸ
3646 3399 3743 3454 σηο

503 3460 940 3513 lnearnationem
1014 3453 1260 3522 intellige
1307 3470 1322 3507 :
1381 3469 1501 3522 quae
1554 3455 1860 3511 incarnatio
1911 3458 2072 3526 juxta
2180 3462 2415 3530 μαίνειν.

500 3554 666 3606 alium
698 3566 921 3606 sensum
954 3548 1219 3603 dictionis
1271 3546 1492 3613 Graecae,
1541 3547 1683 3603 facta
1713 3558 1798 3605 est
1832 3551 1887 3605 in
1923 3555 2350 3621 tempestivitate
2380 3599 2393 3622 ,
2432 3559 2535 3615 hoc
2559 3571 2665 3629 est,
2738 3567 2792 3620 in
2856 3575 3104 3640 tempore
3170 3580 3501 3641 opportuno.
3572 3571 3748 3629 Dii-tio

488 3649 645 3702 enim
670 3646 939 3717 ὡραιότης
967 3653 1021 3698 et
1054 3645 1294 3713 speciem,
1325 3643 1430 3697 hoc
1459 3652 1565 3707 est,
1598 3644 2067 3713 pulchritudinem
2110 3649 2408 3720 signiﬁcat,
2443 3664 2498 3709 et
2527 3660 3058 3737 tcinpestivitatem.]

569 3739 640 3793 Et
670 3738 900 3792 intende.
937 3737 1051 3791 Hoc
1080 3743 1164 3791 est
1193 3734 1401 3805 adauge
1458 3746 1661 3791 motum
1704 3745 1867 3805 atque
1900 3735 2067 3805 impe-

2247 3744 2352 3796 Kai
2387 3745 2678 3802 ἕντεινον.
2717 3751 2827 3803 Καὶ
2860 3734 3130 3807 ἐπίτεινον
3149 3756 3247 3826 τὴν
3275 3757 3452 3827 ὁρμήν
3485 3774 3601 3813 σου.

494 3839 613 3883 tum
643 3838 815 3883 tuum.

568 3917 638 3970 Et
678 3932 922 3984 prospere
949 3916 1185 3984 procede.
1230 3914 1341 3971 lloc
1362 3922 1465 3981 est,
1498 3915 1697 3968 virtute
1728 3916 1843 3983 ipsa
1869 3915 2069 3983 perﬁce

496 4010 863 4079 quodcunque
885 4008 1073 4076 cupis.’

571 4101 641 4153 Et
678 4116 861 4169 regna.
899 4098 1191 4155 Dominare
1239 4099 1518 4163 omnibus,
1575 4097 1770 4165 inquit,
1832 4097 1922 4165 qui
1971 4100 2066 4154 tibi

2246 4101 2358 4155 Kal
2409 4104 2729 4166 βασίλευε.
2782 4107 2892 4161 Καὶ
2927 4111 3146 4175 κυρίευε
3206 4110 3314 4163 τῶν
3361 4110 3748 4181 ἐπερχομένων

499 4194 843 4248 restiterunt.
878 4190 940 4244 Et
988 4190 1116 4245 licet
1168 4189 1332 4243 verba
1394 4191 1531 4251 hate,
1594 4188 1897 4259 imperativi
1958 4191 2070 4243 sint

2176 4208 2278 4247 σοι.
2308 4194 2370 4246 El
2404 4194 2462 4247 δὲ
2493 4197 2585 4249 καὶ
2616 4200 2994 4267 προστακτικὰ
3020 4199 3193 4253 ταῦτα
3222 4200 3385 4264 δοκεῖ,
3425 4202 3538 4253 ἀλλ’
3569 4200 3748 4264 οὕτως

488 4281 669 4344 modi,
706 4284 814 4336 vim
864 4291 1043 4335 tamen
1088 4279 1317 4347 optativi
1362 4279 1562 4333 habent
1609 4279 2065 4349 quemadmodum

2175 4285 2209 4355 ἡ
2238 4286 2277 4337 Γ
2284 4286 2429 4357 ραφὴ
2459 4287 2528 4340 τὰ
2555 4291 2783 4344 εὐκτικὰ
2815 4292 3161 4362 σχηματίζει.
3198 4293 3555 4362 Ἁγιασθήτω
3609 4296 3745 4365 γὰρ,

494 4374 698 4443 δωρὶιιε
752 4375 891 4442 apud
940 4372 1280 4439 Scripturam
1340 4372 1602 4440 repetitur
1636 4409 1651 4425 .
1704 4370 2065 4441 Santi/icetur,

2172 4376 2324 4444 φησι,
2385 4378 2449 4429 τὸ
2480 4376 2667 4446 ὄνομά
2706 4396 2845 4446 σου,
2899 4381 3118 4436 ἐλθέτω
3186 4384 3225 4450 ἡ
3268 4384 3557 4446 βασιλεία
3602 4401 3742 4449 σου,

493 4467 694 4536 inquit,
728 4481 914 4518 nomen
957 4474 1104 4516 tuum
1134 4503 1151 4528 ,
1193 4463 1437 4517 adveniat
1478 4480 1693 4532 regnum
1735 4474 1883 4517 tuum
1909 4503 1923 4529 ,
1978 4466 2070 4531 ﬁat

2176 4467 2480 4535 γενηθήτω
2514 4470 2582 4522 τὸ
2613 4469 2843 4541 θέλημά
2872 4488 3013 4540 σου,
3045 4475 3141 4527 καὶ
3170 4474 3239 4527 τὰ
3277 4476 3423 4545 ἑξῆς.

494 4558 738 4611 voluntas
781 4565 874 4608 tua
899 4554 966 4619 “,
1009 4553 1154 4626 [quae
1175 4557 1337 4609 verba
1371 4570 1479 4611 non
1509 4557 1737 4625 Optativi
1763 4598 1778 4621 ,
1827 4556 1925 4611 sed
1961 4557 2267 4626 imperativi
2301 4569 2431 4615 sunt
2463 4562 2632 4629 modi,
2699 4575 2762 4619 ut
2824 4580 2891 4621 ex
2978 4568 3215 4622 lectione
3256 4568 3445 4621 Graeca
3509 4566 3745 4621 manife-

490 4651 729 4704 stissime
776 4656 971 4717 patet:
1026 4657 1081 4700 et
1127 4655 1307 4700 tamen
1350 4648 1591 4716 optantis
1637 4647 1877 4700 animum
1928 4647 2219 4719 referunt.)
2396 4656 2399 4657 '

563 4742 789 4808 Propter
828 4740 1098 4793 veritatem
1128 4747 1177 4791 et
1225 4737 1679 4795 mansuetudinem
1709 4747 1757 4790 et
1777 4738 2069 4806 justitiam.

474 4831 689 4887 Omnia
757 4831 892 4893 haec,
959 4829 1156 4898 inquit,
1191 4844 1441 4898 operare,
1474 4837 1528 4883 et
1560 4830 1734 4893 vince,
1778 4835 1835 4882 ut
1882 4846 2069 4899 verax,

490 4922 661 4983 mitis,
686 4930 741 4975 et
773 4920 981 4988 justus.
1022 4919 1289 4972 Omnibus
1321 4918 1463 4971 enim
1501 4918 1586 4973 his
1632 4918 1868 4987 pollebat
1914 4921 2074 4977 Chri-

484 5021 606 5064 stus
655 5010 972 5066 virtutibus.
1039 5006 1149 5076 Ego
1178 5010 1323 5061 enim
1379 5025 1494 5062 sum
1538 5012 1617 5064 via
1653 5020 1701 5062 et
1763 5015 1953 5068 veritas
1976 5014 2062 5082 “;

488 5106 643 5169 item,
688 5101 883 5155 Iliscile
922 5117 953 5153 a
998 5116 1078 5153 me
1114 5100 1241 5168 quia
1274 5101 1491 5154 humilis
1521 5102 1729 5166 sum“,
1784 5115 1835 5158 et
1878 5105 2003 5159 alibi
2049 5124 2063 5158 :

2179 1822 2271 1874 καὶ
2300 1826 2399 1894 τῆς
2429 1824 2779 1890 διδασκαλίας
2802 1844 2816 1858 ⁸
2852 1827 3026 1881 ταῦτα
3066 1827 3121 1880 δὲ
3145 1867 3160 1892 ,
3199 1829 3298 1898 τῆς
3330 1828 3469 1881 κατὰ
3498 1827 3592 1880 τοῦ
3628 1827 3749 1879 διασ-

2178 1911 2337 1966 ϐόλου
2390 1914 2591 1985 μάχης.
2627 1918 2798 1971 Καλεί
2844 1918 2955 1989 γὰρ
3003 1919 3169 1972 αὐτὸν
3196 1921 3276 1981 είς
3308 1919 3398 1971 τὸν
3431 1921 3552 1971 κατ’
3576 1918 3748 1973 αὐτοῦ

2178 2006 2436 2075 πόλεμον,
2491 2008 2577 2060 ἵνα
2620 2010 2881 2077 τρόπαιον
2929 2013 3170 2081 στήσας,
3221 2009 3565 2082 ἐλευθερώσῃ
3622 2011 3751 2073 τοὺς

2179 2097 2723 2167 αἰχμαλωτισθέντας
2762 2102 2931 2172 ἡμᾶς.
2972 2100 3211 2167 Ὀπλίζει
3240 2102 3296 2155 δὲ
3320 2100 3509 2154 τοῦτον
3537 2101 3753 2172 ἀνθρω-

2178 2190 2372 2254 πίνως,
2406 2190 2495 2243 ἵνα
2528 2190 2680 2263 δείξῃ
2705 2192 2971 2262 φοϐερόν·
3024 2195 3073 2246 οἱ
3125 2194 3465 2265 στρατιῶται
3502 2196 3613 2265 γὰρ
3650 2193 3749 2263 τὴν

2181 2279 2399 2349 σπάθην
2423 2280 2516 2334 ἐπὶ
2541 2282 2633 2334 τὸν
2661 2282 2839 2353 μηρὸν
2872 2282 3326 2353 περιζώννυνται.
3361 2285 3515 2338 Ἔστι
3542 2285 3599 2337 δὲ
3626 2302 3753 2336 συνο

2246 3920 2355 3973 Καὶ
2388 3923 2739 3979 κατευοδοῦ.
2766 3927 2875 3979 Καὶ
2906 3928 3173 3998 κατόρθου
3204 3933 3312 3985 πᾶν
3343 3931 3371 3983 ὃ
3406 3932 3599 3996 Θέλεις.

2246 4744 2499 4799 ’Ἕνεκεν
2535 4747 2825 4814 ἀληθείας
2849 4766 2946 4804 και
2986 4752 3320 4820 πραότητος
3371 4754 3470 4808 καὶ
3518 4754 3747 4809 δικαιο-

2168 4837 2387 4902 σύνης.
2414 4839 2598 4891 Πάντα
2620 4841 2793 4894 ταῦτα
2822 4844 3186 4913 κατεργάζου,
3215 4846 3311 4898 καὶ
3332 4845 3477 4912 νίκα,
3508 4847 3583 4908 ὡς
3617 4847 3751 4916 ἀλη-

2170 4924 2268 4995 θὴς
2288 4928 2383 4979 καὶ
2414 4929 2614 4998 πρᾶος,
2650 4932 2744 4984 καὶ
2766 4934 2841 4995 ὡς
2898 4934 3128 4997 δίκαιος.
3178 4937 3317 5005 Φησὶ
3376 4939 3483 5007 γὰρ
3522 4938 3689 5001 αὐτὸς
3719 4940 3751 4992 ὀ

2167 5015 2371 5085 Κύριος
2398 5033 2413 5048 ⁸
2496 5020 2642 5089 Ἐγώ
2668 5024 2781 5089 εἰμι
2805 5024 2843 5090 ἡ
2883 5025 3022 5091 ὁδὸς
3074 5028 3172 5080 καὶ
3214 5028 3523 5097 ήὰλήθεια
3552 5047 3565 5061 ’
3604 5032 3703 5083 καί
3730 5046 3750 5065 ο

2163 5107 2393 5162 Μάθετε
2419 5110 2519 5165 ἀπ’
2549 5112 2717 5181 ἐμοῦ,
2786 5115 2877 5169 ὅτι
2946 5116 3135 5184 πρᾶος
3197 5120 3351 5188 ειμι·
3407 5119 3537 5173 καί·
3580 5122 3750 5176 οὕτω

485 5192 571 5247 Sic
626 5193 770 5247 decet
829 5190 1118 5255 adimplere
1182 5206 1277 5245 nos
1326 5207 1531 5246 omnem
1589 5192 1943 5255 iustitium".
2002 5194 2066 5248 Et

483 5285 643 5344 aliter
672 5302 686 5338 :
718 5282 843 5338 Haec
879 5298 1001 5353 quae
1022 5282 1167 5338 dicta
1199 5291 1325 5337 sunt
1354 5282 1540 5348 facito,
1574 5291 1632 5336 ut
1668 5286 1717 5336 iu
1751 5293 1918 5348 terra,
1945 5285 2065 5338 loco

485 5377 780 5440 mendacii,
834 5376 1068 5431 feritatis
1112 5383 1167 5429 et
1212 5374 1515 5443 injustitisc,
1549 5374 1863 5440 veritatem,
1916 5390 2066 5429 man-

484 5469 833 5525 suetudinem
868 5477 920 5524 et
960 5468 1229 5536 justitiam
1260 5470 1515 5524 scmines.

553 5583 599 5614 "
632 5583 789 5638 Joan.
857 5601 955 5640 xu.
1003 5586 1095 5641 28.

476 5651 530 5684 ⁴⁷
568 5652 760 5707 Matth.
787 5671 865 5718 ur,
900 5656 982 5711 13.

2165 5199 2272 5270 γὰρ
2301 5203 2533 5269 πρέπον
2564 5205 2706 5273 ἡμῖν
2736 5208 2867 5261 ἐστι
2895 5209 3211 5276 πληρῶσαι
3261 5209 3470 5265 πᾶσαν
3516 5212 3748 5268 δίκαιον

2173 5292 2395 5359 σύνην.
2427 5294 2520 5356 Ἢ,
2552 5298 2630 5349 Τὰ
2667 5299 2901 5368 ρηθέντα
2935 5301 3185 5369 ποίησον,
3225 5302 3310 5355 ἵνα
3368 5305 3750 5377 κατασπείρῃς

2166 5383 2257 5435 ἐπὶ
2292 5384 2393 5453 γῆς
2423 5386 2686 5456 ἀλήθειαν
2733 5390 2829 5442 καὶ
2878 5393 3168 5460 πραότητα
3228 5394 3322 5446 καὶ
3369 5394 3747 5465 δικαιοσύνην,

2165 5473 2285 5526 ἀντὶ
2311 5474 2562 5545 ψεύδους,
2596 5480 2691 5531 καὶ
2711 5480 3056 5553 ἀγριότητος,
3095 5485 3189 5536 καὶ
3219 5483 3451 5544 ἀδικίας.

1189 5586 1403 5641 ⁸³ΡείιΙ.
1457 5601 1611 5650 cxm,
1679 5586 1764 5639 i5.
1852 5586 2070 5641 “Mattt

2172 5604 2241 5652 v1,
2296 5592 2352 5654 9,
2408 5591 2493 5645 l0.
2581 5594 2628 5625 ⁸⁵
2665 5593 2826 5650 Joan.
2885 5612 2997 5661 xw,
3051 5597 3105 5651 6.
3192 5596 3457 5653 “Matth.
3518 5614 3593 5664 ιι,
3650 5597 3745 5655 9-9.
