4114 6208
315 266 421 345 t9?!

1470 254 1862 338 οόιιιιιιΝἰ.
1898 266 1978 329 lN
2015 260 2381 327 PSALMOS.

3483 261 3591 329 (9i

316 420 323 427 -
383 395 495 450 Kal
542 376 833 464 ὁδηγήσει
860 376 955 448 ’σε
1017 366 1377 465 mutavch
1438 385 1477 461 ἦ
1553 387 1725 454 δεξιά
1763 403 1903 442 σου.

2104 380 2178 435 Et
2216 381 2437 435 deducet
2488 391 2536 436 te
2574 380 2892 435 mirabiliter
2931 379 3145 437 dextera
3181 391 3292 437 tua.
3339 382 3593 447 Dextera,

331 487 541 559 ’Λγάγῃ
577 505 637 542 σε
660 489 753 540 ἰπὶ
771 487 840 541 τὰ
863 485 1092 540 τοιαῦτα
1125 483 1532 557 κατορθώματα
1566 484 1600 555 ἡ
1657 480 1905 551 δεξιότης

319 596 441 643 σου,
468 580 780 644 τουτέστιν,
833 579 866 650 ἡ
912 578 1095 650 ἀγαδή
1157 594 1251 632 σου
1312 576 1478 646 φύσις
1506 591 1522 610 ο
1584 574 1749 639 αὐτὸς
1796 574 1908 643 γὰρ

314 670 467 742 αὐτῷ
500 670 782 741 ἀρκέσεις,
808 666 1036 742 μηδενὸς
1061 668 1251 742 ἑτέρου
1277 670 1553 741 δεόμενος.
1582 665 1907 738 Θαυμαστὸν

316 762 373 818 δὲ
403 762 465 817 es
503 762 596 833 ὑφ’
623 761 819 817 ἑαυτοῦ
840 760 1157 816 ἀδικεῖσθαι
1186 778 1332 817 τινα.

395 1030 474 1087 Τὰ
498 1024 659 1100 ,ϐέλη
687 1046 807 1087 σου
854 1032 1224 1102 ἠκονημένα,
1272 1030 1517 1098 durate,
1566 1030 1709 1088 λαοί
1762 1032 1910 1086 ὐπο-

322 1123 484 1178 κάτω
511 1140 630 1179 σου
664 1124 997 1203 πεσοῦνται
1020 1123 1095 1179 ἐν
1116 1124 1330 1196 καρδίᾳ
1357 1122 1477 1180 τῶν
1525 1122 1757 1194 ἐχθρῶν
1803 1116 1910 1178 τοῦ

318 1210 649 1279 βασιλέως.
710 1213 919 1277 Πάντες
971 1214 1024 1267 ei
1081 1212 1371 1286 ἐξηγηταὶ,
1425 1211 1548 1269 καθ’
1601 1212 1911 1285 ὑπερϐατὸν

325 1302 686 1357 συντάσσουσι
714 1304 777 1356 τὸ
798 1305 985 1375 parte,
1015 1301 1130 1359 οἷον
1168 1319 1183 1335 ·
1257 1304 1337 1359 Τὰ
1355 1301 1519 1372 βέλη
1545 1320 1665 1360 σου
1689 1304 1912 1373 ἠκονη-

311 1393 491 1463 μένα,
517 1394 761 1456 durare.
816 1399 888 1451 ἐν
916 1398 1126 1467 καρδίᾳ
1165 1395 1287 1452 τῶν
1323 1396 1557 1467 ἐχθρῶν
1586 1395 1692 1451 τοῦ
1720 1395 1913 1462 βασι-

314 1483 493 1551 λέως.
528 1515 603 1527 -
644 1490 790 1543 Δοοι
841 1490 1121 1545 ὑποκάτω
1156 1505 1276 1545 σου
1346 1488 1702 1556 πεσοῦνται,
1766 1486 1911 1544 κατά

316 1576 670 1646 παρὲνοεσιν.
705 1579 845 1651 Βέλη
885 1580 942 1634 δὲ
971 1581 1069 1635 τοῦ
1093 1581 1354 1653 Χριστοῦ,
1410 1580 1463 1635 οἱ
1514 1579 1612 1634 τοῦ
1656 1578 1910 1649 Εὐαγγεά

313 1668 432 1722 lion
456 1667 737 1739 λόγοι,διά
760 1688 822 1725 τε
849 1675 911 1725 τδ
937 1675 1152 1745 ταχέως
1202 1674 1527 1745 διαδραμεῖν
1586 1672 1689 1746 τὴν
1727 1674 1911 1728 οἰκου-

316 1762 510 1833 μένην,
540 1764 637 1819 καὶ
672 1762 764 1819 sta
790 1765 854 1819 τὸ
911 1767 1191 1837 εὐστόχως
1234 1765 1452 1838 βάλλειν
1493 1767 1596 1831 τὰς
1646 1764 1911 1835 εὐαισθή-

312 1871 441 1918 τους
476 1855 657 1927 ψυχάς
678 1871 695 1888 ⁸
722 1858 1051 1930 ἠκονημένα
1084 1856 1163 1924 δὲ,
1195 1861 1286 1915 διὰ
1344 1860 1408 1915 τὸ
1441 1860 1700 1933 λαμπρὸν
1727 1860 1825 1914 καὶ
1848 1858 1911 1911 τὸ

312 1945 603 2018 τμητικόν.
622 1948 916 2021 Λάμπουσι
947 1950 1060 2023 γὰρ
1085 1952 1151 2021 τῇ
1182 1948 1438 2024 ἀληθείᾳ,
1499 1951 1597 2005 ιιαῒ³
1651 1950 1913 2021 τέμνουσι

312 2037 414 2111 τὴν
433 2039 736 2111 ἁμαρτίαν.
777 2043 1022 2097 Δυνατδν
1042 2042 1101 2097 δί
1124 2041 1274 2111 λέγει
1302 2041 1398 2096 τὸν
1421 2038 1684 2114 Χριστὸν,
1723 2041 1784 2096 οὗ
1817 2041 1915 2112 μό-

314 2145 408 2182 νον
432 2129 526 2184 διά
563 2130 665 2201 τὴν
699 2132 1124 2204 παντοδῦναμον
1156 2131 1325 2187 αὐτοῦ
1352 2131 1609 2205 ϐιότητα,
1657 2128 1796 2185 ἀλλὰ
1820 2127 1917 2183 καὶ

317 2221 411 2276 διὰ
445 2222 509 2275 τὺ
539 2223 769 2294 νικῆσαι
798 2223 891 2277 τὸν
929 2223 1200 2292 διάϐολον,
1244 2227 1311 2299 τῇ
1342 2224 1537 2298 ἀνδρίᾳ
1559 2223 1668 2279 τῶν
1690 2222 1791 2294 τῆς
1822 2223 1917 2278 ἀν-

322 2312 679 2386 ορωπδτητος
702 2316 937 2388 ἀρετῶν.
973 2316 1162 2372 Ταῦτα
1190 2312 1248 2373 δὲ
1273 2316 1342 2372 τὰ
1383 2316 1538 2389 βέλη,
1569 2318 1630 2371 ὲν
1657 2318 1727 2389 τῇ
1777 2330 1914 2386 καρ-

322 2404 413 2477 δίᾳ
442 2407 731 2478 πεπήγασι
756 2409 867 2464 τῶν
897 2410 1030 2480 πρὶν
1064 2408 1280 2481 ἐχθρῶν
1311 2409 1409 2464 τοῦ
1448 2407 1717 2480 βασιλέως
1749 2398 1912 2473 Θεοῦ,

317 2497 397 2560 ὡς
428 2498 695 2555 δύνασθαι
714 2501 817 2573 τὴν
850 2499 1065 2573 πληθὺν
1108 2500 1293 2556 αὐτῶν
1327 2501 1533 2571 λέγειν,
1562 2496 1911 2569 Τετρυμένη

320 2590 527 2661 ἀγάπῃ
554 2592 673 2662 εἰμί
693 2592 832 2663 ἐγώ.
863 2592 1192 2666 Τρώσαντες
1221 2592 1337 2666 (57)
1365 2592 1500 2666 γὰρ,
1541 2590 1642 2646 οὐκ
1675 2590 1909 2659 ἀνεῖλον,

320 2682 457 2738 ἀλλὰ
486 2684 693 2756 μᾶλλον
725 2686 957 2756 νεκροὺς
974 2685 1138 2752 ὄντας
1159 2689 1238 2752 είς
1271 2686 1478 2760 ἀρετὴν
1508 2685 1793 2759 ὲζώωσαν,
1815 2686 1914 2739 καὶ

319 2777 582 2845 ετλκυσαν
616 2778 754 2847 πρὸς
785 2760 882 2834 τδν
913 2779 1060 2833 θεῖον
1108 2779 1311 2852 ἔρωτα.
1363 2778 1509 2835 Δαοί
1541 2777 1597 2832 δὲ
1631 2776 1916 2834 ὑποκάτω

320 2884 443 2924 σου
481 2869 838 2935 πεσοῦνται,
902 2872 1212 2935 τουτέστιν,
1261 2869 1665 2925 ὑποπεσὼν-ταί
1710 2882 1795 2923 σοι
1848 2869 1921 2925 δι’

2010 473 2212 544 inquit,
2247 483 2363 538 tua,
2391 472 2497 529 hoc
2530 480 2637 539 est,
2675 473 2820 529 bona
2844 488 2908 529 ac
2948 482 3099 530 recta
3138 486 3229 530 tua
3275 485 3467 531 natura
3500 475 3597 533 de-

2011 567 2175 622 ducet
2198 573 2252 622 te
2272 567 2337 621 ad
2376 567 2637 636 praeclara
2671 585 2685 622 :
2719 567 2839 623 haec
2882 567 3141 623 nimirum
3165 568 3380 623 virtutis
3406 583 3595 640 opera.

2009 656 2092 714 Tu
2132 659 2279 714 enim
2331 658 2452 729 ipse
2503 658 2601 714 tibi
2644 659 2781 716 satis
2826 675 2907 726 es,
2950 666 3000 716 et
3038 660 3192 717 nullo
3243 660 3351 716 alio
3387 661 3599 732 indiges

2012 751 2241 805 auxilio.
2285 750 2665 807 Admiratione
2719 760 2902 808 autem
2947 768 3162 810 summa
3213 750 3438 825 dignum
3488 761 3596 816 est,

2011 843 2157 912 quod
2193 857 2224 897 a
2263 857 2324 899 se
2373 844 2495 913 ipso
2522 844 2649 915 quis
2684 843 2751 899 ad
2785 852 2994 901 rectam
3037 845 3304 901 virtutum
3346 844 3597 901 semitam

2012 934 2337 989 deducatur.

2087 1025 2256 1083 Vens.
2292 1026 2344 1083 ϐ.
2374 1026 2604 1099 Sagitta
2640 1040 2747 1083 tua:
2775 1038 2968 1097 acuta',
2992 1046 3022 1084 ο
3054 1038 3259 1099 potens,
3299 1028 3482 1102 populi
3505 1028 3601 1086 sub

2017 1130 2067 1175 te
2106 1120 2301 1175 cadent
2350 1121 2405 1174 in
2446 1120 2605 1175 corde
2661 1122 3001 1176 inimicorum
3038 1123 3197 1193 regis.
3249 1119 3604 1193 Expositores

2014 1227 2231 1279 clunes,
2270 1228 2371 1284 per
2401 1213 2743 1286 hyperbaton
2781 1224 3114 1272 construunt
3158 1216 3447 1287 praesentis
3480 1233 3604 1274 vcr-

2015 1305 2175 1361 siculi
2229 1305 2420 1365 verba,
2470 1304 2574 1361 hoc
2620 1314 2828 1376 pacto:
2866 1304 3095 1377 Sagitta
3156 1316 3263 1363 tua:
3315 1318 3510 1379 acuta,
3569 1314 3604 1365 ο

2013 1412 2219 1468 potens,
2262 1400 2316 1454 in
2376 1401 2532 1455 corde
2570 1401 2912 1457 inimicorum
2946 1406 3084 1474 regis
3128 1403 3316 1475 inﬁxa:
3352 1415 3497 1461 sunt.
3541 1406 3608 1461 Et

2015 1492 2161 1563 quod
2193 1491 2313 1547 ait:
2367 1490 2567 1563 Populi
2614 1493 2712 1548 sub
2738 1503 2787 1548 te
2822 1494 3034 1563 cadent,
3088 1511 3186 1567 per
3231 1498 3603 1568 parentltesim

2009 1583 2178 1654 jacet.
2212 1583 2438 1657 Sagittae
2472 1595 2657 1641 autem
2683 1585 2912 1653 Christi,
2965 1588 3267 1659 evangelici
3323 1597 3456 1647 sunt
3484 1605 3605 1647 ser-

2016 1691 2228 1743 mones,
2245 1679 2336 1748 qui
2358 1690 2627 1749 perquam
2646 1678 2903 1736 celeriter
2917 1680 3236 1737 universum
3265 1681 3453 1739 orbem
3477 1698 3605 1754 per-

2013 1780 2270 1837 currunt,
2304 1780 2357 1824 et
2381 1767 2493 1825 ictu
2525 1768 2844 1826 certissimo
2884 1771 3027 1829 bene
3060 1774 3365 1829 sentientes
3391 1776 3607 1832 animas

2016 1855 2221 1925 feriunt
2252 1875 2268 1913 :
2294 1859 2389 1930 qui
2411 1874 2697 1917 sermones
2726 1861 2874 1917 acuti
2903 1861 3079 1920 οπεοιί
3102 1865 3525 1935 essedicuntur,
3551 1866 3609 1924 et

2016 1958 2241 2019 propter
2258 1965 2536 2017 summum
2569 1966 2764 2008 eorum
2784 1952 3154 2024 splendorem.
3185 1967 3237 2013 et
3266 1967 3492 2030 propter
3521 1959 3611 2014 in-

2016 2040 2238 2097 cidendi
2256 2044 2388 2098 vim.
2417 2038 2581 2098 Nitidi
2599 2042 2746 2099 enim
2775 2051 2905 2099 sunt
2926 2052 2983 2101 et
3015 2044 3135 2114 ipsa
3166 2050 3396 2105 veritate
3425 2049 3612 2120 splen-

2023 2134 2288 2202 descunt,
2324 2149 2389 2190 ac
2433 2135 2640 2206 pariter
2669 2135 2923 2191 incidunt
2967 2146 3214 2207 peccata.
3263 2136 3400 2195 Illud
3428 2149 3614 2196 autem

2020 2225 2596 2299 animadvertendum.
2615 2233 2717 2293 est,
2749 2226 2896 2298 quod
2931 2227 3121 2294 dictio,
3148 2228 3353 2294 Acuta,
3384 2229 3615 2300 partici-

2018 2317 2171 2388 pium
2205 2319 2486 2387 passirum
2516 2327 2605 2374 est
2640 2331 2668 2370 a
2700 2317 2870 2374 verbo
2908 2318 3057 2373 Acuo
3096 2313 3282 2385 :quod
3314 2336 3382 2376 ex
3421 2319 3613 2378 Grama

2017 2407 2260 2464 lectione
2282 2406 2489 2463 clarius
2523 2412 2692 2477 patet.
2719 2394 3002 2463 Potentiam
3026 2423 3158 2465 vero
3192 2407 3476 2467 Christum
3512 2427 3612 2481 ap-

2017 2499 2204 2569 pellat,
2230 2512 2364 2554 ‘non
2416 2498 2596 2555 solum
2637 2497 2709 2554 ob
2754 2497 3191 2569 omnipotentem
3231 2499 3608 2567 divinitatem.

2016 2590 2114 2646 sed
2143 2591 2310 2646 etiam
2339 2592 2468 2662 quia
2512 2589 2839 2646 fortitudine
2872 2605 2937 2645 ac
2986 2591 3205 2656 robore,
3254 2602 3310 2648 et
3352 2592 3612 2649 humanis

2018 2684 2321 2741 virtutibus
2349 2684 2651 2739 daemonem
2704 2685 3006 2754 superavit.
3046 2683 3142 2739 Har
3176 2684 3344 2757 igitur
3394 2686 3615 2758 sagittae

2018 2778 2073 2833 in
2115 2791 2307 2833 eorum
2350 2770 2519 2833 corde
2543 2775 2726 2831 inﬁxae
2757 2784 2909 2843 sunt,
2942 2776 3034 2845 qui
3076 2785 3235 2833 antea
3293 2777 3387 2833 Dei
3446 2774 3614 2850 Regis

2019 2869 2233 2925 inimici
2266 2876 2443 2935 erant,
2477 2869 2552 2923 ita
2605 2876 2666 2922 ut
2709 2881 2898 2923 eorum
2942 2867 3234 2923 multitudo
3259 2882 3407 2923 nunc
3431 2870 3617 2925 dicere

323 2960 610 3032 ὑποταγῆς
636 2962 848 3031 πολλοὶ,
879 2962 996 3017 ὅσοι
1034 2962 1242 3035 δηλαδὴ
1271 2958 1615 3035 ἐτρώθησαν·
1632 2956 1745 3017 εῐεν
1777 2962 1824 3015 δ’
1848 2960 1920 3016 ἀν

2025 2963 2200 3035 possit
2216 2959 2386 3035 [quod
2412 2962 2468 3015 in
2491 2959 2738 3017 Canticis
2758 2959 3062 3016 caticorum
3079 2959 3337 3033 legimus]
3364 2978 3378 3015 :
3422 2956 3619 3016 Vulne-

325 3053 456 3125 βέλη
491 3053 731 3126 Χριστοῦ
784 3056 879 3110 καὶ
914 3057 964 3110 οί
1005 3055 1320 3122 ἀπόστολοι,
1362 3055 1681 3128 ἠκονημένα
1730 3054 1821 3109 διά
1855 3053 1917 3108 τδ

2025 3063 2150 3109 rata
2190 3068 2285 3125 ego
2321 3068 2438 3107 sum
2470 3070 2501 3107 a
2541 3052 2827 3117 θῆαι-διατι,
2870 3051 2975 3108 hoc
3018 3062 3102 3109 est
3134 3048 3155 3126 [
3185 3067 3213 3108 ιι
3260 3053 3476 3125 sagittis
3522 3062 3619 3111 aut

321 3146 581 3219 λαμπρὸν
610 3145 707 3202 τοῦ
746 3146 887 3218 βίου,
912 3149 1007 3203 καὶ
1036 3150 1102 3204 τὸ
1126 3147 1561 3222 παρεισδύεσθαι
1605 3150 1726 3214 ταῖς
1773 3164 1919 3221 καρ-

2025 3164 2048 3203 a
2074 3149 2278 3219 iaculis
2303 3143 2658 3218 charitatis];
2687 3143 3003 3215 huiusmodi
3044 3156 3223 3203 autem
3265 3147 3481 3218 sagitta;
3502 3147 3615 3203 ictu

322 3237 466 3304 δίαις
530 3238 642 3294 τῶν
697 3240 1186 3312 μαθητευομένων,
1231 3241 1322 3297 διὰ
1376 3240 1479 3313 τῆς
1534 3241 1914 3307 διδασκαλίας.

2025 3249 2127 3294 suo
2182 3232 2471 3291 vulnerant
2497 3233 2740 3305 quidem,
2778 3234 2871 3290 sed
2910 3250 3018 3290 non
3055 3235 3400 3303 interimunt,
3429 3237 3619 3308 quini-

324 3330 507 3404 Μέχρι
529 3330 723 3386 τούτου
754 3334 869 3397 τοῖς
895 3332 1000 3404 τῆς
1062 3333 1485 3408 ἀνθρωπότητος
1527 3333 1622 3388 τοῦ
1678 3330 1920 3406 Χριστοῦ

2026 3336 2116 3381 mo
2146 3338 2241 3380 eos
2272 3324 2455 3395 potius
2476 3322 2570 3393 Qui
2600 3322 2733 3378 olim
2771 3323 3074 3381 virtutibus
3110 3327 3314 3382 mortui
3343 3334 3503 3382 erant
3536 3327 3618 3382 vi-

324 3424 508 3493 λόγοις
532 3424 912 3497 ἐνδιατρίψας,
959 3427 1168 3482 ἄνεισιν
1210 3426 1312 3500 ἤδη
1360 3425 1456 3482 καὶ
1502 3425 1595 3479 ἐπὶ
1644 3425 1771 3490 τοὺς
1820 3423 1920 3495 τῆς

2030 3418 2276 3483 villcant,
2309 3425 2363 3472 et
2387 3414 2455 3471 ad
2485 3416 2731 3471 divinum
2763 3431 3006 3472 amorem
3034 3416 3617 3492 pertrahunt.‘Sequi-

326 3513 585 3590 θεότητος
605 3518 792 3573 αὑτοῦ.

2032 3518 2127 3568 tur
2159 3528 2174 3566 :
2208 3509 2403 3581 Populi
2436 3509 2532 3564 sub
2575 3518 2623 3563 te
2655 3508 2868 3574 cadent,
2897 3508 3004 3564 hoc
3030 3516 3136 3575 est,
3180 3511 3278 3565 tibi
3318 3512 3622 3581 sulijicien-

326 3618 439 3664 tur.
518 3606 796 3682 Quotquot
879 3613 1139 3670 nimirum
1220 3613 1289 3669 ab
1347 3611 1663 3684 liuiuSmodi
1725 3608 1948 3681 sagittis
2028 3604 2235 3660 iuerint
2319 3602 2618 3658 vulnerati.
2697 3601 2802 3657 Per
2866 3602 3098 3671 sagittas
3171 3605 3337 3658 etiam
3416 3602 3620 3661 Christi

327 3706 604 3775 apostolos
640 3710 1291 3779 possumusintelligerc,
1349 3710 1443 3780 qui
1479 3708 1651 3776 acuti,
1724 3707 1830 3762 hoc
1868 3720 1920 3761 es

2054 3698 2291 3763 nitidati,
2352 3712 2417 3752 ac
2480 3696 2649 3751 lucidi
2710 3710 2834 3753 esse
2896 3699 3175 3762 dicuntur,
3229 3709 3454 3769 prepter
3501 3701 3623 3755 vita

327 3799 679 3871 splendorem
714 3820 731 3872 ;
773 3812 826 3860 et
858 3804 985 3876 quia
1038 3805 1262 3875 propria
1321 3805 1576 3861 doctrina
1627 3802 1683 3857 in
1757 3796 2157 3869 discipulorum
2211 3792 2382 3847 corda
2450 3798 2829 3862 penetrarunt.
2919 3790 3195 3848 llaetenus
3252 3792 3322 3850 de
3416 3796 3623 3854 Christi

331 3900 680 3956 humanitate
707 3916 894 3957 sermo
926 3899 1050 3968 fuit,
1071 3900 1336 3971 deinceps
1366 3899 1436 3955 de
1463 3896 1614 3955 illius
1632 3896 1925 3953 divinitate
1966 3896 2290 3963 pertractat-

414 3992 483 4046 Ὀ
521 3994 738 4063 θρόνος
790 4009 930 4061 σου,
984 3998 1018 4050 ό
1070 3995 1236 4061 Θεὸς,
1280 3995 1370 4060 είς
1415 3993 1525 4049 τὸν
1559 3991 1767 4048 -ιιίῶνα
1823 3989 1932 4045 τοῦ

334 4081 581 4152 αίῶνος.
613 4086 673 4140 '0
699 4082 911 4158 Θρόνος,
940 4086 1223 4159 βασιλείας
1248 4085 1326 4140 ὣν
1345 4083 1639 4156 σύμϐολον,
1675 4083 1775 4156 τὴν
1830 4079 1929 4154 βα·

338 4177 550 4232 σιλείαν
576 4178 905 4233 αἰνίττεται.
940 4179 1108 4249 Λέγει
1153 4178 1233 4245 δὲ,
1282 4180 1368 4233 ὅτι
1407 4177 1472 4232 Ἦ
1514 4176 1767 4249 βασιλεία
1815 4164 1934 4239 σου,

337 4271 534 4336 ἀΐδιος.
572 4271 716 4343 Ὅρα
746 4271 826 4338 Et,
852 4271 1000 4336 ὅπως
1038 4272 1173 4326 Θεὸν
1246 4270 1501 4343 φπνερῶς
1547 4268 1640 4323 τὸν
1670 4267 1932 4322 ’Χοιστὸν

345 4362 651 4438 ὠνόμασεν.

456 4549 687 4617 Ρὰϐδος
720 4549 1049 4624 εὐθύτητος
1084 4548 1122 4616 ἠ
1170 4546 1397 4617 ῥάϐδος
1442 4545 1552 4617 τῆς
1610 4545 1938 4613 βασιλείας

348 4660 492 4700 σου.
539 4645 607 4698 Ἢ
638 4644 860 4715 ῥάϐδος,
879 4643 979 4712 τῆς
1015 4642 1339 4708 δικαστικῆς
1364 4640 1617 4707 ἐξουσίας
1645 4637 1938 4710 σύμϐολον.

363 4736 432 4791 Ἥ
469 4735 760 4807 δικαστική
819 4752 913 4789 σου
945 4734 1061 4803 οὖν,
1094 4734 1287 4806 φησιν,
1335 4734 1579 4800 ἐξουσία,
1642 4731 1943 4803 εὐθύτητος

353 4830 527 4895 ἔστιν,
554 4828 731 4902 ὀρθῶς
760 4827 1080 4895 δικάζουσα.
1112 4827 1182 4881 Ἢ
1202 4825 1298 4881 καὶ
1334 4825 1512 4890 ἄλλως
1537 4864 1553 4891 ,
1603 4824 1803 4897 ῥάϐδον
1830 4823 1943 4877 νόει

359 4937 454 4987 μοι
486 4920 587 4991 τὴν
613 4920 968 4991 παιδευτικὴν
998 4919 1251 4990 δύναμιν,
1278 4917 1422 4988 αὕτη
1471 4917 1617 4982 οὖν,.ι
1647 4916 1946 4987 εὐθύτητός

355 5015 501 5079 ἐστι,
535 5010 764 5076 δικαίως
792 5011 1153 5083 μαστίζουσα.

450 5277 810 5348 Ἠτάπησας
868 5277 1288 5345 δικαιοσύνην,
1320 5276 1418 5331 καί
1466 5275 1769 5346 ἐμίσησας
1806 5274 1952 5328 ἀνο-

366 5372 537 5442 μίαν.
586 5370 847 5442 Ἀνομίαν
873 5370 1022 5439 λέγει
1044 5369 1141 5442 τὴν
1188 5368 1427 5425 ἀδικίαν.
1479 5366 1748 5429 Ποικίλως
1785 5367 1842 5421 δὲ
1872 5364 1952 5436 τῷ

370 5463 599 5539 Χριστῷ
622 5465 1039 5537 προσμαρτυωί
1056 5461 1158 5534 τὴν
1178 5461 1553 5533 δικαιοσύνην,
1595 5460 1672 5523 ὡς
1702 5459 1955 5520 ἅπαντας

2105 3980 2272 4037 Vens.
2311 3980 2362 4036 7.
2394 3977 2637 4034 Thronus
2671 3987 2791 4034 tuus
2820 3982 2875 4033 in
2906 3980 3160 4035 sa'culum
3192 3982 3398 4037 swculi.
3447 3982 3625 4041 Thro.

2031 4092 2138 4134 nus
2166 4083 2254 4134 est
2301 4075 2466 4147 regite
2493 4068 2778 4145 dignitatis
2811 4070 3105 4139 indicium,
3144 4074 3290 4129 unde
3336 4091 3434 4146 per
3478 4075 3627 4130 thro-

2033 4186 2188 4238 num,
2242 4170 2443 4224 merito
2497 4182 2722 4238 regnum
2754 4165 3117 4237 signiﬁcatur,
3143 4170 3197 4220 et
3243 4179 3439 4222 sensus
3486 4172 3571 4222 est
3608 4182 3623 4223 :

2032 4262 2283 4334 Regnum
2338 4271 2492 4318 tuum
2551 4267 2818 4315 aeternum
2876 4257 3004 4325 erit,
3056 4272 3121 4313 ex
3180 4257 3384 4328 quibus
3440 4257 3625 4312 verbis

2037 4353 2392 4426 apertissime
2418 4360 2589 4424 patet,
2635 4351 2779 4421 quod
2817 4350 3099 4407 Christum
3148 4348 3420 4422 Propheta
3454 4349 3623 4405 Deum

1974 4474 2013 4526 υ
2040 4463 2165 4504 esse
2199 4444 2552 4502 intellexerit.

2115 4536 2278 4609 Virga
2328 4534 2663 4602 directianis,
2717 4533 2867 4607 virga
2903 4535 3050 4604 regni
3113 4534 3211 4590 tui.
3257 4532 3359 4588 Per
3394 4533 3627 4605 virgam,

2037 4631 2247 4702 iudicis
2301 4631 2607 4687 auctoritas
2640 4644 2706 4684 ac
2740 4637 2985 4699 potestas
3028 4626 3368 4699 designatur.
3394 4620 3627 4690 Judicis,

2047 4724 2249 4795 inquit,
2282 4730 2554 4794 potestate
2579 4729 2725 4775 recte
2757 4719 2950 4774 uteris.
2982 4715 3150 4773 Recte
3191 4717 3338 4772 enim
3389 4715 3627 4786 judiCas,

2051 4828 2103 4872 et
2124 4817 2275 4886 iuste
2302 4812 2581 4886 procedis.
2616 4809 2635 4883 [
2662 4806 2757 4864 Vel
2793 4808 2974 4876 aliter,
3007 4824 3105 4880 per
3134 4809 3342 4880 virgam
3371 4807 3630 4864 directio-

2052 4909 2162 4975 nis,
2214 4903 2524 4976 castigandi
2561 4910 2886 4973 potestatem
2934 4898 3223 4971 intellige:
3279 4915 3400 4971 quae
3436 4900 3633 4956 merito

2053 5001 2126 5055 ita
2153 4996 2481 5069 appellatur,
2518 4993 2647 5066 quia
2679 4992 2810 5050 dum
2848 5006 3049 5065 pravos
3070 4991 3215 5063 iuste
3241 4993 3490 5061 castigat,
3519 4990 3631 5045 eis-

2055 5106 2166 5163 que
2193 5086 2526 5160 supplicium
2562 5083 2748 5151 infert,
2789 5086 2994 5142 multos
3024 5081 3341 5154 huiusmodi
3372 5077 3635 5149 exemplis

2060 5185 2126 5240 ad
2156 5190 2363 5239 rectam
2394 5181 2658 5234 virtutum
2688 5176 2938 5234 semitam
2965 5173 3213 5248 dirigit.]

2128 5277 2294 5332 Vens.
2327 5275 2380 5332 8.
2416 5272 2663 5329 Dilexisti
2693 5269 2971 5343 justitiam
3000 5272 3055 5325 et
3082 5264 3199 5322 adis
3228 5267 3245 5319 i
3284 5260 3635 5332 iniquitatem.

2059 5370 2162 5425 Per
2192 5368 2541 5439 iniquitatem
2567 5363 2893 5436 iniuStitiam
2921 5358 3193 5431 intelligit:
3238 5346 3419 5409 Variis
3452 5357 3635 5439 autem

2063 5458 2243 5513 modis
2275 5437 2544 5528 l’ropheta
2580 5453 2809 5511 Christo
2851 5447 3181 5522 iniustitiam
3216 5439 3444 5498 ascribit
3467 5437 3636 5497 veluti

1736 5635 1938 5701 Variae
1963 5635 2296 5699 lectiones.

451 5744 565 5821 (57)
603 5744 811 5818 Δηλαδὶί
841 5747 889 5799 οι
929 5742 1098 5813 λόγοι.

3666 4715 3720 4728 ρ-
