4114 6208
520 275 628 340 895

1749 261 2067 324 EUTHYM
2078 259 2131 319 ll
2190 258 2557 320 ZlGABENI

3683 253 3792 321 (96

513 390 570 445 ci
621 388 714 458 qui
763 386 1080 440 universum
1124 381 1308 435 orbem
1351 377 1704 449 iudicaturus
1752 377 1846 431 sit.
1892 373 2098 429 Deinde

2205 376 2390 444 κρῖναι
2421 371 2699 444 μέλλοντι.
2755 366 2891 429 Εἶτα
2939 371 3104 430 πάλιν
3154 370 3292 444 πρὸς
3343 370 3405 427 τδ
3447 369 3792 444 πρόσλημμα

519 495 717 537 rursus
748 477 818 531 ad
870 480 1212 543 assumptum
1263 471 1540 526 hominem
1588 481 1898 524 sermonem
1940 480 2100 521 suum

525 573 722 627 iterum
755 566 1051 630 convertit,
1078 563 1272 618 dicens
1305 580 1320 619 :

595 665 885 730 Propterea
917 659 1066 712 unxit
1090 666 1137 711 te
1177 655 1340 720 Deus,
1375 653 1514 708 Deus
1555 662 1676 707 tuus
1718 652 1830 706 oleo
1863 650 2102 706 exsulta-

508 757 682 813 -u'om's
713 768 826 822 pra:
862 749 1206 822 participibus
1239 749 1362 802 tuis.
1404 746 1735 815 Participes,
1764 745 1800 800 ii
1841 744 2104 799 dicuntur

518 852 616 923 qui
655 851 798 904 inter
825 862 885 902 se
914 845 971 900 in
1007 844 1190 913 aliquo
1223 839 1651 906 communicant,
1694 840 1799 893 hoc
1830 845 1936 904 est,
1977 835 2104 906 qui-

518 945 625 998 bus
653 937 857 1009 aliquid
885 950 1178 991 commune
1203 943 1306 989 est.
1342 932 1564 987 Christo
1593 941 1776 986 autem
1821 929 1877 983 in
1926 927 2104 982 nomi-

516 1053 590 1092 ne
648 1047 803 1104 reges
861 1044 1054 1084 omnes
1128 1025 1538 1082 communicant
1616 1041 1631 1079 :
1687 1023 1816 1094 quia
1906 1020 2101 1078 christi

515 1142 739 1192 omnes,
761 1123 820 1179 id
845 1131 955 1186 est,
976 1120 1135 1175 uncti
1167 1117 1532 1189 appellantur,
1552 1131 1616 1172 eo
1640 1116 1784 1186 quod
1806 1115 1927 1170 oleo
1952 1114 2102 1169 uncti

520 1223 656 1277 sint.
707 1216 1068 1287 Ungebantur
1123 1212 1270 1267 enim
1320 1210 1449 1264 olim
1509 1224 1689 1280 reges,
1738 1223 1926 1263 verum
1977 1207 2103 1262 illos

515 1315 743 1388 quidem
777 1312 1058 1382 prophetae
1103 1307 1194 1362 vili
1231 1305 1359 1372 hoc,
1404 1313 1568 1374 atque
1611 1301 1816 1357 usitato
1845 1301 1968 1356 oleo
1999 1316 2103 1353 un-

512 1409 746 1479 gebant,
799 1405 850 1457 iu
891 1399 1046 1472 regni
1089 1399 1308 1469 signum
1341 1415 1352 1451 :
1389 1404 1442 1450 te
1483 1409 1636 1460 vero,
1699 1394 1894 1463 inquit,
1947 1393 2105 1462 longe

501 1503 679 1558 .aliter
712 1539 729 1566 ,
789 1505 954 1566 atque
1011 1494 1087 1548 illi
1139 1493 1584 1560 iniungebantur,
1641 1488 1784 1543 Deus
1834 1487 1992 1542 unxit
2049 1487 2101 1540 in

519 1609 725 1664 regem.
774 1588 931 1646 Unde
973 1585 1102 1640 alibi
1139 1585 1206 1639 de
1243 1583 1466 1637 Christo
1505 1581 1774 1650 scriptum
1818 1579 2052 1650 legimus
2085 1595 2100 1632 :

2206 469 2446 522 ποιεῖται
2481 466 2575 521 τὸν
2607 466 2787 535 λόγον.

2277 644 2382 699 Διὰ
2411 644 2591 700 τοῦτο
2617 643 2824 714 ἔχρισέ
2845 660 2919 700 σε
2947 647 2981 700 ό
3006 645 3151 712 Θεός
3187 660 3326 708 σου.
3357 645 3567 700 ἔλαιον
3610 643 3794 713 ἀγαλ-

2203 736 2486 802 λιάσεως,
2515 737 2676 806 παρὰ
2710 737 2852 804 τοὺς
2869 740 3171 808 μετόχους
3207 754 3348 792 σου.
3383 737 3619 809 Μέτοχοί
3652 739 3792 792 εἰσιν

2205 829 2254 881 oi
2286 829 2560 884 κοινωνοί.
2603 829 2939 884 Κοινωνοῦσι
2983 830 3040 884 δὲ
3073 830 3152 901 τῷ
3176 830 3386 900 χριστῷ
3418 831 3511 884 τοῦ
3544 831 3790 884 τοιούτου

2205 919 2474 991 ὀνόματος
2508 920 2719 986 πάντες
2743 921 2794 975 οί
2820 921 3089 992 βασιλεῖς,
3145 924 3360 992 χριστοὶ
3387 923 3484 976 καὶ
3513 917 3659 977 οὗτοι
3688 941 3793 976 κα-

2204 1011 2483 1083 λούμενοι,
2512 1013 2669 1085 παρὰ
2694 1014 2756 1067 τὸ
2783 1013 3038 1085 χρίεσθαι
3057 1031 3070 1044 ⁸
3091 1015 3209 1067 ἀλλ’
3245 1015 3491 1078 ἐκείνους
3529 1013 3630 1084 μὲν
3654 1031 3792 1082 προ-

2206 1107 2375 1174 φῆται
2415 1105 2600 1178 ἔχριον
2661 1105 2722 1159 τὸ
2784 1106 2967 1158 ἔλαιον
3003 1106 3301 1159 σκευαστὸν
3369 1108 3449 1170 εἰς
3513 1105 3793 1176 βασιλείας

2209 1196 2479 1266 σύμϐολον
2502 1212 2515 1224 ·
2542 1195 2604 1248 σὲ
2631 1195 2688 1249 δὲ
2715 1195 2921 1267 τρόπον
2952 1194 3039 1248 ἔτε
3050 1211 3142 1265 ρον
3191 1193 3324 1265 παρ’
3373 1194 3575 1256 αὐτοὺς
3603 1194 3632 1246 ὁ
3659 1192 3795 1254 Θεὸς

2206 1290 2448 1360 ἔχρισεν,
2474 1289 2549 1353 ὡς
2583 1288 2838 1360 βασιλέα.
2891 1287 3034 1360 Ἐγὼ
3061 1288 3151 1354 δὲ,
3200 1287 3361 1358 φησί,ι
3413 1283 3796 1354 κατεστάθη·

2199 1381 2508 1448 ,βασιλεὺς
2529 1381 2632 1436 ὑπ’
2653 1379 2863 1447 αὐτοῦ,
2884 1380 2982 1436 καὶ
3021 1380 3082 1434 οὐ
3136 1377 3383 1433 τοιοῦτον
3419 1376 3621 1444 ἔλαιον,
3654 1377 3794 1430 ἀλλὰ

2205 1476 2413 1545 κρίσιν
2445 1473 2888 1553 ἀγαλνζιάσεως.
2920 1472 3134 1543 Ὠσπερ
3167 1469 3260 1525 οὖν
3318 1469 3596 1542 ῥομφαίαν
3652 1468 3791 1522 Θεοῦ

2206 1567 2304 1622 καὶ
2335 1566 2464 1632 τόξα
2497 1566 2592 1620 καὶ
2647 1563 2777 1636 βέλη
2854 1564 3176 1631 ἀκούοντες,
3223 1561 3278 1615 εί
3323 1580 3378 1616 τι
3421 1561 3683 1624 τοιοῦτον,
3728 1561 3790 1614 οὐ

511 1653 632 1754 Ego
694 1690 869 1736 autem
931 1677 1249 1731 constitutus
1315 1689 1432 1726 sum
1484 1669 1596 1725 Rea:
1666 1670 1732 1723 ab
1794 1686 1854 1724 eo
1889 1669 1954 1724 ⁸⁸.
1985 1669 2100 1724 Non

2205 1660 2377 1714 ταῦτα
2416 1659 2528 1731 (58)
2566 1657 2892 1729 παχυμερὲς
2943 1656 3195 1729 νοοῦμεν,
3263 1656 3400 1710 ἀλλὰ
3443 1655 3544 1726 τὴν
3586 1653 3795 1710 τούτων

517 1734 864 1847 hiijusmodi,
901 1768 1103 1839 inquit,
1156 1776 1214 1820 tu
1279 1766 1401 1820 oleo
1461 1771 1658 1818 unctus
1698 1777 1781 1827 es,
1838 1761 1935 1817 sed
1980 1763 2100 1816 oleo

2207 1752 2518 1822 ἐνέργειαν,
2549 1749 2691 1804 οὕτω
2724 1750 2821 1804 καὶ
2850 1748 3033 1802 ἔλαιον
3061 1748 3181 1813 νῦν,
3221 1746 3321 1819 τὴν
3346 1747 3530 1819 κρίσιν
3568 1743 3796 1817 νομίζο-

497 1835 932 1923 -exsultationis.
982 1835 1456 1927 Quemadmodum
1502 1867 1632 1908 vero
1684 1867 1809 1906 cum
1858 1852 2100 1922 gladium

2207 1860 2331 1914 μεν.
2361 1841 2560 1913 Χρίσις
2621 1840 2680 1894 δὲ
2727 1840 3132 1909 ἀγαλλιάσεως,
3196 1839 3232 1909 ἡ
3297 1837 3646 1908 ἐπιφοίτησις
3696 1835 3794 1891 τοό

503 1958 615 2012 -ιῡοί
649 1966 703 2011 et
735 1968 949 2016 arcum,
979 1959 1035 2004 et
1069 1948 1298 2016 sagittas
1332 1942 1594 2006 dicimus,
1619 1948 1710 1995 aut
1743 1940 1872 2011 qttid
1901 1927 2100 2005 simile,

2205 1936 2364 2005 ἁγίου
2402 1935 2730 2006 Πνεύματος
2772 1950 2788 1965 ⁶
2843 1931 3142 2006 χαροποιὸν
3171 1932 3230 1987 δὲ
3257 1932 3319 1985 τὺ
3349 1932 3510 2002 ἅγιον
3540 1929 3793 2002 Πνεῦμα.

496 2066 582 2104 «ea
615 2065 719 2103 nou
767 2045 1028 2106 demisse,
1082 2049 1176 2094 aut
1226 2040 1466 2092 humano
1517 2033 1704 2102 aliquo
1755 2047 1904 2087 more
1935 2031 2100 2084 intel-

2207 2027 2452 2082 Καθόλου
2481 2027 2537 2081 δὲ
2592 2029 2626 2098 ἡ
2657 2027 2864 2098 χρίσις,
2897 2026 2980 2079 ὅτι
3010 2025 3107 2079 κειιῖ⁵
3132 2025 3252 2078 ὅλον
3292 2024 3400 2096 ὅλῳ
3455 2023 3642 2094 συνῆν,
3700 2021 3796 2087 καὶ

519 2142 758 2211 ligimus,
813 2135 910 2190 sed
963 2133 1202 2188 divinam
1266 2127 1560 2198 quamdam
1617 2127 1746 2189 vim,
1793 2133 1956 2194 atque
1987 2121 2100 2176 elli-

2205 2121 2307 2173 οὐκ
2343 2121 2406 2172 ἐκ
2436 2118 2666 2191 μερικοῦ
2695 2117 3062 2190 χαρίσματος,
3089 2118 3163 2182 ὡς
3195 2117 3286 2172 ἐπὶ
3321 2117 3430 2171 τῶν
3486 2133 3798 2186 πνευματο-

516 2201 726 2290 eiiciam
783 2244 878 2298 per
919 2241 982 2281 ea
1036 2221 1453 2292 signiﬁcamus,
1504 2217 1579 2271 ita
1625 2223 1679 2269 et
1717 2229 1812 2284 per
1855 2213 1959 2268 olei
2010 2229 2100 2268 un-

2221 2213 2404 2284 φόρων
2434 2211 2648 2282 ἀνδρῶν
2677 2229 2691 2243 ο
2720 2211 2816 2266 καὶ
2844 2211 2991 2264 κατὰ
3021 2211 3182 2264 τοῦτο
3215 2209 3328 2280 γὰρ
3355 2209 3594 2279 διέφερε.
3694 2201 3702 2211 ’

499 2295 896 2391 stionem—hic
944 2330 1054 2386 quo
1094 2323 1320 2368 unctum
1372 2323 1495 2362 esse
1541 2305 1776 2377 legimus
1836 2304 2121 2367 dilectum,
2178 2303 2325 2358 aliud
2377 2302 2636 2373 quiddam
2691 2315 2858 2373 quam
2913 2300 3082 2355 verba
3139 2309 3338 2355 sonent
3378 2295 3797 2369 intelligendum

497 2424 601 2472 est
653 2431 670 2469 :
729 2410 905 2467 sancti
947 2408 1212 2462 nimirum
1287 2400 1528 2472 Spiritus
1577 2398 1874 2462 adventus,
1902 2395 1996 2467 qui
2028 2395 2272 2451 lmtitiam
2308 2405 2364 2452 et
2418 2396 2678 2466 gaudium
2709 2394 2905 2450 afferre
2936 2409 3123 2450 secum
3153 2393 3312 2449 solet.
3358 2392 3574 2464 Integra
3613 2401 3796 2445 autem

513 2524 581 2567 ac
616 2505 854 2578 perlecta
887 2501 989 2556 l’uit
1011 2502 1126 2554 haec
1158 2495 1364 2552 Christi
1402 2491 1673 2558 inunctio,
1709 2491 1839 2561 quia
1877 2505 1985 2544 non
2031 2499 2089 2545 ut
2116 2490 2171 2545 in
2203 2489 2324 2545 aliis
2358 2489 2740 2560 spiritualihus
2777 2488 3089 2544 hominibus
3118 2502 3241 2544 esse
3273 2487 3434 2550 solet,
3460 2502 3525 2540 ex
3563 2485 3799 2556 quadam

504 2577 874 2659 chrismatum
921 2599 1076 2664 parte
1124 2588 1366 2659 Spiritus
1411 2585 1464 2640 in
1495 2582 1719 2640 Christo
1774 2581 1975 2648 inerat,
2004 2580 2098 2637 sed
2133 2590 2277 2637 totus
2308 2595 2405 2652 per
2433 2596 2625 2636 omnes
2649 2591 2831 2652 partes
2855 2594 2979 2636 eum
3015 2580 3357 2650 repleverat:
3383 2593 3491 2648 qua
3527 2577 3582 2631 in
3616 2591 3672 2632 re
3692 2591 3801 2632 ca:-

507 2695 650 2764 teris
670 2687 928 2746 omnibus
963 2686 1124 2756 longe
1155 2679 1476 2751 praestabat.

588 2783 754 2839 Vsus.
777 2782 832 2837 9.
869 2777 1088 2848 Myrr/ta
1118 2782 1168 2829 et
1208 2780 1373 2826 stacte
1414 2781 1463 2826 et
1507 2769 1656 2824 casia
1691 2785 1724 2822 a
1773 2766 2100 2823 vestimentis

517 2879 642 2932 tuis.
674 2874 782 2930 Per
814 2871 1145 2928 vestimenta
1202 2863 1508 2920 divinitatis
1560 2861 1792 2926 Christi,
1840 2860 2086 2915 animam

515 2979 572 3027 et
598 2981 818 3025 carnem
857 2962 1216 3032 intelligimus
1261 2955 1539 3027 assumpti
1594 2955 1858 3021 hominis,
1895 2953 2098 3023 quibus

516 3060 720 3115 Christi
747 3055 1008 3111 divinitas
1058 3048 1410 3104 ineﬂabiliter
1445 3042 1853 3100 circumamicta
1884 3046 2024 3104 erat,
2053 3044 2109 3093 et

517 3165 639 3222 quae
666 3146 964 3217 Apostolus
997 3143 1061 3195 ad
1107 3139 1366 3194 llcbrzeos
1405 3136 1656 3189 velamen
1684 3132 1974 3203 appellavit
2012 3129 2100 3184 di-

2261 2766 2506 2836 Σμύρνα
2519 2764 2618 2820 καὶ
2634 2764 2869 2834 στακτὴ
2888 2763 2984 2820 καὶ
3009 2763 3262 2829 scaeam,
3283 2761 3404 2818 ἀπὸ
3419 2759 3538 2816 τῶν
3553 2763 3800 2832 ἱματίων

2201 2872 2342 2912 σου.
2381 2857 2600 2927 Ἰμάτια
2621 2857 2720 2928 τῆς
2747 2855 2842 2910 τοῦ
2880 2856 3060 2924 Λόγου
3088 2855 3368 2923 θεότητος,
3413 2855 3446 2926 ἠ
3488 2853 3582 2907 τοῦ
3622 2843 3799 2924 προσ-

2203 2949 2494 3021 λήμματος
2526 2947 2674 3020 ψυχὴ
2729 2949 2823 3002 καὶ
2883 2948 3040 3018 σὰρξ,
3083 2941 3165 3010 οἷς
3222 2947 3407 3017 ἐκείνη
3469 2947 3799 3016 ἀπορρήτως

2205 3041 2550 3113 ὲνεχωρήθη,
2582 3039 2617 3094 ἃ
2652 3039 2746 3094 καὶ⁸
2771 3040 3253 3111 παραπετάσματα
3297 3036 3454 3090 καλεῖ
3505 3035 3716 3098 Παῦλος
3768 3033 3800 3086 ό

2206 3133 2528 3196 ἀπόστολος.
2563 3131 2824 3186 Βούλεται
2861 3131 2918 3185 δὲ
2949 3131 3047 3185 νῦν
3093 3133 3121 3184 ὁ
3152 3131 3453 3202 Προφήτης
3479 3130 3687 3192 εἰπεῖν,
3711 3127 3796 3180 ὃτι

517 3219 648 3297 cens
679 3256 693 3293 :
729 3237 1035 3309 [Christum
1090 3230 1338 3284 initiasse
1396 3227 1556 3282 nobis
1587 3225 1729 3278 viam
1772 3238 1968 3277 novam
2005 3236 2100 3293 per

2205 3223 2303 3278 Ἐκ
2337 3224 2436 3294 μὲν
2472 3225 2573 3292 τῆς
2618 3222 2826 3294 σαρκός
2851 3240 2994 3289 σου,,
3029 3221 3298 3294 νέκρωσις
3336 3221 3490 3274 ἔσται
3517 3221 3610 3273 καὶ⁵
3642 3219 3801 3273 ἁδα-

517 3333 762 3389 velamen
784 3328 854 3394 ιθ,
890 3327 943 3381 id
986 3334 1096 3387 cst,
1131 3337 1227 3392 per
1265 3335 1489 3374 carnem
1543 3332 1720 3373 suam.
1753 3313 1774 3388 ]
1802 3312 2002 3368 Verum
2033 3313 2100 3368 ad

2209 3317 2436 3388 φθορία·
2465 3317 2673 3370 τούτων
2698 3316 2807 3387 γὰρ
2837 3316 3110 3386 σύμϐολον
3155 3318 3188 3386 ἡ
3251 3314 3501 3386 σμύρναο
3543 3314 3656 3377 τοῖς
3711 3331 3799 3366 νε-

527 3439 754 3482 sensum
783 3421 1082 3476 verborum
1145 3414 1432 3482 Propheta:
1492 3411 1780 3480 diligenter
1839 3407 2103 3462 attende:

519 3521 688 3582 Caro,
723 3515 923 3584 inquit,
957 3523 1047 3568 tua
1104 3518 1330 3564 mortem
1389 3505 1646 3576 patietur,
1687 3501 1782 3557 sed
1817 3516 1924 3556 non
1979 3515 2104 3554 cor-

517 3612 836 3680 mptiouem
870 3623 883 3660 :
915 3613 969 3660 et
1021 3601 1204 3656 anima
1252 3608 1344 3652 tua
1392 3596 1459 3650 ad
1525 3592 1729 3648 inferos
1782 3591 2100 3648 descendet.

519 3703 740 3775 Myrrha
771 3698 971 3754 ctenim
1003 3695 1195 3763 inungi
1253 3690 1503 3747 solebant
1543 3693 1891 3740 mortuorum
1924 3682 2100 3738 homi-

516 3810 652 3852 num
687 3806 942 3862 corpora,
969 3799 1027 3844 ut
1054 3788 1375 3853 incorrupta
1410 3788 1790 3838 servarentur.
1827 3777 1892 3832 Et
1924 3784 2098 3833 stacte

510 3889 721 3944 .humor
752 3884 977 3956 quidam
1008 3888 1116 3943 est,
1152 3878 1248 3950 qui
1273 3890 1542 3932 emanans
1574 3891 1602 3928 a
1641 3871 1861 3943 myrrha
1889 3869 2097 3934 stillat;

510 3977 701 4034 omnis
755 3984 935 4030 autem
967 3970 1137 4033 stilla,
1193 3983 1290 4023 seu
1331 3973 1504 4036 gutta,
1539 3972 1598 4018 ut
1638 3962 1813 4032 inquit
1839 3960 2101 4022 Basilius,

513 4065 778 4124 deorsum
813 4066 1008 4129 fertur,
1054 4071 1109 4117 et
1165 4061 1233 4114 ad
1296 4058 1560 4113 inferiora
1616 4053 1908 4109 delabitur.
1964 4051 2099 4107 Dum

513 4161 688 4231 igitur
725 4143 1006 4228 myrrham
1037 4160 1092 4208 et
1122 4159 1352 4208 stactem
1385 4153 1752 4220 proventuras
1783 4143 1918 4199 dicit
1950 4158 1980 4197 a
2004 4159 2098 4198 ve-

2209 3411 2362 3481 κροῖς
2397 3407 2507 3480 γὰρ
2553 3407 2803 3478 σώμασιν
2852 3407 3216 3479 ἀδιαφθορίας
3268 3407 3456 3461 ἕνεκεν
3498 3406 3796 3474 ὲπαλείφεο

2222 3518 2355 3554 ται·
2393 3501 2458 3553 ὲκ
2493 3499 2553 3554 δὲ
2611 3499 2714 3570 τῆς
2770 3498 2952 3570 ψυχῆς
2983 3517 3100 3565 σου,
3147 3499 3375 3562 κάθοδος
3424 3501 3504 3562 εἰς
3558 3497 3692 3569 ᾅδην
3715 3511 3730 3527 ⁶
3761 3497 3796 3567 ή

2206 3591 2415 3660 στακτὴ
2443 3588 2553 3660 γὰρ
2579 3589 2640 3642 τὸ
2679 3588 2846 3659 ὑγρὸν
2870 3588 2973 3659 τῆς
3002 3587 3255 3658 σμύρνης
3297 3587 3468 3651 ἐστὶν,
3515 3586 3640 3639 όσον
3693 3584 3796 3638 αὐ-

2201 3682 2304 3752 τῆς
2345 3681 2458 3753 (59)
2493 3679 2913 3752 ἀπολαϐόμενον
2945 3679 3318 3744 καταστάζει·
3377 3679 3528 3732 πᾶσα
3567 3676 3624 3730 δὲ
3662 3693 3793 3729 στα-

2201 3771 2339 3846 γὼν,
2378 3772 2730 3845 κατωφερὴς,
2754 3773 2831 3837 ὡς
2867 3775 2896 3826 ὁ
2939 3772 3448 3844 μὲγαςὲξηγήσατο
3486 3769 3795 3832 Βασίλειος.

2212 3867 2277 3921 Ἦ
2316 3867 2372 3920 δὲ
2406 3866 2634 3931 κασσία,
2697 3864 2961 3934 φλοιῶδες
3000 3864 3201 3936 ᾶρωμα
3241 3863 3633 3916 εὐωδέστατον.
3696 3861 3796 3912 Al-

2202 3960 2445 4013 νίττεται
2475 3956 2532 4010 δὲ
2572 3956 2660 4010 διὰ
2692 3955 2897 4024 ταύτης
2932 3954 3031 4024 τὴν
3069 3953 3300 4006 εὐωδίαν
3322 3951 3416 4005 τοῦ
3459 3948 3795 4004 Δεσποτικοῦ

2203 4049 2494 4120 σώματος·
2555 4046 2718 4116 φύσει
2767 4046 2876 4118 γὰρ
2922 4041 2991 4118 ἦν
3010 4046 3234 4113 εὑῶδες,
3282 4043 3371 4098 διὰ
3408 4043 3508 4116 τὴν
3546 4046 3796 4112 ἀναμαρ-

2161 4199 2174 4206 _
2203 4142 2424 4213 τησίαν.

520 4229 796 4314 stimeutis
827 4248 1137 4307 divinitatis
1172 4241 1404 4306 Christi,
1446 4241 1499 4296 id
1533 4249 1638 4304 est,
1672 4253 1702 4293 a
1742 4251 1973 4308 corpore
2015 4243 2069 4290 et
2121 4235 2190 4290 ab
2229 4235 2411 4289 anima
2440 4234 2586 4308 ejus,
2652 4233 2784 4305 quid
2818 4231 2968 4288 aliud
3031 4247 3194 4304 quam
3245 4229 3492 4300 corporis
3561 4234 3794 4283 mortem

521 4350 731 4417 absque
754 4342 1131 4410 corruptione,
1199 4343 1254 4388 ct
1316 4332 1512 4386 animae
1556 4328 1626 4383 ad
1704 4326 1916 4382 inferos
1965 4326 2293 4382 descensum
2364 4325 2684 4396 signiﬁcat?
2749 4324 2910 4380 Casia
2963 4324 3127 4380 etiam
3183 4331 3370 4379 cortex
3426 4325 3651 4394 quidam
3709 4339 3796 4385 est

491 4415 965 4498 odoratissimus.
987 4432 1089 4484 Per
1124 4426 1331 4481 casiam
1390 4424 1578 4490 igitur,
1649 4418 2038 4476 suavissimum
2101 4417 2373 4474 Dominici
2449 4417 2700 4488 corporis
2762 4415 2988 4472 odorem
3047 4416 3342 4488 signiﬁcat,
3396 4415 3543 4488 quod
3597 4424 3792 4472 natura

491 4535 636 4606 .ipsa
677 4525 1015 4600 optimierat
1048 4518 1258 4582 odoris,
1284 4531 1350 4570 eo
1367 4513 1512 4583 quod
1545 4511 1666 4567 sine
1693 4517 1921 4582 peccato
1949 4524 2166 4580 semper
2185 4509 2372 4564 fuerit.

562 4625 629 4676 ,Α
654 4617 897 4674 domibus
929 4608 1190 4665 eburneis.
1210 4605 1278 4659 ἰιι
1303 4603 1492 4659 Grzeco
1520 4617 1618 4672 pro
1637 4617 1669 4655 a
1695 4601 1932 4655 domibus
1969 4601 2102 4671 legi-

2291 4597 2438 4652 Ἀπὸ
2455 4596 2696 4665 ,ϐάρεων
2720 4597 3150 4666 ἐλεφαντίνων.
3208 4595 3409 4668 Βάρεις
3473 4596 3787 4656 ἐκαλοῦντο,

503 4708 890 4780 ρπιυειβὰρεις
921 4700 1302 4772 ἁπδιβάρεων.
1326 4696 1593 4750 Dicuntur
1621 4702 1806 4748 autem
1835 4693 2025 4764 βάρεις
2046 4700 2101 4747 et
2134 4675 2176 4730 Ῑ)
2205 4695 2255 4747 οἱ
2293 4688 2436 4745 οἶκοι
2474 4693 2567 4744 καὶ
2607 4691 2657 4743 ol
2696 4692 2838 4745 ναοί.
2864 4689 2977 4760 Τὴν
3012 4689 3192 4760 ψυχὴν
3253 4689 3311 4743 δὲ
3349 4690 3446 4743 καὶ
3514 4689 3575 4743 τὸ
3626 4689 3791 4760 σῶμα

498 4802 717 4858 domus
781 4805 835 4853 et
883 4795 1107 4866 templa.
1144 4791 1246 4846 Per
1275 4789 1475 4844 domus
1502 4787 1694 4856 igitur,
1735 4800 1831 4840 seu
1867 4783 2092 4854 templa,

2205 4785 2359 4840 πάλιν
2387 4781 2644 4850 ὀνομάζει
2704 4781 2893 4854 βάρεις
2917 4799 2932 4814 ·
2981 4781 3058 4847 ὡς
3088 4783 3197 4853 γὰρ
3238 4783 3431 4852 ἱμάτια
3457 4780 3654 4847 ταῦτα,
3695 4783 3790 4835 οὖ-

503 4895 760 4952 animam
811 4904 867 4947 et
912 4898 1262 4959 assumptum
1328 4882 1538 4939 Christi
1579 4895 1780 4951 corpus
1811 4877 2095 4948 intelligit,

2205 4896 2279 4932 τω
2321 4877 2415 4930 καὶ
2445 4871 2596 4938 οἶκος
2653 4876 2748 4929 καὶ
2799 4876 2927 4939 ναὸς
2971 4875 3073 4944 τῆς
3115 4875 3402 4947 θεότητος·
3465 4868 3578 4927 οἷον
3628 4872 3786 4927 ἔσται

519 5001 642 5055 quae
678 4993 732 5039 et
764 4979 1070 5037 divinitatis
1095 4977 1425 5032 vestimenta
1457 4971 1716 5042 superius
1773 4968 2095 5040 appellavit,

2207 4973 2277 5026 τὰ
2319 4970 2580 5042 ρηθέντα,
2619 4970 2731 5025 ἀπὸ
2775 4970 2887 5023 τῶν
2930 4969 3166 5040 ἱματίων
3215 4985 3331 5036 σου,
3370 4967 3516 5036 λέγω
3567 4968 3626 5021 δὲ
3681 4970 3790 5022 ἀπὸ

517 5089 574 5136 et
605 5094 756 5134 nunc
783 5073 1029 5147 ejusdem
1055 5071 1247 5127 domos
1287 5067 1526 5139 appellat
1565 5081 1660 5122 seu
1695 5064 1916 5134 templa.
1943 5061 2096 5117 Ordo

2205 5061 2417 5132 βάρεων
2455 5077 2469 5091 ⁶
2498 5062 2556 5113 τὸ
2609 5060 3140 5129 δὲῈλεςραντίνων,
3193 5058 3314 5112 ἀντὶ
3358 5056 3450 5110 τοῦ
3475 5056 3783 5127 λαμπρῶνο

517 5183 699 5230 autem
759 5171 884 5226 talis
925 5169 1037 5224 sit:
1079 5163 1298 5237 Myrrha
1330 5171 1386 5218 et
1417 5168 1594 5216 stacte
1643 5167 1697 5214 et
1731 5160 1880 5213 casia
1910 5153 2092 5228 erunt]

2205 5154 2432 5227 λαμπρὰ
2451 5155 2558 5227 γὰρ
2578 5155 2643 5208 τὰ
2655 5154 3003 5223 ἐλεφάντινα,
3018 5152 3106 5206 διὰ
3124 5153 3226 5221 τὴν
3238 5151 3376 5219 ἄγαν
3397 5149 3783 5218 στιλπνότητα,

521 5282 553 5322 a
585 5265 932 5322 vestimentis
964 5259 1112 5326 tuis;
1143 5273 1171 5311 a
1195 5255 1325 5320 tuis,
1357 5253 1608 5324 inquam,
1633 5250 1892 5306 eburneis
1918 5247 2174 5304 domibus
2198 5264 2291 5304 seu
2331 5250 2571 5319 templis.
2597 5247 2875 5303 Eburneis
2907 5244 3257 5303 autem-dixit
3291 5256 3389 5314 pro
3453 5239 3782 5313 splendidis.

515 5357 823 5418 Candidum
860 5355 1006 5410 enim
1037 5351 1175 5407 ebur
1206 5355 1288 5405 est
1317 5354 1372 5404 et
1412 5344 1773 5416 splendescit.
1859 5423 1864 5428 ‘

593 5536 640 5568 ⁸⁸
670 5533 813 5587 Psul.
848 5546 906 5594 ll,
948 5529 1004 5584 ϐ.
1077 5525 1124 5558 δ’
1165 5522 1328 5582 Hebr.
1364 5539 1419 5591 x,
1449 5522 1540 5578 20.

1854 5606 2054 5670 Variae
2107 5605 2441 5670 lectiones.

587 5718 702 5792 Q58)
735 5716 840 5773 Ἴσ.
877 5734 1020 5787 παχυ
1029 5733 1095 5786 με
1097 5713 1234 5786 ρῶς.

2258 5708 2384 5780 ’(59)
2418 5707 2501 5762 Al.
2527 5705 2857 5777 ἀποθλιϐὀμε
2869 5722 2976 5762 νον.
