4072 6202
267 272 370 340 497
421 341 424 344 .

1419 281 1568 341 COM
1579 281 1628 340 Μ
1643 280 1810 340 ΕΝΤ.
1843 278 1922 336 IN
1965 275 2324 336 PSALMOS.

3401 271 3511 334 408
3531 283 3534 287 ’

348 388 452 451 Ἐξ
516 381 604 442 ὧν
663 387 983 456 ηὔφρίιιουάν
1045 404 1119 442 σε
1165 390 1483 460 θυγατέρες
1529 392 1838 456 βασιλέων·

2017 387 2098 440 Ea:
2120 387 2308 456 quibus
2336 385 2726 440 delectaverunt
2758 393 2806 438 le
2845 384 2975 453 ﬁlia:
3015 401 3194 455 regum
3226 387 3279 438 in
3318 389 3523 442 honore.

265 481 335 534 ἐν
387 478 461 548 τῇ
523 480 662 548 τιμῇ
725 496 863 535 σου.
907 475 1008 532 Ὧν
1056 481 1264 544 ἕνεκεν,
1294 483 1412 554 ἦτοι
1461 483 1548 536 διὰ
1601 483 1698 554 τὴν
1748 484 1839 536 νέο

269 591 476 644 κρωσιν
514 573 608 626 καὶ
651 573 986 644 ἀφθαρσίαν,
1023 576 1116 628 καὶ
1147 577 1227 638 είς
1259 576 1387 646 ᾅδου
1442 576 1688 637 κάθοδον,
1747 575 1842 629 καὶ

267 667 364 719 ὅσα
392 666 522 736 περὶ⁵
561 664 621 718 τὸ
647 665 897 720 ἑκούσιον
938 666 1082 736 ὑπὲρ
1128 667 1432 737 ἀνθρώπων
1499 665 1668 730 πάθος
1723 685 1839 733 σου,

265 755 554 825 ηὖφρανάν
619 770 677 807 σε
718 756 775 808 αί
827 755 1188 810 πιστεύσασαι
1234 755 1439 826 ψυχαί·
1487 757 1692 819 ταύτας
1733 757 1843 826 γὰρ

273 845 613 916 δποληπτέον
648 845 958 915 θυγατέρας
1001 845 1292 915 βασιλέων.
1327 847 1389 899 El
1441 847 1549 917 γὰρ
1594 848 1700 900 υἱοὶ
1751 848 1846 901 καὶ

271 937 708 1007 συγκληρονόμοι
743 937 843 1006 τῆς
878 938 1157 1007 βασιλείας
1198 939 1247 992 οί
1307 939 1618 1004 ἀπόστολοι,
1685 939 1844 1008 δῆλον

269 1030 342 1090 ὡς
369 1028 611 1099 βασιλεῖς
629 1043 648 1060 ⁸
673 1023 819 1083 οὖτοι
841 1029 898 1082 δὲ
921 1030 1019 1092 τὰς
1071 1029 1251 1100 ψυχάς
1292 1033 1399 1084 τῶν
1437 1031 1844 1086 πιστευσάντων

267 1119 357 1172 διὰ
386 1120 483 1172 τοῦ
513 1119 660 1172 θείου
703 1118 1080 1189 βαπτίσματος
1110 1121 1433 1192 ἐγέννησαν.
1490 1124 1628 1193 Φησὶ
1678 1121 1783 1193 γὰρ
1819 1124 1846 1175 ὁ

271 1211 506 1276 Παῦλος,
541 1212 624 1264 ὅτι
661 1213 763 1265 Διὰ
790 1212 897 1266 τοῦ
925 1215 1295 1283 Euan-sliat)
1324 1213 1438 1286 ἐγὼ
1471 1215 1628 1281 ὑμᾶς
1677 1214 1845 1283 ἐγέν-

268 1305 810 1372 νησαῐίὕφραναν
858 1303 916 1357 δέ
942 1321 999 1357 σε
1059 1306 1213 1371 πῶς;
1275 1307 1364 1359 Ἑν
1429 1306 1507 1376 τῷ
1563 1309 1730 1378 τιμᾷν
1786 1325 1845 1361 σε

269 1393 536 1460 ἀψευδῶς.
582 1395 744 1449 Ἀλλά
769 1395 943 1450 ταῦτα
979 1397 1100 1467 μὲν,
1153 1397 1279 1450 καθ’
1324 1398 1667 1470 ὑψηλοτέραν
1725 1401 1846 1452 ἐπι·

269 1487 435 1556 ϐολήν
459 1501 475 1518 ’
510 1487 656 1540 κατά
685 1487 740 1540 δὲ
764 1487 824 1540 τὸ
862 1489 1177 1559 πρόχειρον,
1208 1490 1412 1559 ἑτέρως
1434 1490 1502 1544 τά
1543 1491 1683 1560 ῥητά
1721 1493 1847 1561 νοή-

271 1594 406 1640 σεις,
455 1579 548 1654 ,ὅτι
578 1577 799 1646 ποικίλη
831 1579 1042 1649 ἀρετῶν
1072 1580 1268 1634 εὐωδία
1301 1582 1536 1635 ἀποπνεῖ
1586 1582 1681 1635 τοῦ
1716 1598 1850 1651 σκη-

271 1667 526 1737 νώματός
557 1686 653 1722 σου
678 1685 694 1700 ·
747 1671 842 1724 καὶ
875 1672 934 1724 ού
965 1671 1124 1724 τοῦτο
1153 1672 1337 1742 μόνον,
1395 1673 1532 1726 ἀλλὰ
1587 1675 1680 1727 καὶ
1737 1675 1846 1727 τῶν

273 1760 413 1814 κατὰ
443 1760 643 1824 τόπους
672 1762 818 1816 ναῶν
843 1781 936 1816 σου
965 1765 1074 1818 τῶν
1100 1765 1390 1836 λαμπρῶν.
1437 1766 1506 1819 Ἦ
1565 1768 1674 1836 γὰρ
1733 1784 1848 1820 ποι-

274 1853 421 1906 κιλία
491 1853 604 1908 τῶν
664 1855 1036 1926 ἀρωματικῶν
1094 1857 1272 1924 είδῶν,
1313 1857 1410 1928 τὴν
1453 1857 1730 1911 ποικιλίαν
1750 1858 1850 1928 τῆς

271 1949 505 2014 εύωδίας
521 1951 632 2004 τῶν
663 1953 876 2022 ἀρετῶν
914 1953 1302 2024 ὑποσημαίνει,
1339 1954 1398 2020 ἐξ
1449 1950 1522 2008 ὧν
1553 1957 1698 2009 ναῶν
1754 1955 1855 2026 ηὕ-

274 2040 493 2109 φρανάν
518 2058 575 2094 σε
609 2043 658 2095 οἱ
686 2043 908 2106 τούτους
934 2043 1233 2114 φιλοτίμως
1298 2045 1364 2098 ὲκ
1403 2047 1641 2109 πίστεως
1681 2047 1852 2116 δαμά-

275 2146 450 2200 μενοι.
507 2132 579 2186 Τὸ
633 2133 711 2194 δὲ,
769 2134 1121 2202 Ηϋφραναν,
1172 2134 1247 2199 ὡς
1289 2135 1390 2206 ἤδη
1423 2138 1646 2205 γεγονὸς
1681 2138 1852 2206 λέγει,

272 2222 424 2290 νόμῳ
455 2224 794 2293 προφητείας
825 2225 960 2294 (60),
989 2225 1065 2288 ὡς
1097 2226 1313 2297 ποιήσει
1349 2242 1363 2258 ⁸
1399 2228 1461 2281 τὸ
1487 2228 1563 2292 δὲ,
1596 2227 1848 2300 Θυγατέ-

266 2334 371 2385 ρες
396 2318 811 2381 βασιλέωνὲν
843 2318 916 2385 τῇ
945 2318 1087 2388 τιμῇ
1139 2335 1277 2384 σου,
1338 2319 1419 2374 ὅτι
1479 2322 1580 2375 οὐκ
1641 2322 1850 2376 ίδιῶται

275 2410 461 2480 μόνον,
536 2409 672 2464 ἀλλὰ
728 2411 822 2464 καὶ⁸
870 2409 1111 2480 βασιλεῖς
1169 2428 1228 2464 σε
1290 2413 1586 2483 τιμήσουσι
1623 2430 1639 2445 ο
1668 2413 1852 2468 καὶτὸ

275 2499 736 2571 παραδοξότερον,
782 2503 837 2555 ai
880 2501 1099 2573 μυρίοις
1158 2500 1460 2572 ὀφθαλμοῖς
1505 2502 1854 2574 φυλασσόμε-

277 2609 386 2654 ναι,
414 2591 512 2645 καὶ
545 2593 604 2646 ιν
652 2595 764 2655 τοῖς
801 2591 1017 2657 ἀδύτοις
1053 2593 1164 2646 τῶν
1201 2593 1488 2663 βασιλείων
1547 2594 1852 2664 θαλαμευό-

279 2701 463 2752 μεναι,
494 2684 796 2757 θυγατέρες
824 2685 1114 2756 βασιλέων,
1148 2686 1222 2751 ὡς
1262 2687 1296 2757 ἡ
1359 2687 1644 2757 σοφωτάτη
1687 2688 1859 2741 Δίκα-

276 2775 491 2844 τερίνα,
521 2776 614 2827 καὶ
647 2775 804 2829 ἄλλαι
836 2776 1051 2832 πολλαί.

1943 492 2058 534 tuo.
2092 479 2324 550 Propter
2349 494 2493 548 quae,
2531 477 2712 548 inquit
2740 477 2991 550 [propter
3038 485 3189 532 tuam
3241 479 3508 534 nimirum

1943 580 2194 634 mortem,
2232 570 2702 639 incorruptionem
2743 577 2796 624 et
2823 569 3154 624 descensum
3192 569 3258 623 ad
3286 570 3516 637 inferos,

1941 671 1995 719 et
2029 671 2249 732 propter
2279 677 2627 732 quatcunque
2674 661 2780 715 alia
2833 676 2954 731 qua:
3012 661 3080 714 ad
3144 661 3522 716 voluntariam

1945 771 2043 826 pro
2073 756 2386 811 hominibus
2415 755 2730 826 passionem
2761 763 2910 808 tuam
2937 753 3258 825 pertinent],
3285 756 3516 809 creden-

1945 857 2029 902 tes
2057 857 2111 902 et
2148 848 2332 904 ﬁdeles
2378 849 2574 901 animat
2629 847 3046 902 delectaverunt
3081 852 3155 901 te.
3208 845 3313 902 Eas
3368 847 3514 901 enim

1944 940 2303 1011 intelligimus
2346 957 2533 1011 regum
2582 941 2724 995 ﬁlias
2772 939 3061 1010 appellari,
3113 940 3242 1010 quia
3288 940 3334 996 si
3378 955 3518 1010 apo-

1946 1031 2099 1096 stoli,
2137 1031 2230 1085 lilii
2265 1041 2430 1100 atque
2462 1030 2709 1086 hatredes
2742 1039 2872 1086 sunt
2902 1031 3146 1085 ewlestis
3181 1031 3360 1099 regni,
3405 1046 3520 1084 ma-

1947 1122 2207 1178 nifestum
2233 1125 2517 1190 estetiam,
2538 1126 2682 1192 quod
2699 1123 2880 1177 ell'ecti
2909 1124 3022 1177 sint
3052 1138 3227 1192 rcges.
3258 1123 3322 1177 Hi
3353 1124 3528 1193 igitur»

1946 1215 2177 1285 apostoli
2211 1215 2553 1270 credentium
2588 1216 2802 1270 animas
2841 1231 2936 1285 per
2962 1231 3181 1271 sacrum
3210 1223 3533 1285 genuerunt

1947 1308 2219 1378 baptisma
2247 1325 2262 1362 :
2285 1306 2391 1361 Per
2417 1306 2762 1377 Evangelium
2788 1309 2949 1372 enim,
2995 1308 3170 1376 inquit
3198 1309 3520 1377 Apostolus,

1946 1417 2037 1472 ego
2063 1417 2148 1454 vos
2163 1401 2320 1471 genui
2341 1400 2409 1452 '°.
2430 1398 2536 1454 Sed
2556 1399 2834 1470 quomodo
2850 1399 3242 1453 delectaverunt
3267 1402 3356 1453 te?
3382 1401 3532 1453 Dum.

1949 1491 2168 1546 scilicet
2217 1506 2327 1545 non
2366 1492 2493 1545 ﬁcto
2548 1492 2731 1545 animo
2789 1499 2842 1544 te
2897 1492 3104 1543 colunt.
3164 1490 3360 1543 \lerum
3409 1490 3526 1542 ha-e

1945 1585 2098 1654 juxta
2122 1585 2372 1638 altiorem
2409 1599 2634 1638 sensum
2665 1585 2813 1637 dicta
2841 1593 2995 1644 sunt,
3029 1584 3122 1636 sed
3161 1582 3314 1650 juxta
3353 1581 3530 1634 alium

1951 1693 2199 1741 sensum,
2229 1678 2320 1746 qui
2353 1676 2555 1731 clarior
2583 1675 2755 1730 videri
2785 1685 2992 1744 potest,
3025 1674 3133 1737 dic,
3157 1673 3303 1742 quod
3342 1673 3537 1725 varius

1951 1786 2016 1824 ac
2050 1770 2337 1839 multiplex
2371 1769 2636 1822 virtutum
2694 1770 2829 1822 odor
2885 1768 3060 1836 spirat
3123 1767 3192 1820 ab
3245 1775 3526 1832 assumpta

1951 1861 2157 1916 Christi
2189 1861 2532 1915 humanitate
2581 1878 2597 1914 :
2647 1876 2828 1929 neque
2872 1861 2941 1913 ab
2987 1875 3050 1914 ea
3099 1858 3305 1922 solum,
3353 1861 3448 1914 sed
3498 1876 3542 1910 a-

1954 1953 2147 2008 niultis
2215 1955 2380 2006 etiam
2432 1952 2717 2023 pratclaris
2770 1951 2987 2020 templis
3044 1959 3211 2017 atque
3263 1951 3533 2004 Ecclesiis

1953 2061 2076 2114 qua:
2106 2045 2160 2098 in
2191 2045 2447 2099 universo
2477 2044 2612 2100 orbe
2641 2045 2763 2099 sita:
2798 2054 2945 2098 sunt.
2976 2043 3255 2112 Multiplex
3293 2058 3534 2110 namque

1956 2136 2450 2192 odoramentorum
2502 2152 2701 2208 genus,
2743 2136 3104 2204 multiplicem
3139 2135 3306 2188 etiam
3352 2135 3542 2188 virtnv

1960 2237 2071 2296 tum
2104 2228 2330 2284 odorem
2363 2229 2642 2300 signiﬁcat
2669 2246 2683 2283 :
2716 2243 2784 2283 ex
2816 2228 3041 2298 quibus,
3074 2227 3272 2296 inquit.
3311 2227 3543 2295 templis

1960 2321 2374 2376 delectaverunt
2404 2331 2455 2376 te
2493 2321 2683 2376 ﬁdeles
2733 2320 2832 2384 illi,
2868 2320 2963 2390 qui
2995 2320 3214 2389 egregia
3249 2320 3304 2374 in
3349 2330 3398 2373 te
3428 2319 3547 2373 ﬁdei

1959 2413 2131 2478 ducti,
2163 2428 2361 2482 magna
2395 2414 2484 2468 illa
2529 2414 2728 2483 templa
2759 2413 2854 2468 tibi
2889 2421 3344 2483 construxerunt.
3385 2411 3548 2464 Dele-A

1959 2515 2238 2559 ctavernnt
2289 2515 2471 2560 autem
2516 2505 2676 2569 dixit,
2712 2514 2770 2559 ut
2801 2505 2914 2574 jam
2952 2505 3181 2567 factum,
3206 2514 3260 2557 et
3289 2504 3543 2572 praeteri+

1959 2606 2099 2658 tum,
2125 2596 2272 2666 quod
2306 2596 2549 2650 futurum
2575 2605 2694 2651 erat
2720 2613 2735 2650 :
2769 2596 2888 2665 lege
2914 2597 3177 2649 nimirum
3208 2593 3540 2664 prophetiae.-

1963 2689 2114 2744 Filia:
2142 2699 2406 2759 praeterea
2447 2704 2634 2759 regum
2667 2688 2719 2742 in
2773 2689 2987 2744 honore
3057 2697 3152 2742 tuo
3202 2687 3256 2742 id
3311 2687 3538 2750 facient,

1967 2779 2096 2848 quia
2131 2793 2241 2834 non
2293 2777 2490 2847 plebeii
2527 2793 2588 2832 ac
2623 2778 2916 2846 populares
2963 2787 3203 2842 tantum,
3239 2778 3332 2832 sed
3373 2792 3540 2845 reges,

277 2865 445 2920 etiam
486 2863 777 2922 Dominum
806 2867 1132 2925 honoraturi
1163 2878 1338 2936 erant,
1370 2879 1424 2928 et
1467 2871 1635 2944 [quod
1672 2872 1841 2942 magis
1879 2870 2263 2926 admirandum
2297 2870 2466 2924 videri
2494 2870 2730 2942 poterat]
2779 2871 2910 2940 ipsae
2972 2871 3137 2924 etiam
3205 2885 3391 2937 regum
3466 2870 3532 2919 li-

275 2956 383 3020 tae,
420 2972 545 3027 qua:
584 2957 891 3015 innumeris
923 2960 1216 3015 custodum
1244 2961 1420 3018 oculis
1459 2961 1515 3016 in
1543 2976 1730 3032 regum
1769 2959 2146 3031 penetralibus
2187 2960 2653 3015 observarentur;
2721 2961 2900 3028 qualis
2970 2959 3071 3012 fuit
3133 2958 3555 3027 sapientiSsima-

279 3047 606 3116 Catberina,
635 3059 688 3106 et
716 3050 836 3106 alia!
858 3067 1021 3122 quam
1058 3053 1327 3123 plurimae.

349 3167 636 3236 Παρέστη
664 3167 703 3234 ἠ
724 3169 1074 3233 βασίλισσα
1121 3170 1192 3224 ἐκ
1225 3171 1442 3236 δεξιῶν
1501 3131 1642 3228 σου.
1702 3171 1859 3226 Βασί·

2043 3171 2210 3226 Vens.
2250 3171 2336 3225 10.
2369 3170 2556 3224 Aslilit
2591 3169 2790 3240 Regina
2830 3185 2862 3221 a
2893 3168 3104 3223 dextris:
3145 3169 3271 3221 tuis.
3312 3167 3416 3222 Per
3453 3184 3546 3224 re-

283 3259 480 3312 λισσαν
509 3257 746 3313 ἐνταῦθα
777 3259 926 3327 λέγει
975 3259 1075 3330 τὴν
1109 3261 1432 3332 συναγωγὴν
1486 3261 1594 3316 τῶν
1639 3263 1864 3317 εύσεϐεο

282 3350 501 3403 στάτων
515 3349 883 3419 Χριστιανῶν,
910 3353 976 3422 ἢν
994 3352 1022 3403 ὁ
1042 3350 1298 3421 βασιλεὺς
1319 3352 1557 3422 Χριστὸς
1590 3353 1867 3423 ὲνυμφεύ-

285 3459 418 3495 σατο
445 3440 649 3512 έαυτῷ,
681 3440 770 3496 διὰ
806 3441 907 3510 τῆς
945 3442 1028 3505 είς
1071 3441 1235 3496 αὐτὸν
1283 3443 1544 3507 πίστεως,
1575 3445 1866 3516 ζπρότερον

283 3534 399 3593 τοῖς
454 3528 701 3592 εἰδώλοις
753 3529 1146 3601 κεκωλυμένην
1179 3549 1196 3564 ο
1239 3533 1367 3602 ἥτις
1405 3533 1728 3589 ἐϐασίλευσε
1769 3535 1869 3606 μὲν

287 3621 394 3673 τῶν
416 3617 611 3673 παθῶν
636 3636 651 3652 ο
685 3619 1104 3674 συνεϐασίλευσε
1136 3622 1194 3676 δὲ
1237 3623 1317 3694 τῷ
1343 3624 1563 3696 νυμφίῳ
1595 3625 1870 3696 βασιλείαν

288 3713 569 3784 οὐράνιον,
596 3713 706 3766 Καὶ
734 3712 763 3765 ὁ
798 3713 899 3782 μὲν
923 3713 1158 3783 νυμφίος
1190 3715 1426 3786 κάθηται
1471 3718 1530 3770 ἐν
1582 3717 1734 3788 δεξιᾷ
1773 3717 1872 3770 τοῦ

292 3805 533 3877 ηατρδς,
558 3804 632 3868 ὡς
653 3805 943 3875 ὁμοούσιος
973 3807 1068 3858 καὶ
1100 3805 1362 3877 ὁμότιμος
1389 3823 1404 3839 ⁸
1431 3807 1568 3878 αὕτη
1613 3808 1670 3861 δὲ
1729 3827 1872 3879 παρ-

291 3898 528 3965 έστηκεν
556 3897 620 3949 ὲκ
654 3895 846 3960 δεξιῶν
866 3896 960 3950 τοῦ
996 3897 1255 3967 νυμφίου,
1290 3898 1428 3968 μετά
1481 3898 1592 3952 τῶν
1639 3900 1873 3970 ἀσωμά⁴

290 4007 399 4041 των
427 3989 735 4059 δυνάμεων.
757 3990 817 4043 El
841 3989 952 4060 γὰρ
975 3991 1071 4043 καὶ
1092 3989 1279 4060 νύμφη
1303 3991 1421 4044 ἐστὶ
1441 3991 1537 4044 καὶ
1560 3989 1874 4060 βασίλισσα,

293 4081 436 4138 ἀλλὰ
463 4081 691 4152 κτιστής
721 4083 840 4134 ἐστι
875 4080 1111 4145 φύσεως,
1143 4081 1238 4134 καλ⁵
1267 4081 1559 4152 ὑπέρμεγα
1593 4082 1768 4154 ταύτῃ
1812 4084 1879 4138 τὸ

295 4169 390 4220 καὶ
425 4166 688 4238 τοιαύτης
716 4167 1018 4238 ἀξιωθῆναι
1050 4169 1294 4233 στάσεώς
1328 4186 1386 4222 τε
1449 4172 1544 4226 καὶ
1595 4174 1881 4244 παραστά-

299 4273 459 4319 σεως.
505 4257 618 4309 Ούκ
645 4259 863 4313 ἐναντία
884 4259 942 4312 δέ
980 4274 1147 4330 φησιν
1177 4261 1206 4313 ὁ
1235 4260 1447 4326 Παῦλος
1513 4262 1688 4333 λέγων
1750 4264 1882 4335 περὶ

297 4343 391 4398 τοῦ
418 4343 586 4409 Θεοῦ,
617 4347 698 4399 ὃτι
723 4348 1071 4418 Συνήγειρε,
1104 4350 1203 4404 καί
1250 4351 1666 4407 συνεκάθισεν
1719 4353 1882 4424 ἡμᾶς

297 4436 365 4490 ὲν
392 4437 524 4503 τοῖς
562 4437 862 4507 στεφανοῖς,
885 4439 956 4493 ἐν
985 4440 1218 4511 Χριστῷ
1261 4442 1488 4510 Ἰησοῦ.
1511 4444 1610 4498 Διά
1637 4444 1877 4514 Χριστοῦ

301 4528 430 4595 γὰρ,
485 4529 642 4596 φησὶ,
705 4528 800 4583 τοῦ
852 4530 1059 4598 Κυρίου
1115 4531 1436 4597 καθίσαντος
1485 4530 1575 4588 οἷα
1636 4535 1880 4605 κεφαλῆς

304 4621 335 4685 ἡ
382 4619 483 4678 ῶν.
529 4620 875 4690 σνμμετέσχε
907 4621 1008 4690 τῆς
1030 4621 1197 4692 τιμῆς
1242 4623 1338 4677 καὶ
1381 4622 1443 4677 τὸ
1479 4622 1665 4678 λοιπὸν
1718 4623 1882 4694 σῶμα

301 4709 401 4780 τῆς
440 4711 793 4781 Ἐκκλησίας.

1969 3266 2152 3334 ginam
2172 3263 2262 3318 hic
2285 3261 2755 3332 religiosissimam
2780 3261 3215 3318 Christianorum
3241 3260 3548 3317 Ecclesiaur

1971 3355 2248 3423 intelligit,
2282 3369 2449 3424 quam
2483 3363 2647 3408 antea
2685 3352 2846 3408 idolis
2895 3368 2961 3407 ae
3019 3353 3340 3408 simulacris
3392 3353 3545 3408 addi-

1969 3455 2135 3512 ctam,
2167 3445 2426 3501 Christus
2491 3444 2604 3499 Rex
2657 3445 2763 3499 sibi
2818 3443 3194 3514 desponsavit,
3231 3455 3452 3513 propter
3482 3444 3547 3498 il-

1971 3537 2077 3591 lam
2103 3536 2360 3592 nimirum
2391 3536 2550 3590 ﬁdem
2575 3551 2739 3605 quam
2773 3535 2830 3589 in
2861 3552 2984 3590 eum
3016 3535 3242 3599 habuit;
3276 3552 3396 3604 quae
3423 3536 3547 3590 ideo

1974 3627 2163 3696 regina
2193 3642 2317 3682 esse
2359 3627 2590 3689 dicitur,
2645 3627 2776 3694 quia
2835 3626 3002 3678 animi
3035 3625 3548 3694 perturbationibus

1973 3719 2228 3788 imperat,
2253 3726 2312 3770 ut
2345 3717 2584 3779 domina,
2623 3727 2677 3770 et
2707 3716 2837 3785 quia
2867 3717 3031 3769 simul
3061 3731 3182 3769 cum
3215 3731 3415 3783 sponso
3446 3731 3550 3769 suo

1974 3805 2195 3861 Christo
2224 3815 2523 3876 conregnat
2551 3805 2604 3858 in
2636 3804 2849 3858 caelesti
2875 3819 3063 3872 regno.
3092 3804 3156 3858 Et
3189 3807 3305 3872 ipse
3327 3805 3548 3874 quidem

1975 3896 2226 3968 Sponsus
2285 3895 2540 3950 considet
2593 3910 2622 3947 a
2657 3893 2864 3948 dextris
2920 3892 3115 3954 Patris,
3183 3901 3442 3962 tanquam
3501 3896 3549 3949 ei

1979 3986 2493 4051 consubstantialis,
2524 3997 2578 4041 et
2623 3986 2816 4041 eodem
2852 3986 3068 4039 honore
3117 3984 3399 4055 praeditus.
3433 3986 3552 4056 Ipsa

1981 4086 2164 4132 autem
2197 4077 2383 4146 regina
2425 4075 2670 4131 Ecclesia
2739 4091 2848 4129 non
2904 4074 3178 4140 considet,
3217 4075 3312 4128 sed
3355 4086 3498 4131 astat
3523 4093 3560 4131 ιι

1981 4171 2194 4225 dextris
2224 4169 2449 4238 Sponsi,
2481 4183 2598 4222 una
2624 4182 2750 4221 cum
2773 4166 3116 4235 incorporeis
3157 4167 3554 4234 potestatibus.

1982 4263 2120 4316 Nam
2181 4262 2286 4316 etsi
2336 4275 2541 4331 sponsa
2592 4261 2664 4316 sit
2710 4268 2764 4314 et
2813 4259 3023 4330 regina,
3081 4268 3324 4313 attamen
3375 4271 3555 4314 creata

1983 4354 2232 4425 quaedam
2268 4365 2466 4408 natura
2501 4368 2628 4408 cum
2671 4353 2766 4418 sit,
2796 4352 3061 4406 eximium
3117 4353 3164 4405 ei
3218 4351 3342 4413 fuit,
3399 4353 3551 4421 quod

1985 4452 2098 4498 tam
2127 4445 2458 4497 honoratum
2490 4441 2766 4502 ordinem,
2796 4447 2852 4494 et
2878 4448 3081 4494 statum
3108 4438 3245 4493 adeo
3265 4438 3554 4493 sublimem

1991 4536 2063 4591 sit
2091 4545 2414 4589 consecuta.
2443 4533 2555 4589 Nec
2605 4541 2920 4604 repugnant
2982 4549 3106 4602 qua:
3153 4533 3388 4600 legimus
3416 4529 3568 4599 apud

1991 4626 2246 4692 Paulum,
2267 4629 2413 4696 quod
2442 4627 2724 4681 Considere
2755 4642 2848 4680 nos
2880 4626 3059 4694 fecerit
3089 4625 3224 4679 Deus
3252 4625 3306 4677 in
3338 4622 3560 4677 cmicsli-

1985 4718 2080 4771 bus
2112 4718 2166 4771 in
2199 4717 2416 4774 Christo
2443 4717 2573 4772 Jesu
2605 4719 2670 4772 “.
2721 4717 2826 4773 Per
2856 4716 3138 4770 Christum
3197 4716 3344 4770 enim
3377 4714 3431 4768 id
3465 4714 3564 4767 ad-

308 4807 594 4878 impletum
624 4819 726 4873 est,
762 4809 987 4867 Christo
1012 4811 1224 4868 scilicet
1256 4811 1369 4867 illic
1398 4813 1740 4877 considente,
1770 4814 1863 4882 qui
1904 4825 2158 4869 nostrum
2195 4823 2361 4884 caput
2385 4821 2488 4880 est,
2513 4824 2566 4868 et
2628 4812 2892 4868 honorem
2963 4810 3114 4863 illum
3180 4809 3340 4865 nobis
3382 4806 3564 4861 eumi-

308 4901 428 4964 bus,
454 4899 561 4955 hoc
593 4909 678 4956 est
724 4901 939 4975 reliquo
973 4903 1231 4960 Ecclesiae
1269 4904 1488 4973 corpori
1516 4918 1868 4959 communem
1909 4921 2033 4962 esse
2053 4906 2252 4961 eﬂ‘ecit.

389 5017 494 5070 ’Er
549 5018 843 5089 ἱματισμῷ
879 5019 1185 5090 διαχρύσῳ
1234 5019 1728 5088 περιϐεϐλημένη,
1777 5036 1881 5073 πε-

317 5109 694 5178 ποικιλμένη.
759 5111 1208 5182 Περισεσλημένη
1291 5110 1429 5180 μὲν,
1487 5111 1546 5163 ὲν
1605 5112 1886 5183 ἱματισμῷ

319 5198 577 5272 λαμπρῷ,
649 5204 772 5272 ἦτοι
829 5206 895 5274 τῇ
948 5205 1133 5274 χάριτι
1171 5202 1268 5255 τοῦ
1311 5202 1456 5256 θείου
1486 5203 1886 5272 βαπτίσματος,

319 5288 434 5361 ἢτῇ
468 5293 734 5365 περιϐολῇ
770 5296 864 5347 τοῦ
885 5295 1044 5363 ἀγίου
1081 5294 1404 5365 Πνεύματος
1431 5310 1448 5327 ο

384 5474 468 5528 ⁵⁸1
502 5474 631 5532 Cur.
659 5492 732 5540 ιν,
764 5475 849 5531 15.
908 5477 950 5510 δ’
979 5473 1179 5545 Ephes.
1212 5475 1342 5540 ",6.

1489 5295 1888 5366 πεποικιλμένη

2068 5021 2133 5076 In
2184 5022 2371 5076 vestitu
2400 5021 2660 5074 deaurato
2699 5020 3098 5073 circumamicla
3138 5018 3410 5072 varietate.
3448 5015 3566 5068 Cir-

1996 5114 2326 5169 cumamieta
2364 5113 2583 5180 quidem
2619 5112 2821 5166 vestitu
2861 5110 3172 5181 splendido,
3200 5108 3250 5162 id
3281 5115 3384 5170 est,
3415 5103 3566 5159 sacri

1997 5205 2350 5276 baptismatis
2403 5205 2615 5276 gratia;
2675 5204 2761 5260 vel
2799 5204 3004 5257 amictu
3073 5209 3128 5257 et
3178 5206 3333 5254 veste
3384 5194 3573 5250 saneti:

2003 5295 2265 5367 Spiritus,
2299 5305 2354 5351 ct
2397 5295 2603 5352 virtute
2665 5297 3022 5352 honestarum
3071 5289 3361 5347 virtutum.
3415 5284 3568 5341 Anti»

1643 5591 1842 5651 Varia:
1886 5589 2211 5654 lectiones‘

401 5713 507 5783 (60)
542 5716 626 5771 Al.
659 5715 733 5779 ὡς
755 5717 968 5786 ποιήσει
1000 5717 1094 5771 καὶ
1128 5716 1503 5786 παρακατιὼν.
