4114 6208
530 269 639 331 499

1773 270 2158 332 EUTIIYMII
2193 271 2555 341 ZlGABENI

3674 287 3780 351 500

530 394 678 439 etum
721 385 865 440 enim
898 393 952 441 et
985 384 1307 441 varietatem
1346 384 1770 440 intellectualem
1829 383 2099 454 intelligit,

2209 385 2288 456 δὲ,
2321 396 2386 465 τῇ
2419 397 2663 468 ποικιλίᾳ
2696 396 2801 451 τῶν
2851 399 3145 469 εὐπρεπῶν
3172 398 3406 470 ἀρετῶν.
3435 397 3650 472 Νοητὴν
3678 405 3788 473 γὰρ

530 476 991 547 quemadmodum
1023 475 1074 528 in
1111 486 1406 544 progressu
1438 474 1788 530 manifestius
1816 473 1998 529 docet.

606 654 769 708 Vens.
811 654 895 707 ll.
956 654 1118 718 Audi,
1145 654 1282 722 ﬁlia,
1320 663 1369 707 et
1407 653 1539 717 ride,
1568 662 1617 708 et
1671 652 1873 708 inclina
1925 671 2106 709 aurem

535 755 702 798 ιιιαηι.
759 741 896 798 Vide
952 759 1063 812 quo
1123 754 1284 813 pacto
1340 745 1587 813 reginam
1627 745 1769 798 hanc
1806 744 2109 800 Ecclesiam

534 836 807 907 Propheta
830 834 1047 890 Christo
1083 836 1437 906 despondeat.
1467 836 1657 891 Filiam
1691 847 1870 891 autem
1902 835 2109 890 Christi

534 928 780 983 eamdem
814 928 1130 997 appellavit,
1171 944 1335 997 quam
1358 944 1612 997 sponsam
1643 929 1787 983 fecit.
1829 927 1974 983 inter
2009 928 2109 982 ho-

537 1019 714 1073 mines
751 1019 895 1073 enim
936 1018 1274 1089 impossibile
1306 1028 1392 1073 est
1440 1020 1686 1075 eamdem
1738 1029 1791 1073 et
1848 1032 2106 1090 sponsam

535 1109 780 1177 ejusdem
812 1106 914 1161 viri
948 1122 1069 1161 esse
1089 1116 1141 1163 et
1169 1107 1358 1172 filiam,
1394 1106 1488 1162 sed
1512 1108 1565 1161 in
1606 1108 1827 1161 Christo
1852 1105 2109 1174 possibile

533 1208 640 1254 est.
672 1197 949 1266 Spirituali
976 1195 1121 1252 enim
1154 1198 1313 1252 modo
1344 1197 1458 1252 [nec
1513 1198 1687 1261 fiunt;
1733 1198 1933 1267 quippe
1983 1212 2107 1251 cum

538 1305 634 1359 per
673 1289 1023 1359 Evangelium
1064 1290 1116 1343 in
1148 1305 1406 1359 sponsam
1449 1306 1549 1346 nos
1578 1291 1677 1345 sibi
1724 1291 1923 1356 deligat
1953 1289 2112 1344 Chri-

536 1391 674 1443 stus,
708 1389 760 1435 et
798 1397 894 1451 per
939 1381 1196 1452 baptismi
1251 1383 1729 1453 regenerationem
1763 1382 1983 1437 eosdem
2016 1382 2110 1434 ad-

536 1481 687 1542 optet
713 1473 765 1527 in
793 1473 956 1529 ﬁlios.
996 1474 1135 1528 Audi
1191 1475 1380 1545 igitur,
1417 1474 1598 1543 inquit
1645 1474 1937 1543 Propheta,
1989 1488 2111 1543 quze

535 1566 680 1627 dico,
714 1574 768 1620 et
802 1567 923 1621 vide
959 1584 973 1620 :
1008 1565 1190 1620 omnia
1222 1567 1311 1620 illa
1347 1566 1628 1630 nimirum,
1665 1581 1783 1635 qua:
1814 1574 2033 1635 propter
2059 1573 2111 1620 te

418 1718 425 1729 ,
534 1674 733 1726 passus
787 1669 872 1713 est
911 1658 1178 1727 Sponsus,
1236 1670 1329 1714 aut
1376 1675 1714 1730 quaecunque
1748 1658 1878 1714 fecit
1936 1658 2108 1713 admi-

537 1752 727 1813 randa,
762 1761 815 1803 et
850 1750 1049 1805 inclina
1076 1766 1264 1806 aurem
1293 1762 1438 1805 tuam
1469 1752 1615 1805 illius
1646 1750 1957 1819 praeceptis.

603 1839 673 1894 Et
714 1842 1017 1897 obliviscere
1047 1846 1299 1913 populum
1338 1853 1507 1897 tuum.
1539 1842 1730 1897 Gentis
1762 1851 1888 1909 tum,
1928 1856 2105 1911 prava:

533 1933 790 1988 nimirum
827 1936 1256 1991 conversationis
1289 1935 1504 1990 illorum
1541 1945 1594 1991 et
1624 1936 1822 2004 prioris
1848 1935 1994 1989 vitat.

607 2110 674 2163 Et
695 2111 907 2166 domum
949 2113 1121 2181 patris
1154 2114 1251 2168 tui.
1290 2115 1354 2167 Et
1387 2116 1648 2182 templum
1682 2114 1881 2169 diaboli
1935 2115 2105 2182 patris

531 2202 612 2256 tui
648 2220 660 2256 :
693 2201 877 2257 Omnis
902 2204 1069 2267 enim,
1116 2205 1313 2274 inquit,
1345 2207 1434 2275 qui
1466 2206 1587 2275 fecit
1607 2217 1899 2275 peccatum,
1931 2223 1958 2261 ε
1983 2206 2105 2259 dia-

532 2292 655 2347 bolo
679 2295 923 2348 nascitur
942 2297 1006 2349 δ’.
1042 2293 1387 2351 Obliviscere
1421 2298 1586 2351 etiam
1621 2297 1986 2352 scelestorum
2018 2311 2105 2352 sa-

532 2384 865 2440 criﬁciorum
928 2402 992 2440 ac
1047 2387 1410 2441 l‘estivitatnm
1470 2389 1686 2442 illarum
1750 2403 1885 2457 quas
1942 2388 2105 2455 impie

531 2474 663 2527 olim
717 2474 1035 2543 peragebas.
1074 2476 1168 2532 Vel
1204 2476 1427 2530 domum
1458 2477 1624 2545 patris
1684 2475 1937 2530 fortassis
1982 2474 2104 2528 ideo

532 2565 687 2626 dicit,
720 2566 845 2635 quia
887 2568 1116 2636 gentiles
1138 2569 1267 2623 olim
1297 2568 1350 2621 in
1380 2575 1634 2635 parentes
1672 2583 1737 2623 ac
1786 2558 2101 2639 progenito-

533 2670 622 2711 res
653 2656 756 2711 sibi
795 2658 1146 2713 ascribebant
1180 2659 1456 2716 fabulosos
1497 2660 1619 2715 illos
1655 2660 1807 2715 deos.
1836 2657 1977 2726 Quid
2005 2659 2103 2725 igi-

535 2758 626 2802 tur
654 2747 720 2802 ad
748 2749 863 2803 hac
901 2749 1082 2805 dicent
1114 2749 1328 2805 Judtei?
1362 2752 1585 2805 Certum
1616 2751 1760 2804 enim
1795 2758 1900 2815 est,
1953 2750 2099 2819 quod

530 2837 600 2892 de
626 2852 815 2894 eorum
854 2839 1141 2911 Synagoga
1201 2857 1310 2897 non
1349 2842 1595 2913 loquitur
1650 2842 1941 2912 Propheta,
1976 2856 2099 2896 eum

458 2986 465 2999 ,
532 2931 649 2999 lege
674 2937 895 2985 cautum
922 2942 1087 2999 esset,
1120 2941 1178 2986 ut
1213 2948 1241 2986 a
1278 2934 1473 3003 patriis
1506 2937 1753 2990 moribus
1806 2949 1914 2989 non
1946 2949 2099 2989 recc-

535 3023 750 3078 tierent.

603 3114 768 3171 Vens.
799 3118 886 3171 12.
932 3117 995 3169 Et
1030 3120 1356 3187 concupiscet
1409 3118 1514 3173 Rex
1553 3121 1790 3174 decorem
1826 3129 1999 3175 tuum.
2038 3119 2103 3172 Et

530 3206 721 3275 diliget
750 3215 825 3271 te,
860 3208 1057 3276 inquit,
1092 3210 1136 3263 si
1169 3208 1368 3264 ieceris
1402 3226 1523 3282 qua:
1545 3211 1683 3265 dixi.
1723 3212 1823 3266 Per
1848 3213 2101 3267 decorem

531 3312 686 3362 vero,
742 3309 799 3353 ut
845 3298 1111 3367 diximus,
1162 3302 1360 3356 anima:
1413 3302 1882 3372 pulchritudinem
1940 3304 2106 3359 intel-

531 3386 664 3456 ligil.

602 3475 868 3541 Quoniam
899 3478 1025 3545 ipse.
1065 3488 1140 3534 est
1201 3478 1456 3535 Dominus
1514 3482 1651 3538 Deus
1718 3492 1860 3550 tuus,
1891 3493 1940 3540 et
1969 3484 2102 3539 ado-

532 3565 677 3619 rabis
716 3582 856 3620 eum.
892 3568 1235 3638 Desponsare
1263 3570 1364 3636 illi,
1394 3572 1598 3642 inquit.
1647 3583 1701 3629 et
1737 3574 2004 3644 adoptare
2032 3576 2101 3629 ab

530 3671 615 3713 eo.
654 3656 919 3716 Dominus
948 3661 1095 3717 enim
1129 3669 1257 3720 tuus
1307 3673 1411 3728 est,
1441 3666 1610 3721 veluti
1647 3677 1878 3722 creator.
1912 3664 1958 3721 0
1997 3665 2101 3720 im-

531 3760 778 3801 mensam
809 3747 1248 3805 misericordiam
1281 3760 1337 3807 et
1362 3752 1759 3823 benignitatem
1797 3752 1887 3809 Dei
1914 3754 1928 3807 l
1958 3751 2102 3809 Ado-

530 3839 679 3894 rabis
712 3855 858 3904 eum,
886 3840 1085 3910 inquit,
1120 3850 1176 3898 ut
1231 3860 1412 3910 serva,
1467 3847 1679 3902 tametsi
1743 3846 1833 3902 ille
1893 3857 1946 3902 te
1994 3845 2099 3903 sibi

534 3942 791 3997 sponsam
824 3929 1015 3984 fecerit
1048 3940 1102 3987 et
1139 3932 1325 3988 tiliam.

602 4015 772 4074 Vsus.
800 4020 885 4075 l5.
924 4019 988 4073 Et
1009 4021 1125 4090 ﬁlia
1148 4022 1273 4092 Tyri
1301 4025 1356 4077 iu
1375 4026 1698 4081 ntuneribus.
1718 4027 1867 4083 idola
1884 4028 2100 4084 colebat

534 4108 709 4180 Tyrus
740 4118 795 4165 et
817 4112 1141 4182 impiissima
1172 4114 1314 4170 inter
1344 4131 1537 4172 omnes
1568 4118 1704 4172 alias
1734 4128 1851 4173 erat
1879 4118 2095 4174 civitas.

530 4199 783 4256 Praedicit
818 4203 990 4273 igitur
1037 4206 1212 4275 ipsam
1246 4206 1410 4260 etiam
1443 4206 1645 4276 Tyrum
1699 4207 1922 4265 Christo
1954 4210 2097 4264 dona

530 4291 815 4347 allaturam
850 4310 1009 4362 esse;
1046 4297 1375 4365 templorum
1410 4297 1674 4353 nimirum
1726 4302 2099 4355 constructio-

532 4400 651 4451 nes,
685 4386 992 4442 oblationes
1057 4396 1113 4443 et
1153 4387 1362 4457 reliqua
1424 4405 1547 4461 qua:
1592 4390 1657 4445 ad
1689 4392 1935 4448 divinum
1972 4409 2099 4463 per-

528 4477 705 4532 tinent
732 4478 961 4534 cultum.
992 4477 1131 4546 Erit,
1161 4479 1363 4547 inquit,
1395 4482 1450 4537 in
1475 4482 1637 4538 donis
1669 4484 1777 4539 tilia
1811 4486 1961 4556 Tyri,
1998 4487 2101 4541 hoc

530 4577 635 4633 est,
664 4568 782 4639 ipsa
812 4567 1013 4638 Tyrus.
1039 4570 1134 4624 Est
1162 4570 1308 4625 enim
1340 4571 1540 4628 idioma
1574 4574 1923 4642 llebraieum,
1947 4580 2102 4648 juxta

529 4661 678 4730 quod
715 4671 769 4717 ct
800 4661 966 4716 tiliam
1009 4661 1306 4733 Babylonis
1360 4665 1469 4721 diei
1524 4667 1777 4737 legimus.
1838 4678 1894 4723 et
1932 4671 2096 4724 tiliam

530 4750 684 4816 Sion,
725 4759 775 4806 et
810 4752 914 4806 alia
948 4753 1265 4823 huiusmodi
1291 4757 1485 4812 multa.
1518 4756 1708 4813 Filiam
1739 4767 1921 4813 autem
1961 4760 2096 4815 civi-

525 4848 689 4895 tatem
716 4842 975 4912 appellat,
1004 4845 1072 4899 ad
1095 4845 1262 4901 totius
1282 4848 1579 4916 provinciae
1601 4850 2090 4918 comparationem,

526 4926 685 5000 cujus
709 4935 829 5004 ipsa
862 4933 1043 5007 Tyrus
1066 4945 1153 4992 est
1186 4953 1334 5008 pars.
1374 4938 1625 4996 Similem
1662 4942 1919 5010 loquendi
1975 4959 2094 5001 mo-

527 5026 657 5079 dum
713 5027 957 5082 invenies
1008 5028 1065 5082 in
1110 5029 1216 5083 line
1272 5030 1465 5099 psalmi
1511 5049 1659 5087 Lxxu
1714 5033 1860 5107 [ibi:
1901 5035 1964 5093 Ut
1992 5052 2093 5089 an-

530 5118 765 5171 nunticm
830 5132 1009 5172 manes
1064 5119 1401 5176 laudationes
1461 5134 1579 5178 luas
1636 5124 1690 5177 in
1749 5126 1916 5194 portis
1963 5126 2091 5196 ﬁlim

524 5208 699 5282 Sion.]

601 5303 809 5361 Vultum
837 5313 985 5358 tuum
1020 5305 1435 5372 deprecabuntur
1468 5325 1645 5364 omnes
1676 5311 1859 5366 divites
1885 5312 2086 5381 populi.

592 5488 639 5521 δ’
690 5488 847 5545 Joan.
882 5509 1002 5558 Vill,
1034 5494 1129 5548 54.

2128 3006 2175 3068 C

2210 485 2361 556 λέγει
2401 489 2693 562 περιϐολὴν
2727 491 2819 543 καὶ
2856 489 3147 556 ποικιλίαν,
3181 492 3256 555 ὡς
3318 491 3525 561 προῖὼν
3583 494 3786 561 διδάξει

2212 594 2344 647 φανε
2354 577 2488 647 ρώτε
2496 597 2608 650 ρον.

2284 670 2608 735 Ἀκουσον,
2657 674 2930 742 θύγατερ,
2992 676 3090 729 καί
3146 676 3257 739 ἴδε,
3314 676 3411 732 καί
3458 676 3673 730 κλῖνον
3719 676 3786 729 τὸ

2210 749 2321 819 οὖς
2373 772 2512 809 σου.
2580 760 2720 830 Ὅρα
2767 761 2883 825 πῶς
2947 764 3425 833 προμνηστεύεται
3480 764 3687 834 ταύτην
3708 764 3788 836 τῷ

2211 848 2455 919 Χριστῷ.
2483 849 2772 921 Θυγατέρα
2799 855 2856 909 δὲ
2888 854 2983 908 τοῦ
3029 857 3267 925 Χριστοῦ
3311 856 3412 929 τὴν
3455 858 3629 925 αὐτὴν
3683 861 3790 912 πά-

2210 940 2295 991 λιν
2329 941 2608 1011 ὀνόμαζει.
2649 944 2772 998 Ἐπὶ
2797 946 2896 1015 μὲν
2924 946 3033 1000 τῶν
3056 948 3382 1018 ἀνθρώπων,
3439 948 3541 1002 οὐκ
3600 948 3778 1003 ἔνεστι

2210 1036 2310 1106 τὴν
2344 1036 2517 1108 αὐτὴν
2550 1034 2691 1092 εἶναι
2720 1041 2815 1093 καὶ
2849 1040 3070 1110 νύμφην
3102 1042 3197 1095 καὶ
3234 1042 3512 1110 Θυγατέρα
3561 1044 3656 1098 τοῦ
3685 1045 3785 1097 αὒ-

2211 1128 2339 1182 τοῦ’
2381 1131 2471 1184 ἐπὶ
2508 1130 2566 1184 δὲ
2586 1130 2680 1183 τοῦ
2716 1131 2979 1202 Χριστοῦ,
3013 1134 3111 1186 καὶ
3160 1134 3473 1204 ἀμφότερα,
3530 1152 3781 1204 πνευμα-

2162 1262 2166 1266 α
2212 1220 2341 1274 τικὰ
2364 1224 2472 1293 γάρ
2499 1238 2510 1250 ’
2545 1223 2640 1276 καὶ
2679 1223 3060 1293 ὲνυμφεύσατο
3095 1225 3195 1292 μὲν
3225 1225 3415 1294 αὐτὴν,
3436 1224 3523 1280 διὰ
3546 1225 3641 1278 τοῦ
3676 1224 3779 1278 Εὐ.

2213 1314 2467 1380 αγγελίου
2502 1331 2514 1345 ·
2548 1313 2904 1384 ἀνεγέννησεν
2942 1315 3020 1380 δὲ,
3070 1316 3159 1370 διὰ
3218 1316 3314 1369 τοῦ
3379 1316 3781 1387 βαπτίσματος.

2217 1407 2505 1469 Ἀκουσον,
2540 1406 2727 1475 φησιν,
2758 1404 2794 1459 ἃ
2822 1404 2986 1472 λέγω,
3022 1405 3116 1458 καὶ
3144 1404 3219 1457 ἴδε
3258 1406 3357 1458 ὅσα
3385 1404 3469 1457 διὰ
3501 1404 3560 1456 σὲ
3584 1405 3785 1457 πέπον.

2215 1498 2305 1554 Θεν
2344 1502 2371 1553 ὁ
2410 1500 2640 1569 νυμφίος
2674 1518 2688 1531 ⁸
2735 1500 2891 1569 ἢόσα
2926 1498 3194 1570 πεποίηκε
3226 1497 3480 1566 θαύματα
3507 1515 3520 1529 ’
3552 1497 3787 1549 ualui!-

2214 1609 2301 1645 νον
2324 1592 2385 1646 τὸ
2414 1592 2507 1655 οῦς
2538 1609 2656 1646 σου.
2680 1591 2879 1655 ὑπόθες
2911 1590 3042 1644 αὐτὸ
3063 1590 3182 1653 ταῖς
3216 1588 3459 1651 ἐντολαῖς
3485 1588 3675 1645 αὑτοῦ.

2279 1853 2387 1907 Kal
2417 1852 2706 1907 ἐπιλάθου
2740 1851 2844 1905 τοῦ
2881 1850 3037 1906 λαοῦ
3083 1864 3220 1903 σου.
3265 1846 3372 1902 Τοῦ
3420 1848 3607 1908 ἔθνους
3667 1863 3783 1910 σου,

2208 1942 2476 2007 τουτέστι,
2530 1943 2627 2014 τῆς
2680 1943 2925 2013 πονηρᾶς
2973 1940 3152 1996 αὐτῶν
3211 1938 3511 2000 πολιτείας,
3559 1936 3784 2006 καὶτῆς

2210 2037 2376 2109 προτέ
2388 2055 2484 2109 ρας
2511 2036 2811 2106 διαγωγῆς.

2282 2128 2389 2182 Καὶ
2429 2128 2535 2183 τοῦ
2566 2128 2736 2182 οἴκου
2762 2126 2866 2181 τοῦ
2900 2126 3125 2195 πατρός
3164 2140 3304 2179 σου.
3341 2123 3450 2176 Kal
3505 2121 3599 2174 τοῦ
3650 2118 3777 2173 ναοῦ

2209 2223 2303 2278 τοῦ
2342 2224 2609 2285 διαϐόλου.
2653 2223 2746 2278 τοῦ
2772 2224 2974 2294 πατρός
3007 2240 3120 2277 σου.
3172 2221 3295 2286 Πᾶς
3324 2222 3455 2291 γὰρ,
3506 2220 3714 2289 φησὶν,,
3749 2222 3781 2272 ὀ

2208 2313 2394 2369 ποιῶν
2420 2314 2536 2382 τὴν
2563 2317 2872 2384 ἁμαρτίαν,
2899 2315 2967 2368 ἐκ
2995 2316 3101 2369 τοῦ
3133 2314 3416 2367 διαϐόλου
3446 2311 3776 2381 γεγένηται.

2221 2406 2513 2462 Ἐπιλάθου
2546 2408 2640 2460 καὶ
2675 2406 2782 2459 τῶν
2812 2406 3026 2477 μιαρῶν
3056 2405 3278 2468 θυσιῶν,
3311 2405 3408 2458 καὶ
3436 2404 3546 2456 τῶν
3570 2403 3778 2471 ἐναγῶν

2207 2498 2432 2552 ἐκείνων
2459 2499 2710 2553 τελετῶν.
2760 2499 2868 2552 Καὶ
2899 2499 3076 2563 ἄλλως
3106 2498 3214 2570 γὰρ
3241 2497 3311 2550 τὰ
3349 2495 3480 2567 ἔθνη
3534 2496 3777 2564 πατέρας

2206 2590 2414 2643 ἑαυτῶν
2437 2590 2748 2660 ἐπέγραφον
2771 2592 2897 2653 τοὺς
2933 2591 3334 2661 μυθευομένους
3357 2587 3533 2648 θεούς.
3560 2586 3624 2641 Τί
3646 2587 3687 2638 δ’
3713 2586 3778 2640 ἂν

2206 2682 2414 2735 εἴποιεν
2452 2682 2697 2736 Ἰουδαῖοι
2749 2683 2882 2753 πρὸς
2908 2683 3117 2748 ταῦτα;
3143 2681 3428 2752 Προδήλως
3454 2682 3583 2751 γὰρ.
3604 2679 3664 2731 οὗ
3681 2677 3779 2747 τὴν

2206 2772 2384 2827 αὐτῶν
2420 2772 2569 2840 λέγει
2597 2772 2943 2845 συναγωγὴν,
2969 2768 3051 2837 οἷς
3093 2772 3328 2845 μάλιστα
3350 2771 3509 2842 νόμος
3546 2769 3621 2839 μὴ
3651 2766 3777 2838 ﬁei-

2208 2863 2435 2916 στασθαι
2465 2864 2573 2916 τῶν
2603 2865 2868 2936 πατρίων.

2291 3125 2677 3194 Ἐπιθυμήονει
2727 3130 2759 3181 d
2811 3128 3114 3194 ,βασιλεὺς
3170 3129 3276 3183 τοῦ
3335 3128 3603 3192 κάλλους
3634 3141 3772 3179 σου.

2208 3214 2320 3268 Kal
2347 3216 2627 3286 ἀγαπήσει
2652 3233 2732 3282 σε,
2763 3219 2812 3269 εἰ
2849 3220 3099 3289 ποιήσεις
3143 3218 3179 3273 ἃ
3213 3214 3389 3273 εἷπον.
3457 3218 3669 3280 Κάλλος
3716 3215 3773 3269 δὲ

2208 3306 2430 3377 ταύτης,
2461 3309 2493 3378 ἡ
2520 3308 2728 3380 ψυχικὴ
2759 3309 3052 3381 ὼραιότης,
3084 3309 3160 3374 ὡς
3182 3311 3423 3381 εἴρηται.

2281 3480 2412 3535 Ὀτι
2431 3481 2607 3546 αὐτός
2649 3482 2818 3534 ἐστιν
2855 3483 2888 3535 ό
2922 3482 3143 3550 Κύριός
3181 3496 3317 3548 σου,
3364 3484 3459 3536 καί
3505 3496 3771 3548 προσκυ-

2205 3572 2419 3640 νήσεις
2445 3571 2627 3637 αὐτῷ.
2661 3571 3021 3641 Νυμφεύθητι
3048 3572 3218 3643 αὐτῷ,
3263 3574 3358 3626 καὶ
3403 3572 3771 3642 υίοποιήθητι.

2215 3667 2276 3720 ’0
2328 3652 2609 3735 Δεσπότης
2651 3666 2746 3720 σού
2794 3667 2962 3729 ἐστιν,
3013 3665 3089 3729 ὡς
3150 3666 3504 3736 δημιουργός.
3551 3667 3615 3718 Ὢ
3674 3665 3778 3733 τῆς

2204 3759 2434 3830 ἀπείρου
2489 3758 2952 3827 συγκαταὸάσεως
3012 3760 3107 3813 καὶ
3158 3759 3604 3829 φιλανθρωπίαςῐ
3665 3759 3777 3811 Kal

2204 3852 2608 3923 προσκυνήσεις
2638 3851 2789 3923 αὑτῷ
2834 3850 3115 3917 δουλικῶς,
3176 3852 3228 3904 εί
3270 3852 3362 3905 καὶ
3407 3850 3627 3920 νύμφην
3680 3850 3775 3903 καὶ

2207 3945 2485 4016 Θυγατέρα
2517 3960 2576 3997 σε
2609 3943 2904 4015 πεποίηκε.

2276 4038 2389 4092 Kal
2426 4036 2692 4105 θυγάτηρ
2720 4037 2906 4104 Τύρου
2931 4037 3002 4090 ὲν
3046 4035 3276 4103 δώροις.
3316 4035 3653 4095 Κατείδωλος
3706 4030 3775 4103 ἦν

2205 4130 2465 4201 ἠτύρος,
2506 4129 2601 4182 καὶ
2657 4127 3059 4197 δυσσεϐεστάτη
3106 4127 3337 4197 μάλιστα
3390 4127 3499 4179 τῶν
3557 4126 3775 4179 πόλεων

2204 4223 2402 4276 ἄλλων.
2437 4220 2777 4291 Προφητεύει
2810 4217 2961 4288 γοῦν,
2992 4220 3075 4273 ὅτι
3108 4218 3201 4272 καὶ
3233 4218 3371 4289 αὐτὴ
3396 4219 3773 4290 δωροφορήσει

2131 4351 2177 4407 D
2208 4313 2286 4381 τῷ
2312 4310 2534 4382 Χριστῷ
2584 4310 2731 4364 ναῶν
2773 4311 3085 4381 οἰκοδομὰς,
3135 4309 3230 4364 καὶ
3268 4310 3615 4379 ἀναθήματα,
3678 4309 3775 4361 καὶ

2206 4404 2304 4473 τὴν
2339 4403 2507 4473 ἄλλην
2530 4402 2808 4475 λατρείαν.
2844 4403 3057 4470 Ἔσται,
3085 4403 3272 4472 φησιν,
3304 4403 3362 4455 ἐν
3390 4401 3606 4472 δώροις.
3658 4403 3769 4455 Θυ-

2200 4495 2384 4564 γάτηρ
2430 4494 2487 4547 δὲ
2540 4495 2747 4562 Τύρου,
2806 4494 2930 4548 ἀντὶ
2984 4494 3079 4549 τοῦ
3100 4536 3123 4570 ,υ
3170 4493 3498 4565 ήΘυγάτηρ
3557 4493 3768 4562 Τύρος’

2204 4584 2401 4655 ἰδίωμα
2430 4585 2538 4657 γὰρ
2568 4584 2845 4639 καὶτοῦτο
2878 4585 3168 4656 Ἐσραϊκόν
3204 4603 3219 4619 ·
3247 4586 3390 4641 οὕτω
3418 4587 3528 4655 γὰρ
3562 4587 3653 4638 καὶ
3687 4583 3769 4649 τὸ,

2200 4677 2473 4746 Θυγάτηρ
2512 4676 2894 4743 Βαϐυλῶνος,
2922 4679 3017 4731 καὶ
3050 4680 3104 4735 εί
3159 4698 3210 4733 τι
3271 4678 3533 4733 τοιοῦτον.
3590 4678 3767 4744 Θυγα-

2197 4766 2330 4835 τέρα
2356 4765 2412 4818 δὲ
2436 4764 2664 4818 καλοῦσι
2686 4766 2786 4835 τὴν
2809 4768 2986 4833 πόλιν,
3017 4767 3095 4832 ὡς
3128 4768 3266 4839 πρὸς
3285 4768 3383 4839 τὴν
3405 4769 3533 4837 ὃλην
3560 4768 3767 4837 χώραν.

2197 4853 2266 4928 ἧς
2312 4855 2451 4927 αῦτη
2505 4857 2669 4927 μέρος
2706 4858 2843 4914 ἐστί.
2908 4858 3044 4929 Περὶ
3086 4863 3178 4913 τοῦ
3231 4860 3522 4928 ἰδιώματος
3573 4859 3767 4911 τούτου

2200 4950 2403 5018 ζητῶν,
2438 4950 2692 5022 εὑρήσεις
2721 4952 2814 5006 καὶ
2840 4951 2953 5023 (6i)
2987 4953 3068 5017 είς
3104 4952 3195 5007 τὸν
3216 4951 3292 5023 οβ’
3320 4952 3554 5022 ψαλμὸν,
3583 4952 3642 5003 ὲν
3688 4951 3767 5021 τῷ

2198 5040 2361 5095 τέλει.

2273 5312 2343 5367 Τὸ
2391 5311 2715 5380 πρόσωπόν
2759 5328 2878 5367 σου
2922 5310 3393 5367 λιτανεύσουσιν
3435 5309 3655 5374 πάντες
3710 5314 3764 5363 at

1852 5584 2049 5647 Variae
2087 5585 2412 5649 lectiones.

596 5682 706 5755 (6i)
728 5686 791 5740 Al
846 5689 1005 5758 Ζήτει
1040 5689 1165 5758 mp‘:
1184 5686 1275 5743 τοῦ
1304 5688 1593 5761 ἰδιώματος
1632 5689 1839 5771 τούτου,
1904 5691 1959 5744 ἐν
2002 5690 2076 5762 τῷ
2098 5689 2174 5760 οβ’
2200 5690 2417 5762 ψαλμῷ,
2442 5693 2498 5746 ὲν
2520 5692 2595 5763 τῷ
2618 5692 2781 5747 τέλει.
