4072 6202
529 308 634 373 503

1750 310 2136 375 EUTHYMII
2173 313 2534 379 ZIGABENI

3666 320 3772 383 504

525 420 724 490 quibus
761 420 1226 477 sollicitudinibus
1257 422 1339 476 ha:
1369 422 1611 493 virgines
1646 423 1916 477 immunes
1943 429 2090 486 sunt,

2211 427 2348 491 levo;
2388 429 2789 498 ἀπαλλαγεῖσα,
2864 431 2960 485 καὶ
3018 429 3155 501 πρὸς
3209 429 3370 500 μόνον
3429 428 3521 482 τὸν
3578 433 3773 499 νοητὸν

526 529 650 567 cum
688 512 754 566 ad
789 512 1009 566 unicum
1036 522 1091 568 et
1121 513 1398 569 cmlestem
1435 514 1709 584 Sponsum
1739 513 1917 569 solum
1964 526 2093 583 spe-

528 614 760 666 ctantes.
794 603 1155 672 spiritualiter
1181 606 1548 668 oblectentur,

597 696 869 749 Ducentur
922 697 977 749 in
1017 698 1268 767 templum
1318 698 1495 769 Regis.
1529 698 1624 753 Vel
1656 698 1785 768 quia
1817 698 2091 770 virginum

526 788 751 842 ordines
792 789 844 842 in
880 787 1127 844 Ecclesia
1168 799 1483 845 statuentur
1514 809 1526 844 :
1557 791 1641 845 vel
1670 806 1764 860 per
1802 791 2090 860 templum,

523 882 805 937 cmlestem
838 883 1041 953 regiam
1062 883 1340 954 intelligit,
1364 884 1430 937 ad
1462 898 1623 953 quam
1658 883 1897 955 virgines
1918 884 2093 938 addu-

524 980 717 1028 centur
750 973 819 1029 ab
852 973 1081 1043 angelis.

595 1153 763 1209 Vens.
795 1154 882 1207 l7.
910 1154 1020 1208 Pro
1065 1155 1304 1223 patribus
1338 1156 1440 1209 tuis
1498 1156 1611 1208 nati
1656 1163 1778 1208 sunt
1821 1156 1913 1209 tibi
1971 1155 2091 1224 ﬁlii.

526 1244 653 1300 llaec
678 1246 742 1299 ad
772 1245 1074 1301 Ecclesiam
1106 1245 1344 1300 ﬁdelium
1387 1244 1534 1300 dicta
1569 1252 1700 1299 sunt
1735 1259 1936 1313 :quam
1966 1244 2093 1315 quia

523 1338 765 1407 jusserat
804 1337 1083 1407 Propheta
1113 1351 1141 1390 a
1186 1337 1364 1406 patria
1415 1335 1580 1390 domo
1617 1334 1926 1401 discedere,
1963 1349 2095 1389 con-

525 1428 733 1483 solatur
768 1443 915 1482 nunc
946 1427 1156 1493 dicens,
1192 1427 1333 1496 quod
1369 1426 1464 1480 ﬁlii
1499 1424 1642 1494 ejus,
1698 1424 1882 1480 ﬁdeles
1939 1424 2096 1478 nimi-

526 1537 672 1584 rum,
709 1522 802 1590 qui
838 1536 935 1591 per
969 1517 1304 1589 baptismum
1337 1518 1697 1589 regenerandi
1728 1527 1907 1583 erant,
1962 1532 2094 1573 nas-

525 1624 719 1669 centur
785 1614 907 1667 loco
978 1620 1267 1682 parentum
1346 1610 1504 1681 ejus,
1575 1619 1741 1680 atque
1799 1610 1853 1663 in
1905 1623 2094 1664 eorum

524 1705 872 1761 suﬁicientur
904 1704 1272 1773 dignitatem;
1310 1701 1672 1772 episcopique
1721 1716 1784 1755 ac
1835 1699 2093 1755 custodes

528 1796 839 1857 hominum,
890 1804 944 1849 et
995 1794 1369 1850 Ecelesiarum
1409 1794 1672 1863 praesides
1724 1792 1778 1846 in
1820 1800 1938 1847 toto
1969 1791 2100 1846 orbe
2134 1774 2176 1830 Β

526 1886 935 1941 constituentur
967 1904 979 1939 :
1018 1885 1165 1955 quod
1226 1885 1281 1939 in
1334 1883 1699 1953 sequentibus
1726 1884 1890 1937 etiam
1927 1884 2101 1953 magis

526 1977 760 2046 explicat
789 1975 978 2030 dicens
1007 1992 1020 2029 :

596 2067 897 2120 Constitucs
926 2083 1014 2120 eos
1040 2068 1298 2135 principes
1332 2082 1487 2133 super
1534 2083 1738 2120 onmem
1763 2076 1984 2120 terram.
2016 2065 2101 2119 Ad

525 2155 812 2211 Clu-istum
861 2172 1174 2211 sermonem
1238 2158 1425 2220 habet,
1480 2158 1639 2226 cujus
1701 2165 1957 2227 parentes
2002 2170 2100 2211 seu

525 2256 713 2315 patres
749 2262 813 2302 ex
842 2255 1089 2302 materno
1120 2263 1342 2317 genere,
1371 2249 1644 2303 Abraham
1676 2246 1799 2312 fuit,
1826 2264 1888 2303 ac
1919 2247 2100 2303 caeteri

526 2338 858 2407 patriarchae
886 2347 939 2394 et
970 2339 1254 2410 pr0phetae
1276 2357 1291 2405 ;
1316 2340 1409 2394 ﬁlii
1438 2355 1567 2395 vero
1592 2340 1825 2409 apostoli
1854 2338 2019 2408 ,quod
2046 2338 2100 2392 in

525 2433 849 2503 dignitatem
884 2439 1176 2502 parentum
1227 2432 1434 2487 Christi
1468 2430 1686 2485 suﬁ‘ecti
1718 2438 1887 2495 sunt;
1923 2427 2099 2482 effecti

525 2525 786 2579 nimirum
807 2533 860 2580 et
888 2524 991 2594 ipsi
1019 2524 1368 2595 patriarchae,
1393 2539 1455 2578 ac
1479 2524 1837 2593 plurimarum
1858 2520 2099 2592 gentium

522 2627 733 2686 patres,
763 2633 903 2686 quos
931 2632 1031 2687 per
1071 2618 1409 2686 baptismum
1466 2617 1569 2672 sibi
1620 2625 1974 2686 genuerunt:
2005 2614 2099 2684 qui

526 2708 693 2763 etiam
727 2708 872 2779 digni
907 2708 1074 2762 habiti
1100 2718 1248 2772 sunt,
1282 2717 1340 2760 ut
1373 2708 1602 2776 spiritus
1634 2708 1863 2778 gratiam
1892 2708 2105 2777 recipe~

528 2808 677 2867 rent,
717 2809 889 2869 utque
916 2800 1081 2853 veluti
1113 2799 1299 2854 eximii
1326 2797 1550 2868 quidam
1587 2801 1755 2855 duces
1793 2799 1847 2853 in
1881 2798 2105 2853 univer-

532 2904 653 2943 sum
679 2887 865 2942 orbem
911 2897 1181 2943 terrarum
1239 2889 1614 2944 mitterentur.
1676 2887 1876 2943 Euntes
1935 2889 2100 2952 enim,

529 2980 731 3051 inquit,
774 2980 957 3035 docete
998 2997 1179 3035 omnes
1232 2991 1407 3051 gentes
1437 2982 1520 3048 ";
1575 2996 1679 3036 nec
1728 2981 2104 3036 tantummodo

2201 521 2381 592 ὁρῶσα
2427 523 2682 594 νυμφίον,
2742 523 2920 594 χαίρει
2976 522 3384 593 πνευματικῶς.

2284 705 2675 773 Ἀχθήσονται
2738 705 2824 769 εις
2869 700 3022 755 ναὸν
3051 699 3379 764 βασιλέως.
3426 698 3497 750 Ἦ
3549 696 3634 750 ὅτι
3677 697 3776 749 καὶ

2202 796 2491 867 παρθένων
2510 795 2766 864 τάγματα
2799 793 2877 864 τῷ
2902 792 3091 862 κλήρῳ
3112 791 3213 860 τῆς
3253 789 3589 860 Ἐκκλησίας
3645 790 3778 858 ἀφο-

2208 890 2523 962 ρισθήσεται
2559 906 2575 919 ·
2634 890 2667 959 ἢ
2719 887 2868 951 ναὸν,
2932 885 3026 939 τὸν
3092 883 3440 953 ἐπουράνιον,
3489 883 3683 936 καὶτὰ
3719 883 3778 935 ὲν

2203 982 2421 1054 οὐρανῷ
2450 980 2720 1051 βασίλεια,
2755 980 2834 1041 είς
2865 976 2902 1031 ὃ.
2942 976 3095 1048 παρὰ
3139 975 3248 1028 τῶν
3313 973 3561 1043 ἀγγέλων
3604 974 3780 1043 ἀχθή-

2207 1091 2410 1128 σονται.

2286 1165 2435 1219 Ἀντί
2466 1162 2584 1219 τῶν
2613 1163 2884 1230 πατέρων
2919 1175 3035 1215 σου
3078 1157 3496 1227 ἐγεννήθησαν
3555 1157 3610 1209 οι
3661 1154 3787 1209 cio!

2204 1274 2343 1311 σου.
2379 1255 2554 1309 Τοῦτο
2585 1255 2723 1325 πρὸς
2757 1254 2855 1323 τὴν
2892 1251 3218 1319 συναγωγὴν
3269 1249 3381 1302 τῶν
3451 1248 3661 1301 πιστῶν
3711 1246 3789 1298 εἰ·

2206 1366 2376 1419 ρηκεν
2408 1363 2420 1375 ·
2454 1345 2647 1416 ἐπειδὴ
2682 1344 2790 1414 γὰρ
2819 1342 3106 1396 ἐκέλευσεν
3147 1341 3317 1410 αὐτὴν
3357 1339 3661 1408 ἀποστῆναι
3682 1336 3782 1389 τοῦ

2205 1439 2461 1511 πατρῴου
2530 1438 2709 1501 οἴκου,
2738 1433 3150 1503 παραμυθεῖται
3203 1430 3432 1502 ταύτην,
3480 1431 3562 1483 ὃτι
3611 1428 3784 1480 τέκνα

2204 1535 2396 1602 αὐτῆς,
2424 1534 2594 1603 ἤγουν
2650 1531 2701 1583 οἱ
2754 1526 3150 1589 πιστεύσαντες
3176 1525 3271 1579 καὶ
3315 1519 3787 1591 ἀναγεννηθέντες

2204 1627 2293 1681 διὰ
2315 1625 2406 1680 τοῦ
2433 1624 2828 1694 βαπτίσματος,
2861 1621 3184 1690 γενήσονται
3222 1617 3342 1670 ἀντὶ
3384 1615 3491 1669 τῶν
3529 1613 3785 1681 πατέρων

2207 1721 2397 1789 αὐτῆς,
2429 1720 2554 1771 ὅσον
2578 1718 2657 1776 είς
2686 1712 3027 1785 προστασίαν
3060 1729 3074 1742 ·
3117 1710 3462 1778 κατέστησαν
3499 1706 3611 1777 γὰρ
3658 1705 3788 1758 trti-

2207 1827 2395 1864 σκοποι
2438 1809 2532 1861 καὶ
2571 1805 2874 1876 προστάται
2922 1802 3032 1856 τῶν
3091 1803 3234 1855 κατὰ
3285 1801 3486 1862 τόπους
3553 1798 3789 1867 Ἐκκλη-

2206 1902 2359 1967 σιῶν,
2387 1901 2415 1953 ὃ
2443 1903 2537 1954 καὶ
2568 1898 2657 1952 διὰ
2681 1898 2788 1951 τῶν
2816 1896 2942 1965 ἑξῆς
2966 1895 3258 1965 ἐδήλωσεν.
3286 1890 3457 1945 εἰπών
3478 1903 3492 1918 ⁸

2275 2077 2897 2146 Καταστήσειαῠτοὺς
2926 2076 3226 2146 ἄρχοντας
3266 2074 3366 2128 ἐπὶ
3411 2073 3623 2130 πᾶσαν
3665 2069 3789 2137 τὴν

2202 2175 2343 2247 γῆν.
2372 2175 2443 2228 Ἦ
2478 2176 2571 2227 καὶ
2602 2173 2739 2244 πρὸς
2764 2172 2854 2224 τὸν
2892 2169 3129 2239 Χριστὸν
3160 2168 3187 2220 ὁ
3221 2167 3400 2235 λόγος,
3452 2162 3513 2220 οῦ
3546 2164 3792 2233 πατέρες

2209 2270 2328 2340 μὲν,
2370 2268 2493 2321 ὅσον
2531 2265 2640 2319 ἀπὸ
2677 2264 2777 2334 τῆς
2810 2262 3016 2333 μητρὸς
3047 2257 3236 2323 αὑτοῦ,
3283 2257 3541 2327 Ἀϐραὰμ
3580 2257 3677 2309 καὶ
3733 2255 3790 2306 οἱ

2204 2361 2383 2414 λοιποὶ
2422 2357 2758 2427 πατριάρχαι
2790 2356 2887 2408 καὶ
2909 2352 3188 2424 προφῆται
3216 2365 3230 2379 ⁸
3260 2350 3369 2402 υἱοὶ
3402 2349 3482 2413 δὲ,
3530 2349 3580 2399 οἱ
3642 2346 3794 2399 ἀπό-

2206 2454 2405 2515 στολοι,
2437 2451 2633 2512 οἵτινες
2660 2448 3007 2515 ὲπανέὅησαν
3033 2446 3114 2507 είς
3142 2444 3203 2497 τὸ
3235 2442 3454 2511 ἀξίωμα
3475 2440 3583 2493 τῶν
3616 2438 3801 2493 πατὲ·

2207 2562 2314 2615 ρων
2344 2541 2534 2607 αὑτοῦ,
2574 2538 2910 2609 πατριάρχαι
2936 2555 2993 2590 τε
3029 2536 3334 2607 γενόμενοι,
3375 2536 3434 2587 ἐν
3483 2532 3560 2603 τῷ
3586 2531 3801 2600 γεννῆο

2206 2655 2297 2690 σπι
2335 2635 2423 2690 διά
2445 2635 2539 2688 τοῦ
2574 2632 2953 2703 βαπτίσματος
2980 2631 3157 2685 πάντα
3183 2629 3253 2683 τὰ
3288 2628 3442 2699 ἔθνη,
3467 2627 3563 2682 καὶ
3612 2625 3805 2689 ἀξιω-

2206 2728 2389 2791 Θέντες
2446 2725 2540 2779 τοῦ
2591 2722 2969 2794 πνευματικοῦ
3022 2722 3384 2793 χαρίσματος.
3471 2719 3635 2772 Ἀλλὰ
3691 2719 3806 2771 καὶ

2206 2816 2595 2886 ἀπεστάλησαν
2622 2813 2883 2884 ἄρχοντες
2912 2813 3043 2883 παρ’
3106 2811 3272 2867 αὐτοῦ
3326 2812 3408 2874 είς
3458 2810 3642 2862 πᾶσαν
3682 2809 3803 2877 τὴν

2207 2911 2329 2979 γῆν.
2358 2903 2761 2974 Πορευθέντες
2785 2904 2916 2974 γὰρ.
2950 2904 3107 2972 φησι,
3136 2902 3552 2971 μαθητεύσατε
3584 2897 3808 2951 πάντα

2206 3001 2280 3055 τὰ
2326 3001 2497 3066 ἔθνη.
2540 2999 2614 3051 Οὐ
2677 2997 2838 3067 μόνον
2893 2995 2950 3048 δὲ
3008 2993 3212 3058 ζῶντες
3250 2988 3445 3064 ἦρξαν,
3500 2989 3638 3044 ἀλλὰ
3693 2990 3808 3044 καὶ

527 3071 656 3124 dum
680 3073 927 3125 viverent
982 3071 1353 3141 principatum
1397 3072 1544 3127 hunc
1595 3071 1965 3139 retinuerunt,
2006 3072 2101 3127 sed

2214 3092 2354 3163 μετὰ
2404 3090 2637 3144 θάνατον
2669 3105 2684 3119 ·
2739 3089 2939 3150 πάντες
3002 3087 3112 3156 γὰρ
3161 3087 3210 3139 oi
3262 3085 3466 3149 πιστοὶ,
3499 3081 3807 3151 πανταχοῦ

525 3164 690 3217 etiam
710 3172 831 3231 post
855 3173 1108 3221 mortem.
1142 3163 1339 3219 Eorum
1368 3166 1510 3220 enim
1540 3166 1825 3234 praeceptis
1852 3180 1915 3219 ac
1940 3166 2109 3221 moni-

527 3254 624 3317 tis,
652 3252 855 3323 ubique
890 3255 1132 3325 gentium
1165 3254 1353 3311 ﬁdeles
1386 3254 1793 3323 obtemperant,
1827 3261 1991 3323 atque
2034 3254 2103 3309 ab

528 3345 612 3403 eis
696 3344 1035 3417 diriguntur.
1093 3345 1401 3414 Ostendam
1457 3345 1642 3416 itaque
1706 3344 1922 3412 Judaei,
1974 3345 2102 3411 qui-

527 3453 656 3493 nam
721 3453 912 3493 eorum
986 3438 1081 3492 ﬁlii
1150 3438 1544 3506 imperaverint
1623 3436 1920 3507 aliquando
2000 3437 2101 3491 toti

531 3539 692 3583 terra:
732 3547 746 3583 :
782 3543 905 3583 cum
937 3529 1036 3599 ipsi
1072 3528 1256 3598 potius
1290 3528 1549 3583 universo
1608 3544 1755 3583 nunc
1807 3529 1927 3584 orbi
1982 3545 2101 3585 ser-

530 3622 703 3676 viant.

601 3712 771 3771 Vens.
800 3715 889 3769 18.
920 3713 1123 3768 Memor
1143 3730 1230 3767 ero
1259 3715 1483 3768 nominis
1516 3717 1591 3769 tui
1629 3716 1681 3770 in
1713 3718 1855 3771 omni
1879 3734 2098 3788 genera-

531 3805 673 3859 tione
703 3815 753 3859 et
789 3804 1148 3874 generatione.
1180 3805 1293 3860 Hoc
1330 3819 1395 3858 ex
1432 3820 1665 3875 persona
1708 3806 1967 3861 Ecclesia:
2020 3808 2103 3862 di-

529 3909 678 3956 ctum
735 3905 839 3961 est,
889 3905 1177 3967 postquam
1232 3904 1341 3951 tam
1398 3899 1674 3967 przeclaris
1733 3900 1896 3955 donis
1939 3901 2100 3969 digna

528 3997 615 4043 est
681 3986 886 4040 habita.
958 3984 1231 4057 Repetitio
1313 3996 1495 4044 autem
1562 3989 1653 4043 illa
1710 3990 2103 4060 generationis.

530 4086 851 4151 perpetuam
891 4078 1099 4149 prolem
1135 4093 1200 4135 ac
1257 4081 1665 4135 successione".
1712 4082 2018 4151 signiﬁcat;
2050 4090 2104 4136 et

531 4186 665 4227 sane
728 4186 942 4242 semper
997 4169 1203 4226 Christi
1241 4185 1452 4243 memor
1484 4170 1586 4225 fuit
1629 4170 1894 4236 Ecclesia,
1944 4173 2105 4242 cujus

531 4269 753 4324 nomine
789 4268 1051 4340 insignita
1086 4254 1292 4322 mirum
1328 4267 1383 4321 in
1413 4268 1634 4322 modum
1664 4267 1956 4336 gloriatur.

610 4360 907 4429 Propterea
950 4360 1130 4428 populi
1178 4359 1567 4427 conﬁtebuntur
1592 4359 1690 4412 tibi
1736 4360 1790 4413 in
1827 4359 2101 4414 swculum.

2209 3186 2318 3245 τοῖς
2347 3184 2531 3252 νόμοις
2565 3181 2744 3236 αὐτῶν
2772 3181 2868 3234 καὶ
2904 3180 3023 3242 ταῖς
3045 3176 3449 3249 παραγγελίαις
3477 3175 3805 3241 πείθονται,

2206 3278 2301 3330 καὶ
2355 3275 2644 3330 ίθύνονται.
2695 3274 3041 3340 Δειξάτωσαν
3092 3268 3186 3326 οὖν
3233 3272 3282 3325 οἱ
3342 3270 3607 3331 Ἰουδαῖοι,
3637 3268 3808 3332 τίνες

2206 3366 2312 3421 υἱοὶ
2339 3366 2520 3420 αὐτῶν
2563 3362 2737 3437 ἦρξαν
2767 3365 2949 3434 πάσης
2982 3363 3084 3434 τῆς
3140 3364 3283 3432 γῆς·
3339 3359 3453 3431 (64)
3495 3359 3528 3428 ἢ
3578 3357 3808 3428 μᾶλλον

2206 3460 2356 3528 πάσῃ
2382 3460 2447 3526 τῇ
2478 3459 2547 3527 γῇ
2578 3456 2908 3510 δουλεύουσι.

2273 3722 2713 3791 Μνησθήσομαι
2746 3717 2853 3773 τοῦ
2892 3717 3189 3787 ὀνόματός
3232 3730 3349 3771 σου
3378 3714 3450 3769 ἐν
3483 3714 3654 3783 πάσῃ
3691 3733 3807 3785 τε-

2205 3814 2314 3885 νεᾷ
2334 3815 2433 3870 καὶ
2467 3812 2663 3884 γενεᾷ.
2707 3812 2933 3882 Τοῦτοή
2979 3808 3303 3880 Ἐκκλησία,
3336 3808 3493 3879 φησι,
3522 3807 3811 3863 τοιούτων

2206 3909 2535 3973 ἀξιωθεῖσα’
2580 3907 2614 3977 ὴ
2662 3904 3029 3966 άναδίπλωσις
3070 3901 3129 3955 δὲ
3162 3902 3262 3970 τῆς
3306 3900 3524 3970 γενεᾶς,
3560 3897 3667 3970 τὴν
3713 3902 3811 3964 είς

2205 4000 2294 4055 ἀεὶ
2343 3997 2598 4070 διαδοχὴν
2648 3997 2927 4067 σημαίνει.
2970 3994 3081 4048 Καὶ
3130 3993 3239 4064 μὴν
3273 3992 3364 4045 καὶ
3409 3990 3809 4061 μιμνήσκεται

2206 4092 2294 4145 ἀεὶ
2314 4090 2409 4144 τοῦ
2438 4090 2680 4162 Χριστοῦ
2704 4107 2716 4120 ·
2743 4087 2853 4161 (65)
2878 4087 3002 4142 ἐπεὶ
3030 4087 3127 4141 καὶ
3150 4085 3247 4139 ἀπ’
3264 4083 3455 4148 αὑτοῦ,
3476 4083 3808 4156 Χριστιανὴ

2209 4183 2494 4253 κέκληται.

2277 4365 2379 4418 Διὰ
2412 4363 2589 4417 τοῦτο
2613 4361 3167 4432 ἐξομολογήσονταί
3187 4375 3287 4415 σοι
3317 4362 3404 4426 είς
3435 4360 3541 4413 τὸν
3569 4358 3807 4416 αἰῶνα.
3844 4348 3846 4354 λ

533 4456 805 4522 Quoniam
843 4448 996 4507 tanta
1053 4454 1108 4507 in
1143 4467 1229 4508 me
1279 4452 1620 4522 providentia
1660 4466 1724 4506 ac
1760 4452 1945 4507 studio
1973 4468 2105 4508 usus

2211 4457 2352 4511 Διὸτι
2411 4454 2682 4526 τοσαύτης
2746 4471 2814 4525 με
2872 4452 3217 4525 προμηθείας
3273 4449 3536 4520 ἠξίωσας.
3598 4450 3807 4524 πλήθη

532 4564 616 4615 es,
658 4544 901 4600 ﬁdelium
939 4544 1124 4615 p0puli
1168 4544 1298 4599 dum
1335 4544 1513 4599 vivent
1546 4543 1751 4614 gratias
1794 4542 1888 4597 tibi
1946 4551 2106 4613 agent

534 4640 877 4692 innumeras.

603 4726 671 4781 Et
709 4727 763 4778 in
795 4726 1048 4781 uetulum
1089 4726 1291 4781 saeculi.
1327 4724 1443 4779 Non
1476 4726 1530 4779 in
1590 4726 1843 4794 praesenti
1894 4734 2101 4781 tantum

532 4814 755 4880 saeculo,
804 4814 900 4870 sed
950 4795 1116 4870 etiam
1163 4815 1219 4869 in
1258 4814 1463 4882 futuro,
1504 4814 1652 4884 quod
1696 4815 1956 4870 saeculum
2001 4831 2103 4870 sa:-

535 4906 646 4960 euli
671 4906 895 4971 dicitur,
933 4907 1092 4977 quasi
1125 4906 1364 4962 nobilius
1387 4909 1457 4962 sit
1492 4914 1547 4962 et
1579 4907 1728 4963 nullo
1755 4908 1860 4963 ﬁne
1884 4908 2108 4964 conclu-

534 4997 723 5051 datur.

762 5088 829 5143 In
859 5090 1015 5158 ﬁnem
1051 5105 1147 5159 pro
1175 5090 1305 5159 ﬁliis
1344 5091 1476 5146 Core
1501 5110 1596 5161 pro
1633 5095 1876 5149 occultis.

1060 5266 1384 5322 PSALMUS
1439 5268 1602 5323 XLV.

600 5358 668 5413 In
698 5359 855 5428 ﬁnem
887 5359 1104 5428 quidem
1131 5360 1335 5414 dictum
1372 5370 1476 5425 est,
1504 5362 1632 5431 quia
1664 5361 1960 5431 prophetiae
1982 5377 2101 5432 qua:

608 5476 656 5509 "
688 5475 883 5531 Matth.
918 5490 1109 5541 xxvm,
1149 5477 1237 5530 18.

2206 4549 2416 4602 πιστῶν
2445 4547 2904 4620 εύχαριστήσουσί
2963 4562 3068 4611 σοι,
3112 4546 3245 4615 παρ’
3272 4545 3393 4597 ὅλον
3441 4544 3535 4597 τὸν
3569 4543 3811 4615 ἀνθρώ-

2206 4656 2360 4692 πινον
2390 4639 2523 4710 βίον.

2273 4731 2384 4785 Καὶ
2438 4733 2526 4794 εις
2586 4730 2694 4785 τὸν
2722 4730 2912 4783 αίῶνα
2987 4728 3094 4783 τοῦ
3142 4728 3382 4794 αἰῶνος.
3424 4726 3536 4781 Καὶ
3567 4727 3673 4779 οὐκ
3712 4730 3809 4792 εἰς

2205 4820 2297 4875 τὸν
2333 4817 2431 4873 τοῦ
2460 4820 2735 4889 παρόντος
2760 4821 2970 4891 κόσμου
2994 4820 3169 4874 αἰῶνα
3202 4820 3386 4889 μόνον,
3412 4816 3548 4871 ἀλλὰ
3576 4817 3676 4871 καὶ
3712 4820 3810 4883 είς

2211 4915 2303 4969 τὸν
2331 4913 2425 4967 τοῦ
2460 4912 2747 4985 μέλλοντος
2774 4930 2788 4944 ο
2823 4908 2978 4975 οὗτος
3011 4913 3119 4982 γὰρ
3169 4911 3364 4973 αἰῶνος
3406 4908 3564 4973 αίὼν,
3593 4908 3675 4971 ὡς
3713 4929 3813 4966 τι-

2213 5005 2485 5077 μιώτερον
2512 5005 2609 5059 καὶ
2630 5004 2960 5072 ἀπέραντον.

2208 5100 2311 5163 Εἰς
2363 5097 2431 5152 τὸ
2478 5095 2654 5164 τέλος
2685 5096 2837 5166 ὑπὲρ
2880 5096 2999 5150 τῶν
3041 5094 3187 5151 υἱῶν
3226 5094 3399 5164 Κορὲ,
3454 5095 3608 5163 ὑπὲρ
3665 5097 3807 5152 τῶν

2838 5186 3128 5255 κρυφίων.

2765 5278 3058 5332 ΨΑΛΜΟΣ
3096 5276 3229 5335 ME'.

2283 5366 2385 5433 Εἰς
2431 5370 2496 5424 τὸ
2550 5368 2725 5437 τέλος
2783 5370 2904 5441 μὲν,
2946 5371 3029 5424 ὅτι
3066 5368 3206 5440 πρὸς
3234 5367 3388 5433 τέλος
3411 5366 3612 5439 ὁρῶσιν
3639 5370 3703 5423 αἱ
3732 5371 3801 5426 ἐν

1885 5570 2083 5633 Varios
2127 5571 2455 5645 lectiones.

746 5666 848 5721 Ἷσ.
875 5667 946 5721 ei.

603 5732 715 5801 (65)
748 5734 833 5791 Al.
900 5735 1051 5791 Ἐπεὶ
1103 5737 1194 5791 καὶ
1250 5735 1343 5791 ἀπ’
1382 5736 1548 5792 αὐτοῦ
1583 5739 1903 5809 Χριστιανοὶ
1947 5741 2262 5817 κέκληνται.
