4072 6202
393 277 496 340 505

1555 279 1947 341 COMMENT.
1983 279 2067 341 IN
2108 279 2476 342 PSALMOS.
2537 348 2547 372 ⁸

3533 275 3640 340 505

386 390 558 460 τούτῳ
612 389 979 462 προφητεῖαιο
1038 391 1404 464 προαγορεύει
1442 391 1500 446 δὲ
1533 395 1634 457 τὰς
1680 393 1826 447 κατὰ
1864 393 1965 464 τῆς

2078 395 2158 450 hic
2193 399 2551 450 continentur
2581 395 2647 450 ad
2685 395 2850 450 tinem
2899 394 3215 450 tendebant.
3251 391 3510 449 Pradicit
3540 408 3643 448 au-

399 484 732 553 Ἐκκλησίας
763 485 824 537 έν
855 484 1000 556 ἀρχῇ
1029 484 1126 538 τοῦ
1156 483 1522 556 κηρύγματος
1557 486 1964 549 ἐπαναστάσεις

385 573 492 627 τῶν
519 575 828 645 τυράννων,
879 575 974 628 καὶ
1011 575 1111 648 τὴν
1142 576 1349 644 ταύτης
1377 576 1680 650 ὑπομονὴν,
1725 579 1819 630 καὶ
1863 575 1963 648 τὴν

386 667 588 738 ἑφεξῆς
651 670 897 739 εἰρήνην.
963 668 1056 721 Διὸ
1117 669 1214 723 καὶ
1276 669 1418 740 μετὰ
1469 670 1564 723 τὸν
1616 668 1964 740 προλαϐόντα

383 759 612 822 δικαίως
671 761 976 813 τέτακταιο
1029 761 1238 824 ἐκεῖνος
1298 762 1401 830 μὲν
1440 762 1571 832 γὰρ,
1615 762 1716 832 τὴν
1769 761 1964 831 κλῆσιν

386 851 561 920 αὐτῆς
604 851 854 922 περιέχει
877 867 892 881 ’
927 845 1085 914 οὗτος
1117 853 1197 916 δὲ,
1222 853 1291 906 τὰ
1321 853 1460 922 μετά
1479 853 1580 924 τὴν
1608 855 1825 923 κλῆσιν.
1862 853 1963 906 Ἕν

383 959 496 996 τισι
527 943 586 996 δὲ
631 943 741 997 τῶν
797 943 1046 1014 ἀρχαίων
1072 944 1446 1014 ἀντιγράφων,
1486 945 1584 1015 οὐχ
1629 943 1811 1014 ’Υπὲρ
1844 945 1966 1000 τῶν

384 1035 534 1090 υἱῶν
567 1035 738 1104 Κορὲ,
802 1034 939 1089 ἀλλὰ
977 1034 1110 1101 Τοῖς
1138 1037 1293 1102 υἱοῖς
1324 1035 1493 1104 Κορὲ,
1555 1038 1962 1108 ἐπεγέγραπτο.

385 1129 494 1181 Καὶ
518 1128 700 1198 δῆλον,
733 1127 809 1191 ὡς
838 1128 977 1200 λήθῃ
1008 1128 1170 1182 τοῦτο
1209 1129 1304 1183 τοῦ
1331 1131 1454 1184 κατ’
1485 1130 1662 1201 ἀρχὰς
1687 1130 1967 1200 μεταγρά-

381 1221 604 1289 ψαντος,
635 1220 740 1287 ἀφ’
773 1213 837 1273 οὗ
863 1237 1009 1283 τινος
1044 1220 1256 1292 διεδόθη
1301 1223 1399 1276 καὶ
1421 1223 1558 1293 πρὸς
1588 1223 1717 1285 τοὺς
1745 1223 1960 1285 ἄλλους.

382 1310 677 1380 Δυνάμεθα
701 1311 758 1364 δὲ
786 1311 882 1364 καὶ
909 1310 1086 1374 οὕτως
1110 1312 1448 1383 ἑρμηνεῦσαι
1477 1313 1578 1383 τὴν
1625 1313 1962 1384 ἐπιγραφὴν,

383 1403 486 1472 τὴν
521 1402 676 1471 ὑπὲρ
706 1404 966 1474 πρόθεσιν
999 1406 1120 1459 ἀντὶ
1143 1406 1242 1476 τῆς
1272 1405 1372 1459 διά
1399 1406 1794 1476 λαμϐάνοντες’
1829 1402 1963 1473 οἷον,

382 1494 486 1548 Διὰ
529 1493 649 1547 τῶν
671 1494 817 1549 υιῶν
850 1495 1022 1565 Κορέ.
1067 1495 1343 1566 Ἐπονήθη
1380 1497 1479 1567 μὲν
1520 1497 1630 1568 γὰρ
1658 1496 1736 1568 τῷ
1777 1497 1963 1562 Δαϐὶδ,

383 1584 704 1656 ὲμελῳδήθη
762 1587 842 1651 δὲ,
883 1587 971 1640 διὰ
999 1588 1110 1641 τῶν
1160 1588 1294 1640 υἱῶν
1340 1589 1519 1657 Κορέο
1550 1590 1684 1658 φασὶ
1714 1589 1824 1660 γὰρ
1865 1589 1966 1661 τὴν

395 1678 696 1748 Ἐὄραῖκὴν
719 1677 864 1744 λέξιν
901 1680 1097 1743 καὶτὸ,
1121 1682 1223 1734 Διὰ
1240 1680 1361 1734 τῶν
1378 1680 1544 1746 υἱῶν,
1565 1682 1661 1735 καὶ
1682 1682 1766 1746 τὸ,
1782 1681 1964 1750 ’Υπὲρ

2077 497 2185 542 tem
2219 487 2306 541 hic
2327 488 2574 558 psalmus
2596 486 2812 543 futuros
2840 487 3105 544 adversus
3128 486 3430 542 Ecclesium
3464 486 3643 543 insul-

2073 579 2328 648 tuszqui
2377 594 2499 634 mox
2531 580 2599 634 ab
2648 579 2977 649 evangelica:
3027 578 3435 648 praedicationis
3482 578 3643 632 initio

2073 671 2385 729 concitandi
2435 682 2639 727 erant.
2680 671 2859 740 ipsius
2919 672 3080 726 etiam
3123 671 3375 726 Ecclesiae
3429 673 3645 740 patien-

2072 765 2204 820 tiam
2275 772 2329 819 et
2407 778 2593 833 parem
2675 764 2894 818 demum
2971 772 3234 818 secutam.
3301 761 3453 816 Unde
3534 775 3642 816 non

2075 853 2350 909 immerito
2389 860 2516 922 post
2546 853 2944 922 praecedentem
3006 852 3276 922 psalmum
3319 852 3642 906 collocatur.

2074 945 2171 1001 ille
2199 945 2346 1001 enim
2379 944 2639 1001 Ecclesia:
2669 947 3020 1001 vocationem
3051 945 3316 1009 continet,
3342 944 3430 998 hic
3461 953 3644 997 autem

2073 1052 2136 1094 ea
2166 1053 2286 1108 qua:
2321 1049 2444 1109 post
2471 1043 2816 1094 vocationem
2849 1038 3142 1095 subsecuta
3171 1046 3319 1093 sunt.
3351 1035 3408 1091 In
3445 1035 3648 1106 aliqui-

2075 1129 2178 1184 bus
2214 1139 2395 1184 autem
2417 1130 2697 1184 veteribus
2717 1129 3126 1199 exemplaribus
3163 1128 3490 1198 inscriptum
3519 1135 3603 1181 est
3627 1142 3640 1177 :

2076 1220 2228 1276 Filiis
2287 1221 2423 1276 Core
2463 1237 2483 1276 :
2537 1222 2746 1290 absque
2805 1219 2894 1274 illa
2951 1213 3192 1274 dictione
3259 1235 3396 1288 pro;
3453 1233 3640 1273 verum

2073 1321 2224 1384 patet
2277 1313 2328 1366 id
2371 1312 2622 1367 effectum
2667 1327 2792 1368 esse
2856 1311 3144 1382 scriptoris
3188 1312 3424 1376 incuria,
3476 1326 3507 1364 a
3537 1323 3648 1378 quo

2073 1421 2231 1462 error
2271 1405 2326 1460 in
2358 1413 2590 1462 caeteros
2623 1406 2922 1461 emanavit.
2956 1403 3260 1461 Possumus
3290 1405 3453 1458 etiam
3479 1417 3650 1471 espo-

2075 1514 2207 1555 nere
2247 1500 2688 1570 prmpositionem
2759 1516 2877 1568 pro,
2906 1501 3028 1553 loco
3085 1497 3488 1568 praepositionis
3533 1511 3646 1563 per,

2076 1600 2135 1646 ut
2167 1591 2240 1647 sit
2272 1607 2469 1647 sensus
2497 1633 2512 1658 ,
2551 1593 2698 1660 quod
2762 1606 2857 1662 per
2910 1589 3082 1644 Filios
3141 1589 3275 1644 Core
3323 1589 3649 1644 decantatus

2074 1693 2157 1740 est
2188 1685 2276 1740 hic
2295 1686 2562 1757 psalmus,
2592 1685 2808 1740 tametsi
2842 1683 3181 1753 compositus
3213 1697 3242 1734 a
3265 1679 3454 1736 David.
3481 1681 3652 1737 Aiunt

392 1768 514 1824 τῶν
540 1770 690 1826 υίῶν
716 1772 922 1841 ὁμοίως
978 1773 1292 1843 σημαίνειν.
1336 1772 1506 1841 Ὑπὲρ
1543 1772 1665 1827 τῶν
1693 1773 1967 1841 κρυφίων

2078 1778 2217 1832 enim
2251 1751 2693 1848 praepositionem
2733 1778 2873 1831 hanc
2905 1751 3048 1844 apud
3084 1774 3342 1828 Hebraeos
3396 1772 3448 1825 in
3499 1778 3651 1824 utra-

385 1861 465 1926 δὲ,
492 1863 617 1916 ἀντὶ
644 1864 739 1916 τοῦ
773 1865 911 1934 Περὶ
953 1865 1065 1918 τῶν
1095 1864 1502 1935 κεκρυμμένων
1543 1867 1659 1929 τοῖς
1705 1864 1924 1927 πολλοῖς
1946 1881 1962 1897 ο

2071 1883 2180 1938 que
2225 1869 2352 1938 poni
2415 1868 2839 1939 significatione.
2897 1865 3052 1932 Quod
3086 1882 3215 1919 vero
3267 1865 3344 1918 ait
3376 1881 3389 1917 :
3424 1863 3533 1917 Pro
3563 1879 3652 1914 oc-

383 1955 764 2026 αίνιγματὼδη
825 1955 935 2026 γάρ
986 1957 1048 2009 έν
1081 1957 1258 2028 τούτῳ
1299 1957 1366 2010 τὰ
1404 1957 1598 2013 πολλά.
1643 1957 1871 2027 Εἴρηται
1907 1955 1964 2010 δὲ

2078 1961 2254 2025 ruttis,
2317 1977 2553 2031 expone,
2595 1961 2650 2015 id
2703 1968 2808 2026 est,
2861 1960 2925 2013 de
2979 1959 3223 2012 occultis.
3277 1956 3463 2010 Multis
3504 1954 3650 2009 enim

387 2049 672 2119 προσώπῳ
705 2048 816 2101 τῶν
849 2049 1188 2110 ἀποστόλων.
1231 2051 1324 2103 καὶ
1352 2049 1461 2103 τῶν
1494 2049 1817 2120 μαρτύρων.

2072 2055 2312 2118 occulta,
2337 2053 2442 2108 hoc
2481 2061 2588 2116 est,
2643 2054 2880 2106 obscura
2918 2060 3084 2118 atque
3119 2051 3303 2118 ignota
3335 2055 3488 2112 sunt,
3531 2058 3654 2115 quae

386 2140 441 2194 in
466 2139 570 2194 hoc
599 2139 812 2209 psalmo
838 2141 1214 2205 continentur,
1245 2140 1550 2198 etl‘eruutur
1576 2150 1760 2197 autem
1817 2141 1982 2212 hujus
2023 2145 2220 2214 psalmi
2271 2146 2438 2202 verba
2477 2161 2544 2202 ex
2583 2144 2962 2216 apostolorum
3001 2156 3101 2197 seu
3170 2147 3474 2208 martyrum
3525 2152 3652 2206 per-

383 2246 546 2287 $003.

467 2325 523 2378 Ὀ
566 2326 712 2394 Θεὸς
769 2326 960 2397 ἡμῶν,
1017 2329 1335 2400 καταφυγὴ
1411 2328 1508 2383 καὶ
1563 2328 1840 2397 δύναμις.
1905 2327 1966 2382 '0

2141 2329 2304 2383 Vsus.
2335 2326 2391 2382 2.
2423 2325 2560 2381 Deus
2591 2333 2770 2379 noster
2793 2323 3057 2394 refugium
3083 2330 3132 2375 et
3167 2322 3356 2374 virtus.
3394 2318 3651 2374 Christus

386 2414 625 2484 Χριστὸς
651 2416 728 2478 είς
760 2415 823 2469 ὃν
863 2417 1028 2486 ἡμεῖς
1065 2416 1540 2487 πεπιστεύκαμεν,
1564 2415 1830 2485 φεύγουσι
1868 2416 1968 2485 μὲν

2078 2423 2126 2478 ἱη
2168 2436 2330 2492 quem
2357 2419 2662 2484 credimus,
2705 2425 2760 2471 et
2791 2415 3062 2484 refugium
3103 2412 3264 2467 nobis
3289 2421 3394 2476 est,
3433 2411 3651 2481 quoties

338 2553 342 2557 .
388 2507 547 2576 ἡμῖν,
577 2508 875 2578 καταφυγή
917 2510 1068 2562 ἐστιν
1087 2523 1102 2539 ⁶
1133 2509 1556 2579 ἁνθισταμένοις
1575 2498 1666 2572 δὲ,
1698 2508 1928 2576 δύναμις
1951 2524 1966 2539 ·

385 2598 553 2664 αὐτὸς
581 2599 693 2672 γὰρ
718 2600 1026 2655 ἐνετείλατο
1053 2602 1277 2672 φεύγειν
1297 2603 1419 2672 μὲν,
1445 2602 1574 2666 τοὺς
1603 2601 1968 2672 πειρασμούς’

386 2692 764 2760 ἐμπίπτοντας
785 2693 864 2759 δὲ,
900 2693 1264 2751 ἀνθίστασθαι
1290 2695 1360 2749 δι’
1390 2694 1694 2765 ὑπομονῆς·
1723 2693 1864 2746 ὥστε
1891 2692 1968 2765 μὴ

385 2783 656 2855 ἡττᾶσθαι
686 2785 918 2840 τούτων.

468 2984 703 3053 Βοηθὸς
717 2985 785 3038 ἐν
796 2983 1044 3054 θλίψεσι
1062 2983 1192 3051 ταῖς
1207 2983 1528 3052 εὑρούσαις
1547 2981 1702 3052 ἡμᾶς
1717 2981 1976 3050 σφόδρα.

401 3075 476 3130 Τὸ
504 3075 766 3145 Σφόδρα,
796 3075 936 3146 πρὸς
959 3074 1042 3139 τὸ,
1077 3074 1332 3141 Βοηθὸς,
1352 3073 1680 3126 ἀποδίδωσιν
1708 3073 1736 3125 ὁ
1767 3069 1981 3140 Χρυσό-

2067 2515 2138 2570 ab
2168 2513 2407 2568 inimicis
2429 2511 2705 2582 l'ugamur,
2731 2515 2787 2562 et
2810 2507 2989 2561 virtus
3018 2506 3208 2569 etiam,
3234 2504 3337 2558 hoc
3354 2512 3458 2562 est.
3484 2502 3652 2557 robur

2068 2623 2166 2663 seu
2193 2613 2460 2677 potestas,
2493 2603 2713 2672 quoties
2747 2601 3010 2671 impetum
3045 2597 3266 2652 illorum
3303 2595 3650 2650 sustinentes

2077 2700 2410 2756 resistimus.
2465 2698 2586 2767 Ipse
2615 2696 2763 2752 enim
2817 2701 2874 2748 et
2907 2689 3266 2747 tentationem
3338 2689 3524 2759 fugere
3559 2702 3660 2742 nos

2072 2793 2264 2863 jussit,
2299 2799 2354 2846 et
2399 2789 2738 2845 irruentibus
2783 2787 2838 2841 in
2878 2800 2980 2840 nos
3013 2782 3277 2846 inimicis,
3317 2796 3412 2850 per
3443 2781 3656 2850 patien-

2077 2885 2209 2940 tiam
2239 2883 2522 2946 resistere,
2554 2896 2623 2935 ne
2654 2881 2723 2934 ab
2756 2878 2864 2932 illis
2886 2889 3234 2945 superemur.

2147 2975 2384 3045 Adjutor
2430 2973 2485 3027 in
2553 2970 2984 3024 tribulationibus
3044 2980 3161 3037 qua:
3206 2965 3517 3018 invenerunt
3563 2979 3659 3017 nos

2077 3068 2252 3125 valde.
2286 3065 2598 3120 Dictionem
2629 3062 2814 3126 Valde,
2841 3060 3278 3131 Clirysostomus
3309 3055 3656 3111 referendam

404 3186 628 3240 στομος.
663 3168 868 3222 Σκόπει
915 3167 994 3232 δὲ,
1034 3167 1117 3220 ὅτι
1151 3166 1208 3218 αἱ
1243 3165 1454 3236 θλίψεις
1494 3164 1810 3236 εὑρίσκουσι
1849 3164 1971 3226 τοὺς

2080 3178 2203 3219 esse
2231 3160 2366 3216 dicit
2415 3158 2481 3214 ad
2520 3157 2818 3212 dictionem
2869 3153 3125 3223 Adjutor.
3160 3151 3298 3205 lllnd
3337 3164 3486 3204 nunc
3528 3165 3663 3203 con-

401 3263 545 3317 κατὰ
592 3262 727 3314 Θεὸν
749 3259 983 3328 ζῶντας,
1008 3258 1450 3315 καταδιώκουσαι
1470 3259 1693 3322 αὐτοὺς,
1721 3257 1814 3312 τοῦ
1839 3256 1971 3310 Θεοῦ

2084 3253 2535 3320 sidera,docente
2549 3257 2608 3306 te
2631 3248 2904 3318 Propheta
2926 3252 3143 3306 nostro,
3174 3243 3320 3313 quod
3337 3241 3663 3295 alllictiones

401 3354 908 3427 παραχωροῦντος,
969 3355 1060 3409 ἵνα
1114 3352 1555 3424 γυμνασθέντες,
1621 3349 1983 3421 δοκιμώτεροι

397 3446 686 3515 γίνωνται.
714 3445 786 3498 Ἠ
806 3444 1018 3512 θλίψις
1045 3443 1181 3515 γὰρ,
1211 3445 1398 3514 φησὶν,
1423 3441 1745 3512 ὑπομονὴν
1773 3457 1980 3507 κατερ-

396 3537 626 3608 γάζεται
647 3553 661 3567 °
692 3537 732 3606 ἠ
775 3535 843 3590 δὲ
872 3535 1176 3607 ὑπομονὴ,
1211 3534 1489 3606 δοκιμήν.
1539 3534 1598 3588 '0
1629 3535 1739 3606 γὰρ
1756 3533 1891 3595 Θεὸς
1915 3529 1976 3584 ού

399 3627 600 3682 κωλύει
637 3627 738 3698 μὲν
777 3627 906 3690 τοὺς
937 3626 1306 3698 πειρασμοὺς.
1338 3626 1428 3680 διὰ
1448 3625 1549 3696 τὴν
1587 3625 1852 3696 ῥηθεῖσαν
1891 3622 1981 3677 αἱ·

397 3721 518 3774 τίαν
541 3735 555 3749 °
585 3721 848 3774 ἐπιόντων
879 3719 958 3785 δὲ,
991 3719 1328 3789 παρίσταται
1356 3718 1575 3789 βοηθός.

2085 3354 2139 3402 ει
2165 3345 2511 3401 calamitates
2568 3339 2819 3395 invenire
2877 3352 2973 3392 eos
2999 3336 3252 3390 homines
3299 3334 3534 3398 soleant,
3565 3330 3660 3401 qui

2085 3439 2274 3492 vivunt
2307 3433 2613 3491 secundum
2653 3431 2825 3484 Deum
2860 3427 3161 3498 :quodque
3195 3423 3546 3494 permittente
3580 3421 3662 3476 sic

2085 3530 2219 3596 Deo,
2255 3543 2352 3584 eos
2370 3532 2804 3597 persequuntur,
2836 3529 2892 3575 ut
2931 3520 3330 3575 exercitatione
3367 3513 3662 3586 probatio»

2085 3638 2172 3678 res
2203 3621 2354 3675 ﬁant.
2397 3615 2702 3672 Tribulatio
2741 3614 2912 3677 enim,
2960 3611 3160 3680 inquit,
3204 3611 3518 3678 patientiam
3541 3620 3664 3673 ope-

2089 3722 2265 3776 ratur,
2298 3710 2560 3780 patientia
2606 3723 2723 3761 vero
2753 3703 3118 3774 probationem
3141 3701 3215 3754 ⁸⁸.
3257 3698 3372 3751 llac
3402 3697 3469 3749 de
3498 3709 3665 3748 causa

404 3819 545 3872 Deus
573 3819 922 3888 insurgentes
979 3817 1034 3871 in
1092 3830 1195 3873 nos
1249 3816 1610 3884 tentationes,
1641 3830 1753 3872 non
1783 3815 1969 3872 statim
2002 3811 2278 3884 prohibet,
2359 3805 2456 3863 sed
2517 3818 2642 3859 cum
2698 3800 3043 3864 advenerim,
3075 3812 3232 3866 opem
3288 3808 3445 3848 suam
3503 3789 3664 3843 nobis

400 3909 688 3980 impendit.

468 4006 571 4061 Διὰ
592 4006 767 4061 τοῦτο
792 4007 863 4061 οὐ
883 4006 1348 4076 φοϐηθησόμεθα
1362 4005 1434 4059 ἐν
1461 4005 1540 4070 τῷ
1561 4006 1976 4074 ταράσσεσθαι

398 4102 514 4168 thr
529 4099 670 4169 γῆν,
690 4099 788 4152 καὶ
807 4099 1226 4168 μετατίθεσθαι
1248 4098 1354 4167 ὄρη
1377 4098 1448 4151 ἐν
1463 4097 1728 4166 καρδίαις
1747 4100 1976 4151 θαλασ-

400 4191 551 4247 σῶν.
577 4190 749 4244 Τοῦτο
769 4190 830 4244 τδ
857 4191 1081 4262 χωρίον,
1113 4190 1237 4244 οὔτε
1270 4193 1298 4244 ὁ
1323 4190 1496 4261 μέγας
1517 4191 1800 4252 Βασίλειος
1832 4187 1978 4242 κατὰ

401 4282 697 4353 ἀναγωγὴν
714 4280 893 4351 ἔσχεν,
924 4280 1048 4336 οὔτε
1081 4285 1109 4336 ὁ
1134 4283 1544 4352 Χρυσόστομος,
1577 4281 1716 4337 ἀλλά
1750 4279 1977 4352 συμφώ-

401 4391 508 4438 νως
537 4368 715 4434 εἷπον,
756 4373 839 4426 ὅτι
876 4372 1127 4440 λέγουσιν
1156 4375 1206 4427 oi
1235 4375 1404 4443 ἅγιοι,
1434 4373 1509 4438 ὡς
1548 4375 1655 4445 ἄρα
1691 4373 1786 4426 τοῦ
1837 4375 1977 4443 Χρι-

401 4461 528 4516 στοῦ
579 4460 903 4532 βοηθοῦντος
954 4465 1088 4533 ἡμῖν
1124 4463 1351 4533 σφόδρα,
1383 4463 1640 4518 οὐδέποτε
1670 4463 1978 4535 φοϐηθησόο

403 4552 568 4622 μεθα,
621 4551 732 4605 οὐδ’
783 4552 832 4604 εί
879 4553 1031 4606 πᾶσα
1078 4554 1112 4625 ή
1166 4554 1236 4624 γῆ
1296 4553 1696 4627 συνταραχθείη
1732 4555 1976 4623 σεισμοῖς

2155 3997 2326 4052 Vsus.
2356 3995 2410 4050 3.
2443 3996 2733 4060 Propterea
2777 4005 2881 4042 non
2918 3983 3218 4040 timebimus
3249 3979 3376 4031 dum
3415 3975 3661 4028 turbatur

2083 4107 2247 4160 terra,
2302 4101 2353 4149 et
2407 4089 2808 4158 transferuntur
2849 4091 3049 4138 montes
3095 4081 3149 4133 in
3197 4077 3357 4131 corda
3411 4071 3661 4126 marium.

2084 4187 2289 4243 Locum
2326 4185 2500 4247 hunc,
2525 4194 2628 4235 nec
2660 4191 2892 4247 magnus
2923 4171 3178 4233 Basilius,
3203 4182 3305 4222 nec
3332 4165 3667 4234 Chrysosto-

2087 4296 2209 4335 mus
2253 4277 2408 4348 juxta
2444 4285 2727 4343 anagogen
2775 4273 3082 4334 exponunt,
3117 4260 3210 4317 sed
3247 4273 3358 4313 uno
3387 4271 3482 4311 ore
3510 4253 3662 4348 jus-ta

2085 4341 2320 4425 litteram
2352 4341 2574 4420 tantum
2599 4361 2790 4415 dicunt
2820 4400 2834 4424 ,
2859 4356 3027 4410 verba
3059 4354 3176 4407 haec
3207 4358 3523 4404 sanctorum
3555 4341 3664 4395 dici

2085 4474 2342 4532 persona,
2398 4454 2706 4519 fatentium,
2756 4447 2902 4520 quod
2947 4445 3168 4501 Christo
3210 4456 3307 4497 eos
3369 4437 3664 4507 adjuvante

2086 4527 2367 4622 nunquam
2421 4546 2716 4610 timebunt,
2775 4554 2954 4610 neque
2987 4537 3032 4593 si
3070 4535 3330 4589 universa
3353 4538 3502 4583 terra
3526 4527 3662 4580 bor-

402 4621 693 4713 έξουσίοις,
722 4643 833 4699 οὐδ’
855 4646 905 4698 εί
927 4645 996 4698 τὰ
1021 4621 1122 4717 ὄρη
1157 4621 1258 4717 τῆς
1279 4621 1516 4718 φυσικῆς
1537 4621 1699 4720 έόρας
1720 4621 1970 4702 ἀνασπα·

2082 4621 2270 4702 rendis
2306 4640 2654 4698 concutiatur
2697 4629 3125 4692 terrmmotibus,
3155 4638 3334 4692 neque
3376 4621 3422 4675 si
3453 4627 3668 4720 montes

407 4739 630 4801 σθέντα,
688 4739 770 4804 είς
815 4740 886 4794 τὰ
939 4739 1080 4812 βάθη
1127 4739 1230 4810 τῆς
1275 4740 1556 4812 θαλάσσης
1596 4741 1986 4810 άποσφενδονι-

403 4831 611 4890 σθεῖεν.
643 4831 707 4884 Et
743 4830 800 4885 δὲ
849 4831 961 4885 τῶν
995 4833 1277 4903 στοιχείων
1316 4832 1458 4886 οὕτω
1500 4833 1883 4904 συγχεομένων
1919 4831 1982 4886 οὐ

399 4924 677 4995 δείσομεν,
726 4924 905 4996 πολλῷ
938 4925 1141 4996 μᾶλλον
1175 4925 1296 4978 οὐδὲ
1328 4923 1437 4978 τῶν
1478 4927 1756 4995 τυράννων
1789 4927 1980 4979 ἐπιτε-

2078 4754 2110 4793 a
2166 4733 2469 4792 stabilitate
2502 4743 2567 4784 ac
2606 4727 2736 4784 sede
2767 4737 2868 4780 sua
2916 4716 3158 4776 naturali
3204 4712 3427 4776 divulsi,
3459 4709 3515 4763 in
3541 4722 3670 4776 pro-

2079 4829 2308 4886 fundum
2364 4823 2534 4879 maris
2582 4817 3013 4875 transferantur.
3056 4811 3136 4864 Ac
3191 4807 3237 4864 si
3291 4799 3666 4861 dicerent:Si

2083 4915 2374 4976 elementis
2422 4912 2561 4967 adeo
2617 4907 2869 4965 confusis
2911 4898 3262 4959 formidaturi
3311 4911 3419 4951 non
3451 4907 3667 4954 sumus,

398 4983 674 5089 θειμένων
698 5019 852 5090 ἡμῖν.
877 4983 1052 5070 "dou
1093 5017 1187 5072 και
1238 5015 1450 5079 Παῦλος
1494 4983 1648 5084 tim
1686 5015 1845 5087 (66)°
1891 5015 1971 5080 Τίς

2084 5009 2258 5064 multo
2313 5006 2497 5062 minus
2533 4997 2951 5070 insurgentibus
2986 4995 3040 5049 in
3075 5007 3180 5047 nos
3209 4987 3461 5062 tyrannis
3495 4983 3668 5050 trepi-

403 5111 562 5181 ἡμᾶς
615 5110 875 5180 χωρήσει
923 5109 1042 5165 ἀπὸ
1086 5108 1193 5178 τῆς
1245 5105 1486 5178 ἀγάπης
1532 5106 1638 5163 τοῦ
1688 5105 1986 5176 Χριστοῦ;

401 5204 518 5258 τόδε
539 5221 556 5271 ;
587 5202 622 5272 ἢ
655 5202 771 5257 τόδε
794 5219 809 5269 ;

478 5492 527 5524 “
556 5491 720 5548 Rom.
745 5509 801 5559 ν,
828 5493 883 5549 3.
957 5494 1006 5527 "
1031 5492 1190 5547 Rom.
1227 5506 1346 5559 vm,
1378 5492 1469 5549 55.

2081 5100 2360 5159 dabimus.
2401 5095 2553 5151 Unde
2575 5094 2741 5148 etiam
2768 5087 3069 5160 Apostolus
3110 5083 3329 5138 dicebat
3366 5089 3382 5130 :
3414 5077 3546 5140 Quis
3572 5090 3670 5136 nos

2089 5192 2360 5265 separabit
2383 5206 2413 5243 a
2432 5188 2692 5242 charitate
2707 5182 2946 5238 Christi?
2967 5177 3289 5251 [tr-ibulatio,
3309 5187 3375 5223 an
3397 5167 3665 5265 angustia,

2091 5258 2163 5341 an
2222 5285 2411 5356 fames,
2451 5299 2518 5336 an
2545 5280 2780 5340 auditas,
2815 5292 2881 5329 an
2909 5269 3227 5344 periculum,
3262 5280 3329 5317 an
3355 5258 3668 5332 persecutio,

2089 5397 2156 5432 an
2181 5355 2393 5450 gladius
2420 5377 2460 5409 ⁵⁷
2486 5375 2509 5429 ?
2532 5382 2586 5430 et
2619 5387 2741 5444 qua:
2765 5369 2839 5425 ibi
2873 5355 3233 5437 sequuntur.]

1753 5581 1954 5644 Varia)
2009 5579 2336 5644 lectiones.

485 5715 596 5788 (66)
624 5715 810 5775 Graeca
837 5718 1000 5775 verba
1031 5718 1111 5776 sic
1135 5717 1336 5775 habent
1370 5732 1383 5774 ς
1416 5715 1652 5784 hoccine,
1695 5729 1761 5768 an
1790 5709 1926 5767 illud
1959 5707 2094 5768 .'Sic
2127 5711 2269 5770 alius
2297 5711 2488 5769 codex.
