4114 6208
435 286 543 354 507

1667 284 2048 347 EUTHYMII
2082 288 2443 349 ZIGADENI

3577 288 3679 350 508

510 411 675 467 Vsus.
699 411 752 465 4.
788 409 1082 465 Souuerunt
1115 414 1163 458 et
1198 404 1425 458 turbata:
1448 413 1565 457 sunt
1621 419 1772 471 aqua
1808 420 2009 468 eorum,

2189 407 2463 472 Ἦχησαν
2492 404 2593 460 καὶ
2623 403 3047 471 ἐταράχθησαν
3091 403 3160 458 τὰ
3200 402 3386 457 ὕδατα
3444 401 3680 456 αὐτῶνθ

436 500 739 557 soulurbati
772 507 893 551 sunt
925 504 1127 550 montes
1154 495 1212 547 in
1239 494 1552 560 fortitudine
1572 493 1707 562 ejus.
1740 493 2007 563 Omnipo-

440 605 585 657 tens,
643 590 923 658 inquiunt,
992 588 1152 641 nobis
1206 587 1411 641 auxilio
1458 596 1559 641 est.
1627 585 2009 655 Saepenumero

442 683 587 736 enim
614 679 847 733 marium
883 677 1081 731 ﬂuctus
1120 677 1461 731 fremuerunt
1493 675 1921 745 conturbatique
1954 684 2009 730 et

439 772 699 831 commoti
735 781 888 830 sunt,
920 769 1342 823 etiervescentes
1375 768 1636 823 nimirum
1677 769 2008 824 irruentium

442 878 728 921 ventorum
753 864 805 915 vi
845 874 858 914 :
894 873 1110 917 montes
1140 862 1301 915 etiam
1331 876 1723 927 nonnunquam
1751 862 2006 918 concussi

443 964 595 1015 sunt.
634 956 828 1011 Omnia
877 964 1059 1008 autem
1104 955 1215 1006 haec
1246 961 1517 1021 potestate
1554 954 1642 1009 Dei
1679 954 2005 1010 eiliciuntur.

442 1051 595 1106 Unde
620 1049 747 1102 alihi
780 1048 943 1099 etiam
976 1047 1049 1097 ait
1082 1064 1095 1105 ;
1131 1045 1235 1108 Qui
1263 1047 1521 1098 convertis
1545 1047 1863 1116 profundum
1897 1062 2010 1099 ma-

439 1146 512 1198 ris
532 1145 597 1196 ”.
619 1144 748 1195 ltem
773 1158 787 1195 :
813 1139 918 1203 Qui
938 1140 1146 1207 respicit
1166 1150 1359 1191 terram
1376 1147 1424 1191 et
1443 1139 1700 1206 faciteam
1722 1142 2004 1193 tremere”.

440 1237 607 1290 Maria
630 1243 809 1287 autem
838 1234 890 1285 in
918 1232 1112 1299 plurali
1138 1246 1368 1285 numero
1388 1231 1539 1293 dicit,
1560 1230 1712 1299 juxta
1732 1229 2010 1288 Hebraicis

440 1333 639 1399 linguae
679 1328 1159 1389 consuetudinem,
1207 1334 1265 1380 ut
1299 1325 1423 1379 alibi
1458 1325 1717 1380 diximus.
1755 1326 1872 1390 Vel,
1918 1342 2011 1395 per

441 1426 636 1487 maria,
677 1426 861 1477 varios
898 1423 1064 1477 maris
1143 1421 1301 1475 sinus
1336 1427 1429 1473 aut
1466 1428 1677 1475 tractus
1733 1419 2008 1487 intelligit.

439 1517 608 1570 νυιιιιί
642 1515 897 1577 IEgeum,
953 1513 1197 1566 ionicum
1254 1520 1307 1564 et
1360 1511 1496 1567 alios
1538 1512 1869 1580 hujusmodi.
1901 1511 2010 1568 Nec

440 1619 622 1663 tamen
679 1609 777 1661 abs
816 1623 873 1660 re
904 1606 1087 1666 fuerit,
1127 1605 1210 1658 his
1248 1604 1431 1657 verbis
1465 1604 1816 1672 anagogicum
1846 1603 2008 1658 etiam

438 1711 661 1750 sensum
720 1693 1136 1748 accommodare
1165 1710 1179 1746 :
1206 1692 1319 1745 Non
1355 1692 1694 1755 timebimus,
1732 1694 2006 1763 inquiunt,

440 1790 570 1842 dum
599 1788 851 1840 turbatur
880 1794 1047 1851 terra,
1070 1786 1173 1839 hoc
1197 1794 1298 1848 est,
1322 1785 1449 1838 dum
1485 1785 1698 1855 tyranni
1724 1794 1776 1840 et
1806 1786 2008 1841 subditi

440 1893 627 1932 eorum
660 1878 842 1945 populi
871 1886 1090 1931 terrena
1125 1877 1400 1944 sapientes
1428 1877 1816 1931 turbabuntur.
1846 1876 2009 1949 [Tur-

441 1971 552 2023 bati
589 1980 769 2025 autem
806 1978 952 2028 sunt,
986 1968 1209 2036 antiqua
1250 1982 1311 2022 ac
1339 1969 1514 2035 patria
1546 1984 1737 2023 eorum
1774 1986 2008 2027 conver-

440 2064 651 2118 satione
668 2061 1289 2129 immutata.)0uinimo,
1312 2078 1490 2127 neque
1511 2061 1675 2117 etiam
1700 2064 2009 2119 timebimus

441 2155 568 2208 dum
600 2163 832 2215 montes,
870 2154 991 2217 hoc,
1027 2164 1131 2218 est,
1170 2153 1392 2222 superbi
1435 2155 1675 2223 elatique
1698 2156 1902 2220 animo,
1945 2173 2010 2212 ac

444 2253 717 2298 tumentes
763 2246 1058 2305 daemones,
1087 2245 1140 2297 in
1168 2245 1623 2298 amarescentium
1652 2259 1713 2297 ac
1736 2247 1900 2299 maris
1928 2248 2012 2300 in-

442 2349 555 2392 star
575 2337 1050 2390 int‘ruetuosorum
1076 2336 1355 2388 hominum
1375 2336 1537 2389 corda
1559 2337 1956 2391 transferentur
1993 2357 2007 2401 ;

444 2430 547 2484 hoc
577 2438 682 2487 est,
714 2428 841 2480 dum
882 2428 1096 2481 irruere
1126 2441 1222 2478 eos
1243 2426 1571 2489 videbimus,
1613 2428 1662 2479 in
1699 2428 2011 2494 hujusmodi

442 2520 712 2580 homines,
766 2519 840 2571 ita
890 2526 947 2572 ut
992 2518 1058 2570 ad
1115 2519 1352 2569 furorem
1386 2532 1481 2572 eos
1530 2527 1694 2583 atque
1744 2520 2009 2575 insaniam

441 2614 846 2671 commoveant,
882 2617 934 2661 et
991 2607 1187 2661 saavire
1230 2620 1328 2665 eos
1374 2607 1537 2659 etiam
1564 2617 1766 2675 cogant
1798 2610 1853 2662 iu
1889 2624 2011 2664 nos.

441 2699 611 2754 Multa
662 2698 804 2751 enim
855 2698 1169 2766 hujusmodi
1207 2698 1350 2753 iacta
1402 2699 1575 2754 fuisse
1624 2700 1919 2753 traduntur
1958 2702 2011 2755 in

439 2791 811 2859 apostolorum
848 2790 1024 2846 Actis.
1047 2789 1137 2861 [Et
1170 2792 1314 2860 quod
1349 2791 1426 2844 ait
1455 2832 1469 2854 ,
1502 2792 1757 2846 sonuisse
1788 2807 1853 2845 ac
1886 2807 2017 2847 con-

442 2884 693 2937 tnrbatas
758 2898 882 2937 esse
944 2897 1116 2951 aquas
1168 2897 1401 2949 eorum,
1459 2882 1534 2937 ita
1599 2882 2013 2949 intelligendum

439 2984 548 3035 est.
593 2983 652 3029 ut
678 2976 855 3029 oratio
897 2975 961 3030 ad
1012 2984 1226 3030 montes
1274 2976 1562 3042 dirigatur,
1596 2990 1659 3031 ac
1684 2979 1730 3031 si
1766 2978 2011 3030 diceret:

439 3068 611 3135 Aquas
649 3084 837 3124 eorum
893 3067 1223 3138 montium.]
1277 3067 1379 3122 Per
1419 3084 1590 3137 aquas
1636 3079 1817 3124 autem
1856 3084 2007 3122 mon.

444 3158 576 3211 tium
594 3159 898 3212 diabolicos
931 3159 1432 3227 atqueidnlolatras
1463 3159 1712 3212 homines
1746 3158 2017 3228 intelligit,

2111 495 2532 563 ἐταράχθησαν
2585 495 2657 551 τὰ
2703 496 2808 563 ὄρη
2854 496 2914 549 ἐν
2955 495 3028 563 τῇ
3056 496 3432 564 κραταιότητι
3463 497 3677 552 αὐτοῦ.

2110 584 2284 635 Τοῦτο
2314 583 2587 652 λέγουσιν,
2627 586 2711 638 ὅτι
2745 586 3161 655 Παντοδὺναμος
3189 585 3216 638 ὁ
3249 585 3444 655 βοηθὸς
3482 586 3640 654 ἡμῶν
3661 603 3677 618 ⁸

2111 677 2374 740 πολλάκις
2423 678 2532 747 γὰρ
2582 677 2650 730 τὰ
2682 676 2851 729 ὕδατα
2884 677 2990 731 τῶν
3020 678 3303 731 θαλασσῶν
3336 678 3549 747 ἤχησαν
3582 678 3678 731 καὶ

2110 768 2495 838 ἐταράχθησαν
2545 768 2837 837 κυκώμενα
2907 770 3001 822 καὶ
3049 768 3510 837 ἀναϐρασσὸμενα
3559 772 3678 832 ταῖς

2112 858 2254 925 βίαις
2286 858 2393 911 τῶν
2416 860 2804 929 ἐμπιπτόντων
2822 860 3060 927 ἀνέμων.
3092 858 3214 912 Ἔτι
3244 860 3300 913 δὲ
3333 859 3431 913 καὶ
3459 860 3525 913 τὰ
3552 861 3676 931 ὅρη,

2110 950 2481 1019 ἐσαλεὺθησαν
2516 948 2746 1019 σεισμῷ.
2790 947 2973 1002 Ταῦτα
3006 947 3063 1001 δὲ
3102 948 3311 1016 γίνεται
3341 950 3400 1001 ὲν
3432 951 3497 1019 τῇ
3524 948 3679 1002 δυνά-

2114 1057 2203 1110 μει
2258 1039 2446 1094 αὑτοῦ.
2488 1040 2540 1092 Ὀ
2554 1039 2981 1108 μεταστρέφων
3029 1039 3159 1108 γὰρ,
3198 1041 3351 1108 φησὶ,
3408 1041 3477 1094 τὸ
3500 1040 3679 1107 κῦτος

2110 1132 2219 1196 τῆς
2285 1130 2626 1197 θαλάσσης·
2677 1130 2793 1195 καὶ,
2844 1128 3211 1184 Ἐπιϐλέπων
3260 1130 3353 1183 ἐπὶ
3389 1129 3503 1197 τὴν
3540 1132 3674 1201 γῆν,

2111 1223 2209 1277 καὶ
2234 1220 2422 1275 ποιῶν
2446 1221 2642 1288 αὐτὴν
2673 1224 2929 1292 τρέμειν.
2960 1223 3259 1276 Θαλασσῶν
3290 1224 3347 1276 δὲ
3382 1224 3678 1294 πληθυντι-

2111 1316 2225 1378 κῶς
2286 1313 2429 1373 εἶπε.
2470 1316 2613 1369 κατά
2653 1315 2752 1384 τὴν
2822 1316 3084 1385 Ἐὁραῖδα
3136 1316 3452 1386 συνήθειαν,
3505 1316 3578 1379 ὡς
3619 1320 3677 1373 ὲν

2110 1405 2290 1467 ἄλλοις
2317 1408 2635 1476 εἰρήκαμεν.
2666 1408 2735 1459 Ἢ
2754 1406 3029 1471 θαλάσσας
3058 1408 3213 1461 καλεῖ
3240 1412 3365 1472 τοὺς
3388 1411 3677 1479 διαφόρους

2113 1498 2371 1561 κόλπους,
2412 1498 2504 1550 τὸν
2533 1500 2780 1566 Αἰγαῖον,
2823 1500 2916 1552 τὸν
2968 1499 3172 1561 Ἰόνιον,
3206 1502 3302 1553 καὶ
3330 1502 3397 1554 τὰ
3426 1502 3678 1557 τοιαῦτα.

2112 1593 2226 1646 Οὐκ
2272 1593 2502 1664 ἄκαιρον
2556 1595 2634 1657 δὲ,
2687 1594 2783 1647 καὶ
2837 1594 3202 1661 ἀναγωγικῶς
3232 1594 3570 1664 ἑρμηνεῦσαι
3610 1596 3677 1647 τὰ

2114 1688 2494 1759 προρρηθέντα
2514 1705 2527 1719 ³
2564 1690 2638 1743 Οὐ
2668 1689 3093 1758 φοϐηθησόμεθα
3127 1692 3185 1743 ὲν
3215 1690 3292 1759 τῷ
3310 1690 3681 1759 ταράσσεσθαι

2113 1779 2210 1849 τὴν
2258 1779 2384 1849 γῆν,
2422 1781 2548 1850 ἦτοι
2590 1782 2718 1843 τοῦς
2774 1783 2937 1851 γήϊνα
2982 1782 3313 1850 φρονοῦντας
3361 1783 3681 1853 τυράννους,

2112 1872 2205 1925 καὶ
2240 1871 2549 1942 ὑπηκόουςο
2580 1874 2947 1943 ἐταράσσοντο
2992 1873 3122 1944 γὰρ,
3165 1874 3279 1942 (67)
3321 1877 3682 1944 μετατιθεμέο

2112 1982 2219 2018 νων
2274 1964 2373 2033 τῆς
2404 1963 2659 2033 πατρῴου
2706 1966 2985 2029 πολιτείας
3031 1966 3231 2021 αὑτῶν.
3258 1967 3364 2019 Ναὶ
3405 1967 3533 2037 μὴν,
3563 1968 3681 2021 οὐδὲ

2114 2057 2172 2106 ἐν
2224 2054 2301 2124 τῷ
2368 2056 2784 2125 μετατίθεσθαι,
2830 2058 3000 2127 ἤγουν
3063 2058 3412 2127 είσέρχεσθαι
3443 2059 3513 2111 τὰ
3556 2058 3681 2126 ὅρη,

2112 2146 2361 2199 τουτέστι
2386 2147 2515 2210 τοὺς
2549 2146 2895 2217 ἐπηρμένους
2913 2148 3201 2218 δαίμονας,
3223 2153 3304 2213 εἰς
3325 2149 3419 2213 τὰς
3458 2150 3685 2218 καρδίας

2114 2240 2222 2291 τῶν
2241 2238 2500 2308 ἁλμυρῶν
2514 2240 2609 2292 καὶ
2632 2240 2844 2308 πικρῶν
2861 2239 3182 2310 ἀνθρώπων,
3203 2242 3561 2310 ἐκμαίνοντας
3581 2246 3689 2295 αὖ.

2114 2330 2328 2393 τοὺςεὶς
2348 2328 2570 2384 τὸνκαθ⁹
2586 2331 2741 2399 ἡμῶν
2755 2330 2912 2398 φόνον
2933 2347 2946 2360 ο
2972 2329 3140 2383 πολλά
3159 2331 3264 2402 γὰρ
3283 2330 3508 2385 τοιαῦτα
3530 2349 3687 2403 γεγο-

2116 2423 2262 2475 νέναι
2286 2423 2657 2492 παρίστησινή
2679 2422 2856 2489 βίϐλος
2881 2423 2990 2477 τῶν
3003 2424 3377 2479 ἀποστολικῶν
3404 2424 3686 2494 Πράξεων,

2121 2513 2329 2565 ’Υδατα
2362 2514 2416 2565 δὲ
2439 2513 2823 2582 αὑτῶν,ῆγουν
2855 2514 2964 2567 τῶν
2997 2514 3290 2583 δαιμόνων,
3332 2517 3380 2569 oi
3406 2516 3689 2569 εἰδωλολα-

2118 2622 2267 2673 τραι,
2293 2605 2449 2674 δίκην
2475 2607 2686 2661 ὑδάτων
2708 2607 2835 2676 τῇδε
2858 2608 3081 2661 κάκεῖσε
3113 2609 3549 2678 μεταφερόμενοι
3576 2612 3688 2674 τοῖς

2126 2698 2395 2768 πνεύμασι
2418 2698 2516 2766 τῆς
2548 2699 2752 2753 τούτων
2784 2700 3022 2769 ἀπάτης,
3063 2701 3113 2754 οἳ
3145 2703 3361 2771 ἤχησαν
3393 2701 3495 2767 μὲν
3522 2702 3692 2769 βοῶν⁴

2118 2808 2230 2853 τες,
2283 2792 2375 2841 καὶ
2406 2790 2658 2857 ἀλλήλοις
2705 2792 3150 2861 παραθήγοντες·
3198 2795 3575 2863 ἐταράχθησαν
3608 2793 3683 2856 δὲ,

2123 2878 2517 2950 θορυϐηθέντες
2559 2880 2652 2932 ἐπὶ
2684 2884 2805 2943 ταῖς
2836 2882 3319 2951 παραδοξοποιίαις
3342 2883 3452 2935 τῶν
3484 2883 3686 2936 δούλων

2121 2969 2217 3023 τοῦ
2248 2971 2407 3033 Θεοῦ,
2437 2972 2533 3025 καὶ
2554 2974 2620 3040 τῇ
2644 2973 3073 3043 ἁκαταγωνίστῳ
3096 2976 3356 3044 δυνάμει*
3386 2975 3689 3045 ἐταράχθης

2127 3084 2225 3119 σαν
2257 3066 2313 3119 δὲ
2344 3066 2441 3119 καὶ
2467 3064 2535 3119 τὰ
2566 3066 2689 3137 ὅρη,
2720 3068 2971 3121 τουτέστι
3018 3070 3113 3122 καὶ
3137 3069 3290 3123 αὐτοὶ
3341 3073 3390 3123 οἱ
3416 3070 3687 3140 δαίμονες,

2127 3157 2468 3221 ἁτονοῦντες,
2495 3160 2589 3211 καὶ
2616 3159 2987 3229 ἐλαυνόμενοι.

441 3250 534 3317 qui
560 3264 823 3319 aquarum
857 3250 1031 3301 instar
1073 3248 1178 3301 huc
1206 3258 1259 3302 et
1282 3249 1452 3301 illuca
1474 3249 1670 3317 spiritu
1694 3250 2034 3319 deceptionis
2067 3259 2327 3322 aguntur,
2387 3251 2593 3319 quique
2620 3251 2942 3305 clamantes
3001 3261 3309 3305 sonuerunt
3372 3260 3426 3307 et
3498 3264 3692 3307 mutuo

443 3356 566 3396 sese
605 3340 669 3393 ad
730 3340 972 3393 fidelium
1054 3354 1241 3392 necem
1296 3339 1583 3393 irritantes
1636 3341 1839 3394 turbati
1896 3348 2047 3405 sunt,
2083 3349 2136 3395 et
2171 3341 2445 3410 perterriti
2510 3341 2563 3394 in
2603 3339 2943 3395 admirandis
2975 3357 3258 3397 servorum
3288 3343 3380 3397 Dei
3438 3344 3692 3412 operibus

442 3440 607 3501 atque
632 3431 683 3484 in
715 3431 916 3485 invicto
966 3444 1156 3484 eorum
1194 3429 1409 3484 robore.
1443 3430 1672 3485 Turbati
1705 3429 1870 3486 etiam
1907 3441 2037 3487 sunt
2072 3441 2308 3499 montes,
2368 3433 2471 3487 hoc
2513 3440 2619 3498 est,
2680 3432 2780 3501 ipsi
2833 3432 2997 3485 etiam
3028 3433 3338 3503 ,daunones
3402 3435 3695 3489 debiliores

445 3525 571 3582 facti
611 3531 739 3580 sunt
764 3531 931 3593 atque
961 3520 1015 3575 in
1044 3520 1226 3593 fugam
1255 3521 1384 3576 acti.

516 3683 683 3737 Vsus.
739 3685 793 3739 5.
831 3682 1099 3737 Fluminis
1185 3684 1409 3751 impetus
1471 3684 1706 3753 Ia'tiﬁcat
1759 3686 2021 3738 ciuitatem

2204 3682 2314 3736 Τοῦ
2361 3679 2628 3748 ποταμοῦ
2670 3680 2741 3733 τὰ
2790 3680 3099 3751 ὀρμήματα
3131 3684 3526 3751 εὐφραίνουσι
3580 3686 3697 3753 τὴν

446 3776 563 3831 Dei.
602 3776 826 3831 Occulta
867 3776 955 3831 hic
1015 3778 1303 3831 traduntur
1357 3776 1637 3847 mysteria.
1698 3775 1763 3829 Et
1816 3776 2011 3830 ﬂumen

441 3866 662 3935 quidem
713 3865 967 3920 Christus
1026 3866 1228 3920 dicitur
1282 3878 1504 3935 propter
1560 3867 1875 3921 dulcissima
1920 3866 2017 3920 do-

440 3957 631 4011 ctrinae
663 3957 781 4025 ejus
835 3958 1060 4024 ﬂuenta,
1120 3976 1240 4027 qua)
1290 3959 1476 4015 ﬁdeles
1512 3964 1725 4015 animas
1765 3961 2013 4026 irrigant,

444 4046 790 4115 impinguant
819 4058 872 4102 et
897 4050 961 4101 ad
993 4050 1305 4104 uberrimos
1342 4050 1602 4103 virtutum
1674 4040 1895 4104 fruetus.
1922 4051 2016 4103 de-

444 4138 675 4194 ducunt.
708 4142 865 4197 Unde
892 4157 987 4209 per
1017 4143 1305 4210 quemdam
1337 4145 1653 4211 prophetam
1687 4143 1852 4196 dicit:
1882 4142 2014 4196 Ecce

445 4232 651 4284 deriino
694 4232 763 4284 ad
797 4250 905 4295 eos,
934 4234 1089 4298 quasi
1126 4235 1321 4302 ﬂumen
1347 4237 1492 4299 pacis
1525 4235 1590 4286 ⁸⁸.
1646 4233 1751 4288 Per
1780 4235 2013 4302 impetus

448 4334 629 4378 autem
653 4325 818 4393 hujus
856 4326 1121 4387 ﬂuminis,
1155 4334 1378 4379 sanctos
1406 4326 1766 4393 intelligimus
1790 4337 2014 4395 aposto-

450 4416 548 4476 los,
586 4417 680 4485 qui
713 4418 860 4471 abeo
888 4418 1038 4469 missi
1076 4426 1239 4483 atque
1264 4418 1483 4485 impulsi
1511 4426 1659 4479 sunt,
1692 4418 1755 4471 ad
1777 4419 2012 4472 tidelinm

447 4507 772 4561 doctrinam.
811 4507 1004 4560 Euntes
1033 4508 1201 4568 enim,
1235 4507 1432 4575 inquit,
1462 4508 1643 4563 docete
1682 4526 1861 4563 omnes
1891 4528 2015 4580 geu-

450 4612 524 4655 tcs
552 4604 619 4654 “.
653 4601 863 4654 Civitas
897 4615 1025 4652 vero
1065 4599 1154 4652 Dei
1198 4607 1282 4652 est
1330 4598 1567 4653 ﬁdelium
1615 4604 1962 4672 congregatio
1997 4644 2011 4665 ,

451 4693 565 4761 ipsa
616 4692 872 4745 nimirum
924 4690 1367 4745 Christianorum
1426 4690 1687 4755 Ecclesia,
1750 4708 1869 4762 qua:
1921 4693 2013 4746 Dei

446 4800 569 4839 esse
594 4783 812 4845 dicitur,
847 4782 973 4850 quia
1014 4782 1122 4836 vita
1159 4794 1210 4836 et
1262 4782 1611 4835 conversatio
1655 4797 1841 4837 eorum
1904 4784 2016 4839 Deo

446 4887 595 4943 grata
674 4883 774 4927 est.
834 4874 1135 4929 Lzetiticant
1190 4872 1355 4942 igitur
1410 4872 1709 4928 Ecclesiam
1764 4876 2012 4944 apostoli,

447 4967 697 5031 exemplo
750 4982 814 5019 ac
855 4966 1127 5019 doctrina.
1198 4964 1295 5019 Vel
1357 4965 1515 5018 aliter
1558 4983 1573 5018 :
1616 4965 1722 5019 Per
1782 4967 2018 5034 impetus

2123 3777 2304 3827 πόλιν
2323 3773 2428 3826 τοῦ
2456 3770 2622 3826 Θεοῦ.
2659 3771 2942 3826 Ἐντεῦθεν
2963 3774 3031 3824 τὰ
3055 3773 3283 3843 κρύφια,
3303 3776 3397 3827 καὶ
3424 3779 3661 3844 μυστικά
3678 3795 3691 3808 ·

2122 3865 2365 3933 ποταμὸς
2396 3862 2493 3932 μὲν
2522 3862 2630 3932 γὰρ
2658 3862 2685 3914 ὁ
2715 3863 2970 3932 Χριστὸς,
3004 3864 3094 3917 διὰ
3126 3865 3193 3918 τὰ
3224 3867 3537 3933 γλυκύτατα
3568 3870 3693 3940 ῥεύ-

2125 3975 2269 4026 ματα
2285 3957 2382 4025 τῆς
2405 3954 2755 4017 διδασκαλίας
2778 3954 2968 4019 αὑτοῦ,
2988 3955 3239 4025 ἄρδοντα,
3260 3959 3351 4010 καὶ
3383 3961 3689 4029 πιαίνοντα,

2122 4054 2219 4107 καὶ
2285 4053 2423 4124 πρὸς
2495 4052 2869 4123 καρπογονίαν
2923 4053 3137 4121 ἀρετῶν
3187 4054 3387 4121 ἄγοντα
3453 4057 3551 4119 τὰς
3588 4060 3696 4110 τῶν

2124 4145 2328 4198 πιστῶν
2370 4145 2584 4215 ψυχάςο
2613 4146 2745 4213 φησὶ
2787 4144 2896 4214 γὰρ
2941 4145 3010 4198 δι’
3052 4146 3170 4209 ἑνὸς
3216 4147 3323 4201 τῶν
3363 4151 3693 4219 προφητῶν·

2124 4236 2275 4289 Ἰδοὺ
2314 4235 2428 4303 ἐγὼ
2474 4236 2736 4289 ἐκκλίνω
2775 4236 2867 4288 ἐπ’
2905 4237 3150 4302 αὐτοὺς,
3186 4238 3265 4302 ὡς
3298 4244 3566 4307 ποταμὸς
3610 4244 3695 4295 ει-

2117 4325 2311 4393 ρήνης
2332 4342 2345 4358 ·
2364 4326 2690 4394 Ὀρμήματα
2712 4324 2791 4388 δὲ,
2811 4325 2997 4387 αὐτοῦ,
3022 4328 3068 4378 οἱ
3099 4326 3229 4378 θεῖοι
3260 4327 3567 4390 ἀπόστολοι,
3590 4348 3696 4382 παι

2129 4417 2489 4488 ρορμηθέντες
2522 4416 2653 4486 παρ’
2684 4415 2849 4469 αὐτοῦ
2877 4417 2955 4479 είς
2987 4415 3084 4486 τὴν
3123 4418 3232 4470 τῶν
3268 4418 3477 4471 πιστῶν
3507 4419 3686 4473 διδασο

2127 4510 2336 4563 καλίαν·
2356 4509 2752 4576 Πορευθέντες
2768 4506 2896 4576 γὰρ,
2910 4525 2983 4577 φη
2992 4508 3061 4568 si,
3070 4510 3487 4576 μαθητεύσατε
3498 4511 3695 4566 πάντα

2124 4600 2197 4652 τὰ
2242 4598 2405 4664 ἔθνη.
2465 4599 2623 4661 Πόλις
2676 4598 2731 4650 δὲ
2792 4596 2884 4649 τοῦ
2939 4598 3096 4661 Θεοῦ,
3157 4599 3218 4652 τὸ
3273 4600 3527 4671 σύστημα
3582 4605 3690 4656 τῶν

2123 4690 2349 4754 πιστῶν,
2366 4695 2399 4759 ἡ
2421 4689 2530 4741 τῶν
2550 4690 2890 4759 Χριστιανῶν
2920 4690 3239 4759 Ἐκκλησία,
3262 4693 3350 4746 διὰ
3370 4696 3429 4747 τὸ
3450 4695 3691 4759 θεοφιλὲς

2122 4781 2223 4849 τῆς
2248 4779 2520 4841 πολιτείας
2548 4779 2749 4833 αὐτῶν.
2779 4778 3179 4849 Εὑφραίνουσιν
3206 4780 3299 4834 οῦν
3332 4783 3432 4853 τὴν
3468 4784 3696 4852 Ἐκκλη-

2126 4874 2245 4927 σίαν
2279 4875 2325 4926 οἱ
2357 4870 2644 4925 ἀπόστολοι
2675 4874 2770 4925 καὶ
2801 4872 2900 4943 βίῳ
2937 4873 3032 4925 καὶ
3058 4872 3223 4944 λόγῳ.
3256 4876 3362 4928 Χαὶ
3390 4875 3563 4936 ἄλλως
3594 4876 3647 4928 δέ
3675 4892 3689 4908 ·

2127 4966 2371 5035 ποταμὸς
2421 4966 2541 5033 μὲν,
2585 4965 2643 5016 τὸ
2684 4964 2910 5035 Πνεῦμα
2942 4965 3002 5016 τὸ
3050 4966 3241 5032 ἆγιον·
3282 4968 3582 5035 δρμήματα
3636 4967 3692 5019 δὲ

450 5055 712 5118 ﬂuminis,
764 5056 903 5111 dona
946 5065 1111 5125 atque
1160 5055 1492 5110 charismata
1560 5059 1871 5127 intelligere
1896 5076 2015 5129 pos-

2123 5056 2312 5120 αὐτοῦ,
2346 5055 2413 5109 τὰ
2446 5056 2682 5126 διάφορα
2712 5056 3050 5125 χαρίσματα,
3086 5053 3226 5126 οἶςή
3268 5057 3560 5128 Ἐκκλησία
3597 5076 3692 5111 κα-

422 5162 431 5169 '
452 5164 646 5204 sumus
672 5148 847 5204 sancti
872 5146 1132 5218 Spiritus,
1160 5148 1362 5217 quibus
1396 5147 1637 5203 Ecclesia
1661 5150 1730 5205 ab
1748 5164 1812 5203 eo
1830 5160 2020 5205 ornata

447 5249 549 5295 est.

521 5348 883 5417 Sanctiﬁcauit
925 5349 1325 5404 tabernaculum
1353 5366 1504 5404 suum
1530 5350 1856 5404 Aitissimus.
1891 5350 2010 5419 Ipsa

521 5481 571 5514 ⁸⁸
616 5481 757 5539 Psal.
790 5498 935 5548 utr,
965 5484 1018 5538 8.

2131 5145 2564 5215 τακεκόσμηται.

2205 5346 2481 5411 Ἡγῖασεν
2544 5342 2611 5395 τὸ
2659 5341 2947 5409 σκήνωμα
2993 5341 3181 5397 αὐτοῦ
3212 5345 3244 5396 ό
3278 5343 3580 5412 Ὗψιστος.
3628 5343 3689 5400 Ἥ

1130 5483 1175 5514 ⁶⁹
1205 5482 1483 5547 l‘sa|.cul,
1519 5482 1608 5539 32.
1687 5483 1731 5514 ⁶⁰
1758 5483 1862 5537 lsa.
1905 5496 2051 5545 uvr,
2077 5480 2159 5536 12.
2215 5482 2256 5512 ⁶¹
2294 5478 2481 5535 Matth.
2518 5494 2703 5544 xxvm,
2732 5479 2818 5534 l9.

1805 5597 2010 5658 Variae
2042 5595 2372 5660 lectiones.

536 5714 649 5779 (G7)
679 5720 763 5772 Al.
802 5720 1247 5786 μετατιθεμένης.
