4114 6208
411 300 520 364 50)

1567 299 1957 364 ΟΟΜ-ΜΕΝΤ.
2008 299 2091 358 lN
2132 301 2495 364 PSALMOS.

3559 314 3668 377 510

411 415 551 486 αὑτὴ
577 414 729 478 πόλις
753 417 889 478 ἐστὶ,
913 419 1009 472 καὶ
1038 419 1308 489 σκήνωμα
1340 419 1434 472 τοῦ
1461 417 1600 472 Θεοῦ
1623 434 1637 448 ⁸
1669 417 1967 487 Ἑνοικήσι

2097 417 2260 471 etiam
2289 417 2728 472 Christianorum
2767 419 3012 477 Ecclesia
3046 422 3200 479 locus
3230 433 3312 479 est
3369 432 3422 479 et
3481 427 3664 480 taber—

409 506 542 578 γὰρ,
569 507 753 578 φησὶν,
788 507 858 560 ἐν
891 509 1096 574 αὐτοῖς
1125 511 1222 564 καὶ
1256 509 1747 580 ἐμπεριπατήσω.

489 664 554 716 '0
584 663 728 729 Θεὸς
757 665 827 718 ἐν
856 664 1023 734 μέσῳ
1051 664 1259 732 αὐτῆς,
1286 665 1383 717 καὶ
1420 668 1491 719 οὐ
1519 661 1983 728 adlevandum.

410 786 478 795 -—-
506 758 610 810 Kal
648 756 776 810 ἰδοὺ
805 757 989 825 φησὶν,
1018 757 1134 826 ἐγὼ
1150 758 1280 826 μεθ’
1310 756 1482 828 ὑμῶν
1502 758 1618 823 ειμι
1649 749 1851 819 πάσας
1877 756 1988 818 τὰς

409 846 654 914 ἡμέρας.
677 848 784 900 Καί
806 863 817 876 '
845 849 1041 903 Ὅπου
1072 849 1191 903 εἰσὶ
1223 849 1334 903 δύο
1363 848 1401 915 ἢ
1427 849 1582 917 τρεῖς
1614 849 1986 917 συνηπιιένοι

410 941 501 1004 εις
528 940 592 992 τὸ
625 939 770 1007 ἐμὸν
802 941 1010 1008 ὄνομα,
1042 941 1172 994 ἐκεῖ
1197 943 1312 1012 ειμι
1359 941 1429 994 ἐν
1453 941 1624 1010 μέσῳ
1658 939 1876 994 αὐτῶν.
1910 940 1984 994 Οὐ

413 1031 804 1100 σαλευθήσεται
839 1032 894 1085 δὲ
926 1035 1046 1096 ταῖς
1087 1034 1232 1104 βίαις
1263 1034 1372 1086 τῶν
1407 1034 1740 1103 ἀνατρέπειν
1778 1035 1988 1102 ἐπιχει-

413 1121 671 1189 ρούντων,
706 1120 917 1191 ὁρατῶν
945 1126 1041 1176 καὶ
1072 1124 1319 1192 ἀοράτων
1347 1123 1556 1195 ἐχθρῶν
1586 1144 1593 1154 ·
1626 1125 1819 1178 Πύλαι
1852 1125 1982 1194 γὰρ,

412 1212 597 1280 φησὶν,
625 1209 773 1276 ᾅδου
803 1214 876 1265 οὐ
910 1215 1396 1283 κατισχύσουσιν
1430 1215 1645 1283 αὐτῆς.

476 1387 774 1453 Βοηθὴσει
810 1388 987 1458 ,αὐτῇ
1041 1392 1077 1443 ὁ
1127 1391 1269 1455 Θεὸς
1320 1391 1386 1444 τὸ
1411 1391 1564 1459 πρὸς
1595 1391 1746 1459 πρωῒ
1799 1394 1978 1460 πρωΐ.

405 1479 674 1547 Βοηθήσει
709 1480 844 1549 αὐτῇ
890 1480 950 1532 ἐν
1019 1482 1374 1550 περιστάσεσι
1431 1482 1731 1552 ταχύτατα.
1769 1483 1842 1536 Τὸ
1869 1483 1980 1552 γὰρ

401 1567 554 1633 Πρὸς
581 1567 750 1635 πρωῒ,
768 1569 962 1638 τάχους
981 1570 1230 1623 ἐπίτασιν
1255 1573 1534 1642 σημαίνει,
1560 1573 1653 1625 καὶ
1684 1571 1978 1643 σύγκρισιν

397 1658 489 1710 τοῦ
514 1659 680 1727 πρωῒ,
727 1659 860 1729 πρὸς
911 1661 1101 1732 ἓτερον
1133 1663 1279 1734 πρωῒ
1300 1681 1312 1693 ’
1341 1662 1448 1734 (68)
1469 1663 1548 1717 διδ
1579 1665 1640 1716 τὸ
1668 1664 1872 1735 ἄρθρον
1899 1665 1967 1735 τᾷ

2082 1693 2243 1749 Hane
2261 1658 2521 1761 diluculo,
2546 1658 2641 1752 seu

396 1749 636 1819 δευτέρῳ
669 1752 813 1822 πρωῒ
842 1755 1126 1820 συντάξεις
1146 1771 1161 1786 ο
1195 1749 1329 1822 οἷον,
1364 1757 1438 1810 Τὸ
1475 1756 1646 1827 πρωῒ,

398 1840 542 1909 πρωῒ
570 1841 657 1894 ἓτε
666 1859 782 1912 ρον.

465 2108 924 2178 Ἐταράχθησαν
941 2111 1221 2177 ἐθνη.’ῐ“οῦ
1241 2111 1600 2181 εὐαγγελικοῦ
1622 2115 1978 2186 κηρύγματος

397 2203 935 2270 κατασπειρομὲνου,
959 2203 1292 2272 ἐκινήθησαν
1324 2207 1525 2268 πάντες
1549 2223 1562 2236 ο
1590 2207 1636 2260 οἱ
1667 2208 1784 2277 μὲν,
1814 2225 1972 2277 προσ-

397 2294 686 2363 τρέχοντες
710 2297 774 2366 τῇ
818 2295 1034 2350 πιστειο
1074 2297 1123 2350 οἱ
1163 2297 1242 2363 δὲ,
1300 2300 1733 2369 κατατρέχοντες
1783 2300 1973 2370 αὐτῆς.

472 2474 798 2527 Ἕκκλιναν
820 2472 1150 2538 βασιλεῖαι.
1168 2473 1232 2524 At
1261 2473 1598 2544 πολεμοῦσαι
1629 2479 1694 2547 τῇ
1739 2478 1975 2549 Ἐκκλη-

395 2567 509 2637 σία,
551 2568 864 2637 ἡττήθησαν
918 2566 1276 2632 ἀπειποῦσαι,
1330 2567 1362 2638 ἢ
1407 2569 1779 2638 ὑπεκλὶθησαν
1831 2572 1968 2644 αὐτῇ

391 2657 479 2712 διὰ
508 2657 744 2722 πίστεως
769 2675 782 2688 ·
815 2660 908 2712 καὶ
953 2660 1113 2714 τοῦτο
1146 2657 1256 2731 γὰρ
1301 2660 1526 2715 κάκεῖνο
1571 2661 1819 2732 γέγονεν,
1875 2665 1970 2718 ἐπὶ

388 2747 665 2821 διαφόρων
696 2751 924 2807 πόλεων.

462 2941 728 2996 Ἔδωκεν
768 2946 977 3013 φωνὴν
1023 2912 1211 3003 adeo?)
1243 2953 1276 3004 ό
1310 2953 1618 3020 Ὕψιστος.
1665 2953 1970 3023 ἐσαλεύθη

2093 508 2346 560 naculum
2378 507 2470 562 Dei
2502 525 2516 562 :
2551 507 2866 564 Inhabitabo
2895 511 3066 578 enim,
3109 511 3309 583 inquit,
3337 522 3386 567 et
3408 515 3653 569 inambu'

2089 597 2213 652 tabo
2244 600 2297 651 in
2335 602 2408 653 eis
2457 601 2524 652 “.

2162 690 2325 746 Vens.
2351 693 2405 745 6.
2445 693 2581 746 Deus
2624 695 2676 746 in
2713 696 2882 750 medio
2931 696 3048 764 ejus
3074 713 3178 749 non
3235 697 3659 754 commovebitur.

2085 812 2158 826 —-—
2196 784 2330 837 Ecce
2354 800 2470 854 ego,
2503 787 2700 854 inquit,
2743 789 3005 840 vobiscum
3036 804 3152 841 sunt
3180 789 3421 842 omnibus
3477 787 3662 844 diebus

2088 876 2271 945 (usque
2303 874 2372 928 ad
2405 879 2917 931 consummationem
2983 879 3167 932 sa’culi
3213 877 3301 948 ³³.)
3339 877 3466 932 Item
3509 897 3523 932 :
3565 878 3665 932 Ubi

2087 977 2210 1020 sunt
2259 969 2386 1030 duo,
2415 976 2648 1021 aques
2673 969 2976 1039 congregati
3009 971 3063 1022 in
3105 971 3314 1024 nomine
3363 987 3496 1032 meo,
3553 973 3664 1027 illic

2086 1074 2202 1112 sunt
2229 1075 2324 1129 ego
2355 1061 2409 1112 in
2459 1061 2626 1113 medio
2690 1077 2870 1115 eorum
2921 1059 2992 1114 “.
3049 1060 3166 1115 Non
3235 1062 3664 1116 commovebitur

2085 1157 2266 1202 autem
2343 1150 2394 1200 vi
2455 1149 2643 1217 aliqua
2716 1151 3035 1216 visibilium,
3124 1166 3220 1204 seu
3304 1150 3660 1204 iuvisibillum

2085 1237 2435 1292 inimicorum
2507 1240 2824 1293 conantium
2857 1255 2918 1295 ea
2943 1248 3190 1294 evertere
3227 1259 3240 1293 ε
3279 1239 3459 1293 Portw
3492 1239 3661 1304 enim,

2083 1330 2282 1399 inquit,
2351 1329 2550 1399 inferni
2579 1347 2682 1384 non
2713 1331 3073 1400 pravalebunt
3112 1332 3367 1384 adversus
3414 1346 3534 1383 eam
3591 1329 3659 1383 “.

2153 1420 2442 1490 Adjuvabit
2473 1438 2592 1476 eam
2649 1421 2790 1476 Deus
2849 1438 3006 1476 mane
3064 1421 3324 1476 diluculo.
3367 1418 3662 1488 Adjuvabit

2079 1527 2226 1575 eam,
2261 1513 2458 1582 inquit,
2515 1511 2664 1568 Deus
2691 1529 2855 1584 quam
2887 1514 3174 1568 celerrime
3209 1531 3226 1569 :
3260 1513 3478 1583 quoties
3500 1511 3663 1566 nitui-

2083 1618 2202 1656 rum
2235 1603 2288 1657 in
2323 1604 2584 1672 periculis
2612 1604 2778 1658 fuerit
2804 1605 3127 1658 constituta.
3165 1602 3298 1657 Nam
3357 1602 3506 1672 quod
3557 1603 3659 1656 ait:

2669 1695 2752 1767 [ut
2783 1697 2943 1751 lectio
2972 1697 3162 1752 Graeca
3200 1697 3375 1766 magis
3433 1696 3660 1768 poscit,|

1679 1757 1802 1811 ὅσον
1835 1757 1974 1828 πρδς
2007 1753 2052 1812 8
2081 1785 2328 1840 Dilucqu
2351 1787 2421 1841 ad
2453 1753 2751 1840 diluculum
2781 1829 2796 1853 ,
2849 1803 3116 1841 summam
3147 1753 3355 1840 iudith
3406 1753 3660 1840 celerita:

2080 1886 2188 1932 tem
2235 1885 2289 1930 et
2353 1878 2822 1946 comparationem
2886 1879 3049 1932 unius
3110 1877 3337 1931 diluculi
3394 1878 3458 1930 ad
3508 1878 3657 1931 aliud

2081 1969 2422 2034 diluculum,
2445 1969 2613 2022 veluti
2643 1969 2717 2023 sit
2745 1966 3024 2038 quoddam
3067 1969 3375 2022 diluculum
3431 1969 3658 2023 alterius

2079 2059 2332 2115 diluculi.

2157 2151 2318 2206 Vsus.
2347 2151 2400 2204 7.
2431 2150 2780 2204 Conturbatc
2817 2159 2940 2203 sunt
2970 2158 3167 2220 gentes.
3223 2150 3364 2216 Quia
3411 2151 3664 2204 dissemi-

2083 2251 2208 2297 nata
2241 2242 2636 2312 praedicatione
2658 2241 2976 2310 evangelica
3003 2255 3197 2295 omnes
3228 2241 3490 2295 commoti
3511 2248 3659 2302 sunt,

2080 2334 2173 2388 alii
2222 2343 2510 2388 currentes
2540 2334 2608 2387 ad
2663 2334 2848 2396 Iidem,
2910 2333 3000 2387 alii
3057 2349 3185 2387 vero
3232 2333 3499 2386 adversus
3541 2345 3660 2384 eam

2078 2425 2344 2494 impetum
2375 2423 2664 2479 iacientes.

2146 2515 2424 2570 Inclinato
2453 2527 2576 2571 sunt
2609 2533 2791 2588 regna.
2828 2517 3012 2585 Regna
3047 2513 3228 2569 omnia
3250 2528 3372 2584 qua:
3389 2511 3657 2566 adversus

2073 2608 2374 2664 Ecclesiam
2410 2618 2815 2676 pugnaverunt,
2846 2607 2988 2661 victa
3027 2605 3244 2660 tandem
3301 2619 3364 2659 ac
3397 2611 3656 2670 superata

2072 2715 2140 2756 eo
2171 2699 2409 2754 deducta
2423 2707 2574 2762 sunt,
2595 2708 2656 2754 ut
2687 2706 2879 2753 contra
2898 2707 3176 2753 certamen
3197 2693 3656 2750 detrectaverint.

2074 2791 2192 2856 Vel;
2223 2789 2487 2844 inclinata
2520 2789 2570 2845 ei
2607 2799 2738 2844 sunt
2773 2805 2868 2860 per
2914 2790 3096 2852 tidem,
3159 2796 3455 2854 utrumque
3508 2783 3654 2838 enim

2076 2878 2261 2936 multis
2291 2881 2343 2932 in
2383 2878 2702 2932 civitatibus
2755 2879 3008 2933 effectum
3051 2886 3159 2932 est.

2149 2969 2309 3023 Dedit
2346 2985 2523 3023 vocem
2549 2986 2706 3023 suam
2738 2969 3084 3030 Altissimus,
3109 2977 3157 3019 et
3193 2975 3338 3019 mota
3364 2972 3440 3017 est
3489 2973 3651 3016 terra.

392 3038 430 3103 τ)
463 3036 559 3106 γῆ.
585 3037 658 3092 Τδ
704 3041 1153 3113 μεγαλοδύναμον
1175 3045 1266 3096 τοῦ
1293 3045 1429 3099 Θεοῦ
1455 3047 1757 3118 δεδήλωκεν
1789 3049 1967 3102 ἐντεῦ-

2076 3059 2190 3114 Hoc
2215 3059 2267 3114 in
2303 3059 2426 3115 loco
2459 3075 2729 3115 summam
2761 3060 2854 3114 Dci
2881 3061 3180 3130 potentiam
3215 3056 3484 3115 declarat,
3519 3053 3649 3107 dttm

390 3127 502 3194 θεν,
538 3131 620 3183 ὅτι
674 3129 835 3200 μόνον
878 3133 1048 3201 λέγει,
1089 3136 1182 3187 κα).
1232 3135 1396 3199 εὐθὺς
1443 3138 1638 3208 τρέμει
1670 3140 1701 3209 ὴ
1733 3143 1839 3210 γῆο
1871 3141 1965 3194 καὶ

2074 3151 2143 3206 ad
2167 3151 2338 3206 solam
2373 3152 2494 3221 ejus
2524 3167 2715 3206 vocem
2744 3154 2931 3207 statim
2963 3160 3201 3206 tremere
3243 3158 3448 3204 terram
3494 3147 3651 3201 dicit.

389 3221 624 3292 ἀλλαχοῦ
654 3224 762 3294 γάρ
791 3218 994 3295 φησιν’⁶
1047 3226 1104 3278 '0
1131 3226 1475 3281 ἐπιϐλέπων
1529 3228 1628 3282 ἐπὶ
1672 3230 1785 3296 τὴν
1823 3231 1961 3301 γῆν,

388 3315 487 3367 καὶ
521 3312 711 3369 ποιῶν
739 3315 937 3384 αὐτὴν
970 3317 1227 3386 τρέμειν.
1277 3319 1357 3372 Τὰ
1407 3320 1630 3375 τοιαῦτα
1682 3323 1760 3388 δὲ,
1819 3324 1961 3378 κατὰ

391 3407 706 3476 μεταφορὰν
755 3409 970 3478 εἴρηται
1024 3409 1135 3462 τῶν
1190 3409 1589 3478 ὲγκελευόντων
1639 3416 1962 3486 τιμωρηθῆ-

387 3499 476 3549 ναι
494 3499 715 3570 τινας,ῆ
751 3499 984 3570 ὀργίλως
1011 3501 1323 3572 ἐνορώντων
1348 3519 1362 3533 ·
1388 3502 1500 3573 (69)
1531 3503 1703 3573 ὀργὴν
1745 3505 1800 3558 δὲ
1821 3507 1960 3560 Θεοῦ

386 3589 641 3660 λέγομεν,
659 3591 757 3662 τὴν
777 3592 1070 3660 ἀπόφασιν.
1094 3594 1162 3645 Ἢ
1181 3594 1273 3647 καί
1288 3592 1463 3656 ἄλλως
1479 3609 1494 3624 ·
1516 3593 1756 3646 Ἔδωκεν
1775 3598 1854 3659 εἰς
1868 3598 1962 3650 τὸν

389 3683 594 3752 κόσμον
619 3682 716 3752 τὴν
750 3682 838 3737 διὰ
876 3683 969 3736 τοῦ
997 3683 1339 3751 Εὑαγγελίου
1389 3684 1576 3752 φωνὴν
1631 3683 1820 3748 αὐτοῦ,
1867 3686 1964 3739 καὶ

390 3775 824 3846 συνεκινήθησαν
876 3776 1104 3839 πάντες,
1131 3776 1206 3839 ὡς
1237 3777 1687 3846 προειρήκαμενο
1720 3777 1826 3845 γῆν
1855 3777 1966 3845 γὰρ

386 3867 603 3937 νοήσεις
654 3870 782 3931 τοὺς
834 3867 1232 3931 κατοικοῦντας
1281 3865 1381 3936 τὴν
1419 3868 1546 3936 γῆν,
1594 3865 1670 3928 ὡς
1712 3865 1807 3920 τόο
1856 3866 1969 3921 Καὶ

386 3951 465 4025 ἦν
489 3955 658 4014 πᾶσα
689 3957 764 4027 γῆ
788 3958 994 4027 χεῖλος
1021 3957 1111 4011 ἓν.

2071 3242 2229 3309 Quod
2279 3243 2408 3298 alibi
2447 3244 2614 3301 etiam
2686 3244 2800 3297 litari
2857 3251 3096 3298 testatur
3141 3241 3208 3297 ad
3253 3243 3429 3296 solum
3490 3252 3653 3305 aspe-

2065 3345 2238 3395 ctum.
2291 3334 2421 3390 dum
2466 3337 2590 3391 ait:
2634 3336 2740 3402 Qui
2772 3338 2988 3405 respicit
3028 3346 3248 3400 terram,
3297 3343 3348 3388 et
3379 3332 3511 3402 facit
3537 3345 3652 3384 eam

2068 3437 2292 3484 tremere
2322 3429 2389 3483 “.
2426 3427 2753 3498 Huiusmodi
2816 3441 2998 3485 autem
3057 3429 3221 3484 verba
3279 3423 3653 3494 metaphorice

2069 3520 2213 3578 dicta
2265 3528 2396 3575 sunt
2457 3519 2524 3574 ad
2589 3536 2780 3576 eorum
2860 3521 3194 3590 exemplum,
3253 3519 3347 3588 qui
3416 3516 3650 3584 aliquem

2067 3613 2304 3668 cruciari
2333 3613 2548 3679 iubent,
2569 3630 2665 3668 seu
2692 3615 2786 3683 qui
2819 3621 2997 3677 torve,
3021 3621 3114 3666 aut
3143 3609 3401 3664 iracunde
3416 3609 3650 3675 aliquem

2070 3700 2377 3754 intuentur.
2409 3698 2699 3755 Iracundia
2733 3711 2915 3756 autem
2947 3709 3284 3754 commotum
3330 3711 3450 3751 esse
3479 3694 3648 3747 Deum

2073 3787 2333 3850 dicimus,
2389 3791 2611 3856 quando
2681 3799 2777 3842 aut
2818 3804 3009 3858 pinnas
3073 3787 3314 3857 peccati.
3352 3783 3652 3851 condignas

2074 3874 2258 3935 infert.
2312 3886 2407 3931 aut
2447 3878 2556 3932 alio
2585 3878 2782 3947 quovis
2812 3878 2974 3932 modo
3015 3885 3355 3948 peccatorem
3388 3873 3652 3927 condem-

2077 3973 2198 4019 nat.
2246 3966 2345 4022 νει
2380 3969 2542 4024 aliter
2573 3985 2589 4022 :
2621 3967 2778 4022 Dedit
2812 3969 2953 4022 Deus
2975 3983 3165 4022 vocem
3200 3982 3353 4021 suam
3377 3961 3652 4020 inmundo

384 4064 482 4118 per
507 4049 903 4120 Evangelium:
966 4057 1022 4104 et
1049 4049 1308 4104 commOti
1359 4057 1488 4105 sunt
1530 4065 1746 4118 omnes,
1794 4059 1853 4106 ut
1934 4056 2308 4122 praediximus.
2388 4060 2615 4116 Terram
2676 4061 2822 4115 enim
2881 4057 3184 4130 accipimus
3252 4058 3356 4111 hoc
3409 4056 3464 4109 in
3531 4053 3653 4106 loco

389 4155 488 4208 pro
553 4141 958 4198 habitatoribus
1035 4149 1220 4210 terrae,
1302 4143 1460 4214 juxta
1533 4159 1698 4215 quam
1793 4147 2251 4217 signiﬁcationem
2343 4155 2476 4210 alibi
2542 4156 2772 4226 legimus
2828 4173 2842 4209 :

386 4235 519 4289 labii
549 4239 706 4290 unius
735 4237 802 4289 ⁸⁷.

2916 4154 2982 4208 Et
3042 4162 3158 4207 erat
3243 4149 3414 4204 omnis
3506 4159 3651 4202 terra

455 4350 670 4417 Κύριος
698 4348 819 4403 τῶν
843 4350 1159 4420 δυνάμεων
1195 4353 1324 4422 μεθ’
1352 4350 1542 4421 ἡμῶν.
1573 4354 1958 4425 ἁντιλήπτωρ

2142 4358 2303 4415 Vens.
2363 4359 2417 4413 8.
2475 4359 2738 4414 Dominus
2769 4361 3022 4414 virtutum
3080 4359 3371 4420 nobiscum,
3429 4355 3648 4423 adjutor

385 4440 557 4511 ἡμῶν
585 4445 618 4497 ό
651 4442 796 4510 Θεὸς
859 4443 1085 4502 Ἰακώϐ.
1117 4445 1304 4502 Ταῦτα
1350 4447 1384 4515 ἡ
1431 4446 1730 4515 Ἐκκλησία
1769 4451 1956 4516 φησὶν,

383 4536 711 4605 ὲνισχύουσα
742 4536 934 4606 αὐτὴν,
971 4537 1060 4591 καὶ
1103 4537 1629 4609 παραθαρρὐουσα.
1669 4538 1958 4610 Εὐκαίρως

386 4629 444 4682 δὲ
499 4628 596 4683 τοῦ
613 4628 812 4683 Ἰακὼῦ
857 4630 1283 4700 ἐμνημόνευσεν·
1309 4629 1422 4701 (70)
1450 4630 1532 4682 ὅτι
1571 4631 1632 4683 τι
1678 4630 1954 4692 κάκεῖνον,

381 4720 901 4790 ἐπιϐουλευόμενον,
929 4721 1088 4775 τοῦτο
1144 4721 1265 4791 μὲν,
1314 4721 1419 4776 ὑπὸ
1461 4721 1668 4776 Ἠσαῦο
1697 4721 1857 4776 τοῦτο
1901 4723 1959 4777 δὲ

383 4813 488 4865 ὑπὸ
521 4813 727 4880 Λάδαν,
753 4813 911 4866 τοῦτο
947 4813 1004 4866 δὲ
1055 4813 1160 4866 ὑπὸ
1212 4814 1489 4882 διαφόρων
1521 4813 1720 4877 ἄλλων,
1757 4816 1785 4870 ὁ
1810 4815 1946 4878 Θεὸς

383 4903 694 4974 ιρρῦσατοο
736 4903 836 4958 καὶ
873 4904 958 4956 ὅτι
1015 4903 1230 4973 πρῶτος
1272 4903 1438 4966 αὐτὸς
1489 4903 1591 4974 τὴν
1639 4903 1751 4959 τῶν
1783 4905 1956 4960 ἐθνῶν

2067 4459 2246 4505 noster
2310 4449 2448 4504 Deus
2511 4452 2700 4506 Iacob.
2750 4451 2876 4506 Haec
2936 4452 3102 4505 verba
3161 4449 3369 4518 profert
3403 4447 3645 4502 Ecclesia

2067 4543 2307 4611 seipsam
2335 4541 2634 4598 coltortans
2665 4559 2727 4598 ac
2759 4542 3036 4598 conlidere
3073 4542 3291 4609 jubens.
3326 4539 3647 4608 Opportune

2067 4641 2252 4687 autem
2281 4633 2532 4686 meminit
2565 4635 2893 4703 patriarchae
2913 4632 3084 4688 Jacob
3131 4649 3145 4685 :
3180 4633 3307 4700 quia
3336 4646 3459 4684 eum
3502 4630 3644 4682 inter

2064 4734 2294 4780 ceteros
2353 4723 2497 4780 Deus
2561 4741 2804 4796 persaepe
2860 4725 2930 4779 ab
2977 4723 3196 4780 insidiis
3263 4721 3535 4786 liberavit,
3589 4725 3646 4773 et

2063 4818 2192 4886 quia
2235 4816 2446 4884 primus
2481 4817 2722 4884 gentium
2756 4817 3102 4870 vocationem
3164 4815 3406 4885 apertius
3443 4811 3644 4883 praedi-

2063 4907 2142 4959 sit
2167 4921 2183 4958 :
2207 4903 2330 4957 Non
2359 4903 2592 4972 deficiet,
2625 4906 2905 4975 inquiens.
2935 4906 3185 4974 princeps
3211 4902 3640 4969 deluda,neque

455 5078 502 5151 ξ’
529 5077 702 5151 Levit.
743 5096 892 5144 xxvr,
935 5079 1052 5151 ης
1086 5079 1105 5132 1
1137 5078 1266 5133 Cor.
1315 5079 1515 5151 νιηίϐ.
1588 5081 1634 5113 ⁸³
1667 5079 1864 5137 Matth.
1927 5096 1967 5134 x:

2082 5097 2119 5145 ε,
2181 5080 2273 5136 90.
2347 5079 2617 5135 “Matth.
2669 5099 2822 5151 xvm,
2877 5085 2970 5138 ΩΟ.
3047 5083 3092 5115 ⁸⁵
3131 5082 3317 5136 Matth.
3384 5097 3495 5140 ενι,
3548 5078 3642 5133 l8.

383 5150 430 5181 "
457 5147 600 5202 Psal.
630 5164 749 5215 cut,
769 5151 859 5204 3‘2.
943 5151 986 5181 θ’
1018 5149 1216 5204 Ezech.
1254 5165 1341 5215 XL,
1367 5149 1456 5205 l3.

1731 5291 1929 5354 Varias
1971 5290 2301 5354 lectiones.

450 5433 560 5501 (68‘)
590 5432 898 5487 Graecorum
934 5431 1226 5485 verborum
1251 5445 1448 5501 sensus
1478 5441 1564 5486 est
1601 5449 1615 5486 :
1651 5433 1828 5497 Quare
1864 5452 1958 5484 ar-

384 5499 604 5563 ticulum
629 5510 903 5555 construes
942 5517 1060 5553 cum
1095 5499 1324 5553 secunda
1355 5517 1476 5554 voce
1505 5502 1649 5570 πρωϊ
1689 5514 1744 5554 ut
1769 5520 1952 5558 sensus

381 5584 454 5627 stt
480 5589 498 5626 ι
535 5571 689 5627 ‘llane
709 5571 847 5640 quod
877 5571 946 5623 ad
970 5570 1116 5623 aliud
1143 5584 1297 5640 mane
1323 5572 1599 5636 pertineat.

2138 5439 2248 5509 (70)
2277 5439 2464 5512 Grtet-a
2500 5439 2578 5494 sic
2607 5459 2624 5512 ς
2666 5441 2799 5496 Cum
2837 5441 2977 5512 quod
3013 5453 3130 5512 eum
3177 5432 3387 5512 insidiis
3424 5431 3598 5512 appeti
3616 5459 3636 5472 ο

2061 5499 2172 5562 turn
2211 5499 2274 5562 ab
2321 5510 2464 5563 Esau
2496 5511 2669 5570 modo,
2696 5499 2906 5564 ntodo'a
2936 5509 3171 5569 Labano,
3213 5504 3365 5556 modo
3405 5499 3469 5552 ab
3500 5501 3630 5555 aliis

2059 5579 2298 5632 liberavit
2338 5580 2471 5633 Deus
2495 5597 2515 5644 ;
2551 5590 2659 5632 tum
2687 5582 2826 5648 quod
2852 5581 2960 5646 ipse
2984 5577 3215 5632 omnium
3235 5574 3439 5642 primus
3501 5591 3633 5644 gen--

467 5641 580 5718 (69)
611 5637 799 5718 Curetica
833 5641 904 5692 ita
947 5649 1142 5696 sonant
1175 5637 1363 5695 :Iram
1397 5650 1571 5694 autem
1605 5639 1702 5695 Dei
1722 5640 1945 5697 dicimus
2056 5650 2188 5702 tium
2207 5637 2528 5705 vocationem
2570 5637 2831 5718 pmdicit,
2860 5637 2968 5704 etc.

382 5710 891 5766 ccudemnationem.
