4114 6208
399 270 508 335 513

1571 295 1963 360 COMMENT.
2007 299 2090 361 IN
2118 300 2480 367 PSALMOS.

3553 309 3664 374 5M

400 391 570 496 ἡμῶν
607 397 643 450 δ
677 399 824 466 Θεὸς
873 402 1098 462 Ἰακώϐ.
1160 408 1530 464 Ἔπανέλαϐεν
1574 413 1609 482 ή
1679 413 1968 483 Ἐκκλησία

2080 427 2262 472 noster
2292 418 2430 474 Deus
2455 419 2648 476 Iacob.
2687 422 2982 494 lusurgens
3025 433 3190 496 atque
3241 425 3520 484 insultans
3573 431 3670 485 ad-

397 485 459 538 τὸ
494 491 809 562 προρρηθὲν
843 495 1166 566 θαρσοποιδν
1192 502 1553 574 ἐπιφώνημα,
1582 505 1719 576 πρὸς
1749 505 1979 574 αὔξησιν

397 577 664 651 εὐψυχίας
697 586 791 638 καὶ
836 591 1155 662 καρτερίας,
1200 595 1632 665 ἐπεμϐαίνουσα,
1685 599 1783 653 καὶ
1817 599 1978 653 ὲναλ-

397 667 604 742 λομένη
646 676 725 745 τῷ
764 677 968 750 ἐχθρῷ.

403 851 505 917 Εις
538 852 606 906 τὸ
631 845 808 924 τέλοξ·
855 861 1008 931 ὑπὲρ
1056 865 1176 920 τῶν
1225 868 1373 923 υἱῶν
1405 872 1577 940 Κορέ.
1619 875 1868 945 Vulpes;
1898 877 1978 945 τῷ

1087 961 1285 1016 Δαϐίδ.

951 1047 1246 1124 Tum}:
1283 1055 1430 1122 Μςυ.

474 1129 581 1220 εις
601 1129 669 1183 τὸ
692 1131 869 1200 τέλος
890 1136 990 1206 μὲν
1005 1138 1091 1193 διὰ
1109 1141 1207 1202 τὰς
1229 1145 1287 1196 ὲν
1303 1144 1480 1217 τούτῳ
1510 1151 1871 1220 προφητείας,
1902 1155 1978 1218 ὡς

404 1216 664 1312 πολλάκις
720 1225 1029 1296 εἰρήκαμεν
1056 1245 1072 1263 ο
1113 1216 1475 1306 προαγορεύει
1511 1216 1978 1312 γαρ-ἀκολούθως

402 1310 499 1408 καὶ
534 1304 690 1376 οὗτος
720 1315 748 1366 ὁ
781 1315 1003 1388 ψαλμὸς
1031 1322 1093 1374 τὸ
1120 1304 1392 1394 ἀήττητον
1434 1304 1637 1403 κράτος
1678 1336 1774 1388 τοῦ
1810 1304 1978 1408 ebur:

398 1401 617 1468 γελικοῦ
649 1407 1025 1500 κηρύγματος.
1056 1417 1128 1469 Τὸ
1154 1419 1231 1482 δὲ,
1279 1420 1448 1490 ’Υπὲρ
1473 1401 1598 1479 τῶν
1624 1429 1770 1482 υἱῶν
1800 1401 1974 1500 Κορὲ,

395 1497 942 1591 προηρμηνεύσαμεν
972 1505 1031 1556 ἐν
1072 1508 1149 1578 τῷ
1187 1512 1296 1580 πρὸ
1325 1514 1518 1568 τούτου
1551 1517 1754 1591 ψαλμῷ
1785 1539 1800 1554 ο
1831 1497 1975 1578 cii-rw

393 1581 503 1685 γαρ
551 1585 958 1685 ἐπιγέγραπται
1005 1599 1278 1667 κάκεῖνος.
1331 1607 1502 1662 Οὐδὲν
1543 1581 1599 1664 ϐὲ
1640 1581 1873 1685 κρύφιον
1915 1621 1974 1673 έν

391 1673 472 1774 τῷ
522 1681 751 1774 παρόντι
782 1699 797 1712 °
849 1689 997 1757 σαφῆ
1052 1689 1108 1742 δὲ
1167 1695 1370 1764 πάντα,
1426 1702 1519 1753 καὶ
1574 1673 1970 1774 εὑδιιάγλίωστα.

391 1767 680 1842 Προσώπῳ
706 1774 764 1828 δὲ
793 1777 903 1829 τῶν
932 1781 1248 1838 ἀποστόλων
1291 1791 1548 1860 προλέγει
1602 1796 1670 1849 τὰ
1703 1767 1798 1851 τοῦ
1826 1800 1967 1868 ψαλ-

392 1862 496 1967 μοῦ
545 1865 574 1916 ὁ
624 1867 809 1933 Δαϐὶδ,
846 1872 896 1923 οἳ
954 1880 1426 1950 κατευοδούμενοι,
1469 1888 1563 1939 καὶ
1618 1862 1852 1958 πολλοὺς
1900 1899 1966 1967 τῇ

388 1952 572 2009 πίστει
607 1963 1004 2032 προσάγοντες,
1050 1969 1157 2022 ὐπὸ
1199 1979 1562 2046 περιχαρείας
1592 1981 1971 2042 ἐνεκελεύοντο

383 2049 500 2110 τοῖς
520 2050 700 2104 ἔθνεσι
726 2055 962 2124 χαίρειν,
986 2062 1067 2122 είς
1095 2060 1131 2114 ἃ.
1161 2065 1315 2134 παρὰ
1341 2069 1436 2119 τοῦ
1464 2070 1716 2142 Σωτῆρος
1738 2076 1972 2133 ἀπεστά·

386 2138 563 2209 λησαν
588 2159 602 2172 ο
651 2147 868 2216 χαίρειν
905 2149 982 2217 δὲ,
1023 2153 1105 2206 ὅτι
1140 2157 1402 2224 γεγόνασι
1443 2138 1783 2238 κληρονομία
1808 2169 1969 2228 Θεοῦ.

459 2403 666 2502 [hirta
701 2410 772 2502 τὰ
798 2409 965 2481 ἔθνη,
1003 2420 1340 2487 κροτήσατε
1386 2426 1612 2496 χεῷας.
1656 2434 1768 2487 Καὶ
1811 2430 1970 2502 οὗτος

385 2489 414 2542 ὁ
443 2492 648 2598 κρότος
798 2503 1019 2571 χειρῶν,
1065 2508 1339 2577 σύμϐολόν
1515 2489 1966 2598 ὑπερϐαλλούσης

385 2583 586 2686 χαρᾶς.
633 2586 764 2686 ’Δπο
791 2592 885 2644 τοῦ
922 2595 1197 2664 συμϐόλου
1241 2604 1447 2670 τοίνυν,
1491 2610 1594 2681 τὴν
1623 2583 1816 2686 ’χαρὰν

385 2672 644 2784 έτρεὶινεν,
657 2681 800 2784 ,οὐχ
841 2686 922 2784 ὅτι
953 2692 1187 2764 πατάγῳ
1214 2697 1416 2767 χειρῶν
1446 2672 1779 2772 σωματῖκίύς
1824 2714 1963 2784 χρή-

391 2766 580 2858 σασθε,
619 2770 736 2823 ἀλλ’
768 2774 851 2828 ὅτι
880 2776 1128 2850 ψυχικῶς
1151 2788 1380 2858 χάρητε,
1413 2792 1658 2848 τοιούτου
1688 2766 1962 2854 Δεσπότόυ

389 2857 845 2930 καταξιωθέντες,
881 2869 1268 2944 φιλανθρώπου
1297 2881 1394 2934 καὶ
1423 2887 1854 2958 παντοδυνάμου.

469 3034 844 3172 ζζῗέἶῖστῖ
885 3044 1158 3172 τιξῆθεῷζ
1195 3051 1279 3172 ἐξ.
1522 3060 1961 3136 ἀγαλλιάσεως.
1991 3115 2035 3172 c

385 3126 771 3224 h‘lecaqmptubv
821 3137 1055 3192 ἐνταῦθα
1104 3143 1164 3196 τὸ
1230 3126 1632 3216 Ἀλαλὰξατε,
1683 3159 1803 3211 ἀντὶ
1846 3126 1963 3224 τού,

395 3218 699 3322 ἷβπινίκιον
761 3224 931 3295 ὕμνον
982 3231 1151 3302 ᾴσατε
1229 3237 1308 3306 τῷ
1366 3239 1504 3310 Θεῷ.
1575 3245 1800 3316 κυρίως
1856 3218 1963 3322 γὰρ

382 3309 722 3415 ἀλαλαγμὸς,
751 3318 996 3385 ἐνυάλιος
1027 3326 1178 3398 φωνὴ
1218 3329 1328 3382 τῶν
1371 3309 1750 3392 νικώντων-ὲν
1782 3309 1958 3415 μάχῃ..

383 3406 842 3507 κμταπληττουσα
871 3414 997 3478 τοὺς
1021 3416 1121 3487 ήδη
1145 3419 1499 3492 κλινομένους
1522 3428 1615 3499 ὲχθ
1625 3430 1770 3498 ρούς.

381 3493 872 3598 δὲαγαλλιασεως,
898 3507 930 3559 ἡ
976 3507 1319 3586 εὐφροσύνης
1362 3493 1958 3598 μεστήίνιέῐταέπάγει

384 3589 479 3642 καὶ
505 3589 602 3661 τὴν
631 3593 832 3648 αἰτίαν.

455 3683 820 3780 ῗοτι-Κύριος
842 3689 1123 3759 ὕψιστος,
1157 3698 1426 3766 φοϐερὸς,
1451 3704 1755 3775 ,βασιλεὺς
1772 3710 1960 3780 μέγας

380 3774 477 3827 ἐπὶ
537 3775 744 3832 πᾶσαν
784 3782 900 3847 τὴν
946 3783 1085 3852 γῆν.
1117 3788 1320 3842 Διότιὸ
1359 3793 1615 3864 Χριστὸς,
1653 3800 1682 3851 ὀ
1733 3774 1958 3869 ὕψιστος

382 3868 524 3962 κατὰ
555 3869 654 3940 τὴν
701 3871 954 3944 θεότητα,
1005 3878 1238 3948 φοϐερὸς
1291 3882 1388 3935 νῦν
1433 3885 1544 3938 ἀπὸ
1569 3888 1681 3942 τῶν
1713 3868 1960 3962 σημείων

379 3953 457 4014 ὧν
509 3962 634 4016 καθ’
679 3965 919 4037 ἑκάστην
966 3976 1345 4044 τερατουργεῖ.
1404 3969 1480 4030 Οὗ
1535 3979 1632 4032 καλ⁵
1677 3983 1740 4035 τὸ
1767 3953 1957 4057 ’θνομα

384 4053 550 4121 μόνον
601 4056 856 4124 μαστίζει
897 4060 994 4114 καὶ
1042 4062 1342 4118 ἀπελαύνει
1386 4068 1512 4132 τοὺς
1546 4069 1830 4142 δαίμονας,
1860 4053 1957 4132 καὶ

380 4142 500 4196 λύει
549 4145 645 4208 τὰς
689 4150 879 4212 νόσους
911 4167 928 4182 ο
975 4152 1068 4204 καὶ
1125 4152 1382 4222 βασιλεὺς
1434 4158 1608 4228 μέγας
1649 4163 1742 4217 ἐπὶ
1773 4168 1956 4224 πᾶσαν

379 4237 481 4306 τὴν
530 4239 637 4307 γῆν
668 4255 684 4271 ·
733 4241 792 4292 ὲν
825 4243 973 4315 πάσῃ
1003 4245 1112 4316 γὰρ
1142 4249 1210 4317 τῇ
1244 4250 1312 4318 γῇ
1341 4248 1546 4321 κλῆρον
1592 4253 1774 4328 ἐαυτῷ
1824 4277 1954 4313 συν-

2085 522 2278 564 versus
2309 510 2519 564 hostem
2552 511 2797 568 Ecclesia
2829 514 3233 569 invocationem
3261 516 3372 585 jam
3405 519 3669 588 superius
3719 535 3728 542 ‘

2083 602 2284 656 factam
2317 605 2500 660 denuo
2529 610 2744 678 repetit,
2780 624 2902 679 qua:
2947 609 3190 662 animum
3244 610 3352 666 sibi
3413 622 3468 668 et
3525 615 3672 672 vires

2084 693 2468 749 subministret
2497 696 2564 749 ad
2601 698 2778 767 majus
2811 696 3154 753 fortitudinis
3197 709 3252 753 et
3305 701 3671 768 magnanimi-

2082 785 2214 842 tatis
2245 787 2675 846 incrementum.

2190 877 2257 934 In
2281 881 2436 948 ﬁnem
2471 898 2568 951 pro
2601 883 2729 953 ﬁliis
2763 883 2896 940 Core
2920 926 2935 952 ,
2969 885 3220 942 Psalmtts
3240 886 3342 954 ipsi
3371 886 3566 942 David.

2627 1064 2953 1123 PSALMUS
2999 1066 3164 1122 XLVI

2153 1151 2221 1208 In
2266 1155 2424 1224 ﬁnem
2447 1156 2616 1212 etiam
2652 1159 2978 1214 inscribitur
3009 1160 3097 1216 hic
3138 1161 3410 1222 Psalmus.
3443 1172 3670 1232 propter

2079 1244 2400 1314 prophetias
2442 1261 2566 1316 qua:
2595 1248 2648 1302 in
2699 1265 2765 1303 eo
2800 1251 3182 1315 continentur,
3215 1260 3273 1304 ut
3323 1255 3524 1320 sepius
3580 1255 3667 1308 di-

2079 1343 2228 1404 ctum
2282 1346 2405 1397 est,
2460 1345 2516 1391 et
2567 1339 2634 1392 ad
2689 1338 3196 1395 finemtendebant.
3235 1342 3488 1397 Praedicit
3522 1347 3668 1399 enim

2079 1438 2484 1496 consequenter
2513 1430 2579 1484 ad
2616 1432 3014 1499 praecedentem
3043 1433 3316 1488 Psalmum
3348 1476 3362 1499 ,
3398 1453 3668 1492 summam

2078 1529 2240 1588 atque
2276 1520 2538 1574 invictam
2571 1523 2901 1589 evangelica:
2926 1526 3363 1580 conversationis
3387 1528 3666 1582 virtutem.

2078 1609 2144 1663 Et
2184 1611 2329 1680 quod
2360 1613 2477 1667 ait:
2518 1611 2626 1668 Pro
2652 1615 2780 1682 ﬁliis
2813 1615 2963 1676 Core.
2997 1616 3067 1670 ibi
3119 1619 3390 1685 superiori
3443 1619 3666 1674 Psalmo

2074 1701 2186 1768 jam
2216 1707 2596 1773 exposuimus.
2622 1707 2716 1760 Est
2741 1718 2920 1761 autem
2954 1709 3039 1763 hic
3084 1707 3340 1764 Psalmus
3375 1721 3523 1765 totus
3555 1713 3664 1766 cla-

2076 1811 2191 1856 rus,
2217 1805 2272 1849 et
2307 1797 2441 1850 nihil
2473 1798 2770 1851 obscurum
2815 1801 3083 1853 continet.
3119 1800 3254 1854 lllnd
3296 1811 3502 1855 tantum
3534 1804 3659 1856 ani-

2074 1885 2524 1939 madvertendum
2551 1896 2656 1948 est,
2686 1899 2746 1940 ut
2769 1902 2834 1940 es
2871 1891 3243 1956 apostolorum
3269 1906 3499 1959 persona
3531 1909 3663 1962 pro-

2075 1975 2309 2040 feratur,
2338 1977 2431 2044 qui
2459 1977 2624 2030 veluti
2657 1992 2916 2044 prospere
2946 1994 3008 2032 ac
3057 1979 3292 2033 feliciter
3326 1993 3660 2050 praeeuntes,

2075 2075 2130 2120 et
2163 2067 2364 2119 multos
2390 2066 2727 2120 adducentes
2757 2066 2824 2119 ad
2865 2067 3023 2121 (idem
3048 2107 3062 2132 ,
3099 2084 3210 2135 prae
3243 2072 3452 2134 laetitia,
3487 2089 3654 2139 quam

2078 2156 2184 2226 ipsi
2218 2171 2485 2211 summam
2513 2157 2642 2212 inde
2674 2159 3072 2227 percipiebant,
3098 2161 3332 2230 gaudere
3356 2163 3471 2230 pari
3501 2166 3666 2219 modo

2071 2248 2266 2319 iubent
2293 2264 2484 2304 omnes
2514 2262 2703 2320 gentes
2766 2253 2832 2305 ad
2884 2267 3025 2320 quas
3084 2268 3113 2305 a
3169 2253 3452 2310 Salvatore
3509 2257 3663 2312 missi

2077 2339 2296 2394 fuerant
2327 2359 2341 2406 ;
2371 2341 2517 2410 quod
2551 2341 2765 2395 scilicet
2795 2341 3004 2397 effecta:
3049 2345 3160 2398 sint
3197 2345 3486 2400 haereditas
3520 2345 3635 2402 Dei.

2148 2432 2312 2487 Vens.
2333 2433 2388 2486 9..
2423 2431 2618 2487 Omnes
2642 2444 2840 2503 gentes,
2872 2436 3112 2503 plaudite
3130 2439 3400 2494 manibus.
3431 2439 3666 2496 Plausus

2073 2537 2332 2577 manuum
2367 2525 2420 2578 in
2462 2541 2690 2581 summae
2723 2528 3184 2599 laetitiaesignum
3226 2531 3340 2585 ﬁeri
3366 2535 3531 2588 solet.
3558 2532 3664 2589 Per

2071 2612 2175 2668 hoc
2205 2614 2371 2684 igitur
2398 2616 2613 2686 signum
2641 2625 2828 2686 gentes
2845 2617 3005 2688 jubet
3031 2619 3270 2675 Iustitiam
3303 2623 3648 2690 praeseferre.

2073 2704 2261 2775 Neque
2289 2709 2434 2761 enim
2479 2708 2614 2763 illud
2647 2719 2854 2764 tantuut
2881 2711 3038 2779 petit,
3071 2720 3131 2766 ut
3155 2715 3404 2768 sensibili
3438 2717 3652 2785 crepitu
3762 2717 3768 2721 ⁷

2074 2797 2419 2867 plauderent,
2450 2809 2716 2870 quantum
2753 2811 2812 2855 ut
2845 2803 3031 2857 animo
3080 2819 3143 2858 ac
3171 2806 3366 2873 spiritu
3401 2807 3659 2862 laetaren-

2071 2900 2160 2943 tur
2191 2909 2206 2944 :
2239 2891 2368 2960 quia
2399 2893 2561 2946 talem
2586 2909 2650 2947 ac
2676 2902 2888 2948 tantum
2920 2904 3105 2949 essent
3157 2901 3438 2952 consecuti
3477 2899 3664 2955 Domi-

2073 2997 2226 3044 num,
2261 2984 2694 3049 misericordem,
2728 2985 3005 3050 videlicet,
3037 2997 3090 3040 et
3112 2989 3574 3058 omnipotentem.

2142 3070 2380 3126 Jubilate
2415 3073 2518 3128 Deo
2557 3076 2611 3127 in
2643 3092 2764 3128 voce
2783 3077 3182 3132 exsultrrtionis.
3216 3077 3481 3143 Verbum,
3506 3080 3658 3148 jubi-

2068 3163 2216 3226 lale.,
2237 3167 2603 3235 metaphorice
2625 3166 2828 3221 dictum
2848 3177 2951 3230 est,
2980 3183 3042 3223 ac
3062 3169 3107 3224 si
3127 3171 3332 3226 diceret
3357 3191 3372 3226 :
3397 3169 3657 3227 Victm-iae

2067 3257 2326 3328 hymnum
2359 3259 2560 3312 canite.
2590 3256 2686 3312 Est
2718 3260 2866 3313 enim
2890 3261 3104 3329 jubilus
3137 3261 3354 3333 proprio
3396 3265 3655 3322 militaris

2063 3352 2309 3419 quaedam
2340 3351 2700 3417 vociferatio,
2738 3368 2902 3421 quam
2937 3356 3176 3412 victores
3202 3357 3253 3411 in
3288 3374 3467 3429 pugna
3493 3362 3655 3415 elltll-

2062 3451 2174 3497 tere
2221 3452 2648 3505 consueverunt,
2680 3454 2737 3496 ut
2777 3444 2962 3500 hostes
2997 3448 3051 3500 in
3087 3447 3269 3514 fugam
3305 3450 3416 3516 jam
3451 3467 3643 3505 versos

2059 3535 2233 3604 magis
2265 3545 2628 3605 perterreant.
2684 3533 2799 3590 Vox
2849 3538 3016 3591 etiam
3065 3541 3492 3608 exsultatiouis,
3545 3558 3653 3597 vox

2058 3634 2142 3682 est
2170 3627 2370 3680 latitia:
2399 3628 2558 3696 plena
2592 3645 2608 3683 :
2645 3626 2844 3682 deinde
2875 3644 3102 3683 causam
3141 3631 3293 3684 addit
3320 3649 3336 3686 :

2131 3715 2295 3769 Vens.
2329 3716 2382 3770 5.
2418 3717 2684 3783 Quoniam
2729 3716 2987 3772 Dominus
3015 3721 3252 3773 excelsus
3280 3761 3295 3785 ,
3354 3707 3608 3778 terribilis
3634 3767 3650 3790 ,

2058 3804 2170 3860 Rex
2188 3822 2410 3876 magnus
2428 3823 2584 3874 super
2601 3823 2806 3862 onmem
2834 3819 3057 3863 terram.
3084 3810 3351 3876 Quoniam
3375 3813 3648 3883 Christus,

2058 3896 2152 3968 qui
2180 3898 2476 3953 secundum
2500 3899 2840 3953 divinitatem
2869 3902 3174 3958 altissimus
3199 3911 3302 3970 est,
3337 3906 3638 3961 terribilem

2057 3989 2223 4044 etiam
2289 3985 2396 4060 [vel
2429 3996 2485 4042 ut
2509 3989 2688 4058 potius
2719 3999 2877 4043 sonat
2906 3989 3093 4045 Graeca
3124 3993 3293 4049 dictio
3314 4035 3328 4061 ,
3366 3995 3601 4065 φοϐερὸς
3629 4035 3646 4062 ,

2056 4079 2360 4135 timendum
2397 4078 2504 4152 se],
2533 4081 2795 4137 omnibus
2821 4081 3187 4150 demonstrat,
3209 4086 3278 4141 ob
3303 4087 3461 4158 signa
3494 4087 3647 4144 vide-

2054 4173 2205 4238 licet,
2254 4181 2307 4228 et
2353 4173 2617 4228 miracula
2663 4188 2784 4243 qnzr
2830 4176 3064 4246 singulis
3111 4177 3307 4234 diebus
3360 4191 3643 4251 operatur.

2056 4265 2235 4336 Hujus
2265 4265 2409 4320 enim
2437 4265 2517 4320 vel
2538 4265 2713 4318 solum
2739 4281 2938 4321 nomen
2988 4277 3201 4338 torquet
3227 4280 3388 4340 atque
3419 4274 3644 4343 expellit

379 4331 668 4398 εστήσατο,
712 4331 801 4386 διὰ
837 4333 948 4386 τῶν
975 4335 1393 4393 ἀποσταλέντων
1427 4342 1605 4412 ήμῶν.
1641 4346 1716 4400 Τὸ
1756 4351 1956 4421 Μέγας

2070 4357 2358 4421 daemones.
2384 4366 2439 4413 et
2468 4359 2690 4413 morbos
2727 4359 3063 4428 curat;quia
3085 4359 3249 4414 etiam
3274 4361 3383 4416 Rex
3411 4377 3644 4432 magnus

379 4421 454 4487 δὲ,
483 4423 572 4476 διὰ
599 4425 726 4487 τοὺς
763 4428 1133 4499 προσκαίρους
1173 4429 1390 4502 είρηται
1431 4434 1691 4506 βασιλεῖς,
1725 4446 1956 4514 μικροὺς

2070 4459 2168 4512 Bst,
2217 4463 2384 4518 super
2415 4464 2630 4503 omnem
2662 4459 2860 4504 terram
2899 4469 2915 4505 :
2977 4451 3183 4523 quippe
3233 4467 3358 4507 cum
3404 4455 3458 4508 in
3491 4453 3642 4510 ouuri

378 4515 564 4581 ὄντας,
599 4521 694 4572 καὶ
731 4521 948 4589 μικρῶν
982 4520 1388 4591 βασιλεύοντας.

2070 4550 2214 4596 terra
2248 4541 2616 4596 hzereditatem
2642 4543 2744 4597 sibi
2775 4546 3001 4610 adeptus
3030 4547 3122 4611 sit,
3141 4561 3238 4616 per
3255 4561 3354 4603 nos
3380 4550 3638 4604 nimirum

378 4613 677 4681 apostolos,
713 4628 850 4683 quos
876 4614 928 4668 in
961 4617 1275 4671 universum
1310 4619 1570 4676 mundum
1618 4623 1684 4679 ad
1731 4624 2007 4699 Evangelii
2071 4632 2515 4701 praedicationem
2570 4633 2742 4689 misit.
2810 4633 3064 4704 Magnum
3142 4613 3346 4693 autem
3438 4639 3640 4710 Regem

375 4706 656 4762 Christum
705 4709 1040 4778 appellavit,
1119 4719 1339 4780 propter
1401 4717 1764 4786 temporarias
1814 4721 1954 4778 istos

2070 4741 2148 4797 ges
2175 4736 2422 4792 nostros,
2453 4727 2546 4792 qui
2581 4737 2638 4782 et
2669 4729 2880 4782 minimi
2926 4737 3057 4784 sunt
3139 4731 3288 4788 illius
3351 4749 3642 4805 compara-

375 4805 550 4866 tione,
577 4813 631 4857 et
659 4803 858 4871 exiguo
887 4811 1117 4872 regnant
1148 4812 1409 4872 tempore.

461 4896 753 4961 ’Υπέταξε
816 4897 1003 4962 λαοὺς
1066 4897 1231 4965 ἡμῖν.
1305 4899 1444 4963 Τοὺς
1514 4902 1574 4968 ἐξ
1639 4903 1950 4960 Ἰουδαίωνο

2125 4905 2294 4960 Vens.
2327 4905 2381 4960 4.
2413 4904 2648 4973 Subjecit
2678 4907 2901 4974 populos
2927 4909 3099 4963 nobis.
3146 4908 3248 4964 Per
3265 4915 3494 4982 pupnlos
3553 4915 3640 4969 hic

374 4985 526 5044 οὗτοι
574 4991 683 5060 γὰρ
729 4987 935 5059 πρῶτοι
977 4989 1324 5053 ἐπίστευσαν,
1371 4994 1657 5062 τρισχίλιοι
1691 4998 1784 5048 καὶ
1821 5015 1950 5050 πεν-

2070 4999 2266 5053 Iudaeos
2303 4999 2422 5052 illos
2453 4999 2702 5068 intelligit
2731 5001 2823 5068 qui
2851 5001 3012 5068 primi
3067 5006 3312 5058 omnium
3366 5008 3420 5059 in
3473 5008 3637 5060 Chri-

374 5083 727 5154 τακισχίλιοι,
788 5081 1184 5144 ἀποϐάλλοντες
1229 5082 1328 5152 τὴν
1375 5083 1597 5154 ἔχθραν,
1641 5090 1736 5140 καὶ
1777 5106 1948 5160 προσ.

2070 5103 2192 5145 stum
2219 5090 2568 5144 crediderunt
2599 5107 2613 5143 :
2650 5091 2735 5143 illa
2769 5092 2976 5146 scilicet
3008 5095 3109 5147 tria
3161 5099 3331 5151 millia
3361 5139 3375 5160 ,
3433 5106 3487 5149 et
3542 5099 3634 5149 illa

375 5177 680 5248 δραμόντες
740 5177 854 5237 τοῖς
905 5175 1251 5238 ἀποστόλοις,
1307 5176 1471 5239 εὐθὺς
1523 5179 1662 5247 μετὰ
1713 5181 1812 5248 τὴν
1869 5184 1952 5245 είς

2070 5183 2293 5251 [ultique
2317 5181 2508 5246 millia,
2540 5197 2662 5251 quae
2691 5184 2876 5236 statim
2943 5199 3065 5255 post
3097 5187 3361 5240 Paraclcti
3393 5186 3636 5253 Spiritus

378 5269 579 5327 αὐτοὺς
607 5265 904 5338 ὶπιδημίαν
934 5265 1028 5318 τοῦ
1059 5266 1442 5336 Παρακλήτου,
1483 5268 1589 5337 πρὸ
1621 5268 1715 5322 τοῦ
1747 5269 1949 5334 ἐξιέναι

2070 5271 2383 5335 ulventum,
2445 5271 2709 5338 depositis
2771 5273 3183 5336 simultatibus,
3233 5273 3300 5326 ad
3355 5274 3634 5341 apostolos

379 5358 473 5412 ἐπὶ
507 5359 575 5411 τὰ
609 5355 760 5426 ἔθνη.

2070 5361 2448 5432 conlugeruut,
2484 5371 2774 5432 antequam
2803 5363 2877 5416 illi
2909 5366 3119 5418 exirent
3155 5363 3221 5415 ad
3257 5372 3469 5432 gentes.

449 5449 558 5502 Kal
609 5448 755 5515 ἔθνη
814 5446 936 5502 ὑπὸ
993 5446 1136 5514 τοὺς
1193 5447 1384 5515 πόδας
1444 5449 1632 5519 ἡμῶν.
1695 5451 1836 5516 Τοὺς
1894 5452 1954 5520 ἐξ

2130 5450 2200 5505 Et
2221 5463 2395 5522 gentes
2424 5453 2518 5506 sub
2547 5453 2763 5521 pedibus
2787 5453 3003 5507 nostris.
3039 5452 3099 5504 Et
3135 5465 3252 5515 eos,
3289 5451 3377 5519 qui
3408 5453 3474 5505 de
3497 5467 3634 5522 ger.-

381 5537 552 5590 ὲθνῶν
575 5537 1028 5602 πεπιστευκότας,
1051 5537 1100 5590 οἶ
1119 5540 1212 5592 καὶ
1228 5538 1447 5608 θερμῶς
1467 5541 1820 5595 ὑπεκλίνοντο
1837 5546 1954 5607 τοῖς

2070 5543 2205 5599 tibus
2228 5545 2610 5608 crediderunt,
2665 5545 2758 5616 qui
2801 5544 2906 5599 ﬁde
2951 5543 3206 5597 ardentes
3253 5545 3626 5613 apostolorum

380 5632 510 5683 ποσὶ
556 5631 666 5684 τῶν
708 5630 1046 5698 ἀποστόλων,
1079 5630 1175 5685 καὶ
1207 5630 1275 5684 τὰ
1317 5632 1437 5702 ι’χνη
1475 5631 1684 5688 τούτων
1710 5634 1952 5698 εὐσεϐῶς

2070 5636 2284 5704 pedibus
2317 5637 2561 5692 inclinati
2594 5649 2720 5693 sunt
2751 5676 2767 5705 ,
2791 5644 2846 5694 et
2897 5637 3116 5691 illorum
3156 5637 3382 5708 vestigia
3430 5637 3519 5710 pie
3567 5655 3633 5696 ac

381 5723 814 5794 κιιτησπάςοντο.

2070 5727 2306 5800 religiose
2360 5730 2674 5799 amplexati.
