4114 6208
457 291 573 359 ΗΓ»

1677 276 2061 343 EUTHYMII
2101 273 2465 336 ZIGABENI

3613 272 3719 340 516

537 405 704 461 Vens.
734 404 788 458 5.
822 402 994 470 Elegit
1026 398 1172 451 nobis
1205 396 1564 451 laserea'itatent
1600 393 1725 449 sibi.
1778 394 1878 447 Per
1927 406 2027 444 nos

2169 387 2557 470 .‘Eésléfato
2619 385 2765 454 ἡμῖν
2829 385 2946 454 τὴν
3003 388 3420 456 κληρονομίαν
3478 389 3720 447 ἑαυτοῦ.

459 502 870 570 dispensatores
903 490 1162 545 Ecclesiae
1197 505 1312 545 sua:
1336 490 1500 560 elegit
1535 504 1653 553 eos,
1685 488 1779 557 qui
1806 502 1869 542 ex
1901 501 2032 555 gen.

461 594 609 646 tibus
632 586 776 655 digni
798 592 979 637 essent
1004 582 1057 634 in
1086 581 1452 635 haereditatem
1480 595 1635 636 suam
1657 596 1674 645 ;
1697 580 1852 648 juxta
1871 576 2028 632 illud:

460 680 607 732 Dabo
627 676 719 728 tibi
741 683 915 742 gentes
937 671 1298 725 hazreditatem
1324 682 1470 725 tuam
1497 671 1577 734 7‘;
1630 685 1879 740 quosque
1919 684 2036 723 ma-

460 786 598 840 gnus
643 768 728 820 hic
767 776 958 818 noster
1013 765 1123 817 Rex
1180 779 1275 833 per
1323 778 1421 817 nos
1452 802 1466 827 ,
1513 763 1677 817 veluti
1728 778 1821 831 per
1864 762 2039 817 duces

460 855 743 924 quosdam,
777 852 878 906 sihi
932 851 989 905 in
1043 852 1244 906 milites
1296 853 1616 921 assumpsit.
1661 852 1838 921 [Nam
1887 850 2031 920 quod

461 947 533 996 ait
568 962 580 996 :
612 941 782 1010 Elegit
819 942 993 1001 nobis,
1026 941 1261 1010 positum
1295 951 1398 1006 est,
1435 958 1529 1012 pro
1554 982 1568 1007 ,
1618 944 1671 996 in
1724 943 1882 995 nobis
1911 959 1925 1007 ;
1981 942 2032 995 id

459 1045 561 1095 est,
592 1050 687 1102 per
727 1050 845 1086 nos.
874 1031 893 1102 ]

527 1127 757 1194 Speciem
788 1123 958 1177 Jacob
989 1141 1150 1193 quant
1188 1125 1397 1179 dilexit.
1422 1125 1611 1195 Neque
1653 1126 1758 1181 hoc
1801 1134 2032 1189 tantum,

460 1219 553 1273 sed
580 1234 675 1270 eos
708 1216 853 1271 enim
884 1232 982 1286 per
1021 1231 1122 1270 nos
1150 1217 1333 1286 elegit,
1362 1218 1455 1285 qui
1492 1218 1743 1273 utiliores
1772 1228 1930 1272 erant
1963 1218 2034 1272 de

463 1326 659 1380 genere
697 1309 867 1363 Jacob
896 1348 909 1371 ,
958 1324 1098 1376 (litos
1156 1307 1418 1362 dilectam
1476 1311 1714 1377 speciem
1764 1306 2034 1374 Pmpheta

459 1402 712 1471 appellat,
737 1405 838 1453 hoc
860 1408 964 1462 est,
988 1399 1261 1452 formosos
1285 1408 1449 1467 atque
1467 1408 1715 1462 ornatos,
1737 1398 2036 1453 virtutibus

462 1494 718 1544 nimirum
758 1501 965 1559 :atque
1003 1491 1122 1543 ideo
1171 1490 1336 1542 etiam
1384 1490 1619 1543 maxime
1667 1490 1917 1544 dilectos.
1970 1490 2038 1545 Et

462 1584 716 1652 superius
747 1583 966 1650 quidem
1004 1580 1303 1649 pt'aaposItit
1330 1581 1575 1646 Judazos,
1613 1582 1702 1651 qui
1729 1582 1891 1651 primi
1916 1569 2037 1651 post

461 1674 662 1729 Christi
699 1674 1157 1726 resurrectionem
1192 1672 1593 1738 credidissent,
1647 1689 1797 1726 nunc
1843 1682 2032 1727 contra

464 1766 729 1835 praeponit
769 1776 980 1834 gentes,
1011 1766 1153 1833 quod
1185 1780 1249 1818 ex
1282 1766 1364 1818 eis
1395 1764 1579 1833 plures
1609 1779 1826 1833 semper
1860 1766 2038 1818 credi-

464 1861 661 1913 derint.
694 1858 866 1912 Judaei
896 1859 1040 1912 enim
1090 1859 1347 1927 gentibus
1400 1861 1745 1926 comparati,
1806 1858 2037 1911 miniata

465 1952 710 2019 quaedam
746 1966 871 2019 pars
897 1961 1025 2005 sunt
1052 1949 1315 2004 ﬁdelium.

534 2125 699 2179 Vsus.
738 2127 789 2179 6.
819 2126 1068 2179 Ascendit
1104 2124 1360 2180 Dominus
1386 2125 1437 2178 in
1458 2125 1631 2194 jubilo
1657 2164 1674 2190 ,
1702 2125 1953 2179 Dominus
1988 2125 2043 2177 in

462 2233 582 2271 voce
610 2216 765 2271 tuba}.
801 2215 913 2269 Hoc
943 2219 995 2269 in
1029 2220 1149 2270 loco
1200 2218 1404 2272 Christi
1445 2232 1738 2273 ascensura
1793 2218 1849 2271 in
1901 2217 2044 2270 οωιο

464 2308 852 2377 prannuutiavit
880 2326 892 2361 :
927 2300 1389 2377 quemadmodum
1418 2347 1434 2373 ,
1468 2319 1523 2363 et
1553 2309 1607 2363 in
1640 2324 1777 2364 χχιιι
1806 2309 2039 2377 psalmo,

463 2400 913 2467 signiﬁcavimus.
938 2397 1431 2471 Perjuhilationem
1457 2407 1666 2463 autem,
1693 2406 1747 2453 et
1782 2413 1879 2469 per
1900 2399 2043 2453 tust

465 2505 675 2556 Vocem,
705 2504 869 2545 voces
902 2490 1151 2559 intelligit
1185 2490 1612 2558 praecedentium
1649 2500 1778 2543 tunc
1811 2491 2045 2559 angelo-

468 2598 611 2645 rum,
628 2582 1005 2649 jubilationem
1032 2579 1271 2649 quidem,
1294 2592 1511 2650 promer
1533 2582 1622 2634 illa
1644 2583 1804 2636 verba
1828 2591 1956 2636 tunc
1975 2583 2045 2638 ab

354 2694 361 2700 ·
467 2676 674 2742 angelis
696 2674 901 2738 prolata
926 2690 939 2727 :
966 2671 1222 2726 Dominus
1240 2672 1397 2741 [ortis
1414 2682 1462 2725 et
1482 2684 1684 2741 potens,
1707 2683 1755 2726 et
1788 2673 2043 2728 Dominus

465 2774 646 2834 potens
671 2769 723 2818 in
750 2764 931 2833 praelia
960 2766 1005 2796 "
1036 2781 1050 2828 ;
1080 2781 1201 2835 qua:
1230 2765 1281 2817 in
1316 2764 1561 2819 victoria:
1600 2765 1861 2835 hymnum
1900 2767 2044 2820 dicta

466 2859 992 2921 videnturJubilum
1013 2858 1156 2912 enim
1178 2857 1422 2911 victoria:
1441 2870 1627 2911 vocem
1646 2873 1769 2911 esse
1786 2858 2045 2912 diximus.

468 2947 497 3001 'J
520 2954 828 3004 ubzeautem
864 2964 1048 3005 vosem
1067 2950 1201 3004 dixit
1217 2952 1287 3004 ob
1311 2950 1471 3005 verba
1491 2950 1580 3003 illa
1602 2966 1616 3004 :
1638 2949 2043 3020 Tolliteportas,

466 3042 751 3110 principes,
779 3051 984 3095 vestras
1004 3042 1073 3104 ⁷³,
1104 3051 1158 3093 et
1189 3057 1308 3110 qua:
1326 3051 1654 3110 sequuntur.
1685 3041 1883 3097 Prteire
1900 3044 2042 3098 enim
2071 3063 2116 3125 ρ

468 3133 645 3185 solent
676 3131 984 3193 tubicines,
1040 3133 1256 3199 quoties
1300 3132 1648 3185 exercituum
1696 3131 1866 3188 duces
1916 3149 2043 3186 cum

466 3222 692 3278 victoria
721 3223 775 3275 in
803 3224 1034 3291 patriam
1070 3228 1433 3275 revertuntur.
1468 3220 1561 3276 Vel
1609 3223 1768 3278 aliter
1793 3262 1807 3286 ,
1843 3224 2047 3295 periu-

468 3313 633 3367 bilum
696 3322 749 3368 et
782 3328 877 3382 per
928 3328 1115 3367 vocem
1152 3314 1331 3381 tubae,
1373 3314 1692 3384 angelorum
1741 3330 1905 3370 voces
1958 3316 2043 3370 in-

470 3404 674 3457 tellexit
704 3421 715 3457 :
752 3405 880 3473 quia
912 3403 1225 3471 hujusmodi
1252 3404 1414 3458 verba
1445 3406 1592 3461 clare
1641 3420 1707 3460 ac
1755 3406 2047 3461 manifeste

470 3493 536 3546 ad
568 3508 759 3546 omnes
796 3491 985 3546 mundi
1017 3492 1155 3546 ﬁnes
1187 3507 1282 3561 per
1309 3494 1681 3565 apostolorum
1736 3494 2044 3549 doctrinam

470 3590 864 3650 pervenerunt.

541 3672 706 3726 Vens.
741 3674 789 3726 7.
819 3672 1044 3727 Psallite
1075 3671 1177 3727 Deo
1200 3672 1646 3741 nostro.'psallite
1678 3671 1810 3745 Regi
1843 3684 2043 3740 nostra,

469 3764 701 3833 psallite.
769 3766 905 3819 Cum
967 3767 1226 3834 praeclara
1262 3766 1462 3821 Christi
1521 3781 1686 3836 opera
1733 3776 1787 3823 et
1826 3768 2046 3824 illorum

471 3857 905 3925 tnagnitmliimn
956 3857 1287 3923 narraverit,
1341 3872 1559 3913 summo
1607 3859 1870 3929 deinceps
1921 3874 2048 3915 cum

472 3951 658 4005 studio
689 3952 1011 4005 universum
1047 3952 1235 4007 orbem
1279 3952 1511 4004 advocat
1542 3952 1608 4007 ad
1642 3952 1793 4007 illius
1834 3953 2048 4009 laudes.

473 4038 586 4095 lloc
624 4042 769 4095 enim
818 4042 921 4097 sibi
967 4043 1079 4097 vult
1136 4042 1390 4112 repetitio
1440 4042 1532 4096 illa
1576 4045 1750 4110 verbi,
1803 4041 2053 4114 Psallite,

471 4132 523 4185 igl
559 4146 661 4198 ρει,
702 4131 917 4187 Canite.
954 4132 1019 4186 Et
1048 4133 1251 4188 deinde
1273 4147 1498 4188 causam
1532 4134 1683 4189 addit
1708 4150 1809 4190 cur
1843 4151 2051 4192 canen-

472 4224 599 4278 dutn
617 4224 686 4277 sit
705 4241 719 4278 :

552 4316 711 4371 Vens.
742 4318 793 4371 8.
832 4316 1096 4382 Quoniam
1126 4317 1238 4371 Rex
1265 4319 1436 4372 omnis
1463 4328 1618 4373 terra
1647 4319 1810 4385 Deus,
1833 4320 2048 4390 psallite

2147 463 2463 544 Ἐξελέξατο
2484 478 2552 531 δι’
2579 478 2758 547 ἡμῶν,
2785 478 2895 532 τῶν
2917 479 3225 550 οἰκονόμων
3246 482 3345 551 τῆς
3394 480 3725 555 Ἐκκλησίας

2135 571 2325 637 αὐτοῦ,
2355 574 2480 634 τοὺς
2518 571 2578 634 ἐξ
2606 570 2775 622 ἐθνῶν
2802 571 2990 637 ἀξίους
3020 572 3098 634 είς
3127 573 3498 643 κληρονομίαν
3530 577 3723 644 αὐτοῦ,

2136 662 2277 714 κατὰ
2300 662 2361 714 τό
2389 676 2404 692 ⁸
2432 660 2609 714 Δώσω
2643 678 2743 715 σοι
2786 662 2930 728 ἔθνη
2964 661 3081 729 τὴν
3115 666 3529 733 κληρονομίαν
3564 683 3683 723 σου
3706 685 3723 701 ⁸

2136 752 2228 815 οὓς
2254 754 2348 805 καὶ
2378 752 2444 805 δι’
2474 753 2655 822 ἡμῶν,
2687 752 2762 816 ὡς
2783 753 2871 805 διά
2896 770 3061 806 τινων
3095 755 3446 824 στρατηγῶν,
3489 760 3517 811 ό
3551 759 3723 827 μέγας

2136 838 2291 907 οὗτος
2315 842 2568 912 βασιλεὺς
2589 842 3061 915 ἐστρατολόγησεν
3091 845 3295 914 ἐαυτῷ.

2209 1099 2329 1167 Τὴν
2371 1100 2691 1169 καλλονὴν
2727 1102 2961 1169 Ἰακὼϐ,
3009 1101 3091 1172 ἢν
3118 1105 3464 1175 ἠγάπησεν.
3515 1111 3629 1165 Καὶ
3661 1114 3723 1165 οὐ

2137 1190 2357 1253 τούτους
2419 1192 2604 1260 μόνον,
2644 1191 2782 1246 ἀλλὰ
2830 1195 2925 1246 καὶ
2975 1195 3106 1258 τοὺς
3152 1198 3611 1269 χρησιμωτέρους
3660 1204 3725 1255 ὲκ

2137 1286 2328 1349 γένους
2398 1284 2593 1336 Ἰακώϐ
2630 1301 2642 1313 ⁸
2706 1284 2938 1349 τούτους
3005 1291 3114 1357 γὰρ
3185 1288 3451 1356 καλλονὴν
3525 1292 3724 1346 Ἰακὼϐ

2137 1376 2442 1446 ὠνόμασεν,
2496 1378 2571 1440 ὡς
2610 1378 2903 1442 καλλίονας
2952 1380 3014 1444 ἐξ
3064 1380 3260 1433 Ἰακώϐ
3286 1398 3300 1412 ⁸
3335 1385 3401 1452 ἣν
3439 1384 3722 1456 κιιλλονὴν⁹

2137 1468 2419 1523 τυυτέστιν
2455 1468 2549 1530 οὓς
2585 1470 2787 1534 καλοὺς
2822 1473 3136 1543 ἠγάπησεν,
3164 1473 3241 1537 ὠς
3264 1476 3723 1547 κεκαλλωπισμέ-

2139 1578 2262 1623 νους
2307 1564 2428 1624 ταῖς
2456 1562 2705 1631 ἀρεταῖς.
2744 1565 2894 1617 Ἀνω
2941 1567 3041 1635 μὲν
3096 1563 3189 1620 οὖν
3243 1571 3546 1639 προσέταξε
3598 1574 3727 1637 τοὺς

2155 1650 2464 1715 Ἰουδαίους,
2523 1653 2600 1716 ὡς
2656 1652 2911 1724 πρώτους
2968 1655 3108 1724 μετὰ
3155 1657 3252 1727 τὴν
3293 1660 3591 1717 ἀνάστασιν
3628 1662 3724 1715 τοῦ

2071 1730 2109 1782 Β
2137 1744 2374 1816 Χριστοῦ
2404 1746 2804 1808 πιστεύσαντας
2824 1762 2837 1776 ⁸
2864 1748 3100 1801 ἐνταῦθα
3131 1750 3207 1815 δὲ,
3237 1752 3549 1808 τούναντίον
3574 1758 3727 1810 ἐποί-

2138 1852 2260 1906 ησε,
2290 1836 2375 1888 διὰ
2399 1837 2458 1889 τὸ
2488 1837 2844 1909 παμπληθεῖς
2872 1841 3153 1893 πιστεύειν
3175 1842 3259 1894 ἀεὶ
3286 1844 3412 1907 τοὺς
3437 1845 3497 1911 ἐξ
3530 1845 3725 1912 ἐθνῶν,

2141 1930 2236 1980 καὶ
2269 1926 2443 1999 βραχύ
2482 1947 2536 1982 τι
2570 1931 2739 2002 μέρος
2782 1926 2925 1985 εἶναι
2966 1933 3103 2004 πρὸς
3133 1935 3258 1998 τοὺς
3291 1936 3352 2001 ἐξ
3394 1936 3568 1992 ἐθνῶν
3597 1941 3725 2004 τοὺς

2141 2019 2199 2086 ἐξ
2240 2021 2455 2091 Ἰσραὴλ
2488 2022 2870 2087 πιστεύοντας.

2226 2112 2433 2182 Ἀνέϐη
2467 2116 2499 2167 ό
2528 2116 2675 2180 Θεὸς
2703 2115 2773 2169 ἐν
2797 2115 3150 2186 ἀλαλαγμῷ,
3189 2118 3405 2187 Κύριος
3450 2119 3522 2174 ἐν
3552 2122 3724 2191 φωνῇ

2143 2203 2501 2275 σάλπιγγος.
2548 2206 2816 2261 Ἐνταῦθα
2854 2204 2954 2279 τὴν
2985 2211 3065 2271 εἰς
3108 2210 3371 2279 οὐρανοὺς
3410 2212 3596 2267 ἄνοδον
3630 2215 3723 2267 τοῦ

2144 2300 2381 2368 Χριστοῦ
2423 2300 2895 2368 προκαταγγέλλει
2922 2300 3110 2368 Δαδὶδ,
3142 2302 3217 2365 ὠς
3262 2304 3320 2356 ὲν
3354 2304 3433 2374 τῷ
3471 2305 3559 2372 κγ’
3590 2306 3724 2375 ψαλ-

2148 2390 2233 2463 μῷ
2264 2393 2761 2466 ἐπεσημηνάμεοα.
2809 2393 3151 2467 ’Δλαλαγμὸν
3180 2395 3236 2451 δὲ
3281 2395 3430 2466 λέγει
3461 2396 3557 2453 νῦν
3593 2399 3725 2454 σὰ).-

2148 2502 2367 2554 πιγγος,
2393 2487 2491 2549 τὰς
2519 2489 2705 2555 φωνὰς
2729 2489 2841 2543 τῶν
2883 2491 3195 2560 τηνικαῦτα
3229 2495 3725 2564 προπορευομένων

2145 2578 2393 2645 ἀγγέλων
2427 2595 2441 2609 ⁸
2506 2580 2825 2651 ἀλαλαγμὸν
2864 2584 2986 2652 μὲν,
3037 2583 3124 2637 διὰ
3173 2582 3273 2637 τό⁸
3310 2586 3527 2652 Κύριος
3587 2602 3723 2655 ripa.

2148 2669 2310 2735 ταιὸς
2332 2669 2428 2722 καὶ
2469 2671 2749 2739 δυνατὸς,
2790 2675 3005 2743 Κύριος
3032 2674 3290 2741 δυνατὸς
3320 2675 3392 2729 ἐν
3439 2674 3681 2745 πολέμῳ
3707 2692 3723 2710 ⁸

2146 2761 2303 2813 τοῦτο
2354 2762 2482 2832 γὰρ,
2536 2764 2705 2832 ὕμνος
2751 2765 3019 2830 ἑπινίκιος
3049 2783 3064 2799 ⁸
3103 2768 3226 2819 ἐπεὶ
3263 2768 3356 2820 καὶ
3387 2767 3723 2837 ἀλαλαγμὸς,

2149 2853 2300 2921 φωνή
2331 2854 2478 2904 ἐστιν
2513 2855 2780 2917 ὲπινίκιος
2805 2871 2820 2886 ⁸
2846 2855 3028 2926 φωνὴν
3057 2856 3113 2908 δὲ
3145 2857 3469 2925 σάλπιγγος,
3503 2858 3594 2912 διὰ
3624 2860 3684 2913 τό
3704 2876 3723 2892 ⁸

2152 2943 2356 3011 Ἄρατε
2382 2945 2601 3010 πύλας,
2641 2950 2695 2998 ot
2724 2947 3035 3015 ἄρχοντες,
3068 2948 3257 3017 ὑμῶν,
3306 2952 3402 3003 καὶ
3441 2952 3508 3005 τὰ
3548 2951 3673 3023 ἑξῆς
3705 2967 3721 2982 ⁸

2147 3033 2383 3087 ὁδοποιεῖ
2429 3036 2539 3105 γὰρ
2582 3038 2613 3107 ὴ
2669 3036 2928 3104 σάλπιγξ,
2993 3041 3103 3101 τοῖς
3147 3038 3612 3107 ἀναζευγνύουσιν
3660 3045 3724 3096 ἐκ

2151 3123 2388 3195 πολέμου
2419 3125 2758 3197 βασιλεῦσιν.
2794 3130 2866 3180 Ἦ
2895 3130 2991 3183 καὶ
3014 3130 3192 3193 ἄλλως
3225 3127 3385 3185 εἶπεν
3416 3134 3511 3197 τὰς
3540 3134 3722 3202 φωνὰς

2146 3217 2255 3273 τῶν
2284 3219 2536 3287 ἀγγέλων
2558 3219 2875 3289 ἀλαλαγμὸν
2915 3223 3009 3273 καὶ
3046 3224 3232 3292 φωνὴν
3275 3224 3597 3292 σάλπιγγος,
3635 3227 3722 3278 διὰ

2148 3310 2208 3362 τὸ
2232 3311 2448 3381 τρανῶς
2468 3312 2561 3365 καὶ
2589 3312 2755 3375 ὀξέως
2780 3314 3117 3383 ἀκουσθῆναι
3147 3314 3214 3367 τὰ
3243 3314 3468 3369 τοιαῦτα
3503 3318 3725 3387 ῥήματα

2149 3402 2286 3472 πρὸς
2330 3402 2548 3457 ἅπαντα
2595 3404 2687 3459 τοῦ
2717 3405 2922 3475 κόσμου
2952 3406 3022 3459 τὰ
3056 3408 3289 3477 πέρατα,
3340 3408 3433 3461 διὰ
3473 3408 3573 3477 τῆς
3614 3408 3725 3461 τῶν

2148 3497 2464 3551 ἀποστόλων
2505 3497 2874 3564 διδασκαλίας.

2229 3674 2467 3731 Ψάλατε
2498 3675 2579 3741 τῷ
2637 3676 2758 3742 Θεῷ
2807 3677 2997 3747 ἡμῶν,
3056 3677 3293 3747 vittate
3350 3682 3431 3746 τῷ
3475 3681 3725 3745 ﬁrmatas

2150 3767 2342 3839 ἡμῶν,
2369 3768 2628 3837 ψᾶλαι-ε.
2662 3771 3078 3840 Διηγησάμενος
3107 3772 3169 3824 τὸ
3199 3772 3433 3842 μέγεθος
3487 3774 3598 3827 τῶν
3628 3776 3723 3828 τοῦ

2150 3860 2389 3930 Χριστοῦ
2422 3861 2886 3931 κατορθωμάτων,
2931 3863 3089 3916 καλεί
3108 3864 3205 3936 τὴν
3259 3865 3587 3935 οἰκουμένην
3644 3868 3725 3929 εις

2151 3955 2429 4026 εὐφημίαν
2468 3956 2607 4026 μετά
2635 3954 2840 4025 πολλῆς
2872 3957 2971 4027 τῆς
3000 3957 3244 4026 σπουδῆς
3286 3974 3298 3988 ⁸
3360 3958 3521 4012 τοῦτο
3560 3960 3670 4029 γὰρ
3695 3960 3725 4012 ό

2150 4042 2244 4102 τοῦ
2283 4047 2525 4102 Ψάλατε
2578 4049 2874 4119 παρίστησι
2905 4048 3330 4120 διπλασιασμός.
3387 4050 3627 4104 Ψάλατε
3644 4051 3720 4111 δὲ,

2153 4140 2280 4193 ἀντὶ
2311 4140 2709 4211 Μελῳδήσατε,
2749 4139 2869 4196 εἶτα
2905 4143 3000 4197 καὶ
3037 4144 3069 4212 ἡ
3106 4145 3257 4196 αἰτία
3282 4143 3375 4197 τοῦ
3406 4145 3631 4198 Ψάλατε
3652 4160 3669 4175 ⁸

2211 4322 2341 4375 Ὅτι
2380 4319 2680 4387 βασιλεὺς
2703 4322 2735 4374 ό
2768 4320 2913 4384 Θεὸς
2932 4320 3136 4388 πάσης
3170 4321 3281 4389 τῆς
3308 4324 3442 4391 γῆς,
3484 4324 3722 4393 sucidam

474 4412 763 4477 sapienter.
793 4409 1010 4473 Canite,
1043 4411 1244 4479 inquit,
1300 4410 1409 4465 Deo
1435 4410 1569 4482 Regi
1603 4420 1818 4475 nostro,
1854 4415 1905 4468 id
1939 4426 2043 4481 est,

2158 4413 2445 4480 συνετῶς.
2487 4412 2877 4485 Μελῳδήσατε,
2925 4416 3084 4482 φησι,
3147 4416 3226 4484 τῷ
3284 4416 3407 4485 Θεῷ
3449 4418 3529 4487 τῷ
3560 4418 3718 4488 βασι.

474 4503 694 4557 Chrism
724 4518 737 4557 :
776 4503 1037 4571 quoniam
1078 4501 1197 4556 Rex
1236 4512 1320 4556 est
1353 4504 1522 4557 totius
1555 4514 1714 4560 terra:
1743 4524 1755 4560 :
1797 4505 1937 4560 Data
1967 4519 2046 4562 est

474 4594 618 4644 enim
648 4593 796 4657 milii,
832 4593 1030 4663 inquit,
1070 4593 1239 4646 omnis
1256 4600 1491 4662 potestas
1520 4594 1574 4648 in
1605 4596 1733 4651 creto
1758 4606 1807 4653 et
1838 4599 1891 4653 in
1943 4611 2049 4654 ter-

475 4696 535 4733 ra
568 4682 636 4736 ⁷⁸.
675 4681 898 4737 Psallite
932 4694 1112 4738 autem
1163 4700 1270 4738 non
1306 4684 1655 4755 simpliciter,
1691 4690 1787 4743 sed
1831 4691 2048 4759 sapicn~

474 4779 578 4837 ter,
618 4773 719 4827 hoc
749 4783 857 4841 est,
907 4790 1016 4830 non
1073 4776 1259 4845 lingua
1313 4785 1548 4843 tantum,
1621 4782 1715 4834 sed
1767 4782 1933 4836 corde
1995 4792 2050 4838 et

476 4863 753 4918 intellectu
806 4883 819 4918 ε
868 4866 1241 4939 intelligentes
1292 4870 1506 4926 scilicet
1551 4872 1602 4927 id
1644 4873 1792 4945 quod
1810 4858 2046 4945 canitis,

474 4962 530 5005 et
561 4969 811 5022 quamam
844 4957 955 5010 sint
986 4959 1249 5024 praeclara
1281 4959 1433 5017 illius
1462 4977 1654 5033 opera.

547 5045 711 5101 Vsus.
743 5046 795 5101 9.
825 5046 1080 5118 Regnavit
1121 5050 1259 5104 Deus
1291 5069 1445 5122 super
1475 5065 1672 5125 gentes.
1718 5057 1893 5114 Antea
1931 5056 2050 5128 qui-

475 5135 597 5191 dem
638 5139 778 5194 Deus
806 5141 1051 5209 gentium
1099 5143 1261 5197 etiam
1321 5145 1729 5215 dominabatur,
1773 5156 2050 5205 verum.ut

480 5229 784 5285 nolentium
828 5240 884 5286 et
937 5234 1254 5303 rebellium,
1305 5254 1451 5294 nunc
1498 5252 1681 5295 autem
1737 5240 2046 5296 volentibus

479 5322 735 5393 imperat,
766 5334 825 5378 ut
857 5326 1196 5398 redemptor.
1234 5329 1301 5384 Et
1327 5334 1455 5401 quia
1490 5333 1765 5403 duplicem
1792 5333 2048 5389 Christus

484 5416 647 5468 habet
675 5426 954 5484 naturam,
987 5430 1112 5476 ante
1163 5422 1597 5479 incarnationem
1632 5440 1756 5480 eum
1791 5439 2048 5495 regnasse

481 5507 720 5565 dicimus
774 5519 833 5563 ut
870 5511 1063 5574 Deum.
1117 5523 1243 5583 post
1284 5515 1746 5571 resurrectionem
1782 5532 1912 5572 vero
1963 5531 2049 5572 rc-

558 5687 601 5717 “
638 5688 783 5742 Psal.
836 5706 894 5754 ll,
932 5692 986 5745 8.
1062 5692 1106 5724 "
1140 5693 1290 5748 Psal.
1339 5712 1494 5760 xsttt,
1534 5696 1587 5752 8.

2152 4505 2234 4559 λεί
2254 4509 2286 4577 ἡ
2297 4507 2436 4575 μῶν,
2462 4507 2582 4576 ἦτοι
2606 4506 2682 4576 τῷ
2706 4505 2950 4577 Χριστῷ,
2972 4505 3110 4558 διότι
3143 4505 3399 4576 βασιλεὺς
3416 4509 3598 4580 πάσης
3621 4511 3720 4579 τῆς

2153 4602 2257 4669 γῆς
2277 4602 2443 4654 ἐστιν.
2464 4598 2673 4666 Ἐδόθη
2685 4616 2789 4670 μοι
2822 4599 2955 4671 γὰρ,
2988 4602 3145 4669 φησι,
3171 4600 3341 4656 πᾶσα
3369 4602 3624 4665 ἐξουσία
3652 4603 3721 4657 ἐν

2151 4692 2386 4764 οὐρανῷ
2416 4695 2514 4748 καὶ
2558 4694 2657 4749 ἐπὶ
2697 4694 2809 4763 γῆς
2838 4711 2851 4727 ⁸
2885 4694 3094 4764 ψάλατε
3125 4694 3183 4748 δὲ
3222 4695 3299 4765 μὴ
3329 4695 3539 4762 ἁπλῶς,
3582 4698 3720 4752 ἀλλὰ

2153 4787 2382 4858 νοητῶς,
2401 4787 2566 4857 ἦγουν
2593 4787 2670 4858 μὴ
2689 4786 2903 4860 γλώττῃ
2923 4789 3108 4856 μόνον,
3131 4788 3266 4843 ἀλλὰ
3294 4792 3385 4844 καὶ
3406 4789 3505 4854 νοτ,
3531 4792 3718 4844 συνέν-

2151 4898 2265 4947 τες,
2315 4881 2425 4934 τίνι
2457 4880 2773 4951 μελῳδεῖτε,
2818 4882 2912 4935 καὶ
2948 4882 3042 4935 ἐπὶ
3073 4882 3248 4945 ποίοις
3273 4883 3717 4954 κατορθώμασιν.

2234 5060 2661 5116 Ἐϐασίλευσεν
2698 5064 2731 5116 ὀ
2759 5063 2903 5128 Θεὸς
2932 5061 3030 5115 ἐπὶ
3088 5061 3160 5115 τὰ
3223 5061 3386 5128 ἔθνη.
3455 5061 3722 5130 Πρότερον

2156 5156 2254 5226 μὲν
2304 5154 2620 5209 ἐϐασίλευεν
2653 5154 2919 5218 ἀκόντων,
2963 5153 3038 5217 ὡς
3085 5153 3419 5224 δημιουργός
3454 5168 3469 5183 ⁸
3514 5153 3608 5205 νῦν
3641 5154 3719 5217 δὲ,

2155 5250 2412 5315 ἑκόντων,
2443 5247 2519 5311 ὡς
2554 5249 2873 5319 Λυτρωτής.
2908 5247 3019 5299 Καὶ
3054 5247 3177 5300 ἐπεὶ
3200 5245 3422 5309 διπλοῦς
3472 5240 3562 5316 ἦν,
3617 5246 3722 5313 πρὸ

2159 5343 2261 5413 μὲν
2292 5341 2393 5410 τῆς
2422 5340 2914 5411 ἑνανθρωπήσεως,
2946 5339 3021 5401 ὡς
3050 5338 3182 5401 Θεὸς
3214 5334 3360 5407 εἶχεν
3409 5343 3507 5407 τὴν
3563 5336 3717 5407 βασι-

2154 5432 2307 5485 λείαν
2334 5446 2352 5462 ⁸
2391 5429 2532 5498 μετὰ
2557 5431 2614 5484 δὲ
2642 5429 2744 5498 τὴν
2784 5430 2849 5481 ὲκ
2887 5428 3096 5498 νεκρῶν
3162 5427 3482 5492 ἀνάστασιν,
3532 5425 3717 5478 ἔλαϐεν

2155 5518 2323 5587 αὐτὴν
2357 5518 2449 5571 καὶ
2476 5517 2550 5582 ὡς
2580 5517 2885 5588 ἄνθρωπος.
2915 5519 2955 5571 Τ
2960 5518 3046 5571 ότε
3076 5519 3183 5586 γὰρ
3215 5510 3337 5569 εἷπε
3361 5515 3424 5569 τό
3451 5531 3466 5547 ⁸
3511 5515 3717 5581 Ἐδόθη

1695 5696 1739 5727 ⁷³
1776 5697 1913 5753 Ibid.
1950 5699 1999 5753 7.
2078 5699 2123 5732 ⁷⁸
2157 5699 2348 5754 Matth.
2385 5712 2580 5765 xxviii,
2632 5694 2716 5751 18.
