4072 6202
339 226 441 296 519

1499 220 1890 297 COMMENT.
1936 237 2017 297 IN
2058 235 2421 297 PSALMOS.

3474 233 3584 300 518

334 365 432 417 μοι
457 344 631 402 πᾶσα
658 344 938 410 ἐξουσία,
967 346 1060 399 καὶ
1091 346 1159 401 τὰ
1191 347 1341 416 ἑξῆς.
1395 349 1518 403 Ἐπὶ
1573 351 1642 404 τὰ
1673 350 1802 422 εθνη
1826 352 1904 418 δὲ,

2025 367 2174 421 gnum
2200 351 2382 407 denuo
2404 347 2776 421 assumpsisse
2799 355 2861 404 ut
2885 348 3159 405 hominem
3183 367 3197 416 ;
3229 356 3284 406 et
3313 347 3434 406 ideo
3463 360 3596 407 tunc

334 439 578 510 δηλονότι
601 438 814 506 πάντα,
849 440 932 492 ὅτι
953 441 1010 494 ἐν
1041 441 1906 498 ἅπασινοέθνεσιπεπιστεύκασι·

336 532 431 584 καὶ
454 533 528 601 πῇ
571 531 696 600 μὲν,
728 530 964 584 καθόλου
993 532 1053 584 τὸ
1079 533 1233 597 ἔθνος
1263 534 1409 587 ἅπαν
1434 551 1452 568 ·
1486 539 1561 605 πῇ
1586 536 1663 601 δὲ,
1693 536 1753 600 ἐξ
1782 539 1911 608 ἡμι-

339 621 521 684 σείαςο
565 623 638 690 πῇ
663 621 743 683 δὲ,
779 623 842 674 ἐκ
876 623 1098 692 μέρους.
1133 628 1238 688 Εἰς
1260 624 1467 679 πᾶσαν
1491 627 1600 697 γὰρ
1650 628 1764 696 τὴν
1795 629 1914 698 γῆν

333 713 598 780 ἐξῆλθεν
629 717 662 767 ό
697 717 959 783 φθόγγος
981 714 1096 768 τῶν
1120 716 1452 772 ἀποστόλων.

418 978 480 1029 '0
504 976 651 1043 Θεὸς
671 976 924 1044 κάθηται
952 977 1051 1032 ἐπὶ
1108 983 1327 1047 θρονου
1379 986 1550 1052 ἁγίου
1615 988 1820 1042 αυτοῦ.
1855 988 1915 1042 '0

340 1069 439 1138 μὲν
463 1071 671 1138 θρόνος,
711 1068 990 1138 βασιλείας
1018 1072 1289 1142 σύμϐολον
1316 1091 1332 1109 ο
1400 1077 1462 1130 τὸ
1507 1077 1562 1130 δὲ
1618 1079 1912 1150 καθῆσθαι,

341 1161 726 1230 βεϐαιότητος.
756 1164 921 1232 Λέγει
963 1160 1078 1229 οῦν,
1119 1169 1202 1219 ὄτι
1242 1169 1270 1219 ὁ
1317 1170 1550 1239 Χριστὸς
1603 1171 1917 1241 βεϐαιοῦται

341 1255 434 1306 ἐπὶ
462 1255 562 1322 τῆς
589 1254 869 1324 βασιλείας
923 1259 1112 1322 αὐτοῦ,
1165 1261 1306 1313 κατὰ
1361 1263 1450 1315 τό’
1501 1265 1816 1320 Ἐκάθισεν
1851 1268 1920 1320 ἐν

342 1341 509 1409 δεξιᾷ
543 1343 653 1410 τῆς
668 1349 1104 1416 μεγαλοσύνης
1129 1350 1198 1402 ἐν
1226 1351 1488 1419 ὑψηλοῖς
1512 1370 1525 1385 ·
1552 1355 1646 1406 τοῦ
1680 1357 1919 1424 μεγάλου

342 1435 397 1487 δὲ
427 1436 665 1500 Παύλου,
689 1438 750 1490 τὸ
782 1441 970 1509 ῥητόν.
1001 1441 1195 1509 Ἀγιον
1234 1443 1290 1495 δὲ
1355 1445 1446 1497 τὸν
1493 1445 1684 1516 θρόνον
1744 1445 1921 1513 εἶπεν,

2013 446 2086 499 ab
2117 458 2183 499 eo
2214 445 2424 498 dictum
2457 443 2690 513 legimus
2727 461 2740 496 :
2778 442 2914 495 Data
2937 451 3014 496 est
3059 441 3184 494 mihi
3213 457 3406 504 omnis
3453 456 3597 511 pote.

2011 543 2142 591 stas.
2182 538 2317 590 Data
2347 543 2433 591 est
2477 543 2660 589 autem
2692 549 2857 604 super
2886 547 3082 588 omnes
3120 542 3331 602 gentes,
3374 536 3501 602 quia
3539 537 3595 589 in

2013 629 2273 683 omnibus
2296 629 2555 698 gentibus
2593 627 2784 681 ﬁdeles
2817 627 3015 695 reperti
3043 634 3190 678 sunt.
3223 625 3288 677 Et
3321 625 3448 679 alibi
3481 626 3598 698 qui-

2011 717 2134 772 dem
2169 718 2228 770 in
2260 718 2575 772 universum
2611 725 2724 770 tota
2758 718 2911 769 natio
2944 715 3203 779 credidit,
3256 715 3383 768 alibi
3413 726 3593 770 autem

2014 821 2143 876 pars
2175 809 2375 876 major,
2409 816 2505 860 aut
2545 808 2747 860 minor.
2785 807 2848 860 In
2874 822 3076 859 omnem
3097 807 3245 860 enim
3273 817 3468 859 terram
3489 808 3593 859 exi-

2016 900 2086 952 vit
2116 900 2485 967 apostolorum
2526 915 2685 953 sonus
2719 898 2787 951 ⁷⁸.

2089 989 2228 1043 Deus
2259 989 2400 1043 sedet
2423 1005 2579 1058 super
2604 989 2846 1042 thronum
2876 998 3118 1041 sanctum
3145 1003 3319 1052 suum,
3345 985 3598 1040 Thronus

2017 1088 2102 1132 est
2130 1081 2290 1148 regia:
2319 1081 2604 1148 dignitatis
2639 1085 2889 1148 signum;
2925 1079 3116 1132 sedere
3165 1087 3345 1131 autem
3387 1077 3600 1129 stabili-

2019 1169 2152 1223 tatis
2180 1170 2471 1224 indicium.
2499 1169 2708 1224 Sensus
2739 1178 2844 1233 est,
2875 1168 3158 1223 Christum
3193 1172 3248 1221 in
3288 1168 3390 1221 hoc
3430 1182 3598 1236 regno

2021 1275 2128 1314 suo
2178 1262 2429 1315 stabilem
2480 1276 2636 1327 esse;
2683 1262 2838 1329 juxta
2871 1276 3035 1329 quem
3086 1277 3309 1314 sensum
3367 1262 3598 1328 legimus

2024 1353 2166 1419 apud
2224 1352 2569 1421 Apostolum,
2621 1353 2763 1419 quod
2813 1354 3004 1406 sedere
3057 1353 3210 1405 illum
3263 1351 3396 1406 fecit
3456 1350 3598 1403 Deus

2024 1445 2079 1497 in
2105 1446 2323 1497 dextera
2357 1445 2660 1513 majestatis
2705 1445 2760 1496 in
2801 1445 3014 1498 excelsis
3052 1445 3120 1497 ".
3159 1443 3424 1496 Sanctum
3472 1458 3600 1497 vero

342 1525 417 1587 ὼς
441 1526 683 1598 καθαρὸν
727 1528 910 1600 πάσης
971 1533 1455 1602 προσωποληψίας,
1530 1541 1624 1589 καὶ
1703 1539 1919 1609 ἀπαρά-

2027 1533 2288 1586 thronum
2346 1533 2506 1594 dixit,
2564 1532 2732 1586 veluti
2774 1547 2970 1600 purum
3023 1547 3088 1585 ac
3139 1530 3400 1584 mundum
3451 1531 3599 1584 omni

345 1635 605 1688 γραπτον.

420 1797 744 1864 ’Ἄρχοντες
779 1798 950 1852 ,λαῶν
987 1801 1396 1871 συνήχθησαν
1411 1806 1564 1874 μετὰ
1607 1810 1714 1864 τοῦ
1768 1813 1918 1867 Θεοῦ

357 1887 626 1957 Ἀϐραάμ.
672 1888 942 1944 Ἐνταῦθα
971 1891 1212 1947 δείκνυσι
1264 1895 1358 1949 τοῦ
1411 1899 1768 1967 εὐαγγελικοῦ
1816 1921 1920 1974 κηα-

349 1979 626 2050 ρύγματος
651 1981 750 2052 τὴν
781 1982 958 2052 ἰσχὺν,
989 1983 1072 2038 ὅτι
1105 1985 1210 2039 οὐκ
1257 1988 1483 2041 ἰδιωτῶν
1543 1993 1726 2061 μόνον,
1783 1996 1921 2051 ἀλλὰ

347 2072 440 2160 καὶ
469 2071 736 2139 βασιλέων
765 2076 860 2126 καὶ
900 2077 1191 2145 ἡγεμόνων
1212 2079 1407 2148 ἥψατο.
1443 2083 1553 2135 Καὶ
1603 2085 1758 2139 αὐτοὶ
1811 2088 1919 2160 γὰρ

343 2157 512 2228 οὗτοι,
540 2163 888 2234 συνήχθησαν
919 2168 1058 2235 μετὰ
1085 2169 1180 2222 τοῦ
1214 2171 1473 2240 Χριστοῦ,
1545 2173 1646 2244 τῆς
1700 2157 1920 2248 μερίδοέ

344 2253 512 2307 αὐτοῦ
544 2255 868 2340 γενόμενοι·
901 2258 1039 2312 Θεοῦ
1069 2259 1129 2314 δὲ
1175 2261 1429 2334 Ἀϐραὰμ
1473 2263 1650 2329 εἶπεν,
1713 2270 1918 2340 ὲμφαίο

343 2359 471 2406 νων,
504 2345 587 2396 ὄτι
613 2338 766 2409 οὗτος
799 2342 870 2416 ἦν
899 2349 927 2399 ὁ
961 2350 1244 2417 κάκείνου,
1295 2355 1389 2407 καὶ
1445 2355 1556 2410 τῶν
1606 2356 1667 2422 ἐξ
1707 2338 1915 2418 ἐπείνου

345 2433 498 2497 Θεὸς,
531 2437 624 2488 καὶ
640 2431 721 2498 εἷς
754 2431 911 2503 οὗτος
945 2441 1244 2514 νομοθέτης
1273 2445 1372 2514 τῆς
1428 2447 1674 2513 Παλαιᾶς
1719 2454 1918 2523 Διαθή·

347 2540 468 2592 κηςν
521 2529 615 2580 καὶ
647 2528 746 2597 τῆς
774 2530 1004 2602 Καινῆς.

418 2787 538 2840 Ὅτι
563 2789 670 2844 τοῦ
693 2790 840 2844 Θεοῦ
861 2793 914 2846 οἱ
932 2794 1199 2860 κραταιοὶ
1232 2794 1338 2864 τῆς
1354 2795 1465 2867 γῆς
1489 2799 1724 2869 σφόδρα
1739 2801 1921 2872 ἐπήρ-

359 2879 576 2944 θησαν.
647 2881 1005 2954 Συνήχθησαν
1037 2886 1092 2938 δὲ
1126 2887 1265 2956 μετὰ
1323 2889 1417 2941 τοῦ
1473 2889 1628 2956 Θεοῦ,
1683 2893 1817 2948 διότι
1872 2897 1920 2949 oi

351 2969 661 3037 ἀπόστολοι,
706 2973 954 3043 (τούτους
983 2976 1091 3045 γὰρ
1142 2978 1427 3048 ὠνόμασεν
1482 2985 1777 3051 κραταιοὺς
1827 2986 1919 3039 τοῦ

351 3059 506 3125 Θεοῦ,
539 3061 615 3126 ὡς
639 3067 703 3133 τῇ
732 3065 962 3136 δυνάμει
992 3069 1084 3122 τοῦ
1116 3071 1272 3139 ἁγίου
1331 3073 1652 3143 Πνεῦματος
1712 3094 1918 3150 κεκραη

349 3153 706 3222 ταιωμένους,
741 3160 834 3211 καὶ
864 3157 1134 3230 δαιμόνων
1170 3162 1267 3215 καὶ
1311 3165 1593 3234 τυράννων
1641 3184 1917 3241 κεκρατη-

325 3275 327 3278 ι
353 3242 558 3312 κότας),
598 3246 801 3315 σφόδρα
830 3248 940 3300 τῶν
963 3251 1164 3318 γηΐνων
1193 3252 1447 3306 ἁπάντων
1476 3255 1737 3327 ἀνώτεροι
1760 3261 1919 3329 γεγό-

349 3350 492 3396 νασι,
527 3338 668 3406 μήτε
705 3338 941 3407 ηδοναῖς,
977 3343 1115 3410 μήτε
1145 3342 1344 3406 λύπαις
1375 3345 1702 3412 ὲαλωκότες.

2031 1625 2349 1692 acceptione
2383 1637 2742 1691 personarum
2773 1631 2941 1690 atque
2968 1622 3075 1675 alia
3105 1623 3252 1676 omni
3284 1621 3602 1690 exceptione

1953 1721 1996 1798 Β
2025 1729 2318 1774 carentem.

2091 1807 2261 1863 Vens.
2316 1809 2406 1863 10.
2449 1809 2721 1874 Principes
2765 1805 3080 1875 populorum
3137 1806 3441 1875 congregati
3477 1812 3602 1858 sunt

2021 1916 2140 1954 cum
2177 1899 2286 1954 Deo
2324 1898 2621 1952 Abraham.
2657 1896 2998 1966 Evangelicte
3020 1897 3433 1964 pradicationis
3455 1893 3602 1948 vires

2020 1991 2198 2061 magis
2231 1990 2398 2045 etiam
2428 1991 2791 2050 demonstrat,
2831 1986 2978 2056 quod
3007 2001 3116 2039 non
3152 1984 3354 2040 idiotas
3386 1991 3599 2037 tantum

2019 2092 2075 2139 et
2106 2085 2356 2154 privatos
2388 2083 2663 2146 homines,
2689 2079 2783 2136 sed
2831 2078 3114 2150 principes
3165 2080 3328 2131 etiam
3361 2084 3414 2128 et
3445 2088 3603 2142 rege:

2022 2177 2174 2244 ipsos
2219 2176 2534 2228 attraxerit.
2585 2171 2868 2240 Siquidem
2915 2177 2972 2224 et
3039 2179 3231 2223 eorum
3284 2165 3438 2220 multi
3472 2178 3599 2218 cum

2021 2265 2248 2321 Christo
2296 2263 2616 2337 congregati
2657 2270 2788 2318 sunt
2825 2271 2879 2317 et
2928 2261 3166 2331 partium
3221 2259 3339 2328 ejus
3391 2255 3600 2311 eli'ecti.

2027 2356 2193 2412 Deum
2245 2367 2428 2412 autem
2487 2356 2762 2410 Abraham
2823 2352 3106 2410 Christum
3169 2350 3483 2421 appellavit.
3540 2356 3603 2402 ut

2021 2448 2272 2505 eumdem
2309 2463 2432 2502 eum
2465 2461 2587 2502 esse
2615 2445 2972 2516 signiﬁcaret,
2999 2445 3089 2514 qui
3130 2444 3262 2498 olim
3293 2442 3526 2496 Abrahae
3549 2449 3605 2494 et

2021 2549 2368 2612 posterorum
2407 2539 2526 2610 ejus
2572 2539 2718 2593 Deus
2757 2537 2965 2600 fuerat,
3001 2545 3170 2606 utque
3204 2536 3455 2590 etundem
3479 2545 3605 2588 esse

2021 2631 2340 2687 ostenderet
2370 2629 2599 2699 Antiqui
2631 2626 2974 2682 Testamenti
3001 2624 3370 2696 lcgislatorem
3405 2621 3600 2686 Deum,

2022 2722 2116 2791 qui
2153 2723 2318 2776 etiam
2348 2729 2406 2776 et
2432 2719 2592 2774 Novi.

2095 2813 2362 2879 Quoniam
2385 2813 2548 2881 [artes
2569 2809 2666 2864 Dei
2683 2813 2871 2878 ajterra
2897 2808 3217 2862 vehementer
3246 2803 3436 2858 elevali
3455 2808 3600 2856 sunt.

2023 2903 2348 2974 Congregati
2377 2913 2562 2958 autem
2597 2912 2874 2958 suntcum
2905 2901 3018 2955 Deo
3072 2898 3348 2952 Abraham
3405 2895 3480 2948 illi
3515 2908 3608 2963 po-

2024 2998 2279 3065 pulorum
2329 2995 2630 3064 principes,
2667 2993 2928 3063 quoniam
2961 2988 3198 3060 apostoli
3232 2987 3401 3058 [quos
3423 2998 3486 3040 ea
3515 2999 3606 3037 ra-

2027 3086 2178 3139 tione
2194 3083 2375 3139 Fortes
2395 3084 2511 3148 Dei,
2527 3086 2627 3138 hoc
2641 3093 2728 3138 est
2748 3084 3005 3137 robustos
3033 3078 3170 3146 Deia
3180 3076 3454 3147 ppellavit,
3472 3075 3601 3144 quia

2028 3177 2205 3232 sancti
2239 3176 2484 3244 Spiritus
2510 3175 2719 3230 auxilio
2763 3171 3072 3237 fortillcati,
3102 3169 3386 3224 diemones
3415 3177 3467 3221 el
3524 3177 3607 3236 ty-

2029 3283 2233 3324 rannos
2267 3266 2559 3339 vicerunt]
2593 3285 2607 3322 :
2639 3267 2900 3337 quoniam
2945 3264 3025 3328 hi,
3069 3264 3313 3333 inquam;
3373 3255 3606 3328 apostoli

2029 3370 2247 3418 terrena
2271 3377 2335 3416 ac
2363 3361 2644 3418 mundana
2671 3362 2856 3414 omnia
2881 3363 3306 3428 superaverunt,
3324 3367 3428 3407 nec
3449 3349 3605 3405 volu-

350 3429 590 3534 ptatihus
625 3429 752 3485 ullis
779 3442 873 3485 aut
900 3433 1348 3491 tribulationibus
1379 3439 1508 3493 victi
1534 3451 1664 3496 sunt
1689 3442 1805 3514 [sed
1837 3448 1948 3503 vita
1990 3465 2055 3506 ac
2085 3469 2342 3510 sermone
2381 3468 2599 3523 semper
2621 3453 2937 3506 claruerunt
2967 3466 2982 3502 :
3020 3455 3181 3516 atque
3213 3447 3334 3500 ideo
3371 3459 3468 3514 per
3485 3453 3604 3494 eos:

349 3526 549 3576 summi
581 3526 742 3580 etiam
769 3527 1045 3596 principes
1074 3544 1136 3583 ac
1168 3544 1343 3598 reges,
1371 3532 1437 3586 ad
1465 3532 1746 3592 Christum
1773 3539 1990 3595 adducti
2023 3556 2174 3600 sunt.
2202 3547 2338 3600 Illud
2371 3561 2479 3600 non
2508 3541 2946 3614 praetereundum
2974 3539 3233 3593 duximus
3260 3537 3404 3607 Quod
3430 3535 3605 3591 dictio

350 3616 444 3670 Dei
477 3619 699 3686 genitivi
735 3636 898 3678 casus
928 3630 1034 3690 est,
1071 3627 1531 3692 quemadmodum
1565 3635 1838 3702 expositio
1864 3636 2071 3708 docuit,
2099 3651 2154 3695 et
2177 3657 2241 3694 ex
2271 3639 2458 3694 Gmca
2491 3638 2723 3692 lectione
2753 3635 2998 3704 apertius
3027 3630 3224 3702 patet].

354 3713 602 3782 Ψαλμὸς
637 3714 796 3785 ᾠδῆς
831 3717 956 3782 τοῖς
985 3719 1134 3784 υἱοῖς
1156 3724 1306 3791 Κορὲ
1336 3721 1584 3792 δευτέρᾳ
1621 3730 1925 3787 Σαϐϐάτου

929 3814 1222 3868 ΨΑΛΜΟΣ
1251 3818 1384 3871 ΜΖ’.

417 3900 488 3955 Τί
520 3903 616 3973 μὲν
643 3905 938 3976 ἑρμηνεύει
975 3909 1219 3976 Ψαλμὸς
1241 3908 1429 3979 ᾠδῆς,
1475 3913 1533 3965 ὲν
1579 3916 1694 3977 τοῖς
1738 3933 1926 3985 προοι-

327 3997 499 4066 plet;
533 3997 632 4065 τῆς
667 3995 951 4067 παρούσης
972 3997 1155 4068 βίϐλου
1189 4001 1638 4072 προδιελάϐομεν,
1678 4005 1808 4058 ἔνθα
1827 4007 1925 4062 καὶ

343 4090 428 4153 τὸ,
453 4089 581 4154 Τοῖς
599 4089 746 4154 υἱοῖς
759 4090 910 4157 Κορὲ
928 4107 983 4142 σε
991 4094 1338 4161 σαφήνισται.
1357 4094 1428 4147 Τὸ
1439 4098 1691 4166 Δευτέρᾳ
1705 4099 1764 4152 δὲ
1777 4103 1925 4156 Σαϐ-

347 4183 557 4244 σάτου,
589 4182 687 4252 τὴν
715 4183 928 4253 ἡμέραν
972 4183 1124 4255 δηλοῖ
1139 4186 1262 4239 καθ’
1290 4187 1357 4258 ἣν
1385 4189 1708 4262 ὲμελῳδήθη
1728 4211 1742 4225 ν
1779 4193 1922 4248 Σάδ.

345 4275 513 4326 ϐατον
546 4275 653 4344 γὰρ
706 4274 946 4345 Ἑϐραῖοι
990 4278 1088 4349 τὴν
1121 4279 1249 4350 ὃλην
1307 4280 1579 4351 ἑϐδομάδα
1639 4285 1920 4342 καλοῦσιν.

347 4359 717 4435 Εὐχαριστίας
741 4367 798 4419 δὲ
829 4369 1072 4438 περιέχει
1099 4371 1128 4422 ὁ
1157 4372 1372 4441 ψαλμὸς
1409 4368 1564 4438 οὗτος
1589 4376 1698 4428 τῶν
1728 4380 1791 4430 ἐκ
1821 4379 1924 4449 τῆς

2031 3776 2036 3780 .
2134 3735 2383 3788 Psalmus
2405 3730 2623 3793 cantici,
2658 3731 2787 3798 ﬁliis
2822 3729 2957 3782 Core
2989 3725 3220 3780 secunda
3251 3721 3499 3778 Sabbati.

2522 3819 2847 3873 PSALMUS
2901 3816 3106 3871 XLVII.

2097 3915 2239 3982 Quid
2301 3915 2575 3985 signiﬁcet
2635 3912 2890 3966 Psalmus
2963 3908 3180 3972 cantici,
3239 3907 3483 3964 diximus
3543 3909 3603 3965 in

2026 4008 2292 4077 prommio
2329 4010 2535 4076 operis,
2563 4005 2654 4060 ubi
2681 4004 2847 4059 etiam
2873 4001 3301 4065 deelaravimus,
3335 4001 3467 4071 quid
3497 4000 3604 4056 sibi

2027 4099 2160 4154 velit
2211 4097 2500 4166 inscriptio
2534 4094 2738 4150 :Filiis
2765 4093 2917 4148 Core.
2962 4091 3119 4156 Quod
3153 4105 3282 4146 vero
3337 4092 3455 4145 ait:
3513 4107 3602 4145 se-

2027 4192 2200 4246 cunda
2233 4190 2476 4255 Sabbati,
2507 4189 2651 4245 diem
2680 4189 2827 4242 illam
2858 4188 3060 4256 signat,
3093 4198 3200 4253 qua
3223 4184 3468 4253 psalmus
3501 4183 3606 4237 fuit

2027 4284 2373 4339 decantatus.
2404 4280 2708 4335 Sahhatum
2738 4286 2920 4332 autem
2960 4273 3134 4329 Judaei
3181 4281 3352 4328 totam
3398 4272 3606 4326 hebdo‘

2027 4374 2244 4428 matiam
2268 4371 2568 4441 appellant.
2597 4369 2857 4424 Continet
2884 4367 2973 4421 hic
2999 4366 3247 4435 psalmus
3302 4363 3604 4434 gratiarum

347 4459 736 4529 αἰχμαλωσίας
796 4460 1122 4525 Βαϐυλῶνος
1164 4464 1578 4520 ἐπανελθόντων
1637 4467 1793 4530 αὖθις
1846 4471 1919 4534 είς

2031 4466 2276 4520 actiones
2301 4480 2367 4519 ex
2391 4477 2581 4518 eorum
2615 4474 2872 4532 persona.
2899 4461 2989 4527 qui
3022 4469 3053 4512 e
3078 4455 3410 4527 Babylonica
3435 4455 3605 4525 capti-

358 4549 423 4604 Ίε
435 4549 740 4621 ρουσαλήμ.
781 4552 1040 4626 Ἀρμόσει
1073 4552 1130 4607 δὲ
1167 4554 1258 4608 καὶ
1285 4559 1400 4619 τοῖς
1423 4557 1489 4610 ἐκ
1518 4557 1620 4627 τῆς
1639 4560 1922 4629 αἰχμαλω-

351 4649 474 4709 σίας
547 4647 658 4699 τῶν
700 4647 934 4701 εἰδώλων
1018 4648 1406 4702 ἐπανελθοῦσιν
1457 4651 1539 4716 εἰς
1593 4652 1924 4722 θεογνωσίαν

351 4757 591 4802 πιστοις.

366 4985 369 4987 γ
421 4919 626 4987 Μέγας
650 4920 887 4987 Κύριος.
909 4919 1100 4988 Μέγας
1127 4923 1194 4992 τῇ
1226 4921 1479 4994 δυνάμει,
1510 4928 1576 4999 τῇ
1639 4928 1821 5002 σοφίᾳ,
1857 4934 1926 5003 τῇ

358 5012 676 5081 ἀγαθότητι.

425 5105 534 5159 Kal
571 5104 806 5170 αἰνετός
840 5103 1096 5173 σφόδρα.
1135 5104 1246 5158 Καὶ
1276 5107 1485 5179 σφόδρα
1537 5110 1686 5176 ἄξιος
1756 5116 1929 5171 αἰνεῖ.

362 5195 504 5259 σθαι,
534 5196 626 5247 διὰ
661 5195 727 5247 τὰ
747 5195 825 5257 είς
855 5195 1002 5265 ἡμᾶς
1030 5197 1377 5265 γεγενημένα
1433 5199 1719 5268 τεράστια,
1777 5202 1928 5267 ὅπως

358 5291 404 5340 oi
434 5285 875 5355 ἐπιλελησμένοι,
909 5284 1229 5352 παραδόξως
1263 5285 1665 5360 ἀνεκλήθημεν,
1695 5296 1790 5346 καὶ
1826 5293 1927 5365 τῆς

363 5377 771 5452 φιλανθρωπίας
793 5375 960 5430 αὑτοῦ
982 5377 1382 5448 τετυχήκαμεν.

465 5651 506 5682 ⁷⁸
551 5648 696 5704 Psal.
730 5662 888 5714 xvut,
915 5645 965 5698 5.
1041 5645 1087 5678 ⁷⁸
1132 5642 1297 5700 IIchr.
1335 5645 1460 5710 1,5.

2035 4558 2199 4611 vitate
2216 4557 2267 4610 in
2285 4554 2594 4610 Jerusalem
2621 4568 2813 4608 rursus
2827 4549 3031 4606 reversi
3061 4555 3224 4603 sunt:
3252 4550 3466 4601 tametsi
3489 4561 3610 4599 om-

2036 4646 2199 4702 nibus
2219 4645 2388 4701 etiam
2417 4646 2598 4714 possit
2625 4641 2881 4698 ﬁdelibus
2910 4637 3108 4708 aptari,
3128 4636 3222 4707 qui
3243 4636 3314 4691 ah
3334 4635 3605 4689 idolorum

2036 4753 2100 4792 ac
2119 4737 2428 4792 daemonum
2451 4732 2772 4805 captivitate
2801 4730 2867 4784 ad
2901 4725 3268 4797 cognitionem
3307 4723 3398 4779 Dei
3430 4723 3611 4780 redic-

2034 4838 2185 4883 l'lllll.

2111 4920 2269 4976 Vens.
2304 4918 2360 4971 2.
2422 4915 2649 4986 Magnus
2701 4910 2984 4966 Dominus.
3025 4907 3304 4964 Potestate
3345 4904 3606 4960 nimirum

2026 5009 2408 5080 sapientiaque
2437 5017 2490 5061 et
2517 5006 2786 5060 bonitate.

2097 5101 2166 5155 Et
2197 5099 2488 5154 laudabitis
2528 5097 2698 5151 valde.
2733 5095 2798 5150 Et
2831 5095 2988 5151 valde
3017 5091 3219 5162 dignus
3265 5089 3359 5158 qui
3415 5086 3608 5141 laude-
3667 5154 3669 5156 η

2027 5205 2116 5249 tur
2140 5195 2212 5248 ob
2243 5206 2460 5248 summa
2488 5191 2744 5246 videlicet
2771 5187 3058 5250 miracula,
3084 5199 3203 5255 quae
3231 5191 3488 5249 operatus
3516 5183 3606 5229 est

2023 5288 2079 5342 in
2118 5287 2296 5344 nobis.
2326 5285 2600 5340 Oblivioni
2632 5284 2776 5339 enim
2810 5283 2924 5338 dati
2952 5279 3374 5354 videbamur,“
3412 5280 3602 5327 tamen

2024 5379 2334 5434 mirandum
2387 5379 2442 5432 in
2469 5376 2715 5438 modum,
2744 5383 2800 5430 et
2847 5377 3045 5442 praeter
3091 5363 3335 5420 omnium
3385 5358 3606 5428 opinio-

2037 5485 2159 5524 nem
2207 5469 2276 5523 ab
2302 5469 2499 5525 exsilio
2543 5468 2599 5521 in
2629 5465 2861 5536 patriam
2895 5458 3162 5522 revocati,
3207 5463 3263 5511 et
3296 5452 3606 5509 misericor-

2033 5559 2182 5614 diam
2220 5560 2501 5617 consecuti
2529 5573 2742 5612 suums.
