4072 6202
496 246 601 314 513

1709 243 2090 309 EUTHYMII
2129 242 2487 304 ZIGABENI

3625 240 3732 305 530

567 369 634 425 In
660 368 871 424 civitate
916 367 1013 422 Dei
1042 367 1234 420 nostri.
1264 364 1471 436 Dignus
1493 373 1578 420 est
1611 350 1793 419 autem
1828 365 1921 432 qui
1954 363 2069 417 lau-

2251 362 2355 416 Ἐν
2383 362 2561 415 πόλει
2588 357 2694 415 τοῦ
2724 360 2873 415 Θεοῦ
2905 359 3096 430 ἡμῶν.
3130 360 3407 415 Αἰνεῐσθαι
3438 359 3516 427 δὲ,
3564 362 3622 413 ὲν
3671 363 3737 430 τῇ

492 471 653 519 uetur
704 462 759 516 in
813 461 1035 514 civitate
1089 458 1419 524 Jerusalem,
1467 458 1521 512 in
1563 472 1671 527 qua
1716 457 2068 523 cognoscitur

492 564 551 611 et
603 554 828 609 colitur.
882 550 1069 623 Neque
1121 551 1269 608 enim
1323 551 1492 607 Deum
1533 550 1760 605 laudant
1804 550 1900 619 qui
1941 565 2066 607 eum

492 648 769 719 ignorant.

560 737 623 791 In
655 745 828 790 monte
861 745 1047 792 sancto
1091 737 1231 805 ejus.
1273 736 1410 793 Cum
1452 736 1696 791 civitatis
1734 734 2068 800 meminerit,

492 839 895 899 consequenter
935 839 989 886 et
1048 838 1288 884 montem
1339 829 1390 884 ei
1425 828 1666 884 vicinum
1719 844 1786 883 ac
1827 828 2065 897 quodam

492 921 654 976 modo
710 922 923 975 unitqu
968 921 1241 975 nominat.
1299 919 1692 990 Saepenumero
1743 922 1909 974 etiam
1972 932 2070 986 per

490 1014 911 1083 appellationem
944 1013 1149 1067 montis
1164 1011 1319 1076 Sion,
1368 1014 1486 1083 ipsa
1518 1009 1824 1067 Jerusalem
1863 1009 2068 1065 intelli-

490 1107 656 1175 gitur.
691 1105 901 1159 Civitas
930 1114 1111 1159 autem
1147 1103 1240 1159 Dei
1278 1104 1387 1159 dici
1422 1112 1604 1174 potest
1657 1102 1901 1159 Ecclesia
1934 1101 2069 1156 iide-

491 1200 623 1253 llum
670 1200 723 1252 in
777 1214 885 1267 qua
938 1197 1082 1252 Deus
1126 1198 1373 1252 creditur
1425 1197 1698 1259 habitare,
1734 1208 1855 1263 quas
1902 1192 2066 1247 etiam

490 1306 650 1346 mons
716 1291 968 1344 dicitur:
1021 1290 1152 1359 quia
1215 1304 1382 1358 supra
1440 1297 1660 1341 terrena
1705 1283 1891 1339 omnia
1938 1281 2068 1335 vitia

489 1382 720 1443 eminet,
759 1391 812 1436 et
841 1384 894 1435 in
931 1382 1108 1450 ipsum
1145 1381 1324 1434 fertur
1350 1379 1577 1433 caelum.

571 1473 730 1527 Vens.
757 1474 810 1526 5.
837 1472 976 1525 Βεηε
994 1470 1216 1539 fundato
1238 1469 1593 1524 exsultatione
1618 1467 1872 1520 universa:
1894 1474 2067 1518 teme.

492 1568 550 1631 In
581 1577 787 1630 monte,
818 1568 1066 1634 inquam,
1098 1564 1234 1617 bene
1268 1561 1520 1626 fundato,
1554 1557 1925 1613 exsultatione
1950 1556 2072 1609 uni-

495 1675 665 1715 versa:
713 1670 891 1713 terrae.
944 1657 1294 1711 Post‘vocem
1342 1654 1488 1708 enim
1537 1651 1740 1722 εὐρίζῳ
1784 1651 2068 1716 interpun-

2181 451 2541 523 Ἰερουσαλὴμ
2576 454 2643 520 τῇ
2704 451 3046 523 γνωριζούσῃ
3085 469 3101 483 ο
3142 453 3192 505 οί
3241 452 3350 521 γὰρ
3395 451 3736 521 ἀγνοοῦντες,

2167 544 2269 597 οὐκ
2294 543 2630 597 ἐπαινοῦσιν.

2239 722 2344 778 Ἔν
2371 723 2490 790 ὄρει
2510 722 2658 790 ἁγίῳ
2679 719 2885 775 αὑτοῦ.
2929 721 3090 774 Πιόλιν
3119 721 3314 786 εἰπὼν,
3352 720 3442 775 καὶ
3470 720 3565 773 τοῦ
3582 718 3742 790 ὅρους

2169 816 2311 870 Σιὼν
2355 815 2785 885 ἐμνημόνευσεν,
2838 814 2914 877 ὡς
2978 816 3260 885 ἡνωμένον
3322 815 3460 884 αὐτῇ
3520 813 3607 866 διὰ
3642 813 3743 884 τὴν

2168 908 2484 977 ὲγγύτητα’
2520 906 2781 969 πολλάκις
2797 907 2852 961 δὲ
2883 906 2978 959 καὶ
3039 906 3148 960 ἀπὸ
3214 906 3378 975 μόνου
3441 904 3535 958 τοῦ
3579 906 3743 974 ὅρους

2168 1001 2362 1055 τούτου
2391 1000 2543 1071 δηλοῖ
2565 999 2662 1069 τὴν
2705 997 3081 1070 Ἰερουσαλήμ.
3100 997 3200 1069 Εἴη
3231 999 3279 1052 δ’
3318 998 3386 1052 ἂν
3413 998 3566 1060 πόλις
3603 996 3741 1050 Θεοῦ

2168 1096 2310 1163 καὶὴ
2349 1092 2649 1161 Ἐκκλησία
2665 1091 2773 1145 τῶν
2799 1091 3032 1159 πιστῶν,
3061 1084 3357 1166 ὲνῇοίκεῖν
3390 1090 3739 1144 πιστεύεταιο

2169 1190 2202 1257 ἡ
2232 1188 2276 1240 δ’
2301 1186 2439 1254 αὐτὴ
2474 1186 2568 1240 καὶ
2609 1185 2756 1254 ὅρος,
2789 1184 2864 1247 ὡς
2906 1185 3281 1255 ὑπερκειμένη
3320 1184 3501 1253 πάσης
3533 1199 3747 1255 χαμερο

2171 1279 2306 1342 ποῦς
2344 1279 2566 1341 κακίας,
2593 1277 2690 1331 καὶ
2714 1277 2850 1348 πρὸς
2880 1276 3116 1347 οὐρανὸν
3154 1277 3561 1347 ἀναπταμένη.

2240 1460 2485 1531 Εὐρίζῳ,
2503 1460 2909 1530 ἀταλλιάμιιτι
2934 1461 3140 1527 πάσης
3168 1460 3281 1529 τῆς
3302 1460 3431 1531 τῆς.
3467 1462 3623 1533 Ὄρει
3661 1461 3743 1528 δὲ,

2169 1555 2246 1625 τῷ
2286 1553 2644 1624 εὑριζομένφ,
2672 1552 2750 1621 τῷ
2796 1553 3168 1624 ἀγαλλιάματι
3217 1555 3397 1625 πάσης
3459 1556 3561 1623 τῆς
3603 1555 3743 1623 γῆς·

2175 1650 2313 1718 μετὰ
2336 1649 2445 1721 γὰρ
2478 1650 2539 1703 τὸ
2577 1647 2824 1716 Εὑρίζφ,
2864 1647 3111 1700 στικτέον
3138 1661 3154 1675 ⁸
3187 1642 3309 1700 εἶτα
3356 1646 3418 1700 τὸ
3474 1648 3743 1713 ἀγαλλιά-

493 1750 667 1821 geuda
694 1749 871 1804 oratio
899 1758 1022 1811 est;
1072 1745 1366 1815 legendum
1411 1717 1616 1797 deinde
1655 1738 2024 1808 ἁγαλλιάματι
2051 1777 2065 1801 ,

2175 1717 2306 1809 ματι
2361 1717 2760 1807 ἀναγνωστέον.
2806 1737 3234 1809 Ἀγαλλιάματι
3281 1738 3338 1792 δὲ
3393 1738 3597 1805 πάσης
3634 1738 3745 1806 τῆς

492 1845 598 1898 hoc
630 1852 735 1905 est,
774 1858 898 1895 cum
926 1840 1124 1911 gaudio
1170 1855 1235 1893 ac
1266 1837 1633 1893 delectatione
1678 1837 1851 1889 totius
1896 1832 2065 1887 orbis.

561 1934 759 1987 Montes
792 1934 944 1997 Sion,
972 1933 1141 1984 latera
1167 1929 1657 1999 aquilonis,civitas
1688 1926 1842 1997 Regis
1867 1926 2067 1996 magni.

492 2022 717 2089 Quoties
744 2024 867 2092 quis
909 2022 1039 2075 mihi
1073 2038 1139 2076 ex
1189 2032 1507 2075 transverso
1570 2025 1736 2086 atque
1798 2031 1862 2071 ex
1900 2016 2070 2070 latere

491 2130 799 2170 conversus
826 2126 934 2179 εει,
984 2114 1073 2168 ille
1120 2114 1290 2167 latera
1341 2126 1461 2167 mea
1511 2125 1623 2165 non
1652 2119 1853 2164 temere
1899 2124 1931 2162 a
1986 2124 2071 2163 me

489 2207 752 2276 appellari
788 2214 989 2275 potest.
1023 2204 1157 2259 Nam
1200 2204 1345 2274 quod
1393 2212 1764 2257 transversum
1799 2199 1929 2253 mihi
1963 2206 2067 2263 est,

492 2311 639 2353 recte
662 2300 869 2353 dicitur
890 2314 953 2353 ex
988 2297 1164 2351 latere
1190 2296 1325 2350 mihi
1351 2309 1475 2350 esse
1497 2312 1513 2359 ;
1536 2304 1591 2349 et
1607 2294 1736 2362 quia
1760 2305 1919 2346 mons
1938 2287 2071 2343 Sion

489 2391 732 2459 aquiloni
769 2398 933 2443 vento
962 2403 991 2441 e
1020 2387 1231 2441 directo
1272 2390 1538 2440 adversus
1579 2399 1688 2437 uon
1734 2391 1841 2438 est.
1880 2380 2070 2448 Neque

494 2481 643 2534 enim
666 2479 851 2547 aquilo
883 2491 1033 2531 recta
1061 2488 1253 2531 contra
1293 2492 1417 2530 eum
1449 2477 1642 2545 spirat,
1670 2476 1763 2529 sed
1790 2489 1859 2529 ex
1894 2483 2073 2527 trans-

492 2584 677 2633 verso,
708 2570 783 2621 nil
817 2568 1201 2623 admirandum
1232 2568 1277 2622 si
1329 2568 1478 2622 hunc
1529 2576 1768 2620 montem
1797 2564 2071 2632 Propheta

497 2660 668 2714 latera
707 2659 982 2727 aquilonis
1010 2657 1323 2726 appellavit,
1354 2657 1547 2712 dicens
1586 2673 1600 2710 :
1638 2654 1770 2719 Vos,
1792 2668 1837 2709 Α)
1858 2663 2070 2710 montes

497 2750 651 2815 Sion,
690 2750 781 2819 qui
814 2765 879 2803 ex
916 2757 1239 2804 transverso
1275 2749 1550 2814 aquilonis
1593 2750 1750 2811 estis,
1789 2759 1953 2818 atque
2002 2763 2071 2803 ex

495 2842 666 2896 latere
697 2841 816 2907 ejus
864 2841 1063 2909 jacetis
1097 2840 1116 2911 [
1144 2840 1340 2896 scitote
1377 2840 1505 2910 quia
1547 2855 1776 2910 magnus
1809 2840 2071 2894 Dominus

494 2944 579 2988 est
638 2943 693 2988 et
736 2932 1032 2987 laudabilis
1068 2934 1241 2998 valde,
1295 2931 1430 3002 etc.]
1473 2933 1588 2987 Nec
1634 2932 1853 3002 illepide
1899 2932 2067 2986 etiam

2173 1833 2307 1902 τῆς,
2339 1833 2462 1885 ἀντὶ
2485 1831 2581 1884 τοῦ
2613 1831 2980 1901 Τερπνότητι.

2246 1927 2396 1991 Ὀρη
2433 1922 2605 1985 Σιὼν,
2625 1922 2698 1976 τὰ
2731 1924 2964 1991 πλευρὰ
3001 1921 3111 1975 τοῦ
3125 1920 3341 1990 βορῤᾶ,
3368 1923 3405 1990 ἠ
3441 1923 3616 1987 πόλις
3636 1922 3744 1976 τοῦ

2165 2013 2475 2079 ,βασιλέως
2504 2012 2612 2066 τοῦ
2636 2012 2928 2083 μεγάλου.
2943 2013 3017 2065 Τὸ
3038 2014 3103 2065 ὲκ
3142 2012 3374 2081 πλαγίου
3405 2029 3493 2082 μοι
3512 2028 3748 2083 τετραμ-

2175 2107 2358 2177 μένον,
2386 2106 2598 2179 πλευρά
2642 2124 2734 2177 μοι
2797 2107 2998 2174 λέγοιτ’
3049 2107 3117 2161 ἂν
3144 2146 3160 2161 .
3194 2106 3336 2159 κατὰ
3361 2106 3628 2175 πλευρὰν,
3685 2105 3747 2157 τὸ

2170 2199 2401 2269 πλάγιον
2426 2199 2563 2268 (12)-
2590 2200 2713 2253 ἐπεὶ
2739 2195 2833 2253 οὖν
2850 2200 2945 2253 καὶ
2968 2199 3050 2265 τὸ,
3073 2198 3228 2252 Σιὼν
3246 2198 3404 2266 ὅρος,
3429 2199 3489 2251 οὐ
3513 2198 3635 2251 κατ’
3657 2197 3748 2250 εὒο

2173 2293 2347 2355 θείαν,
2378 2292 2494 2345 ἀλλ’
2519 2295 2583 2346 ὲκ
2613 2291 2845 2361 πλαγίου
2863 2295 3041 2346 κεῖται
3078 2292 3214 2364 πρὸς
3274 2292 3367 2346 τὸν
3403 2291 3629 2363 βορῤᾶν,
3681 2291 3745 2343 οὗ

2171 2387 2281 2456 γὰρ
2328 2386 2416 2439 ἐπ’
2447 2386 2667 2449 εὐθείας
2730 2385 2890 2439 τοῦτο
2954 2389 3242 2446 καταπνεῖ,
3292 2384 3535 2455 πλευρὰν
3577 2382 3745 2436 αὐτοῦ

2173 2473 2413 2544 κέκληκε
2441 2474 2615 2541 λέγων
2640 2490 2654 2505 ⁸
2685 2470 2757 2527 Ὦ
2780 2474 2882 2547 ὅρη
2912 2472 3074 2540 Σιὼν,
3097 2474 3166 2527 τά
3195 2474 3401 2543 πλάγια
3423 2473 3515 2528 τοῦ
3548 2476 3743 2544 βορῥᾶ,

2170 2566 2241 2620 τὰ
2266 2566 2409 2619 κατὰ
2437 2566 2681 2636 πλευρὰν
2720 2568 2870 2637 αὑτῷ
2896 2568 3150 2638 κείμενα.
3181 2567 3501 2638 Περιχαρῶς
3523 2567 3579 2621 δὲ
3606 2567 3747 2620 ἀνα-

2173 2661 2421 2714 καλεῖται
2452 2660 2545 2712 καὶ
2571 2659 2632 2712 τὸ
2660 2658 2788 2729 ὅρος
2834 2659 2924 2711 καὶ
2954 2661 3054 2729 τὴν
3101 2659 3257 2711 πόλιν
3286 2673 3300 2687 ⁸
3326 2660 3420 2711 καὶ
3479 2657 3579 2727 ὅρη
3647 2658 3748 2726 μὲν

2170 2751 2325 2819 λέγει
2369 2750 2430 2803 τὸ
2471 2750 2620 2820 ὅρος,
2680 2750 2821 2803 κατὰ
2865 2749 3146 2804 διάλεκτον
3219 2749 3499 2819 Ἐϐραῖδα,
3562 2748 3746 2812 καθὼς

2173 2846 2437 2910 πολλάκις
2472 2847 2776 2917 εἰρήκαμεν
2800 2860 2816 2876 ο
2847 2844 3019 2914 μέγαν
3041 2842 3098 2896 δὲ
3139 2842 3385 2912 βασιλέα,
3420 2841 3511 2894 τὸν
3566 2839 3703 2893 Θεόν
3729 2856 3743 2871 ο

2178 2940 2325 3009 μόνῳ
2345 2940 2454 3007 γὰρ
2480 2935 2679 3007 τούτῳ,
2708 2936 2843 3006 μόνη
2869 2933 3007 3005 αὕτη
3037 2935 3307 2988 ἀνέκειτο.
3370 2932 3531 2986 Κατὰ
3556 2933 3616 2985 δὲ
3649 2933 3746 2985 ἁν-

495 3036 735 3081 montem
779 3042 885 3079 una
941 3040 1004 3079 ac
1054 3027 1332 3080 civitatem
1387 3025 1667 3090 advocat;
1715 3034 1769 3080 et
1826 3034 2064 3079 montem

2174 3031 2420 3100 αγωγὴν,
2454 3030 2649 3100 ἑτέραν
2674 3028 2910 3098 ὲροῦμεν
2941 3028 3172 3093 ἔννοιαν⁹
3207 3028 3290 3080 ὅτι
3335 3026 3539 3098 βορρᾶν
3562 3025 3685 3094 μὲν,
3713 3026 3746 3095 η

494 3121 712 3191 quidem
747 3119 943 3187 plurali
969 3134 1199 3172 numero
1231 3125 1442 3173 montes
1477 3118 1632 3183 dicit,
1653 3118 1807 3187 juxta
1840 3116 2067 3172 Hebrai-

495 3227 619 3265 cnm
676 3209 901 3271 idioma.
968 3220 1027 3264 ut
1085 3226 1227 3278 saepe
1279 3210 1568 3276 diximus;
1625 3224 1882 3280 magnum
1938 3223 2070 3264 vero

497 3319 680 3372 regem
736 3301 907 3356 Deum
954 3304 1212 3371 appellat,
1250 3303 1378 3371 quia
1427 3301 1531 3355 soli
1585 3301 1696 3355 Deo
1753 3302 1939 3355 oblata
2001 3316 2068 3355 ac

498 3396 749 3450 dedicata
781 3406 900 3450 crat
927 3394 1252 3450 Jerusalem.
1287 3393 1449 3449 Juxta
1479 3409 1757 3464 auagogen
1787 3409 1885 3464 per
1915 3394 2073 3464 aqui-

496 3487 698 3550 lonem,
728 3486 1005 3542 diabolum
1039 3503 1184 3556 saepe
1214 3487 1509 3558 significari
1552 3486 1907 3555 intelligimus
1941 3501 1954 3538 :
1992 3486 2068 3539 Ab

496 3578 751 3647 aquilone
797 3580 965 3643 enim,
1016 3579 1237 3649 inquit,
1294 3578 1647 3632 accendentur
1701 3580 1879 3631 omnia
1928 3578 2073 3631 mala

497 3684 656 3736 super
689 3679 887 3723 terram
905 3671 973 3725 ".
998 3670 1127 3724 ltem
1162 3670 1292 3724 alibi
1325 3688 1340 3724 :
1387 3670 1697 3732 Aquilonem
1734 3669 1993 3737 expellam
2039 3685 2074 3722 a

498 3762 641 3815 vobis
675 3762 742 3813 ⁷⁸.
770 3761 965 3817 Latera
990 3770 1198 3827 autem,
1229 3762 1332 3816 hoc
1362 3772 1465 3828 est,
1504 3764 1748 3818 membra
1778 3764 2074 3834 aquilonis,

498 3865 690 3922 gentes
750 3864 929 3910 erant.
974 3856 1065 3909 Ait
1115 3856 1283 3924 igitur
1332 3856 1477 3926 quod
1534 3856 1776 3911 membra
1838 3855 2065 3923 diaboli,

499 3948 698 4016 quibus
727 3948 857 4002 olim
888 3948 977 4003 ille
997 3948 1403 4014 dominabatur,
1440 3947 1631 4004 effecta
1670 3958 1800 4004 sunt
1850 3957 2064 4006 montes

500 4038 654 4103 Sion,
697 4037 803 4094 hoc
847 4048 951 4103 est,
1003 4039 1258 4094 sublimia
1309 4039 1559 4109 quaadam
1629 4048 1793 4109 atque
1844 4041 2065 4097 excelsa

2174 3120 2365 3192 Γραφὴ
2388 3121 2545 3174 καλεῖ
2562 3120 2825 3182 πολλάκις
2838 3119 2930 3172 τὸν
2948 3118 3217 3172 διάὸολονο
3238 3118 3385 3171 Ἀπὸ
3397 3116 3595 3184 βορῤᾶ
3612 3117 3683 3184 γά
3693 3133 3742 3184 ρ,

2171 3216 2361 3285 φησιν,
2375 3211 2812 3280 ἐκκαυθήσεται
2834 3212 2905 3264 τὰ
2917 3209 3092 3277 κακὰ,
3117 3211 3213 3263 ἐπὶ
3238 3208 3446 3263 πᾶσαν
3461 3207 3577 3275 τὴν
3606 3206 3742 3277 γῆν·

2169 3308 2264 3360 καὶ
2289 3305 2453 3358 πάλιν
2478 3321 2493 3337 ο
2523 3304 2631 3357 Kal
2650 3304 2756 3357 τὸν
2782 3304 2901 3359 ἀπὸ
2918 3302 3114 3371 ,βορῤἁ
3131 3302 3389 3366 ἐκδιώξω
3426 3301 3526 3369 ἀφ’
3554 3301 3742 3369 ὑμῶν.

2169 3401 2389 3470 Πλευρὰ
2412 3397 2471 3451 δὲ
2501 3398 2692 3464 αὑτοῦ,
2725 3399 2894 3466 ἧγουν
2928 3397 3090 3467 μέλη,
3121 3396 3188 3449 τὰ
3217 3395 3367 3466 ἔθνη.
3426 3395 3564 3461 Φησὶ
3633 3394 3745 3446 τοί-

2170 3510 2287 3559 νυν,
2319 3494 2401 3547 ὃτι
2428 3492 2496 3546 τὰ
2531 3492 2666 3562 μέλη
2693 3489 2789 3543 τοῦ
2820 3490 3069 3543 διαϐόλου
3097 3484 3170 3542 ῶν
3210 3489 3372 3551 αὐτὸς
3402 3487 3745 3558 ἐκυρίευσεν,

2172 3589 2273 3660 ὅρη
2304 3587 2443 3642 Σιὼν
2467 3589 2744 3656 γεγόνασι,
2797 3584 3077 3636 τουτέστιν
3140 3582 3271 3651 ὕψος
3345 3583 3439 3634 καὶ
3488 3580 3747 3650 πρόδολοι

2171 3680 2273 3747 τῆς
2300 3677 2630 3746 Ἐκκλησίας
2662 3676 2770 3727 τῶν
2805 3672 3035 3735 πιστῶν,
3066 3672 3155 3726 διὰ
3200 3672 3261 3723 τὸ
3299 3670 3748 3740 ὑπεραναστῆναι

2174 3768 2285 3822 τῶν
2310 3768 2461 3821 κάτω
2492 3766 2813 3841 συρομένων
2845 3763 3214 3835 πραγμάτων,
3249 3764 3345 3816 καὶ
3370 3763 3460 3816 διὰ
3489 3763 3592 3832 τὴν
3647 3764 3747 3815 ἁν-

2174 3862 2361 3931 δρείαν
2387 3860 2585 3914 αὐτῶν.
2621 3862 2729 3912 Καὶ
2755 3859 2807 3913 τί
2856 3859 3000 3926 λέγω
3052 3857 3185 3927 ὕψος
3224 3855 3319 3909 καὶ
3347 3854 3597 3927 πρόϐολοι
3626 3870 3641 3917 ;
3682 3854 3749 3906 Ἦ

2177 3952 2330 4016 πόλις
2362 3952 2456 4005 τοῦ
2497 3951 2765 4022 βασιλέως
2794 3948 3052 4019 Χριστοῦ,
3082 3947 3257 4002 ταῦτά
3286 3948 3452 4001 εἰσινο
3498 3948 3564 3999 ὲκ
3622 3945 3747 3998 τού-

2175 4062 2286 4098 των
2316 4045 2426 4116 γὰρ
2451 4047 2485 4116 ἡ
2536 4043 2836 4114 Ἐκκλησία
2866 4042 3220 4111 συνέστηκεν.

501 4130 754 4186 Ecclesiae
780 4134 1090 4198 cacumina,
1113 4148 1177 4187 eo
1201 4134 1345 4204 quod
1387 4149 1416 4186 a
1455 4134 1687 4189 terrenis
1722 4146 1885 4203 atque
1916 4136 2068 4192 humi
2116 4138 2289 4197 afﬁxis
2328 4140 2494 4196 rebus
2528 4139 3030 4207 elevati,sublimes
3064 4138 3118 4192 in
3168 4138 3336 4192 altum
3404 4138 3746 4194 conscende-

501 4232 652 4289 runt,
682 4234 738 4281 et
764 4236 985 4297 propter
1001 4242 1191 4282 eorum
1221 4226 1626 4283 fortitudinem.
1650 4229 1850 4285 Verum
1918 4246 2112 4300 parum
2189 4234 2323 4301 dixi,
2354 4235 2499 4304 quod
2529 4234 2741 4290 excelsa
2779 4234 2918 4288 facta
2937 4233 3047 4289 sint
3083 4231 3389 4297 cacumina,
3416 4246 3539 4286 cutn
3564 4231 3747 4300 putius

502 4310 642 4369 facta
698 4317 809 4371 sint
866 4319 1025 4374 sedes
1062 4335 1126 4375 ac
1169 4320 1537 4377 diversorium
1579 4324 1808 4380 Christi.
1861 4325 1943 4382 Ex
1988 4328 2071 4383 eis
2102 4330 2245 4384 enim
2288 4341 2619 4402 congregata
2667 4338 2752 4386 est
2782 4329 3020 4386 ﬁdelium
3053 4327 3322 4395 Ecclesia,
3347 4331 3405 4384 in
3478 4343 3587 4398 qua
3662 4327 3747 4382 in-

501 4407 711 4461 habitat
737 4419 790 4463 et
814 4412 1011 4466 residet
1042 4411 1300 4469 Christus
1327 4415 1611 4472 Dominus.

572 4499 737 4555 Vens.
770 4502 822 4555 4.
866 4502 1007 4557 Deus
1051 4506 1102 4558 in
1150 4507 1396 4561 domibus
1426 4509 1541 4577 ejus
1573 4521 1914 4580 cognoscetur
1955 4528 2073 4565 cum
2105 4516 2150 4571 D

500 4593 793 4645 auxiliatus
820 4594 977 4661 fuerit
1003 4596 1072 4650 ei.
1094 4595 1223 4667 [Pro
1248 4600 1504 4653 domibus
1539 4601 1590 4652 in
1622 4599 1814 4655 Graeco
1841 4603 2073 4672 legimus

502 4683 746 4754 βάρεσι-Ἰ
779 4688 918 4740 Sunt
959 4698 1139 4743 autem
1170 4690 1357 4760 βάρεις
1391 4694 1688 4763 magniﬁcaa
1714 4709 1776 4748 ac
1822 4695 2070 4763 splendi-

500 4776 581 4828 dae
616 4776 832 4844 domus,
855 4794 949 4848 per
976 4796 1113 4850 quas
1136 4783 1239 4836 hoc
1271 4786 1323 4837 in
1364 4785 1482 4838 loco
1509 4785 1765 4855 templum
1796 4786 2072 4855 signiﬁca-

501 4880 614 4933 tur,
664 4874 810 4940 quod
856 4884 973 4927 erat
1005 4877 1058 4928 in
1090 4875 1394 4932 Jerusalem
1430 4897 1443 4932 :
1492 4880 1545 4932 in
1576 4894 1685 4949 quo
1714 4880 2073 4937 manifestare

500 4979 559 5018 se
616 4980 680 5018 ac
744 4977 931 5019 notum
998 4971 1378 5027 sacerdotibus
1424 4974 1601 5027 facere
1650 4974 1861 5027 solebat
1907 4972 2069 5039 Deus,

498 5058 719 5125 quando
739 5059 1062 5113 adveniente
1080 5062 1262 5131 aliquo
1285 5064 1425 5117 bello
1443 5065 1523 5119 eis
1541 5074 1657 5117 erat
1679 5065 2067 5119 anxiliaturus.

500 5150 626 5202 Hzec
672 5160 856 5205 autem
902 5153 954 5205 in
985 5153 1199 5207 laudem
1248 5155 1490 5209 civitatis
1534 5156 1680 5209 diela
1725 5164 1875 5210 sunt.
1904 5155 2069 5209 Juxta

501 5255 781 5311 anagogen
812 5258 908 5311 per
933 5245 1211 5298 civitatem
1240 5248 1552 5301 communio
1589 5248 1679 5301 illa
1724 5247 2067 5312 intelligitur,

498 5343 606 5397 qua
639 5330 828 5387 fideles
862 5333 917 5386 in
943 5335 1074 5397 vita,
1132 5345 1295 5405 atque
1345 5340 1760 5393 conversatione
1803 5353 1902 5393 sua
1933 5352 2067 5391 con-

494 5423 821 5493 junguntur.
886 5426 985 5480 Est
1038 5436 1218 5483 autem
1278 5445 1383 5482 una
1422 5431 1535 5484 hmo
1586 5431 1799 5498 civitas,
1844 5439 2069 5500 propter

568 5541 613 5571 ⁷⁷
640 5540 839 5597 Jerem.
873 5558 910 5609 ι,
940 5542 1025 5596 14.
1127 5543 1170 5574 ⁷⁸
1194 5542 1311 5599 Joel
1342 5559 1399 5612 ιι,
1424 5543 1514 5598 20.

2262 4511 2324 4564 '0
2360 4510 2508 4576 Θεὸς
2533 4508 2604 4563 ἐν
2650 4507 2779 4573 ταῖς
2796 4507 3057 4575 ,ϐάρεσιν
3094 4505 3282 4559 αὐτοῦ
3372 4505 3743 4575 γινώσκεται,

2177 4604 2322 4658 ὅταν
2344 4601 2851 4672 ἁντιλαμϐάνηται
2869 4599 3082 4669 αὐτῆς.
3137 4600 3353 4665 Βάρεις,
3381 4600 3430 4651 oi
3460 4602 3745 4668 ἐπιφανεῖς

2175 4693 2347 4750 οἴκοιο
2383 4694 2493 4750 εἶεν
2521 4694 2647 4747 δ’ἂν
2677 4693 2846 4746 ταῦτα
2869 4692 2965 4745 νῦν
2999 4695 3027 4745 ό
3063 4692 3189 4754 ναὸς
3221 4692 3318 4760 τῆς
3359 4692 3745 4761 Ἰερουσαλὴμ,

2176 4790 2234 4841 ἐν
2264 4782 2328 4855 ᾧ,
2367 4786 2554 4855 φησὶν,
2614 4782 2975 4854 ἐμφανίζεται
3026 4784 3138 4844 τοῖς
3186 4781 3440 4852 ἱερεῦσιν,
3505 4782 3746 4853 ὁπηνίκα

2176 4880 2416 4948 πολέμου
2449 4876 2872 4939 καταλαϐόντος,
2921 4876 3093 4946 μέλλῃ
3138 4874 3353 4945 βοηθεῖν
3404 4877 3587 4939 αὐτοῖς
3624 4890 3637 4904 ·
3666 4872 3747 4928 εἶ-

2178 4989 2278 5026 πεν
2312 4971 2369 5025 δὲ
2397 4970 2577 5033 τοῦτο,
2612 4969 2746 5038 πρὸς
2772 4968 2994 5021 ἔπαινον
3023 4968 3122 5035 τῆς
3171 4968 3399 5028 πόλεως.
3445 4968 3749 5035 ’Δναγωγι-

2176 5062 2288 5125 κῶς
2337 5062 2395 5114 δὲ
2452 5062 2602 5123 πόλις
2666 5060 2850 5129 μὲν,ὴ
2900 5058 3144 5111 πολιτεία
3191 5060 3294 5127 τῆς
3338 5059 3575 5121 πίστεως
3637 5061 3748 5113 τῶν

2179 5152 2470 5221 ἅπανταχῆ
2498 5150 2841 5221 Χριστιανῶν
2868 5165 2881 5179 ο
2914 5148 3012 5219 μία
3047 5152 3155 5219 γὰρ
3176 5148 3340 5219 αὕτη,
3368 5151 3454 5203 διὰ
3485 5152 3584 5220 τὴν
3615 5152 3751 5204 Evot-

2180 5260 2264 5296 σιν
2289 5248 2384 5296 καὶ
2414 5242 2701 5295 κοινωνίαν
2762 5241 2860 5310 τῆς
2916 5240 3218 5303 εὐσεϐείας,
3290 5241 3487 5310 Βάρεις
3534 5243 3591 5293 δὲ
3651 5244 3750 5295 καὶ

2177 5332 2336 5399 οἶκοι,
2367 5334 2414 5386 οί
2450 5332 2592 5386 κατὰ
2616 5332 2781 5385 τόπον
2812 5331 2929 5384 ναοὶ
2949 5330 3152 5394 αὐτῶν,
3206 5334 3265 5384 ὲν
3296 5328 3377 5393 οἷς
3432 5335 3464 5385 ὁ
3510 5332 3751 5401 Χριστὸς

2178 5425 2562 5497 ἐμφανίζεται.
2596 5425 2724 5477 ὅταν
2765 5422 3011 5491 διωγμοῦ
3065 5423 3487 5488 καταλαϐόντος,
3539 5426 3749 5496 ὑπερα-

1854 5613 2064 5676 Variis
2098 5613 2433 5674 lectiones.

574 5705 687 5777 (72)
719 5710 806 5766 Al.
852 5712 911 5766 ’0
934 5714 997 5769 ὲκ
1024 5714 1255 5786 πλαγίου
1281 5734 1375 5789 μοι
1401 5714 1800 5787 τετραμμένος,
1838 5715 2049 5785 πλευρά
2075 5732 2166 5786 μοι
2201 5713 2397 5782 λέγοιτ’
2430 5712 2514 5766 ἂν.
2546 5711 2700 5767 Κατὰ
2732 5709 2973 5781 πλευρὰν
3012 5710 3120 5783 γὰρ
3150 5712 3207 5767 τὸ
3243 5711 3489 5781 πλάγιον.
