4072 6202
457 337 558 399 527

1696 329 2086 390 EUTIIYMII
2131 331 2493 392 ZEGABENI
3604 331 3672 394 52

460 455 620 499 vocat
641 455 864 499 sanctus
901 441 1158 511 Spiritus.
1190 439 1442 492 Animam
1475 437 1616 492 enim
1646 447 1856 491 tantum
1889 455 2026 507 quae-

2139 459 2234 504 τας
2287 441 2444 494 καλεῖ
2491 443 2549 493 τὸ
2588 439 2807 509 Πνεῦμα
2860 440 2917 491 τὸ
2956 440 3144 508 ἅγιον,
3190 438 3370 508 ψυχὴν
3420 441 3713 511 ἐπιζητοῦν

461 539 530 590 rit
569 536 939 604 intelligentia:
969 543 1273 602 compotem
1329 547 1492 600 quam
1548 547 1656 585 non
1694 531 1902 585 divitia:
1933 547 2029 584 cx-

462 630 671 688 hibent,
736 625 830 680 scd
888 625 1050 678 timor
1105 624 1223 678 Dei.
1258 623 1323 676 Et
1358 623 1502 693 quod
1569 622 1702 677 dicit
1760 623 1934 677 Simul
1979 624 2032 675 in

459 730 646 780 unum,
684 718 826 770 idetn
863 723 971 780 est,
1007 715 1151 783 quod
1186 715 1328 781 Una,
1359 715 1632 769 similiter.

534 811 690 864 Vens.
730 809 788 863 4.
825 808 897 862 Os
940 825 1112 862 meum
1145 808 1391 877 loquetur
1423 808 1758 876 sapientiam.
1799 806 2035 861 Audito-

460 919 548 957 res
581 903 782 956 excitat
811 902 876 954 ad
907 901 1287 965 attentionem,
1311 899 1477 955 veluti
1511 900 1606 969 qtti
1631 900 1698 953 de
1731 899 1892 954 rebus
1925 913 2032 952 non

459 994 703 1047 minimis
732 1001 1070 1047 tractaturus
1125 992 1217 1056 sit,
1256 991 1349 1046 sed
1386 991 1456 1045 de
1494 991 1728 1046 excelsis
1760 991 1942 1059 potius
1971 1004 2033 1043 ac

456 1085 808 1140 venerandis.
838 1083 940 1138 Per
971 1083 1298 1153 sapientiam
1352 1093 1532 1136 autem
1566 1081 1747 1135 divina
1782 1080 2034 1150 intelligit

455 1179 695 1246 eloquia,
727 1191 848 1242 qua;
869 1175 1142 1245 sapientia
1175 1182 1306 1229 sunt.
1346 1174 1574 1228 referta.

531 1268 592 1320 Et
631 1267 904 1320 meditatio
936 1265 1113 1318 cordis
1144 1265 1245 1318 mei
1278 1263 1710 1333 intelligentiam.
1737 1261 2032 1318 Pollicetur

453 1373 514 1410 se
554 1357 690 1410 nihil
753 1364 983 1420 temere,
1037 1357 1130 1410 setl
1186 1365 1442 1409 accurate
1499 1354 1683 1408 omnia
1730 1355 2028 1409 dicturum.

454 1449 769 1514 Meditatio,
808 1450 1010 1518 inquit,
1047 1448 1230 1503 cordis
1261 1447 1419 1511 meis,
1454 1447 1556 1501 hoc
1593 1455 1698 1514 est,
1725 1447 1958 1517 diligens
1981 1457 2034 1504 et

462 1551 674 1596 attenta
705 1541 904 1596 mentis
937 1554 1070 1595 mete
1115 1537 1514 1600 consideratio,
1570 1539 1735 1593 verba
1782 1538 2035 1608 loquetur

454 1634 776 1702 plenissima
819 1631 1216 1702 intelligentia,
1269 1631 1377 1696 vel,
1420 1638 1672 1700 loquetur
1725 1632 1914 1697 verba,
1966 1633 2033 1687 ad

455 1741 575 1794 qua:
613 1723 967 1795 percipienda
1006 1725 1176 1778 multa
1209 1724 1316 1778 erit
1347 1739 1487 1792 opus
1516 1725 1896 1795 intelligentia.

528 1819 695 1873 Vens.
745 1817 796 1874 5.
840 1815 1118 1869 Inclinabo
1159 1816 1213 1868 in
1261 1816 1574 1882 parabolant
1619 1833 1799 1870 aurem
1837 1832 2029 1871 meant.

455 1914 776 1968 Sermonem
813 1911 1105 1966 habiturus
1164 1909 1230 1961 ad
1279 1923 1399 1974 vos,
1459 1907 1733 1962 inclinabo
1789 1907 2032 1963 vicissim

454 2021 642 2060 aurem
695 2005 890 2058 anima:
941 2018 1070 2056 mete
1120 2002 1173 2057 itt
1216 2000 1555 2070 parabolam,
1597 2016 1720 2070 quae
1766 2016 1794 2054 a
1841 2011 2032 2056 sancto

456 2095 586 2149 tnilti
638 2094 843 2163 Spiritu
879 2094 1212 2162 suggeritur.
1249 2090 1354 2145 Per
1399 2091 1716 2160 parabolam
1763 2105 1892 2145 vero
1944 2092 2032 2145 hic

455 2185 773 2255 ambiguum
833 2191 997 2253 atque
1059 2181 1464 2252 aanigmaticum
1514 2196 1824 2237 sermonem
1856 2182 2032 2240 intel-

453 2276 594 2346 ligit.
630 2274 772 2330 Sunt
801 2277 946 2329 enim
983 2275 1301 2343 prOpltetica
1335 2273 1517 2328 omnia
1546 2273 1796 2342 ambigua
1843 2274 2033 2329 admo-

455 2366 611 2431 dum,
644 2375 862 2435 propter
887 2366 1132 2419 occultos
1157 2378 1356 2418 sensus
1379 2362 1714 2416 obscuritate
1738 2364 2028 2418 verborum

455 2459 692 2512 velatos.
744 2456 930 2512 Fidem
966 2456 1111 2510 enim
1158 2453 1405 2508 sermoni
1445 2468 1546 2506 suo
1594 2455 1758 2508 etiam
1808 2465 2030 2524 przestat

454 2549 540 2604 bis
565 2548 776 2613 verbis,
810 2548 938 2601 dum
970 2560 1209 2614 superne
1241 2559 1303 2598 ca
1333 2543 1436 2598 sibi
1477 2544 1703 2599 denotat
1748 2545 2029 2615 inspirari.

524 2640 770 2708 Aperiunt
843 2639 898 2691 in
984 2635 1248 2691 Psalterio
1331 2635 1740 2702 propositionem
1818 2654 2023 2692 meam.

456 2733 558 2786 Per
592 2731 1000 2802 propositionem
1044 2744 1354 2784 sermonem
1392 2728 1672 2798 intelligit,
1730 2730 1794 2784 ad
1832 2731 2031 2785 exhor-

455 2824 715 2878 tationem
747 2831 912 2892 atque
947 2821 1238 2874 utilitatem
1292 2818 1633 2873 audientium
1692 2821 2026 2890 propositum

454 2929 519 2968 ac
554 2914 845 2983 prolatum.
879 2912 1132 2980 Aperiam
1166 2910 1352 2980 igitur,
1391 2911 1492 2964 hoc
1537 2916 1642 2975 cst,
1668 2910 2029 2966 manifestato

455 3005 601 3061 hunc
628 3021 936 3060 sermonem
975 3018 1182 3066 meum,
1211 3016 1318 3054 una
1349 3016 1473 3055 cum
1506 3001 1756 3054 Psalterii
1807 3003 2028 3057 harmo-

2061 1769 2108 1827 B

2137 535 2378 587 συνιέναι
2431 533 2758 602 δυναμένην,
2801 533 2867 602 ἢν
2897 533 2956 584 οὐ
2998 532 3248 596 πλοῦτος,
3282 531 3416 584 ἀλλά
3444 534 3583 594 θεῖος
3614 531 3713 600 ('96-

2135 625 2228 687 6ος
2283 625 2591 695 χαρίζεται.
2655 623 3005 677 Ἐπιτυαυτὸ
3063 623 3155 689 δὲ,
3191 623 3312 675 ἀντὶ
3357 623 3474 688 τοῦ,
3523 623 3712 693 Ὁμοῦ,

2133 718 2355 788 ὁμοίως.

2211 810 2279 861 Τὸ
2312 807 2507 876 στόμα
2539 823 2660 877 μου
2704 805 2967 871 ,λαλήσει
2994 806 3241 874 σοφίαν.
3290 807 3556 876 Διεγείρει
3587 802 3728 869 τοὺς

2136 901 2409 970 ἀκροατὰς
2445 901 2523 961 εἰς
2582 899 2878 968 προσοχὴν,
2910 898 2986 959 ὡς
3036 899 3132 966 οὐχ
3182 899 3322 968 ὑπὲρ
3356 900 3710 969 προσκαίρων

2135 991 2296 1045 τινῶν
2324 993 2666 1062 πραγμάτιον
2699 991 2912 1062 μέλλων
2944 993 3109 1060 ἐρεῖν,
3144 990 3279 1043 ἀλλά
3301 993 3428 1060 περὶ
3459 992 3710 1060 μεγάλων

2137 1083 2233 1136 καὶ
2267 1081 2538 1154 φοϐερῶν.
2568 1083 2766 1150 Σοφίαν
2797 1082 2853 1134 δὲ
2911 1082 3058 1150 λέγει
3093 1082 3162 1135 τὰ
3195 1085 3383 1150 σοφίας
3420 1085 3712 1150 πεπληρω-

2139 1175 2275 1244 μένα
2308 1175 2366 1227 λό
2375 1191 2482 1243 για.
3329 1161 3348 1168 ⁶

2204 1267 2313 1322 Καὶ
2340 1269 2376 1334 ἠ
2413 1267 2636 1335 μελέτη
2683 1265 2793 1333 τῆς
2825 1265 3068 1334 καρδίας
3100 1283 3218 1334 μου
3257 1267 3534 1321 σύνεσιν.
3590 1269 3710 1320 Ἐν-

2134 1352 2310 1413 ταῦθα
2340 1359 2694 1413 κατατίθεται
2730 1359 2805 1429 μὴ
2844 1357 3268 1428 ἀπερισκέπτως
3312 1360 3476 1428 ἐρεῖν,
3505 1359 3621 1410 ἀλλ’
3649 1361 3711 1410 ἐκ

2139 1450 2393 1522 μελέτης.
2419 1449 2657 1520 Λαλήσει
2682 1450 2811 1520 γὰρ,
2837 1452 2993 1519 φησὶ,
3033 1449 3125 1502 καὶ
3155 1451 3186 1518 ἡ
3219 1449 3416 1518 μελέτη
3449 1449 3547 1516 τῆς
3575 1467 3714 1517 καρι-

2134 1542 2252 1605 δίας
2285 1560 2409 1612 μου,
2448 1543 2747 1604 τουτέστιν,
2801 1541 3034 1610 ἀκριϐὴς
3064 1540 3157 1592 τοῦ
3194 1542 3310 1601 νοός
3358 1559 3458 1609 μου
3487 1541 3709 1594 διάσκε-

2133 1634 2246 1703 ψις,
2273 1635 2536 1694 συνέσεως
2569 1635 2810 1702 γέμοντα
2837 1636 3084 1704 ῥήματα,
3122 1634 3154 1705 ἦ
3190 1635 3456 1697 συνέσεως
3480 1635 3711 1704 δεόμενα

2137 1731 2214 1791 είς
2248 1727 2308 1780 τὸ
2331 1727 2612 1796 νοηθῆναι.
3145 1722 3154 1732 ’

2204 1819 2401 1874 Κλινῶ
2430 1822 2518 1884 εὶς
2544 1817 2894 1887 παραϐολὴν
2926 1820 2995 1872 τὸ
3025 1816 3132 1884 οὖς
3149 1837 3287 1887 μου.
3321 1819 3710 1890 Διαλεγὸμενος

2136 1913 2272 1982 πρὸς
2299 1913 2464 1981 ὑμᾶς,
2495 1913 2649 1981 φησὶ,
2701 1911 2866 1964 κλινῶ
2895 1913 2952 1964 ἐν
2981 1912 3134 1981 μέρει
3181 1911 3240 1964 τὸ
3269 1908 3360 1975 οὖς
3389 1913 3488 1982 τῆς
3531 1913 3708 1982 ψυχῆς

2137 2022 2240 2074 μου
2268 2006 2344 2066 είς
2370 2005 2468 2073 τὴν
2500 2004 2871 2074 ἐνηχουμένην
2900 2021 2992 2074 μοι
3026 2004 3176 2075 παρὰ
3221 2004 3314 2057 τοῦ
3352 2006 3505 2072 ἁγίου
3541 2007 3709 2058 Ilvati-

2137 2113 2306 2165 ματος
2337 2096 2687 2166 παραϐολήν·
2728 2096 2879 2163 λέγει
2930 2095 2986 2147 δὲ
3024 2094 3119 2148 νῦν
3152 2096 3469 2167 παραϐολὴν
3518 2097 3585 2148 τὰ
3621 2100 3707 2149 αἱ-

2133 2185 2403 2256 νίγματαο
2437 2186 2530 2238 καὶ
2557 2186 2664 2256 γὰρ
2693 2183 3068 2256 αἰνιγματώδη
3119 2185 3186 2238 τὰ
3233 2187 3543 2256 προφητικά
3577 2190 3704 2253 εἱσι,

2131 2277 2218 2328 διὰ.
2271 2276 2370 2344 τὴν
2420 2276 2689 2343 ἀσάφειαν
2750 2274 2859 2326 τῶν
2925 2273 3361 2343 κεκρυμμένωνδ
3394 2273 3704 2342 νοημάτων.

2145 2368 2515 2434 Ἀξιοπιστίαν
2544 2367 2599 2420 δὲ
2630 2369 2742 2429 τοῖς
2774 2365 2967 2420 ἑαυτοῦ
3019 2364 3198 2434 λόγοις
3242 2365 3594 2436 περιέθηκεν,
3634 2367 3706 2428 ὡς

2132 2461 2527 2531 ὲμπνεομένοις
2573 2459 2804 2513 ἀνωθεν.

2217 2635 2451 2699 Ἀνοίξω
2490 2636 2562 2689 ἐν
2609 2637 2920 2703 ψαλτηρίου
2947 2637 3012 2688 τὸ
3057 2635 3372 2704 πρόϐλημά
3392 2652 3533 2704 μου.
3562 2636 3703 2706 Πρό-

2132 2728 2317 2798 6).ημα
2340 2728 2492 2781 καλεῖ
2516 2729 2607 2780 τὸν
2628 2727 2785 2795 λόγον
2811 2729 2902 2779 τὸν
2931 2727 3374 2798 προϐεϐλημένον
3404 2730 3483 2791 εἰς
3511 2729 3704 2798 παραί-

2131 2835 2276 2871 νεσιν
2299 2821 2392 2870 καὶ
2410 2819 2679 2885 ὠφέλειαν
2704 2818 2812 2870 τῶν
2839 2819 3227 2888 ἀκροωμένων.
3247 2818 3468 2882 Ἀνοίξω
3489 2818 3566 2880 δὲ,
3585 2836 3704 2870 του-

2128 2913 2300 2976 τέστι,
2334 2912 2634 2982 φανερώσω
2674 2911 2764 2964 τὸν
2810 2911 2967 2979 λόγον
3022 2929 3123 2981 μου
3173 2911 3314 2980 μετά
3347 2893 3540 2981 μέλους
3567 2911 3704 2978 ψαλ-

2129 3003 2342 3073 τηρίου.
2389 3003 2448 3055 Ὀ
2478 3004 2584 3074 γὰρ
2622 2984 2855 3070 ἀνοίγων
2915 3002 3086 3072 θύραν
3140 3006 3364 3072 φανεροῖ
3418 3002 3487 3055 τὰ
3533 3001 3698 3055 ἔνδον.

455 3099 564 3152 nia.
591 3096 722 3150 Nam
752 3097 843 3166 qtti
870 3095 1096 3165 januatn
1129 3095 1328 3162 aperit,
1360 3093 1540 3147 omnia
1568 3094 2026 3164 tuanifestat,qt::e

2150 3095 2242 3147 Ἐκ
2271 3094 2361 3147 τοῦ
2399 3094 2810 3166 προηγουμένου
2834 3097 3012 3146 τοίνυν
3029 3094 3298 3164 ἐδήλωσεν
3324 3095 3384 3146 τὸ
3413 3095 3698 3162 ἑπόμενον.

454 3190 605 3244 intus
655 3198 808 3242 sunt.
862 3187 938 3240 Ex
971 3202 1036 3240 eo
1066 3186 1209 3238 enim
1259 3188 1401 3254 quod
1436 3188 1712 3255 prtccedit,
1749 3187 2029 3242 denotavit

455 3281 508 3335 id
542 3279 688 3350 quod
718 3279 1096 3348 consequitur.
1133 3276 1613 3331 Manifeslaturum
1661 3293 1719 3333 se
1747 3290 1928 3332 autem
1975 3281 2024 3332 i.l

456 3374 531 3428 ait
565 3387 690 3427 cum
732 3370 1016 3424 harmonia
1047 3379 1100 3424 et
1128 3377 1319 3436 cantu,
1352 3378 1412 3424 ut
1445 3386 1629 3425 sermo
1659 3387 1793 3427 suus
1823 3372 2025 3439 jucun-

455 3465 577 3518 dior
627 3465 720 3518 sit.
754 3462 920 3517 Juxta
954 3479 1231 3533 anagogen
1267 3463 1355 3518 ille
1387 3463 1600 3532 aperire
1650 3462 1854 3516 dicitur
1903 3479 2028 3532 pro-

456 3559 781 3627 positionem
833 3571 986 3610 suam
1019 3557 1072 3610 in
1107 3557 1398 3621 Psalterio,
1453 3555 1544 3625 qui
1578 3553 1708 3609 facit
1743 3555 1946 3623 pariter
1973 3563 2027 3608 et

454 3647 658 3712 docet,
719 3645 873 3713 cujus
927 3661 1091 3714 opera
1150 3645 1500 3700 sermonibus
1550 3657 1881 3713 congruunt.
1943 3644 2025 3698 Ad

454 3738 740 3792 melodiatn
774 3739 918 3791 enim
956 3738 1206 3792 Psalterii
1233 3735 1578 3792 excitandam
1604 3736 1858 3790 manibus
1888 3750 2025 3804 opus

453 3837 557 3895 est,
600 3845 694 3898 per
727 3845 863 3898 quas
900 3830 1160 3897 operandi
1187 3828 1422 3882 facultas
1452 3827 1796 3896 designatur.

525 3918 690 3975 Vens.
710 3920 762 3972 6.
785 3919 893 3974 Cur
915 3920 1101 3972 timebo
1129 3921 1183 3972 in
1208 3919 1290 3972 die
1319 3919 1462 3971 mala
1487 3919 1510 3970 ?
1531 3919 1630 3973 Per
1649 3918 2027 3988 interrogatio-

456 4025 577 4065 nem
609 4010 835 4080 legenda
876 4020 1006 4064 sunt
1045 4011 1158 4065 haec
1188 4011 1377 4065 verba.
1420 4009 1600 4064 Vultis
1629 4010 1791 4072 seire,
1827 4009 2023 4078 inquit,

453 4113 549 4150 tur
572 4097 704 4151 milti
741 4098 1038 4152 timendum
1072 4098 1145 4153 sit
1188 4099 1240 4152 in
1279 4100 1364 4154 die
1399 4099 1565 4153 futuri
1591 4098 1828 4168 judicii?
1873 4100 2027 4153 Hane

453 4187 598 4240 enim
628 4188 769 4242 diem
798 4188 992 4242 malum
1021 4189 1282 4260 appellat,
1313 4189 1775 4258 quemadmodum
1805 4196 1858 4243 et
1895 4191 2024 4244 alibi

454 4276 506 4329 in
538 4277 745 4346 psalmo
779 4293 841 4331 η
872 4277 892 4348 [
928 4279 1003 4332 ibi
1032 4296 1045 4331 :
1101 4278 1166 4332 In
1201 4280 1284 4334 die
1313 4281 1454 4334 mala
1501 4281 1745 4335 liberabit
1778 4297 1895 4334 eunt
1924 4281 2026 4334 Do-

453 4370 648 4434 minus,
699 4370 787 4423 ubi
853 4369 1161 4441 diximus].
1213 4375 1413 4428 Audite
1461 4373 1631 4444 igitur
1676 4389 1896 4429 causam
1955 4375 2023 4428 ti-

451 4474 643 4514 IDOI'IS.

524 4529 785 4620 Iniqui“;
816 4550 1049 4606 calcanei
1097 4553 1197 4606 mei
1228 4553 1584 4608 circumdabit
1645 4574 1744 4613 me.
1806 4557 2020 4623 Timeo,

451 4644 650 4711 inquit,
688 4644 814 4712 quia
853 4653 982 4698 tuttc
1011 4645 1271 4715 iniquitas
1326 4648 1535 4713 peccati
1583 4650 1711 4712 mei,
1761 4651 1864 4703 hoc
1915 4660 2024 4715 est,

450 4737 579 4804 quia
619 4747 898 4802 peccatum
932 4754 1111 4792 meum
1150 4739 1519 4793 circumdabit
1550 4756 1656 4794 me.
1695 4740 2021 4796 Caleaneunt

450 4826 592 4879 enim
646 4829 832 4896 posuit
883 4845 980 4899 pro
1035 4830 1357 4899 deceptione
1413 4851 1425 4886 :
1469 4833 1924 4902 quemadmodum
1969 4842 2023 4887 et

449 4917 574 4971 alibi
601 4918 653 4972 in
695 4934 1121 4976 commemorato
1147 4923 1363 4992 psalmo
1392 4940 1457 4978 XI.
1485 4923 1584 4996 [ibi
1614 4942 1628 4978 :
1662 4925 2022 4995 Magniﬁcarit

449 5009 729 5065 adversum
805 5029 883 5066 me
960 5014 1505 5086 supplantationem]
1599 5016 2013 5070 declaravimns.

451 5097 627 5170 [Quod
662 5112 840 5157 tamen
870 5118 934 5157 ex
967 5104 1200 5158 lectione
1231 5101 1418 5159 Crtet'a
1450 5107 1643 5161 melius
1697 5109 2016 5176 percipitur,

447 5207 569 5245 cont
600 5193 788 5248 Cra-ca
804 5195 973 5249 dictio
1003 5197 1355 5266 πτερνισρὺς,
1379 5198 1602 5258 Ιιοοιει,
1629 5198 2022 5267 supplantatio,

445 5287 553 5340 ἀπὸ
585 5289 680 5357 τῆς
713 5289 970 5359 πτέρνης,
1003 5292 1103 5342 hoc
1158 5299 1277 5356 est,
1311 5307 1340 5343 ιι
1378 5291 1638 5346 ealcaneo
1675 5293 2020 5365 deducatur.]

2050 4447 2100 4504 D

2130 3187 2286 3240 Μετά
2341 3187 2535 3255 μέλους
2593 3186 2650 3238 δὲ
2708 3185 3024 3255 ὀργανικοῦ,
3068 3185 3155 3237 ἵνα
3203 3187 3425 3253 γένηται
3475 3186 3502 3236 ὁ
3547 3184 3701 3251 λόγος

2131 3277 2405 3347 ἡδύτερος.
2474 3277 2704 3343 Ἀνοίγει
2751 3277 2806 3329 δὲ
2857 3279 2914 3327 ἐν
2962 3274 3246 3346 ψαλτηρίῳ
3298 3277 3358 3328 τὸ
3411 3275 3700 3344 πρόϐλημα

2129 3370 2296 3421 αὐτοῦ
2329 3369 2356 3420 ι
2394 3368 2563 3420 ποιῶν
2592 3369 2685 3419 καὶ
2732 3367 3017 3432 διδάσκων,
3071 3371 3162 3418 καίι
3199 3367 3297 3436 τὴν
3331 3366 3528 3435 πρᾶξιν
3564 3365 3700 3434 ἔχων

2129 3461 2205 3530 τῷ
2251 3460 2392 3529 λόγῳ
2441 3461 2749 3529 σύμφωνον.
2785 3460 2858 3510 Τὸ
2894 3458 3004 3528 γὰρ
3053 3457 3214 3526 μέλος
3251 3457 3345 3509 τοῦ
3403 3458 3700 3526 ψαλτηρίου

2127 3552 2215 3604 διὰ
2239 3552 2434 3622 χειρῶν
2454 3550 2850 3622 ἀπαρτίζεται·
2884 3553 2981 3620 τῆς
3009 3549 3318 3622 πρακτικῆς
3348 3549 3405 3602 δὲ
3436 3548 3701 3618 σύμϐολον

2128 3643 2184 3695 αί
2212 3646 2392 3712 χεῖρες

2212 3908 2396 3962 Ἰνατί
2423 3909 2716 3979 φοϐοῦμαι
2747 3909 2817 3962 ἐν
2844 3909 3031 3978 ἡμέρᾳ
3074 3921 3310 3976 πονηρᾷ
3336 3925 3356 3972 ;
3396 3907 3530 3960 Κατ’
3565 3905 3702 3976 ἐρώ-

2127 4019 2284 4070 τησιν
2325 4003 2699 4062 ἀναγνωστέον
2725 4018 2740 4034 ο
2776 4001 3044 4056 Βούλεσθὲ
3095 4019 3162 4070 με
3201 4001 3392 4071 μαθεῖν
3423 4001 3565 4053 διατί
3609 4018 3702 4068 eo-

2127 4090 2330 4160 6οῦμαι
2361 4093 2419 4143 ὲν
2455 4093 2519 4160 τῇ
2546 4091 2728 4161 ἡμέρᾳ
2758 4092 2854 4159 τῆς
2887 4090 3151 4161 κρίσεωςς
3181 4091 3386 4160 ταύτην
3419 4092 3527 4160 γὰρ
3552 4090 3699 4157 λέγει

2128 4181 2390 4253 πονηρὰν,
2417 4182 2489 4244 ὡς
2530 4185 2586 4236 ὲν
2637 4183 2715 4253 τῷ
2755 4183 2996 4254 δευτέρῳ
3030 4184 3197 4253 στίχῳ
3227 4183 3320 4236 τοῦ
3377 4189 3428 4253 μ’
3481 4180 3700 4252 ψαλμοῦ

2127 4274 2662 4345 προαποδεδώκαμεν
2681 4289 2694 4303 ·
2737 4274 2925 4330 λοιπὸν
2953 4270 3046 4329 οὖν
3075 4275 3364 4330 ἀκούσατε.

2204 4562 2270 4617 Ἦ
2304 4561 2522 4630 ἀνομία
2550 4560 2659 4629 τῆς
2690 4562 2950 4627 πτέρνης
2987 4577 3106 4628 μου
3148 4556 3451 4612 κυκλώσει
3479 4574 3575 4626 με.
3605 4557 3700 4610 Φο-

2123 4655 2347 4725 ϐοῦμαι,
2382 4657 2464 4708 ὅτι
2491 4655 2759 4706 κυκλώσει
2786 4670 2852 4722 με
2877 4653 2997 4704 τότε
3021 4655 3052 4722 ἠ
3079 4653 3276 4718 ἀνομία
3305 4651 3400 4721 τῆς
3423 4651 3697 4720 ἁμαρτίας

2128 4765 2252 4815 μου,
2299 4747 2572 4807 τουτέστι,
2617 4747 2648 4813 ὴ
2686 4747 2930 4814 ἁμαρτία
2987 4761 3109 4812 μου,
3168 4745 3309 4796 κατὰ
3345 4743 3692 4812 περίφρασιν.

2129 4841 2342 4908 Πτέρνα
2374 4837 2652 4908 μὲνγὰρή
2687 4839 2892 4903 ἀπάτη,
2941 4834 3015 4897 ώς
3043 4837 3098 4887 ὲν
3132 4836 3208 4904 τῷ
3237 4834 3529 4903 δηλωθέντι
3560 4833 3699 4901 ψαλ-

2132 4931 2215 5000 μῷ
2250 4931 2605 5000 προείπομεν.
2627 4930 2836 4997 ’Λπάτη
2867 4928 2945 4991 δὲ,
2974 4931 3006 4996 η
3035 4926 3296 4996 ἁμαρτία,
3329 4926 3401 4988 ὡς
3428 4925 3700 4978 artat-stimo.

2127 5021 2217 5072 τὸν
2251 5021 2650 5088 ἁμαρτάνοντα.
2690 5018 2840 5080 Εἶδες
2891 5018 3053 5084 σοφὸν
3107 5016 3261 5083 λόγον
3309 5016 3402 5068 καὶ
3451 5015 3694 5078 συνετὸν,

2124 5111 2269 5173 ὅπως
2298 5111 2383 5163 διὰ
2413 5111 2506 5164 τοῦ
2538 5111 2853 5178 εἰσαγαγεῖν
2877 5109 3067 5161 ἑαυτὸν
3099 5107 3698 5177 φοϐούμὲνον,παρῂνε-

2125 5220 2183 5254 σε
2213 5203 2495 5270 φοϐεῖσθαι
2533 5202 2628 5272 τὴν
2679 5200 2976 5272 ἁμαρλαν,
3039 5199 3258 5263 διδάξας
3311 5199 3447 5268 ἅμα,
3486 5201 3581 5251 καὶ
3613 5199 3697 5250 ὅτι

2123 5295 2300 5364 κρίσις
2333 5283 2481 5347 ἔσται
2511 5294 2826 5355 ἀδέκαστος.

445 5374 734 5432 Peccatum
780 5396 907 5434 vero
959 5387 1155 5437 merito
1201 5381 1448 5449 tleceptio
1507 5383 1850 5450 appellatur,
1892 5386 2018 5454 quia
2063 5396 2385 5457 peccantem
2413 5389 2590 5455 ipsum
2622 5386 2842 5454 detipit.
2885 5386 3077 5442 Vidisti
3146 5385 3412 5457 sapientia
3471 5386 3694 5456 plenum

444 5482 772 5532 sermonem,
807 5486 914 5538 quo
949 5472 1237 5540 Propheta,
1280 5473 1407 5526 dum
1442 5488 1502 5526 se
1535 5473 1726 5528 timere
1772 5475 2098 5543 introduxit,
2153 5479 2292 5534 alios
2356 5487 2516 5532 caute
2556 5476 2838 5532 admonuit
2906 5478 3096 5532 timere
3141 5491 3169 5528 a
3226 5478 3503 5546 peccatis,
3569 5494 3693 5532 cum

451 5559 692 5611 udi-cium
754 5561 843 5614 Dei
893 5563 1158 5630 ejnstnozli
1214 5565 1454 5616 futurum
1492 5562 1587 5627 sit,
1625 5570 1683 5616 ut
1739 5571 2013 5635 corrumpi
2058 5586 2164 5624 non
2201 5571 2396 5640 possit.

519 5649 677 5703 \‘Ens.
712 5656 762 5706 7.
796 5651 895 5717 Qui
927 5654 1195 5722 (ο-ςίὶίΙιιηι
1227 5653 1276 5705 in
1307 5662 1564 5721 potestate
1583 5671 1700 5719 sua,
1728 5665 1775 5709 et
1802 5657 1853 5710 in
1879 5659 2014 5711 ntul-

443 5741 664 5794 titudine
694 5745 998 5799 diritiarttnt
1041 5763 1254 5799 suerunt
1287 5746 1607 5816 gloriantur.
1658 5747 2005 5806 Subaudien-

2195 5664 2259 5714 Ol
2293 5663 2643 5726 πεποιθότες
2688 5661 2784 5713 ἐπὶ
2822 5659 2896 5728 τῇ
2925 5661 3172 5730 δυνάμει
3219 5661 3437 5727 αὐτῶν,
3467 5663 3561 5714 καὶ
3595 5663 3690 5714 ἐπὶ

2117 5750 2194 5814 τῷ
2226 5748 2437 5816 πλήθει
2457 5751 2561 5806 τοῦ
2581 5753 2846 5806 πλούτου
2869 5751 3068 5806 αὐτῶν
3095 5752 3485 5822 καυχώμενοι.
3520 5755 3692 5824 Προτ-
