4072 6202
395 259 506 320 529
1507 261 1902 323 couusur.
1964 262 2045 321 IN
2087 265 2457 325 pSALuos.
3554 240 3669 322 536-

392 378 764 431 υπακουσιέον
821 380 898 439 τὸ,
967 379 1314 432 Ἀκούσατε.
1366 381 1641 437 Δυνατοὺε
1692 381 1751 433 δι
1815 381 2000 449 λέγει,

2072 379 2203 435 dum
2257 389 2364 447 est,
2416 382 2520 438 hoc
2575 382 2630 437 in
2692 382 2834 444 loco,
2886 380 3134 446 verbum,
3172 377 3507 432 Auscultate.
3556 379 3660 430 Pu-

392 467 509 533 νῦν,
539 468 601 520 οὐ
631 467 757 530 τοὺς
789 469 848 519 ὲν
877 467 1022 539 ἔργῳ
1056 468 1236 536 μόνον,
1255 468 1391 522 ἀλλά
1421 469 1515 522 καὶ
1545 470 1670 532 τοὺς
1704 471 1761 521 ὲν
1788 468 1932 538 λόγῳ
1953 485 1969 500 ο

2081 473 2297 528 testatis
2349 482 2532 528 autem
2590 488 2788 529 nomen
2856 473 3006 544 large
3061 468 3474 541 intelligendum
3541 477 3658 532 est,

392 560 487 612 καὶ
508 559 634 620 τοὺς
666 558 976 624 πλουσίους,
1016 559 1077 612 οὐ
1102 560 1229 623 τοὺς
1266 561 1324 613 ἐν
1352 560 1600 631 χρήμασι
1630 561 1813 631 μόνον,
1835 559 1971 614 ἀλλά

2079 563 2154 618 ita
2220 572 2278 619 ut
2315 578 2425 619 non
2464 572 2676 620 tantum
2715 564 2782 618 ad
2816 580 2911 619 eos
2946 563 3219 633 dirigatur
3246 577 3451 622 sermo.
3478 559 3568 627 qui
3602 560 3661 612 in

390 652 483 703 καὶ
508 653 638 714 τοὺς
666 652 724 704 ὲν
746 651 982 720 λογικοῖς
1017 651 1363 734 θεωρήμασι.
1389 652 1640 715 Καλέσας
1664 653 1720 705 δὲ
1746 651 1968 717 τούτους

2078 656 2342 726 operibus
2378 696 2392 719 ,
2456 658 2551 713 sed
2611 657 2677 712 ad
2730 671 2823 712 eos
2885 658 3051 711 etiam
3128 654 3223 723 qui
3296 653 3347 705 iu
3406 666 3661 705 sermone

393 741 520 811 ἰδίᾳ,
553 745 717 812 φησίν
739 760 753 772 ’

2075 757 2327 817 potentes
2359 758 2507 804 sunt.
2544 748 2722 803 Simili
2752 747 2913 802 modo
2940 745 3160 801 divitias
3194 743 3346 807 dicit,
3415 758 3524 797 non
3566 758 3660 804 cas

391 837 626 898 lautmn,
660 848 780 903 quae
804 834 857 887 in
884 833 1154 902 pecuniis,
1201 842 1297 890 aut
1350 834 1477 890 aliis
1534 834 1769 890 fortuna:
1813 834 1974 892 bonis
2003 838 2339 903 consistunt,
2375 838 2470 894 sed
2495 853 2591 895 eas
2614 840 2782 894 etiam
2822 853 2942 910 quae
2967 836 3035 892 ad
3066 836 3374 892 doctrinam
3400 844 3453 889 et
3487 833 3665 902 plrilo-

389 924 599 993 sophiae
626 926 805 980 studia
844 925 1140 995 pertinent.
1197 926 1295 980 His
1347 926 1509 994 igitur
1548 927 1620 981 ita
1658 927 1938 997 sigillatim
1994 932 2337 995 convocatis,
2393 946 2704 987 sermonem
2755 931 3108 1001 prosequitur
3134 968 3149 992 ,
3198 928 3393 982 dicens
3429 942 3443 978 :

464 1018 742 1089 Ἀδελφὸς
759 1024 833 1075 οὐ
859 1022 1207 1090 λυτρυῦται,
1240 1022 1610 1103 λυτρὼσεται
1626 1024 1972 1092 ᾶνθρωπος;

2150 1026 2317 1085 Vens.
2363 1028 2418 1083 8.
2484 1026 2682 1083 Frater
2732 1045 2836 1081 non
2882 1026 3115 1087 redimit,
3191 1024 3406 1078 redimet
3456 1016 3659 1075 homo?

399 1109 565 1172 Ἐκεῖ,
592 1113 780 1179 φησὶν,
805 1112 925 1165 οὐδὲ
951 1112 1180 1181 ἀδελφὸς
1201 1111 1429 1166 δύναται
1456 1113 1843 1183 λυτρώσασθαι
1860 1117 1963 1184 τῆς

2078 1120 2218 1185 Illic,
2246 1121 2447 1190 inquit,
2482 1135 2658 1190 neque
2690 1119 2807 1189 ipse
2840 1121 3004 1174 etiam
3041 1120 3206 1172 frater
3244 1116 3511 1170 redimere
3547 1115 3658 1167 fra-

387 1201 681 1266 κολὰσεως,
701 1201 902 1269 ὁφύσει
921 1203 1195 1273 φίλτατος*
1216 1205 1249 1275 ή
1270 1204 1380 1273 γὰρ
1397 1206 1550 1274 ίσχὺς
1571 1205 1747 1258 καὶτὰ
1762 1207 1975 1274 χρήμα-

2082 1220 2220 1265 trem
2248 1219 2430 1281 potest
2467 1226 2496 1265 a
2524 1212 2817 1282 supplicio,
2863 1210 3055 1272 frater.
3102 1209 3346 1277 inquam,
3384 1205 3475 1275 qui
3524 1220 3656 1259 san-

385 1310 454 1346 τα
505 1294 568 1347 οὐ
596 1294 1047 1349 συνδιαϐαίνουσι.
1080 1297 1188 1349 Καὶ
1222 1296 1271 1349 εί
1298 1296 1525 1363 ἀδελφὸς
1554 1297 1615 1349 οὗ
1650 1296 1962 1366 λυτροῦται,

2079 1297 2243 1366 guiue
2309 1297 2468 1353 nobis
2516 1299 3007 1368 conjunctissimus
3059 1307 3186 1351 est:
3218 1296 3364 1349 vires
3411 1294 3554 1348 cnim
3601 1301 3654 1347 et

384 1384 721 1455 λυτρώσεται
739 1387 836 1441 ἄνθ
847 1404 1055 1457 ρωποςς
1081 1388 1142 1441 τὸ
1158 1388 1256 1458 μὲν
1273 1388 1405 1458 γὰρ,
1447 1387 1740 1456 Ἀδελφὸς
1762 1390 1833 1441 οὐ
1855 1391 1970 1441 λυ-

2076 1386 2284 1441 divitia:
2340 1388 2470 1441 illuc
2528 1389 2818 1444 nobiscum
2864 1392 3068 1458 pariter
3124 1403 3230 1442 non
3278 1385 3651 1441 descendent:

384 1475 643 1542 τροῦται,
670 1477 809 1529 κατά
826 1477 1102 1547 ἀπόφασιν
1132 1478 1506 1542 ἀναγνωστέον
1526 1494 1540 1511 ·
1571 1477 1631 1530 τὸ
1655 1477 1711 1530 δὲ
1738 1477 1968 1546 Λυτρώ-

2075 1479 2220 1549 quod
2249 1478 2292 1533 si
2319 1478 2491 1534 frater
2514 1496 2620 1534 nun
2654 1481 2898 1545 redimit,
2931 1495 3037 1548 quo
3065 1486 3226 1549 pacto
3254 1477 3467 1533 alienus
3490 1477 3654 1529 homo

381 1583 554 1621 σεται
582 1568 915 1636 ἅνθρωπος,
960 1569 1101 1622 κατά
1134 1569 1425 1638 ἐρώτησιν,
1464 1570 1602 1638 μετά
1638 1568 1962 1639 βαρύτητος.

2072 1568 2413 1623 redemerit?
2460 1568 2634 1639 Hujus
2669 1579 2850 1623 autem
2911 1569 3168 1623 versiculi
3219 1568 3386 1622 verba
3430 1563 3651 1619 divisim

381 1659 581 1712 Λοιπὸν
610 1654 704 1714 οὗν
759 1663 859 1715 οὐκ
901 1661 1047 1714 ἐστιν
1078 1664 1196 1715 ἐκεῖ
1226 1661 1518 1732 λύτρωσις,
1562 1661 1677 1715 ἀλλ’
1729 1660 1962 1716 ἐνταῦθα

2072 1660 2299 1729 legenda
2333 1669 2484 1726 sunt,
2516 1662 2589 1715 ita
2623 1668 2683 1716 ut
2736 1662 2987 1715 absolute
3044 1667 3099 1713 et
3147 1674 3271 1713 cum
3324 1659 3656 1712 determina-

382 1751 483 1821 χρὴ
498 1751 588 1804 διὰ
609 1753 897 1821 μετάνοιαν
952 1752 1145 1806 ἑαυτόν
1168 1770 1292 1807 τινα
1319 1752 1666 1825 λυτροῦσθαι.
1697 1753 1838 1824 Φησὶ
1860 1754 1969 1820 γὰρ

2070 1757 2223 1809 tione
2247 1756 2466 1809 dicatur
2492 1774 2505 1809 :
2546 1753 2741 1808 Frater
2772 1772 2876 1809 non
2901 1755 3108 1808 redimit
3134 1771 3153 1820 ;
3177 1761 3231 1808 et
3257 1758 3461 1822 puncto
3489 1749 3653 1814 facto,

382 1844 414 1913 ἠ
448 1843 638 1913 Γραφή
661 1858 676 1874 ⁸
718 1846 859 1899 Ἐὰν
880 1845 1120 1914 ἀναστῇ
1143 1845 1269 1900 Νῶε
1294 1846 1391 1900 καί
1434 1845 1558 1900 Ἱὼὸ
1583 1846 1682 1901 καὶ
1704 1846 1952 1914 Δανιὴλ,

2069 1843 2311 1900 Redimet
2349 1845 2505 1899 homo
2538 1848 2562 1901 ?
2600 1844 2999 1914 interrogative
3046 1842 3410 1901 euuntiundo.
3464 1842 3656 1897 Restat

382 1935 547 1999 υἱοὺς
564 1934 763 1990 αὐτῶν
786 1935 883 1990 καὶ
917 1935 1246 2006 θυγατέρας
1275 1939 1347 1991 οὐ
1380 1935 1468 2006 μὴ
1483 1936 1803 2002 ρύσονται.

2068 1935 2257 2005 igitur,
2286 1943 2345 1988 ut
2366 1934 2516 1988 nulla
2548 1935 2657 1989 illic
2689 1936 2956 2005 speranda
2987 1936 3056 1990 sit
3086 1933 3383 2003 redemptio
3413 1950 3425 1985 :
3453 1926 3574 1985 cum
3599 1928 3656 1984 in

383 2030 636 2100 przesenti
665 2030 774 2083 vita
807 2030 1144 2097 poenitentia:
1175 2030 1430 2100 lacrymis
1459 2037 1670 2083 tantum
1708 2028 1865 2083 venia
1886 2027 2172 2097 impetrari
2206 2026 2496 2095 possit.Ait
2521 2025 2667 2082 enim
2697 2027 2825 2081 alibi
2874 2026 3152 2096 Scriptura
3184 2042 3197 2079 :
3236 2023 3295 2079 Si
3328 2022 3655 2085 surrexerim

387 2120 521 2185 Noe,
554 2120 677 2187 Job,
710 2129 761 2175 et
801 2119 1016 2187 Daniel,
1063 2121 1207 2188 ﬁlios
1256 2135 1379 2174 suos
1425 2129 1477 2173 et
1526 2120 1668 2189 ﬁlias
1706 2134 1830 2173 suas
1870 2134 1975 2172 non
2003 2115 2323 2171 liberabant.

457 2216 541 2268 Οὐ
588 2212 771 2267 δώσει
819 2212 899 2279 τῷ
953 2211 1077 2279 Θεῷ
1136 2213 1442 2282 ἐξιλασμα
1491 2210 1733 2266 ἑαυτοῦ.
1770 2210 1908 2265 Οὔτε
1942 2211 1970 2263 6

2138 2208 2260 2262 Non
2281 2209 2427 2264 dabit
2456 2210 2564 2265 Deo
2585 2211 2940 2279 placationem
2966 2212 3067 2265 sui.
3101 2208 3207 2264 Nec
3228 2207 3422 2272 frater,
3451 2204 3652 2275 inquit.

387 2307 634 2377 ἀδελφὸς,
686 2305 810 2360 οὔτε
848 2309 876 2360 6
918 2306 1068 2371 ξένος
1117 2306 1279 2361 δώσει
1318 2308 1434 2359 ἐκεῖ
1465 2306 1754 2376 ὲξίλασμα,
1802 2306 1970 2376 ἦγουν

2069 2314 2171 2355 nec
2199 2310 2499 2355 extraneus
2531 2301 2678 2371 quis,
2714 2301 2827 2355 illic
2866 2302 2999 2356 dare
3032 2300 3233 2370 poterit
3258 2296 3652 2370 placationem,

385 2398 583 2469 λύτρον
616 2399 834 2465 ἑαυτοῦ,
860 2399 1080 2454 κολᾶσει
1111 2399 1207 2452 καὶ⁹
1238 2399 1403 2461 αὐτὸς
1428 2399 1504 2452 ὣν
1536 2397 1861 2462 ὑπεύθυνος.

2068 2386 2177 2441 hoc
2239 2395 2347 2451 est,
2380 2389 2808 2458 redemptionem
2853 2389 2935 2444 sui
2966 2390 3171 2459 ipsius:
3205 2402 3328 2443 cmn
3384 2389 3499 2457 ipse
3560 2399 3656 2455 po-

2070 2481 2179 2533 tius
2237 2484 2449 2550 poenas;
2483 2483 2690 2551 pariter
2762 2483 2995 2538 daturus
3039 2481 3112 2537 sit
3144 2520 3159 2547 ,
3198 2488 3387 2550 utpote
3414 2477 3655 2550 peccatis

2074 2571 2376 2626 obnoxius.

456 2664 568 2721 Kal
598 2665 715 2732 τὴν
751 2664 929 2734 τιμὴν
965 2664 1074 2732 τῆς
1107 2662 1465 2732 λυτρώσεως
1485 2663 1596 2733 τῆς
1633 2663 1842 2733 ψυχῆς
1870 2664 1977 2717 αὺ-

2143 2660 2311 2718 VERS.
2339 2663 2395 2727 9,
2435 2663 2523 2719 10.
2552 2663 2618 2719 Et
2649 2666 2873 2733 pretium
2899 2659 3273 2735 redemptionis
3305 2665 3495 2718 anima:
3516 2676 3649 2716 sum.

393 2759 521 2813 τοῦ.
552 2758 664 2812 Καὶ
699 2758 760 2810 οὐ
791 2756 955 2810 δώσει
993 2757 1091 2826 τὴν
1119 2757 1309 2827 τιμὴν,
1361 2757 1531 2827 ήγουν
1562 2754 1828 2825 ὲξὼνησιν
1877 2755 1977 2824 τῆς

2078 2751 2143 2808 Et
2172 2770 2280 2810 non
2331 2755 2482 2810 dabit
2514 2757 2751 2827 pretium
2792 2756 3208 2827 redemptionis,
3245 2755 3348 2809 hoc
3390 2762 3495 2817 est,
3538 2766 3647 2806 non

395 2849 708 2919 ἐλευθερίας
729 2848 896 2904 αὐτοῦ
915 2852 1014 2919 τῆς
1033 2850 1211 2919 ψυχῆς
1232 2866 1246 2881 ·
1270 2849 1448 2919 ψυχῆς
1493 2848 1603 2919 γὰρ
1629 2848 1977 2919 ἀνθρωπίνης

2077 2846 2229 2902 dabit
2255 2848 2685 2917 redemptionem
2712 2864 2812 2918 pro
2837 2849 3090 2904 libertate
3118 2848 3313 2902 anima:
3336 2861 3449 2902 sua:
3476 2882 3492 2909 ,
3529 2859 3653 2898 cum

392 2941 504 2996 οὐδ’
532 2941 562 2992 6
587 2940 792 3010 κόσμος
820 2940 939 3002 ὅλος
978 2939 1258 3003 ἀντάξιος
1289 2940 1412 2991 ἐπεὶ
1440 2939 1531 2992 καὶ
1554 2941 1581 2992 6
1604 2938 1797 3008 Σωτὴρ
1816 2936 1972 3007 ἡμῶν

2075 2951 2178 3006 pro
2219 2938 2385 2994 unius
2447 2938 2686 2995 hominis
2712 2939 2895 2994 anima
2947 2940 3240 2994 universus
3292 2936 3457 2992 etiam
3504 2935 3655 2990 orbis

395 3033 608 3103 μέλλων
632 3030 960 3102 λυτροῦσθαι
1007 3031 1106 3102 τὴν
1138 3030 1487 3099 ἀνθρωπίνην
1511 3029 1711 3098 ψυχὴν,
1763 3030 1970 3100 αἰχμα-

2078 3026 2357 3083 sut'liciens
2403 3030 2634 3098 pretium
2683 3045 2792 3085 non
2838 3031 2911 3085 sit
2951 3049 2965 3084 :
3014 3030 3218 3099 quippe
3246 3044 3367 3080 rum
3402 3024 3652 3080 Salvator

389 3124 751 3203 λωτεσθεῖσαν
787 3123 892 3178 ὑπὸ
942 3120 1039 3175 τοῦ
1078 3121 1348 3182 διαϐόλου,
1403 3120 1595 3191 οὐγῆν
1645 3119 1866 3182 ἔδωκεν,
1908 3120 1968 3174 οὐ

2082 3128 2297 3183 noster,
2329 3121 2614 3177 hominum
2645 3122 2861 3177 animas
2887 3138 2917 3176 a
2943 3137 3087 3178 saevo
3109 3123 3354 3176 daemone
3388 3120 3441 3173 in
3481 3119 3654 3187 capti-

389 3217 694 3280 θάλασσαν,
730 3216 795 3269 οὗ
836 3215 1066 3285 κόσμον,
1114 3213 1251 3267 ἀλλὰ
1276 3212 1336 3265 τὸ
1367 3213 1564 3266 ἑαυτοῦ
1594 3212 1777 3283 τίμιον
1808 3207 1970 3284 αἷμα.

2079 3213 2303 3269 vitalem
2337 3221 2492 3270 actas
2526 3215 2911 3287 redempturus
2941 3253 2958 3279 ,
2992 3222 3197 3269 terram
3258 3229 3369 3268 non
3419 3212 3654 3275 dederit,

388 3312 558 3365 Ποῖον
585 3305 680 3363 οὖν
710 3308 934 3378 εὑρήσει
958 3323 1044 3370 τις
1088 3307 1204 3359 ἐκεῖ
1232 3304 1428 3374 λύτρον
1466 3304 1652 3371 ἄξιονς
1689 3304 1828 3376 Ὅρα
1880 3307 1972 3359 καὶ

2084 3323 2193 3362 non
2249 3322 2401 3363 mare
2432 3347 2450 3375 ,
2494 3322 2603 3363 non
2645 3308 2825 3381 ipsum
2861 3308 3104 3378 denique
3132 3308 3344 3372 orbem,
3370 3306 3467 3362 sed
3495 3319 3656 3361 suum

389 3399 539 3468 σοφὰ
572 3400 814 3470 ῥήματα,
842 3397 939 3451 καὶ
966 3395 1185 3461 συνετὰ,
1207 3395 1302 3449 καὶ
1330 3396 1730 3465 αἰνιγματώδη.

2081 3414 2181 3469 pro
2233 3399 2391 3455 nobis
2460 3402 2924 3470 pretiosissimum
2986 3400 3312 3473 sanguinem
3378 3396 3656 3454 effuderit.

389 3492 704 3556 Quamnam
736 3489 905 3558 igitur
929 3487 1365 3557 redemptionem
1389 3487 1500 3542 illic
1538 3487 1808 3557 quispiam
1842 3487 2096 3544 idoneam
2123 3490 2371 3548 invenire
2395 3494 2597 3562 poterit
2626 3494 2650 3547 ἲ
2684 3492 2766 3548 Τιι
2859 3508 2990 3551 vero
3070 3493 3187 3564 ipsa
3270 3493 3439 3568 etiam
3509 3490 3645 3545 Pro-

392 3583 577 3652 pheta:
612 3580 778 3634 verba
805 3578 1099 3633 considera
1124 3616 1140 3642 ,
1172 3586 1433 3647 quantam
1474 3578 1967 3635 suboscurioribus
1999 3581 2186 3636 verbis
2224 3584 2552 3652 sapientiam
2584 3586 2921 3641 reconditam
2956 3585 3215 3641 habeant.

474 3673 841 3729 Ἐκοπίασεν
864 3673 952 3737 εὶς
980 3671 1086 3725 τὸν
1114 3670 1321 3735 αἰῶνα,
1356 3670 1455 3725 καὶ
1493 3670 1733 3738 ζήσεται
1761 3674 1849 3738 εις
1873 3669 1970 3725 τέ-

2151 3673 2217 3727 Ει
2249 3674 2505 3730 laboravit
2542 3678 2598 3730 in
2636 3676 2910 3740 amulum,
2942 3685 2993 3731 et
3025 3676 3157 3731 vivet
3208 3676 3263 3728 in
3302 3675 3482 3742 ﬁnem.
3515 3672 3652 3728 Cum

389 3772 528 3833 λος.
565 3765 971 3835 Καθαψάμενος
996 3763 1107 3818 τῶν
1138 3764 1551 3834 ἀμετανοήτων,
1587 3764 1851 3834 τρέπεται
1875 3764 1971 3817 καὶ

2075 3766 2368 3834 pupugerit
2396 3766 2668 3836 Propheta
2712 3781 2807 3822 eos
2829 3766 2923 3836 qui
2976 3765 3360 3835 pmnitentiam
3392 3778 3499 3817 non
3528 3777 3657 3831 ege-

395 3859 536 3930 πρδς
564 3858 690 3919 τοὺς
721 3853 1140 3923 μετανοοῦντας,
1193 3854 1289 3906 καὶ
1316 3856 1630 3924 παρηγορεῖ
1676 3855 1769 3908 τδν
1802 3853 1973 3908 κόπον

2077 3862 2206 3910 runt
2243 3855 2300 3910 in
2327 3856 2582 3924 presenti
2608 3857 2716 3911 vita
2739 3897 2754 3920 ,
2782 3858 2927 3910 hunc
2959 3856 3027 3909 ad
3064 3855 3393 3925 pamitentes
3425 3866 3656 3908 conver-

394 3951 496 4017 τῆς
540 3946 829 4016 μετανοίας
850 3946 972 4006 ταῖς
1009 3944 1192 3997 ἐλπίσι
1222 3942 1316 3996 τοῦ
1355 3943 1660 4013 μέλλοντος.
1706 3943 1821 3998 Καὶ
1844 3945 1973 3997 ἑκο-

2085 3948 2243 4011 titur,
2273 3956 2327 4002 et
2357 3945 2664 4001 futurorum
2696 3962 2812 4017 spe,
2855 3946 3193 4016 poenitentiae
3215 3945 3497 4001 molestias
3524 3957 3658 3998 con-

398 4040 588 4103 πίασε,
631 4036 815 4108 φησὶν,
849 4037 929 4099 είς
949 4036 1042 4089 τὸν
1070 4034 1245 4090 αἰῶνα
1278 4034 1467 4088 τοῦτον
1497 4036 1527 4088 ό
1559 4035 1854 4105 μετανοῶν,
1879 4036 1976 4089 καὶ

2083 4037 2315 4092 solatur.
2344 4037 2413 4092 Et
2437 4037 2726 4103 laboravit,
2761 4038 2964 4108 inquit,
3002 4042 3057 4092 in
3091 4038 3354 4094 sreculum
3388 4037 3493 4091 hoc
3523 4050 3658 4105 prae-

395 4127 587 4181 λοιπδν
613 4127 839 4197 ζήσεται
879 4125 1201 4188 διαπαντός·
1240 4123 1400 4177 τοῦτο
1437 4124 1548 4194 γὰρ
1579 4123 1663 4188 τδ,
1715 4124 1976 4193 Ζήσεται

2084 4143 2233 4193 sens,
2279 4129 2371 4183 ille
2403 4129 2660 4184 nimirum
2694 4131 2786 4200 qui
2819 4127 3193 4198 paenitentiam
3225 4127 3341 4197 agit
3373 4143 3389 4183 :
3415 4134 3469 4181 et
3500 4125 3655 4180 dein-

395 4222 486 4286 δις
544 4218 740 4284 τέλος.
767 4218 923 4288 Ζωὴν
952 4217 1011 4271 δὲ
1038 4217 1187 4286 λέγει
1238 4216 1335 4287 τὴν
1368 4215 1574 4286 κυρίως
1601 4216 1694 4271 καὶ
1737 4217 1936 4271 ἄπονον
1961 4230 1975 4245 ο

2086 4235 2216 4290 ccps
2248 4222 2413 4277 etiam
2467 4221 2610 4275 vivet
2652 4230 2938 4292 perpetuo.
2989 4218 3103 4274 Hoc
3143 4218 3288 4273 enim
3347 4216 3659 4286 signiﬁcant

398 4316 433 4382 ὴ
460 4312 574 4384 γὰρ
605 4311 859 4375 ἐνταῦθα,
883 4311 1356 4381 καταχρηστικῶς,
1373 4311 1449 4376 ὡς
1462 4312 1811 4382 παραδίδοται
1834 4310 1973 4382 (75).

2087 4312 2251 4366 verba
2292 4312 2379 4365 illa
2407 4330 2422 4367 :
2469 4310 2611 4367 Vivet
2649 4315 2701 4367 in
2726 4313 2905 4382 ﬁnem.
2939 4312 3118 4367 Vitam
3145 4317 3326 4363 autem
3348 4323 3468 4364 eam
3500 4307 3657 4371 dicit,

399 4403 564 4466 Τέλος
591 4401 648 4456 δὲ
681 4402 892 4473 νοήσεις
923 4401 1017 4455 καὶ
1042 4399 1134 4454 τὸν
1165 4399 1431 4471 μέλλοντα
1456 4402 1627 4456 αίῶνα
1646 4420 1661 4435 ·
1695 4401 1845 4466 τέλος
1868 4403 1975 4473 γὰρ

2087 4416 2210 4471 quae
2265 4402 2488 4473 proprie
2531 4403 2641 4457 vita
2686 4410 2794 4468 est,
2835 4411 2891 4456 et
2944 4402 3063 4457 sine
3113 4400 3323 4454 labore.
3361 4399 3467 4455 Ista
3512 4396 3656 4452 enim

401 4493 611 4557 ἐκεῖνος
634 4492 731 4546 τοῦ
763 4492 1052 4563 παρόντος.
1674 4513 1683 4522 ·

2087 4508 2330 4564 praesens
2358 4494 2652 4565 improprie
2674 4494 2783 4548 vita
2798 4492 3022 4558 dicitur,
3055 4499 3115 4546 ut
3137 4490 3265 4546 alibi
3292 4489 3656 4545 tradidimus:

2087 4598 2187 4654 per
2219 4585 2381 4640 tinent
2442 4601 2573 4639 vero
2615 4584 2862 4641 futurum
2904 4584 3169 4640 saeculum
3210 4582 3456 4654 intellige
3486 4623 3503 4649 ,
3543 4595 3660 4643 quo

2088 4690 2331 4745 praesens
2367 4677 2630 4733 saeculum
2661 4679 3008 4733 terminatur.

466 4761 589 4816 οὐκ
610 4759 823 4831 ὄψεται
853 4763 1258 4832 καταφθορὰν,
1284 4760 1431 4816 ὅταν
1453 4762 1551 4829 ιδῃ
1580 4762 1814 4830 σοφοὺς
1834 4763 1981 4820 ἀπο·
2013 4791 2056 4847 D

2159 4764 2326 4821 Vens.
2366 4766 2448 4820 ll.
2493 4764 2618 4820 Non
2647 4765 2834 4820 videbit
2858 4765 3243 4835 corruptionem
3271 4802 3287 4828 ,
3324 4777 3443 4815 cum
3474 4759 3668 4814 viderit.

407 4850 805 4923 θνήσκοντας.
867 4854 927 4909 Ὅ
959 4854 1201 4917 τοιοῦτος
1248 4852 1814 4924 πεπληροφορημένος
1849 4856 1982 4926 περὶ

2087 4861 2354 4929 sapientes
2411 4859 2715 4914 morientes.
2786 4857 3111 4927 llujusmodi
3178 4858 3340 4910 homo
3373 4895 3390 4919 ,
3447 4852 3539 4922 qui
3593 4850 3663 4905 de

405 4944 505 5014 τῆς
536 4945 838 5016 μελλούσης
892 4946 1151 5017 κρίσεως,
1198 4946 1329 5000 ὅταν
1380 4946 1465 5016 ίδῃ
1512 4946 1640 5010 τοὺς
1680 4948 1879 5017 σοφοὺς
1916 4948 1985 5002 τὰ

2089 4950 2278 5007 futuro
2336 4950 2544 5019 judicio
2584 4957 2772 5007 certus
2822 4959 2932 5015 est,
2964 4965 3086 5004 cum
3134 4948 3334 5004 viderit
3380 4945 3662 5015 sapientes

408 5036 550 5103 θεῖα,
582 5037 702 5107 ἦτοι
732 5037 857 5101 τοὺς
896 5037 1185 5107 ἐναρέτους
1229 5036 1700 5108 ἀποθνήσκοντας,
1754 5040 1817 5092 οὐ
1843 5038 1985 5104 δόξει

2086 5045 2238 5100 viros
2299 5058 2363 5097 ac
2402 5043 2607 5099 virtute
2654 5043 2916 5114 praeditos
2968 5043 3133 5106 mori,
3172 5058 3279 5096 non
3322 5036 3662 5093 existimabit

410 5127 626 5198 βλέπειν
654 5126 1007 5198 καταφθορὰν
1033 5129 1115 5191 είς
1159 5127 1222 5181 τὸ
1258 5126 1451 5198 μηκέτ’
1473 5124 1612 5182 εἶναι
1635 5168 1651 5195 ,
1690 5128 1809 5183 ἀλλ’
1832 5129 1988 5182 ἐναλ-

2140 5153 2150 5192 2
2183 5136 2591 5207 corruptionem
2609 5151 2797 5193 eorum
2825 5135 3028 5200 videre,
3050 5148 3168 5190 eam
3198 5132 3324 5188 dico
3347 5125 3663 5196 corruptio-
3744 5116 3748 5119 ’

407 5217 579 5289 λαγὴν
626 5217 733 5271 ἀπὸ
779 5217 984 5288 φθορᾶς
1011 5219 1092 5281 είς
1133 5218 1466 5288 ἀφθαρσίαν.
1514 5219 1584 5272 Ἢ
1609 5219 1705 5272 καὶ
1737 5220 1868 5275 ὅταν
1897 5219 1982 5291 ίδῃ

2095 5242 2242 5291 nem.
2271 5242 2378 5298 qua
2408 5228 2645 5298 amplius
2680 5227 2849 5284 futuri
2881 5242 2991 5283 non
3018 5234 3148 5284 sunt
3176 5244 3194 5279 :
3228 5221 3477 5293 quinimo
3507 5217 3657 5273 arbi-

407 5308 534 5373 τοῦς
556 5308 752 5377 σοφοὺς
780 5307 849 5361 τὰ
868 5308 1074 5379 μάταια
1104 5308 1569 5381 ἀποθνήσκοντας,
1601 5311 1663 5363 οὐ
1691 5309 1834 5376 δόξει
1869 5310 1983 5381 pat-

2094 5318 2330 5374 trabitur
2358 5334 2418 5376 se
2436 5318 2872 5376 immutationem
2901 5318 3087 5375 videre
3107 5331 3136 5369 a
3164 5313 3341 5383 fragili
3375 5312 3476 5365 bac
3496 5317 3549 5365 et
3575 5322 3670 5363 ca~

413 5415 535 5454 πειν
560 5398 912 5468 καταφθορὰν
935 5399 1187 5471 σώματος
1208 5400 1342 5472 ὁμοῦ
1378 5402 1471 5455 καὶ
1495 5399 1695 5473 ψυχῆς,
1720 5401 1796 5465 ὡς
1830 5403 1986 5457 αὐτοὶ

2094 5403 2235 5462 duca
2265 5408 2375 5465 vita
2397 5408 2463 5466 ad
2489 5410 2739 5467 stabilem
2763 5407 3052 5480 quamdam
3080 5414 3135 5461 et
3159 5404 3550 5485 incorruptam.
3573 5393 3672 5451 Vel

1762 5582 1969 5646 Variae
2013 5581 2346 5650 lectiones.

487 5676 601 5751 (75)
628 5678 715 5735 Al.
740 5682 1345 5756 προπαραδεδώκαμεν.
1425 5723 1437 5738 .
