4072 6202
483 258 589 326 535

1701 272 2085 333 EUTHYMII
2129 275 2494 342 ZlGABENI

3637 285 3743 350 5'36

483 373 723 442 eet,-hoc
771 385 878 441 est,
910 377 1150 433 Prorsus
1188 377 1280 432 (iet
1340 379 1554 440 inutile.
1610 382 1746 437 Nam
1779 385 1926 453 quod
1960 401 2055 439 ve-

2164 389 2296 458 ἅὸῃ.
2349 423 2420 433 -
2471 397 2962 463 Παλαιωθήσεται
2993 439 3007 462 ,
3060 400 3183 452 ἀντὶ
3260 399 3391 461 τοῦ,
3467 398 3740 468 ἄχρηστος

483 477 694 524 Iustum
758 478 863 534 est,
918 470 1108 524 inutile
1155 486 1279 527 esse
1333 484 1591 530 censetur
1627 494 1639 529 :
1674 476 1820 546 quod
1875 485 2055 531 autem

484 562 618 616 utile
652 576 756 616 non
795 569 900 624 est,
930 563 1088 630 quasi
1131 563 1243 633 jam
1285 581 1394 621 non
1430 567 1526 631 sit,
1558 567 1839 636 abjicitur.
1871 568 2054 624 Conti-

482 652 686 707 debant
718 653 816 716 illi,
854 653 1048 723 inquit,
1093 656 1146 709 in
1176 657 1491 713 divitiarum
1543 669 1705 728 atque
1753 661 2053 716 amicormn

482 743 642 814 copia
700 761 714 796 :
765 760 886 813 quae
944 746 996 800 in
1037 747 1252 802 inferno
1318 761 1410 803 aut
1471 751 1619 804 nulla
1691 760 1785 806 aut
1842 753 2055 808 inutilis

480 836 607 890 erit.
661 836 774 892 lllic
807 839 953 893 enim
1010 841 1331 897 huiusmodi
1382 857 1492 897 non
1537 843 1906 898 admittuntur
1956 862 2055 900 au-

483 926 635 982 xilia.

549 1019 593 1071 Α
627 1019 802 1089 gloria
826 1037 924 1074 sua
967 1023 1173 1091 expulsi
1205 1023 1506 1079 sunt.-N0n
1550 1027 1662 1081 lucc
1716 1037 1926 1083 tantum
1977 1029 2057 1084 eis

480 1110 827 1178 acciderunt,
855 1111 985 1181 quia
1025 1113 1205 1170 brutis
1251 1131 1311 1170 se
1363 1115 1576 1172 similes
1607 1117 1916 1182 reddidere,
1968 1137 2057 1174 ve-

482 1215 603 1255 rum
630 1211 684 1256 et
711 1203 992 1273 propriam
1035 1206 1337 1260 amiserunt
1371 1209 1627 1278 gloriam,
1661 1210 1733 1264 ob
1762 1227 1925 1281 quam
1955 1212 2055 1282 ipsi

481 1294 712 1361 periere.
760 1295 988 1352 Summo
1014 1301 1159 1353 enim
1195 1301 1382 1356 studio
1439 1303 1787 1370 tenebantur,
1841 1313 1897 1357 ut
1941 1323 2054 1362 me-

482 1390 712 1444 moriam
755 1391 860 1446 sibi
897 1391 1077 1446 laudis
1131 1403 1412 1465 pararent.
1471 1395 1661 1466 Neque
1714 1399 1876 1453 modo
1915 1400 2056 1454 hanc

482 1476 811 1544 amiserunt,
867 1481 961 1535 sed
997 1491 1051 1535 et
1093 1484 1322 1553 insuper
1377 1486 1681 1556 ignominia
1727 1497 1939 1543 tantum
1995 1506 2057 1545 ac

483 1568 696 1633 probris
728 1571 998 1626 celebrem
1029 1573 1174 1626 illnn
1212 1575 1581 1646 reliquerunt.

553 1658 720 1714 Vens.
757 1663 844 1717 16.
917 1665 1285 1722 Verumtamen
1354 1669 1492 1725 Deus
1553 1672 1773 1726 redimet
1819 1677 2055 1728 animant

490 1768 663 1804 meum
697 1753 760 1807 de
789 1771 948 1809 manu
977 1757 1195 1825 inferni,
1229 1775 1344 1812 cum
1379 1764 1633 1830 acceperit
1673 1781 1773 1817 me.
1833 1764 1958 1820 llaec
1993 1768 2061 1823 de

481 1845 639 1898 (Ihris
669 1846 683 1899 i
714 1848 1091 1903 lnearnn'ione
1119 1852 1374 1920 praedii-ta
1407 1864 1537 1907 sunt
1568 1862 1617 1907 et
1651 1857 1716 1909 de
1749 1859 2056 1912 animarum

483 1934 832 2002 liberatione,
866 1959 986 2010 qua:
1022 1952 1153 1996 tunc
1189 1945 1240 1996 in
1282 1944 1501 1999 inferno
1560 1959 1740 2002 erant.
1787 1949 2058 2016 liedimet,

483 2027 679 2094 inquit,
712 2031 950 2086 animam
988 2049 1186 2098 meam,
1231 2036 1454 2104 quando
1486 2053 1582 2106 per
1615 2038 2054 2098 incarnationem

485 2134 566 2172 me
597 2121 701 2174 sibi
745 2123 796 2175 in
822 2122 1162 2180 domicilium
1193 2129 1489 2198 acceperit.

551 2229 718 2286 Vens.
762 2233 846 2297 l7,
881 2235 962 2289 18.
1002 2234 1085 2291 Ne
1115 2237 1357 2298 timueris
1392 2257 1511 2294 cum
1547 2243 1690 2298 dices
1727 2246 1906 2313 factus
1939 2253 2058 2316 [ue-

445 2315 450 2320 ί
478 2323 552 2375 rit
584 2323 762 2389 homo,
796 2335 890 2379 aut
919 2345 1036 2381 cum
1069 2330 1429 2400 multiplicata
1457 2333 1622 2402 fuerit
1666 2337 1841 2406 gloria
1870 2315 2058 2394 domus

483 2415 618 2484 ejus,
648 2419 924 2486 quoniam,
956 2437 1074 2474 cum
1095 2423 1374 2491 interierit,
1407 2444 1508 2480 non
1540 2439 1710 2482 sumet
1740 2433 1942 2497 omnia,
1966 2449 2057 2486 ne-

481 2523 578 2577 que
603 2508 880 2564 descendet
916 2528 1036 2566 cum
1067 2531 1127 2568 eo
1157 2516 1332 2584 gloria
1392 2518 1528 2587 eius.
1583 2521 1658 2574 De
1722 2521 1928 2586 iniusto
1963 2525 2060 2578 ho-

484 2598 632 2654 mine
681 2615 996 2658 sermonem
1027 2603 1190 2662 habet
1215 2605 1459 2678 [tametsi
1491 2611 1810 2681 simpliciter
1840 2615 1910 2669 de
1955 2616 2054 2668 ho-

481 2691 631 2746 mine
677 2691 830 2764 loqui
877 2695 1177 2770 videatur].
1219 2700 1298 2755 Ne
1357 2700 1645 2772 formides,
1707 2707 1907 2776 inquit,
1965 2718 2060 2762 aut

480 2785 690 2854 cogites
737 2788 886 2858 quod
941 2789 1177 2846 humana
1242 2794 1384 2850 Deus
1429 2809 1536 2850 non
1601 2798 1852 2869 aspiciat.
1910 2799 2056 2856 Nihil

480 2879 628 2932 enim
660 2894 849 2934 eorum
883 2880 1180 2940 descendet
1206 2902 1329 2942 cum
1373 2889 1468 2945 illo
1496 2890 1552 2944 in
1592 2890 1874 2950 lnfernum
1907 2913 1919 2949 :
1959 2899 2053 2950 sed

481 2967 665 3026 nudus
691 2971 865 3028 abibit
905 2975 1114 3033 relictis
1147 2979 1426 3037 onmihus.
1461 2980 1706 3037 Gloriam
1736 2994 1918 3040 autem
1952 2986 2055 3042 doc

2164 483 2340 548 ἔσται,
2396 489 2696 551 τουτέστιν,
2741 490 2840 543 οὐκ
2895 490 3073 544 ἔσται.
3117 491 3190 545 Τὸ
3225 492 3455 562 μὲνγὰρ
3483 492 3738 552 παλαιὸν,

2164 575 2471 645 ἄχρηστονο
2505 578 2566 631 τὸ
2623 579 2666 632 δ’
2693 580 2989 650 ἄχρηστον,
3052 582 3153 652 ἤδη
3220 583 3294 652 μὴ
3348 581 3428 636 ὃν.
3473 582 3743 653 Ἐθάρῤη-

2165 684 2287 731 σαν,
2344 671 2496 740 φησὶ,
2533 675 2599 741 τῇ
2634 671 2858 744 βοηθείᾳ
2897 673 2991 726 τοῦ
3020 673 3254 728 πλούτου
3289 678 3383 727 καὶ
3407 675 3512 727 τῶν
3545 677 3741 743 φίλων,

2161 761 2284 831 ἥτις
2313 763 2371 814 ἐν
2401 764 2478 834 τῷ
2629 766 2688 817 οὐ
2718 768 3104 836 χρησιμεύσει,
3141 768 3280 820 διότι
3325 769 3425 820 οὐκ
3467 767 3578 821 ἐστι
3611 786 3742 822 συνο

2162 855 2532 910 διαϐαίνουσα.

2248 1039 2349 1093 Ἐκ
2411 1038 2520 1107 τῆς
2563 1039 2751 1106 δόξης
2808 1039 3009 1094 αὐτῶν
3064 1040 3446 1106 ἐξώσθησαν.
3502 1040 3611 1092 Καὶ
3676 1041 3740 1091 οὗ

2164 1131 2337 1185 ταῦτα
2364 1132 2702 1185 πεπόνθασιν
2755 1134 3004 1203 ἑλόμενοι
3039 1133 3138 1202 τὴν
3171 1133 3416 1200 ἀλογίαν,
3474 1132 3612 1185 ἀλλὰ
3646 1138 3743 1184 καὶ

2163 1223 2262 1291 τὴν
2309 1223 2467 1286 δόξαν
2517 1222 2827 1290 ἀπώλεσαν,
2897 1223 2966 1276 δι’
3018 1223 3084 1293 ἣν
3133 1225 3239 1294 ἄρα
3283 1223 3378 1276 καὶ
3432 1222 3739 1275 ἀπώλοντο.

2177 1316 2554 1370 Ἐσπούδασαν
2610 1320 2708 1386 μὲν
2756 1316 2865 1387 γὰρ
2917 1316 3140 1387 μνήμην
3169 1315 3392 1367 ἐπαίνου
3416 1314 3744 1366 καταλιπεῖν

2153 1410 2380 1472 ἑαυτοῖς
2403 1425 2417 1438 ·
2447 1408 2723 1463 ἀπέϐαλον
2747 1407 2804 1460 δὲ
2836 1408 2928 1461 καὶ
2964 1407 3187 1476 ταύτην,
3228 1407 3259 1475 ἢ
3293 1404 3742 1476 ἁμαυρωθεῖταν,

2163 1500 2195 1570 ἢ
2246 1501 2340 1553 καὶ
2375 1501 2453 1563 εἰς
2478 1500 2647 1570 ψόγον
2684 1500 3294 1569 ἀντιπεριχωρήσασαν.

2234 1675 2408 1744 Πλὴν
2440 1678 2470 1731 ὁ
2513 1674 2659 1740 Θεὸς
2700 1671 3073 1742 λυτρώσεται
3099 1670 3215 1739 τὴν
3249 1669 3462 1740 ψυχήν
3501 1687 3622 1738 μου
3671 1672 3742 1726 ἐκ

2165 1771 2362 1838 χειρὸς
2393 1768 2563 1836 ᾅδου,
2591 1766 2739 1820 ὅταν
2772 1764 3048 1834 λαμϐάνῃ
3067 1782 3166 1834 με.
3197 1763 3513 1834 Προφητεία
3541 1762 3704 1816 τοῦτο
3726 1779 3741 1793 ·

2167 1863 2293 1932 περί
2326 1879 2384 1913 τε
2442 1865 2540 1930 τῆς
2594 1857 3065 1928 ὲνανῦρωπήσεως
3114 1856 3209 1909 τοῦ
3273 1855 3434 1920 Θεοῦ,
3497 1855 3595 1909 καὶ
3643 1859 3743 1926 τῆς

2164 1954 2479 2024 ἐλευθερίας
2505 1952 2614 2005 τῶν
2637 1953 2693 2005 ὲν
2732 1951 2834 2022 ᾅδῃ
2877 1947 3091 2019 ψυχῶν.
3157 1947 3534 2018 Δυτρὼσεται,
3560 1947 3741 2035 φησὶ,

2163 2049 2261 2119 τὴν
2283 2048 2465 2116 ψυχήν
2500 2063 2625 2116 μου,
2653 2045 2781 2098 ὅταν
2814 2043 3072 2114 λαμϐάνῃ
3134 2058 3201 2110 με
3231 2035 3382 2094 οἷκον
3431 2036 3610 2108 ἑαυτῷ
3653 2037 3744 2092 διὰ

2163 2141 2261 2212 τῆς
2291 2139 2790 2209 ὲνανθρωπήσεως.

2234 2261 2330 2325 Μὴ
2355 2257 2568 2327 φοϐοῦ,
2618 2257 2765 2310 ὅταν
2797 2252 3121 2320 πλουτήσῃ
3151 2252 3491 2319 ἄνθρωπος,
3527 2247 3564 2316 ἢ
3596 2247 3743 2301 ὅταν·

2161 2350 2487 2420 πληθυνθῇ
2519 2353 2556 2419 ἡ
2584 2349 2734 2414 δόξα
2793 2348 2898 2402 τοῦ
2938 2349 3109 2402 οἷκου
3156 2345 3365 2405 αὐτοῦ,
3392 2343 3482 2396 ὅτι
3521 2343 3636 2395 οὐκ
3673 2339 3742 2391 ἐν

2161 2447 2242 2511 τῷ
2268 2443 2684 2510 ἀποθνήσκειν
2725 2443 2912 2495 αὑτὸν
2963 2439 3225 2508 λήψεται
3251 2438 3324 2491 τὰ
3355 2435 3570 2498 πάντα,
3598 2431 3743 2486 οὐδὲ

2159 2518 2684 2606 συγκαταϐήσεται
2716 2533 2877 2598 αὐτῷ
2905 2533 2942 2598 ἠ
2971 2532 3121 2596 δόξα
3157 2528 3366 2585 αὐτοῦ.
3413 2527 3738 2596 ’Ἄνθρωπον

2160 2630 2573 2698 ὲνταῦΘαΙλέγει,
2594 2629 2686 2681 τὸν
2716 2628 2920 2682 ἄδικον.
2951 2627 3043 2696 Μὴ
3064 2626 3329 2694 πτοηθῇς,
3356 2622 3541 2691 φησὶν,
3566 2619 3642 2680 ὡς
3665 2618 3742 2687 μή

2159 2721 2462 2794 ἐφορῶντος
2484 2719 2577 2773 τοῦ
2609 2719 2744 2772 Θεοῦ
2769 2717 2837 2771 τὰ
2859 2717 3196 2786 ἀνθρώπινα’
3218 2713 3372 2766 οὐδὲν
3405 2711 3510 2782 γὰρ
3535 2708 3741 2761 τούτων

2161 2813 2641 2883 συγκαταϐήσεται
2671 2809 2820 2880 αὐτῷ
2843 2812 2924 2873 εἰς
2960 2809 3118 2881 ᾅδην,
3158 2807 3293 2860 ἀλλὰ
3350 2802 3556 2874 γυμνὸς
3609 2802 3743 2854 πάνθ

2159 2925 2265 2961 των
2305 2905 2690 2960 ἀπελεύσεται.
2757 2903 2924 2968 Δόξαν
2947 2903 3004 2956 δὲ
3033 2900 3224 2963 εἰπὼν,
3252 2899 3403 2966 λέγει
3431 2897 3530 2967 τὴν
3560 2911 3736 2964 μεγα-

2158 2999 2406 3070 λωσύνην
2435 3038 2452 3064 ,
2499 2997 2590 3050 τὸν
2641 2997 2846 3064 ὄγκον,
2890 2995 2988 3065 τὴν
3045 2992 3424 3065 περιφάνειαν.
3481 2989 3593 3060 (78)
3666 2986 3742 3041 ἸΙ

482 3075 626 3124 mus,
661 3065 1120 3132 magnificentiam
1143 3084 1239 3126 seu
1271 3069 1469 3126 fastum
1499 3076 1737 3144 appellat
1767 3083 1820 3130 et
1841 3078 2053 3133 vivendi

2164 3093 2314 3158 δόξα
2336 3090 2442 3145 τοῦ
2464 3090 2637 3143 οἴκου
2667 3087 3018 3153 αὺτοῦ-δόξα
3041 3085 3141 3154 μὲν
3172 3084 3344 3145 οἴκου,
3382 3081 3558 3138 στοαὶ,
3585 3076 3740 3146 περί-

484 3153 820 3222 superbiam.
857 3157 956 3212 Vel
993 3159 1158 3214 aliter
1198 3177 1213 3215 :
1261 3161 1448 3217 Gloria
1487 3165 1675 3220 damus
1711 3167 1902 3232 ipsius,
1959 3170 2059 3226 do-

483 3261 611 3301 mus
639 3256 765 3304 sunt
795 3261 1143 3319 ornamenta,
1179 3263 1237 3309 ut
1262 3257 1526 3326 porticus,
1563 3259 2059 3330 deambulationes,

485 3354 676 3399 aurata
735 3352 901 3406 tecta,
953 3346 1352 3415 pavimentum,
1391 3351 1648 3405 animalia
1694 3355 1805 3409 illic
1861 3356 2062 3426 lapillis

485 3433 765 3501 distincta,
793 3443 971 3505 prata,
995 3434 1161 3500 horti,
1189 3452 1473 3494 servorum
1501 3456 1714 3514 greges.
1741 3456 2062 3515 sumptuosa

484 3525 750 3594 supellex,
803 3533 858 3580 et
887 3540 1039 3592 vasa,
1076 3537 1171 3583 aut
1197 3529 1240 3585 si
1281 3531 1412 3601 quid
1436 3532 1581 3586 aliud
1632 3534 1900 3604 ejusmodi
1957 3548 2061 3594 est.

483 3615 669 3672 Gtoria
705 3627 886 3674 autem
919 3622 1189 3691 corporis,
1249 3623 1514 3679 fortitudo
1544 3635 1652 3693 est,
1689 3629 2065 3698 pulchritudo,

483 3719 538 3765 et
564 3712 890 3781 proceritas.
935 3712 1121 3770 Gloria
1153 3731 1287 3772 vero
1321 3717 1540 3783 animae,
1568 3719 1682 3774 sola
1729 3721 1927 3778 virtus.
1960 3725 2065 3779 Rc-

484 3812 595 3858 3tat
643 3804 831 3874 igitur,
875 3814 934 3860 ut
965 3805 1128 3861 verba
1164 3807 1251 3862 illa
1303 3809 1586 3878 Propheta:
1617 3830 1630 3866 :
1669 3811 1852 3868 Omnis
1889 3815 2064 3886 gloria

483 3894 731 3960 hominis,
768 3897 902 3950 sicut
930 3897 1111 3962 herba,
1148 3899 1224 3954 vel
1253 3901 1387 3955 sicut
1412 3901 1512 3970 ﬂos
1559 3902 1752 3971 herbte,
1780 3905 1848 3960 de
1872 3921 2067 3977 corpo-

484 3988 564 4043 ris
587 3989 761 4058 gloria
793 3990 937 4045 dicta
973 4007 1098 4048 esse
1134 3994 1530 4067 intelligantur.

557 4099 726 4158 Vens.
766 4103 852 4159 i9.
905 4104 1179 4171 Quoniam
1241 4109 1422 4162 anima
1475 4110 1593 4178 ejus
1634 4112 1686 4165 in
1737 4114 1846 4166 vita
1896 4112 2063 4180 ipsius

487 4195 836 4251 benedicatur.
868 4197 990 4268 Ipse
1014 4199 1160 4253 enim
1191 4199 1320 4255 dum
1355 4202 1557 4258 vixerit
1595 4203 1789 4258 beatus
1826 4203 2060 4270 dicetur,

485 4292 540 4340 et
571 4285 886 4344 laudabitur
911 4291 978 4344 ab
1009 4290 1098 4356 iis,
1122 4291 1214 4361 qui
1244 4293 1519 4361 ignorant,
1558 4310 1807 4365 quaenam
1843 4295 1911 4349 sil
1936 4312 2063 4352 vera

2165 3202 2348 3248 πατοι,
2382 3182 2617 3254 χρυσοῦς
2641 3181 2860 3250 δροφος,
2898 3179 3112 3248 ἔδαφος,
3137 3177 3252 3241 ζῶα
3307 3175 3505 3242 ψηφῖσι
3540 3170 3744 3240 διηνθι-

2166 3279 2367 3348 σμένα,
2410 3275 2695 3347 λειμῶνες,
2757 3272 3100 3342 παράδεισοι,
3135 3265 3489 3338 ἀνδραπόδων
3527 3262 3740 3330 ἀγέλαι,

2167 3366 2434 3436 πολυτελῆ
2486 3363 2712 3425 ἔπιπλα,
2763 3367 2856 3414 καὶ
2914 3359 3107 3428 σκεύη,
3168 3361 3263 3413 καὶ
3290 3358 3343 3411 εἴ
3374 3374 3426 3410 τι
3454 3354 3697 3408 τοιοῦτον
3723 3370 3738 3384 ·

2163 3460 2292 3527 δόξα
2317 3458 2373 3512 δὲ
2402 3457 2658 3529 σώματος
2691 3455 2789 3526 μὲν
2813 3452 3126 3526 ἀνθρώπου,
3163 3452 3348 3521 ῥώμη,
3375 3450 3469 3502 καὶ
3522 3447 3741 3510 καλλος,

2165 3553 2260 3606 καὶ
2292 3550 2545 3621 μέγεθος,
2612 3551 2704 3602 καὶ
2733 3548 2802 3601 τὰ
2852 3547 3078 3600 τοιαῦτα
3099 3561 3113 3576 ο
3144 3543 3272 3609 δόξα
3305 3543 3362 3596 δὲ
3391 3541 3594 3610 ψυχῆς.
3646 3539 3743 3608 μό-

2165 3663 2254 3700 νον
2284 3647 2315 3714 ἠ
2346 3644 2547 3714 ἀρετή·
2577 3643 2764 3695 λοιπὸν
2786 3640 2878 3694 οὖν
2909 3641 2968 3693 τό
2987 3657 3010 3673 θ
3035 3637 3207 3694 Πᾶσα
3230 3637 3378 3696 δόξα
3403 3631 3741 3698 ἀνθρώπου,

2163 3739 2244 3805 ὡς
2266 3739 2501 3807 χόρτος,
2529 3737 2567 3804 ἢ
2592 3737 2672 3802 ὠς
2694 3735 2872 3797 ἄνθος
2898 3731 3270 3803 χόρτου,περὶ
3293 3731 3390 3800 τῆς
3422 3725 3742 3798 σωματικῆς

2167 3831 2396 3901 νοοῦμεν
2433 3828 2686 3900 εἰρῆσθαι
2708 3826 2886 3896 δόξης.

2238 4122 2365 4174 Ὀτι
2394 4121 2433 4188 ἠ
2465 4118 2637 4189 ψυχὴ
2664 4118 2852 4174 αὐτοῦ
2887 4118 2957 4172 ἐν
2985 4115 3059 4185 τῇ
3083 4115 3196 4184 ζωῇ
3213 4115 3398 4170 αὐτοῦ
3416 4111 3743 4183 εὐλογηθή-

2165 4230 2354 4268 σεται.
2413 4214 2522 4267 Καὶ
2579 4212 2689 4283 γὰρ
2746 4210 2910 4274 αὐτὸς
2967 4211 3072 4274 ἕως
3129 4210 3194 4263 ἂν
3229 4208 3318 4279 ζῇ,
3351 4208 3740 4278 μακαρίσεται.

2167 4303 2581 4375 εὐφημούμενος
2604 4301 2756 4374 παρὰ
2795 4301 2902 4356 τῶν
2929 4301 3288 4369 ἀγνοούντων,
3316 4299 3402 4362 τίς
3432 4300 3464 4368 ὴ
3499 4295 3743 4367 μακαρία

485 4378 612 4434 vita:
647 4379 951 4437 beatitudo.
994 4381 1129 4439 Nam
1161 4385 1250 4440 ubi
1279 4395 1529 4443 mortuus
1558 4387 1746 4453 fuerit,
1778 4389 2056 4444 contraria

2166 4396 2312 4468 ζωή·
2345 4397 2768 4468 τελευτήσαντος
2798 4394 2876 4461 δὲ,
2917 4391 3178 4449 τάναντία
3220 4391 3491 4445 πείσεται.

487 4482 718 4539 prorsus
740 4472 1002 4541 patietur.

559 4583 909 4654 Conﬁtebitur
941 4588 1036 4644 tibi
1068 4606 1188 4644 cum
1233 4590 1364 4645 bene
1401 4591 1588 4660 feceris
1620 4593 1692 4647 ei.
1726 4591 1906 4648 Verba
1947 4593 2064 4648 haec

487 4675 555 4730 ad
583 4692 876 4747 pauperem
907 4681 1047 4736 dicta
1080 4693 1232 4740 sunt.
1252 4682 1377 4752 Ubi,
1404 4685 1605 4755 inquit,
1631 4686 1795 4752 bona,
1823 4687 1924 4740 hoc
1953 4695 2060 4755 est,

487 4776 642 4837 grata
683 4771 731 4824 ei
778 4771 999 4840 feceris,
1055 4783 1190 4832 tunc
1240 4786 1453 4834 tantum
1511 4777 1607 4834 tibi
1659 4786 1782 4850 aget
1832 4781 2061 4850 gratias.

486 4855 623 4913 Nam
658 4865 1002 4931 postmodum
1033 4869 1300 4940 despiciet
1335 4878 1499 4942 atque
1531 4879 1868 4938 contemnet,
1921 4880 2064 4925 tam-

488 4953 593 5007 etsi
629 4954 682 5009 in
719 4961 870 5014 omni
931 4963 1200 5018 virtutum
1258 4980 1463 5034 genere
1518 4964 1838 5035 profeceris.
1879 4964 2067 5021 Dicere

488 5044 656 5098 etiam
709 5063 1027 5117 possumus.
1069 5055 1213 5124 quod
1251 5055 1368 5112 haec
1403 5060 1568 5113 verba
1606 5073 1700 5127 per
1735 5056 2063 5130 Prophetam

486 5131 556 5188 ad
592 5134 760 5191 Deum
793 5139 858 5194 de
889 5141 1098 5212 injuste
1129 5143 1350 5200 homine
1383 5145 1529 5200 dicta
1561 5145 1691 5210 sint,
1726 5161 1790 5199 ac
1823 5147 1868 5201 si
1899 5146 2052 5199 diee-

487 5235 572 5281 ret
597 5245 611 5281 :
636 5229 865 5295 Quoties
895 5250 1063 5303 pravo
1092 5237 1220 5290 huic
1252 5237 1458 5291 homini
1490 5237 1817 5292 beneﬁcium
1847 5236 2064 5305 aliquod

2251 4598 2796 4669 Ἐξομολογήσεται
2825 4611 2945 4661 σοι,
2999 4595 3147 4650 ὅταν
3193 4595 3505 4665 ἀγαούνῃς
3558 4587 3743 4654 αὐτῷ.

2169 4693 2312 4764 Πρὸς
2329 4693 2419 4745 τὸν
2445 4693 2652 4757 πένητα
2677 4693 2705 4744 ὁ
2725 4690 2905 4759 λόγος,
2923 4691 3005 4744 ὅτι
3030 4689 3202 4743 Ὅταν
3224 4687 3427 4755 ἀγαθὰ.
3447 4685 3743 4744 τουτέστιν,

2170 4787 2441 4856 εὐάρεστα
2508 4783 2744 4856 ποιήσῃς
2783 4781 2956 4852 αὐτῷ,
3008 4783 3132 4834 τότε
3165 4781 3326 4850 μόνον
3358 4775 3745 4847 εὐχαριστήσει

2172 4890 2274 4930 σοι’
2297 4875 2354 4928 τὸ
2384 4874 2427 4926 δ’
2451 4874 2600 4938 ἑξῆς,
2617 4877 3043 4944 καταφρονήσει,
3062 4874 3158 4926 καὶ
3191 4870 3542 4941 ὑπερόψεται.
3576 4868 3626 4918 εἰ
3653 4865 3751 4917 καὶ

2172 4965 2541 5037 κατορθώσεις
2570 4966 2790 5017 ἅπασαν
2820 4965 3044 5034 ἀρετήν.
3081 4964 3151 5015 Ἤ
3195 4963 3288 5015 καὶ
3321 4962 3455 5032 πρὸς
3499 4959 3592 5010 τὸν
3616 4957 3752 5010 θεὸν

2171 5058 2388 5129 εἴρηται
2420 5056 2613 5120 ταῦτα,
2646 5057 2726 5109 ὅτι
2751 5056 2921 5109 Ὅταν
2943 5055 3356 5127 ἀγαθοποιήσῃς
3387 5051 3555 5121 αὐτῷ,
3583 5051 3748 5118 εὐχα-

2165 5148 2446 5221 ριστήσει·
2477 5148 2608 5200 ὅταν
2637 5146 2692 5200 δὲ
2744 5147 2982 5216 συντύχῃ
3035 5146 3257 5208 λύπαις,
3318 5141 3705 5214 βλασφημήσει
3731 5151 3746 5168 ·

2176 5239 2203 5289 ὁ
2228 5236 2286 5288 δὲ
2330 5235 2541 5299 δίκαιος
2593 5235 2878 5306 εὐλογήσει
2909 5236 2997 5288 τὸν
3024 5235 3227 5305 Κύριον
3258 5236 3316 5286 ὲν
3359 5234 3524 5287 παντὶ
3545 5228 3748 5299 καιρῷ.

490 5314 814 5394 contuleris,
862 5341 993 5384 tunc
1024 5330 1228 5400 gratias
1258 5330 1360 5384 tibi
1409 5340 1564 5399 aget:
1608 5345 1794 5385 verum
1835 5330 1879 5385 si
1929 5345 2051 5398 quae
2093 5328 2168 5381 illi
2206 5330 2550 5384 calamitates
2581 5329 2926 5392 obvenerint,
2961 5327 3027 5382 ad
3065 5327 3435 5400 blasphemias
3510 5332 3566 5381 et
3633 5339 3750 5381 ma-

490 5413 687 5474 ledicta
717 5421 996 5494 confugiet
1032 5439 1045 5475 :
1084 5437 1194 5477 non
1238 5421 1317 5478 sic
1347 5432 1526 5477 autem
1576 5423 1788 5493 justus,
1833 5420 1926 5476 sed
1970 5421 2261 5477 benedicet
2296 5423 2588 5478 Dominum
2623 5422 2678 5478 iu
2708 5424 2855 5479 omni
2883 5431 3147 5491 tempore.

1845 5601 2043 5662 Varia)
2070 5601 2396 5663 lectiones.

566 5725 676 5796 (73)
705 5729 828 5785 (Lee
877 5747 1052 5801 usque
1081 5729 1145 5786 ad
1183 5726 1579 5786 Commentarii
1627 5727 1789 5782 tinem
1817 5726 1868 5782 in
1898 5725 2002 5782 alio
2037 5725 2171 5781 Cod.
2202 5724 2606 5789 desiderantur,
