4072 6202
271 292 377 357 545

1427 288 1817 351 COMMENT.
1850 289 1930 349 IN
1970 287 2334 348 PSALMOS.

3416 293 3523 354 546

339 405 447 460 Καὶ
488 403 778 472 ὡραιότης
824 400 1011 471 ἀγροῦ
1046 402 1172 470 μετ’
1202 400 1350 470 ἐμοῦ
1393 389 1585 457 ἐστιν.
1629 404 1838 472 Ὠραιόυ

2025 399 2090 454 Et
2107 398 2578 469 pulchritudo'agri
2603 415 2804 454 mecum
2827 381 2922 454 est.
2943 401 3043 456 Per
3068 403 3528 472 pulchritudinem

269 517 409 570 τητα
463 498 726 552 ἐκάλεσεν
771 494 946 567 ἀγροῦ
993 495 1122 558 τοὺς
1170 495 1230 562 ἐξ
1281 496 1468 567 ἀγρῶν
1537 497 1840 566 φυομένους

270 587 559 660 καρπούςο
611 584 790 640 ταῦτα
845 585 955 656 γὰρ
1004 584 1100 638 καὶ
1131 585 1330 648 κάλλος
1358 585 1464 637 εἰσὶ
1495 585 1590 637 τοῦ
1643 584 1839 655 ἀγροῦ,

270 682 362 734 καὶ
388 681 567 750 ὡραῖα
595 677 683 730 διὰ
718 677 819 740 τὰς
850 676 1000 746 ὥρας
1027 675 1120 730 τοῦ
1153 675 1404 730 ἐνιαυτοῦ
1458 675 1842 744 ὀνομάζονται.

267 775 411 828 Μετ’
440 769 590 841 ἐμοῦ
618 771 674 823 δέ
709 769 902 834 ἐστιν,
930 770 1049 821 ἀντὶ
1081 767 1199 831 τοῦ,
1258 767 1394 836 Παρ’
1423 767 1569 836 ἐμοὶ,
1601 768 1658 818 ἐν
1693 766 1845 830 ἐξου-

268 867 358 938 σίᾳ
415 882 538 935 μου.
577 865 719 933 Ὅρα
762 863 817 914 δὲ
875 862 991 923 πῶς
1051 859 1394 922 συνοπτικῶς
1454 859 1845 928 ’ἐμνημόνευσε

263 961 490 1011 πάντων
511 973 524 986 ·
562 955 968 1026 προσεφέροντο
993 952 1099 1023 γὰρ
1127 953 1206 1014 εἰς
1235 951 1428 1003 θυσίαν
1464 951 1574 1003 ἀπὸ
1612 949 1711 1018 μὲν
1734 949 1844 1002 τῶν

265 1048 641 1120 τετραπόδων,
692 1046 837 1117 βόες,
885 1047 978 1098 καὶ
1005 1047 1222 1115 τράγοι,
1270 1044 1364 1095 καὶ
1418 1042 1704 1111 πρόδατα’
1735 1040 1844 1093 ἀπὸ

265 1144 321 1196 δὲ
375 1143 485 1198 τῶν
527 1139 818 1201 πετεινῶν,
863 1137 1208 1206 περιστεραὶ,
1261 1134 1354 1187 καὶ
1401 1133 1694 1202 τρυγόνε;”
1737 1131 1846 1184 ἀπὸ

264 1238 319 1289 δὲ
352 1235 464 1288 τῶν
497 1232 747 1303 καρπῶν,
782 1228 1088 1300 σεμίδαλις,
1117 1229 1212 1280 καὶ
1243 1223 1408 1288 οἶνος,
1449 1224 1543 1276 καὶ
1571 1224 1771 1276 ἔλαιον.

1946 493 2061 562 agri
2099 493 2313 547 fructus
2357 492 2606 562 intelligit
2644 493 2736 562 qui
2787 494 2840 546 in
2869 495 3015 562 agris
3052 506 3377 558 nascuntur.
3435 501 3529 568 qui

1942 585 2104 640 etiam
2134 584 2596 656 pulchritudinem
2621 585 2913 654 quamdam
2950 595 3114 655 atque
3143 600 3528 644 ornamentum

1947 676 2094 744 agris
2118 674 2374 729 omnibus
2391 683 2673 744 praestant.
2710 673 2774 727 Et
2791 675 2918 744 quia
2941 674 3125 730 Graeca
3147 677 3318 731 dictio
3333 677 3533 745 ὡραιό-

1950 783 2075 836 της,
2114 781 2222 820 non
2257 765 2730 834 pulchritudinem
2769 775 3006 832 tantum,
3053 769 3148 821 sed
3187 770 3534 837 tempestivi-

1953 865 2121 911 tatem
2160 857 2324 910 etiam
2358 858 2652 924 signiﬁcat,
2683 874 2803 927 quae
2844 859 2898 912 in
2923 859 3068 928 agris
3119 858 3174 912 id
3226 859 3411 928 eﬁicit,
3470 870 3530 915 ut

1952 949 2070 1002 suis
2100 964 2332 1018 quaeque
2358 949 2699 1018 temporibus
2753 950 2893 1004 miro
2929 949 3122 1005 ordine
3182 956 3524 1020 proveniant,

1952 1041 2042 1095 dic
2065 1041 2212 1111 quod
2254 1042 2398 1096 hanc
2431 1042 2917 1110 tempestivitatem
2993 1041 3137 1098 Deus
3185 1058 3370 1097 secum
3405 1061 3530 1100 esse

1959 1133 2114 1199 dicit,
2171 1134 2298 1203 quia
2349 1134 2400 1187 in
2444 1134 2565 1202 ejus
2615 1134 2876 1200 facultate
2931 1142 3040 1201 est,
3077 1151 3197 1190 eam
3266 1146 3528 1205 prmslare

1953 1225 2101 1295 agris
2135 1232 2228 1279 aut
2253 1238 2472 1294 negare.
2493 1223 2557 1276 Et
2574 1226 2860 1279 considera
2881 1240 3042 1293 quam
3077 1227 3524 1296 paucisomnium

269 1329 609 1389 meminerit,
637 1341 757 1395 qua:
791 1328 843 1378 in
883 1321 1158 1378 sacriﬁcio
1209 1318 1600 1374 offerebantur.
1633 1313 2018 1370 Oﬁcrebantur
2056 1316 2202 1371 enim
2236 1331 2303 1371 ex
2337 1315 2788 1385 quadrupedibus
2851 1319 3042 1382 boves,
3122 1319 3284 1384 hirci,
3355 1330 3527 1391 atque

271 1442 437 1492 Oves;
481 1441 546 1480 ex
578 1421 922 1485 volucribus,
957 1418 1245 1480 columbae,
1277 1425 1330 1470 et
1357 1422 1598 1468 turtures
1639 1418 1734 1465 :et
1770 1424 1836 1463 ex
1877 1417 2040 1465 terrm
2102 1410 2376 1482 frugibus,
2429 1411 2614 1480 siligo,
2643 1412 2854 1476 vinum,
2886 1423 3052 1481 atque
3079 1413 3285 1467 oleum.

356 1519 499 1574 Ἐὰν
520 1515 809 1582 πεινάσω,
837 1516 909 1567 οὐ
945 1511 1028 1582 μή
1070 1527 1170 1564 σοι
1200 1509 1368 1561 εἴπω.
1407 1504 1575 1557 Τοῦτο
1609 1502 1726 1555 κατ’
1763 1501 1844 1552 ei.

275 1612 501 1683 ρωνείαν
531 1605 674 1671 εἶπε,
729 1605 1003 1673 διασύρων
1045 1601 1140 1671 τὴν
1167 1598 1348 1653 αὐτῶν
1387 1594 1699 1665 παχύτητα,
1742 1592 1846 1643 olo-

277 1706 453 1775 μένων
491 1702 582 1755 τὸν
621 1700 756 1752 Θεὸν
802 1696 1011 1750 δεῖσθαι
1065 1694 1173 1746 τῶν
1219 1689 1420 1743 θυσιῶν
1484 1688 1563 1748 είς
1617 1681 1844 1753 βρῶσιν.

271 1771 441 1866 «bri-31v
483 1793 598 1857 οὖν,
630 1793 712 1844 ὅτι
745 1790 852 1843 Καὶ
887 1791 936 1841 εἰ
987 1785 1162 1857 ὀρθῶς
1199 1779 1606 1849 ὑπελάμϐανες,
1639 1775 1740 1826 οὐκ
1780 1771 1845 1824 ἂν

273 1865 499 1957 ἐζήτουν
529 1887 722 1954 φαγεῖν
762 1881 870 1936 ἀπὸ
903 1880 1019 1933 σοῦ.
1048 1879 1159 1932 Καὶ
1188 1877 1422 1930 ἄκουσον
1447 1873 1542 1939 τὴν
1573 1865 1772 1919 αἰτίαν.

353 2066 500 2134 Ἐμὴ
538 2065 643 2134 γάρ
673 2065 849 2118 ἐστιν
889 2062 927 2128 ἡ
961 2058 1285 2127 οἰκουμένη
1336 2050 1528 2106 καὶτὸ
1559 2043 1851 2112 πλήρωμα

269 2158 484 2226 αὐτῆς.
523 2156 694 2226 Ἑμῆς
726 2153 916 2222 οὔσης,
941 2150 1134 2204 ἔλαϐον
1168 2148 1234 2202 ἂν
1271 2147 1456 2206 αὑτός.

2019 1501 2187 1558 Vens.
2221 1503 2309 1556 12,
2337 1502 2399 1556 Si
2415 1504 2672 1568 esuriero,
2705 1520 2805 1556 non
2837 1504 3011 1556 dicam
3037 1505 3150 1558 tibi.
3172 1503 3273 1558 Per
3297 1505 3526 1559 ironiam

1945 1593 2052 1647 hoc
2101 1593 2257 1659 dicit,
2315 1594 2656 1660 redargueus
2703 1609 2894 1648 corum
2949 1596 3394 1660 crassitudinem,
3431 1599 3524 1667 qui

1948 1684 2224 1754 putabant
2245 1698 2402 1752 cgere
2441 1685 2608 1739 Deum
2642 1683 2933 1741 sacriﬁciis
2960 1684 3028 1738 ad
3058 1685 3525 1749 manducandum,

1947 1789 2012 1828 ac
2041 1775 2085 1828 si
2121 1774 2379 1829 diceret:
2418 1773 2659 1830 Tametsi
2715 1782 2773 1829 tu
2838 1775 2890 1830 id
2955 1785 3105 1831 recte
3157 1778 3524 1842 existimares,

1879 1904 1922 1959 Β
1948 1881 2052 1936 ego
2077 1874 2273 1959 tamen
2287 1880 2314 1917 a
2347 1876 2398 1920 te
2429 1866 2916 1959 nullumpeterem
2948 1866 3132 1922 cibum
3191 1868 3259 1922 ad
3295 1870 3528 1924 mandu-

1947 1957 2210 2009 candum.
2233 1953 2300 2008 Et
2323 1969 2548 2010 causam
2577 1953 2806 2022 subjicit
2845 1971 2862 2010 :

2018 2043 2164 2096 Meus
2186 2051 2263 2097 est
2285 2045 2425 2097 enim
2463 2043 2608 2096 orbis
2641 2052 2794 2096 terra:
2825 2051 2874 2123 et
2904 2043 3184 2112 plenitudo
3210 2045 3344 2114 ejus.
3387 2045 3525 2101 Cum

1956 2130 2127 2200 igitur
2152 2147 2271 2186 mea
2299 2133 2371 2187 sit
2398 2139 2567 2195 terra,
2605 2146 2820 2187 sumam
2863 2147 2985 2202 ego,
3041 2132 3088 2189 si
3151 2148 3292 2201 opus
3337 2134 3524 2200 fuerit,

272 2271 301 2306 a
333 2223 423 2305 me
457 2223 1029 2321 ipso-[quodcumque
1082 2245 1331 2299 libuerit.
1367 2239 1475 2296 Sed
1515 2237 1642 2307 quia
1681 2229 1842 2286 nullis
1885 2223 2029 2279 Deus
2092 2224 2406 2293 hujusmodi
2463 2223 2802 2295 adiumentis
2857 2224 3087 2294 indiget,
3169 2226 3298 2280 audi
3395 2227 3527 2296 quid

271 2343 464 2416 dicat].

340 2441 436 2504 Μὴ
473 2437 734 2507 adiuuat
771 2434 884 2504 (79)
915 2431 1060 2501 κρέα
1094 2431 1347 2499 ταύρων,
1375 2428 1412 2496 ἢ
1438 2423 1580 2496 αἷμα
1611 2420 1842 2490 τράξων

272 2533 515 2598 πίομαι;
555 2529 691 2584 Κατ’
719 2527 989 2596 ἐρώτησιν
1022 2524 1102 2578 ἔτι
1133 2521 1469 2591 πλατύτερον
1502 2517 1714 2584 ἐλέγχει
1744 2511 1842 2581 τὴν

273 2627 461 2679 ἄνοιαν
494 2622 707 2676 αὐτῶνο
746 2620 838 2690 Μὴ
889 2620 1020 2688 γὰρ,
1049 2616 1235 2686 φησὶν,
1286 2614 1360 2676 ὡς
1403 2613 1452 2664 οί
1498 2606 1843 2678 ψευδώνυμοι

275 2717 388 2768 θεοὶ
437 2713 549 2766 τῶν
587 2712 779 2774 ἐθνῶν,
842 2709 1102 2773 τοιαύτης
1170 2703 1427 2774 βρώσεως
1468 2700 1562 2752 καὶ
1632 2697 1844 2761 πόσεως

272 2807 598 2874 ἐπιδέομαι;
658 2805 861 2868 ὅπουγε
911 2799 1008 2852 καλ⁵
1045 2797 1232 2849 πολλοὶ
1278 2796 1384 2848 τῶν
1415 2788 1845 2856 ἐπιεικεστέρων

271 2899 578 2966 ἀνθρώπων
610 2894 1048 2965 ἀποστρέφονται
1077 2891 1281 2958 ταῦτην
1322 2886 1418 2940 καὶ
1471 2882 1846 2938 διαπτύουσιν.

348 3069 553 3133 Θῦονον
574 3076 654 3142 τῷ
688 3073 809 3139 Θεῷ
829 3073 1054 3129 θυσίαν
1080 3067 1390 3130 αἰνέσεως.
1409 3063 1558 3134 Ὀρα
1596 3057 1849 3129 φανερῶς

274 3165 688 3234 ἐκϐαλλομένην
721 3162 820 3232 τὴν
845 3158 1076 3229 νομικὴν
1105 3153 1383 3224 λατρείαν,
1407 3151 1500 3202 καὶ
1525 3149 1847 3209 ἀντεισαγοο-

2021 2405 2190 2461 VEIts.
2221 2406 2308 2461 15.
2353 2402 2612 2473 Nunquid
2643 2402 2972 2456 mauducabu
3012 2418 3198 2457 carnes
3226 2412 3526 2470 taurorum,

1949 2509 2038 2550 aut
2061 2497 2366 2566 sanguinem
2388 2495 2656 2549 hircorum
2674 2495 2864 2561 potabo
2884 2491 2911 2544 7
2926 2493 3024 2546 Per
3048 2493 3527 2564 interrogationem

1949 2587 2174 2654 legenda
2247 2592 2377 2640 sunt
2425 2585 2541 2640 hazc
2615 2583 2806 2649 verba.
2863 2581 3052 2638 Latius
3101 2592 3280 2639 autem
3337 2599 3528 2638 eorum

1951 2678 2245 2733 amentiam
2297 2677 2581 2748 redarguit
2651 2675 2974 2746 :Nunquid
3039 2691 3162 2747 ego,
3251 2676 3528 2746 inquiens,

1955 2769 2440 2841 (quemadmodum
2522 2768 2646 2826 falsi
2699 2769 2943 2839 gentium
3026 2767 3124 2838 dii)
3212 2767 3530 2837 hujusmodi

1956 2861 2214 2926 cibo,aut
2246 2869 2376 2931 potu
2417 2859 2679 2929 indigeo?
2701 2857 3143 2928 quandoquidem
3176 2859 3330 2912 multi
3360 2858 3529 2913 etiam

1951 2951 2223 3021 aequiores
2283 2951 2529 3005 homines
2561 2965 2624 3004 ea
2665 2948 2946 3018 negligunt
3004 2956 3060 3002 et
3125 2948 3530 3003 contemnunt?

2027 3044 2297 3098 Vsus.M.
2336 3042 2564 3097 Immota
2601 3043 2706 3097 Deo
2723 3042 3056 3110 sacriﬁcium
3108 3039 3303 3095 laudis.
3343 3039 3530 3095 Palam

1957 3147 2109 3208 patet
2139 3154 2206 3192 ex
2261 3137 2348 3192 his
2397 3137 2582 3191 verbis
2635 3137 2860 3205 legalem
2939 3134 3147 3188 cultum
3205 3135 3427 3203 expelli,
3476 3140 3534 3188 et

277 3260 452 3328 μένην
475 3225 575 3326 την
606 3225 996 3322 εθαγγψελικην.
1035 3225 1103 3300 Ἦ
1139 3246 1248 3316 γὰρ
1279 3243 1346 3296 δι’
1375 3241 1643 3301 αἰνέσεως
1682 3235 1843 3290 θυσία

1955 3231 2328 3301 evangelicum
2370 3229 2669 3284 introduci.
2703 3226 3045 3282 Sacriﬁcium
3077 3228 3220 3281 enim
3262 3225 3407 3296 quod
3432 3241 3532 3296 per

275 3353 391 3411 τοῖς
421 3349 771 3420 Χριστιανοῖς
799 3340 1281 3409 ἀποκεκλήρωται.
1324 3334 1540 3386 Αῖνεσιν
1594 3331 1651 3382 δὲ
1694 3329 1844 3395 λέγει

275 3442 377 3513 τὴν
401 3439 702 3509 εὐφημίαν,
757 3436 791 3506 ἢ
825 3435 922 3504 τὴν
955 3430 1345 3502 εὐχαριστίαν·
1409 3426 1504 3478 καὶ
1552 3421 1870 3492 ἀμφότερα

276 3512 391 3604 γὰρ
425 3533 504 3584 δεῖ
527 3531 726 3590 ποιεῖν,
792 3526 877 3594 ἐφ’
909 3520 990 3586 οἷς
1041 3526 1105 3574 ἐκ
1130 3519 1225 3572 τοῦ
1256 3519 1332 3588 μὴ
1357 3517 1510 3578 ὄντος
1566 3512 1850 3604 παρήχθη-

279 3600 406 3692 μεν,
437 3621 525 3672 καὶ
556 3619 626 3672 τὰ
649 3615 786 3686 πρὸς
808 3613 998 3685 χρείαν
1024 3611 1117 3663 καὶ
1148 3607 1448 3663 ἀπόλαυσιν
1471 3600 1848 3673 ἐκτησάμεθα,

277 3717 375 3770 καὶ
401 3715 515 3783 φῶς
553 3711 808 3781 γνώσεως
839 3705 1274 3778 προσελάσομεν,
1311 3699 1406 3753 καὶ
1430 3695 1618 3759 ἁπλῶς
1652 3693 1849 3758 εἰπεῖν,

276 3807 586 3878 τηλικαῦτα
619 3798 1099 3872 εὖηργετήθημεν.

351 4067 464 4122 Kal
498 4064 725 4130 ἀπόδος
764 4061 843 4128 τῷ
888 4059 1158 4128 Ὑψίστῳ
1183 4053 1289 4120 τὰς
1321 4050 1510 4120 εὐχάς
1563 4061 1702 4102 σου.
1743 4045 1855 4108 Τὰς

274 4162 426 4232 ὑπὲρ
461 4159 736 4228 σωτηρίας
760 4173 853 4208 σου
874 4170 889 4185 ο
947 4151 1243 4223 χρεωστεῖς
1270 4147 1381 4216 γὰρ
1427 4144 1587 4196 τοῦτο
1630 4142 1805 4194 ποιεῖν
1841 4155 1857 4170 °

274 4259 307 4327 ἢ
336 4254 508 4324 εὐχὰς
535 4253 688 4320 λέγει
739 4249 833 4311 τὰς
871 4243 1218 4315 ὑποσχέσεις,
1260 4239 1360 4302 τὰς
1411 4235 1574 4327 ὑπὲρ
1607 4232 1701 4286 τοῦ
1766 4231 1861 4284 εὐ-

275 4326 536 4420 αρεστεῖν
566 4346 714 4397 αὒτω
740 4352 754 4367 ⁶
787 4338 937 4393 οὕτω
973 4338 1080 4406 γὰρ
1113 4334 1286 4386 ποιεῖν
1311 4331 1405 4384 καὶ
1455 4326 1698 4380 Ἰουδαῖοι
1756 4326 1856 4376 ἐπ-

273 4415 633 4508 ηίίγείλαντο,
665 4433 758 4487 καὶ
804 4432 966 4503 ἡμεῖς
1025 4421 1498 4494 ἐπαγγελλόμεθα,
1550 4418 1627 4481 ὡς
1684 4415 1861 4508 δοῦλοι

274 4506 554 4601 Alma—.3.
589 4526 893 4597 Εὑαρεστεῖ
943 4522 1000 4574 δὲ
1064 4520 1224 4590 μόνος
1279 4516 1308 4567 ὁ
1364 4515 1659 4583 ἐνάρετος·
1710 4506 1861 4601 esse

276 4628 436 4681 θύειν
463 4626 598 4688 ζῶα,
629 4623 730 4675 οὐκ
757 4621 790 4673 ἀ

273 4719 538 4787 ἐνάρετα.

350 4898 464 4954 Καὶ
495 4890 855 4948 ἑπικιὶλεσαί
874 4907 950 4958 με
981 4889 1051 4941 ἐν·
1079 4883 1272 4954 ἡμέρᾳ
1299 4880 1565 4948 θλίψεως
1587 4892 1727 4939 σου,
1760 4872 1859 4927 καὶ

272 4987 613 5056 ἐξελοῦμαί
647 5001 742 5051 σε,
781 4983 880 5035 καὶ
911 4979 1196 5043 δοξάσεις
1223 4990 1322 5042 με.
1356 4970 1514 5026 Οὕτω
1558 4968 1740 5030 θῦσον,
1769 4964 1863 5017 καὶ

275 5084 489 5143 ἀπόδος
519 5081 546 5132 ὃ
578 5077 897 5148 χρεωστεῖς,
930 5075 1025 5126 καὶ
1063 5071 1183 5122 τότε
1218 5065 1567 5137 θαρρούντως
1609 5058 1866 5114 ἐπικαλε-

279 5178 378 5230 σαί
407 5190 513 5242 με,
545 5171 640 5224 καὶ
671 5165 964 5234 ἐξελοῦμαί
991 5180 1047 5215 σε
1078 5162 1174 5230 τῆς
1225 5157 1480 5226 θλίψεως,
1541 5154 1650 5206 εἴτε
1715 5151 1866 5221 παρὰ

277 5263 614 5336 ἀνθρώπων,
643 5263 751 5314 εἴτε
777 5257 928 5326 παρὰ
959 5253 1255 5324 δαιμόνων.
1312 5249 1424 5303 Καὶ
1479 5245 1720 5309 δοξάσεις
1776 5258 1862 5310 με,

281 5360 361 5420 ὡς
394 5334 623 5427 ήὰψευδῆ
673 5352 768 5405 καὶ
823 5351 992 5418 ταχὺν
1056 5345 1269 5414 βοηθόν.
1332 5334 1864 5427 Παρατηρητέονᾼδὲ

283 5448 412 5510 πῶς
441 5425 674 5510 ἆνοίγων
704 5443 768 5512 τῇ
800 5436 1133 5506 εὐαγγελικῇ
1189 5431 1417 5501 λατρεία
1447 5429 1616 5497 θύραν
1643 5431 1670 5480 ὁ
1708 5425 1864 5488 Θεὸς,

281 5539 456 5600 εὐθὺς
486 5537 579 5588 καὶ
616 5534 747 5601 περὶ
785 5531 885 5600 τῆς
912 5531 1073 5596 ἁγίας
1101 5527 1327 5595 ἐνέφηνε
1355 5521 1605 5589 Τριὰδος.
1663 5518 1865 5572 Θῦσον

283 5629 428 5697 γὰρ,
455 5625 611 5694 φησι,
671 5619 750 5684 τῷ
789 5617 930 5684 Θεῷ,
977 5615 1116 5684 εἷτα,
1164 5614 1272 5669 Kal
1318 5610 1544 5675 ἀπόδος
1581 5607 1660 5672 τῷ
1705 5609 1864 5675 Ὑψί-

1950 3323 2168 3377 laudem
2204 3321 2284 3387 ﬁt,
2310 3319 2648 3374 Christianis
2673 3319 2996 3373 attributum
3028 3328 3131 3372 est.
3161 3318 3264 3372 Pcr
3311 3316 3526 3370 laudem

1949 3425 2082 3466 vero
2111 3410 2548 3465 benedictionem
2587 3418 2641 3463 et
2671 3408 2973 3479 gratiarum
3022 3409 3295 3462 actionem
3334 3407 3536 3461 intelli-

1955 3503 2054 3574 git.
2099 3499 2405 3571 Utrutnque
2437 3501 2582 3555 enim
2615 3499 2882 3555 debemus
2911 3498 3042 3562 Deo,
3077 3497 3403 3554 benedicere
3480 3499 3529 3552 ei

1955 3595 2239 3656 nimirum,
2291 3603 2349 3646 et
2379 3593 2586 3662 gratias
2632 3605 2814 3660 agere,
2857 3591 2999 3659 quod
3059 3589 3269 3644 scilicet
3309 3589 3363 3642 in
3411 3605 3535 3644 esse

1953 3685 2206 3755 producti
2264 3698 2482 3746 sumus,
2523 3697 2646 3736 cum
2679 3689 2836 3736 antea
2893 3695 3002 3734 non
3051 3695 3325 3742 essemus,
3391 3681 3534 3748 quod

1955 3776 2080 3831 usui
2108 3783 2298 3831 nostro
2327 3773 2638 3828 necessaria
2671 3772 3188 3842 possedimusmuod
3210 3771 3394 3839 cognit
3418 3773 3540 3824 ouis

1957 3869 2142 3922 lumen
2180 3865 2522 3935 accepimus,
2555 3873 2609 3918 et
2637 3862 2783 3933 quod
2820 3863 3052 3916 summis
3082 3861 3320 3930 denique
3353 3861 3534 3916 allecti

1958 3975 2149 4016 sumus
2179 3957 2483 4014 beneﬁciis.

2032 4048 2097 4102 Et
2132 4049 2288 4102 redde
2325 4046 2598 4101 Altissimo
2625 4052 2744 4099 vota
2778 4054 2890 4098 tua.
2923 4043 2982 4098 ld
3012 4051 3118 4107 est,
3169 4043 3449 4098 orationes
3482 4051 3537 4095 et

1961 4156 2152 4210 preces
2186 4155 2286 4210 pro
2317 4139 2492 4194 salute
2529 4147 2642 4191 tua.
2680 4137 2848 4191 Debes
2891 4137 3035 4190 enim
3087 4135 3140 4188 id
3197 4134 3395 4188 facere.
3450 4133 3540 4187 Vel

1963 4246 2058 4301 per
2089 4240 2213 4284 vota
2272 4227 2667 4298 protuissiones
2692 4226 2952 4296 intelligo,
2983 4240 3143 4295 quas.
3169 4223 3373 4279 fecerat
3411 4224 3538 4278 Deo.

1960 4323 2040 4378 Ita
2075 4322 2220 4376 enim
2257 4337 2316 4376 se
2350 4321 2590 4374 tacturos
2626 4317 2734 4372 Deo
2781 4315 3180 4386 pollicebantur
3229 4313 3441 4376 Judaei,
3489 4321 3543 4367 et

1964 4430 2065 4470 nos
2094 4415 2254 4470 etiam
2288 4413 2633 4482 pollicemur,
2671 4419 2926 4478 tanquam
2959 4407 3101 4463 servi
3139 4406 3404 4469 Domino;
3434 4406 3542 4460 Deo

1966 4515 2145 4560 autem
2179 4505 2224 4558 is
2255 4504 2408 4558 solus
2438 4502 2615 4571 placet
2639 4541 2653 4560 ,
2690 4499 2780 4567 qui
2821 4498 3027 4551 virtute
3086 4497 3346 4566 praeditus
3400 4508 3478 4549 est
3520 4512 3533 4548 :

797 4575 925 4689 perii
947 4632 960 4646 '
989 4575 1083 4668 uel.
1098 4575 1219 4665 οὺδέ
1247 4607 1317 4661 τὰ
1344 4575 1496 4675 ἔθνη,
1525 4603 1675 4675 παρά
1700 4599 1851 4654 τοῦτα

1968 4597 2064 4652 sed
2115 4595 2426 4650 sacriﬁcare
2454 4591 2735 4656 animalia,
2770 4588 2972 4642 nullius
3009 4602 3234 4656 prorsus
3258 4596 3337 4640 est
3367 4586 3545 4638 virtu-

1969 4683 2061 4736 tis.
2097 4681 2283 4749 Neque
2323 4680 2469 4735 enim
2529 4686 2720 4748 gentes
2759 4677 2829 4730 ob
2875 4691 2975 4730 sua
3030 4674 3300 4728 sacriﬁcia
3347 4674 3544 4728 virtute

1969 4783 2230 4844 praestare
2258 4771 2670 4826 existimantur.

2048 4865 2211 4918 Vsus.
2244 4865 2331 4917 15.
2372 4861 2438 4915 Et
2465 4863 2647 4913 invoca
2686 4873 2764 4910 me
2802 4859 2857 4910 in
2892 4857 2976 4911 die
3023 4856 3385 4911 tribulationis
3418 4867 3542 4919 (me,

1971 4966 2020 5010 et
2050 4971 2236 5011 eruam
2267 4964 2336 5016 te,
2357 4962 2406 5005 et
2433 4947 2757 5020 gioriﬁcabis
2789 4964 2890 5002 me.
2914 4948 3200 5009 Sacrilica,
3225 4951 3422 5019 inquit.
3446 4949 3546 5001 hoc

1975 5059 2156 5122 pacto,
2181 5059 2234 5103 et
2267 5047 2430 5101 redde
2465 5045 2574 5099 Deo
2605 5044 2750 5112 quod
2800 5042 2966 5120 dcbgs
2989 5081 3004 5106 ,
3047 5050 3104 5098 et
3156 5051 3289 5095 tunc
3327 5040 3543 5094 denuun

1974 5143 2167 5197 invoca
2203 5153 2306 5199 me.
2340 5147 2396 5192 et
2430 5137 2658 5205 eripiam
2697 5143 2749 5188 te
2801 5149 2866 5188 ex
2893 5133 3040 5186 omni
3093 5131 3404 5192 hominum,
3455 5134 3547 5180 aut

1975 5235 2280 5288 daemonum
2333 5227 2662 5291 afﬂictione,
2692 5235 2746 5280 et
2794 5224 3122 5295 gloriﬁcabis
3161 5236 3244 5275 me
3287 5229 3544 5286 tanquam

1971 5338 2225 5379 veracem
2267 5337 2331 5376 ac
2381 5321 2614 5375 celerem
2635 5318 2962 5388 adiutorem.
2989 5309 3400 5370 Observandum
3419 5322 3547 5362 vero

1975 5426 2060 5472 est
2093 5413 2369 5485 quomodo
2404 5411 2545 5466 Deus
2575 5407 2872 5480 evangelici
2906 5409 3084 5462 cultus
3132 5403 3286 5457 nobis
3333 5401 3422 5454 hic
3461 5401 3548 5466 ja-

1977 5528 2142 5567 nuam
2173 5511 2448 5582 aperiens,
2483 5508 2667 5572 statim
2698 5506 2863 5561 etiam
2899 5507 3102 5557 sancta:
3129 5494 3414 5551 Trinitatis
3449 5507 3548 5548 co-

1977 5608 2278 5672 gnitionem
2317 5603 2632 5659 tradiderit.
2693 5596 2984 5667 Sacrifico,
3017 5592 3212 5663 inquit,
3267 5586 3416 5653 Deo;
3466 5593 3542 5650 et,

1612 5704 1816 5765 Variae
1848 5703 2177 5767 lectiones.

374 5820 486 5892 ('79)
515 5819 599 5872 Al.
633 5817 818 5885 φάγω.
