4114 6208
509 253 612 320 547

1710 240 2090 305 EUTHYMII
2137 235 2498 301 ZIGABENI

3653 234 3758 298 548

517 369 693 424 Redde
730 367 1002 422 Altissimo
1026 371 1141 420 rota
1165 374 1287 426 tua;
1311 376 1371 416 ac
1399 362 1612 416 demum
1641 361 1825 426 etiam,
1858 359 2079 414 Invoca-

2200 375 2305 426 mp
2329 376 2340 388 ·
2373 359 2587 422 ἔπειτα,
2625 358 2730 411 Kal
2757 356 3118 411 ἐπικάλεσαί
3142 372 3240 425 με,
3279 355 3375 425 οὐχ
3430 355 3570 410 ὥστε
3631 375 3758 428 νοη-

517 461 592 514 bis
624 472 722 512 me.
750 455 860 510 Nec
889 455 1035 517 dico,
1063 452 1207 521 quod
1241 454 1416 508 solum
1450 454 1666 507 Pal-rem
1700 451 1868 509 Deum
1895 451 2079 505 dicere

2185 449 2349 518 θῆναι
2383 450 2545 518 μόνον
2575 449 2666 501 τὸν
2697 448 2919 517 Πατέρα
2947 449 3105 511 Θεὸν,
3145 447 3240 500 καὶ
3295 447 3457 517 μόνον
3523 447 3754 518 ὕψιστον

515 551 832 610 debeamus,
859 556 952 599 aut
983 545 1160 601 solum
1204 544 1400 598 Filium
1431 559 1554 599 esse
1585 543 1911 599 altissimum
1938 585 1954 609 ,
1987 553 2082 597 aut

2200 546 2274 597 τὸν
2317 543 2469 606 Υἱὸν,
2507 543 2602 594 καὶ
2637 541 2801 612 μόνον
2830 539 3210 594 ἐπικαλεῖσθαι
3237 539 3389 604 ἄξιον
3419 538 3480 593 τὸ
3532 541 3759 612 Πνεῦμα

516 641 692 696 solum
723 640 978 692 invocare
1009 647 1255 692 sanctum
1304 635 1610 706 Spiritum,
1654 636 1753 690 sed
1800 635 1943 705 quod
1985 637 2084 690 bu-

511 727 752 798 jusmizdi
784 728 1135 782 distinctione
1191 727 1602 782 distinctionem
1633 727 1798 782 etiam
1830 741 1928 781 nos
1963 741 2083 795 per-

516 833 775 874 sonarum
810 819 1182 889 intelligimus.

596 913 758 968 Vens.
793 914 879 976 16,
912 914 996 965 Π.
1031 910 1306 964 Peccatori
1340 919 1516 964 autem
1533 909 1668 963 dixit
1702 910 1840 966 Deus
1868 927 1886 964 :
1912 909 2085 976 Quare

519 1023 576 1064 tu
604 1024 822 1063 euarras
845 1005 1252 1075 iustiﬁcationes
1278 1019 1438 1067 meas,
1475 1013 1524 1057 et
1549 1004 1776 1057 assumis
1801 1012 2085 1057 testamen-

521 1111 629 1154 tum
664 1115 829 1152 meum
862 1112 953 1164 per
999 1113 1056 1149 os
1094 1105 1261 1159 tuum,
1300 1104 1356 1146 tu
1386 1111 1504 1148 vero
1533 1095 1692 1147 odisti
1749 1093 2086 1161 disciplinam

517 1205 566 1249 et
593 1192 859 1262 projecisli
890 1204 1153 1242 sermones
1189 1204 1325 1241 meos
1357 1197 1641 1242 retrorsum
1663 1188 1687 1240 ε)
1713 1186 1812 1240 Per
1837 1197 2089 1256 peccato-

519 1305 632 1344 rem
663 1288 764 1341 hoc
791 1284 846 1337 in
886 1285 1005 1336 loco
1038 1281 1351 1336 Judzeorum
1394 1279 1739 1333 sacerdotum
1773 1295 1836 1335 ac
1869 1278 2091 1334 Scriba-,-

521 1396 638 1434 rum
705 1393 874 1447 genus
933 1375 1228 1442 intelligit,
1285 1372 1379 1441 qui
1432 1373 1629 1444 legales
1668 1371 2089 1441 iustiﬁcationes

521 1470 821 1525 narrabant
861 1467 1083 1536 populo,
1113 1466 1317 1533 quique
1389 1479 1484 1518 ore
1514 1472 1723 1518 tantum
1745 1503 1760 1529 ,
1788 1479 1896 1518 non
1927 1464 2089 1519 etiam

521 1561 705 1622 corde,
737 1575 802 1613 ex
833 1557 1002 1612 veteri
1053 1562 1382 1610 testamento
1431 1554 1729 1609 sententias
1787 1565 1950 1625 atque
1990 1569 2091 1608 au-

521 1647 805 1704 ctoritates
835 1644 1166 1698 allerebant:
1205 1642 1580 1711 gloriabantur
1616 1643 1778 1697 etiam
1833 1643 1887 1697 in
1931 1641 2046 1711 lege
2073 1681 2088 1705 ,

523 1749 586 1786 ac
614 1729 777 1784 veluti
815 1745 911 1795 per
936 1741 1054 1781 eam
1089 1725 1613 1796 prorsusjustiﬁcati
1649 1737 1831 1781 essent
1855 1766 1872 1790 .
1928 1741 2090 1781 omne

523 1837 696 1891 genus
729 1818 912 1874 delicti
951 1817 1396 1875 committebant.
1427 1815 1637 1871 Idcirco
1661 1816 1730 1870 de
1754 1817 1834 1869 eis
1860 1815 2092 1885 loquens

523 1913 789 1967 Dominus
818 1911 883 1962 ad
928 1908 1195 1978 populum
1246 1907 1430 1962 dixit:
1488 1907 1620 1973 Qui:
1677 1909 1859 1960 dicunt
1905 1909 2092 1979 facile,

517 2002 610 2058 sed
635 2002 806 2072 juxta,
827 2017 982 2070 opera
1013 2015 1193 2056 eorum
1227 2000 1399 2052 nolite:
1419 2001 1590 2069 facere
1618 2001 1687 2053 ’³.
1739 1999 1920 2065 Quare
1943 2039 1957 2062 ,
2011 2001 2096 2054 in-

522 2095 680 2164 quit,
739 2103 792 2148 tu
840 2093 931 2162 qui
982 2090 1118 2146 alios
1156 2091 1351 2154 doces,
1387 2105 1506 2145 eam
1561 2090 1902 2161 disciplinam
1933 2100 2096 2159 atque

519 2197 639 2237 eam
671 2180 838 2235 animi
869 2179 1304 2234 moderationem
1339 2179 1527 2244 odisti,
1554 2195 1715 2249 quam
1749 2179 1914 2236 doces
1937 2180 1960 2234 ?
1986 2180 2098 2235 Cur

523 2273 795 2343 proiecisti
831 2285 1115 2326 sermones
1158 2286 1307 2324 mens
1338 2273 1681 2327 τριτογειιιιιῖ
1714 2274 1818 2328 hoc
1855 2282 1960 2340 est,
1987 2273 2097 2327 Cur

521 2365 774 2434 expulisti
805 2373 972 2432 atque
1019 2363 1183 2417 odisti
1239 2364 1378 2417 eos?
1429 2361 1597 2416 Retro
1639 2367 1782 2418 enim
1830 2366 2098 2434 expellere

524 2456 764 2523 aliquem
795 2455 922 2522 quis
955 2453 1181 2517 dicitur,
1212 2455 1304 2523 qui
1339 2454 1489 2508 illum
1524 2456 1658 2510 odit.
1691 2455 1954 2527 “epuli-sti
2002 2475 2100 2512 au-

526 2555 657 2609 tem,
686 2546 816 2599 dum
852 2561 913 2599 ea
947 2554 1053 2600 non
1091 2544 1428 2614 adlmplesti,
1452 2561 1574 2615 qua:
1605 2547 1713 2602 illic
1744 2549 2095 2605 mandantur.

523 2634 634 2688 Ore
663 2633 828 2704 igitur
861 2647 923 2686 ac
959 2634 1144 2702 lingua
1180 2631 1447 2687 te-lateris
1471 2649 1754 2690 sermones
1783 2652 1932 2692 meos
1966 2653 2096 2694 sus-

523 2725 728 2794 cipere,
785 2723 964 2793 reipsa
1005 2733 1186 2778 autem
1244 2723 1442 2795 abjicis
1487 2740 1582 2781 eos
1635 2741 1864 2798 prorsus
1905 2739 1956 2786 et
2012 2745 2097 2785 re-

527 2815 702 2886 pellis.
1977 2825 1980 2829 '

603 2904 890 2960 Ven-3.18.
940 2902 1006 2960 Si
1041 2904 1248 2960 videbas
1296 2905 1466 2976 furem
1492 2947 1506 2972 ,
1549 2912 1796 2964 currebas
1845 2927 1963 2965 cum
2014 2929 2095 2968 eo.

2185 636 2245 691 τὸ
2271 638 2427 704 ἆγιον
2458 652 2472 664 ·
2512 635 2632 688 ἀλλ’
2668 634 2809 686 ὥστε
2839 637 2904 704 τῇ
2926 633 3151 706 τοιαύτῃ
3186 633 3454 702 διαιρέσει
3485 635 3584 706 τὴν
3622 634 3762 688 διαί-

2190 746 2245 799 ρε
2256 746 2339 782 σιν
2356 729 2462 781 τῶν
2485 728 2834 781 ὑποστάσεων
2861 725 3291 796 ὕποδηλωοῆναι.

2269 910 2352 976 Τῷ
2382 911 2450 964 δὲ
2481 909 2808 980 ἁμαρτωλῷ
2837 905 3008 964 εἶπεν
3033 913 3066 964 ὁ
3097 911 3241 974 Θεός
3268 925 3281 939 ·
3334 909 3522 964 Ἰνατί
3554 908 3636 963 σὺ
3659 909 3760 964 ἐκ-

2187 1004 2367 1073 διηγῆ
2392 1004 2461 1057 τὰ
2486 1002 2849 1072 δικαιώματά
2885 1017 3023 1066 σου,
3049 1002 3143 1054 καὶ
3179 1001 3621 1068 ἀναλαμϐάνῃς
3647 1001 3762 1067 τὴν

2189 1099 2486 1164 διαθήκην
2509 1114 2630 1164 μου
2665 1093 2762 1148 διὰ
2793 1093 3093 1162 στόματός
3125 1107 3243 1148 σου
3265 1110 3278 1122 ·
3314 1093 3395 1147 σὺ
3438 1094 3507 1146 δὲ
3555 1094 3766 1162 epion-

2189 1206 2304 1255 σας
2337 1189 2613 1241 παιδείαν
2648 1187 2742 1239 καί
2780 1186 3060 1252 ἐξέϐαλες
3116 1186 3221 1238 τὸν
3271 1187 3459 1254 ,λόγον
3506 1203 3624 1252 μου
3678 1188 3766 1250 είς

2191 1283 2264 1337 τὰ
2293 1283 2534 1345 dalata;
2575 1279 2930 1352 Ἀμαρτωλδν
2967 1279 3128 1334 καλεί
3163 1279 3253 1332 τὸν
3278 1279 3449 1348 δῆμον
3488 1279 3593 1331 τῶν
3628 1277 3765 1330 Ἰου-

2191 1377 2357 1430 δαίων
2386 1377 2578 1442 ἱερέων
2637 1375 2731 1428 καὶ
2763 1373 3172 1445 Γραμματέων,
3228 1371 3424 1435 οἵτινες
3480 1369 3766 1440 διηγοῦντο

2199 1468 2298 1538 μὲν
2327 1467 2402 1538 τῷ
2433 1466 2549 1537 λαῷ
2577 1467 2644 1520 τὰ
2675 1465 3021 1536 δικαιώματα
3051 1465 3144 1517 τοῦ
3176 1463 3366 1531 νόμου,
3403 1463 3496 1515 καὶ
3521 1461 3607 1514 διὰ
3642 1455 3765 1512 στέ-

2200 1578 2370 1630 ματος
2405 1559 2567 1630 μόνον
2599 1554 2749 1630 εἶχον
2793 1558 2920 1629 ὃλην
2943 1557 3044 1628 τὴν
3071 1555 3305 1628 νομικὴν
3358 1554 3649 1622 διαθήκην,
3702 1552 3764 1604 οὐ

2193 1654 2280 1707 διὰ
2320 1652 2549 1724 καρδίας
2573 1668 2587 1683 ·
2625 1650 3101 1721 μεγαλαυχοῦντες
3145 1647 3200 1701 δὲ
3227 1648 3320 1700 ἐπὶ
3367 1645 3540 1714 τούτῳ
3595 1645 3764 1712 μόνῳ,

2197 1751 2291 1802 καὶ
2319 1745 2661 1807 δικαιοῦντες
2691 1742 2946 1796 ἐντεῦθεν
2988 1743 3236 1805 ἑαυτοὺς,
3271 1741 3452 1792 πᾶσαν
3491 1733 3769 1806 ἁμαρτίαν

2203 1841 2610 1912 διεπράττοντο.
2651 1837 2785 1906 Περὶ
2828 1831 2902 1888 ὧν
2931 1837 2958 1888 ὁ
3022 1833 3260 1903 Χριστὸς
3320 1829 3439 1885 εἷπε
3494 1831 3631 1900 πρὸς
3679 1829 3769 1883 τὸν

2196 1931 2348 1992 λαὸν,
2376 1930 2459 1982 ὅτι
2501 1930 2566 1982 Ἀ
2607 1925 2901 1994 λέγουσιν
2927 1923 3068 1991 ὑμῖν
3093 1920 3306 1984 ποιεῖν,
3333 1917 3554 1971 ποιεῖτε
3581 1932 3596 1946 °
3621 1918 3770 1969 κατὰ

2196 2019 2264 2073 δὲ
2285 2020 2360 2074 τὰ
2381 2019 2526 2088 ἔργα
2560 2014 2779 2082 αὐτῶν,
2813 2013 2898 2084 μὴ
2931 2010 3171 2066 ποιεῖτε.
3215 2009 3388 2073 Διατι,
3453 2009 3639 2078 φησὶν,
3693 2007 3770 2059 δι-

2205 2113 2426 2176 δάσκεις
2462 2109 2563 2183 μὲν
2595 2107 2812 2172 ἄλλους,
2865 2107 2930 2159 σὺ
2982 2105 3038 2158 δὲ
3099 2103 3370 2173 ἐμίσησας
3422 2100 3522 2169 τὴν
3580 2092 3771 2168 ἀφ’ὧν

2198 2203 2476 2265 διδάσκεις
2524 2200 2807 2254 παίδευσιν
2866 2198 2957 2252 καὶ
3003 2195 3278 2268 ῥύθμησιν
3307 2195 3408 2264 τῆς
3443 2193 3643 2264 ψυχῆς,
3677 2195 3772 2248 καὶ

2200 2294 2456 2360 ἐξέϐαλες
2481 2294 2608 2355 τοὺς
2640 2293 2831 2360 λόγους
2861 2307 2960 2361 μου
3009 2290 3087 2352 εἰς
3123 2289 3194 2340 τὰ
3217 2288 3415 2352 ὀπίσω,
3471 2289 3772 2351 τουτέστιν,

2200 2380 2676 2472 ἀπώσιιβιαῦτούςς
2717 2383 2924 2436 Ὀπίσω
2955 2381 3064 2452 γάρ
3104 2397 3188 2443 τις
3217 2379 3351 2432 ὠθεῖ
3381 2378 3473 2432 τὸν
3508 2379 3773 2448 μισούμε-

2201 2496 2315 2534 νον.
2358 2471 2590 2530 ’Ᾱπώσω
2616 2476 2673 2530 δὲ
2709 2474 2928 2539 αὐτοὺς,
2965 2474 3041 2536 ὡς
3085 2472 3159 2544 μὴ
3183 2472 3374 2538 ποιῶν,
3423 2471 3460 2527 ἃ
3505 2471 3778 2526 ἐντέλλον-

2200 2585 2324 2624 ται·
2356 2569 2500 2622 ὥστε
2545 2567 2689 2638 λόγῳ
2720 2565 2820 2637 μὲν
2868 2565 3276 2635 ἀναλαμϐάνεις
3339 2563 3560 2630 αὐτοὺς,
3627 2563 3775 2636 ἔργῳ

2201 2661 2281 2714 δὲ·
2300 2659 2564 2722 ἁπωθεῖς.

2272 2925 2340 2976 El
2369 2919 2636 2988 ἑθεώρεις
2663 2919 2954 2985 κλέπτην,
2988 2917 3352 2987 συνέτρεχες
3401 2917 3580 2982 αὐτῷ.
3630 2917 3775 2987 Ὅρα

528 2997 703 3050 Cerne
733 2997 820 3050 hic
846 3033 861 3057 ,
891 2996 1060 3050 veluti
1097 2995 1151 3050 in
1179 2997 1364 3052 tabula
1425 2998 1659 3066 quadam
1687 3038 1704 3063 ,
1747 3013 2093 3070 peccatorum

2201 3015 2452 3083 καθάπερ
2509 3014 2569 3068 ὲν
2597 3011 2786 3064 πίνακι
2815 3009 2882 3063 τὰ
2915 3011 3014 3078 τῆς
3048 3009 3324 3078 ἁμαρτίας
3355 3012 3618 3080 χρώματα
3654 3027 3668 3043 ο
3713 3011 3775 3064 El

526 3087 762 3140 colores.
796 3085 852 3139 Si
886 3085 1128 3150 videbas,
1158 3086 1360 3155 inquit,
1391 3087 1588 3155 furem,
1624 3091 1839 3144 vel-una
1873 3093 2096 3161 conspi-

531 3174 714 3238 rabas,
744 3175 824 3228 vel
858 3175 1152 3240 laetabaris,
1185 3186 1239 3230 et
1268 3176 1553 3244 placebant
1577 3179 1677 3232 tibi
1726 3179 1871 3235 illius
1924 3183 2099 3237 actio-

531 3279 630 3319 nes
662 3282 674 3318 :
703 3264 832 3319 dum
861 3282 968 3319 non
997 3267 1288 3322 erudiebas
1318 3284 1463 3334 cum,
1491 3285 1598 3326 non
1640 3274 1968 3344 castigabas,
2004 3279 2097 3332 sed

536 3352 721 3421 potius
755 3354 882 3406 vitia
913 3354 1034 3422 ejus
1064 3357 1415 3426 contegebas.

606 3443 817 3497 Etcum
834 3445 1094 3500 adulteris
1117 3450 1410 3517 portionem
1434 3460 1576 3506 tuam
1603 3455 1852 3520 ponebas.
1899 3456 2098 3512 Eodem

533 3544 693 3604 pacto
723 3540 1176 3594 communicabas
1211 3542 1492 3607 adulteris,
1531 3560 1641 3612 quo
1685 3549 1945 3603 cu-rrebas
1976 3565 2099 3604 cum

532 3626 672 3680 iure.
707 3625 808 3680 Per
828 3629 1132 3683 adulterum
1168 3641 1350 3686 autem
1386 3649 1478 3688 seu
1511 3637 1592 3705 (ut
1628 3640 1808 3693 verius
1837 3640 1890 3694 in
1914 3640 2102 3696 (ΙΙ-ιι·οο

533 3716 798 3782 li:.betur)
839 3733 934 3786 per
962 3719 1272 3786 mmcbum,
1309 3724 1470 3778 etiam
1515 3726 1904 3784 fornicatorem
1940 3732 2100 3787 intel-

530 3808 647 3877 ligit
677 3850 690 3874 ,
719 3817 772 3864 et
803 3826 1186 3884 quemcunque
1235 3816 1400 3872 alium
1439 3820 1890 3891 intemperantem
1915 3866 1932 3891 ,
1985 3825 2100 3880 sive

531 3897 886 3966 impudicum.

605 3991 768 4047 Vsus.
805 3993 888 4048 l9.
926 3994 998 4048 0s
1034 4005 1178 4051 tuum
1198 4000 1482 4056 abundarit
1528 4007 1759 4062 malitia.
1819 4009 2100 4078 impletum

529 4093 613 4136 est
646 4084 948 4140 mendacio.
979 4086 1298 4146 lndillereus
1351 4103 1532 4149 autem
1573 4107 1652 4151 est
1691 4103 2048 4157 constructio.

602 4172 668 4226 Et
703 4177 881 4247 lingua
914 4187 1002 4231 tua
1033 4184 1384 4250 contplicabat
1409 4187 1581 4243 dolos.
1616 4188 1728 4244 Hoc
1749 4205 1846 4260 per
1881 4208 1944 4248 se
1985 4195 2103 4249 cla-

529 4279 590 4317 1⁵11
601 4278 648 4316 ιιι
681 4275 781 4320 881..

2205 3105 2467 3176 compa;
2499 3103 2766 3172 κλέπτην,
2818 3102 2852 3178 ἢ
2915 3101 3304 3172 ουνέπραττες,
3360 3103 3390 3172 ἢ
3436 3103 3777 3165 συνευδόκεις

2200 3198 2287 3268 τῷ
2319 3200 2637 3269 πράττοντι,
2671 3196 2759 3250 διὰ
2785 3195 2847 3249 τδ
2877 3195 2952 3266 μὴ
2996 3197 3371 3266 σωφρονίζειν,
3408 3196 3543 3250 ἀλλὰ
3572 3212 3778 3264 συγκα-

2201 3293 2447 3346 λύπτειν.

2274 3471 2380 3526 Kal
2400 3469 2554 3540 μετὰ
2583 3468 2800 3539 μοιχοῦ
2837 3465 3177 3537 τὴν-’μερίδα
3211 3482 3330 3522 σου
3380 3467 3614 3535 ἐτίθεις.
3668 3471 3778 3524 Καὶ

2203 3565 2280 3633 τῷ
2372 3561 2545 3633 μοιχῷ
2639 3560 2956 3623 ὲκοινὼνεις
3017 3559 3107 3612 διὰ
3187 3559 3283 3612 τοῦ
3343 3558 3508 3613 αὐτοῦ
3575 3560 3778 3629 τρόπου

2207 3656 2333 3708 καθ’
2376 3655 2434 3706 ὃν
2510 3653 2606 3708 καὶ
2663 3652 2742 3723 τῷ
2809 3652 3019 3724 κλέπτῃ
3072 3651 3434 3721 συνέτρεχες·
3479 3653 3665 3722 μοιχὸν
3719 3652 3776 3706 δὲ

2205 3747 2446 3800 ἐνταῦθα
2524 3747 2620 3798 καὶ
2683 3745 2776 3798 τὸν
2843 3743 3045 3814 πόρνον
3109 3742 3266 3796 καλεί
3355 3745 3450 3797 καὶ⁵
3526 3747 3779 3798 παντοῖον

2204 3838 2528 3892 ἀκόλαστον.

2280 4014 2352 4069 Τὸ
2401 4016 2598 4084 στόμα
2619 4027 2735 4067 σου
2765 4013 3108 4067 ἐπλεόνασε
3152 4011 3386 4078 κακίας.
3457 4013 3511 4065 Ἐ
3525 4013 3779 4068 nisi-lace

2204 4103 2437 4174 ψεύδους
2457 4120 2473 4135 ο
2507 4104 2800 4174 ἀδιάφορος
2823 4103 2880 4156 δὲ
2908 4105 2938 4172 ἡ
2988 4103 3276 4166 σύνταξις.

2275 4198 2384 4253 Kal
2444 4199 2482 4266 ἠ
2542 4195 2796 4268 γλῶσσά
2854 4211 2973 4251 σου
3005 4198 3362 4265 “splendens
3404 4195 3776 4266 δολιότητας.

2207 4289 2379 4344 Τοῦτο
2398 4287 2581 4358 δῆλον.

605 4351 768 4451 V-sus.
799 4355 889 4451 29.
925 4357 1124 4413 Sedens
1152 4401 1168 4425 ,
1211 4362 1487 4419 aduersum
1511 4368 1731 4438 fratrem
1777 4381 1925 4426 tuum
1955 4373 2094 4427 oblo-

2278 4351 2648 4450 Καθήμενος,
2674 4378 2824 4432 κατὰ
2853 4379 2957 4434 τοῦ
2973 4380 3244 4450 ἀδελφοῦ
3271 4396 3390 4438 σου
3406 4383 3780 4451 κατελὰλεις.

529 4442 793 4510 quebaris.
827 4443 964 4498 Cum
1001 4447 1124 4502 aliis
1159 4449 1414 4506 nimirum
1449 4458 1795 4525 conspirans.

605 4533 670 4586 Et
699 4535 950 4589 adversus
967 4539 1139 4606 ﬁlium
1168 4544 1355 4597 aratris
1385 4556 1487 4598 tua:
1511 4549 1738 4615 ponebas
1767 4555 2104 4609 scandalum.

532 4623 675 4675 Idem
720 4640 911 4681 rursus
944 4632 1157 4698 repetit,
1189 4636 1503 4690 narratione
1538 4655 1639 4694 sua
1694 4647 2104 4703 accusationem

533 4727 759 4779 augens.
784 4711 1108 4771 Scandalum
1128 4730 1306 4775 autem
1328 4725 1576 4794 ponebas,
1595 4729 1697 4784 hoc
1719 4739 1827 4797 est,
1851 4735 2105 4805 laqueum

531 4809 625 4853 aut
656 4802 1039 4863 oﬂ‘endiculum
1067 4811 1308 4882 aliquod.

609 4891 735 4946 llazc
763 4895 958 4966 fecisti,
994 4910 1045 4954 et
1101 4907 1266 4960 tacui.
1307 4907 1744 4980 Longanimitate
1793 4934 1910 4974 mea
1952 4928 2100 4975 tuam

530 4997 860 5054 exspectans
893 4994 1294 5065 pmnitentium.

605 5076 770 5171 velis.
794 5080 884 5135 2L
911 5081 1256 5143 Existimasti
1296 5092 1672 5164 iniquitatem,
1699 5102 1838 5171 quod
1877 5119 1966 5159 ero
2007 5107 2103 5161 tibi

531 5167 746 5225 similis.
779 5171 858 5227 Tu
891 5190 999 5230 non
1049 5182 1210 5233 modo
1260 5198 1323 5238 ca
1376 5198 1634 5255 operatus
1682 5167 1787 5247 non
1838 5211 1936 5261 es,
1982 5212 2105 5266 qua:

533 5269 681 5314 recta
719 5273 870 5329 sunt,
901 5276 954 5322 et
981 5272 1282 5327 secundum
1322 5277 1605 5335 virtutem:
1646 5299 1833 5340 verum
1867 5289 2098 5343 scelesta

530 5354 694 5408 etiam
729 5359 999 5428 cogitasti.
1034 5362 1226 5421 Scelus
1257 5377 1436 5424 autem
1487 5371 1586 5426 fuit
1630 5376 1872 5446 cogitare
1895 5419 1910 5441 ,
1953 5381 2095 5448 quod

530 5458 706 5504 essem
734 5466 836 5519 ego
877 5454 952 5507 tui
979 5454 1194 5522 similis,
1220 5467 1272 5513 et
1303 5461 1446 5530 quod
1500 5479 1626 5521 cens
1653 5466 1817 5523 :ntire
1855 5485 1915 5524 ac
1968 5484 2091 5538 par-

531 5557 653 5598 Cere
679 5545 930 5600 deberem
964 5562 1202 5618 peccato:
1219 5552 1364 5610 ibus.

583 5654 631 5686 ”
655 5655 844 5714 Matth.
887 5678 1041 5734 um,
1073 5666 1127 5721 5.

2204 4474 2633 4544 Συγκαθήμενός
2663 4489 2796 4526 τισι.
2890 4536 2894 4539 ἢ

2275 4566 2382 4621 Καὶ
2433 4565 2584 4619 κατὰ
2606 4565 2712 4619 τοῦ
2763 4563 2900 4618 υἱοῦ
2935 4563 3047 4633 τῆς
3103 4569 3329 4636 μητρός
3387 4585 3504 4624 σου
3573 4570 3782 4634 ἐτίθεις

2205 4656 2581 4711 σκάνδαλον.
2627 4657 2699 4708 Τὸ
2731 4656 2862 4709 αὐτὸ
2909 4657 3073 4711 πάλιν
3123 4659 3294 4726 λέγει,
3349 4659 3436 4714 διὰ
3467 4661 3565 4729 τῆς
3618 4660 3782 4726 ἐπεξ-

2234 4751 2492 4819 ηγήσεως
2525 4747 2706 4814 αὔξων
2729 4747 2828 4818 τὴν
2878 4749 3249 4820 κατηγορίαν.
3311 4751 3667 4806 Σκάνδαλον
3698 4753 3779 4818 δὲ,

2205 4844 2236 4912 ἡ
2279 4840 2468 4908 παγίς.

2283 4932 2472 4986 Ταῦτα
2545 4930 2862 4998 ἐποίησας,
2921 4947 3018 4984 και
3084 4932 3363 5000 ἐσίγησα.

2210 5041 2384 5096 μησα,
2414 5022 2849 5092 ἀπεκδεχόμενος
2875 5022 2971 5091 τὴν
2998 5022 3289 5092 μετάνοιάν
3314 5041 3431 5079 σου.

2292 5115 2611 5181 Ὑπέλαόἐς
2637 5114 2916 5182 ἀνομίαν,
2940 5113 3028 5167 ὅτι
3055 5114 3272 5183 ἔσομαί
3291 5131 3390 5170 σοι
3430 5115 3648 5185 ὅμοιος.
3709 5120 3781 5172 Σὺ

2219 5206 2276 5258 δὲ
2333 5206 2393 5258 οὐ
2474 5204 2636 5275 μόνον
2720 5201 3039 5274 διωρθώσω,
3127 5203 3262 5256 ἀλλὰ
3327 5204 3422 5257 καὶ
3511 5208 3784 5278 average.

2211 5295 2310 5366 οης
2381 5296 2714 5366 ἅνασιότητα
2753 5311 2768 5326 ο
2832 5291 2970 5363 αὕτη
3025 5293 3082 5346 δὲ
3132 5288 3222 5365 ἦν,
3293 5297 3374 5349 ὅτι
3447 5296 3640 5368 ἔσομαί
3701 5315 3782 5352 σοι

2207 5388 2419 5458 ὅμοιος,
2479 5387 2606 5439 ὅσον
2681 5386 2763 5448 εἰς
2829 5383 2891 5436 τὸ
2951 5383 3294 5438 συνευδοκεῖν
3365 5389 3476 5450 τοῖς
3535 5390 3783 5461 ἁμαρτά.

3445 4933 3780 5004 Ἐμακροθυι

2201 5498 2404 5537 νουσιν.
