4072 6202
526 256 631 325 551

1738 244 2121 308 ΕΠΤΠΥΜΠ
2163 242 2527 303 ZlGABENl

3637 235 3737 300 55?.

529 388 682 451 gnat,
714 379 1082 434 utsitsensus
1104 368 1787 443 composuisseeumlnme
1809 362 2102 433 psalmum,
2148 371 2435 432 postquam
2492 357 2717 425 intravit
2769 356 2834 410 aii
2869 354 3136 412 Bersabee
3180 359 3234 407 et
3300 351 3566 423 gravidam
3634 365 3743 407 cam

529 476 786 534 reddidit.

607 568 768 622 Vsus.
806 566 861 617 ὅ.
893 562 1139 614 Miserere
1166 560 1287 617 mei,
1314 556 1475 620 Deus,
1516 554 1802 609 secundum
1846 567 2096 622 magnam
2126 565 2173 619 Α

530 656 954 715 misericordiam
975 664 1144 705 tuam.
1162 648 1324 703 Juxta
1345 649 1697 708 immensam,
1732 643 1933 713 inquit,
1951 651 2101 696 tuam

2285 544 2579 615 Ἐλέησόν
2592 560 2686 613 με,
2720 544 2752 595 ό
2774 541 2937 604 Θεὸς,
2964 537 3115 591 κατὰ
3145 536 3210 591 τὸ
3225 536 3378 606 μέγα
3402 534 3566 600 ἔλεός
3619 549 3744 589 σου.

2216 643 2472 713 Ἐλέησόν
2497 656 2565 711 με
2603 638 2769 703 ἀξίως
2801 634 2895 688 τοῦ
2930 634 3169 705 μεγάλου
3189 631 3372 695 ἐλέους
3406 647 3517 697 σου,
3550 630 3626 684 ὅτι
3656 646 3749 700 με·

534 748 968 806 misericordiam
1007 746 1273 798 miserere
1296 742 1424 797 mei.
1458 741 1802 795 Immensum
1834 738 1980 791 enim
2018 745 2103 790 est

2216 737 2343 806 τάλα
2373 734 2643 802 ἥμαρτον.

531 844 678 916 quod
711 840 938 908 deliqui.

600 935 669 989 Et
697 930 985 985 secundum
1018 925 1416 980 multitudinem
1444 924 1854 978 miserationum
1885 933 2100 977 tuarum

533 1027 645 1080 dele
685 1023 1023 1091 iniquitatem
1046 1036 1239 1072 meam.
1292 1017 1732 1086 Supplieantium
1776 1030 1928 1069 more
1950 1028 2104 1068 eum-

2272 916 2379 972 Καὶ
2405 912 2556 969 κατὰ
2587 912 2653 965 τὸ
2681 910 2916 979 πλῆθος
2942 908 3061 961 τῶν
3111 904 3428 973 οίκτιρμῶν
3476 919 3589 963 σου
3632 901 3757 967 ἐξά-

2201 1011 2421 1077 λειψον
2472 1005 2539 1059 τὸ
2591 1000 2870 1071 ἀγόμημὰ
2895 1017 3036 1069 μου.
3097 998 3172 1051 Τδ
3207 997 3339 1050 αὐτὸ
3396 992 3755 1048 ἐδιπλασίασεν

534 1120 656 1170 (lem
691 1114 890 1180 sacpius
916 1112 1141 1181 repertit
1163 1125 1408 1165 sensum.
1433 1110 1493 1162 Et
1518 1124 1612 1178 per
1634 1107 1981 1177 iniquitatem
2006 1120 2104 1175 pro

2216 1101 2294 1154 5νο
2306 1118 2405 1170 μα,
2446 1096 2679 1166 σύνηθες
2695 1095 2808 1164 γὰρ
2827 1093 2986 1147 τοῦτο
3007 1094 3117 1155 τοῖς
3149 1092 3445 1159 δεομένοις.
3489 1089 3757 1157 Ἀνόμημα

532 1225 640 1278 qua
690 1206 825 1259 LXX
866 1204 1097 1272 ἀνομίαν
1137 1203 1396 1256 dixerunt
1434 1199 1611 1269 [juxta
1642 1198 2103 1267 signiﬁcationem

2216 1191 2263 1245 δὲ
2316 1190 2466 1257 λέγει
2523 1189 2624 1259 τὴν
2679 1186 3029 1259 παρανομίαν
3070 1186 3168 1255 τῆς
3225 1182 3469 1252 μοιχείας
3534 1183 3624 1233 καὶ
3671 1182 3757 1231 τοῦ

532 1300 733 1355 Graeca:
774 1294 1056 1365 dictionis]
1100 1291 1607 1362 praevaricationem
1668 1290 1800 1359 legis
1832 1288 2105 1359 intelligit,

534 1393 588 1445 in
622 1389 886 1444 adulterio
917 1396 969 1439 et
1016 1386 1163 1439 ezede
1199 1400 1229 1438 a
1287 1398 1347 1437 se
1382 1382 1761 1436 commissam.
1799 1378 2105 1449 Utrumque

533 1484 677 1537 enim
709 1485 826 1549 lege
857 1480 1174 1541 vetabatur,
1223 1476 1327 1540 vel,
1358 1490 1479 1527 cum
1510 1472 1856 1541 iniquitatem
1891 1485 1985 1525 seu
2011 1485 2107 1539 po-

2208 1282 2371 1351 φόνου
2406 1299 2418 1313 ’
2452 1281 2549 1335 καὶ
2573 1282 2742 1349 ἄμφω
2762 1279 2870 1349 γὰρ
2894 1279 2923 1331 ὀ
2947 1276 3109 1346 νόμος
3170 1274 3428 1328 ἐκώλυεν.
3494 1274 3761 1341 Ἀνόμημα

2212 1374 2269 1428 δὲ
2299 1373 2505 1444 ταύτην
2534 1373 2815 1437 ἐκάλεσεν,
2847 1372 2930 1425 ὅτι
2971 1371 3129 1440 δίκην
3162 1369 3484 1437 ἀλλοφύλου,
3549 1366 3637 1419 τοῦ
3696 1367 3763 1435 μὴ

2214 1466 2402 1536 νόμον,
2428 1466 2847 1535 ἐπλημμέλησε.

536 1582 642 1634 tius
671 1578 754 1646 [ut
806 1572 1067 1643 diximus]
1104 1572 1335 1642 ἀνομίαν
1371 1586 1430 1625 se
1457 1572 1804 1625 commisisse
1839 1567 2094 1630 fateatur,
2132 1576 2534 1635 consequenter
2567 1563 2700 1618 illud
2728 1563 2893 1619 etiam
2954 1560 3208 1627 allirmat,
3276 1576 3338 1617 se
3396 1561 3612 1631 ἄνομον,
3677 1559 3767 1612 hoc

534 1678 640 1729 est,
669 1675 927 1734 tanquam
958 1667 1201 1733 exlegem
1240 1678 1384 1724 esse,
1408 1676 1533 1716 cum
1559 1660 1878 1731 alienigena:
1910 1659 2106 1722 instar,
2148 1658 2240 1728 qui
2276 1658 2380 1713 sub
2418 1658 2538 1729 lege
2604 1672 2715 1712 non
2766 1658 2859 1722 sit,
2933 1653 3167 1712 nefanda
3196 1654 3314 1711 haec
3336 1653 3531 1709 delicta
3558 1653 3769 1709 commi-

536 1765 689 1819 serit.

604 1851 769 1908 Vsus.
804 1854 862 1907 4.
888 1852 1126 1920 Amplius
1153 1852 1272 1904 lava
1296 1866 1377 1903 me
1399 1849 1762 1918 abiniquitate
1782 1866 1918 1903 mea.
1936 1847 2103 1902 Venia
2139 1854 2181 1911 Β

533 1947 735 2015 quippe
764 1945 813 1999 ei
862 1946 970 2013 jam
1023 1944 1148 1997 data
1184 1943 1365 1995 fuerat
1400 1958 1499 2011 per
1531 1942 1855 2011 prophetam
1890 1938 2105 1992 Natlian

534 2038 806 2090 dicentem
844 2052 857 2088 :
888 2035 1029 2089 Deus
1065 2033 1286 2087 abstulit
1318 2044 1593 2101 peccatum
1628 2043 1776 2084 tuum
1805 2032 1877 2087 ":
1912 2046 2103 2085 verum

534 2144 647 2199 pra:
675 2128 914 2180 maximo
937 2127 1176 2194 quodam
1219 2124 1419 2179 ardore
1450 2124 1689 2192 amplius
1715 2122 1881 2177 etiam
1938 2120 2110 2175 lavari

535 2218 721 2287 cupit;
755 2217 837 2270 vel
862 2216 1114 2284 amplius,
1139 2229 1374 2283 expone,
1406 2230 1506 2283 pro
1532 2214 1706 2268 valde.

608 2307 677 2359 Et
711 2323 743 2358 a
778 2314 991 2372 peccato
1020 2320 1133 2357 meo
1165 2304 1361 2356 munda
1396 2320 1497 2357 me.
1532 2302 1747 2358 Rursus
1771 2303 1981 2371 peccati
2006 2317 2107 2356 no-

539 2400 683 2453 mine
711 2398 969 2451 delictum
996 2410 1026 2449 a
1055 2411 1115 2451 se
1143 2396 1503 2450 commissum
1543 2395 1796 2463 appellat,
1833 2395 1976 2464 quod
2014 2410 2109 2449 su-

540 2485 728 2554 perius
766 2483 1136 2552 iniquitatem,
1197 2498 1290 2537 seu
1340 2482 1425 2552 [ut
1453 2483 1720 2553 diximus]
1764 2485 2026 2553 ἀνομίαν,
2057 2483 2110 2538 id

540 2582 644 2637 est,
677 2572 1171 2642 transgressionem
1198 2572 1332 2642 legis
1356 2572 1648 2643 appellavit
1671 2590 1686 2626 :
1715 2577 1936 2643 proprie
1961 2574 2108 2629 enim

542 2666 631 2718 ille
656 2678 885 2731 peccare
914 2663 1140 2727 dicitur,
1175 2665 1266 2732 qui
1297 2664 1469 2733 legem
1501 2667 1928 2734 transgreditur.
1959 2666 2110 2721 Solet

541 2765 725 2811 autem
754 2755 1024 2825 PrOpheta
1061 2758 1374 2825 promiscue
1406 2758 1482 2811 uti
1514 2759 1599 2812 liis
1624 2760 1963 2814 nominibus.

609 2845 777 2901 Vnus.
814 2847 868 2901 5.
912 2848 1180 2912 Quoniam
1241 2848 1580 2916 iniquitatem
1642 2866 1812 2903 meam
1874 2867 1968 2921 ego
2020 2868 2111 2904 co-

539 2954 758 3009 gnosco,
793 2947 844 2993 et
895 2949 1170 3007 peccatum
1222 2955 1392 2991 meum
1433 2952 1618 2995 contra
1659 2959 1739 2996 me
1779 2952 1857 2995 est
1887 2959 2107 3011 semper.

541 3031 799 3085 Miserere
845 3032 975 3097 mei,
1011 3032 1209 3100 inquit,
1240 3040 1294 3085 et
1341 3032 1544 3086 munda
1593 3050 1701 3099 me,
1733 3035 1863 3104 quia
1919 3051 2111 3105 perpe-

539 3122 669 3176 trati
697 3137 727 3176 a
753 3138 837 3175 me
870 3122 1120 3176 criminis
1152 3123 1358 3178 oblitus
1384 3139 1492 3177 non
1520 3140 1664 3189 sum,
1688 3139 1814 3191 nec,
1838 3127 2003 3180 veluti
2044 3128 2111 3180 de

2291 1848 2423 1903 Ἐπὶ
2465 1847 2681 1902 πλεῖον
2708 1848 2949 1901 πλῡνόν
2967 1862 3044 1914 με
3072 1844 3192 1899 ἀπὸ
3220 1842 3336 1911 τῆς
3357 1842 3605 1912 ἀνομίας
3643 1859 3770 1912 μου.

2215 1938 2580 2009 Συνεχωρήθη
2608 1939 2717 2009 γὰρ
2748 1939 2843 1990 καὶ
2879 1938 2966 1990 διὰ
2995 1938 3089 1990 τοῦ
3142 1936 3360 2000 Νάθαν,
3387 1936 3651 1997 είπόντος,
3700 1935 3771 1985 ὅτι

2216 2033 2310 2086 καὶ
2342 2033 2559 2099 Κύριος
2590 2029 2803 2098 ἀφεῖλε
2832 2029 2900 2082 τὸ
2944 2027 3259 2097 ἁμάρτημά
3319 2044 3458 2081 σου.
3528 2024 3661 2079 Ἀλλ’
3682 2023 3774 2076 ὑπὸ

2216 2124 2551 2195 θερμότητος
2581 2124 2662 2178 ἔτι
2698 2122 2971 2193 πλυθῆναι
3005 2121 3323 2193 παρακαλεῖ
3355 2138 3368 2151 ·
3427 2121 3460 2192 ἢ
3489 2120 3549 2172 τὸ
3573 2159 3588 2185 ,
3656 2117 3773 2173 Ἐπί

2216 2217 2452 2283 πλεῖον,
2481 2215 2601 2270 ἀντὶ
2620 2215 2714 2269 τοῦ
2750 2215 2947 2282 Ἀγαν.

2272 2310 2382 2364 Kal
2419 2308 2537 2363 ἀπὸ
2568 2307 2678 2376 τῆς
2702 2306 2990 2375 ἁμαρτιας
3047 2323 3162 2375 μου
3217 2307 3661 2374 καθάρισώθμε.
3712 2302 3776 2356 Τδ

2217 2400 2351 2455 αὐτὸ
2370 2400 2520 2467 λέγει
2544 2397 2708 2452 πάλιν
2739 2396 3035 2465 ἁμαρτίαν,
3067 2397 3149 2449 ὅτι
3204 2397 3420 2467 κυρίως
3467 2395 3700 2467 ἁμαρτία
3744 2396 3769 2463 ἡ

2217 2494 2311 2546 τοῦ
2338 2494 2503 2562 νόμου
2538 2492 2875 2563 παράϐασις.
2909 2490 3055 2561 Πλὴν
3090 2491 3162 2552 ὡς
3187 2492 3294 2543 ἐπὶ
3323 2491 3385 2543 τὸ
3452 2490 3689 2542 πλεῖστον
3706 2487 3774 2554 τῷ

2216 2585 2317 2653 τῆς
2346 2582 2601 2652 ἀνομίας,
2620 2584 2716 2635 καὶ
2743 2581 3111 2653 παρανομίας,
3145 2582 3240 2634 καὶ
3275 2581 3552 2653 ἁμαρτίας
3571 2580 3775 2648 ὀνόματι

2218 2676 2524 2748 ἀδιαφόρως
2555 2675 2776 2746 χρῆται,
2824 2675 2918 2729 καὶ
2948 2676 3063 2728 ἀντ’
3092 2673 3377 2743 ἀλλήλων.

2286 2858 2409 2911 Ὅτι
2438 2856 2556 2925 τὴν
2586 2856 2845 2923 ἀνομίαν
2893 2871 3013 2923 μου
3048 2852 3187 2923 »ἐγὼ
3236 2855 3543 2921 γινώσκω,
3611 2853 3699 2906 καί
3748 2852 3780 2917 ἠ

2217 2951 2469 3021 ἁμαρτία
2482 2968 2601 3019 μου
2629 2949 2885 3003 ἐνώπιόν
2909 2948 3023 3016 μού
3048 2947 3174 3001 ἐστι
3200 2946 3562 3014 δι-απαντός.
3622 2945 3782 3012 Ἐλέη-

2222 3045 2313 3096 σόν
2348 3061 2438 3113 με,
2476 3043 2633 3111 φησὶ,
2667 3039 3077 3110 καὶκαθάρισόν
3120 3055 3211 3108 με,
3239 3038 3392 3093 διότι
3423 3041 3524 3092 οὐκ
3547 3037 3780 3092 ἐπελαθό-

2224 3154 2332 3205 μην
2365 3136 2464 3205 τῆς
2498 3133 2775 3205 ἁμαρτίας
2811 3149 2937 3202 μου,
2991 3131 3064 3195 ὡς
3136 3131 3649 3203 εὐκαταφρονήτου,
3699 3127 3775 3181 διὰ

539 3213 691 3281 regia
741 3212 1011 3281 dignitate
1044 3214 1342 3283 superbus,
1380 3215 1514 3269 illud
1547 3215 1784 3285 neglexi.
1844 3215 1976 3270 Nam
2008 3219 2109 3273 etsi

2217 3229 2309 3282 τὸν
2339 3229 2504 3296 ὄγκον
2535 3229 2634 3299 τῆς
2669 3227 2949 3297 βασιλείας
2973 3242 2987 3258 ο
3048 3224 3235 3278 ὰλλέἰ
3260 3226 3357 3279 καὶ
3406 3225 3532 3287 τοὺς
3594 3220 3778 3289 ἀνθρώ-

541 3305 799 3359 homines
832 3306 1016 3366 lateat,
1050 3321 1150 3376 ego
1185 3316 1366 3361 tamen
1415 3308 1564 3362 illius
1599 3309 1981 3364 enormitatem
2015 3323 2114 3363 co-

539 3408 769 3463 gnosco,
821 3409 883 3448 ac
919 3396 1274 3450 conscientiae
1309 3412 1443 3450 mea:
1496 3396 1670 3451 oculis
1701 3396 1793 3450 diu
1836 3410 2114 3467 noctuque

541 3486 675 3539 illud
701 3500 869 3539 cerno
901 3502 914 3541 :
947 3487 1149 3555 quippe
1173 3503 1296 3540 cum
1335 3487 1635 3542 assidueac
1659 3488 1960 3557 peracerbe
1991 3488 2113 3542 ani-

540 3592 682 3630 mam
712 3593 885 3633 meam
919 3579 1187 3633 stimulet.
1231 3580 1364 3646 Quae
1404 3595 1491 3635 res
1527 3589 1733 3635 certam
1774 3581 2113 3650 paenitentiae

538 3668 915 3736 conjecturam
944 3676 1186 3737 prastat,
1218 3685 1283 3723 ae
1314 3678 1667 3738 peccatorum
1704 3670 1868 3724 etiam
1898 3672 2111 3724 veniam

464 3780 471 3787 -
538 3758 822 3813 conciliat.

611 3845 781 3903 Vsus.
818 3848 874 3902 6.
916 3848 1033 3902 Tibi
1061 3849 1163 3903 soli
1214 3850 1449 3917 peccari.
1478 3849 1615 3904 Cum
1660 3867 1753 3905 rex
1799 3850 1927 3913 sim,
1972 3859 2026 3905 et
2062 3858 2115 3905 te
2190 3857 2192 3860 ’

539 3937 717 3990 solum
751 3938 1173 3992 commissorum
1215 3953 1245 3991 a
1276 3954 1363 3994 me
1415 3941 1686 3994 scelerum
1723 3940 1965 4007 judicem
2016 3941 2115 3993 lia-

542 4031 721 4093 beam,
756 4029 853 4083 tibi
900 4030 999 4083 soli
1030 4045 1293 4099 peccasse
1326 4030 1534 4097 videor,
1588 4032 1690 4085 hoc
1738 4043 1845 4095 est,
1881 4032 1977 4085 tibi
2012 4032 2114 4085 soli

539 4117 713 4185 jndici
774 4120 1064 4187 subjicior.
1115 4121 1453 4175 Cmterorum
1512 4123 1659 4177 enim
1716 4124 1961 4175 omnium
2015 4137 2115 4192 ego

541 4208 798 4262 dominus
830 4224 975 4271 sum,
1011 4221 1063 4263 et
1100 4210 1169 4263 ob
1202 4212 1500 4279 potentiam
1558 4226 1735 4265 meam
1775 4211 1939 4264 licere
1982 4210 2113 4263 mihi

540 4298 817 4364 videntur,
840 4315 1181 4370 quascunque
1208 4302 1498 4357 libuerint.
1518 4300 1638 4365 Vel,
1664 4303 1793 4371 quia
1814 4303 1961 4372 leges
1993 4311 2115 4357 tuas

542 4397 927 4459 transgressus
958 4407 1104 4457 sum,
1129 4393 1339 4448 idcirco
1372 4395 1473 4453 tibi
1504 4395 1606 4449 soli
1636 4410 1899 4465 peccasse
1924 4393 2116 4448 videor

543 4483 762 4537 illarum
797 4478 1119 4551 legislatori.

615 4572 683 4624 Et
714 4572 913 4626 naulum
940 4590 1119 4628 coram
1151 4588 1198 4630 le
1225 4579 1345 4647 feci.
1378 4576 1575 4631 Omnia
1607 4579 1752 4632 enim
1788 4579 1964 4644 vides,
2003 4594 2110 4633 non

544 4673 754 4718 tantum
787 4668 1010 4736 quando
1039 4682 1103 4720 ea
1138 4669 1292 4731 liunl,
1327 4673 1423 4724 sed
1473 4670 1696 4739 quando
1743 4670 1908 4723 etiam
1956 4670 2110 4722 lutu-

544 4770 660 4806 rum
685 4765 769 4808 est
814 4767 869 4808 ul
900 4758 1052 4811 iiaut.
1089 4758 1202 4813 lloe
1226 4770 1406 4815 autem
1432 4762 1586 4825 dicit,
1625 4762 1837 4831 pudore
1868 4763 2108 4831 seipsum

543 4847 913 4910 cenlunulens,
955 4852 1048 4919 qui
1082 4852 1249 4906 Deum
1282 4855 1559 4909 videntem
1595 4867 1807 4910 tantum
1837 4858 2110 4911 committi

544 4938 761 4994 facinus
815 4943 1019 4998 veritus
1073 4959 1182 4998 non
1240 4947 1334 4999 sit.
1373 4945 1510 5001 lllud
1561 4958 1740 5002 autem
1794 4950 2109 5011 considera,

540 5030 683 5099 quod
725 5030 792 5085 de
818 5047 928 5085 uno
962 5040 1175 5086 tantum
1208 5049 1238 5087 a
1276 5050 1335 5090 se
1378 5039 1677 5093 commisso
1698 5040 1931 5093 crimine
1962 5038 2110 5108 IOqui

542 5121 780 5186 videtur,
839 5138 964 5175 cum
1018 5132 1200 5178 tamen
1264 5126 1421 5194 plura
1474 5142 1707 5183 essent:
1752 5145 1814 5183 ea
1851 5131 2109 5183 nimirum

543 5216 780 5276 ratione,
811 5216 939 5283 quia
974 5231 1141 5269 unum
1180 5218 1249 5272 ab
1284 5220 1460 5273 altero
1487 5221 1831 5288 dependebat
1868 5239 1882 5274 :
1912 5222 2111 5291 quippe

543 5318 666 5355 cum
700 5305 973 5358 adulterio
1002 5307 1277 5375 impulsus
1311 5308 1476 5364 fuerit
1510 5314 1577 5364 ad
1601 5314 1829 5366 caedem.

617 5391 684 5446 Ut
714 5394 1027 5462 iustiﬁceris
1068 5397 1122 5449 in
1157 5400 1487 5453 sermonibus
1517 5403 1644 5466 tuis,
1682 5410 1731 5454 et
1768 5403 1945 5454 vincas
1989 5416 2109 5453 cum

543 5482 830 5548 iudicaris.
886 5486 1183 5557 Delictum,
1215 5492 1394 5561 inquit
1446 5492 1590 5546 ouod
1650 5494 1752 5548 feci
1804 5506 1990 5546 coram
2032 5502 2104 5557 te,

607 5659 653 5690 ’δ
681 5658 725 5712 ll
762 5658 893 5731 Reg.
923 5679 1018 5729 xu,
1052 5667 1137 5721 l5.

2219 3340 2352 3383 πους
2383 3320 2594 3383 ἔλαθον,
2635 3320 2784 3388 ὅμως
2803 3317 2913 3387 ἐγὼ
2973 3316 3233 3386 γινώσκω
3292 3317 3522 3386 ταύτην,
3582 3313 3773 3383 ἡλίκη·

2216 3414 2309 3466 καὶ
2371 3411 2553 3481 βλέπω
2602 3410 2772 3480 αὐτὴν
2828 3409 3044 3476 νύκτωρ
3099 3410 3194 3461 καὶ
3232 3408 3357 3478 μεθ’
3414 3407 3625 3477 ἡμέραν
3680 3404 3777 3463 τοῖς

2215 3506 2307 3557 τοῦ
2374 3503 2674 3566 συνειδότος
2725 3502 3045 3571 ὀφθαλμοῖς,
3076 3500 3298 3569 πικρῶς
3335 3501 3669 3570 πλήττουσαν
3692 3493 3778 3562 τὴν

2218 3597 2357 3668 ἐμὴν
2412 3596 2630 3666 ψυχήν·
2708 3595 2846 3664 ὅπερ
2903 3594 3196 3663 μετανοίας
3265 3594 3423 3646 ἐστὶν
3455 3587 3781 3661 ⁸εἰλικρινοῦς

2213 3692 2535 3760 τεκμήριον,
2581 3687 2679 3741 καὶ
2740 3684 3002 3755 πρόξενον
3035 3686 3471 3757 συγχωρήσεως.

2288 3848 2387 3903 Σοί
2423 3849 2589 3915 μόνῳ
2614 3844 2899 3913 ἥμαρτον.
2951 3843 3039 3906 Ὡς
3078 3841 3160 3895 σοὶ
3191 3842 3346 3913 μόνῳ
3397 3840 3623 3909 δικαστῇ
3664 3838 3783 3890 ὐπο-

2216 3941 2469 4009 κείμενος
2498 3955 2512 3968 ·
2544 3937 2801 4008 βασιλεὺς
2830 3935 2939 4006 γὰρ
2962 3934 3057 4001 ὢν,
3090 3935 3149 3987 σὲ
3182 3935 3351 4004 μόνον
3383 3934 3493 4004 ἔχω
3543 3931 3648 3984 τῶν
3696 3944 3784 3981 πε-

2215 4032 2554 4103 πραγμένων
2589 4047 2681 4100 μοι
2708 4029 2993 4098 δικαστὴν,
3030 4027 3140 4080 τῶν
3170 4027 3359 4082 ἄλλων
3396 4027 3654 4081 ἁπάντων
3696 4018 3784 4073 κύρ

2219 4141 2334 4194 ριος
2369 4124 2465 4185 ὢν,
2499 4122 2592 4174 καὶ
2615 4121 2734 4174 κατ’
2756 4120 3003 4183 ἐξουσίαν
3029 4118 3202 4171 ποιῶν
3227 4119 3265 4172 ἃ
3293 4118 3582 4189 βούλομαι.
3605 4115 3673 4168 Ἢ
3699 4110 3786 4165 καὶ

2214 4219 2295 4271 ὅτι
2328 4217 2455 4278 τοὺς
2481 4215 2609 4277 σοὺς
2640 4214 2840 4282 νόμους
2866 4212 3142 4282 παραϐὰς,
3176 4213 3265 4264 σοὶ
3332 4212 3482 4281 μόνῳ
3523 4209 3600 4279 τῷ
3648 4220 3789 4273 νομο-

2218 4310 2352 4380 θέτῃ
2377 4307 2586 4361 τούτων
2616 4307 2939 4377 ἡμάρτηκα.

2146 4557 2188 4611 D
2289 4556 2395 4610 Kal
2421 4557 2487 4609 τὸ
2505 4552 2776 4620 :rornpt‘r
2796 4549 3053 4606 ἐνώπιόν
3106 4563 3229 4602 σου
3279 4549 3567 4615 ἐποίησα.
3622 4541 3789 4597 Πάντα

2219 4652 2326 4721 γὰρ
2358 4647 2635 4720 ὀρᾷς,οὐχ
2662 4646 2750 4699 ὅτε
2802 4644 3040 4712 γίνονται
3085 4641 3273 4711 μόνον,
3326 4640 3470 4694 ἀλλὰ
3526 4637 3617 4691 καὶ
3672 4636 3788 4687 ὅταν

2224 4740 2477 4813 μέλλωσι.
2500 4736 2744 4803 Τοῦτοδὲ
2768 4730 2910 4799 εἷπε,
2943 4734 3333 4803 καταισχύνων
3363 4732 3577 4794 ἑαυτὸν,
3598 4728 3669 4791 ὡς
3699 4725 3791 4778 οὐκ

2220 4828 2579 4901 αἰσχυνθέντα
2609 4828 2700 4879 τὸν
2733 4825 2893 4887 Θεὸν,
2917 4823 3129 4894 ὁρῶντα
3152 4824 3465 4892 γινομένην
3486 4822 3586 4889 τὴν
3622 4819 3789 4884 ἀμαρ-

2216 4925 2359 4976 τίαν.
2394 4922 2536 4989 Ὅρα
2591 4919 2669 4985 δὲ,
2732 4917 2849 4978 πῶς
2898 4915 2974 4979 ὡς
3029 4913 3157 4985 περ).
3208 4915 3335 4977 ἑνὸς
3410 4910 3790 4982 ἁμαρτήματος

2218 5017 2370 5069 δοκεῖ
2401 5014 2605 5081 λέγειν,
2630 5012 2717 5064 διὰ
2743 5014 2803 5062 τὸ
2858 5006 3215 5078 ἀπηρτῆσθαι
3274 5006 3378 5076 τῆς
3425 5002 3670 5075 μοιχείας
3705 4997 3788 5048 τὸν

2219 5107 2382 5176 φόνον
2405 5124 2418 5136 ·
2449 5104 2634 5173 ἐκείνη
2661 5102 2770 5172 γὰρ
2793 5100 3090 5171 εἰργάσατο
3120 5096 3346 5153 τοῦτον.
3648 5116 3655 5121 ‘

2283 5393 2482 5455 ’Ὅπως
2509 5388 2585 5441 ἂν
2633 5384 2951 5452 δικαιωθῇς
2978 5384 3048 5435 ἐν
3084 5380 3209 5447 τοῖς
3262 5384 3473 5451 λόγοις
3508 5397 3641 5440 σου,
3697 5371 3783 5425 aml
3844 5428 3857 5441 .

2215 5487 2476 5551 νικήσῃς
2500 5482 2569 5535 ἐν
2600 5480 2679 5545 τῷ
2713 5475 3023 5545 κρίνεσθαί
3052 5489 3144 5526 σε.
3207 5473 3481 5542 Ἐποίησα
3529 5470 3582 5524 δὲ
3614 5467 3669 5519 τὸ
3696 5478 3785 5516 κα-
