4072 6202
390 291 495 355 553
1554 292 1943 357 COMMENT.
1978 290 2061 350 IN
2103 291 2463 354 PSALMOS;
3525 298 3630 365 554

392 407 487 459 κὺν
511 403 746 461 ἐνώπιόν
774 423 894 471 σου,
931 407 1072 462 κατᾶ
1111 408 1209 479 τῆς
1250 408 1493 478 ἐμαυτοῦ
1553 409 1819 479 κεφαλῆς,
1871 411 1947 462 ἵνα

2066 409 2242 465 fateor
2275 410 2329 465 in
2383 417 2549 479 caput
2597 426 2775 467 meum
2809 412 3173 480 commisisse,
3213 423 3272 470 ut
3321 415 3535 485 quoties
3575 429 3632 473 tu

389 497 449 547 ὲν
478 497 600 559 ταῖς
631 495 1024 566 δικαιολογίαις
1061 515 1178 560 σου,
1200 501 1320 562 ταῖς
1344 498 1480 568 πρὸς
1514 499 1636 569 ἐμὲ,
1668 500 1760 553 καὶ
1794 502 1853 552 ἐν
1881 499 1947 570 ri;

2068 517 2283 556 meeum
2312 502 2604 571 iudicaris,
2638 510 2687 557 et
2717 514 2841 573 gnte
2875 503 3020 558 inter
3049 521 3151 561 nos
3200 515 3285 562 est
3316 522 3485 564 causa
3524 508 3637 565 dis-

386 587 671 663 κρίνεσοαί
711 605 772 641 σε
801 589 927 659 ἐμοὶ
958 590 1088 661 περὶ
1112 584 1189 645 ὧν
1221 592 1288 644 σύ
1343 608 1410 661 με
1443 590 1669 661 βασιλέα
1725 592 1947 663 πεποίη-

2066 594 2296 660 cutitur,
2320 583 2462 663 quod
2494 596 2707 649 scilicet
2740 604 2795 648 ιιι
2833 612 2920 650 me
2949 612 3014 650 ex
3047 596 3235 651 inﬁmo
3274 614 3456 666 regem
3489 601 3638 656 iece-

387 662 511 742 κας,
548 678 646 731 καὶ
665 677 841 741 οὕτως
884 679 1132 746 ἐδόξασα,
1165 682 1277 749 ἐγὼ
1315 682 1373 735 δὲ
1397 683 1525 745 τοὺς
1561 682 1686 747 σοὺς
1721 662 1947 752 nomen

2068 686 2167 751 ris,
2209 662 2469 757 tantaque
2500 702 2563 741 ac
2601 687 2691 740 tali
2720 688 2897 756 gloria
2932 691 3318 757 conSpicuum,
3379 688 3637 763 quodque

370 768 611 838 νόμους,
646 771 740 825 καὶ
771 772 1104 842 παρώργισά
1136 791 1218 839 σε,
1257 773 1571 836 δικαιωθεὶς
1633 774 1834 844 μᾶλλον
1870 775 1947 842 σίιἸ

2063 794 2166 849 ego
2188 788 2405 845 contra,
2434 789 2490 833 et
2520 780 2667 847 leges
2693 788 2813 835 luas
2841 784 3233 850 spreverim,et
3270 794 3319 836 te
3337 785 3638 841 sceleribus

386 862 774 926 καταδικὰσεις
810 880 880 933 με
908 865 1001 917 τὸν
1026 864 1235 931 ἄθλιον,
1259 867 1334 929 ὡς
1380 867 1509 938 περὶ
1537 866 1627 919 τὸν
1657 868 1947 936 εὐεργέτηι

2066 871 2201 926 meis
2236 872 2303 925 ad
2348 871 2487 926 iram
2521 874 2934 937 concitaverim,
2968 882 3027 927 ut
3066 874 3119 927 in
3158 875 3282 939 huc,
3319 877 3518 946 inquit,
3547 880 3638 947 ju-

386 949 701 1019 ἀγνώμονα.
741 951 992 1015 Τοιοῦτος
1018 953 1129 1028 γὰρ
1159 949 1226 1023 ἦν
1250 954 1279 1007 ὀ
1314 953 1514 1015 σκοπὸς
1565 954 1657 1007 τοῦ
1696 954 1947 1024 βιασαμέ-

2064 961 2209 1016 dicio
2251 970 2309 1016 ιιι
2346 963 2520 1033 magis
2551 964 2892 1033 justiﬁccris,
2935 973 2990 1019 et
3022 980 3122 1036 ego
3169 968 3437 1033 vicissim,
3470 970 3633 1023 veluti

387 1056 480 1094 νου
505 1041 602 1093 καὶ
643 1042 973 1110 νικήσαντός
1008 1060 1073 1112 με
1113 1043 1390 1110 δαίμονος,
1432 1045 1594 1096 αὑτὸν
1622 1045 1722 1113 ἐμὲ
1782 1062 1956 1096 κατα-

392 1133 584 1200 στῆναί
614 1149 703 1202 μοι
741 1133 841 1202 τῆς
866 1132 1021 1203 δίκης
1047 1134 1329 1204 πρόξενον.
1396 1135 1838 1205 Ἐδικαιολογήθη
1873 1137 1957 1201 δὲ,

390 1221 485 1275 καὶ⁸
513 1221 810 1292 ἁντεκρίθη
844 1223 981 1293 πρὸς
1013 1226 1105 1278 τὸν
1157 1226 1321 1278 Δαϐὶδ
1367 1227 1395 1278 6
1427 1226 1558 1288 Θεὸς
1605 1226 1693 1279 διὰ
1750 1226 1958 1293 Νάθαν,

390 1313 481 1366 καὶ
514 1313 742 1382 ἤλεγξεν
760 1328 774 1342 ’
801 1315 949 1376 ὅπως
978 1314 1260 1385 προϐατέα
1284 1314 1476 1368 τοῦτον
1492 1313 1695 1378 λαϐὼν,
1749 1319 1826 1379 είς
1863 1316 1960 1387 βα-

387 1407 539 1460 σιλέα
572 1408 902 1477 κατέστησε,
935 1410 1030 1462 καὶ
1064 1410 1276 1479 μυρίων
1314 1409 1619 1462 ἐπιϐουλῶν
1666 1409 1957 1479 ἐρρύσατο,

385 1498 477 1549 καὶ
502 1498 652 1560 ὅπως
674 1499 836 1559 αὐτὸς
867 1500 1082 1569 πονηρᾷ
1116 1498 1313 1567 πράξει
1340 1498 1432 1551 τὸν
1473 1497 1771 1568 εὐεργέτην
1798 1498 1958 1566 ἠμεί-

382 1587 544 1656 ψατο.
590 1590 868 1659 Ἐπηγαγε
900 1590 1071 1642 δὲκαὶ
1114 1591 1214 1659 τὴν
1260 1590 1585 1661 καταδίκην,
1663 1591 1744 1643 ὅτι
1813 1589 1958 1643 Τάδε

383 1680 543 1749 λέγει
590 1682 801 1747 Κύριος
827 1696 843 1712 ο
888 1680 1044 1734 Ἰδοὺ
1063 1680 1177 1751 ἐγὼ
1201 1680 1480 1751 ἐξεγεὶρω
1512 1681 1612 1734 ἐπὶ
1645 1680 1721 1735 σὲ
1777 1680 1952 1745 κακὰ,

2052 1067 2192 1121 .erga
2231 1061 2443 1106 tantum
2502 1054 2910 1111 benefactorcm
2961 1059 3096 1113 adeo
3152 1060 3426 1130 ingratus,
3460 1063 3636 1132 magis

2065 1136 2426 1189 condemner.
2462 1136 2533 1189 Ea
2572 1138 2718 1192 enim
2753 1139 2855 1193 fuit
2889 1142 3109 1211 maligni
3150 1142 3416 1199 daemonis
3443 1145 3634 1200 inten-

2062 1224 2162 1287 tio,
2192 1238 2316 1277 cum
2356 1239 2546 1295 magna
2578 1240 2664 1280 me
2694 1227 2749 1280 vi
2796 1228 2861 1280 ad
2893 1232 3230 1298 peccandum
3279 1233 3497 1304 impulit
3568 1250 3633 1289 ac

2064 1313 2367 1381 superavit,
2401 1325 2457 1367 ut
2488 1329 2620 1369 mete
2649 1330 2739 1373 me
2765 1321 3125 1373 constitueret
3155 1321 3633 1380 condezrnationis

2063 1404 2399 1459 ministrum.
2417 1403 2609 1459 Dicere
2628 1415 2808 1461 autem
2830 1411 3438 1481 possumusjudicatum
3461 1415 3633 1470 fuisse
3693 1433 3698 1438 '

2061 1490 2230 1547 Deum
2260 1508 2385 1546 cum
2440 1493 2632 1559 David,
2664 1496 2880 1565 quando
2920 1497 3132 1554 Nathan
3188 1502 3458 1572 propheta
3502 1517 3630 1559 eum

2062 1584 2394 1653 redarguit,
2462 1586 2607 1655 quod
2679 1602 2780 1655 pro
2850 1589 3019 1644 tantis
3093 1589 3376 1648 beneﬁciis
3426 1608 3457 1647 a
3521 1594 3632 1649 Deo

2061 1678 2321 1747 acceptis,
2351 1677 2467 1747 ipse
2503 1683 2694 1732 contra
2730 1680 2917 1769 pravis
2952 1680 3360 1739 benefactorem
3394 1687 3629 1740 actioni-

384 1773 452 1825 ἐκ
473 1776 579 1826 τοῦ
611 1772 781 1826 οἴκου
809 1786 955 1839 σου,
1018 1773 1111 1826 καὶ
1130 1776 1198 1827 τὰ
1248 1771 1398 1843 ἑξῆς,
1461 1773 1534 1837 ὡς
1565 1775 1599 1844 ἡ
1655 1774 1947 1843 δηλωθεῖσα

2063 1767 2166 1823 bus
2200 1776 2583 1825 remuneratus
2614 1769 2716 1834 sit;
2753 1767 2844 1826 ubi
2896 1780 3181 1842 postquam
3216 1776 3305 1830 Dei
3358 1777 3633 1847 justilica-

387 1861 567 1929 βίϐλος
608 1864 928 1934 παρίστησι.
1072 1862 1103 1885 ί

2058 1860 2242 1915 tiones
2304 1861 2646 1928 percensuit,
2680 1862 3193 1919 condemnationem
3224 1866 3390 1922 etiam
3421 1869 3632 1924 addidit

384 1959 569 2013 dicens
598 1962 776 2028 :JIazc
816 1960 944 2013 dicit
976 1958 1257 2027 Dominus,
1287 1960 1420 2015 Ecce
1452 1977 1541 2030 ego
1575 1957 1842 2015 suscitabo
1875 1958 1931 2011 in
1972 1965 2021 2010 te
2063 1957 2208 2010 mala
2239 1972 2304 2010 ex
2347 1957 2505 2010 domo
2533 1964 2628 2008 tua
2663 1955 2709 1987 ’7
2743 1975 2757 2010 :
2793 1965 2847 2011 et
2881 1958 3009 2023 alia,
3078 1974 3202 2029 qua:
3251 1961 3473 2030 plenius
3527 1964 3629 2017 ha-

385 2056 580 2111 beutur
606 2056 661 2110 in
697 2056 851 2111 libris
871 2054 1102 2126 Regum.

467 2147 620 2202 Ἰδοὺ
678 2147 787 2217 γὰρ
835 2147 905 2201 ἐν
956 2148 1233 2217 ἀνομίαις
1285 2150 1701 2217 συνεληςεθην,
1757 2148 1854 2204 καὶ
1882 2147 1953 2202 ἐν

382 2238 694 2307 ἁμαρτίαις
730 2235 1027 2303 ἐκίσσησέ
1051 2252 1128 2306 με
1150 2237 1189 2304 ἡ
1212 2231 1411 2304 μήτηρ
1434 2254 1578 2306 μου.
1608 2239 1699 2300 Εἰς
1729 2238 1947 2307 συμπά-

384 2330 535 2382 θειαν
574 2329 669 2381 τὸν
698 2327 829 2381 Θεὸν
864 2325 1273 2397 ἐπισπώμενος,
1329 2328 1426 2380 ἐπὶ
1446 2327 1544 2400 τὴν
1598 2327 1795 2382 ἑαυτοῦ
1829 2328 1953 2396 γέν-

382 2434 536 2490 νησιν
563 2418 858 2489 ἀνατρέχει
895 2417 970 2488 τῷ
993 2418 1161 2486 λόγῳ.
1193 2417 1255 2470 Ei
1287 2418 1395 2489 γὰρ
1432 2419 1506 2489 μὴ
1534 2419 1782 2489 ἥμαρτεν
1802 2419 1831 2470 6
1863 2420 1952 2471 Ἀ-

382 2510 514 2580 δὰμ,
543 2511 646 2563 οὐκ
672 2509 739 2563 ἂν
762 2509 1008 2581 συνήφθη
1040 2512 1109 2580 τῇ
1132 2508 1264 2581 Εὕα.
1302 2510 1467 2562 Ὥστε
1492 2511 1523 2579 η
1576 2511 1675 2580 μὲν
1709 2508 1951 2579 ἁμαρτία

382 2602 679 2671 γεγέννηκε
718 2602 820 2672 τὴν
873 2603 1169 2670 συνάφειαν
1193 2641 1208 2665 ,
1249 2601 1366 2673 ἠδὲ
1409 2602 1693 2671 συνάφεια,
1734 2602 1861 2664 τοὺς
1894 2600 1952 2667 ἐξ

394 2692 565 2762 Ἀδὰμ
612 2694 708 2746 καὶ
749 2691 913 2755 Εὔας
969 2696 1059 2744 καὶ
1111 2687 1258 2746 οὗτοι
1305 2695 1430 2757 τοὺς
1470 2693 1621 2762 ἑξῆς,
1656 2693 1750 2745 καὶ
1779 2691 1952 2754 οὕτως

383 2786 510 2856 ἄχρι
543 2784 711 2838 Δαὸίδ
739 2801 753 2814 ·
782 2784 877 2838 καὶ
905 2784 1013 2855 γὰρ
1046 2786 1094 2837 εἰ
1117 2789 1210 2839 καὶ
1229 2783 1307 2855 τῷ
1337 2784 1486 2854 νόμῳ
1514 2787 1697 2854 τίμιος
1722 2786 1749 2835 6
1775 2783 1950 2851 γάμος

383 2875 595 2944 γέγονε,
628 2875 715 2928 διὰ
775 2876 876 2947 τὴν
910 2875 1279 2941 παιδοποιίαν,
1315 2874 1452 2928 ἀλλά
1488 2892 1552 2943 γε
1594 2878 1662 2945 τῇ
1696 2874 1855 2943 φύσει
1889 2875 1952 2926 ἐκ

381 2966 479 3035 τῆς
507 2968 783 3038 ἁμαρτίας
815 2967 926 3037 ἔχει
951 2969 1050 3039 τὴν
1091 2969 1338 3040 πρόοδον.
1370 2968 1531 3022 Ὥστε
1567 2967 1627 3031 ἐξ
1673 2966 1951 3036 ἁμαρτίας

383 3060 475 3109 καί
507 3058 876 3128 συνελήφθην,
924 3061 1017 3111 καί
1040 3058 1337 3129 ἐγεννήθην
1362 3073 1375 3087 '
1422 3060 1483 3112 τὸ
1509 3057 1642 3129 γὰρ,
1685 3057 1941 3123 ἐκίσση-

380 3164 513 3216 σεν,
577 3150 911 3219 ἐγέννησεν
983 3147 1141 3205 εἶπεν
1198 3154 1227 3205 6
1275 3151 1589 3222 Σύμμαχος.
1649 3150 1758 3203 Καὶ
1797 3148 1951 3201 οὐδὲν

384 3241 547 3311 μέγα,
585 3243 634 3294 εί
664 3244 757 3296 καὶ
784 3243 947 3307 αὐτὸς
977 3244 1247 3314 ἥμαρτον,
1283 3244 1472 3298 παθὼν
1497 3243 1557 3296 τὸ
1579 3243 1677 3312 τῆς
1706 3242 1943 3310 φύσεως.

461 3518 610 3574 ἰδὀυ
646 3522 755 3590 γὰρ
780 3521 1070 3589 ἀλήθειαν
1096 3523 1443 3593 ἠγάπησας.
1474 3525 1645 3580 Τοῦτο
1679 3527 1815 3596 πρὸς
1846 3526 1944 3597 τὴν

381 3609 641 3679 ῥηθεῖσαν
703 3610 1091 3684 ἐξομολόγησιν
1153 3614 1368 3684 εἴρηται
1396 3631 1411 3645 ο
1469 3616 1604 3685 φησὶ
1673 3615 1805 3687 γὰρ,
1860 3617 1945 3669 ὅτι

392 3702 677 3772 Ἀλήθειαν
710 3703 1027 3774 ἠγάπησας,
1046 3707 1139 3757 καὶ
1157 3705 1245 3758 διὰ
1273 3705 1432 3759 τοῦτο
1456 3704 1784 3777 ὡμολόγησα
1815 3707 1945 3759 ταύ-

378 3808 497 3864 την,
530 3796 614 3848 ὅτι
645 3795 918 3866 ἥμαρτον.
947 3797 1021 3849 Τὸ
1064 3797 1143 3861 δὲ,
1200 3796 1358 3850 Ἰδοὺ
1385 3797 1515 3865 γὰρ,
1548 3799 1802 3868 περιττὸν
1831 3801 1945 3851 κεῖ-

377 3900 485 3950 ται,
512 3886 612 3938 καὶ
649 3887 741 3938 ἐπὶ
768 3887 863 3939 τοῦ
925 3888 1192 3958 παρόντος
1228 3887 1435 3957 στίχου,
1478 3888 1575 3941 καὶ
1605 3888 1697 3940 ἐπὶ
1737 3887 1944 3960 προλα-

377 3976 583 4041 ϐόντος,
624 3978 749 4032 καθ’
794 3978 1052 4048 Ἐϐραῖδα
1105 3980 1399 4051 συνήθειαν
1427 3994 1443 4010 ⁸
1499 3979 1671 4034 πολλὰ
1704 3981 1814 4051 γὰρ
1839 3997 1943 4032 τοισ

377 4066 515 4120 αὕτα
544 4070 773 4140 περιττὰ
811 4069 1014 4138 τίθησι.

449 4335 491 4389 T
490 4334 530 4388 ὰ
560 4336 761 4403 ἄδηλα
786 4337 886 4391 καὶ
926 4337 999 4392 τὰ
1027 4340 1249 4409 κρύφια
1265 4341 1375 4412 τῆς
1397 4344 1620 4413 σοφίας
1645 4359 1765 4399 σου
1801 4343 1942 4414 ἐδή-

381 4431 582 4497 λωσάς
608 4449 733 4501 μοι.
759 4432 930 4486 Τοῦτο
954 4436 1092 4504 πρὸς
1124 4435 1223 4507 τὴν
1257 4439 1465 4492 οἰκείαν
1483 4436 1636 4495 εἶπεν
1653 4440 1940 4513 αἰσχύνην,

2133 2145 2295 2198 Vens.
2329 2142 2381 2196 7.
2449 2140 2583 2195 Ecce
2629 2142 2767 2195 enim
2815 2145 2869 2195 iu
2925 2142 3299 2212 iniquitatibus
3349 2157 3628 2214 conceptus

2053 2250 2191 2301 sum,
2248 2242 2298 2288 et
2354 2234 2408 2286 in
2427 2232 2653 2300 peccatis
2711 2233 2945 2301 concepit
3008 2250 3087 2287 me
3140 2245 3309 2289 mater
3365 2254 3501 2291 mea.
3556 2239 3627 2295 Ut.

2052 2325 2222 2383 Deum
2251 2324 2421 2395 magis
2451 2325 2516 2378 ad
2543 2324 2974 2403 misericordiam
3003 2327 3264 2393 traheret,
3284 2330 3624 2386 nativitatem

2053 2431 2207 2471 suam
2234 2416 2704 2470 commemoravit.
2740 2413 2874 2467 Nam
2903 2416 2948 2469 si
2978 2417 3147 2469 Adam
3184 2434 3291 2473 non
3318 2436 3623 2490 peccasset,

2054 2520 2333 2575 nunquam
2383 2504 2719 2574 oportuisset
2770 2506 2924 2560 illum
2955 2504 3077 2561 Erae
3108 2508 3388 2580 conjungi.
3424 2510 3628 2568 Pecca-

2053 2603 2170 2651 tum
2220 2597 2403 2665 itaque
2442 2596 2693 2666 copulam
2738 2599 3039 2666 generavit,
3085 2607 3138 2652 et
3171 2602 3364 2670 copula
3403 2619 3624 2659 rursum

2052 2700 2153 2742 eos
2178 2686 2458 2756 produxit,
2486 2687 2578 2756 qui
2610 2702 2672 2742 ex
2702 2688 2876 2743 Adam
2909 2698 2963 2743 et
2991 2689 3104 2745 Eva
3130 2694 3240 2746 nati
3276 2703 3437 2762 sunt;
3468 2706 3522 2751 et
3544 2698 3626 2753 sic

2053 2776 2312 2848 deinceps
2339 2777 2418 2832 illi
2444 2777 2603 2843 alios,
2636 2786 2801 2848 atque
2830 2779 2918 2834 alii
2944 2781 3103 2846 alios,
3135 2798 3310 2853 usque
3334 2785 3400 2838 ad
3430 2783 3621 2842 David.

2055 2868 2120 2922 Et
2150 2871 2276 2925 licet
2306 2872 2512 2940 nuptiae
2560 2885 2710 2925 nunc
2758 2870 2830 2926 ob
2887 2871 3118 2926 ﬁliorum
3189 2878 3623 2941 procreationem

2056 2960 2111 3014 in
2154 2962 2363 3016 honore
2409 2963 2731 3029 habeantur,
2782 2973 2977 3017 natura
3036 2973 3211 3019 tamen
3272 2983 3336 3021 ex
3399 2979 3623 3037 peccato

2058 3052 2402 3122 proveniunt.
2439 3052 2516 3107 Ex
2544 3062 2771 3123 peccato
2802 3056 2968 3124 igitur
2994 3065 3291 3127 conceptus
3320 3067 3376 3114 ct
3405 3062 3621 3128 genitus

2058 3157 2201 3198 sum.
2228 3140 2362 3196 Nam
2400 3144 2547 3214 quod
2580 3146 2822 3201 secundo
2851 3147 2969 3201 loco
3006 3148 3136 3203 dicit
3169 3166 3184 3205 :
3222 3149 3288 3203 Et
3309 3153 3362 3205 in
3395 3156 3622 3219 peccatis

2052 3236 2289 3304 concepit
2320 3252 2399 3289 me
2428 3246 2600 3291 mater
2647 3255 2789 3306 mea,
2838 3238 3201 3311 Symmachus
3231 3244 3467 3299 reddidit
3497 3264 3511 3300 :
3551 3246 3619 3301 Et

2051 3326 2106 3379 in
2134 3329 2358 3396 peccatis
2383 3330 2579 3398 genuit.
2609 3329 2726 3384 Non
2779 3341 2864 3387 est
2919 3333 3087 3404 igitur
3137 3350 3387 3405 magnum
3433 3338 3482 3393 si
3519 3354 3621 3407 ego

2053 3424 2295 3488 peccavi,
2324 3429 2532 3476 natura:
2559 3423 2928 3479 conditionem
2967 3427 3267 3483 sustinens.

2128 3508 2296 3567 Vens.
2326 3513 2380 3568 8.
2419 3511 2555 3567 Ecce
2600 3516 2741 3569 enim
2782 3518 3050 3571 raritatem
3097 3517 3356 3574 dilexisti.
3408 3520 3520 3575 [loc
3552 3524 3618 3576 ad

2054 3603 2199 3657 beati
2230 3604 2398 3658 David
2428 3605 2833 3673 confessionem
2874 3608 3217 3664 referendum
3253 3620 3357 3676 est,
3410 3616 3476 3667 de
3510 3631 3620 3682 qua

2052 3709 2219 3762 supra
2265 3695 2526 3752 diximus.
2571 3698 2661 3751 Ait
2708 3699 2853 3751 enim
2902 3716 2917 3752 :
2960 3698 3094 3765 Ego,
3137 3715 3256 3769 quae
3290 3717 3414 3756 vera
3468 3718 3617 3770 sunt,

2052 3784 2249 3848 fateor,
2278 3801 2363 3841 me
2405 3787 2615 3843 scilicet
2665 3803 2939 3857 peccasse.
2977 3788 3088 3843 [loc
3119 3804 3298 3844 autem
3337 3792 3531 3859 fateor,
3564 3807 3619 3850 ct

2054 3890 2163 3929 non
2214 3890 2372 3946 nego,
2416 3879 2546 3946 quia
2591 3886 2645 3932 tu
2691 3879 2976 3933 veritatem
3028 3879 3290 3944 dilexisti,
3348 3893 3403 3937 et
3451 3887 3615 3941 odisti

2052 3971 2417 4026 mendacium.
2448 3970 2543 4024 llla
2572 3978 2755 4026 autem
2788 3973 2966 4034 verba.
2998 3971 3130 4025 Ecce
3156 3975 3314 4042 enim,
3343 3978 3617 4047 superﬂua

2052 4069 2205 4128 sunt,
2240 4070 2347 4116 tam
2381 4062 2431 4115 in
2462 4060 2567 4116 hoc
2597 4062 2869 4117 versiculo
2900 4078 3062 4132 quam
3096 4064 3147 4118 in
3181 4069 3427 4135 proxime
3455 4085 3620 4139 supe-

2051 4150 2206 4207 riori.
2256 4151 2582 4206 Hebraicum
2634 4152 2780 4206 enim
2834 4161 2917 4206 est
2971 4153 3170 4208 idioma
3204 4194 3220 4217 ,
3270 4155 3424 4224 juxta
3472 4161 3617 4229 quod

2052 4243 2329 4313 superﬂua
2363 4243 2531 4298 multa
2558 4245 2610 4297 in
2641 4244 2891 4299 oratione
2924 4245 3150 4315 reperiri
3185 4248 3382 4300 solent.

2123 4335 2338 4390 Incerta
2367 4345 2415 4389 et
2436 4335 2643 4389 occulta
2662 4336 2934 4405 rapientia:
2964 4346 3062 4389 tum
3085 4337 3443 4406 manifestasti
3464 4339 3617 4393 milii.

2051 4427 2163 4484 Hoc
2189 4430 2243 4483 in
2268 4429 2353 4484 sui
2386 4428 2739 4496 ignominiam
2772 4439 2824 4482 et
2867 4428 3246 4482 confusionem
3278 4430 3435 4483 dixit.
3468 4431 3617 4485 Adeo

375 4521 454 4575 ὅτι
492 4522 763 4578 Τοσοῦτόν
826 4542 894 4595 με
946 4527 1265 4598 ἠγάπησας,
1320 4529 1403 4583 δτι
1431 4531 1525 4584 καὶ
1557 4532 1627 4586 τὰ
1652 4535 1941 4606 ἀπόρρητα

2053 4526 2131 4581 ιιι,
2164 4516 2362 4586 inquit,
2398 4516 2639 4570 dilexisti
2677 4531 2783 4583 ine,
2815 4525 2875 4571 ut
2918 4517 3213 4571 ineﬂabilia
3260 4519 3619 4587 providentia:

372 4612 468 4681 τῆς
506 4615 607 4682 σῆς
636 4615 891 4685 προνοίας
917 4617 1195 4687 ἐδήλωσάς
1225 4636 1315 4689 μοι
1349 4621 1438 4674 διὰ
1463 4621 1559 4675 τοῦ
1594 4624 1937 4696 προφηταοῦ

374 4700 681 4771 πνεύματος
706 4718 720 4733 θ
754 4702 864 4772 ἐγὼ
898 4704 957 4758 δὲ
995 4707 1204 4779 ἐφάνην
1235 4708 1528 4781 ἀγνώμων.

449 4881 731 4949 Ῥαντιεῖς
775 4900 854 4952 με
912 4884 1207 4953 ὑσσώπῳ,
1248 4889 1347 4942 καὶ
1401 4892 1936 4963 καταρισθήσομαι.

371 4971 559 5025 Πολλοὶ
579 4989 648 5026 πε
657 4974 710 5040 pl.
730 4974 920 5029 τούτου
932 4976 1080 5044 λόγοι
1092 4978 1370 5050 τοῦιρητοῦ
1393 4980 1608 5045 πολλοῖς
1623 4985 1936 5052 γεγόνασιν,

369 5063 541 5128 οὐδεὶς
565 5064 622 5118 δὲ
652 5066 842 5134 σαφὲς,
874 5066 983 5119 οὐδ’
1010 5068 1407 5142 ἀναντίρρητον
1433 5074 1758 5145 ἀπήγγειλε.
1798 5076 1938 5144 Ἐγὼ

370 5153 425 5207 δέ
447 5171 591 5224 φημι
625 5157 996 5227 προφητεύειν
1028 5162 1159 5231 περὶ
1190 5164 1387 5218 ἑαυτοῦ
1412 5163 1504 5218 τὸν
1532 5165 1698 5218 Δαδὶδ
1723 5166 1782 5219 ὲν
1813 5166 1936 5220 τού-

369 5261 501 5312 τοις,
544 5248 627 5299 ὃτι
661 5249 756 5300 καὶ
800 5252 1294 5322 συγχωρηθήσεται
1319 5254 1418 5324 τὴν
1450 5255 1728 5326 ἁμαρτίαν
1749 5257 1942 5311 τελεω-

371 5338 556 5405 τέραν,
594 5339 691 5392 καὶ
738 5344 914 5411 χαρᾶς
954 5343 1353 5414 πλησθήσεται.
1401 5348 1553 5400 Ἐπεὶ
1584 5348 1693 5419 γὰρ
1719 5350 1748 5403 6
1772 5348 1938 5420 νόμος

372 5429 626 5482 ὑσσώπου
658 5433 985 5503 ραντίσματί
1027 5452 1178 5501 τινας
1207 5437 1315 5491 τῶν
1343 5440 1712 5510 μιαινομένων
1737 5439 1937 5494 ἐκαθά-

380 5536 556 5590 ρευεν,
587 5522 835 5593 ἔστιγὰρ
869 5523 931 5577 τὸ
960 5522 1214 5580 ὕσσωπον
1238 5523 1380 5592 εἶδος
1402 5530 1562 5598 πόας,
1591 5529 1732 5599 ἄγαν
1789 5547 1934 5603 σμη-

446 5698 490 5729 ⁹⁷
542 5697 724 5771 “leg.
759 5714 857 5766 ιιι,
887 5701 975 5757 ll.

745 5798 1015 5863 mmor.
1058 5799 1173 5862 Gn.
1223 5799 1559 5865 CXXVIII.

2045 4617 2152 4664 tum
2178 4624 2402 4675 arcana,
2430 4624 2527 4680 per
2562 4609 2939 4679 propheticum
2972 4610 3102 4663 mihi
3138 4611 3392 4678 spiritum
3419 4610 3615 4668 feceris

2044 4699 2355 4767 manifesta,
2383 4715 2486 4769 ego
2530 4710 2709 4755 tamen
2742 4700 2990 4770 ingratus
3019 4716 3144 4772 erga
3192 4710 3246 4755 te
3286 4717 3412 4758 esse
3447 4719 3617 4775 appa-

2042 4807 2148 4847 ῙῚΙΙ.

2115 4881 2370 4950 Asperges
2394 4896 2495 4947 me,
2516 4880 2758 4946 Domine,
2776 4880 2999 4950 hyssopo
3022 4890 3072 4936 et
3099 4885 3416 4940 mundabor.
3451 4884 3615 4942 Varia

2047 4985 2075 5023 a
2100 4971 2287 5027 multis
2313 4971 2459 5026 dicta
2501 4981 2630 5026 sunt
2659 4972 2726 5026 ad
2747 4974 3033 5042 praesentis
3067 4976 3326 5031 versiculi
3355 4978 3617 5046 explana-

2048 5063 2277 5128 tionem,
2303 5063 2440 5119 nihil
2482 5072 2658 5119 tamen
2698 5064 2769 5120 ab
2795 5066 2875 5120 eis
2903 5066 3041 5121 adeo
3076 5080 3325 5137 apertum
3355 5068 3613 5134 traditur,

2048 5169 2107 5216 ut
2135 5161 2569 5217 contradictione
2598 5162 2746 5216 omni
2779 5178 3011 5233 prorsus
3037 5176 3248 5219 careat.
3276 5165 3391 5235 Ego
3427 5176 3611 5222 autem

2046 5253 2372 5323 Prophetam
2401 5261 2530 5322 puto
2573 5252 2658 5307 his
2704 5255 2887 5311 verbis
2929 5256 2995 5312 de
3026 5271 3086 5311 se
3131 5258 3250 5325 ipso
3289 5257 3608 5325 praedicere,

2045 5348 2189 5418 quod
2237 5347 2415 5403 adhuc
2470 5349 2718 5404 exactius
2770 5364 2835 5404 ac
2891 5352 3184 5421 perfectius
3244 5350 3610 5405 absolvendus

2045 5448 2190 5495 esset
2228 5454 2259 5493 a
2305 5439 2559 5507 crimine,
2592 5449 2648 5495 et
2698 5441 2898 5512 gaudio
2933 5441 3246 5511 replendus.
3293 5440 3430 5508 Quia
3462 5442 3610 5497 enim

2046 5529 2129 5587 lex
2182 5529 2494 5587 immundos
2566 5529 2833 5601 quosdam
2912 5530 3136 5601 hyssopi
3197 5530 3627 5606 aspersionibus.

3271 5804 3345 5866 18
