4072 6202
465 292 571 355 555

1693 281 2077 341 EUTIIYMII
2130 282 2499 344 ZIGABENI‘

3612 284 3713 348 556

464 402 715 460 mundari
746 400 991 469 jubebat,
1023 412 1083 453 ea
1109 396 1364 451 nimirum
1402 396 1636 460 ratione,
1665 398 1791 466 quia
1833 396 2027 467 hysso-

2138 400 2349 469 κτικῆς.
2382 400 2524 453 κατά
2554 401 2865 471 μεταφορὰν
2893 399 3108 470 ἐκείνης
3160 402 3259 471 τῆς
3293 399 3612 471 καθάρσεως
3643 396 3721 453 εί-

462 514 563 569 pus
618 497 783 550 herba
816 493 1060 562 quantam
1097 500 1181 544 est
1224 491 1451 543 multum
1512 489 1836 552 abstersiva,
1884 489 2040 557 juxta

461 592 610 644 illius
664 584 1007 657 purgationis
1054 582 1427 651 metaphoram
1475 582 1602 636 ait:
1650 579 1731 634 Tu
1790 582 2038 647 Domine,

458 698 521 735 ca
549 695 635 733 me
657 678 1001 747 potissimum
1023 674 1342 744 aspersione
1361 687 1641 743 asperges,
1678 688 1799 742 qua:
1832 672 2030 741 periec-

2145 508 2267 553 πεν,
2294 493 2375 543 ὅτι
2412 492 2677 554 Ὶάντιεῖς
2699 509 2766 559 με
2794 491 3117 561 ραντίσματι
3138 491 3447 561 σμηκτικῷ.
3473 490 3573 561 Είη
3592 491 3636 543 δ’
3655 492 3723 545 ἂν

2141 580 2304 635 τοῦτο
2368 582 2530 651 λόγος
2586 583 2857 650 ἀφέσεως,
2891 583 2923 653 ἦ
2955 584 3047 636 καὶ
3069 583 3129 636 τὺ
3155 583 3390 652 δάκρυον
3419 583 3518 653 τῆς
3557 596 3722 653 μετα-

2144 677 2294 734 νοίας
2322 691 2335 706 ⁸
2361 681 2455 729 καὶ
2484 676 2644 730 τοῐτο
2672 680 2781 748 γὰρ
2816 677 3003 731 θεόθεν
3026 678 3334 749 χαρίζεται.

459 777 569 826 tius
597 786 789 825 Omnes
821 768 1087 836 abstergit
1115 767 1400 841 maculas:
1439 768 1543 821 hoc
1576 775 1759 822 autem
1786 767 1877 821 (iet
1945 784 2040 837 per
2081 769 2346 838 prolatam
2380 786 2411 823 ιι
2475 780 2527 825 te
2569 771 2897 824 omnimodae
2926 772 3290 826 absolutionis
3368 772 3719 836 sententiam,

463 865 542 918 vel
571 863 959 932 perlacrymas
990 860 1354 931 pcenitcntite;
1389 860 1594 929 quippe
1624 876 1750 914 cum
1779 868 1834 915 et
1898 860 2212 930 hujusmodi
2280 864 2556 935 lacrynzae,
2627 874 2686 918 ut
2735 864 2825 917 Dei
2873 864 3075 918 donum
3135 867 3203 918 ab
3268 879 3334 918 eo
3378 866 3720 934 proveniant.

460 958 621 1029 [Nam
653 958 696 1011 si
733 957 854 1010 haec
910 972 938 1008 a
970 966 1024 1009 te
1080 954 1212 1007 mihi
1242 953 1383 1009 dona
1416 953 1698 1007 adfuerint
1732 954 1785 1008 in
1821 953 2203 1022 abstergendis
2257 958 2395 1012 meis
2448 959 2703 1022 maculis,
2738 957 2960 1028 hyssopi
3003 959 3174 1012 vicem
3211 957 3576 1030 praebebunt.]

531 1048 758 1102 Lavabis
795 1063 896 1109 me,
924 1057 970 1099 et
1025 1062 1181 1115 super
1206 1048 1375 1100 nivem
1426 1046 1733 1099 dealbabor.
1770 1045 2033 1101 Enmdem

460 1159 570 1212 pra:
596 1141 791 1211 gaudio
823 1154 1041 1193 sensum
1075 1140 1287 1207 repetit.

535 1232 698 1285 \‘t-tns.
752 1231 837 1283 l0.
877 1229 1102 1281 Auditui
1157 1246 1271 1283 meo
1325 1229 1477 1283 dabis
1526 1228 1937 1283 exsultationem
1986 1239 2034 1283 et

462 1326 727 1378 lwtitiam.
762 1322 899 1387 Quia
930 1322 1157 1375 auribus
1188 1322 1385 1375 anima:
1417 1336 1548 1375 mea:
1579 1329 1631 1375 te
1671 1322 1802 1375 mihi
1841 1336 2035 1391 peper-

463 1420 605 1471 cisse
636 1414 953 1470 instillabis.
992 1412 1298 1468 Exsultatio
1344 1420 1526 1468 autem
1574 1421 1628 1468 et
1669 1414 1856 1468 laetitia
1888 1414 2033 1469 idem

463 1508 796 1579 signiﬁcant,

538 1623 896 1677 Exsultabunt
928 1636 1051 1674 ossa
1098 1618 1405 1673 humiliata.
1460 1616 1597 1674 Ossa
1644 1634 1785 1682 mea,
1836 1619 2037 1690 inquit,

462 1723 815 1785 peccatorum
848 1711 1092 1780 pondere
1126 1710 1409 1780 depressa,
1439 1711 1817 1775 exsultabunt,
1846 1720 1910 1765 ac
1939 1710 2037 1766 de-

462 1807 642 1878 posito
686 1820 751 1859 eo
781 1818 947 1859 onere
991 1804 1395 1857 allevabuntur.
1434 1802 1535 1857 Per
1576 1819 1673 1857 sua
1725 1819 1854 1859 vero
1912 1820 2038 1860 ossa

463 1899 708 1967 seipsum
756 1910 983 1965 prorsus
1040 1894 1332 1963 signiﬁcat.
1382 1894 1563 1962 Aliqui
1614 1906 1795 1947 autem
1825 1894 2037 1958 dicunt,

460 1988 607 2058 quod
662 1988 755 2040 illa
782 1984 945 2040 verba
978 2001 992 2037 :
1026 1983 1254 2036 Ληιίὶιαὶ
1284 1999 1395 2037 meo
1424 1985 1574 2037 dabis
1604 1984 2037 2050 exsultationem,

460 2081 525 2133 ad
563 2078 866 2131 Salvaturis
902 2075 1341 2129 lucarnationem
1389 2076 1686 2144 pertinent,
1718 2086 1777 2131 ut
1811 2077 1881 2131 sit
1915 2093 2040 2133 scn-

466 2186 609 2226 sus:
658 2167 1029 2223 Aununtiabis
1079 2166 1705 2236 mibijucundissimum
1749 2169 2036 2235 gaudium,

462 2265 609 2318 illam
646 2263 901 2315 nimirum
945 2258 1275 2313 incll'abilem
1310 2257 1787 2325 incarnationem;
1820 2269 1875 2315 et
1904 2268 2038 2315 tunc

462 2370 590 2411 ossa
624 2369 766 2417 mea,
811 2369 930 2422 qua:
972 2366 1117 2404 nunc
1164 2351 1451 2403 humiliata
1475 2358 1625 2417 sunt,
1673 2366 1783 2421 pra:
1816 2367 2037 2407 summa

461 2442 1122 2511 voluptatcexsultabunt
1145 2448 1199 2493 et
1227 2439 1545 2494 subsilicnt.

536 2557 700 2611 νεεδ.
735 2556 822 2609 11.
870 2554 1055 2607 Avcrte
1102 2552 1287 2624 facient
1338 2561 1485 2606 tuam
1534 2570 1566 2606 a
1609 2554 1839 2621 peccatis
1887 2554 2036 2620 meis,

458 2660 506 2704 et
539 2664 714 2701 omnes
746 2647 1048 2715 iniquitates
1083 2659 1224 2697 meas
1268 2643 1403 2700 dele.
1438 2644 1656 2711 Omnia,
1683 2644 1882 2714 inquit,
1913 2659 2040 2714 pec-

467 2746 584 2790 cata
617 2750 737 2789 mea
773 2734 826 2786 in
872 2739 1170 2801 conspectu
1206 2740 1300 2784 tuo
1336 2731 1541 2800 jacent,
1590 2734 1720 2801 quia
1763 2741 1821 2786 tu
1854 2733 2034 2786 omnia

463 2826 738 2898 conspicis
772 2841 786 2877 :
828 2841 1014 2880 verum
1055 2833 1201 2893 pcto,
1236 2830 1293 2877 ut
1324 2831 1606 2893 aspectum
1640 2823 1707 2878 ab
1740 2822 1850 2879 illis
1882 2833 2036 2878 tuum

464 2932 740 2981 amoveas,
774 2926 824 2970 et
854 2916 1151 2970 commissa
1186 2930 1215 2968 a
1258 2930 1344 2969 me
1372 2914 1579 2970 scelera
1604 2931 1635 2970 ο
1678 2914 1821 2969 libro
1852 2916 2037 2972 deleas

462 3012 740 3063 actionum
772 3022 1037 3062 mearum.

536 3123 701 3177 Vens.
737 3122 823 3175 12.
871 3120 979 3175 Cor
1026 3117 1277 3172 mundum
1323 3135 1442 3173 crea
1498 3120 1554 3174 in
1601 3136 1704 3187 me,
1737 3120 1895 3176 Deus.
1931 3122 2039 3177 Cor

464 3212 608 3281 apud
651 3211 995 3279 Scripturam
1027 3210 1197 3264 multa
1229 3209 1521 3281 signiﬁcat.
1560 3212 1869 3281 Aliquando
1890 3216 2036 3269 enim

466 3316 563 3371 pro
592 3300 858 3370 singulari
884 3300 1133 3369 corporis
1158 3301 1403 3355 membro
1427 3302 1717 3371 accipitur,
1740 3304 2038 3374 aliquando

466 3406 599 3446 vero
640 3406 740 3462 pro
777 3392 1028 3445 interiori
1079 3391 1170 3445 illa
1220 3392 1447 3448 rationis
1488 3400 1655 3463 atque
1721 3396 2038 3451 intellectus

464 3491 638 3552 parte,
688 3498 715 3534 a
749 3498 854 3552 qua
900 3482 1166 3552 regimur,
1211 3482 1367 3553 juxta
1401 3485 1535 3540 illud
1566 3504 1579 3539 :
1616 3486 1797 3552 Quare
1832 3490 2037 3558 cogita-

459 3576 629 3648 y’ones
661 3572 955 3627 ascendunt
988 3574 1041 3626 in
1074 3573 1237 3627 corda
1269 3584 1443 3629 vestra
1472 3576 1554 3630 "7
1587 3578 1883 3647 aliquando
1912 3594 2029 3634 sen-

464 3666 690 3721 tentiam
725 3664 1025 3733 signiticat,
1054 3672 1107 3719 et
1152 3667 1520 3735 propositum,
1547 3667 1702 3736 juxta
1733 3669 1865 3725 illud
1893 3688 1908 3725 :
1936 3672 2039 3726 Cor

464 3765 638 3809 autent
687 3770 868 3808 eorum
920 3754 1071 3821 longe
1101 3764 1178 3807 est
1222 3773 1254 3809 a
1290 3772 1369 3809 me
1408 3758 1452 3789 9°
1486 3772 1503 3824 ;
1532 3759 1829 3828 aliquando
1877 3764 2039 3818 [tene-

465 3846 723 3915 placitutn
768 3854 824 3899 et
855 3845 1022 3897 animi
1050 3844 1419 3911 aﬂcctionem,
1444 3846 1602 3916 juxta
1641 3849 1776 3904 illud
1809 3869 1822 3903 :
1855 3850 2037 3904 Inveni

465 3937 634 3991 David
667 3938 836 3990 virum
869 3938 1156 3989 secundum
1211 3954 1303 3992 cor
1345 3956 1516 3993 meum
1546 3942 1563 3971 ¹
1601 3979 1616 3995 .
1650 3941 1714 3995 Et
1741 3942 2036 4013 aliquando

462 4029 725 4093 animam,
762 4037 821 4082 ut
868 4028 955 4084 hic
993 4048 1005 4083 :
1040 4030 1145 4083 Car
1175 4033 1427 4083 mundum
1481 4047 1603 4086 crea
1651 4034 1705 4087 in
1744 4050 1845 4098 me,
1868 4033 2032 4091 Deus.

465 4123 579 4177 Non
614 4134 758 4193 peto,
801 4124 1000 4192 inquit,
1051 4132 1110 4177 ut
1143 4125 1303 4178 aliam
1336 4126 1386 4179 in
1434 4140 1521 4180 me
1563 4134 1815 4182 naturam
1853 4144 2033 4196 crees,

462 4210 555 4266 sed
588 4221 645 4266 ut
678 4228 842 4281 quam
888 4213 1061 4267 habeo
1091 4214 1142 4267 in
1171 4214 1450 4283 antiquam
1477 4218 1739 4272 restituas
1778 4219 2025 4288 pulchri-

462 4301 729 4358 tudinem.
772 4303 998 4358 Creabis
1038 4313 1218 4357 autem
1269 4318 1368 4359 cor
1417 4306 1678 4360 mundum
1726 4307 1782 4361 in
1834 4324 1941 4374 me,
1988 4308 2031 4365 si

463 4403 787 4451 vetustatem
819 4396 989 4462 illam,
1020 4411 1142 4467 quae
1173 4398 1254 4462 Iob
1289 4407 1644 4467 peccatorum
1678 4400 1875 4455 sordes
1904 4401 2027 4455 ani-

462 4500 561 4540 mte
588 4500 723 4541 mete
769 4486 1021 4550 inhzerct,
1052 4488 1120 4541 ab
1165 4503 1227 4541 ea
1265 4504 1493 4557 prorsus
1539 4492 1855 4549 abstuleris.
1892 4492 2028 4548 Crea

461 4578 627 4646 igitur
658 4578 762 4632 hoc
789 4578 842 4631 in
874 4578 996 4633 loco
1024 4578 1165 4633 dixit
1198 4594 1320 4649 pro,
1345 4582 1596 4638 restitue.

534 4688 598 4743 Et
629 4690 876 4757 spiritum
910 4702 1107 4745 rectum
1156 4693 1351 4747 inuova
1388 4693 1443 4745 iu
1490 4694 1831 4750 interioribus
1873 4699 2024 4754 meis.

457 4779 681 4840 lnnova,
707 4794 825 4849 pro,
850 4781 1026 4836 denuo
1047 4784 1321 4851 'immitte.
1365 4782 1652 4852 Deinceps,
1691 4786 1886 4855 inquit,
1922 4788 2031 4841 im-

458 4868 609 4921 mitte
637 4869 689 4922 in
719 4885 805 4924 me
848 4873 1102 4941 spiritum
1152 4885 1383 4940 rectum,
1416 4877 1521 4932 hoc
1563 4886 1673 4945 est,
1707 4881 2029 4939 directionis

453 4960 709 5029 gratiam,
737 4976 857 5031 quae
883 4963 1186 5021 diabolicas
1224 4970 1276 5020 in
1309 4984 1395 5024 me
1424 4985 1617 5027 omnes
1648 4974 2028 5030 tortuositates

453 5049 676 5119 dirigat.
704 5050 804 5105 Per
836 5052 1101 5107 interiora
1133 5065 1313 5110 autem
1377 5057 1597 5113 intimas
1622 5061 1817 5115 anima:
1842 5072 2027 5131 partes

455 5142 728 5211 intelligit.
765 5142 953 5199 Simile
979 5146 1143 5200 etiam
1177 5149 1260 5202 his
1291 5156 1395 5214 est,
1428 5149 1573 5219 quod
1622 5152 1852 5222 legimus
1881 5154 2026 5222 apud

455 5230 794 5288 Ezechieletn
843 5233 950 5287 dici
1001 5235 1076 5288 ad
1123 5250 1239 5302 eos,
1272 5238 1363 5306 qui
1409 5239 1461 5292 in
1513 5240 1791 5312 Babylone
1818 5252 2021 5297 erant:

458 5323 604 5376 Dabo
646 5324 788 5378 enim
827 5325 990 5390 vobis,
1022 5325 1220 5395 inquit,
1252 5345 1343 5382 cor
1371 5346 1557 5384 novum
1593 5334 1636 5396 ³,
1673 5346 1734 5386 ac
1765 5333 1809 5387 si
1844 5334 2019 5389 dixis-

454 5427 572 5483 set,
637 5417 919 5471 lntirmum
985 5434 1047 5473 ac
1107 5419 1422 5489 languidum
1496 5437 1591 5477 cor
1670 5432 1911 5479 vestrum
1970 5436 2022 5480 et

454 5506 931 5575 promptitudiuem
961 5516 1200 5563 vestram
1234 5512 1527 5565 renovabo.

524 5687 565 5717 "
610 5686 803 5743 Ezech.
844 5707 919 5756 XI,
948 5692 999 5744 5.
1078 5692 1122 5724 ⁹⁹
1154 5689 1256 5743 lsa.
1300 5706 1450 5756 xxix,
1485 5691 1567 5743 15.

2213 1048 2480 1114 Πλυνεῖς
2506 1064 2604 1117 με,
2655 1047 2752 1101 καὶ
2797 1047 2950 1114 ὑπὲρ
2992 1049 3165 1115 χιόνα
3209 1047 3721 1118 λευκανθήσομαι.

2142 1140 2215 1193 Τὸ
2247 1139 2377 1192 αὐτὸ
2411 1139 2559 1208 λέγει
2586 1138 2747 1193 πάλιν
2784 1139 2872 1207 ὑφ’
2897 1139 3115 1209 ἡδονῆς.

2226 1232 2553 1297 Ἀκουτιεῒς
2596 1249 2671 1301 με
2723 1231 3093 1301 ἀγαλλίασιν
3173 1231 3270 1285 καὶ
3311 1233 3719 1300 εὐφροσύνην.

2142 1325 2275 1387 Ταῖς
2328 1325 2520 1387 ἀκοαῖς
2548 1324 2646 1394 τῆς
2689 1324 2870 1393 ψυχῆς
2924 1342 3028 1393 μου
3064 1326 3350 1395 ὲνηχήσεις
3398 1326 3597 1395 χαρὰν,
3634 1326 3718 1377 ὅτι

2142 1415 2529 1488 συνεχώρησάς
2570 1418 3046 1487 μοι.³Αγαλλίασις
3078 1417 3135 1471 δὲ
3173 1410 3266 1470 καὶ
3302 1417 3609 1487 εὐφροσύνη
3659 1419 3724 1469 τὸ

2138 1509 2272 1562 αὐτὸ
2307 1510 2693 1581 σημαίνουσιν.

2222 1620 2726 1690 ’Λγαλλιάσονται
2745 1617 2927 1673 ὀστέα
2947 1616 3441 1684 τεταπεινωμένα.
3463 1616 3545 1669 Τὰ
3583 1616 3721 1668 ὀστᾶ

2145 1730 2270 1784 μου,
2307 1713 2461 1782 φησι,
2502 1709 2953 1779 τεταπεινωμένα
2986 1707 3062 1778 τῷ
3095 1707 3250 1777 βάρει
3280 1707 3380 1775 τῆς
3412 1708 3715 1777 ἁμαρτίας,

2140 1803 2590 1873 ἀγαλλιάσονται,
2621 1800 2993 1870 κου’φισθέντα
3044 1800 3133 1852 διὰ
3160 1799 3261 1866 τῆς
3284 1798 3553 1867 ἀφέσεως.
3582 1796 3721 1849 Ἀπὸ

2144 1896 2344 1967 μέρους
2369 1896 2447 1959 δὲ,
2499 1896 2607 1948 τῶν
2638 1893 2834 1957 ὀστῶν,
2886 1892 3009 1946 ὅλον
3042 1892 3233 1945 ἑαυτὸν
3273 1891 3521 1961 ἐνέφηνε.
3561 1889 3721 1951 Τινὲς

2138 1989 2196 2042 δέ
2232 2005 2415 2057 φασιν,
2445 1988 2526 2041 ὅτι
2557 1987 2638 2050 τὸ,
2694 1985 3017 2052 Ἀκουτιεῖς
3038 2002 3115 2055 με
3149 1984 3545 2055 ἀγαλλίασιν,
3589 1983 3721 2053 περὶ

2140 2078 2237 2147 τῆς
2259 2077 2733 2147 ὲνανθρωπήσεως
2758 2075 2854 2128 τοῦ
2888 2075 3145 2144 Σωτῆρος
3160 2076 3403 2145 εἴρηκεν,
3434 2076 3515 2127 ὅτι
3533 2075 3722 2140 Ἀναγ-

2141 2169 2319 2237 γελεῖς
2375 2185 2466 2238 μοι
2523 2168 2623 2237 τὴν
2654 2166 3006 2235 παγκόσμιον
3043 2165 3242 2235 χαρὰν,
3272 2166 3390 2234 ἦτοι
3420 2164 3519 2234 τὴν
3544 2164 3720 2233 ἀπόρ-

2142 2262 2305 2330 ρητον
2338 2258 2777 2331 ὲνανθρώπησιν,
2819 2258 2915 2313 καὶ
2949 2258 3113 2321 εὐθὺς
3145 2258 3285 2325 ἄγαν
3318 2257 3567 2311 ἀλοῦνται
3625 2258 3720 2309 καὶ

2143 2352 2530 2422 σκιρτήσουσιν
2573 2350 2665 2420 ὑφ’
2714 2350 2910 2421 ἡδονῆς
2953 2349 3024 2403 τὰ
3064 2349 3515 2419 τεταπεινωμένα
3552 2349 3718 2403 ὀστέα

2143 2457 2269 2508 μου.

2228 2556 2647 2623 Ἀπόστρεψον
2672 2555 2739 2608 τὸ
2753 2555 3078 2623 πρόσωπόν
3105 2571 3219 2610 σου
3240 2554 3359 2610 ἀπὸ
3388 2554 3504 2608 τῶν
3533 2556 3719 2624 ἀμαρ-

2140 2647 2282 2701 τιῶν
2296 2666 2438 2717 μου,
2462 2649 2559 2701 καὶ
2593 2651 2798 2714 πάσας
2822 2648 2929 2713 τὰς
2948 2649 3200 2715 ἀνομίας
3215 2667 3333 2717 μου
3366 2649 3716 2718 ἐξάλειψον.

2141 2740 2327 2810 Γυμνά
2377 2740 2659 2811 πρόκειται
2707 2743 2773 2812 τῇ
2828 2740 3153 2811 παντεφόρῳ
3201 2744 3475 2810 ἐπισκοπῇ
3515 2758 3610 2792 σου
3648 2742 3717 2793 τὰ

2142 2831 2254 2901 ἐμὰ
2311 2831 2706 2901 ἁμαρτήματα.
2784 2830 3117 2901 ’Λπόστησον
3171 2828 3265 2882 οὖν
3328 2829 3558 2899 ταύτην,
3618 2830 3717 2883 καὶ

2140 2922 2268 2985 ὅλας
2299 2940 2399 2993 μου
2431 2923 2528 2987 τάς
2556 2923 2789 2994 ἀνομίας
2814 2922 3096 2993 ἐξάλειψον
3120 2922 3227 2975 ἀπὸ
3261 2921 3361 2990 τῆς
3393 2922 3577 2992 βίϐλου
3607 2922 3715 2974 τῶν

2065 3014 2108 3073 C
2141 3014 2319 3085 ἔργων
2340 3032 2465 3085 μου.

2209 3129 2475 3199 Καρδίαν
2522 3130 2789 3199 καθαρὰν
2835 3130 3053 3183 κτίσον
3099 3146 3169 3183 εν
3198 3130 3349 3199 εμοί,
3384 3131 3417 3183 ὀ
3442 3129 3608 3194 Θεός.
3648 3127 3711 3180 Ἦ

2140 3222 2337 3292 καρδία
2385 3221 2641 3292 σημαίνει
2695 3222 2866 3276 πολλὰ
2892 3240 2907 3255 ·
2964 3223 3099 3276 ποτὲ
3136 3222 3257 3292 μὲν,
3288 3222 3349 3274 τὸ
3394 3219 3709 3292 σωματικὸν

2142 3313 2335 3383 μόριον
2360 3329 2373 3343 ⁸
2411 3313 2542 3366 ποτὲ
2581 3314 2660 3378 δὲ,
2694 3314 2789 3366 τοῦ
2837 3313 3168 3384 ἡγεμονικοῦ
3193 3314 3253 3366 τὸ
3284 3313 3607 3383 βαθύτατον,
3636 3312 3717 3376 ὡς

2138 3406 2239 3459 τόο
2280 3404 2390 3459 Καὶ
2444 3405 2601 3459 διατι
2648 3407 2929 3475 λογισμοί
2997 3406 3436 3461 ἀναϐαίνουσιν
3474 3407 3544 3459 ἐν
3581 3406 3726 3473 ταῖς

2138 3497 2410 3565 καρδίαις
2434 3496 2643 3566 ὑμῶνς
2672 3498 2800 3551 ποτὲ
2826 3498 2903 3565 δὲ,
2930 3501 3029 3569 τὴν
3060 3499 3287 3569 γνώμην
3330 3499 3425 3551 καὶ
3453 3500 3552 3566 τὴν
3580 3515 3725 3569 προσ

2140 3592 2375 3663 αίρεσιν,
2410 3592 2485 3657 ὡς
2505 3593 2567 3646 τό
2597 3608 2611 3622 °
2698 3592 2770 3648 ἸΙ
2793 3591 2861 3645 δὲ
2890 3593 3105 3662 καρδία
3140 3593 3327 3648 αὐτοῦ
3347 3594 3543 3660 πόρ’ρω
3565 3594 3723 3647 ἀπιέ-

2138 3700 2227 3753 χει
2253 3685 2355 3738 ἀπ’
2376 3685 2524 3753 ἐμοῦ
2551 3699 2564 3714 ’
2606 3685 2741 3738 ποτὲ
2771 3685 2848 3751 δὲ,
2878 3686 2975 3757 τὴν
3008 3686 3251 3740 εὐδοκίαν
3269 3685 3363 3739 καὶ
3392 3686 3721 3755 ἀρέσκειαν,

2138 3775 2214 3838 ὼς
2245 3776 2328 3829 τόο
2356 3772 2552 3845 Εὗρον
2573 3777 2749 3830 Δαόίδ
2772 3778 2963 3845 ἄνδρα
2978 3778 3129 3833 κατὰ
3158 3778 3274 3849 τὴν
3300 3777 3550 3846 καρδίαν
3566 3794 3719 3845 μου·

2140 3864 2269 3918 ποτὲ
2314 3866 2395 3932 δὲ,
2440 3865 2538 3937 τὴν
2560 3865 2755 3937 ψυχὴν,
2780 3868 2855 3930 ὡς
2888 3867 2981 3920 ἐπὶ
3009 3866 3104 3919 τοῦ
3132 3866 3522 3937 προκειμένου,
3553 3868 3719 3933 Καρς

2138 3956 2276 4010 δίαν
2302 3958 2569 4025 καθαρὰν
2595 3960 2810 4011 κτίσον
2848 3959 2919 4013 ἐν
2973 3958 3130 4026 ἐμοὶ,
3176 3960 3273 4028 οὐχ
3301 3957 3492 4025 ἑτέραν
3511 3956 3721 4009 οὐσιὼ-

2140 4066 2260 4113 σας,
2290 4049 2426 4103 ἀλ)ἀ
2458 4050 2556 4119 τὴν
2592 4048 2756 4103 οὖσαν
2786 4051 2868 4113 εἰς
2896 4050 2957 4103 τὸ
3018 4052 3245 4121 ἀρχαῖον
3280 4050 3472 4112 κάλλος
3501 4049 3723 4102 ἀποκαυ-

2136 4140 2432 4211 ταστήσας.
2459 4142 2521 4193 Εἰ
2555 4142 2665 4212 γὰρ
2693 4140 2899 4211 ταύτης
2928 4143 3187 4213 περιέλῃς
3221 4142 3319 4212 τὴν
3344 4141 3718 4211 παλαιότητα,

2136 4230 2233 4299 τὴν
2261 4230 2369 4283 ἀπὸ
2398 4231 2494 4283 τοῦ
2543 4231 2713 4304 ῥύπου
2743 4232 2843 4303 τῆς
2888 4232 3188 4304 ἁμαρτίας,
3248 4232 3449 4295 κτίσεις
3484 4233 3543 4285 ὲν
3585 4232 3721 4301 ἐμοὶ

2141 4321 2369 4391 καρδίαν
2415 4322 2684 4393 καθαράν.
2718 4324 2944 4379 Κτίσον
2973 4323 3088 4391 οὖν,
3140 4324 3261 4377 ἀντὶ
3291 4322 3410 4389 τοῦ,
3431 4323 3722 4376 ἀποκατά-

2139 4428 2237 4482 στη
2246 4429 2353 4465 σον.

2205 4696 2314 4751 Καὶ
2351 4696 2587 4767 πνεῦμα
2618 4696 2791 4764 εὺθὲς
2810 4698 3159 4767 ἐγκαίνισον
3182 4700 3250 4753 ἐν
3285 4700 3410 4767 τοῖς
3434 4700 3717 4771 ἐγκάτοις

2130 4804 2272 4857 μου.
2314 4817 2384 4827 -
2417 4789 2824 4858 Ἐγκαίνισον,
2873 4792 2991 4844 ἀντὶ
3043 4793 3162 4856 τοῦ,
3216 4792 3423 4862 ἔμϐαλε
3476 4796 3717 4863 καινῶς,

2133 4878 2249 4948 ἦτοι
2282 4879 2389 4932 ἀπὸ
2416 4879 2510 4933 τοῦ
2554 4880 2671 4947 νῦν,
2707 4882 2956 4952 χάρισμα
2990 4883 3308 4954 εὐθύτητος,
3340 4884 3563 4939 εὔθυνον
3607 4890 3716 4951 τὰς

2130 4967 2492 5038 ἐγγινομένας
2536 4988 2627 5040 μοι
2681 4973 2832 5042 παρά
2864 4972 2957 5026 τοῦ
3002 4972 3258 5044 δαίμονος
3309 4977 3708 5047 σκολιότηταςο

2130 5056 2339 5125 ἔγκατα
2383 5060 2440 5113 δὲ
2476 5061 2628 5129 λέγει
2681 5064 2750 5116 τὰ
2778 5064 3029 5134 ἐνδότερα
3063 5066 3206 5137 μέρη
3234 5067 3449 5122 ἑαυτοῦ.
3481 5070 3622 5139 Φησὶ
3650 5072 3714 5124 δὲ

2123 5153 2218 5205 καὶ
2239 5152 2327 5204 διὰ
2365 5153 2630 5225 ἰεζεκιὴλ
2656 5158 2683 5207 ὁ
2714 5157 2846 5220 Θεὸς
2879 5159 3013 5229 πρὸς
3043 5160 3170 5221 τοὺς
3197 5162 3254 5212 ὲν
3285 5160 3591 5227 Βαϐυλῶνι,
3621 5164 3715 5217 ὅτι

2128 5241 2304 5295 Δώσω
2320 5244 2525 5312 αὐτοῖς
2554 5246 2806 5315 καρδίαν
2836 5248 3054 5316 καινὴν
3079 5250 3176 5303 καί
3197 5251 3435 5321 πνεῦμα
3462 5253 3711 5314 καινὸν,

2130 5337 2426 5404 τουτέστιν,
2490 5338 2852 5395 Ἀνακαινίσω
2883 5342 3263 5413 ἀσθενήσασαν
3298 5345 3393 5399 καὶ
3430 5344 3529 5416 τὴν
3562 5361 3710 5418 καρ-

2131 5426 2247 5480 δίαν
2273 5429 2455 5483 αὐτῶν
2480 5431 2576 5483 καὶ
2612 5433 2712 5502 τὴν
2736 5433 3064 5505 προθυμίαν.

1652 5691 1664 5720 ¹
1702 5690 1719 5743 1
1759 5692 1889 5762 Reg.
1916 5708 2033 5757 χιιι,
2074 5694 2158 5747 14.
2205 5698 2224 5727 ¹
2260 5696 2460 5751 Ezech.
2491 5714 2563 5764 χι,
2606 5700 2691 5754 19.
