4114 6208
478 254 585 319 557

1657 265 2046 332 COMMENT.
2093 265 2174 327 IN
2235 267 2596 335 PSALMOS.

3619 299 3726 362 558

538 365 637 436 Μὴ
657 366 1005 438 ἀποῤῥίψῃς
1018 387 1095 440 με
1118 370 1236 428 ἀπὸ
1261 373 1368 427 τοῦ
1398 372 1728 443 προσώπου
1773 388 1912 429 σου.
1959 373 2007 424 Ὤ

2112 403 2126 431 ι
2228 376 2394 435 Vens.
2429 381 2515 435 15.
2554 380 2638 437 Ne
2666 387 2921 456 projicias
2955 406 3035 444 me
3059 409 3091 444 a
3124 393 3260 462 facie
3288 405 3403 453 tua.
3430 398 3602 468 Quasi
3635 413 3728 460 tua

467 459 777 530 γενόμενον
803 463 1023 528 ἀνάξιον
1053 467 1154 536 τῆς
1183 467 1494 538 ἐπισκοπῆς
1525 485 1643 524 σου.

534 551 646 606 Καὶ
669 553 734 607 τὸ
758 556 1003 624 11νεῦμὰ
1025 573 1144 611 σου
1173 560 1241 612 τὸ
1271 559 1444 630 ἅγιον
1479 560 1566 629 μὴ
1596 560 1935 629 ἀντανέλῃς
1951 551 2055 614 ἀπ’

2157 469 2441 542 indignum
2475 479 2748 533 custodia.

2229 561 2302 616 Et
2331 567 2576 632 spiritum
2605 581 2848 626 sanctum
2881 584 3027 628 tuum
3060 593 3123 631 ne
3156 581 3372 648 auferas
3408 602 3440 638 a
3476 605 3574 645 me.
3609 592 3725 648 Non

462 645 636 714 ἐμοῦ.
662 646 736 699 Τὸ
753 647 1000 718 χάρισμα
1021 648 1173 718 λέγει
1209 651 1310 722 τῆς
1333 652 1694 723 προφητείας,
1730 653 1806 724 μὴ
1837 653 1938 707 ἀνθ
1974 648 2007 706 ἆ

2156 653 2380 712 auferas
2413 674 2440 711 ιι
2467 676 2578 727 me,
2599 661 2796 733 inquit,
2827 668 3126 738 prophetia:
3150 671 3378 738 donum,
3405 678 3474 733 ob
3495 687 3722 750 scelera,

460 738 729 809 ἥμαρτον,
761 739 967 812 ἀφέλῃς
1001 740 1164 796 τοῦτο
1197 742 1292 796 ἀπ’
1319 743 1479 812 ἐμοῦ.

542 895 789 962 Ἀπόδος
803 915 906 965 μοι
930 899 1044 966 τὴν
1063 899 1438 969 ἀγαλλίασιν
1456 899 1564 954 τοῦ
1579 901 1878 968 σωτηρίου
1901 918 2040 956 σου.

461 985 573 1056 Τὴν
603 986 794 1056 χαρὰν,
825 990 891 1059 ἣν
912 985 1058 1059 εἶχον
1087 990 1302 1044 ἀπὸτοῦ
1327 992 1595 1056 σώζεσθαι
1610 993 1698 1046 διὰ
1717 993 1842 1046 σοῦ’
1865 995 1966 1065 ὅρα
1987 993 2044 1047 δὲ

459 1075 607 1138 ὅπως
633 1076 660 1129 ὃ
695 1077 796 1144 μὲν
821 1081 921 1132 οὐκ
961 1080 1270 1148 ἀπώλεσεν,
1319 1087 1394 1154 μὴ
1449 1085 1814 1155 ἀφαιρεθῆναι
1863 1103 2042 1155 παρα-

463 1168 621 1220 καλεῖ
646 1169 701 1221 ’δ
730 1169 786 1222 δὲ
811 1171 1090 1243 ἀφῃρέθη,
1121 1174 1280 1227 τοῦτο
1298 1176 1789 1248 ἁποδοθῆναιαὺτῷ
1818 1178 1996 1231 δέεται
2022 1194 2037 1210 ’

462 1259 566 1331 πρὸ
622 1261 730 1332 γὰρ
787 1265 887 1334 τῆς
951 1266 1228 1336 ἁμαρτίας
1289 1269 1500 1338 ἔχαιρε,
1555 1269 1783 1338 Σωτῆρα
1847 1269 2037 1323 τοῦτον

457 1351 617 1420 ἔχων.

522 1488 626 1542 Kal
658 1491 950 1560 πνεύματι
971 1490 1304 1560 ἡγεμονικῷ
1331 1495 1625 1565 στήριξόν
1646 1517 1742 1569 με.
1771 1500 1879 1553 Καὶ
1909 1517 2032 1553 στε-

454 1576 655 1646 ρὲωσόν
690 1597 760 1649 με
818 1584 1121 1652 χαρίσματι
1160 1589 1495 1659 κυριευτικῷ
1523 1591 1632 1642 τῶν
1665 1591 1876 1657 παθῶν,
1933 1591 2030 1645 καὶ

449 1669 731 1738 ὀδηγοῦντι
756 1674 893 1742 πρὸς
911 1674 979 1727 τὰ
1006 1675 1290 1746 κρείττονα
1319 1695 1333 1709 ⁸
1353 1680 1600 1750 χάρισμα
1622 1683 1679 1738 δὲ
1733 1684 2028 1754 εὐθύτητος

449 1761 543 1813 καὶ
577 1762 824 1832 χάρισμα
861 1766 1190 1834 ἡγεμονικὸν
1214 1763 1323 1822 εἶεν
1358 1771 1422 1823 ἂν
1456 1775 1512 1826 αἱ
1553 1775 1705 1846 παρὰ
1746 1777 1838 1829 τοῦ
1873 1777 2027 1844 ἁγίου

451 1851 766 1921 Πνεύματος
795 1856 861 1924 τῇ
893 1854 1039 1925 ψυχῇ
1075 1856 1330 1928 διάφοροι
1361 1859 1711 1932 ὲγγινόμεναι
1746 1863 2024 1932 δυνάμεις.

514 2048 743 2112 Διδάξω
800 2051 1065 2119 ἀνόμους
1095 2052 1201 2118 τὰς
1243 2053 1424 2120 ὁδούς
1463 2071 1600 2120 σου,
1641 2057 1737 2109 καί
1787 2056 2028 2121 ἀσεϐεῖς

445 2137 544 2190 ἐπὶ
582 2139 658 2191 σὲ
703 2140 1166 2208 ἐπιστρέψουσι.
1223 2143 1334 2196 Καὶ
1362 2142 1520 2196 τοῦτο
1583 2144 1888 2214 προφητεία
1930 2145 2024 2199 τοῦ

450 2228 740 2296 μέλλοντος
765 2248 779 2262 ⁸
811 2230 906 2285 τοῦ
934 2232 1042 2302 γὰρ
1073 2233 1432 2302 εὐαγγελικοῦ
1473 2235 1824 2304 κηρύγματος
1856 2239 1937 2301 είς
1955 2237 2024 2290 τά

447 2321 626 2391 ἄνομα
648 2323 774 2392 ἔθνη
807 2323 1213 2394 διαδραμόντος,
1241 2328 1272 2396 ἠ
1303 2327 1484 2396 βίϐλος
1515 2328 1622 2380 τῶν
1646 2328 1893 2398 Ψαλμῶν
1926 2329 2020 2382 τοῦ

437 2412 607 2466 Δαϐὶδ
633 2415 722 2468 ἀεὶ
759 2415 1079 2479 διδάσκαλος
1106 2417 1286 2479 αὐτοῖς
1317 2417 1424 2470 τῶν
1444 2418 1654 2472 ἀθετῶν
1679 2420 1909 2486 γίνεται.

517 2614 724 2670 Ῥῦσαί
772 2631 845 2684 με
898 2614 968 2679 ἐξ
1026 2614 1308 2684 αἱμάτων,
1349 2619 1383 2670 ό
1431 2616 1594 2684 Θεὸς,
1642 2621 1674 2672 ὀ
1711 2619 1851 2684 Θεὸς
1902 2619 2012 2690 τῆς

431 2706 731 2774 σωτηρίας
752 2723 892 2776 μου.
937 2706 1248 2777 Ἱστορικῶς
1285 2709 1384 2777 μὲν
1443 2709 1652 2777 αἵματα
1685 2713 1841 2765 καλεῖ
1883 2714 2012 2777 τοὺς

434 2798 654 2861 ἀδίκους
709 2799 930 2867 φόνους,
999 2798 1093 2852 τὸν
1154 2800 1354 2869 Οὐρίου
1403 2802 1604 2868 φόνον’
1647 2805 2011 2873 ἀναγωγικῶς

431 2891 514 2958 δὲ,
572 2892 784 2961 αἵματα
831 2892 1086 2961 λέγονται
1137 2893 1231 2946 καὶ
1274 2893 1324 2945 οἱ
1374 2894 1650 2962 δαίμονες,
1699 2896 1774 2960 ὡς
1812 2896 2008 2967 αἵμασι

432 2982 719 3056 χαίροντες
771 2983 867 3037 καὶ
899 2984 1399 3054 ὲγκαλινδούμενοι,
1431 2985 1734 3054 ἀνθρώπων
1757 2988 2010 3058 ἀναιρου-

2153 763 2274 816 qua:
2304 751 2579 807 commisi.

2224 860 2388 918 Vsus.
2423 864 2511 918 Η.
2545 865 2719 921 Redde
2746 871 2877 925 milii
2898 875 3306 934 exsultationem
3347 890 3600 940 sairttaris
3626 895 3721 944 tul.

2155 953 2426 1009 Gaudium
2462 959 2606 1026 quod
2644 960 2929 1029 habebam,
2974 972 3102 1036 quia
3128 986 3156 1024 a
3183 980 3234 1027 te
3264 972 3474 1030 fueram
3500 993 3726 1034 conser-

2148 1053 2332 1101 vatus.
2352 1044 2412 1099 Et
2430 1049 2721 1106 considera
2753 1057 3031 1123 quomodo
3059 1059 3147 1115 his
3175 1063 3387 1121 duobus
3409 1069 3720 1137 versiculis,

2143 1142 2198 1191 et
2227 1151 2334 1192 non
2369 1137 2598 1206 auferri,
2629 1155 2802 1215 rogat,
2839 1149 2985 1218 quod
3023 1167 3299 1224 nunquam
3342 1159 3623 1225 amiserat,
3667 1177 3722 1217 et

2143 1227 2301 1282 reddi
2360 1233 2625 1298 postulat,
2667 1236 2815 1304 quod
2871 1239 2984 1309 jam
3008 1241 3190 1298 fuerat
3249 1247 3530 1317 ablatum;
3594 1262 3720 1308 autc

2137 1318 2432 1371 commissa
2453 1319 2598 1373 enim
2625 1322 2859 1380 crimina
2903 1328 2957 1382 iu
3005 1345 3217 1388 summa
3251 1335 3482 1407 degebat
3508 1340 3716 1406 laetitia,

2136 1407 2282 1472 quod
2323 1415 2532 1464 tantum
2558 1411 2752 1470 fuisset
2785 1416 3124 1477 Salvatorem
3157 1439 3516 1488 consecutus.

2131 1608 2334 1680 inquit,
2361 1619 2536 1685 gratia
2567 1619 2657 1673 illa
2701 1622 3002 1693 spirituali,
3051 1645 3174 1698 quae
3220 1621 3388 1690 animi
3430 1608 3712 1708 perturba;

2137 1703 2378 1760 tionibus
2431 1708 2686 1779 imperat,
2759 1723 2814 1771 et
2847 1716 3036 1788 dirigit
3075 1721 3142 1776 ad
3194 1703 3446 1783 meliora:
3484 1729 3584 1786 Per
3607 1735 3711 1790 hoc

2133 1805 2314 1851 autem
2374 1803 2676 1873 principale
2730 1810 3040 1877 spiritualis
3096 1816 3416 1878 direction’s
3502 1825 3708 1882 donum

2131 1889 2550 1960 vat-impossunt
2636 1897 2860 1970 intelligi
2912 1905 3172 1972 virtutes,
3230 1928 3353 1982 qua:
3421 1918 3708 1975 animabus

2129 1981 2336 2037 nostris
2365 1999 2391 2036 a
2426 1999 2617 2042 sancto
2652 1988 2856 2061 Spiritu
2892 1996 3237 2056 tribuuntur.

2201 2089 2366 2146 Vens.
2405 2096 2491 2150 15.
2524 2098 2727 2154 Docebo
2791 2103 2996 2174 iniquos
3024 2110 3132 2163 vias
3170 2120 3309 2180 tuas,
3363 2125 3414 2170 et
3457 2119 3604 2189 impii
3637 2124 3707 2176 ad

2128 2191 2178 2237 te
2206 2197 2589 2246 conrertentur.
2619 2191 2742 2248 llrec
2768 2205 2853 2250 est
2877 2198 3040 2252 etiam
3065 2203 3376 2261 futurorum
3398 2213 3702 2279 prophetia,

2124 2289 2248 2343 qua:
2312 2279 2425 2346 jam
2489 2283 2784 2354 adimpleta
2857 2301 2982 2358 est;
3015 2294 3215 2366 quippe
3248 2313 3397 2366 cum,
3429 2301 3591 2358 simul
3638 2321 3704 2361 ac

2121 2366 2402 2440 Evangelii
2448 2375 2764 2442 praedicatio
2793 2383 2962 2452 cmpit
3002 2385 3056 2439 in
3089 2390 3348 2456 gentibus
3414 2396 3699 2463 seminari,

2119 2458 2364 2516 Davidici
2413 2467 2599 2520 statim
2650 2472 2848 2538 psalmi
2901 2477 3165 2548 praecipui
3218 2480 3464 2542 doctoris
3521 2458 3696 2544 viceui

2114 2550 2194 2605 cis
2227 2555 2575 2617 praestiterint
2607 2560 2672 2614 ad
2711 2567 2982 2631 parandas
3015 2569 3268 2627 virtutes.

2183 2663 2349 2722 Vens.
2395 2669 2690 2740 16.|Libera
2738 2693 2820 2732 me
2851 2679 2916 2735 de
2948 2685 3323 2754 sanguinibus,
3361 2695 3524 2758 Deus,
3554 2693 3696 2751 Deus

2111 2756 2302 2812 sa'utis
2352 2778 2501 2816 metr.
2535 2763 2699 2820 Juxta
2729 2768 2976 2827 historia:
2997 2789 3222 2831 sensum
3250 2795 3347 2848 per
3400 2787 3697 2854 sanguines

2112 2848 2355 2920 iniquam
2397 2858 2596 2912 rmdem
2656 2860 2928 2932 intelligit,
2979 2871 3242 2924 memoria
3299 2874 3556 2934 nimirum
3607 2897 3698 2938 re-

2117 2949 2310 3010 petens
2354 2960 2412 3002 se
2451 2948 2636 3005 Uriam
2681 2955 2976 3013 occidisse.
3010 2957 3175 3015 Juxta
3237 2979 3515 3038 anagOgen
3565 2987 3694 3026 vero

574 3032 715 3046 ηπ.
901 3032 1399 3054 ηη---ν--η-τ---ννν
1434 3032 1728 3054 “nr—um
1759 3032 1979 3058 -ν--ι-ν-

436 3032 636 3143 μένῐυν,
666 3075 760 3127 καὶ
792 3072 948 3138 ζώων
965 3074 1142 3128 ἄλλων
1176 3074 1473 3144 θυομένων.
1516 3077 1578 3129 '0
1611 3077 1756 3142 Θεὸς
1793 3078 1848 3130 δὲ
1891 3078 2000 3147 τῆς

2112 3032 2408 3105 daemones,
2455 3043 2549 3113 qui
2601 3047 2872 3119 sanguine
2930 3054 3176 3122 gaudent
3221 3032 3690 3123 tamvoeeisorum

431 3172 733 3231 σωτηρίας
755 3182 898 3234 μου,
934 3166 1055 3217 ἀντὶ
1087 3166 1203 3231 τοῦ,
1242 3167 1300 3217 '0
1321 3168 1516 3238 Σωτήρ
1547 3185 1676 3236 μου,
1711 3168 1786 3232 ὼς
1814 3169 2008 3222 πολλὰ·

432 3272 523 3318 κις
545 3256 870 3327 εἰρήκαμεν.
889 3257 951 3311 '0
976 3257 1032 3310 δὲ
1061 3258 1459 3328 διπλασιασμὸς
1485 3259 1545 3310 τὸ
1589 3260 1877 3330 ἐγκάρδιον
1911 3262 2004 3316 καὶ

432 3347 824 3419 ἐπιτεταμένον
858 3347 962 3419 τῆς
988 3349 1227 3418 δεήσεως
1261 3352 1543 3420 ἐμφαίνει.

512 3549 971 3620 Ἀγαλλιὰσεται
1023 3551 1060 3618 ἡ
1097 3551 1352 3619 γλῶσσὰ
1389 3571 1510 3620 μου
1540 3553 1615 3622 τῇ
1642 3556 1999 3627 δικαιοσύνῃ

427 3654 566 3694 σου.
604 3640 920 3710 Χαρήσεται
967 3640 1022 3694 δὲ
1054 3641 1193 3710 αὑτὴ
1247 3643 1281 3712 ἡ
1307 3643 1533 3710 γλῶσσά
1563 3664 1664 3716 μου
1697 3652 1762 3718 τῇ
1791 3651 1889 3719 τῆς
1920 3650 2001 3701 δι-

428 3733 724 3801 καιοσύνης
755 3748 848 3786 σου
876 3732 1210 3802 ἀπαγγελίᾳ.
1235 3736 1594 3805 Δικαιοσύνην
1620 3737 1676 3789 δὲ
1697 3738 1844 3806 λέγει
1905 3741 1999 3794 νῦν

419 3822 527 3892 τὴν
558 3821 709 3891 παρὰ
741 3821 875 3875 Θεοῦ
937 3821 1231 3890 δεδομένην
1288 3822 1438 3892 αὐτῷ
1476 3823 1783 3893 δικαίωσιν,
1821 3827 1998 3880 εττουν

428 3915 740 3984 ἐλευθερίαν
773 3916 871 3985 τῆς
901 3913 1176 3984 ἁμαρτίας
1207 3928 1221 3943 ⁸
1252 3914 1559 3968 δικαιοῦται
1589 3915 1696 3986 γὰρ
1719 3919 1748 3970 ὁ
1783 3918 2000 3972 ἐλευθε-

429 4005 854 4078 ρούμενος.Τινὰ
877 4007 933 4060 δὲ
956 4010 1062 4059 τῶν
1078 4007 1450 4077 ἀντιγράφων,
1469 4007 1585 4076 τὴν
1600 4010 1998 4079 δικαιοσύνην

426 4114 564 4168 σου,
588 4100 890 4169 γράφουσιν
921 4113 936 4127 ’
961 4097 1047 4166 ἐφ’
1067 4091 1142 4152 ὧν
1171 4103 1391 4165 νοεῖται,
1416 4101 1859 4168 ὅτιἈγαλλίασιν
1875 4121 1996 4156 ποι-

425 4191 618 4260 ήσεται
643 4193 681 4261 ἡ
708 4190 929 4258 γλῶσσά
958 4207 1059 4261 μου
1086 4191 1258 4262 αὐτὴν
1300 4191 1400 4262 τὴν
1459 4195 1615 4263 παρὰ
1664 4195 1756 4249 σοῦ
1816 4197 1994 4250 δικαί-

423 4297 581 4345 ωσιν,
617 4283 797 4337 εῐτουν
847 4282 1167 4353 ἑλευθερίαν
1202 4285 1294 4352 τῆν
1346 4287 1641 4356 ἁμαρτίας,
1674 4289 1761 4340 διὰ
1792 4289 1994 4344 ταύτην

425 4372 704 4442 σκιρτῶσα
740 4375 877 4445 πρὸς
917 4375 1268 4445 ὑμνολογίαν.

490 4530 691 4597 Κύριε,
748 4532 819 4585 τὰ
874 4533 1051 4601 χείλη
1095 4550 1216 4602 μου
1247 4535 1530 4608 ἀνοίξεις,
1573 4536 1670 4590 καὶ
1706 4537 1772 4591 τὸ
1798 4539 1993 4608 στόμα

420 4637 536 4687 μου
574 4622 899 4691 ἀναγγελεῖ
922 4621 1037 4688 τὴν
1081 4625 1325 4679 αἵνεσίν
1357 4641 1493 4681 σου.
1537 4628 1742 4682 Μαθὼν
1775 4631 1864 4683 διὰ
1897 4626 1990 4684 τοῦ

421 4712 768 4782 προφητικοῦ
817 4713 1160 4783 πνεύματος,
1230 4711 1346 4769 οἶδα
1405 4718 1484 4770 ὅτι
1544 4717 1704 4771 πάλιν
1757 4719 1992 4785 ἀνοίξεις

418 4804 557 4873 πρὸς
587 4803 916 4873 ὖμνολογίαν
951 4822 1068 4868 σου,
1094 4806 1276 4869 καθὼς
1301 4808 1396 4859 καὶ
1427 4809 1534 4878 πρὸ
1562 4810 1664 4878 τῆς
1691 4812 1988 4882 ἁμαρτίας,

415 4899 482 4946 τὰ
509 4896 868 4965 κεκλεισμένα
922 4897 1016 4950 νῦν
1077 4897 1182 4950 ὑπὸ
1224 4898 1326 4966 τῆς
1382 4901 1780 4968 καταγνώσεως
1835 4903 1987 4975 χείλη

421 5001 546 5052 μου.

485 5197 603 5247 Ὅτι
629 5198 679 5250 εὶ
709 5196 1020 5264 ἠθέλησας
1036 5198 1276 5264 θυσίαν,
1306 5198 1498 5252 ἔδωκα
1524 5199 1621 5266 ἂν,
1649 5204 1987 5259 ὁλοκαυτώο

411 5303 570 5355 ματα
597 5290 710 5342 οὐκ
743 5287 1127 5356 εὐδοκήσεις.
1157 5289 1300 5359 Ὅρα
1331 5290 1496 5343 πάλιν
1513 5292 1612 5354 τὰς
1637 5295 1868 5365 νομικὰς
1893 5299 1989 5351 καὶ

415 5381 642 5446 ἀλόγους
661 5380 848 5441 θυσίας
871 5379 1446 5450 ἀποδοκιμαζομένας.
1474 5384 1536 5436 Εἰ
1555 5384 1770 5455 ἡθελες,
1797 5391 1986 5458 φησὶν,

416 5473 593 5525 ἔδωκα
627 5473 692 5525 ἄν
717 5489 732 5504 ·
766 5472 880 5526 ἀλλ’
897 5473 1022 5526 οὐδὲ
1047 5473 1471 5543 ὁλοκαυτώματα
1495 5477 1759 5549 ἀποδέξῃ·
1785 5481 1850 5534 τὰ
1877 5482 1984 5553 γὰρ

413 5564 845 5635 ὁλοκαυτώματα
907 5563 1212 5635 τιμιώτερα
1239 5566 1348 5618 τῶν
1394 5567 1571 5620 ἄλλων
1595 5565 1924 5639 ἦσαν.Ὢστε
1957 5575 1985 5627 ὁ

414 5654 578 5712 Δαϐλδ
619 5657 669 5711 εί
731 5657 824 5712 καὶ
852 5657 994 5729 μετὰ
1029 5656 1204 5712 ταῦτα
1236 5656 1414 5727 ἔθυεν,
1449 5660 1564 5714 ἀλλ’
1602 5662 1983 5737 ἀπροαιρέτως

2109 3129 2418 3199 hominum,
2463 3151 2626 3206 quam
2697 3139 3102 3200 immolatarum
3170 3152 3512 3222 animalium,
3576 3173 3686 3214 non

2107 3223 2381 3278 immerito
2439 3229 2741 3298 sanguines
2824 3232 2934 3288 dici
2997 3247 3249 3306 possunt.
3288 3239 3354 3297 Et
3389 3245 3535 3315 quod
3570 3248 3685 3305 ait:

2104 3312 2248 3369 Deus
2289 3317 2482 3373 salutis
2540 3337 2690 3389 mere,
2736 3339 2882 3396 saepe
2906 3327 3151 3388 diximus
3174 3332 3317 3390 idem
3361 3312 3486 3394 esse
3513 3344 3687 3410 quod,

2104 3403 2249 3463 Deus
2307 3406 2566 3467 Salvator
2612 3429 2788 3471 meus.
2840 3417 2938 3475 Illa
2981 3433 3165 3479 autem
3200 3430 3498 3495 repetitio:
3529 3403 3688 3489 IDeus

2103 3498 2266 3567 Deus,
2298 3504 2595 3562 vehemens
2635 3508 2815 3565 cordis
2841 3511 3047 3568 indicat
3080 3516 3437 3578 desiderium.

2166 3593 2472 3649 Exsultabit
2488 3597 2668 3666 lingua
2684 3617 2798 3654 mea
2811 3603 3032 3670 justitia
3047 3615 3160 3660 tua.
3177 3609 3299 3678 Ipsa
3314 3615 3477 3668 etiam
3497 3616 3686 3686 lingua

2104 3699 2244 3748 mea,
2276 3685 2473 3755 inquit,
2518 3693 2938 3748 annuntiatione
2981 3696 3256 3753 lzetabitur
3296 3685 3680 3769 juslitiaetuae.

2103 3772 2206 3828 Per
2242 3775 2514 3840 justitiam
2557 3787 2741 3833 autem
2793 3781 2898 3836 hoc
2955 3785 3008 3838 in
3065 3786 3186 3841 loco
3227 3787 3678 3854 justiﬁeationem

2101 3864 2352 3935 intelligit
2400 3868 2505 3922 sibi
2558 3885 2586 3922 a
2633 3871 2742 3923 Deo
2808 3887 3156 3944 concessam,
3215 3879 3318 3935 hoc
3346 3892 3451 3947 est,
3486 3886 3678 3942 libera.

2101 3958 2308 4012 tionem
2352 3973 2380 4011 a
2414 3967 2664 4028 peccato.
2719 3960 2981 4026 Quaedam
3037 3981 3170 4023 vero
3214 3975 3544 4041 exemplaria
3585 3979 3680 4032 ha-

2101 4047 2262 4102 bent:
2313 4049 2592 4117 justitiam
2629 4062 2817 4120 tuam;
2858 4064 2912 4110 et
2949 4067 3078 4113 tunc
3130 4077 3328 4119 sensus
3376 4078 3480 4130 est,
3531 4074 3675 4140 quod

2099 4138 2308 4210 Lingua
2347 4157 2464 4196 mea
2487 4145 2910 4202 exsultationem
2945 4151 3047 4205 sibi
3085 4152 3250 4209 faciet
3327 4174 3446 4214 eam
3475 4138 3680 4230 justiti-

2099 4236 2368 4291 catiouem
2423 4253 2546 4307 quae
2598 4254 2626 4292 a
2688 4248 2740 4294 te
2793 4242 2927 4296 mihi
2958 4248 3050 4314 jest
3095 4251 3675 4317 prmstita,exsuitans

2100 4328 2358 4383 nimirum
2403 4341 2457 4385 et
2482 4333 2780 4389 subsiliens
2824 4348 3047 4408 propter
3085 4357 3204 4396 eam
3247 4345 3312 4398 ad
3359 4345 3591 4416 hymnos
3623 4361 3678 4406 et

2024 4406 2070 4462 Ῑ)
2102 4421 2287 4477 laudes
2321 4424 2416 4478 tibi
2441 4406 2837 4487 decantandas.

2171 4530 2316 4588 Vens
2339 4535 2426 4588 l7.
2477 4537 2719 4608 Domine,
2759 4541 2904 4596 labia
2935 4562 3048 4600 mea
3083 4551 3306 4616 aperies,
3331 4561 3380 4605 et
3413 4569 3470 4606 os
3503 4571 3674 4608 meum

2098 4628 2438 4682 annuntiabit
2467 4629 2675 4686 laudent
2712 4643 2878 4690 luant.
2905 4635 3268 4696 Praemonitus
3310 4658 3430 4712 ego,
3472 4647 3669 4713 inquit.

2097 4731 2344 4776 asancto
2398 4722 2632 4793 Spiritu,
2683 4728 2831 4794 novi,
2896 4729 3042 4798 quod
3103 4740 3159 4785 tu
3225 4733 3422 4790 iterum
3459 4741 3674 4809 aperit-3

2096 4809 2237 4866 labia
2279 4829 2399 4869 mea
2429 4816 2496 4869 ad
2551 4817 2782 4888 hymnos
2802 4827 2857 4874 et
2896 4821 3085 4876 laudes
3141 4825 3235 4877 tibi
3276 4830 3671 4895 concinendas,

2096 4919 2204 4958 non
2254 4921 2418 4962 secus
2461 4919 2626 4978 atque
2672 4919 2860 4980 aperta
2911 4923 3069 4968 erant
3136 4925 3262 4972 ante
3310 4921 3605 4977 commissa
3640 4939 3667 4974 ιι

2094 5014 2182 5054 me
2212 5001 2429 5056 delicta.
2466 5001 2598 5056 Nam
2640 5003 2693 5056 in
2731 5007 3019 5074 praesentia
3042 5009 3112 5063 ob
3145 5010 3666 5067 condemnationem

2095 5097 2243 5144 tuam
2275 5093 2497 5148 occlusa
2525 5104 2670 5148 sunt.

2168 5203 2335 5259 Vens.
2410 5205 2493 5259 l8.
2556 5207 2819 5271 Quoniam
2895 5211 2940 5263 si
3017 5211 3268 5264 voluisses
3319 5213 3671 5279 sacriﬁcium,

2091 5300 2351 5354 dedissem
2389 5300 2591 5369 utique,
2639 5300 2964 5355 holocaustis
2996 5318 3099 5356 non
3142 5302 3483 5357 delectaberis
3541 5303 3670 5360 Vide

2090 5407 2282 5448 rursus
2326 5391 2613 5447 brutorum
2665 5395 2959 5458 sacriﬁcia,
3001 5411 3121 5464 quae
3174 5411 3204 5448 a
3264 5395 3383 5464 lege
3425 5395 3667 5465 impera-

2091 5484 2314 5552 bantur,
2363 5485 2668 5555 reprobari.
2705 5486 2763 5540 Si
2819 5487 3092 5541 voluisses
3130 5501 3215 5552 ea,
3249 5487 3446 5556 inquit,
3477 5487 3666 5544 dedis-

2091 5593 2207 5633 sem
2278 5594 2454 5643 sane;
2495 5593 2682 5633 verum
2749 5587 2802 5630 tu
2858 5578 3174 5632 holocausta
3231 5595 3340 5633 non
3399 5582 3658 5650 suscipis,

2091 5671 2312 5729 tametsi
2355 5687 2418 5728 ea
2457 5671 2569 5728 sint
2619 5669 2878 5727 omnibus
2926 5668 3049 5727 aliis
3091 5671 3382 5732 sacriﬁciis
3429 5674 3663 5731 honora-
