4072 6202
434 260 548 320 5ὃῖ)

1669 261 1804 315 hU'l
1824 261 1978 316 um
1994 262 2044 317 t‘l
2084 258 2448 319 ZlGABENl

3575 271 3675 335 560

429 383 590 432 tiora.
617 373 771 440 Quod
822 374 868 432 si
913 373 1037 444 quis
1085 373 1328 444 objiciat,
1373 375 1590 431 beatum
1644 377 1810 431 David
1867 393 1964 447 pos

2094 378 2270 431 ἐποίει
2293 379 2452 432 τοῦτο
2474 378 2562 431 διὰ
2594 379 2681 432 τον
2715 379 2897 451 νόμον,
2931 383 3024 437 καὶ
3053 383 3135 438 ὅτι
3170 384 3324 440 οὔπω
3354 385 3450 458 τῆς
3483 389 3678 458 καινῆς

426 468 740 538 hujusmodi
794 467 957 521 verba
1007 465 1114 520 Deo
1186 467 1388 536 szepius
1441 470 1810 533 sacriﬁcasse,
1855 469 1990 524 illud

2103 469 2292 533 θυσίας
2313 472 2340 522 ὁ
2373 471 2565 542 καιρὸς
2593 471 2860 542 ἐληλύθει.

422 557 1562 629 animadvertendumducimus,quodnon
1587 576 1652 615 ex
1680 562 1982 631 preposito,
2027 578 2204 632 neque
2239 579 2302 617 ex
2335 564 2559 634 propria
2618 564 2900 622 voluntate
2990 568 3042 622 id
3102 570 3318 640 agebat,
3366 571 3460 627 sed
3539 571 3677 642 legis

420 658 746 720 reverentia,
799 663 853 708 et
911 655 1038 724 quia
1085 656 1210 709 novi
1272 656 1532 711 s-scriticii
1587 656 1705 712 dies
1745 658 1987 711 nondum
2032 669 2275 715 venerat.

490 753 654 808 Vens.
721 753 806 806 19.
873 751 1212 821 Sacriﬁcium
1256 751 1364 807 Deo
1425 754 1644 822 spiritus
1697 756 1983 808 contritus.

420 849 638 910 Anima,
663 843 864 913 inquit,
894 858 1012 913 qua:
1038 843 1345 898 humilitate
1379 859 1444 898 ac
1483 843 1818 902 demissione
1847 862 1985 915 qua-

420 924 550 992 dam
577 935 889 989 voluntaria
948 934 1181 988 contrita
1232 933 1422 999 fuerit,
1447 948 1662 1006 gratum
1707 947 1867 1007 atque
1895 951 1989 991 ac-

418 1027 690 1096 ceptabile
731 1025 841 1080 Deo
870 1026 1210 1080 sacriﬁcium
1243 1025 1448 1081 reddit.

485 1121 587 1175 Cor
621 1121 912 1174 contritum
963 1129 1013 1174 et
1044 1119 1388 1172 Itumiliatum
1420 1118 1561 1174 Deus
1591 1136 1693 1173 non
1721 1119 1988 1189 despiciet.

414 1213 844 1282 Saepenumero,
909 1220 971 1265 ut
1054 1211 1319 1275 diximus,
1385 1211 1672 1279 Scriptura
1743 1228 1840 1280 per
1893 1227 1992 1266 cor

412 1305 652 1358 animam
720 1303 1000 1372 intelligit,
1069 1317 1134 1356 co
1218 1303 1370 1370 quod
1429 1303 1626 1355 anima:
1683 1303 1844 1358 sedes
1896 1304 1990 1366 sit,

410 1404 466 1448 et
492 1398 548 1448 in
571 1410 636 1448 eo
660 1395 1005 1464 potissimum
1032 1394 1379 1448 diversetur:
1416 1404 1582 1462 atque
1606 1394 1729 1448 ideo
1765 1394 1857 1448 ubi
1895 1409 1991 1448 cor

412 1486 639 1555 patitur,
685 1485 868 1539 anima
909 1485 1095 1540 statim
1147 1499 1176 1537 a
1230 1494 1342 1538 toto
1370 1484 1551 1538 evolat
1580 1499 1829 1554 corpore.
1866 1484 1989 1540 Non

409 1577 654 1646 despiciet
683 1588 866 1631 autem
913 1590 1035 1644 pro,
1095 1591 1198 1629 non
1265 1585 1484 1640 avertet,
1537 1576 1640 1629 hoc
1678 1584 1780 1640 est,
1825 1592 1984 1631 suum

409 1670 477 1723 ab
503 1684 568 1724 eo
603 1685 707 1721 non
745 1668 1043 1722 dimovebit
1090 1675 1395 1737 aspectum.

477 1760 643 1815 Vens.
675 1761 766 1814 20.
793 1759 1043 1826 Benefac,
1068 1758 1305 1826 Domine,
1341 1760 1395 1813 in
1424 1759 1558 1814 bona
1587 1759 1858 1815 voluntate
1889 1771 1980 1813 tua

406 1851 556 1907 Sion.
614 1853 897 1921 Supplicat
942 1852 1043 1906 hoc
1102 1852 1155 1905 in
1209 1853 1329 1906 loco
1383 1867 1484 1922 pro
1554 1852 1980 1909 reaediticatione

401 1945 731 2006 Jerusalem,
765 1959 885 2013 qua:
929 1943 1108 1999 futura
1134 1952 1250 1999 erat
1301 1955 1423 2014 post
1451 1947 1691 2000 reditum
1724 1961 1755 2000 e
1796 1943 1978 2016 Baby-

403 2038 545 2088 lone.
583 2034 604 2107 l
645 2035 904 2100 Quaedam
965 2049 1094 2088 vero
1134 2036 1466 2104 exemplaria
1499 2051 1606 2089 non
1641 2037 1696 2090 in
1730 2051 1970 2090 arcusa-

402 2127 513 2181 tivo
549 2141 702 2189 casu,
760 2127 852 2180 sed
881 2128 935 2179 in
982 2125 1165 2181 dativo
1193 2126 1393 2180 habent
1425 2127 1749 2191 dictionem,
1809 2125 1978 2182 Sion:

399 2217 543 2287 quod
582 2233 647 2272 ex
692 2219 930 2273 lectione
969 2216 1159 2272 erca
1211 2219 1409 2273 melius
1433 2220 1736 2288 percipitur
1759 2231 1980 2288 propter

398 2308 732 2373 articulum,
794 2307 953 2376 juxta
1034 2323 1197 2376 quem
1269 2316 1322 2360 et
1378 2323 1480 2362 nos
1530 2308 1980 2362 commodissime

400 2399 576 2470 legere
605 2413 902 2467 possumus
930 2399 1164 2466 primam
1218 2398 1492 2451 litteram:
1541 2398 1772 2466 Benefac
1806 2397 1976 2463 ipsam
2009 2395 2176 2458 Sion,
2214 2395 2300 2448 vel
2356 2397 2412 2448 in
2464 2395 2685 2448 dativo;
2743 2392 2973 2462 Βοαρίας
3025 2394 3128 2463 ipsi
3173 2393 3302 2448 Sion

2163 756 2354 810 Θυσία
2374 757 2453 822 τῷ
2467 757 2608 824 Θεῷ,
2629 757 2866 826 πνεῦμα
2887 759 3417 826 συντετριμμένον.
3437 760 3676 832 Εὺπρὸσ·

2093 850 2279 912 δεκτος
2342 849 2503 903 θυσία
2587 851 2665 920 τῷ
2715 851 2856 921 Θεῷ,
2907 850 3056 922 ψυχὴ
3121 853 3560 925 συντετριμμένη
3612 857 3672 920 ἐξ

2095 943 2343 996 ἑκουσίου
2370 942 2775 1007 ταπεινώσεως.

2157 1123 2421 1192 Καρδίαν
2453 1123 2972 1193 συντετριμμένην
3020 1139 3117 1178 και
3150 1123 3670 1193 τεταπεινωμένην

2094 1207 2126 1269 ὀ
2153 1217 2298 1281 Θεὸς
2322 1218 2432 1270 οὐκ
2453 1216 2868 1279 ἐξουδενώσει.
2920 1215 3164 1285 Καρδίαν
3213 1215 3312 1285 τὴν
3331 1215 3510 1286 ψυχὴν
3539 1216 3668 1268 πολ-

2092 1305 2251 1369 λάκις
2281 1309 2313 1376 ἡ
2353 1305 2544 1377 Γραφὴ
2577 1305 2755 1370 καλεῖ,
2801 1305 2889 1358 διὰ
2921 1304 2984 1358 τὸ
3014 1307 3108 1359 καὶ
3138 1305 3236 1375 τὴν
3265 1307 3491 1376 καρδίαν
3524 1307 3666 1373 ἄγαν

2091 1398 2311 1467 ἔχεσθαι
2370 1401 2467 1467 τῆς
2519 1396 2721 1466 ψυχῆς,
2747 1395 2839 1449 καὶ
2863 1397 2962 1466 τὴν
2980 1395 3158 1466 ψυχὴν
3180 1395 3317 1465 ἄταν
3349 1397 3666 1464 ἐμπεφυκὲ-

2093 1507 2178 1542 ναι
2207 1491 2271 1560 τῇ
2313 1488 2535 1560 καρδίᾳ.
2573 1488 2736 1542 Ὅθεν
2787 1488 2881 1542 καὶ
2918 1486 3197 1556 παθούσης
3229 1490 3326 1558 τῆς
3350 1486 3598 1556 καρδίας,
3625 1490 3658 1554 ἡ

2091 1581 2238 1651 ψυχὴ
2279 1579 2586 1649 ἁφίπταται
2629 1579 2736 1632 ἀπὸ
2757 1574 2850 1631 τοῦ
2879 1578 3133 1648 σώματος
3163 1577 3306 1632 ὅλου.
3345 1577 3664 1641 Ἐξουδένω-

2019 1705 2060 1761 Β
2095 1691 2178 1726 σιν
2208 1673 2264 1726 δὲ
2294 1673 2443 1742 λέγει
2471 1672 2568 1743 τὴν
2598 1672 2973 1761 ἀποστροφήν.

2159 1762 2509 1831 Ἀγάθυνον,
2535 1763 2738 1828 Κύριε,
2764 1761 2832 1814 ἐν
2861 1759 2936 1828 τῇ
2960 1759 3205 1827 εὐδοκία
3223 1773 3339 1813 σου
3357 1758 3468 1826 τὴν
3489 1759 3663 1812 Σιών.

2099 1855 2361 1908 Ἐνταῦθα
2379 1856 2688 1925 παρακαλεῖ
2717 1855 2846 1925 περὶ
2871 1856 2969 1924 τῆς
2992 1855 3131 1925 μετὰ
3154 1855 3250 1922 τὴν
3268 1861 3327 1906 ὲκ
3345 1853 3662 1915 Βαϐυλῶνος

2088 1945 2348 1998 ἐπάνοδον
2373 1943 2728 2012 ἀνοικοδομῆς
2748 1945 2843 2012 τῆς
2879 1941 3243 2012 Ἰερουσαλήμ
3270 1955 3284 1968 ⁸
3309 1940 3369 1992 τὸ
3389 1939 3466 2002 δὲ,
3516 1936 3663 2006 ἁγά-

2087 2033 2295 2092 θυνον,
2341 2029 2461 2081 ἀντὶ
2517 2025 2641 2091 τοῦ,
2670 2029 3071 2097 ἁγαθοποίησον
3108 2044 3124 2060 ο
3161 2029 3347 2099 ἕτερον
3388 2028 3495 2097 γὰρ
3528 2025 3662 2096 παρ’

2089 2121 2269 2172 ἐκεῖνο
2298 2118 2474 2181 τοῦτο,
2506 2119 2581 2182 ώς
2612 2120 2673 2172 τό
2698 2135 2710 2148 °
2745 2118 3085 2189 Ἀπτίθυ-νσν,
3137 2120 3330 2186 Κύριε,
3354 2117 3476 2182 τοῖς
3514 2117 3654 2184 ἀγα-

2088 2211 2234 2276 θοῖς.
2273 2211 2375 2263 Ἐν
2419 2207 2494 2277 τῇ
2525 2207 2771 2277 εὐδοκία
2807 2227 2923 2263 σου
2955 2209 3032 2264 δὲ.
3065 2208 3337 2272 τουτέστι,
3360 2210 3424 2278 τῇ
3459 2223 3656 2275 συνερ-

2091 2304 2214 2374 γείᾳ
2252 2320 2345 2355 σου

3357 2411 3370 2448 :
3417 2399 3470 2448 ct
3521 2401 3656 2447 tunc

395 2491 632 2562 expone]
669 2490 919 2558 Bencfac,
976 2506 1094 2559 pro,
1133 2490 1278 2544 Bona
1316 2491 1503 2546 facito.
1538 2493 1698 2546 Aliud
1731 2493 1876 2545 enim
1900 2499 1984 2546 est
2027 2491 2131 2545 hoc
2165 2491 2232 2544 ab
2281 2490 2414 2554 illo;
2469 2489 2622 2556 juxta
2657 2490 2802 2557 quod
2851 2490 2978 2544 alibi
3067 2490 3340 2558 legimus:
3391 2487 3646 2558 Benefuc,

398 2589 636 2651 Domine,
660 2588 806 2640 bonis
852 2598 897 2639 et
971 2588 1126 2639 rectis
1174 2589 1349 2642 corde.
1383 2586 1446 2640 In
1475 2589 1606 2640 bona
1641 2596 1818 2641 autem
1857 2589 2117 2640 voluntate
2167 2595 2275 2648 tua,
2313 2588 2416 2639 hoc
2451 2595 2551 2647 est,
2591 2584 2793 2638 auxilio
2827 2593 2879 2638 et
2910 2599 3011 2652 ope
3041 2592 3152 2638 tua.

467 2684 534 2736 Et
591 2681 922 2750 wdiﬁcentur
975 2681 1112 2732 muri
1159 2679 1484 2736 Jerusalem.
1513 2679 1767 2750 Optantis
1798 2696 1975 2736 sermo

395 2781 500 2834 cst,
555 2771 771 2826 tametsi
836 2785 900 2825 ex
952 2767 1138 2825 Graeca
1187 2771 1426 2826 lectione
1468 2773 1780 2842 imperativi
1825 2772 1974 2827 modi

391 2879 514 2919 esse
549 2867 818 2918 videatur.

465 2959 628 3014 Vens.
687 2959 779 3012 2|.
843 2958 991 3012 Tunc
1021 2958 1323 3026 acceptabis
1353 2959 1686 3028 sacriﬁcium
1715 2959 1966 3028 justitiw.

2153 2679 2263 2731 Καὶ
2298 2677 2746 2747 οἱκοὸομηθήτω
2795 2664 3064 2746 τίίτείχη
3111 2678 3523 2748 Ἰερουσαλήμ.
3554 2678 3649 2744 Τὸ,

2075 2776 2529 2846 Οἰκοδομηθὴτω,
2564 2775 2980 2846 παρακλητικόν
3002 2776 3172 2840 ἐστιν,
3193 2776 3242 2828 εί
3288 2774 3382 2828 καὶ
3412 2763 3649 2843 προσταέ

2073 2868 2259 2920 κτικδν
2295 2867 2578 2937 φαίνεται.

2149 2963 2284 3015 Τότε
2300 2960 2655 3028 εὐδοκήσας
2677 2960 2900 3016 θυσίαν
2915 2959 3480 3026 δικαιοσύνης-Στότε
3505 2958 3644 3010 ἁπο-

392 3054 568 3113 Tunc,
604 3052 801 3121 inquit,
835 3050 1045 3120 justum
1083 3050 1354 3119 suscipics
1385 3051 1736 3106 sacrilicinm.
1769 3050 1825 3103 ln
1861 3051 1964 3104 alio

2069 3053 2198 3124 δέξῃ
2269 3053 2460 3106 θυσίαν
2512 3052 2762 3106 δικαίαν⁸
2818 3054 2874 3104 ὲν
2911 3052 3081 3121 ἑτέρῳ
3152 3051 3260 3121 γὰρ
3308 3050 3456 3120 τόπῳ
3544 3049 3644 3102 ούκ

392 3147 537 3199 enim
572 3158 715 3197 nunc
743 3157 910 3211 quam
943 3143 996 3194 in
1045 3139 1353 3196 Jerusalem
1403 3143 1679 3196 sacrilieia
1717 3143 1817 3196 tibi
1859 3159 1966 3196 non

390 3240 493 3294 rite.
519 3236 852 3299 otl‘eruntur,
908 3247 1033 3287 cum
1081 3232 1168 3287 lex
1219 3233 1276 3287 in
1334 3248 1396 3288 ea
1435 3236 1967 3289 tantumsacrilieari

392 3345 552 3400 posse
578 3327 946 3382 mandaverit.

460 3423 787 3478 Oblationem
801 3431 850 3476 et
863 3421 1302 3477 holocausta.Per
1315 3422 1642 3478 oblationem
1673 3439 1734 3478 ea
1767 3423 1968 3482 Intelli-

387 3518 466 3585 git
487 3515 1019 3584 sacriﬁci=t,qnorum
1037 3529 1162 3583 pars
1180 3515 1360 3585 aliqua
1381 3524 1589 3570 tantum
1607 3515 1964 3574 olferebatur:

387 3624 482 3679 per
498 3608 814 3661 holocausta
841 3615 1043 3673 autem,
1064 3622 1126 3661 ea
1149 3623 1270 3677 qua:
1288 3607 1964 3678 integraincendehantur.

458 3699 604 3754 Tunc
664 3700 896 3766 imponet
937 3715 1093 3767 super
1147 3699 1322 3754 altare
1372 3711 1522 3754 tuum
1574 3703 1791 3757 vitulos.
1840 3703 1965 3758 llaec

385 3789 603 3858 quidem
654 3788 808 3858 juxta
853 3787 1095 3842 historiae
1156 3803 1379 3843 sensum
1447 3790 1592 3844 dicta
1631 3800 1778 3856 sunt,
1807 3791 1962 3862 juxta

389 3895 669 3950 anagogen
737 3893 867 3934 vero
940 3894 1004 3934 ea
1070 3879 1317 3948 praedicit
1365 3879 1656 3950 PrOpheta,
1707 3898 1828 3952 quae
1894 3884 1960 3938 ad

386 3972 684 4027 Ecclesiam
762 3971 999 4026 ﬁdelium
1081 3980 1135 4025 et
1189 3973 1254 4025 ad
1333 3973 1714 4042 evangelicum
1789 3977 1962 4029 sacri-

387 4063 566 4117 ﬁcium
624 4063 924 4131 pertinent.
1015 4061 1080 4116 Et
1161 4079 1256 4132 per
1312 4065 1512 4120 bonam
1620 4068 1957 4121 voluntatem

387 4152 691 4207 Salvatoris
735 4151 1169 4207 incarnationem
1223 4155 1502 4223 intelligit,
1542 4156 1716 4210 veluti
1753 4157 1957 4210 bonum

383 4241 656 4310 quoddam
689 4242 1074 4311 propositum:
1105 4251 1160 4296 et
1186 4259 1281 4311 per
1322 4243 1474 4310 Sion,
1521 4245 1957 4300 Christianorum

382 4332 897 4397 conversationem;
929 4347 1024 4398 per
1056 4347 1242 4387 muros
1292 4335 1420 4389 item
1465 4333 1789 4401 Jerusalem,
1845 4341 1957 4406 epi-

2075 3144 2189 3197 ἔστι
2241 3145 2464 3206 δικαίως
2518 3145 2698 3196 θύεινο
2751 3145 2808 3197 ὲν
2845 3143 2980 3213 μόνῃ
3021 3143 3129 3212 γὰρ
3159 3144 3223 3212 τῇ
3285 3139 3642 3212 Ἰερουσαλὴμ

2073 3237 2221 3291 θύειν
2243 3240 2270 3291 ὁ
2309 3238 2472 3309 νόμος
2503 3236 2832 3308 ἐπέτρεψεν.

2139 3415 2470 3483 Ἀναφορὰν
2509 3412 2606 3468 καὶ
2643 3413 3130 3482 ὁλοκαυτώματα.
3185 3409 3486 3482 ’Δναφορὰν
3539 3407 3640 3480 μὲν

2068 3508 2218 3577 λέγει
2248 3509 2316 3562 τὰ
2330 3507 2715 3578 ἀφαιρήματα,
2739 3505 2807 3557 τὰ
2831 3506 2895 3557 ἐκ
2927 3505 3126 3574 μέρους
3181 3501 3598 3572 προσφερόμενα
3620 3514 3634 3528 ·

2067 3597 2501 3666 ὁλοκαυτώματα
2533 3595 2609 3659 δὲ,
2645 3594 2715 3647 τὰ
2748 3594 2867 3647 καθ’
2898 3592 3219 3663 ὁλοκληρίαν
3246 3592 3527 3660 καιόμενα.

2145 3693 2282 3746 Τότε
2335 3689 2700 3749 ἀνοίσουσιν
2763 3687 2862 3740 ἐπὶ
2920 3687 2986 3739 τὸ
3032 3683 3463 3752 θυσιαστήριόν
3517 3695 3642 3753 σου

2060 3784 2358 3852 μόσχους.
2412 3780 2597 3834 Ταῦτα
2651 3780 2768 3848 μὲν,
2807 3777 2930 3832 καθ’
2965 3777 3205 3846 ἱστορίαν
3227 3793 3239 3805 ·
3275 3772 3637 3844 ἀναγωγικῶς

2064 3875 2142 3940 δὲ,
2174 3875 2421 3944 περὶτῆς
2465 3872 2799 3943 Ἐκκλησίας
2829 3872 2938 3924 τῶν
2971 3868 3179 3922 πιστῶν
3208 3867 3303 3921 καὶ
3343 3868 3440 3938 τῆς
3471 3865 3635 3931 εὐαγ-

2066 3969 2291 4037 γελικῆς
2349 3964 2540 4027 θυσίας
2594 3966 2970 4034 προφητεύει·
3023 3960 3271 4014 εὐδοκίαν
3314 3959 3411 4029 μὲν
3453 3958 3632 4024 λέγων

2062 4059 2161 4127 τὴν
2183 4055 2595 4125 ἐνανθρώπησιν
2613 4053 2704 4105 τοῦ
2733 4052 2884 4121 Σωτῆ
2895 4068 3003 4120 ρος,
3029 4050 3103 4114 ὼς
3125 4049 3333 4118 ἀγαθὴν
3357 4047 3632 4118 βούλησιν·

2063 4148 2201 4202 Σιὼν
2249 4147 2324 4212 δὲ,
2354 4146 2452 4216 τὴν
2510 4145 2787 4197 πολιτείαν
2832 4145 2940 4195 τῶν
2971 4142 3343 4212 Χριστιανῶν·
3383 4140 3540 4209 τείχη
3571 4138 3632 4192 δὲ

2063 4244 2252 4312 αὐτῆς,
2306 4244 2434 4302 τοὺς
2486 4238 2821 4299 ἐπισκόπους
2854 4236 2948 4289 καὶ
2976 4234 3323 4295 διδασκάλους
3355 4247 3370 4260 ·
3407 4232 3526 4284 τότε
3571 4230 3631 4282 δὲ

2062 4331 2385 4394 ἀποδέξεται
2418 4324 2514 4382 κάὶ
2555 4328 2747 4381 θυσίαν
2791 4325 3161 4395 δικαιοσύνης,
3195 4324 3372 4395 ’ἡγουν
3403 4322 3627 4392 ἀρετῆς·

382 4438 582 4492 scopos
611 4431 665 4476 et
703 4423 983 4477 doctores.
1033 4423 1099 4476 Et
1151 4432 1305 4491 tunc,
1356 4426 1562 4497 inquit,
1601 4430 1838 4499 accipies
1868 4445 1956 4485 sa-

2069 4424 2158 4476 καὶ
2184 4423 2464 4492 ἀναφορὰν
2498 4421 2617 4491 μὲν,
2650 4419 2747 4483 τὰς
2768 4419 2857 4472 διὰ
2876 4419 3111 4489 Χριστὸν
3142 4419 3205 4470 ἐκ
3260 4418 3461 4487 μέρους
3487 4415 3630 4473 καύ-

380 4510 646 4566 crilicium
696 4510 948 4580 iustitiae,
1015 4513 1116 4567 hoc
1157 4521 1262 4578 est,
1305 4517 1640 4571 sacrificium
1685 4520 1954 4576 universae

331 4623 337 4630 ο
383 4604 635 4669 virtutis;
666 4612 721 4658 et
745 4604 1109 4669 oblationem,
1163 4608 1265 4663 hoc
1307 4617 1411 4672 est,
1451 4619 1676 4665 sanctos
1731 4613 1955 4668 confes-

383 4710 576 4759 sores;
615 4702 669 4746 et
706 4694 1049 4760 holocausta,
1102 4697 1206 4753 hoc
1243 4707 1352 4762 est,
1391 4709 1612 4756 sanctos
1651 4714 1952 4774 martyres.

382 4783 514 4855 [illi
567 4784 713 4837 enim
794 4785 1196 4849 oblationibus,
1275 4790 1363 4843 isti
1421 4806 1554 4846 vero
1610 4792 1951 4851 holocaustis

382 4876 578 4929 merito
659 4877 971 4946 comparari
1043 4888 1316 4948 possunt,
1372 4895 1496 4936 cum
1567 4886 1787 4956 utrique
1843 4887 1952 4944 Deo

381 4967 549 5022 oblati
606 4982 669 5022 ac
701 4968 1028 5024 sanctilicati
1077 4971 1223 5037 sint;
1263 4982 1317 5027 et
1346 4975 1690 5033 confessores
1731 4980 1949 5048 quidem

381 5075 447 5112 ex
509 5070 662 5128 parte
720 5073 781 5114 se
847 5060 956 5114 Deo
997 5060 1265 5117 obtulisse
1312 5065 1585 5133 videntur,
1620 5079 1842 5140 prapter
1865 5087 1954 5125 as—

380 5148 775 5202 severationem
835 5147 982 5214 ﬁdei,
1042 5158 1312 5221 martyres
1367 5163 1548 5209 autem
1607 5158 1950 5228 exlintegro,

380 5255 502 5293 eum
567 5247 621 5294 et
673 5242 915 5294 animum
985 5242 1212 5309 pariter,
1275 5251 1328 5298 et
1388 5248 1564 5315 ipsum
1628 5264 1831 5319 corpus
1893 5253 1946 5303 in

382 5339 558 5384 totum
596 5329 706 5386 Deo
731 5331 1075 5387 devoverint.
1131 5332 1250 5395 Vel,
1284 5349 1379 5402 per
1412 5337 1740 5402 oblationes,
1778 5355 1946 5392 mem-

381 5420 605 5476 brorum
698 5423 1072 5478 extremitates
1126 5425 1397 5494 intellige,
1457 5427 1523 5482 de
1571 5428 1943 5483 confessorum

377 5525 606 5579 corpore
633 5512 1025 5580 detruncatas;
1060 5531 1154 5584 per
1191 5515 1512 5571 holocausta
1548 5533 1698 5581 vero.
1737 5520 1942 5589 integra

377 5610 677 5670 martyrum
709 5605 985 5672 incendia,
1027 5614 1122 5660 aut
1153 5607 1347 5662 caedes.
1378 5607 1472 5663 Vel
1503 5609 1660 5664 aliter
1687 5612 1940 5668 :Oblatio

379 5685 630 5745 virtutem
689 5692 908 5753 quidem
958 5693 1254 5763 signiﬁcat,
1287 5696 1383 5753 scd
1414 5710 1476 5752 ex
1507 5706 1662 5767 parte
1701 5699 1940 5758 diminu-

2061 4531 2176 4576 σεις
2210 4513 2318 4565 τῶν
2357 4511 2709 4582 ὁμολογητῶν
2739 4526 2753 4541 ³
2792 4507 3223 4578 ὁλοκαυτώματα
3255 4507 3335 4570 δὲ,
3368 4506 3463 4568 τὰς
3503 4504 3627 4557 καθ’

2059 4608 2355 4679 ὁλόκληρον
2380 4606 2487 4660 τῶν
2520 4604 2836 4677 μαρτύρων.
2857 4605 2924 4658 ’Ἦ
2945 4605 3004 4658 τὸ
3027 4607 3148 4673 μὲν,
3172 4604 3296 4664 τοὺς
3319 4603 3408 4655 διὰ
3441 4601 3628 4668 ξίφους

2061 4698 2542 4771 ἁκροτηριασμοὺς
2605 4698 2716 4751 τῶν
2758 4697 3106 4768 ὁμολογητῶν
3133 4712 3146 4726 °
3201 4695 3260 4747 τὸ
3290 4694 3370 4759 δὲ,
3397 4695 3491 4757 τὰς
3517 4692 3627 4745 τῶν

2064 4791 2360 4862 μαρτύρων
2413 4790 2649 4860 σφαγάς.
2685 4789 2754 4842 Ἢ
2778 4789 2837 4841 τὸ
2870 4787 2990 4858 μὲν,
3026 4787 3124 4857 τὴν
3155 4788 3218 4838 ἐκ
3253 4789 3448 4856 μέρους
3495 4785 3628 4854 ἁρε-

2056 4884 2177 4953 τὴν,
2210 4883 2284 4946 ὼς
2322 4883 2420 4952 τὴν
2453 4885 2512 4935 ὲν
2547 4884 2731 4953 γάμῳ,
2765 4878 3234 4952 ἢᾶλλῳ,β;ωτικῷ
3266 4880 3536 4949 σχήματι·
3564 4875 3627 4928 τὺ

2057 4975 2134 5037 δὲ,
2179 4973 2278 5043 τὴν
2310 4974 2541 5039 τελείαν,
2576 4974 2652 5036 ὡς
2680 4974 2780 5043 τὴν
2842 4974 2899 5024 ὲν
2933 4971 3167 5043 ἀγαμίᾳ,
3209 4971 3241 5040 ἢ
3275 4973 3333 5024 ὲν
3359 4969 3622 5038 μοναδικῇ

2056 5065 2322 5135 πολιτείᾳ..
2346 5065 2555 5134 Μόσχοι
2591 5065 2668 5129 δὲ,
2693 5066 2740 5118 οί
2767 5065 2949 5117 πιστοὶ
2977 5067 3041 5134 τῇ
3063 5063 3297 5133 χορηγίᾳ
3329 5062 3438 5115 τῶν
3489 5063 3624 5130 ἀρε·

2050 5158 2180 5222 τῶν,
2242 5157 2337 5210 καὶ
2387 5159 2570 5220 πίονες
2626 5156 2704 5227 τῷ
2739 5157 2880 5225 ἁγίῳ
2933 5159 3232 5226 Πνεύματι,
3269 5156 3362 5208 καὶ
3399 5155 3624 5225 κερατί-

2050 5247 2235 5310 ζοντες
2267 5247 2356 5300 τὸν
2389 5248 2656 5315 διάϐολον,
2691 5248 2920 5303 καθόλου
2967 5249 3168 5309 πάντες
3191 5248 3238 5299 οί
3263 5246 3456 5298 τέλειοι
3481 5245 3620 5314 πρά·

2051 5340 2128 5404 ξει
2161 5342 2256 5393 καὶ
2299 5341 2466 5410 λόγῳ,
2500 5342 2548 5394 οἳ
2590 5342 2683 5394 καὶ
2738 5343 2816 5404 είς
2852 5343 2912 5393 τὸ
2945 5341 3271 5410 ἐπουράνιον
3322 5338 3621 5406 ἀνάγονται

2049 5430 2458 5502 θυσιαστήριον,
2508 5433 2587 5494 είς
2645 5431 2821 5502 ὀσμὴν
2867 5432 3094 5494 εὐωδίας
3129 5430 3208 5501 τῷ
3245 5431 3385 5499 Θεῷ.
3419 5430 3539 5499 Χρὴ
3561 5429 3620 5482 δὲ

2049 5522 2360 5588 γινώσκειν,
2408 5523 2491 5575 ὁτι
2533 5523 2719 5577 πολλοὶ
2781 5523 3044 5586 πολλάκις
3095 5523 3194 5593 τὴν
3247 5521 3490 5576 διάθεσιν
3521 5516 3617 5573 τοῦ

2052 5612 2337 5682 μέλλοντος
2359 5614 2550 5684 χρόνου
2609 5616 2727 5668 ἀντὶ
2756 5614 3009 5669 εύκτικοῦ
3065 5613 3617 5684 παραλαμϐάνουσιν,

2052 5705 2246 5775 ἰδίωμα
2270 5706 2364 5760 καὶ
2385 5707 2540 5760 τοῦτο
2563 5708 2658 5778 τῆς
2690 5709 2970 5780 Ἐϐραΐδος
2999 5707 3281 5762 διαλέκτου
3339 5705 3618 5776 λέγοντες,
