4072 6202
426 336 522 401 561
1613 329 1981 391 COMMENT

2086 332 2116 391 ι
2152 331 2512 395 PSALMOS.
3578 328 3681 392 569

420 445 496 507 ὡς
513 443 595 508 τὸ,
631 443 922 507 Ῥαντιεῑς
934 460 1010 511 με
1024 442 1310 507 ὑσσώπῳ,
1334 439 1430 494 καὶ
1449 440 1985 511 καθαρισθήσομοι·

2102 449 2246 498 tam:
2302 444 2471 499 veluti
2528 445 2574 499 si
2625 443 2751 515 quis
2794 444 2847 499 in
2880 442 3183 515 conjugali,
3221 447 3315 496 aut
3362 440 3471 495 alio
3524 456 3685 494 mun-

421 533 676 600 πλυνεῖς
724 551 822 602 με,
878 534 975 588 καὶ
1038 532 1192 602 ὑπὲρ
1244 531 1423 601 χιόνα
1487 531 1982 601 λευκανθήσομαι

2109 534 2265 589 danae
2297 534 2417 589 vitae
2444 543 2587 590 statu
2617 535 2877 591 virtutem
2910 534 3231 607 przcsct‘erat
3259 550 3274 598 ;
3299 534 3684 588 holocaustum

420 628 517 681 καὶ
547 625 650 679 ὅσα
675 625 931 682 τοιαῦτα.
1498 617 1506 625 ’

2105 638 2238 679 vero
2292 626 2588 695 perfectam
2626 627 2912 692 virtutem,
2961 627 3127 682 veluti
3173 626 3217 681 si
3258 624 3385 694 quis
3430 625 3485 678 in
3516 623 3685 692 virgi-

2100 717 2293 783 nitate,
2348 728 2442 775 aut
2510 721 2814 776 monastiea
2881 720 3043 790 degat
3092 719 3535 773 conversatione.
3583 713 3687 768 Per

417 799 620 854 vitulos
686 799 851 853 etiam
920 814 1017 856 eos
1089 800 1350 870 intellige,
1405 800 1501 870 qui
1574 802 1850 857 virtutum
1908 802 2221 861 ministerio
2275 809 2416 877 pasti
2500 825 2565 866 ac
2650 810 2816 866 cihati
2884 819 3033 873 sunt,
3095 817 3150 865 et
3215 808 3394 865 eﬂ‘ecti
3450 806 3685 877 pingues

416 892 592 961 gratia
648 894 822 948 saneti
890 892 1166 963 Spiritus,
1232 896 1326 965 qui
1417 898 1724 961 daemones,
1790 895 2012 953 fortium
2054 901 2355 959 vitulorum
2400 904 2595 973 instar,
2649 920 2820 961 cornu
2880 911 3121 976 petunt:
3168 915 3222 959 et
3277 901 3516 971 denique
3580 909 3680 950 eos

416 1001 632 1049 omnes,
685 985 780 1055 qui
827 986 1047 1041 actione
1091 997 1147 1042 et
1182 1001 1436 1043 sermone
1464 987 1687 1058 perfecti
1711 999 1860 1053 sunt,
1886 991 1980 1058 qui
2018 993 2186 1047 etiam
2231 994 2298 1049 ad
2353 996 2585 1052 caeleste
2666 997 3021 1052 adducuntur
3074 996 3252 1051 altare
3309 994 3363 1047 in
3452 990 3680 1044 odorem

417 1077 708 1134 suavitatis
755 1079 797 1134 ⁸.
865 1079 1000 1133 illud
1064 1089 1248 1134 autem
1317 1081 1464 1137 scire
1529 1088 1789 1151 oportet,
1875 1084 2023 1152 quod
2064 1086 2220 1140 multi
2292 1102 2671 1158 saepenumero
2755 1088 3001 1145 futurum
3080 1097 3301 1158 tempus
3387 1080 3674 1138 indicativi

418 1167 695 1238 accipiunt
747 1184 850 1239 pro
913 1170 1174 1240 Optativo,
1225 1171 1426 1226 idioma
1472 1172 1524 1226 id
1554 1186 1679 1226 esse
1728 1170 1977 1227 dicentes
2020 1172 2301 1231 llebraicae
2362 1177 2578 1246 linguae,
2632 1187 2695 1234 ut
2730 1179 2863 1235 illud
2914 1198 2929 1236 :
2986 1180 3245 1250 Asperges
3301 1192 3404 1239 me,
3437 1172 3676 1250 Domine:

415 1264 660 1335 hyssopo,
716 1277 762 1321 et
825 1267 1138 1329 mundabor,
1165 1268 1363 1322 lavabis
1396 1284 1498 1332 me,
1519 1277 1624 1323 etc.
1663 1282 1761 1337 pro
1785 1281 1852 1323 eo
1880 1268 2026 1337 quod
2065 1278 2166 1335 est,
2197 1271 2419 1328 Utinam
2465 1289 2551 1329 me
2595 1290 2875 1346 aspergas,
2925 1240 3088 1346 atque
3156 1240 3368 1328 utinam
3415 1269 3584 1331 laves,
3628 1240 3682 1321 ιιι

416 1361 521 1416 alia
559 1362 900 1433 hujusmodi.

960 1457 1257 1512 ΨΑΛΜΟΣ
1283 1456 1415 1511 NA'.

2670 1462 2990 1519 PSALMUS
3028 1462 3111 1516 Ll.

418 1551 519 1615 Εἰς
547 1549 616 1603 τὸ
644 1551 821 1615 τέλος
853 1551 1096 1619 ψαλμὸς
1136 1541 1450 1617 συνέσεως
1482 1549 1562 1616 τῷ
1590 1550 1787 1616 Δασὶδ,
1825 1552 1898 1605 ὲν
1916 1552 1985 1618 τᾷ

2096 1554 2161 1606 In
2197 1554 2352 1622 ﬁnem
2381 1554 2617 1622 psalmus
2648 1556 3009 1623 intelligentia:
3050 1553 3156 1623 ipsi
3211 1552 3417 1615 David,
3465 1558 3678 1622 quando

483 1640 687 1697 ἐλθεῖν
718 1641 888 1709 Δωὴκ
918 1642 1025 1695 τὸν
1083 1642 1441 1711 Ἰδουμαῖον,
1493 1643 1593 1698 καὶ
1643 1643 1995 1711 ἀναγγεῖλαι

483 1731 564 1797 τῷ
596 1732 820 1798 Σαοὺλ,
850 1733 950 1787 καὶ
980 1734 1171 1787 εἰπεῖν
1205 1734 1403 1799 αὐτῷ·
1446 1731 1637 1789 ’Ἦλθε
1689 1735 1867 1789 Δαόὶδ
1910 1740 1997 1802 εις

485 1823 594 1878 τὸν
613 1820 782 1879 οἷκον
822 1824 881 1879 Ἀ
890 1825 1157 1894 ϐιμέ.2εχ.

2170 1644 2307 1697 venit
2333 1644 2470 1700 Doce
2500 1644 2774 1701 Idumwus
2797 1686 2810 1711 ,
2838 1655 2886 1700 et
2919 1645 3254 1699 annuntiavit
3300 1645 3402 1713 ipsi
3433 1642 3564 1699 Saul
3585 1682 3599 1706 ,
3632 1653 3677 1696 et

2169 1735 2327 1799 dixit,
2369 1737 2514 1791 Venit
2546 1737 2714 1793 David
2746 1740 2799 1792 in
2831 1740 3045 1792 domum
3081 1737 3407 1793 Achimelech
3433 1736 3566 1807 (82).

482 1916 707 1983 Φεύγων
744 1918 772 1970 ὀ
810 1917 974 1970 Δαόὶδ
1002 1917 1093 1970 τὸν
1118 1916 1312 1982 Σαοὺλ,
1342 1917 1630 1971 ἐπείνασεν
1663 1935 1678 1951 ο
1704 1918 1800 1970 καὶ
1830 1920 1985 1972 ἀπελ-

2165 1913 2301 1968 Cum
2355 1913 2563 1984 fugeret
2591 1916 2807 1970 Saulem
2857 1915 3051 1970 bca'us
3104 1914 3306 1978 David,
3361 1925 3525 1982 atque
3575 1914 3679 1986 [ut

413 2007 523 2059 θὼν
552 2007 690 2077 πρὸς
716 2007 945 2077 Νομϐὰν
974 2006 1074 2078 τὴν
1097 2008 1254 2061 πόλιν
1302 2008 1413 2060 τῶν
1448 2008 1641 2078 ἱερέων
1670 2009 1807 2077 πρὸς
1846 2009 1988 2061 Ἀϐι-

417 2098 585 2168 μέλεχ
614 2097 705 2174 sfw
736 2098 1023 2168 ἀρχιερέα,
1054 2098 1313 2167 ἐποίησεν
1334 2099 1433 2151 ὅσα
1462 2099 1523 2151 ὲν
1572 2099 1854 2169 ἐπιγραφῇ
1894 2098 1988 2151 τοῦ

413 2188 496 2257 ly’
525 2191 749 2259 ψαλμοῦ
778 2190 1196 2261 ὲΕηγησάμεθα.
1226 2190 1400 2243 Τοῦτο
1432 2188 1554 2243 ἰδὼν
1604 2192 1782 2256 Δωὴκ.
1819 2190 1848 2243 ὁ
1881 2190 1990 2243 τῶν

412 2278 715 2345 βασιλικῶν
771 2279 1016 2349 ἡμιόνων
1062 2277 1424 2349 ἐπιμελητὴς,
1487 2280 1868 2349 κατεμήνυσεν
1911 2279 1991 2349 τῷ

409 2369 588 2423 Σαούλ
617 2385 634 2402 ’
667 2370 932 2425 καὶκατὰ
964 2369 1059 2424 τοῦ
1106 2370 1400 2440 ’Δϐιμέλεχ
1444 2369 1678 2439 ἐξέμηνε
1712 2368 1986 2435 τοσοῦτον,

407 2461 733 2529 ὠςάγαγεῖν
765 2463 866 2532 μὲν
900 2462 995 2516 καὶ
1018 2463 1233 2516 ἀνελεῖν
1264 2460 1351 2515 διὰ
1376 2460 1471 2514 τοῦ
1503 2461 1663 2531 Δωὴκ
1710 2462 1837 2525 τοὺς
1868 2463 1991 2514 ὲκαο

407 2551 501 2605 τὸν
532 2551 630 2604 καὶ
655 2552 1000 2621 πεντήκοντα
1033 2552 1202 2621 ἱερεῖς
1232 2568 1247 2583 ·
1274 2550 1621 2619 κατασφάξαι
1671 2551 1728 2605 δὲ
1762 2551 1857 2605 καὶ
1880 2554 1988 2605 πᾶ-

408 2661 510 2697 σαν
540 2628 759 2714 ἠλικίαν
804 2644 905 2713 τῆς
945 2643 1175 2709 πόλεως,
1226 2645 1323 2697 καὶ
1388 2642 1737 2713 πανωλεθρίᾳ
1783 2643 1991 2714 ταύτην

2092 2004 2333 2076 accidit]
2364 2007 2623 2070 esuriret,
2657 2006 2937 2076 profectus
2966 2017 3049 2061 est
3083 2006 3346 2061 Nombam
3395 2007 3670 2060 civitatem

2091 2097 2436 2153 sacerdotum
2460 2138 2474 2163 ,
2512 2098 2578 2153 ad
2610 2098 2961 2153 Achimelech
2997 2098 3313 2167 pontiﬁcem
3346 2137 3361 2159 .
3418 2098 3508 2152 ubi
3567 2096 3587 2168 [
3615 2104 3670 2151 ct

2092 2203 2259 2257 panes
2294 2189 2687 2258 propositionis
2718 2190 2978 2254 comedit,
3014 2201 3067 2244 et
3091 2186 3221 2259 alia]
3254 2188 3363 2258 egit
3392 2227 3407 2252 ,
3439 2203 3559 2256 qum
3580 2201 3673 2241 su-

2092 2294 2186 2345 pra
2216 2281 2842 2335 commemoravimusin
2868 2280 3213 2351 expositione
3242 2279 3437 2350 psalmi
3470 2292 3668 2332 χχχιιι.

2090 2364 2247 2420 Hunc
2276 2380 2400 2421 cum
2432 2367 2662 2422 vidisset
2695 2366 2870 2431 Doce,
2898 2354 3180 2436 regiorum
3235 2367 3508 2419 mulorum
3535 2380 3675 2434 pra:-

2093 2458 2290 2519 fectus,
2312 2458 2497 2511 omnia
2531 2456 2681 2512 Sauli
2719 2452 3077 2513 renuntiavit.
3133 2456 3237 2523 Qui
3294 2456 3397 2512 hoc
3441 2455 3629 2510 audito
3656 2497 3670 2519 ,

2090 2550 2226 2602 adeo
2267 2546 2450 2603 furere
2478 2562 2542 2603 ac
2568 2549 2762 2604 saevire
2796 2550 2967 2619 saepit
2994 2549 3260 2605 adversus
3305 2545 3675 2606 Achimelcch,

2091 2648 2150 2693 ut
2181 2650 2400 2693 centum
2427 2648 2482 2694 et
2516 2638 2917 2710 quinquaginta
2942 2639 3255 2695 sacerdotes
3284 2640 3348 2693 ad
3377 2652 3436 2692 se
3469 2633 3668 2690 adduci

405 2733 748 2803 διαφθεῖραι.
789 2734 857 2787 Ὀ
887 2732 1077 2804 μαθὼν
1109 2735 1138 2787 ὁ
1171 2732 1360 2798 Δασὶδ,
1395 2733 1601 2804 ἔγραψε
1629 2734 1721 2785 τὸν
1747 2734 1985 2794 παρόντα

2086 2730 2335 2800 jusserit,
2365 2739 2421 2787 et
2445 2731 2619 2786 occidi
2653 2746 2682 2786 a
2732 2731 2913 2797 Doec,
2970 2739 3026 2787 et
3066 2732 3119 2786 in
3165 2731 3434 2802 cujusque
3491 2729 3669 2785 aetatis

402 2822 645 2892 ψαλμὸν,
674 2824 757 2887 εἰς
791 2821 1074 2895 ὑπομονὴν
1107 2824 1216 2877 τῶν
1241 2823 1634 2894 ἀδικουμένων.
1679 2825 1783 2888 Εἷς
1813 2823 1991 2888 τέλος

403 2915 461 2967 δὲ
491 2913 930 2985 ἐπιγέγραπται,
963 2914 1300 2985 παρεγγυῶν
1339 2915 1419 2976 εἰς
1454 2914 1515 2967 τὸ
1541 2913 1695 2973 τέλος
1744 2914 1856 2966 τῶν
1884 2913 1993 2964 ἁδι.

404 2987 650 3059 κούντων
721 3005 1053 3060 ἀποϐλέπειν
1082 3046 1097 3071 ,
1153 3006 1248 3060 καὶ
1325 3004 1726 3077 μακροθυμεῖν.
1806 3002 1988 3056 Συνέ-

400 3114 560 3161 σεως
589 3097 666 3163 δὲ,
694 3097 777 3152 ὅτι
810 3097 1075 3162 συνέσεως
1106 3098 1188 3151 δεῖ
1202 3098 1280 3163 τῷ
1302 3097 1647 3167 ἀδικουμένῳ
1678 3093 1812 3165 πρὸς
1848 3093 1989 3148 ὑπο-

404 3189 607 3258 μονήν.

2091 2821 2345 2876 homines
2377 2822 2431 2875 in
2468 2836 2531 2876 ea
2565 2822 2789 2878 civitate
2823 2822 3022 2878 saeviri.
3056 2819 3213 2888 Quod
3238 2837 3361 2877 cum
3412 2822 3673 2876 rescisset

2092 2911 2284 2966 beatus
2310 2910 2498 2975 David,
2525 2913 2854 2983 conscripsit
2907 2912 3052 2966 hunc
3100 2912 3368 2982 psalmum
3397 2949 3413 2971 ,
3468 2910 3533 2963 ad
3578 2924 3676 2963 cos

2090 2999 2478 3066 consolandos,
2515 3002 2608 3072 qui
2644 3002 2843 3072 injuria
2874 3000 3054 3056 affecti
3108 3000 3348 3054 fuerant.
3404 2997 3466 3053 In
3515 2998 3676 3067 finem

2091 3090 2431 3153 inscribitur,
2460 3093 2588 3161 quia
2630 3093 2697 3148 ad
2743 3107 2934 3148 eorum
2972 3091 3132 3147 ﬁnem
3189 3091 3310 3146 illos
3341 3090 3498 3159 jubet
3530 3091 3677 3157 aspi—

2092 3199 2238 3248 cere,
2269 3185 2360 3251 qui
2395 3184 2650 3253 injuriam
2681 3184 3006 3249 intulerunt,
3034 3191 3198 3253 atque
3220 3182 3436 3235 interim
3464 3182 3677 3251 paticnc

401 3290 488 3334 ter
512 3280 676 3348 ferre,
710 3296 775 3337 ac
802 3281 1165 3353 longanimem
1196 3296 1339 3337 esse.
1371 3279 1749 3351 lntelligentim
1780 3287 1985 3340 autem,
2028 3292 2123 3332 seu
2154 3275 2349 3348 [juxta
2382 3277 2546 3331 aliam
2578 3276 2780 3332 Graeca:
2816 3276 3073 3332 dictionis
3124 3276 3393 3339 συνέσεως
3462 3273 3676 3344 signili’

401 3375 714 3449 eationem]
751 3378 1066 3446 prudentia,
1095 3375 1219 3431 ideo
1258 3375 1423 3440 dixit,
1460 3376 1724 3446 quoniam
1755 3375 1858 3439 iis,
1917 3374 2011 3445 qui
2063 3375 2266 3445 injuria
2327 3372 2504 3430 aﬂecti
2530 3373 2781 3439 fuerant,
2819 3377 2987 3431 multa
3037 3393 3175 3449 opus
3218 3387 3331 3433 erat
3380 3372 3670 3447 prudentia

398 3479 566 3536 atque
596 3470 900 3530 intellectu.
942 3479 1001 3524 ut
1036 3470 1263 3539 patienti
1306 3472 1491 3526 animo
1515 3471 1698 3525 illatas
1736 3470 1943 3524 ferrent
1981 3467 2217 3538 injurias
2252 3468 2389 3541 (85).

452 3566 543 3643 fl
578 3565 844 3635 ἐγκαυχᾷ
881 3566 953 3618 ἐν
1010 3566 1211 3634 κακίᾳ,
1243 3568 1276 3620 ό
1320 3566 1586 3632 δυνατός
1618 3581 1637 3631 ;
1674 3565 1821 3637 Πρὸς
1885 3566 1976 3620 τὸν

2161 3564 2323 3619 Vsus.
2345 3566 2399 3620 5.
2436 3566 2576 3633 Quid
2602 3568 2854 3638 g.’oriaris
2878 3570 2931 3623 in
2966 3571 3195 3635 malitia,
3222 3582 3400 3638 potens
3427 3573 3452 3626 ?
3482 3570 3675 3626 Sermo

398 3658 565 3727 Δωὴκ
595 3659 624 3710 ὁ
652 3656 833 3725 λόγος.
860 3657 920 3711 δν
957 3656 1065 3711 ἔδει
1096 3657 1335 3727 μάλιστα
1391 3658 1835 3726 ἑγκαλύπτεσθαι
1880 3660 1973 3711 ἐπὶ

396 3751 463 3819 τῇ
548 3747 737 3820 κακίᾳ.
791 3747 1021 3802 Κακίαν
1057 3748 1115 3801 δὲ
1170 3748 1317 3817 λέγει
1380 3751 1480 3811 τὴν
1532 3750 1805 3820 πονηρίαν
1847 3750 1987 3802 καθ-

397 3842 566 3894 όλου’
621 3840 847 3895 δυνατὸν
885 3841 943 3894 δὲ
1015 3839 1181 3895 αὑτὸν
1243 3837 1389 3904 εἷπε,
1425 3842 1515 3895 διὰ
1564 3842 1665 3911 τὴν
1719 3842 1856 3912 πρὸς
1897 3842 1986 3896 τὸν

399 3931 578 3987 Σαοὺλ
610 3932 888 3986 οἱκεῑωσιν
919 3947 934 3963 ⁸
964 3932 996 4004 ἢ
1029 3933 1277 4000 δυνατὸν,
1312 3934 1394 3997 εἰς
1438 3933 1500 3987 τὺ
1532 3933 1806 3987 κακῶσαι.

476 4196 759 4263 Ἀνομίαν
790 4195 945 4264 ὅλην
971 4195 1086 4264 τὴν
1115 4194 1364 4262 ἡμέραν,
1397 4193 1636 4249 ἀδικίαν
1664 4194 1985 4263 ἐλογίσατο

397 4289 436 4356 ἠ
492 4285 756 4358 γλῶσσά
844 4303 981 4342 σου.
1074 4285 1169 4352 Τὸ,
1201 4304 1213 4336 ι
1243 4287 1585 4355 ἐλογίσατο,
1654 4287 1985 4357 ἐφθέγξατο

395 4375 555 4434 εἶπεν
576 4380 605 4433 6
638 4378 965 4433 Θεοδοτίων’
1013 4380 1074 4432 τὸ
1154 4379 1309 4446 ὅλην
1356 4377 1463 4447 τὴν
1533 4379 1785 4448 ἡμέραν,
1852 4379 1982 4434 καθ’

393 4472 677 4539 ἑκάστην
713 4470 947 4539 ἡμέραν
991 4466 1147 4523 εἶπεν
1180 4472 1208 4523 ὁ
1251 4470 1573 4541 Σύμμαχος.
1633 4472 1790 4524 Ἐστι
1835 4471 1891 4524 δὲ
1946 4474 1979 4543 ἡ

397 4561 660 4626 σύνταξις
708 4562 923 4625 οὕτως·
990 4560 1105 4614 Ἀεὶ
1143 4560 1448 4630 ἐφθέγξατο
1496 4563 1530 4633 ή
1600 4561 1824 4630 γλῶσσά
1883 4580 1979 4616 σου

394 4652 928 4722 ἀνομίαν,ἁδικιαν,
988 4651 1317 4716 ἀσυνδέτως,
1380 4652 1571 4722 ἧγουν,
1628 4651 1809 4722 ἄνομα
1886 4653 1981 4707 καὶ

395 4742 586 4798 ἄδικα.
611 4742 870 4814 Διασύρει
905 4742 965 4797 δὲ
994 4743 1114 4796 ὅλον
1139 4742 1230 4796 τὸν
1262 4733 1377 4812 βίον
1406 4741 1603 4810 αὐτοῦ,
1658 4742 1734 4807 ὡς
1797 4744 1976 4817 πάντη

393 4833 801 4904 διεφθαρμένον
833 4850 849 4866 ο
879 4834 939 4887 οὐ
971 4833 1082 4904 γὰρ
1112 4833 1180 4888 ἂν
1206 4833 1464 4904 τοιαύτην
1495 4833 1651 4889 πόλιν
1672 4835 1976 4903 ἀπώλεσεν,

395 4925 448 4978 εἰ
473 4923 552 4994 μὴ
578 4924 920 4979 παντάπασιν
944 4925 1165 4990 ἀνίατος
1191 4921 1282 4998 ἦν.

479 5100 639 5156 Ὠσεῑ
666 5102 855 5171 ξυρὸν
866 5103 1248 5173 ἠκονημένον
1268 5103 1563 5171 ἐποίησας
1589 5105 1795 5161 δόλον.
1824 5108 1986 5163 Δόλον

2091 3662 2175 3708 est
2208 3654 2274 3707 ad
2308 3653 2472 3717 Doec,
2504 3671 2662 3724 quem
2701 3668 3018 3728 oportuerat
3041 3661 3219 3729 potius
3238 3660 3497 3714 malitiam
3516 3677 3670 3715 suam

2090 3745 2366 3813 obtegere,
2400 3760 2563 3813 quam
2606 3746 2673 3800 de
2702 3762 2764 3803 ea
2797 3748 3041 3817 gloriari.
3067 3749 3171 3803 Per
3193 3750 3455 3803 malitiam
3489 3757 3670 3803 autem
3780 3801 3783 3804 ι

2089 3845 2306 3885 omnem
2339 3831 2391 3884 iu
2425 3831 2746 3887 universum
2779 3835 3099 3903 pravitatem
3163 3833 3435 3903 intelligit.
3474 3834 3672 3892 Poten-

2089 3928 2194 3975 tem
2229 3936 2358 3975 vero
2387 3936 2511 3977 eum
2544 3923 2877 3993 appellavit,
2920 3925 2990 3979 ob
3026 3924 3450 3980 familiaritatem
3508 3937 3671 3995 atque

2087 4015 2407 4079 amicitiam,
2426 4031 2591 4086 quam
2616 4016 2850 4070 habebat
2887 4031 3012 4070 cum
3047 4016 3212 4073 Saule
3240 4036 3254 4087 ;
3282 4018 3366 4073 vel
3387 4026 3665 4089 potentem

2074 4094 2142 4160 in
2178 4105 2426 4161 laedendo
2455 4120 2521 4161 ac
2553 4106 2797 4176 maligne
2827 4108 3061 4177 agendo.

2158 4193 2322 4249 Vsus.
2354 4195 2409 4251 4.
2442 4193 2788 4265 lniquitatem
2819 4206 2933 4251 tota
2967 4195 3076 4259 die,
3111 4196 3434 4267 injustitiam
3468 4208 3670 4276 cogita-

2084 4286 2155 4339 vit
2182 4285 2361 4355 lingua
2385 4296 2497 4342 tua.
2548 4285 2656 4342 Pro
2685 4288 2935 4358 cogitavit
2961 4329 2975 4355 ,
3024 4287 3332 4346 Tltcodotio
3382 4295 3617 4352 reddidit
3648 4338 3665 4363 ,

2082 4378 2260 4433 locuta
2320 4390 2419 4435 est.
2456 4378 2613 4447 Quod
2648 4397 2777 4438 vero
2811 4382 2886 4436 ait
2920 4423 2935 4449 ,
3001 4393 3113 4437 tota
3139 4384 3223 4440 die
3251 4428 3267 4453 ,
3302 4385 3663 4459 Symmachus

2083 4468 2265 4525 dixit:
2308 4487 2403 4541 per
2459 4473 2697 4543 singulos
2736 4474 2871 4528 dies.
2938 4473 3087 4529 Ordo
3136 4486 3261 4531 est:
3306 4476 3516 4550 Lingua
3568 4489 3660 4534 tua

2083 4576 2299 4634 semper
2339 4563 2521 4619 locuta
2565 4573 2650 4621 est
2700 4560 3071 4636 iniquitatem,
3128 4567 3456 4635 iniustitiam
3486 4573 3517 4637 ,’
3544 4566 3664 4629 Sine

2081 4654 2301 4722 copula,
2339 4669 2439 4724 pro
2470 4668 2535 4710 eo
2557 4696 2573 4721 ,
2607 4655 2751 4725 quod
2780 4665 2864 4711 est
2888 4692 2904 4719 ,
2941 4657 3127 4726 iniqua
3187 4665 3241 4711 et
3286 4657 3519 4728 injusta.
3549 4660 3661 4716 Ex-

2081 4746 2343 4816 probrarc
2374 4757 2556 4800 autem
2585 4746 2857 4819 PrOpheta
2888 4747 3104 4803 videtur
3136 4747 3286 4805 illius
3362 4751 3531 4811 vitam
3601 4769 3667 4807 ac

2090 4839 2559 4893 conversationem
2628 4854 2855 4909 prorsus
2912 4839 3207 4910 perditam.
3265 4839 3454 4912 Neque
3518 4846 3664 4898 enim

2013 4909 2066 4969 Ῑ)
2092 4915 2406 5001 hujusmodi
2440 4930 2716 4985 civitatem
2769 4909 3064 5002 aliquando
3100 4909 3378 4993 vastasset
3408 4978 3424 5003 ,
3465 4938 3511 4995 si
3556 4954 3666 4994 non

2086 5023 2319 5093 perditis
2348 5037 2579 5094 prorsus
2613 5021 2809 5080 fuisset
2840 5025 3112 5081 moribus.

2158 5114 2329 5180 Quasi
2352 5114 2612 5169 novacula
2639 5123 2798 5169 acuta
2829 5116 3004 5185 fecisti
3066 5117 3269 5175 dolum.
3325 5119 3519 5173 Dolum
3578 5120 3667 5175 hic

395 5190 635 5245 ἐνταῦθα
693 5192 793 5263 τὴν
818 5193 1070 5264 διαϐολὴν
1099 5192 1276 5259 καλεῖ,
1307 5194 1373 5267 ἢν
1410 5194 1825 5265 παρεσκεύασεν
1842 5198 1985 5252 οὕτω

2086 5208 2416 5262 calumniam
2454 5207 2709 5280 appellat,
2744 5224 2904 5279 quam
2947 5210 3083 5281 adeo
3134 5219 3406 5281 potentem
3436 5227 3665 5281 parave-

394 5281 748 5356 δραστήριον,
778 5287 854 5351 ὡς
880 5287 1038 5358 δίκην
1105 5285 1270 5358 ξυροῦ
1340 5286 1624 5358 ἐκθερίσαι
1681 5289 1783 5362 τὴν
1829 5291 1985 5346 πόλιν

2087 5307 2171 5352 rat
2206 5298 2368 5365 Doce,
2395 5308 2453 5353 ut
2483 5299 2828 5356 sacerdotum
2860 5278 3137 5356 civitatem
3195 5302 3367 5354 instar
3387 5301 3663 5358 novacula:

535 5415 554 5447 ³
576 5416 757 5474 Levit.
786 5434 837 5473 tv
890 5421 979 5477 5i.

1754 5497 1955 5561 Varia)
1993 5501 2319 5567 lectiones.

474 5587 801 5674 t§2)_Graeee
828 5594 1140 5674 ᾍδιμέλεχ,
1159 5596 1475 5663 Abimetech,
1499 5605 1558 5651 ut
1591 5599 1820 5656 habetur
1837 5605 1978 5674 apud

400 5656 657 5733 LX351:
684 5661 819 5733 Reg.
854 5663 944 5720 21.

475 5727 589 5800 (85)
621 5727 932 5791 Graecorum
960 5736 1250 5793 verborum
1281 5751 1479 5795 sensus
1515 5744 1637 5795 est:
1681 5738 1978 5799 Prudentia

2082 5619 2258 5691 autem
2303 5627 2430 5679 opus
2478 5619 2552 5667 est
2581 5612 2651 5679 ci,
2693 5609 2784 5680 qui
2820 5609 3019 5681 injuria
3062 5607 3330 5679 afﬁciatur
3360 5644 3374 5671 ,
3416 5607 3484 5662 ad
3532 5612 3659 5668 tole-

2082 5690 2337 5736 rantiam.
