4072 6202
406 288 512 351 563

1624 288 2005 351 EUTHYMII
2045 288 2404 351 ZIGABENI

3546 287 3649 354 564

402 399 691 463 deraserit,
720 413 843 453 cum
878 398 1027 456 Sauli
1062 403 1366 469 detulisset,
1409 404 1761 460 Achimelech
1792 419 1949 460 sacer

2087 409 2188 462 τῶν
2227 407 2499 462 Ἰουδαίων
2527 424 2541 439 ⁸
2571 406 2785 462 διέϐαλε
2813 407 2924 479 γὰρ
2944 411 3070 473 τοὺς
3094 405 3231 481 περὶ
3282 407 3374 463 τδν
3431 408 3653 478 Ἀϐιμέ-

404 493 586 548 dotem
616 493 796 547 favere
822 496 1065 578 partibus
1101 497 1291 553 David.

481 585 638 639 Vens.
667 584 720 638 5.
756 585 998 639 Dilexisti
1026 589 1302 655 malitiam"
1343 608 1499 659 super
1542 592 1854 659 bonitatem,
1890 594 1978 647 in-

396 677 664 744 justitiam
693 678 856 745 magis
881 695 1040 747 quam
1062 679 1512 750 quuijustitiam.
1566 684 1761 738 Malum
1794 685 1976 753 potius

406 783 568 833 quam
602 768 802 822 bonum
839 785 1052 841 semper
1088 774 1307 837 amasti,
1335 783 1389 830 et
1421 775 1621 846 iujusta
1668 778 1847 834 facere
1882 794 1977 848 po-

408 862 515 913 tius
542 875 702 928 quam
735 861 907 929 justa.
940 878 945 879 '

480 948 643 1004 Vens.
678 952 729 1006 6.
760 952 1006 1007 Dilexisti
1031 956 1211 1010 omnia
1236 960 1389 1012 verba
1418 959 1764 1015 demersionis
1788 960 1971 1030 lingua

407 1041 611 1095 dolosa.
644 1040 839 1098 Omnia
889 1046 1051 1101 verba
1099 1049 1480 1117 demersionis,
1538 1068 1660 1121 quae
1710 1056 1978 1122 perimere

407 1148 469 1187 ac
501 1133 680 1188 delere
717 1134 966 1193 homines
1013 1138 1225 1205 solent,
1253 1141 1307 1195 in
1341 1158 1505 1212 quos,
1545 1144 1707 1198 veluti
1753 1144 1975 1213 quidam

410 1240 552 1279 unus
598 1224 834 1293 ﬂuctus,
885 1228 1165 1284 irruerint.
1216 1231 1531 1288 Haec'cnim
1581 1234 1762 1288 omnia
1809 1235 1976 1289 verba

411 1315 552 1372 Dore
583 1319 771 1373 dilexit
800 1320 854 1373 in
881 1321 1059 1388 lingua
1089 1322 1275 1378 dolosa
1299 1364 1313 1388 ,
1359 1327 1462 1380 hoc
1516 1335 1599 1381 cst
1620 1365 1635 1389 ,
1695 1326 1748 1381 in
1794 1328 1977 1398 lingua

409 1411 666 1465 moliente
700 1411 951 1466 insidias.
984 1413 1179 1484 Aliqua
1218 1433 1348 1471 vero
1388 1419 1716 1487 exemplaria
1766 1436 1873 1476 non
1922 1423 1975 1477 in

406 1502 665 1567 ablativo,
696 1503 863 1558 sedin
895 1506 1214 1562 accusativo
1244 1507 1484 1564 habent:
1531 1511 1775 1581 linguam
1827 1513 1978 1566 doto-

404 1607 517 1643 sa-n
544 1607 563 1645 :
595 1599 649 1645 et
692 1602 820 1646 tunc
851 1594 1056 1650 divides
1092 1597 1343 1652 versiculi
1376 1600 1540 1656 verba
1566 1639 1580 1661 .
1635 1612 1694 1657 ut
1734 1604 1807 1660 sit
1853 1620 1979 1661 sen-

405 1697 498 1735 sus
524 1697 540 1736 :
576 1681 821 1738 Dilexisti
844 1685 1003 1739 etiam
1034 1686 1271 1757 linguam
1290 1690 1551 1748 dolosam.

480 1770 644 1827 Vsus.
684 1774 734 1828 7.
777 1772 1060 1844 Propterea
1090 1778 1228 1833 Deus
1253 1782 1478 1835 destruet
1504 1792 1551 1837 te
1589 1784 1645 1837 in
1671 1785 1845 1853 ﬁnem.
1886 1785 1982 1841 Ni—

409 1862 608 1917 mirum
636 1863 801 1918 veluti
826 1868 965 1922 male
996 1869 1324 1926 aedificatum
1344 1912 1359 1936 ,
1392 1876 1607 1929 tametsi
1646 1877 1717 1930 ob
1747 1877 1983 1933 delatio-

410 1968 590 2008 nema
626 1964 678 2010 te
716 1954 914 2011 factam
952 1958 1102 2014 Sauli
1157 1964 1272 2032 regi
1335 1964 1401 2018 ad
1457 1965 1717 2035 majorem
1772 1969 1840 2024 ab
1892 1970 1983 2025 illo

414 2044 670 2100 honorem
701 2057 994 2114 provectus
1028 2052 1127 2106 sis.
1161 2050 1315 2117 Quod
1355 2055 1403 2111 si
1435 2057 1682 2124 verbum,
1717 2059 1979 2128 destruat,

410 2142 464 2185 et
501 2134 626 2201 alia,
660 2152 782 2206 quae
814 2148 1121 2210 sequuntur
1147 2183 1163 2209 ,
1195 2142 1527 2203 intellexeris
1580 2163 1687 2205 non
1738 2152 1981 2219 optantis

408 2240 571 2293 esse,
621 2229 719 2283 sed
776 2233 1166 2302 exsecrantis,
1220 2238 1562 2308 prephetiam
1620 2241 1983 2298 continebunt

411 2318 607 2374 futura:
638 2321 965 2387 perditionis
992 2325 1167 2395 ipsius
1200 2327 1364 2383 Doec.

480 2407 687 2463 Evellat
713 2419 781 2465 te.
827 2411 1000 2468 Veluti
1041 2418 1096 2469 ln
1132 2415 1254 2485 ejus
1294 2418 1449 2474 vinea
1485 2422 1623 2476 male
1650 2423 1977 2492 plantatum.

481 2585 552 2640 Et
588 2589 849 2658 emigrare
874 2600 923 2646 te
964 2593 1132 2662 faciat
1164 2612 1196 2649 a
1224 2597 1561 2653 tabernaculo
1586 2608 1693 2655 tuo.
1745 2600 1801 2657 Id
1853 2611 1980 2668 est,

413 2679 650 2733 animant
682 2690 830 2735 tuam
868 2698 897 2736 a
932 2698 1164 2756 corpore
1195 2694 1311 2743 tuo.
1358 2689 1449 2745 Vel
1484 2692 1749 2762 emigrare
1798 2705 1846 2748 te
1899 2695 1982 2749 fa-

410 2769 519 2822 ciat
550 2784 578 2821 a
612 2768 775 2824 domo
797 2777 911 2837 tua,
951 2780 1005 2828 et
1034 2774 1102 2829 ab
1131 2790 1195 2830 ea
1227 2777 1394 2833 veluti
1442 2788 1717 2834 mortuum
1746 2781 1947 2837 eﬂ‘erri.

481 2858 552 2911 Et
588 2859 819 2913 radicem
847 2870 994 2916 tuam
1032 2880 1066 2919 α
1106 2873 1249 2919 terra
1268 2867 1567 2922 viventium.
1602 2868 1705 2925 Per
1736 2872 1976 2928 radicem

409 2950 817 3019 generationem
889 2968 953 3010 ac
1027 2956 1249 3027 stirpem
1297 2959 1417 3029 ejus
1490 2967 1599 3015 tam
1649 2966 1978 3032 praeteritam

2079 503 2194 574 λεχ,
2217 502 2294 566 ώς
2326 504 2628 572 συνεργοὺς
2661 502 2754 556 τοῦ
2795 503 2989 559 Δαϐίδ.

2160 594 2513 663 Ἠγάπησας
2534 589 2761 648 ’κακίαν
2781 592 2932 661 ὑπὲρ
2962 591 3386 662 ἁγαθωσύνην,
3415 591 3652 645 ἀδικίαν

2077 685 2230 754 ὑπὲρ
2265 686 2370 740 τοῦ
2402 685 2679 753 λαλῆσαι
2729 684 3146 751 δικαιοσύνην.
3227 682 3337 733 Ἀεὶ
3359 680 3418 734 τὸ
3481 680 3651 732 κακὸν

2082 775 2302 846 μᾶλλον,
2325 776 2359 845 ἢ
2390 773 2449 827 τὸ
2482 772 2688 842 ἀγαθὸν
2714 773 2947 843 ὴσπάσω
2969 810 2985 837 ,
3021 772 3117 825 καὶ
3149 770 3211 824 τὸ
3256 769 3439 838 λέγειν
3489 769 3648 824 ἄδικα

2083 866 2307 937 μᾶλλον,
2341 865 2373 935 ἢ
2404 865 2466 918 τὸ
2495 865 2677 934 λέγειν
2699 865 2909 919 δίκαια.

2150 957 2494 1026 Ἠγάπησας
2546 957 2743 1010 πάντα
2809 956 3051 1025 ῥήματα
3133 951 3650 1021 καταποντισμοῦ,

2078 1051 2331 1120 γλώσσῃ
2350 1049 2546 1117 δολίῃ.
2584 1048 2768 1103 Πάντα
2796 1049 3017 1120 ῥήματα
3044 1046 3519 1111 καταποντίζοντα
3557 1044 3653 1098 καὶ

2080 1143 2414 1216 ἀφανίζοντα
2439 1142 2567 1204 τοὺς
2597 1140 2943 1211 ἀνθρώπους,
2972 1140 3094 1193 καθ’
3128 1133 3204 1194 ὧν
3236 1140 3301 1193 ἂν
3360 1136 3651 1207 σχεθᾶωιν,

2078 1240 2154 1303 ὼς
2192 1237 2416 1305 κύματα
2439 1251 2453 1266 ·
2480 1234 2653 1287 ταῦτα
2677 1234 2733 1287 δὲ
2767 1232 3058 1303 ἠγάπησεν
3084 1232 3143 1286 ὲν
3163 1231 3382 1301 γλώσσῃ
3436 1230 3552 1283 δολε
3564 1231 3653 1299 ρᾷ,

2080 1332 2245 1401 ἤγουν
2275 1327 2567 1395 ἐπιϐούλῳ.
2627 1325 2762 1378 Τινὰ
2798 1325 2856 1378 δὲ
2891 1323 3001 1377 τῶν
3030 1322 3402 1392 ἀντιγράφων,
3458 1317 3655 1387 γλῶσ-

2080 1439 2201 1476 σαν
2232 1420 2448 1474 δολίαν
2467 1418 2771 1487 γράφουσιν
2798 1432 2813 1448 ο
2845 1414 2931 1484 ἐφ’
2981 1408 3056 1468 ὦν
3106 1411 3518 1481 ἀποδιαιρήσεις
3569 1408 3654 1471 τὸ,

2079 1511 2409 1584 γλῶσσαν,
2457 1510 2694 1574 δολίαν,
2749 1507 2818 1561 ἵν’
2875 1506 3011 1578 (84),
3058 1503 3403 1575 Ἡγάπησας
3470 1500 3658 1553 πάλιν

2079 1606 2373 1676 γλῶσσαν
2401 1602 2637 1656 δολίαν.

2163 1782 2267 1834 Διὰ
2314 1777 2490 1833 τοῦτο
2554 1777 2587 1830 ὀ
2651 1774 2796 1840 Θεὸς
2842 1770 3085 1827 καθελεῖ
3106 1783 3181 1824 σε
3218 1770 3303 1833 είς
3334 1766 3525 1830 τέλος.
3569 1765 3659 1827 Ὦς

2090 1869 2278 1933 κακῶς
2307 1865 2751 1939 ᾠκοδομημένον,
2784 1866 2833 1917 εἰ
2873 1863 2968 1916 και)⁸
2999 1860 3225 1931 eodem
3259 1860 3323 1912 ὲκ
3352 1860 3454 1928 τῆς
3488 1873 3655 1909 κατα-

2094 1961 2400 2032 μηνύσεως.
2439 1957 2501 2011 El
2532 1956 2589 2010 δὲ
2626 1955 2701 2026 μὴ
2732 1953 2963 2007 εὐκτικὰ
3018 1952 3088 2005 τὰ
3146 1951 3392 2022 ῥήματα,
3449 1944 3565 1998 ἀλλ’
3601 1944 3660 1995 έν

2087 2055 2244 2125 τύπῳ
2294 2052 2456 2124 ἀρᾶς,
2501 2048 2827 2121 προφητεῖαι
2882 2044 2984 2115 τῆς
3041 2041 3231 2096 τούτου
3283 2034 3661 2106 πανωλεθρίας

2091 2147 2253 2201 εἰσίν.

2171 2411 2437 2465 Ἐκτίλαι
2465 2425 2558 2462 σε.
2608 2409 2698 2470 Ὠς
2731 2403 2983 2476 πονηρῶς
3014 2399 3424 2473 πεφυτευμένον
3488 2400 3545 2450 ὲν
3579 2395 3660 2467 τῷ

2089 2502 2375 2572 ἀμπελῶνι
2416 2498 2606 2552 αὑτοῦ.

2159 2593 2268 2648 Καὶ
2295 2588 2781 2661 μεταναστεύσαι
2803 2602 2877 2640 σε
2903 2583 3023 2640 ἀπὸ
3082 2579 3476 2650 σκηνώματός
3516 2592 3655 2631 σου.

2090 2686 2201 2755 Τὴν
2262 2685 2443 2755 ψυχήν
2514 2700 2607 2736 σου
2635 2680 2741 2735 ἀπὸ
2768 2678 2862 2734 τοῦ
2893 2678 3144 2748 σώματός
3175 2692 3269 2729 σου
3294 2689 3308 2705 ·
3356 2673 3388 2745 ἦ
3422 2673 3479 2724 σὲ
3512 2669 3656 2733 ὅλον,

2088 2781 2196 2836 ἀπὸ
2220 2781 2319 2848 τῆς
2346 2776 2523 2839 οἰκίας
2554 2792 2648 2828 σου
2681 2772 2879 2843 νεκρὸν
2909 2769 3303 2840 ἐκφερόμενον.

2157 2868 2362 2925 Καὶτό
2383 2864 2604 2936 ῥίζωμὰ
2636 2881 2753 2918 σου
2814 2864 2883 2916 ἐκ
2947 2860 3058 2930 τῆς
3118 2858 3382 2953 ζώντων.⁸
3425 2852 3535 2953 Κειι
3595 2849 3659 2953 τὸ

2088 2966 2245 3033 γένος
2270 2979 2383 3017 σου.
2436 2959 2585 3023 Ῥίζα
2612 2958 2721 3027 γὰρ
2751 2954 2844 3009 τοῦ
2872 2955 3030 3022 Δωὴκ
3054 2950 3147 3006 καὶ
3177 2953 3205 3005 ὁ
3255 2947 3437 3017 πατὴρ
3467 2945 3658 3007 αὑτοῦ,

412 3056 574 3110 quam
605 3041 842 3098 futuram
886 3046 1162 3119 intelligit.
1184 3048 1421 3108 Radices
1472 3055 1618 3109 enim
1673 3054 1817 3112 Doec
1874 3067 1979 3113 tam

2087 3057 2182 3110 καὶ
2212 3058 2239 3109 ὁ
2279 3056 2436 3115 παῖςο
2468 3053 2496 3104 ὁ
2535 3051 2655 3121 μὲν,
2677 3049 2751 3111 ὡς
2770 3048 2859 3101 τὸν
2889 3044 3047 3116 Δωὴκ
3077 3042 3344 3112 ὲκφύσας,
3385 3041 3413 3092 ὁ
3449 3037 3526 3130 δὲ,
3582 3033 3660 3130 tit;

415 3140 667 3199 parentes
695 3133 800 3188 dici
856 3146 1128 3206 possunt,
1177 3156 1341 3211 quam
1404 3145 1561 3200 liberi
1611 3161 1675 3199 ac
1732 3152 1979 3218 posteri;

412 3232 665 3289 parentes
693 3224 936 3293 quidem,
969 3229 1095 3298 quia
1125 3246 1247 3285 eum
1285 3235 1628 3305 produxere;
1687 3238 1782 3293 ﬁlii
1855 3256 1983 3296 vero

417 3327 481 3364 ac
516 3317 715 3381 posteri
744 3355 759 3380 ,
802 3316 929 3386 quia
961 3318 1115 3373 radix
1151 3331 1279 3376 sunt
1313 3324 1544 3380 aliorum
1575 3367 1590 3390 ,
1642 3329 1737 3399 qui
1796 3331 1864 3385 ab
1902 3333 1983 3389 eis

414 3411 765 3467 generantur.
810 3404 912 3459 Per
947 3409 1183 3463 radicem
1222 3411 1390 3481 igitur
1424 3422 1533 3468 tam
1573 3418 1934 3476 ascendentes
1964 3461 1981 3488 ,

417 3508 578 3559 quam
608 3493 1020 3562 descendentes,
1054 3510 1110 3553 et
1137 3516 1353 3557 omnem
1405 3505 1640 3576 denique
1672 3512 1983 3579 generatio-

2090 3148 2215 3219 ῥίζα
2246 3145 2340 3199 τοῦ
2372 3143 2498 3213 ἑξῆς
2529 3144 2719 3211 γένους
2745 3134 3222 3207 ὑποληφθείς.Διὰ
3250 3133 3351 3200 τῆς
3387 3128 3541 3201 ῥίζης
3562 3124 3657 3178 οὖν

2088 3237 2331 3298 καὶτοὺς
2358 3235 2628 3297 ἀνιόντας,
2656 3230 2901 3292 καὶτοὺς
2941 3225 3254 3288 κατιόντας,
3308 3239 3403 3275 και
3437 3234 3659 3289 συμπαν

2089 3328 2274 3390 ἁπλῶς
2296 3326 2356 3378 τὸ
2389 3323 2543 3392 γένος
2573 3320 2863 3391 ἐδήλωσεν.
2894 3318 3004 3387 Γῆν
3026 3316 3083 3369 δὲ
3107 3313 3325 3379 ζώντων
3414 3309 3507 3363 καὶ
3560 3308 3661 3374 τὴν

2089 3417 2377 3488 παροῦσαν
2396 3419 2567 3480 λέγει,
2600 3413 2671 3482 ἣν
2703 3408 2946 3464 οἰκοῦσιν
2975 3408 3025 3460 οἱ
3055 3405 3278 3472 ζῶντες,
3330 3404 3426 3456 καὶ¹
3474 3401 3566 3453 τὸν
3602 3398 3661 3450 ὲν

2089 3511 2341 3583 οὐρανοῖς
2368 3509 2558 3571 τόπον,
2590 3505 2683 3559 τὸν
2709 3504 2798 3558 ἀεὶ
2837 3502 3057 3567 ζώντων

421 3599 542 3637 nem
574 3586 918 3656 significavit.
948 3588 1050 3644 Per
1075 3599 1275 3646 terram
1324 3607 1504 3651 autem
1552 3599 1851 3655 viventium
1877 3641 1893 3667 ,
1930 3612 1985 3658 et
2026 3611 2347 3675 praesentem
2381 3610 2581 3656 terram
2636 3594 2931 3665 intelligit,
3004 3604 3167 3662 quam
3233 3587 3339 3643 vivi
3412 3585 3661 3640 homines

422 3679 686 3745 habitant,
713 3692 765 3737 et
803 3684 1024 3752 cadum,
1047 3686 1138 3755 qui
1168 3702 1357 3743 eorum
1382 3690 1536 3747 locus
1579 3704 1683 3761 est,
1717 3696 1807 3763 qui
1834 3712 2050 3767 semper
2081 3700 2290 3755 vivunt.

490 3775 650 3831 Vens.
680 3776 732 3833 8.
799 3776 1054 3834 Videbunt
1100 3781 1239 3850 justi
1287 3792 1337 3837 et
1380 3786 1654 3841 timebunt.
1709 3788 1981 3846 Videbunt

422 3862 684 3931 integram
745 3866 1098 3934 perditionem
1178 3869 1343 3926 Doce.
1407 3871 1559 3929 Unde
1615 3877 1985 3935 inevitabilem

420 3971 702 4024 poenarum
740 3961 1066 4015 sententiam
1101 3962 1387 4031 timentes,
1420 3967 1694 4023 cautiores
1733 3969 1882 4024 (ient.

491 4130 559 4186 Et
582 4149 739 4197 super
769 4151 886 4189 eum
921 4137 1183 4193 ridebunt.
1218 4139 1579 4208 Gaudebunt,
1608 4142 1829 4213 inquit,
1862 4159 1985 4200 cum

418 4238 543 4276 cum
569 4226 703 4279 tanti
735 4226 958 4281 sceleris
980 4229 1212 4284 viderint
1238 4245 1428 4300 pinnas
1457 4233 1587 4288 dare
1608 4250 1625 4300 ;
1645 4234 1798 4301 juxta
1823 4250 1985 4305 quam

420 4316 743 4370 sententiam
772 4318 901 4373 alibi
929 4321 1130 4373 dictum
1156 4330 1242 4376 est
1272 4341 1284 4377 :
1308 4322 1600 4378 Lwtabitur
1620 4324 1801 4394 justus
1827 4368 1842 4392 ,
1872 4342 1989 4381 cum

419 4408 607 4461 ﬁderit
636 4408 917 4464 vindictam
956 4413 999 4467 ⁸.
1030 4412 1345 4471 lndiﬂ‘erens
1372 4423 1553 4472 autem
1593 4426 1676 4471 est
1712 4417 1814 4472 hoc
1845 4433 1986 4488 quo-

423 4514 536 4567 que
562 4498 680 4555 loco
707 4504 1071 4557 constructio.

493 4586 660 4642 Vens.
696 4588 749 4643 9.
787 4588 857 4641 Et
886 4589 1080 4653 dicent,
1105 4592 1240 4647 Ecce
1278 4594 1468 4659 homo,
1529 4597 1620 4666 qui
1673 4613 1775 4651 non
1816 4598 1991 4666 posuit

423 4678 590 4731 Deum
620 4679 914 4747 adjutorem
934 4681 1038 4738 sui.
1056 4680 1160 4748 Qui
1192 4698 1278 4737 me
1308 4683 1506 4754 injuria
1533 4700 1563 4740 a
1592 4701 1716 4756 rege
1735 4688 1987 4742 allectum

423 4768 603 4821 celare
634 4769 829 4835 noluit,
862 4770 959 4825 sed
987 4771 1219 4840 prodere
1253 4790 1266 4826 :
1294 4789 1455 4843 quam
1482 4776 1552 4831 ob
1576 4791 1797 4831 causam
1819 4777 1989 4832 Deum

427 4856 531 4910 sibi
567 4857 848 4913 inimicum
872 4863 1181 4925 Constituit,
1211 4864 1303 4933 qui
1324 4879 1420 4935 pro
1449 4865 1758 4922 hominibus
1790 4867 1989 4937 injuria

425 4945 635 5003 all‘eCtis
672 4963 913 5020 pugnare
949 4951 1110 5006 solet.

498 5037 601 5093 Sed
628 5042 935 5110 speravitin
985 5044 1321 5100 multitudine
1385 5048 1693 5102 divitiarum
1741 5065 1985 5104 suarum.

429 5127 734 5184 Verisimile
763 5140 846 5186 est
878 5139 1057 5185 autem
1107 5134 1255 5190 hunc
1310 5136 1453 5192 Doce
1513 5136 1683 5193 fuisse
1738 5138 1984 5205 divitem,

424 5218 509 5272 vel
550 5218 768 5275 divitias
800 5237 907 5274 non
940 5224 1057 5278 auri
1087 5225 1216 5290 dici,
1255 5235 1348 5280 aut
1387 5230 1598 5297 argenti
1628 5268 1642 5290 ,
1701 5230 1796 5283 sed
1832 5230 1989 5283 mali-

426 5310 650 5374 gnitatis
694 5319 748 5365 et
772 5311 1022 5368 vitiorqu
1052 5332 1067 5381 ;
1098 5318 1297 5387 quibus
1349 5334 1511 5389 supra
1548 5328 1828 5389 potentem
1866 5336 1991 5375 cum

428 5416 552 5456 csse
588 5402 727 5456 dixit

536 5523 556 5550 ⁸
581 5519 724 5575 Psal.
771 5540 906 5589 Lvu,
942 5524 1029 5578 H.

2165 3796 2456 3862 Ὄψονται
2485 3790 2723 3849 δίκαιοι,
2758 3785 2857 3839 καὶ
2888 3779 3357 3852 φοϐηθήσονται.
3402 3773 3665 3840 Ὄψονται

2089 3887 2188 3956 τὴν
2245 3885 2544 3957 μέλλουσαν
2594 3875 2975 3942 πανωλεθρίαν
3019 3870 3114 3925 τοῦ
3170 3868 3351 3940 Δωὴκ,
3418 3865 3511 3919 καλ¹
3564 3881 3662 3932 φο-

2094 3974 2356 4045 ϐηθέντες
2384 3972 2484 4042 τὴν
2538 3970 2782 4040 ἄφυκτον
2840 3965 3020 4035 δίκην,
3082 3959 3478 4031 ἁσφαλέστεροι
3532 3971 3659 4025 γεν-

2096 4065 2344 4134 ήσονται.

2169 4154 2283 4208 Καὶ
2318 4150 2412 4206 ἐπ’
2441 4152 2630 4206 αὐτὸν
2655 4148 3042 4220 γελάσονται,
3073 4145 3185 4197 Καὶ
3223 4141 3312 4196 ἐπ’
3347 4137 3494 4208 αὐτῷ
3520 4136 3666 4190 δόντι

2088 4245 2244 4313 δίκην
2286 4245 2614 4315 χαρήσονται
2641 4237 3168 4309 Ἐύςρρανθήσεται
3217 4234 3347 4305 γὰρ,
3386 4230 3541 4298 φησι,
3580 4228 3667 4279 δι-

2091 4353 2279 4401 καιος,
2302 4335 2455 4389 ὅταν
2479 4335 2578 4403 ῑδῃ
2596 4331 2931 4401 ἐκδίκησιν.
2961 4328 3277 4398 ’Δδιάφορος
3298 4323 3354 4378 δὲ
3384 4317 3667 4375 κάνταῦθα

2093 4430 2128 4499 ἡ
2156 4426 2427 4493 σύνταξις.

2172 4603 2277 4657 Καὶ
2308 4600 2516 4669 ἐροῦσι
2542 4615 2555 4629 ο
2605 4598 2762 4654 Ἰδοὺ
2787 4598 3119 4667 ἅνθρωπος,
3149 4596 3214 4662 ὃς
3233 4597 3348 4650 οὐκ
3371 4595 3539 4648 ἔθετο
3559 4592 3667 4646 τὸν

2099 4691 2249 4747 Θεὸν
2263 4690 2496 4756 ,ϐοηθὸν
2514 4688 2723 4742 αὑτοῦ.
2742 4687 2832 4741 Ἑν
2859 4687 2935 4755 τῷ
2957 4686 3030 4757 μὴ
3060 4683 3404 4753 συγκαλύψαι
3424 4683 3517 4735 τὸν
3551 4683 3670 4749 ἠδι-

2099 4783 2358 4855 κημένον,
2377 4782 2513 4836 ἀλλὰ
2539 4780 2742 4851 μᾶλλον
2766 4779 2998 4850 προδοὺς
3022 4778 3207 4842 αὐτὸν,
3237 4776 3432 4847 ἐχθρὸν
3464 4772 3662 4827 ἑαυτοῦ

2098 4874 2403 4944 κατέστησε
2430 4872 2521 4927 τὸν
2547 4872 2868 4943 ὑπέρμαχον
2895 4869 3003 4924 τῶν
3033 4867 3408 4939 ἠδικημένων.

2172 5049 2337 5104 Ἀλλ’
2359 5051 2702 5117 ὲπήλπισεν
2731 5046 2829 5101 ἐπὶ
2858 5044 2935 5111 τῷ
2966 5042 3185 5110 πλήθει
3222 5041 3331 5097 τοῦ
3383 5039 3660 5094 πλούτου

2094 5140 2303 5196 αὑτοῦ.
2338 5140 2498 5203 Εἰκὸς
2531 5130 2637 5208 γᾶρ
2670 5139 2923 5192 πλούσιον
2938 5136 3102 5192 αὐτὸν
3128 5132 3291 5190 εἶναι.
3324 5134 3395 5187 Ἢ
3425 5131 3662 5185 πλοῦτον

2098 5234 2248 5297 λέγει
2305 5234 2400 5303 τὴν
2478 5231 2695 5296 κακίαν,
2771 5230 2857 5300 ἐφ’
3026 5229 3122 5285 καὶ
3201 5224 3425 5281 δυνατὸν
3498 5222 3667 5277 αὐτὸν

2101 5324 2318 5395 εἴρηκε.

1774 5595 1971 5659 Variae
2002 5596 2327 5663 lectiones.

502 5686 612 5757 (84)
648 5689 736 5745 τσ.
769 5691 833 5745 ἶν’
861 5690 915 5763 ᾗ,
960 5704 1013 5748 ut
1036 5710 1213 5749 sensus
1246 5696 1334 5748 sit.
