4114 6208
462 220 567 284 565

1610 229 1997 293 COMMENT.
2043 231 2125 292 IN
2154 233 2515 302 PSALMOS.

3600 246 3703 310 566

536 332 640 387 Kal
700 333 1121 404 ἐνεδυναμώθη
1172 338 1267 392 ἐπὶ
1314 339 1388 408 τῇ
1428 341 1774 410 ματαιότητι
1822 343 2030 428 αὑτοῦ,

2211 347 2278 401 Et
2315 352 2597 414 prarvuluit
2652 351 2702 404 in
2751 354 2982 407 vauitale
3029 372 3147 409 sua.
3187 357 3341 423 Quod
3380 358 3543 428 paulo
3578 369 3705 415 ante

463 423 565 477 Ἰὸν
597 423 834 493 ρηθέντα
878 425 1108 478 πλοῦτον
1137 426 1387 497 ὠνόμασε
1421 428 1783 498 ματαιότητα,
1833 431 1891 482 ὲν
1955 427 2031 482 τῶ

460 514 691 585 κινδύνῳ
713 514 878 569 αὐτοῦ
902 517 1067 587 μηδὲν
1088 517 1469 589 ὠφελήσαντα.

544 694 696 764 Ἐγὼ
719 694 788 749 δὲ
807 696 948 750 ὡσεὶ
1007 698 1181 752 ἐλαία
1212 697 1593 773 κατάκαρπρς
1644 700 1712 753 ἐν
1745 698 1827 764 τῷ
1889 700 2035 766 οἴκῳ

465 784 571 836 τοῦ
596 784 769 841 Θεοῦ.
816 787 1157 857 Προφητεύει
1200 789 1295 841 καὶ
1338 787 1436 842 νῦν
1494 788 1624 858 περὶ
1680 789 1845 842 αὑτοῦ
1881 805 1895 819 ⁸
1949 790 2034 843 ὅτι

479 875 709 928 Ἐκεῖνοι
740 877 859 945 μὲν,
886 877 1060 941 οὕτως
1122 878 1388 949 ὲμμανῶς
1411 880 1859 944 ἐπιϐουλεύοντάς
1917 897 2028 950 μοι,

467 967 564 1019 καὶ
603 966 788 1030 πόλεις
829 969 1262 1040 ὲξολοθρεύουσι,
1309 970 1407 1024 καλ¹
1453 970 1669 1034 οὐδενὸς
1717 972 2030 1039 φείδονται·

466 1058 580 1123 ἐγὼ
610 1057 666 1111 δὲ
718 1058 1141 1131 φυλαχθήσομαι
1170 1061 1364 1126 οὕτως,
1398 1062 1590 1133 ὥσπερ
1649 1064 1809 1118 ὲλαξα
1866 1066 2033 1119 κατά-

471 1165 703 1218 καρπος.
790 1152 849 1202 οὐ
881 1151 1149 1223 διεφθάρη
1177 1154 1409 1219 καρπός.
1436 1154 1862 1226 Φυλαχθήσομαι
1905 1155 1961 1209 δὲ
1976 1157 2035 1210 ἐν

469 1241 533 1310 τῇ
566 1241 741 1313 σκέπῃ
780 1241 873 1295 τοῦ
899 1243 1059 1307 Θεοῦ,
1084 1244 1159 1308 ὡς
1177 1246 1359 1316 ἐκείνη
1394 1247 1452 1299 ὲν
1480 1246 1558 1316 τῷ
1577 1249 1759 1319 κήπῳ.
1788 1246 1856 1301 Ἣ
1885 1243 2035 1301 οἶκον

467 1328 605 1381 Θεοῦ
634 1329 734 1401 τὴν
767 1333 975 1402 σκηνὴν
1003 1334 1175 1403 λέγει,
1207 1335 1621 1406 προαγορεύων,
1658 1338 1741 1392 ὅτι
1800 1340 2033 1412 κινήσας

465 1419 558 1471 τὸν
587 1421 783 1487 Σαοὺλ,
811 1423 922 1488 ἔξει
948 1425 1046 1496 τὴν
1073 1427 1374 1497 βασιλείαν,
1403 1428 1500 1482 καὶ
1537 1428 1636 1493 τὰς
1668 1430 1873 1499 πόλεις,
1937 1434 2033 1487 καὶ

465 1509 567 1577 τὴν
601 1513 833 1583 σκηνήν.

537 1605 808 1658 Ἦηιπισα
826 1605 925 1660 ἐπὶ
946 1607 1011 1662 τὸ
1034 1610 1207 1677 ἕλεος
1232 1613 1337 1668 τοῦ
1370 1615 1541 1679 Θεοῦ,
1566 1618 1655 1682 εις
1681 1615 1792 1671 τὸν
1815 1617 2029 1683 αἰῶνα,

461 1694 560 1747 καὶ
590 1697 674 1762 εις
707 1696 814 1752 τὸν
841 1699 1029 1755 αἰῶνα
1064 1703 1171 1758 τοῦ
1203 1705 1440 1773 αἰῶνος.
1492 1707 1740 1763 Ἠλπισα
1783 1711 1884 1763 οὐκ
1943 1713 2037 1767 ἐπὶ
2067 1687 2108 1743 Β

464 1786 705 1856 πλούτῳ.
741 1788 1030 1862 ἢδυνάμει
1060 1795 1188 1859 τινὶ,
1224 1797 1479 1864 καθάπερ
1528 1800 1749 1864 ἐκεῖνοι,
1819 1801 1934 1854 ἀλλ’
1958 1805 2039 1867 εἷς

470 1877 634 1942 μόνον
667 1879 729 1932 τδ
753 1882 903 1952 παρὰ
927 1882 1022 1936 σοῦ
1063 1884 1157 1938 τοῦ
1199 1886 1338 1940 Θεοῦ
1377 1888 1546 1952 ἔλεος,
1598 1889 1627 1942 δ
1673 1889 1833 1951 δίδως
1876 1892 2039 1955 αὐτὸς

476 1973 592 2031 τοῖς
618 1970 1002 2042 ἀδικουμένοις
1025 1990 1039 2004 ο
1073 1975 1171 2045 τὴν
1200 1976 1257 2029 δὲ
1284 1979 1364 2040 εἰς
1382 1977 1442 2030 τὸ
1464 1978 1617 2042 ἔλεος
1659 1979 1755 2032 τοῦ
1781 1980 1917 2034 Θεοῦ
1950 1982 2040 2035 ἐλ-

471 2059 601 2114 πίδα
658 2060 756 2115 καὶ
785 2064 844 2117 ὲν
871 2063 951 2134 τῷ
981 2064 1076 2117 νῦν
1102 2066 1260 2119 αἰῶνι
1285 2067 1415 2138 ἔχω,
1435 2071 1528 2122 καὶ
1565 2070 1625 2124 ἐν
1654 2069 1733 2141 τῷ
1771 2071 2040 2140 μέλλοντι,

472 2151 563 2203 ὅτε
589 2152 652 2204 τδ
681 2152 789 2206 τῶν
815 2153 993 2226 ἔργων
1033 2159 1340 2228 κριτήριον.

555 2242 1113 2317 Ἐξομολογήσομαί
1125 2263 1224 2303 σοι
1242 2252 1331 2317 εἷς
1352 2252 1460 2305 τὸν
1486 2251 1695 2318 αιῶνα,
1714 2252 1804 2309 ὅτι
1833 2256 2042 2327 ermin-

476 2346 614 2398 σας.
654 2335 971 2405 Εὐχαριστῶ
1010 2355 1115 2405 σοι,
1180 2340 1375 2411 Κύριε,
1422 2345 1531 2406 ἀεὶ,
1591 2347 1673 2400 ὅτι
1728 2350 1992 2423 ἐποίησας
2024 2368 2041 2385 ο

474 2427 947 2489 προσυπακούεται
978 2427 1033 2481 δὲ
1070 2429 1152 2496 τὸ,
1203 2430 1540 2501 ἐκδίκησιν.
1608 2438 1940 2506 Ἐνδιὰθετος
1982 2441 2041 2496 δὲ

470 2514 677 2585 ὴφωνὴ
702 2515 799 2569 τοῦ
830 2517 1145 2587 ἐποίησας,
1198 2522 1307 2576 ἀπὸ
1359 2525 1588 2596 καρδίας
1650 2530 2039 2602 ἑναποπεμπο-

475 2604 614 2674 μένη
643 2621 658 2635 ⁸
690 2607 772 2659 διὸ
806 2608 900 2661 καὶ
923 2609 1183 2667 ἐλλείπει.
1225 2614 1469 2671 Εῑὼθασι
1493 2619 1605 2691 γὰρ
1628 2622 1676 2674 oi
1717 2623 2041 2694 ὲκδικούμε-

467 2713 549 2749 νοι
582 2698 881 2768 προφέρειν
907 2702 1147 2767 ἐλλιπεῖς
1181 2707 1309 2770 τοὺς
1336 2706 1554 2776 λόγους,
1584 2706 1674 2765 οἷα
1716 2713 1815 2785 τῆς
1864 2717 2041 2785 χαρᾶς

469 2789 871 2863 ἐπικοπτούσης
925 2793 988 2847 τὸ
1020 2793 1226 2862 λοιπὸν,
1256 2797 1329 2863 ὡς
1381 2800 1468 2864 τὸ,
1502 2797 1705 2869 Εἶδον,
1765 2805 1864 2859 καὶ
1900 2806 2042 2860 ἔδω-

473 2897 630 2947 κας·
701 2877 837 2947 οἷον,
874 2879 1031 2939 Εἶδον
1062 2887 1365 2958 ἐκδίκησιν,
1426 2891 1521 2945 καὶ
1579 2893 1787 2958 ἔδωκας
1839 2897 1995 2968 δίκην
2024 2916 2039 2931 ’

473 2970 730 3039 προέγνω
745 2974 855 3044 γὰρ
883 2975 976 3030 τὸν
1001 2975 1225 3046 ὄλεθρον
1246 2979 1358 3034 τῶν
1389 2982 1879 3043 ἐπιϐουλευόντων.

545 3152 654 3204 Καὶ
676 3153 955 3222 ὑπομενῶ
998 3156 1064 3210 τὸ
1100 3156 1289 3226 ὄνομά
1310 3175 1449 3215 σου.
1489 3162 1599 3217 Καὶ
1646 3169 1932 3238 περιμενῶ
1982 3190 2040 3226 σε

473 3242 788 3313 ἐκδικητὴν.
838 3247 995 3300 Κατὰ
1055 3250 1387 3320 περίφρασιν
1413 3252 1470 3306 δὲ
1504 3252 1533 3304 ὁ
1572 3255 1751 3325 λόγος,
1796 3262 1879 3314 ὅτι
1947 3263 2041 3315 καὶ

476 3334 584 3387 ὑπὸ
604 3336 803 3407 πολλῆς
836 3341 1120 3408 εὐλαϐείας
1153 3345 1213 3399 τὸ
1244 3346 1418 3414 δνομα
1435 3351 1530 3403 τοῦ
1584 3352 1721 3406 Θεοῦ
1780 3353 2042 3422 πολλάκις

475 3427 598 3481 ἀντὶ
622 3429 758 3485 Θεοῦ
790 3433 1079 3505 λαμϐάνει.

547 3520 670 3576 Ὀτι
698 3526 970 3593 χρηστὸν
996 3528 1274 3586 ἐναντίον
1313 3533 1433 3588 τῶν
1477 3538 1672 3593 ὁσίων
1723 3557 1862 3597 σου.
1916 3544 2041 3598 Ὅτι

474 3610 747 3685 ὠφέλιμον
768 3615 927 3672 τοῦτο
950 3620 1103 3691 παρὰ
1139 3625 1257 3684 τοῖς
1299 3626 1721 3697 ἀφωσιωμένοις
1761 3633 1854 3684 καὶ
1908 3633 2041 3688 ἀνα-

476 3706 749 3773 κειμένοις
776 3724 896 3762 σοι·
930 3710 1144 3778 λέγοιτο
1171 3713 1216 3765 δ’
1259 3714 1326 3768 ἄν
1379 3720 1511 3787 παρ’
1570 3719 1729 3788 ήμῶν
1760 3724 1788 3775 ὀ
1825 3723 2041 3794 ψαλμδς

476 3795 734 3851 καὶκατὰ
762 3799 857 3853 τοῦ
891 3801 1170 3872 δαίμονος,
1204 3806 1537 3876 ἀνομοῦντος
1579 3811 1666 3862 ἀεὶ
1716 3813 1810 3865 καὶ
1840 3813 2044 3867 δολιευυ

475 3886 694 3956 ομένου,
724 3890 821 3943 καὶ
856 3891 1022 3963 μέχρι
1082 3893 1175 3947 τοῦ
1218 3899 1715 3955 Μεταναστεῦσαι
1796 3916 1873 3957 σε
1927 3905 2045 3959 ἀπὸ

475 3980 865 4050 σκηνώματός
910 3999 1050 4049 σου,
1107 3987 1351 4057 εὐχερῶς
1417 3989 1717 4060 ἁρμόζουσι
1749 3994 1818 4049 τὰ
1851 3996 1993 4066 ῥητά
2025 4011 2039 4026 '

479 4072 817 4144 σκηνώματα
847 4076 905 4131 δὲ
944 4079 1160 4148 νοήσεις
1193 4081 1290 4133 τοῦ
1321 4080 1573 4152 δαίμονος
1611 4084 1709 4154 τὴν
1752 4088 1884 4157 παρ’
1915 4088 2045 4157 ἡμῖν

479 4164 877 4234 προσεδρείαν⁸
913 4166 1131 4238 ῥίζωμα
1161 4170 1242 4234 δὲ,
1271 4170 1371 4241 τὴν
1423 4171 1712 4242 ὲδραίωσιν
1744 4175 1843 4246 τῆς
1878 4194 2047 4245 προσ-

478 4253 715 4322 εδρεῐας.
745 4254 1007 4327 Ὄψονται
1031 4260 1088 4314 δὲ
1107 4261 1307 4315 δίκαιοι
1346 4261 1445 4335 τὴν
1474 4263 1567 4318 τοῦ
1601 4264 1796 4336 ἐχθροῦ
1848 4261 2043 4338 ἧτταν,

2134 439 2378 507 divitias,
2413 457 2561 497 nunc
2609 442 2906 499 vanitatem
2959 448 3215 516 appellat.
3264 450 3430 508 veluti
3463 467 3588 522 qua:
3619 452 3702 507 illi

2136 532 2188 585 in
2227 532 2483 600 periculis
2515 535 2738 592 minime
2759 545 2918 592 erant
2951 538 3275 609 profuturae.

2206 623 2376 682 Vens.
2417 626 2507 682 10.
2545 626 2657 698 Ego
2709 640 2888 684 aettem
2924 632 3080 699 quasi
3129 632 3265 687 oliva
3315 634 3591 705 fructifera
3648 637 3702 688 in

2134 716 2289 771 domo
2315 716 2431 772 Dei.
2464 716 2719 774 Pracdicit
2761 735 2848 784 ea,
2882 736 3005 791 quae
3046 722 3113 778 ad
3163 738 3223 779 se
3266 724 3563 795 pertinent.
3597 728 3700 795 llli,

2135 808 2337 878 inquit,
2370 808 2509 865 adeo
2541 810 2737 867 insane
2783 812 3072 869 adversum
3131 829 3217 869 me
3252 814 3483 870 insidias
3514 817 3700 886 dispo-

2135 913 2294 970 nunt,
2323 903 2573 960 civitates
2606 906 2862 975 perdunt,
2897 906 3099 962 nemini
3137 917 3402 979 parcunt;
3438 923 3540 977 ego
3570 924 3701 963 vero

2137 994 2349 1064 integer
2376 1003 2542 1067 atque
2591 998 2868 1054 innocuus
2912 999 3309 1065 conservabor,
3356 1000 3523 1057 veluti
3558 1000 3701 1054 oliva

2137 1085 2443 1153 fructifera,
2487 1089 2648 1158 cujus
2699 1088 2912 1147 fructus
2940 1107 3051 1145 non
3092 1092 3285 1161 periit;
3331 1092 3703 1146 conservabor

2135 1186 2317 1232 autem
2352 1178 2404 1231 in
2440 1179 2783 1247 protectione
2829 1188 2882 1234 et
2929 1180 3178 1236 custodia
3226 1180 3341 1245 Dei,
3380 1196 3489 1236 non
3543 1196 3704 1236 secus

2133 1275 2299 1338 atque
2340 1267 2486 1323 oliva
2538 1270 2592 1324 in
2636 1270 2824 1342 pingui
2876 1271 3034 1327 horto
3061 1284 3441 1327 conservetur.
3480 1272 3572 1326 Vel
3611 1287 3706 1341 per

2134 1362 2353 1415 domum
2387 1360 2508 1427 Dei,
2564 1362 2979 1419 tabernaculum
3027 1365 3298 1432 intelligit,
3337 1375 3390 1420 et
3433 1365 3703 1436 praedicit,

2132 1450 2277 1521 quod
2326 1451 2541 1508 devicto
2585 1452 2769 1520 Saule,
2800 1462 2852 1509 et
2892 1469 3117 1525 regnum
3153 1456 3269 1525 ipse
3304 1465 3706 1512 consecuturus

2134 1543 2225 1605 sit,
2258 1551 2312 1598 et
2332 1543 2610 1600 civitatem
2649 1553 2703 1601 et
2742 1545 3179 1601 tabernaculum.

2209 1632 2433 1702 Speraui
2463 1635 2517 1691 in
2545 1637 2911 1692 misericordia
2935 1637 3032 1692 Dei
3057 1639 3112 1693 in
3134 1639 3405 1704 rwculum,
3435 1648 3486 1693 et
3516 1640 3570 1693 in
3602 1655 3709 1695 ste-

2138 1727 2315 1780 culum
2346 1727 2554 1783 swculi.
2586 1726 2703 1782 Non
2749 1730 2963 1801 speravi
2998 1746 3100 1801 ego
3151 1731 3205 1785 in
3257 1731 3487 1795 divitiis,
3523 1739 3618 1787 aut
3648 1731 3706 1785 in

2139 1820 2357 1887 robore,
2402 1828 2462 1876 ιιι
2499 1820 2599 1883 illi.
2650 1822 2745 1877 sed
2791 1822 2845 1876 in
2898 1833 2988 1877 tua
3032 1831 3250 1878 tantum
3303 1823 3706 1887 misericordia,

2138 1925 2302 1980 quam
2353 1911 2424 1966 iis
2465 1920 2720 1981 praestas,
2770 1914 2861 1983 qni
2903 1913 3162 1982 injuriam
3204 1914 3487 1982 patiuntur
3522 1932 3537 1968 :
3575 1927 3710 1967 sane

2141 2011 2322 2057 autem
2354 2019 2503 2073 spem
2539 2003 2738 2071 habeo,
2764 2013 2871 2058 tam
2902 2006 2958 2059 in
2990 2005 3247 2075 praesenti
3283 2005 3507 2066 saeculo.
3544 2019 3709 2073 quam

2142 2093 2197 2148 in
2242 2090 2450 2159 futuro,
2480 2076 2603 2149 cum
2653 2109 2845 2151 omnes
2878 2094 3022 2150 Deus
3047 2096 3291 2150 actiones
3322 2102 3540 2149 nostras
3567 2092 3712 2163 diju-

2142 2183 2429 2240 dicaturus
2467 2185 2561 2240 sit.

2213 2273 2382 2330 Vens.
2420 2276 2507 2330 ll.
2543 2274 2849 2348 Conﬁtebor
2872 2278 2967 2332 tibi
2998 2279 3051 2331 iu
3072 2277 3346 2344 amulum,
3368 2277 3490 2349 quia
3514 2273 3709 2345 lecisti.

2141 2367 2359 2423 Gratias
2408 2368 2505 2423 tibi
2558 2383 2714 2440 agam
2757 2385 2996 2441 semper,
3042 2370 3289 2434 Domine,
3335 2371 3462 2440 quia
3512 2367 3711 2433 fecisti,

2140 2460 2488 2530 subintellige
2532 2460 2835 2516 vindictam
2872 2478 2886 2516 :
2924 2461 3238 2532 huiusmodi
3293 2470 3472 2516 antem
3504 2475 3607 2516 vox
3641 2460 3714 2515 ab

2141 2550 2334 2605 intimo
2367 2551 2582 2607 videtur
2610 2552 2745 2607 mihi
2777 2551 3066 2624 Pmphcttc
3100 2553 3266 2609 corde
3294 2553 3517 2615 emissa.
3546 2561 3711 2621 atque

2140 2642 2265 2699 ideo
2300 2642 2557 2699 deﬁcere.
2595 2643 2783 2701 Solent
2816 2645 2962 2702 enim
2996 2646 3035 2701 ii
3077 2647 3170 2717 qui
3216 2647 3582 2711 ulciscuntur,
3614 2644 3710 2700 de-

2142 2732 2336 2789 fectiva
2370 2735 2618 2805 quaedam
2647 2738 2816 2793 verba
2843 2737 3112 2806 proferre,
3143 2738 3312 2793 veluti
3362 2753 3471 2808 pra:
3509 2735 3711 2804 gaudio

2142 2824 2352 2895 reliqua
2383 2827 2435 2880 in
2465 2827 2545 2882 eis
2576 2828 2743 2883 verba
2780 2828 3197 2893 intercidantur,
3220 2840 3280 2884 ut
3310 2829 3441 2884 illud
3491 2845 3507 2883 :
3550 2826 3705 2884 Vide-

2146 2926 2270 2970 runt
2329 2918 2472 2971 oculi
2523 2919 2692 2972 nostri
2734 2918 2873 2988 (85).
2915 2918 3355 2989 Snbintelligitur
3400 2919 3547 2973 enim
3591 2919 3712 2972 vin-

2073 3024 2116 3083 ς
2156 3004 2383 3072 dictam,
2410 3006 2496 3061 vel
2528 3006 2654 3076 quid
2677 3007 2879 3062 simile.
2918 3009 3253 3064 Pra'videlnat
3271 3007 3414 3061 enim
3442 3006 3711 3077 Propheta

2152 3095 2533 3152 insidiatorum
2596 3106 2759 3169 atque
2795 3099 3030 3154 hostium
3064 3115 3286 3156 suorum
3315 3101 3616 3154 interitum.

2217 3186 2288 3241 Et
2318 3192 2631 3260 exspectabo
2663 3208 2851 3247 nomen
2881 3203 3052 3247 tuum.
3085 3190 3201 3248 Hoc
3240 3201 3344 3257 est.
3376 3191 3712 3264 exspectabo

2145 3288 2197 3334 te
2227 3279 2482 3336 ultorem.
2513 3282 2610 3337 Est
2632 3283 2776 3337 enim
2813 3286 3254 3340 circumlocutio.
3286 3283 3377 3338 Vel
3408 3299 3519 3356 prae
3542 3283 3712 3338 multa

2146 3371 2449 3428 reverentia
2480 3389 2674 3431 nomen
2713 3374 2806 3429 Dei
2838 3392 2937 3448 pro
2963 3378 3080 3449 ipso
3114 3378 3312 3446 accipit
3345 3376 3476 3433 Deo.

2215 3546 2482 3610 Quoniam
2515 3546 2708 3602 bonum
2734 3559 2811 3604 est
2840 3550 2896 3604 in
2928 3563 3204 3622 conspectu
3256 3564 3559 3608 sanctorum
3593 3564 3711 3609 ιιιο-

2144 3636 2578 3701 rum.Qnmtiam,
2602 3640 2800 3704 inquit,
2828 3640 3303 3696 boc'utilissimum
3326 3653 3431 3707 est,
3453 3645 3593 3712 apud
3618 3659 3715 3698 eos

2146 3724 2239 3794 qui
2271 3725 2368 3777 tibi
2408 3726 2731 3780 sanetillcati
2784 3743 2849 3782 ac
2898 3729 3065 3784 dicati
3117 3739 3266 3783 sunt.
3304 3730 3494 3785 Effcrri
3543 3733 3710 3786 etiam

2148 3820 2329 3884 potest
2347 3813 2436 3867 hic
2462 3816 2702 3883 psalmus
2730 3833 2759 3870 a
2786 3819 3025 3887 quolibet
3056 3820 3196 3874 lldeli
3223 3821 3482 3878 adversus
3507 3823 3713 3878 da-mo-

2149 3919 2296 3968 nem,
2332 3903 2500 3959 veluti
2531 3905 2795 3962 adversus
2826 3923 2949 3963 eum
2988 3910 3080 3979 qui
3115 3910 3299 3980 iniqua
3330 3914 3550 3971 assidue
3579 3931 3712 3986 ope-

2148 4004 2303 4050 ratur
2355 4007 2407 4050 et
2442 3994 2654 4060 dolosa,
2698 4007 2752 4052 et
2785 4014 2957 4068 usque
2997 4002 3062 4056 ad
3111 4002 3201 4056 illa
3253 4003 3415 4059 verba
3443 4023 3458 4062 :
3488 4009 3556 4061 Et
3583 4007 3716 4060 emi-

2146 4104 2303 4158 grare
2333 4096 2382 4141 te
2428 4087 2597 4157 faciat
2642 4087 2706 4143 de
2753 4089 3097 4146 tabernaculo
3145 4103 3257 4160 tuo,
3327 4095 3490 4152 facile
3531 4098 3717 4155 omnia

2148 4187 2459 4248 congruunt
2496 4178 2623 4233 huic
2655 4181 2867 4235 sensui.
2905 4180 3007 4236 Per
3049 4184 3458 4241 tabernaculum
3528 4197 3716 4244 autem

2150 4270 2515 4339 principatum
2544 4271 2807 4328 dtcntonis
2845 4273 3104 4345 intelligo,
3139 4291 3299 4345 quem
3328 4278 3383 4332 in
3416 4278 3717 4334 humanum

482 4345 579 4397 καὶ
605 4345 687 4399 ἔτι
717 4348 1121 4419 φοϐηθήσονται
1146 4353 1240 4405 τὸν
1270 4352 1424 4418 Θεὸν,
1465 4355 1558 4407 τὸν
1606 4354 1905 4426 βοηθοῦντα
1933 4361 2041 4422 τοῖς

2150 4360 2384 4415 habebat
2415 4376 2608 4431 genus,
2647 4371 2702 4416 et
2746 4378 2842 4432 per
2867 4364 3131 4430 radicem,
3163 4366 3328 4437 hujus
3377 4369 3719 4439 principatus

479 4437 839 4508 φοϐουμένοις
869 4442 1054 4497 αὐτόν.
1089 4445 1413 4514 Ἄνθρωπον
1441 4446 1499 4499 δὲ
1523 4447 1757 4501 ἐνταῦθα
1807 4450 1899 4502 τὸν
1932 4448 2048 4504 διά-

481 4531 637 4586 ϐολον
658 4533 1072 4605 ὑποληψόμεθα,
1102 4536 1177 4599 ὡς
1207 4539 1301 4591 καὶ
1333 4541 1392 4593 ὲν
1414 4539 1493 4610 τῷ
1517 4545 1568 4594 α’
1592 4540 1761 4611 στίχῳ
1794 4540 1888 4593 τοῦ
1917 4558 2049 4594 πεν-

2152 4451 2528 4507 stabilitatem.
2566 4451 2836 4508 Videbunt
2865 4465 3045 4511 autem
3086 4457 3221 4525 justi
3255 4475 3467 4525 attines,
3509 4461 3718 4516 inimici

2152 4545 2326 4598 nostri
2349 4544 2608 4600 daemonis
2636 4546 3043 4616 depressionem
3077 4564 3093 4603 :
3119 4558 3173 4605 et
3196 4559 3326 4606 tunc
3354 4553 3525 4622 magis
3556 4553 3720 4609 time-

479 4624 745 4691 τηκοστοῦ
767 4626 1019 4697 πέμπτου
1039 4628 1255 4699 ψαλμοῦ
1321 4630 1757 4702 παραδοθήσεται
1780 4650 1796 4665 ο
1855 4633 1951 4686 καὶ
1979 4631 2041 4686 τὰ

2154 4636 2295 4692 bunt
2333 4636 2648 4702 Dominum,
2691 4637 2782 4707 qui
2824 4653 2981 4707 opem
3021 4640 3165 4696 ferre
3212 4643 3351 4698 solet
3396 4644 3717 4701 timentibus

482 4713 609 4784 ἑξῆς
634 4714 690 4768 δὲ
721 4717 863 4788 ῥητὰ
886 4719 1178 4789 προσφυῶς
1206 4719 1488 4790 δεξόμεθα.

2156 4738 2235 4779 se.
2269 4723 2371 4780 Per
2401 4725 2677 4779 hominem
2705 4724 2868 4778 etiam
2907 4727 3010 4781 hoc
3046 4726 3101 4781 in
3133 4728 3254 4782 loco
3297 4729 3596 4785 daemonem
3629 4733 3716 4788 in-

483 4812 700 4883 telligit,
743 4816 1202 4884 quemadmodum
1248 4826 1303 4872 et
1349 4817 1478 4873 alibi
1530 4816 1775 4873 dicemus
1812 4817 1865 4871 in
1904 4817 2115 4889 psalmo
2154 4835 2258 4885 Lv;
2292 4828 2347 4874 et
2375 4834 2496 4890 qua:
2525 4826 2840 4887 sequuntur
2901 4822 3081 4875 omnia
3160 4823 3227 4877 ad
3296 4824 3441 4881 hunc
3497 4844 3719 4885 sensum

482 4911 677 4981 exponi
710 4922 956 4984 possunt.

1042 5011 1331 5066 ΨΔΛΜΟΣ
1359 5007 1483 5065 NB'.

484 5100 588 5167 Εἰς
615 5100 684 5157 τὸ
714 5102 888 5169 τέλος
913 5102 1067 5172 ὑπὲρ
1102 5103 1357 5167 Μαελὲθ,
1393 5102 1704 5169 συνέσεως
1736 5101 1816 5168 τῷ
1844 5101 2046 5156 Δαϐίδ.

560 5188 731 5258 Οὗτος
767 5196 1024 5265 ecutos;
1043 5196 1240 5251 ταύτόν
1273 5195 1499 5266 ἐστιτῷ
1537 5202 1628 5264 ιγ’,
1678 5193 1773 5261 δύο
1832 5193 2049 5265 στίχους

494 5285 656 5356 μόνον
686 5286 935 5350 πλείονας
957 5286 1095 5356 ἔχων
1125 5285 1256 5356 παρ’
1283 5289 1510 5351 ἐκεῖνον,
1544 5287 1637 5350 οὓς
1684 5287 1777 5340 καὶ
1822 5285 2049 5355 διερμη-

2708 5004 3023 5062 PSALMUS
3060 5006 3170 5062 ιιι.

2214 5098 2283 5154 In
2321 5098 2479 5168 ﬁnem
2518 5113 2614 5167 pro
2651 5097 2884 5151 Maeletlt
2926 5097 3293 5169 intelligentia:
3332 5099 3433 5166 ipsi
3476 5096 3668 5152 David.

2231 5191 2329 5246 llic
2363 5190 2604 5260 psalmus
2646 5189 2785 5244 idem
2828 5197 2913 5245 est
2958 5205 3081 5245 cum
3117 5190 3324 5258 psalmo
3357 5205 3455 5243 xm
3507 5190 3721 5244 duobus

2161 5292 2371 5337 tantum
2405 5281 2692 5337 versiculis
2726 5282 2992 5351 exceptis,
3029 5281 3120 5349 qui
3154 5282 3206 5333 in
3240 5279 3344 5333 hoc
3370 5280 3578 5348 psalmo
3602 5295 3721 5333 am-

492 5380 779 5448 νεύσομεν.
809 5377 919 5447 Τὴν
945 5377 1114 5447 ἄλλην
1129 5376 1238 5447 γὰρ
1260 5379 1441 5432 πᾶσαν
1468 5377 1634 5431 αὐτοῦ
1677 5376 1937 5446 ἐξήγησιν
1995 5376 2041 5427 ἐι

2164 5374 2306 5445 plins
2339 5371 2612 5428 habentur
2643 5386 2803 5442 quam
2836 5371 2892 5425 in
2925 5370 3052 5436 illo;
3082 5385 3178 5425 eos
3202 5378 3410 5423 tantum
3441 5367 3529 5424 hic
3558 5369 3721 5425 inter-

1826 5530 2024 5593 Variee
2054 5528 2385 5592 lectiones.

564 5659 674 5732 (85)
721 5662 1034 5718 Graecorum
1086 5661 1376 5717 verborum
1405 5673 1601 5717 sensus
1647 5667 1772 5714 est:
1816 5653 1935 5709 Vidi
1972 5661 2019 5708 et
2054 5652 2266 5722 dedisti,
2307 5652 2403 5707 liae
2436 5661 2536 5721 est,
2580 5648 2699 5706 Vidi
2730 5649 2999 5717 ultionem,
3041 5658 3089 5705 et
3127 5647 3322 5707 dedisti
3347 5667 3578 5726 poenam.
