4020 6218
353 275 460 339 567

1574 282 1890 343 ΕυΤΗΥΜ

2006 283 2359 348 ZIGABENI
3484 289 3585 352 568

351 394 716 463 pretabimur.
754 394 889 449 Nam
941 396 1174 450 aliorum
1211 399 1610 468 expOsitiouem
1662 400 1774 455 illic
1807 409 1901 455 tra.

2023 402 2099 472 τῷ
2129 410 2196 471 ιγ’
2221 404 2709 476 παραδεδώκαμεν.
2745 406 2809 459 0i
2842 404 3009 460 δύοδέ
3055 405 3227 474 στίχοι
3255 404 3587 469 πλεονάζου-

349 485 610 543 didimus.
633 485 696 540 Hi
718 495 895 540 autem
941 488 1192 543 versiculi
1223 505 1284 544 ea
1315 491 1523 550 ratione
1557 491 1792 560 amplius
1828 493 1915 548 hic

351 576 641 641 habentur,
672 592 739 632 ne
762 578 929 632 videri
959 587 1145 648 posset
1168 580 1308 634 idem
1338 581 1580 650 psalmus
1603 581 1916 652 superﬂuus

349 684 494 732 esse,
530 668 657 722 dum
686 675 693 684 '
722 669 808 722 bis
843 671 1066 740 ponitur
1120 671 1255 740 (87).
1288 670 1554 726 Praeterea
1587 684 1645 726 ut
1692 674 1914 728 doceret

347 776 449 815 nos
496 759 786 828 Propheta,
819 761 964 830 quod
998 778 1162 817 sensu
1218 763 1500 830 differunt,
1535 765 1753 820 tametsi
1794 782 1912 820 ver-

353 853 547 907 borum
588 852 889 921 prolatione
917 853 1077 908 iidem
1105 870 1226 910 csse
1254 856 1562 910 videantur.
1594 856 1684 911 Ille
1715 857 1910 911 etenim

349 941 613 994 insaniam
679 957 743 997 ac
793 941 1032 998 furorem
1075 947 1274 1014 carpit,
1307 961 1414 1015 quo
1461 944 1833 1001 Scnnacherib
1861 957 1914 1000 et

346 1032 660 1102 Rhapsaces
690 1035 958 1090 adversus
1007 1035 1294 1090 Ezechiam
1351 1053 1531 1107 regem
1575 1037 1909 1101 ferebantur,

345 1124 436 1179 hic
473 1141 600 1180 vero
625 1125 941 1182 Judaeorum
970 1128 1170 1182 rabiem
1204 1137 1395 1183 contra
1424 1130 1723 1183 Christum.
1757 1127 1912 1194 Quod

343 1215 580 1270 sialiter
613 1232 671 1272 se
733 1218 977 1282 haberet,
1071 1221 1258 1288 procul
1343 1219 1509 1274 dubio
1600 1219 1909 1288 hujusmodi

343 1306 694 1375 superﬂuitas
765 1325 944 1379 neque
977 1312 1304 1379 interpretes
1348 1327 1529 1380 neque
1564 1312 1714 1381 ipsos
1746 1312 1907 1367 etiam

341 1395 563 1454 Judaeos
599 1399 872 1456 latuisset.
901 1400 1102 1455 Verum
1137 1405 1545 1458 excusationem
1579 1405 1780 1458 nullam
1816 1405 1915 1486 ha:

344 1490 471 1544 bent
504 1488 701 1559 Judaei,
738 1495 956 1549 tametsi
1004 1506 1198 1563 sponte
1233 1513 1328 1551 sua
1388 1499 1697 1552 crecutirtnt.
1731 1498 1906 1552 Aliam

343 1582 489 1636 cnim
522 1599 584 1638 ac
620 1584 894 1639 diversam
943 1603 1171 1656 prorsus
1223 1589 1638 1658 inscriptionem
1681 1601 1909 1658 uterque

2025 509 2144 546 σιν’
2182 494 2323 548 ὥστε
2358 498 2432 565 μὴ
2467 497 2636 562 δόξαι,
2692 499 2774 550 ὅτι
2825 498 2906 560 δὶς
2966 490 3048 559 εἷς
3100 496 3313 566 ψαλμὺς
3375 499 3591 549 συνετά-

2020 603 2092 656 γη
2120 587 2255 656 (86),
2283 587 2398 641 ἀλλ’
2437 587 2579 640 ὥστε
2604 588 2834 656 διδάξαι,
2857 590 2940 641 ὅτι
2969 590 3016 641 εἰ
3068 589 3161 642 καὶ
3187 591 3250 659 τῇ
3285 589 3588 661 ἐπαγγελίᾳ

2021 676 2218 728 ταύτόν
2243 678 2402 741 εἰσιν,
2439 677 2722 748 ἁλλάγετῇ
2757 679 2936 749 ἐννοίᾳ
2963 679 3309 748 διεστήκασιν
3339 695 3352 709 ο
3382 680 3589 742 ἐκεῖνος

2024 766 2121 833 μὲν
2154 767 2261 836 γὰρ
2294 772 2594 838 κατηγορεῖ
2615 771 2712 839 τῆς
2749 769 2943 840 μανίας
2993 770 3086 823 καὶ
3132 772 3229 838 τῆς
3297 769 3589 850 κακονοίας

2018 861 2112 912 τοῦ
2146 861 2510 932 Σεναχηρεὶμ,
2543 862 2750 917 καὶτοῦ
2785 862 3080 932 Ῥαψάκου,
3113 861 3256 915 κατὰ
3308 861 3401 914 τοῦ
3442 860 3590 924 Ἐζε-

2020 951 2140 1003 κίου
2162 968 2174 981 ·
2207 945 2363 1015 οὗτος
2391 953 2467 1017 δὲ,
2503 954 2598 1023 τῆς
2620 951 2821 1021 λύσσης
2843 952 2951 1004 τῶν
2986 951 3253 1005 Ἰουδαίων
3296 951 3393 1016 τῆς
3447 951 3588 1004 κατὰ

2017 1042 2112 1096 τοῦ
2135 1043 2395 1113 Χριστοῦ.
2438 1044 2512 1098 Οὐ
2575 1043 2684 1114 γὰρ
2736 1041 2824 1108 ἂν,
2858 1043 2907 1095 εί
2953 1041 3028 1112 μὴ
3088 1041 3247 1095 τοῦτο
3308 1036 3399 1110 ἦν.
3432 1035 3587 1103 οὗτος

2019 1135 2178 1188 ἔλαθε
2245 1135 2454 1196 πάντας
2511 1136 2637 1198 τοὺς
2733 1133 3028 1202 ἐξηγητὰς,
3099 1131 3213 1184 ἀλλ’
3277 1131 3398 1184 οὐδὲ
3462 1129 3588 1191 τοὺς

2029 1227 2315 1299 Ἐϐραίους
2357 1227 2579 1292 αὐτοὺς,
2604 1225 2685 1288 δὶς
2715 1222 2986 1292 ἐνταγεὶς,
3026 1221 3058 1292 ἢ
3130 1221 3341 1286 ἀλόγως
3404 1220 3589 1272 δευτε-

2021 1320 2236 1390 ρωθείς.
2271 1318 2386 1372 Νῦν
2411 1318 2466 1370 δέ
2505 1318 2662 1386 λόγον
2702 1317 2800 1369 οὐκ
2832 1316 3132 1386 ἔχουσιν,εί
3187 1313 3282 1366 καὶ
3335 1313 3583 1364 ἐθελοτυ-

2017 1411 2352 1480 φλώττουσιν
2386 1410 2435 1462 οἱ
2481 1409 2742 1462 Ἰουδαῖοι.
2771 1406 2878 1460 Καὶ
2919 1405 3024 1477 γὰρ
3065 1406 3158 1460 καὶ
3230 1404 3397 1473 ἄλλην
3428 1397 3584 1465 οὗτος

2017 1503 2145 1575 παρ’
2176 1504 2384 1555 ἐκεῖνον
2417 1500 2632 1569 εῐληχεν
2663 1497 2995 1568 ἐπιγραφὴν,
3036 1499 3115 1558 είς
3146 1495 3206 1548 τὸ
3270 1494 3421 1555 τέλος
3485 1494 3584 1562 μὲν

2017 1595 2369 1664 πέμπουσαν,
2403 1591 2490 1644 διὰ
2521 1590 2620 1652 τὰς
2653 1589 2796 1643 κατὰ
2834 1589 2944 1642 τῶν
3000 1588 3274 1642 Ἰουδαίων
3326 1588 3384 1638 ἐν
3433 1585 3584 1656 αὐτῷ

340 1689 529 1728 eorum
554 1676 785 1731 sortitus
814 1685 918 1731 est.
949 1677 1197 1734 Praesens
1221 1679 1405 1748 itaque
1437 1681 1724 1750 inscriptio
1743 1681 1808 1736 ad
1842 1682 1897 1735 li-

2016 1684 2374 1757 προφητείας,
2407 1683 2491 1737 ὅτι
2529 1681 2637 1752 χρὴ
2663 1681 2791 1744 τοὺς
2811 1679 3286 1749 ἀναγινώσκοντας
3350 1677 3586 1730 ἀποϐλέ-

342 1782 460 1819 uem
492 1782 592 1822 nos
623 1768 777 1837 jubet
825 1770 1095 1838 inspicere
1144 1781 1366 1841 propter
1414 1773 1750 1842 prophetias,
1786 1789 1906 1842 qua:

341 1856 427 1910 hic
459 1857 724 1912 adversus
754 1857 968 1914 Judaeos
1015 1863 1384 1930 prazdicuntur
1419 1883 1432 1918 :
1470 1865 1632 1917 veluti
1681 1881 1907 1920 nionens

339 1945 599 2000 lectorem
628 1957 684 2000 ut
715 1949 930 2002 illarum
958 1949 1116 2005 linem
1147 1952 1568 2007 animadvertat.
1592 1953 1746 2021 Quod
1777 1970 1905 2010 vero

337 2033 412 2087 ait
445 2051 460 2089 :
492 2051 584 2102 pro
617 2035 866 2100 Maeleth,
899 2039 1040 2092 idem
1071 2041 1175 2096 sibi
1208 2043 1343 2104 vult,
1370 2057 1432 2096 ac
1458 2043 1503 2097 si
1542 2044 1793 2107 dixisset,
1834 2045 1905 2101 De

338 2125 563 2182 chorea.
599 2126 930 2186 Christianis
969 2133 1192 2194 etenim.
1236 2149 1360 2188 cum
1403 2135 1602 2203 legitur
1633 2137 1720 2190 hic
1759 2138 1904 2206 psal-

337 2231 479 2283 mus,
495 2220 874 2274 exsultandum
919 2237 982 2276 ac
1001 2224 1197 2280 chorea
1215 2225 1616 2294 quodammodo
1639 2229 1901 2282 utendum

334 2317 436 2371 est,
476 2321 696 2380 propter
739 2313 897 2367 linem
952 2325 1117 2386 atque
1151 2327 1406 2373 eventum
1450 2334 1651 2380 rerum,
1699 2335 1819 2388 quae
1844 2321 1897 2373 in

333 2413 396 2451 eo
425 2401 690 2468 praedicta:
717 2414 866 2458 sunt.
902 2402 1233 2471 Exsuttabit,
1269 2407 1466 2476 inquit,
1498 2406 1688 2470 Iacob,
1710 2418 1763 2464 et
1797 2409 1862 2462 lie
1883 2439 1900 2447 -

336 2491 536 2544 rabitur
584 2491 777 2550 Israel.
833 2495 1046 2551 lsraelis
1088 2497 1234 2551 enim
1276 2500 1508 2567 populus
1559 2515 1656 2568 pro
1697 2502 1901 2570 populo

335 2582 604 2652 accipitur
645 2583 981 2652 Christiano,
1016 2596 1075 2641 ιιι
1123 2587 1362 2643 diximus
1398 2589 1452 2642 in
1512 2591 1724 2659 psalmo
1776 2607 1896 2645 xui.

335 2668 712 2743 Intelligentia:
745 2677 909 2730 etiam
943 2677 1063 2732 ideo
1093 2681 1389 2750 inscriptus
1418 2694 1521 2749 est,
1581 2686 1707 2754 quia
1736 2686 1904 2739 multa

2010 1793 2134 1828 πειν
2162 1777 2241 1838 είς
2271 1775 2331 1828 τὸ
2385 1773 2539 1836 τέλος
2614 1772 2815 1828 αὐτῶν.
2879 1774 2952 1825 Τὸ
3003 1772 3080 1836 δὲ,
3117 1771 3268 1839 ὑπὲρ
3322 1769 3580 1834 Μαελὲθ,

2006 1867 2126 1920 ἀντὶ
2155 1865 2274 1930 τοῦ,
2312 1865 2449 1934 Περὶ
2498 1864 2752 1934 χορείας,
2799 1865 3172 1934 ἡρμήνευσαν.
3228 1862 3428 1915 Τοῦτον
3475 1861 3584 1930 γὰρ

2009 1956 2509 2025 ἀναγινώσκοντες,
2534 1955 2832 2025 χορεύομεν
2864 1957 2910 2006 οἱ
2945 1952 3292 2022 Χριστιανοὶ,
3327 1951 3417 2004 διὰ
3486 1951 3584 2018 τὴν

2004 2051 2229 2104 ἔκϐασιν
2264 2048 2371 2101 τῶν
2413 2047 2919 2118 προφητευοέντων.
2969 2043 3422 2113 Ἀγαλλιάσεται
3452 2042 3583 2110 γὰρ,

2013 2141 2197 2211 φησιν,
2235 2137 2453 2202 Ἰακὼϐ,
2479 2136 2578 2189 καὶ
2619 2133 3103 2203 εὐφρανθήσεται
3134 2131 3408 2201 Ἰσραὴλ,
3447 2131 3586 2201 ὅπερ

2017 2231 2180 2301 ἐσμὲν
2219 2231 2403 2300 ⁴ἡμεῖς,
2440 2227 2514 2290 ώς
2545 2227 2603 2280 ἐν
2639 2226 2716 2296 τῷ
2749 2223 2816 2294 ιγ’
2843 2225 3044 2295 ψαλμῷ
3101 2224 3445 2292 διελὰὁομεν.
3510 2224 3585 2275 Τὸ

2011 2321 2091 2386 δὲ,
2161 2317 2489 2382 συνέσεως,
2513 2315 2754 2370 διδάσκει
2793 2315 2874 2368 ὅτι
2934 2314 3200 2376 συνέσεως
3255 2313 3415 2383 χρεία
3469 2315 3584 2374 τοῖς

2011 2410 2499 2479 ἀναγινώσκουσιν,
2539 2409 2615 2469 εἰς
2639 2408 2699 2459 τὸ
2747 2407 3071 2472 ἐπιγνῶναι,
3135 2407 3216 2459 ὅτι
3275 2407 3323 2457 εί
3371 2405 3462 2459 καὶ
3515 2405 3580 2473 τῇ

2009 2499 2310 2568 ἐπαγγελίᾳ
2353 2498 2548 2551 ταύτόν
2581 2499 2698 2550 ἐστι
2743 2497 2818 2566 τῷ
2864 2504 2956 2564 ιγ’,
2995 2498 3131 2552 ἀλλά
3160 2499 3343 2566 γε-τῇ
3396 2497 3581 2566 ἐννοίᾳ

2008 2591 2271 2662 διαφορὰν
2310 2590 2422 2659 ἕχει
2453 2589 2827 2662 μυστηριώδη.
2887 2591 3086 2645 Λοιπὸν
3137 2585 3231 2645 οὖν
3303 2593 3429 2654 τοὺς
3485 2591 3579 2644 δύο

2017 2685 2228 2754 στίχους
2251 2682 2636 2752 ἐρμηνευτέον.

337 2769 526 2822 lectori
555 2784 694 2840 opus
735 2782 818 2826 est
883 2773 1242 2845 intelligentia
1280 2777 1334 2831 in
1389 2778 1473 2834 his
1519 2779 1921 2835 discernendis.
1971 2780 2106 2836 Nam
2151 2779 2278 2833 licet
2313 2779 2601 2831 verborum
2648 2777 2953 2846 prolatione
2993 2779 3183 2833 eadem
3224 2782 3367 2834 'esse
3429 2780 3581 2836 vide-

333 2871 518 2928 antur,
548 2879 670 2932 qua:
699 2864 752 2918 in
784 2867 908 2933 hoc,
944 2877 996 2923 et
1029 2885 1147 2939 quae
1170 2870 1224 2924 in
1254 2887 1351 2926 xm
1382 2871 1653 2928 habentur
1677 2874 1910 2943 psalmo,
1951 2888 2117 2929 sensu
2147 2881 2323 2925 tamen
2351 2869 2690 2926 diderentias
2714 2871 2937 2939 habent,
3000 2872 3264 2943 mysterio
3325 2872 3573 2930 refertas.

335 2952 439 3006 Sed
467 2953 590 3009 illos
630 2955 742 3025 jam
777 2961 1080 3016 versiculos
1104 2975 1465 3031 exponamus,
1497 2980 1637 3034 quos
1669 2966 1903 3035 amplius
1942 2965 2032 3019 hic
2065 2963 2251 3016 haberi
2293 2960 2554 3015 diximus.

409 3049 573 3106 Vens.
607 3053 656 3117 1,
681 3054 736 3107 2.
765 3053 910 3108 Dixit
944 3057 1193 3127 insipiens
1228 3060 1282 3113 in
1323 3061 1478 3114 corde
1508 3078 1627 3128 suo,
1664 3062 1788 3117 Non
1816 3074 1893 3118 est

2067 3059 2254 3112 Εἶπεν
2273 3057 2476 3125 ἄφρων
2493 3057 2564 3109 ἐν
2592 3056 2805 3125 καρδίᾳ
2830 3057 3016 3111 αὐτοῦ
3043 3072 3054 3086 ·
3084 3060 3207 3112 Οὐκ
3236 3061 3364 3113 ἐστι
3398 3060 3541 3124 Θεός
3562 3077 3576 3090 ο

335 3137 503 3205 Deus;
542 3146 777 3211 corrupti
809 3133 954 3212 sunt,
985 3157 1034 3201 et
1076 3149 1455 3206 abominabiles
1501 3154 1634 3222 facti
1679 3164 1800 3208 sunt
1844 3157 1898 3209 in

338 3236 728 3304 iniquitatibus.
781 3238 941 3306 Vide,
996 3258 1116 3310 qua:
1168 3247 1490 3314 exponendo
1549 3248 1792 3305 diximus
1843 3251 1898 3306 in

335 3327 541 3392 psalmo
580 3344 695 3394 χιιι,
729 3331 873 3398 quod
915 3347 1043 3386 vero
1093 3334 1180 3388 hic
1214 3374 1230 3401 ,
1261 3336 1313 3388 in
1368 3337 1738 3407 iniquitatibus
1763 3381 1778 3404 ,
1817 3340 1891 3394 ibi

335 3419 492 3482 dixit,
525 3418 579 3471 in
612 3422 830 3475 studiis.

411 3507 529 3563 Non
568 3521 667 3575 est,
711 3513 799 3581 qui
855 3513 1024 3583 faciat
1081 3517 1291 3572 bonum.
1348 3519 1408 3572 In
1466 3530 1899 3575 commemorato

335 3601 544 3672 psalmo
575 3603 751 3659 dixit:
792 3604 912 3659 Non
943 3617 1019 3660 est
1046 3610 1134 3678 qui
1169 3609 1334 3676 faciat
1367 3609 1676 3665 bonitatem.

407 3689 570 3746 Vsus.
603 3695 714 3748 56.
779 3695 918 3750 Dens
961 3698 1024 3751 de
1072 3699 1198 3753 cozlo
1242 3702 1506 3768 prospexit
1557 3718 1712 3770 super
1756 3703 1898 3770 ﬁlios

335 3781 624 3845 hominum,
663 3795 720 3837 ut
752 3787 945 3841 videret
986 3788 1033 3840 si
1073 3800 1172 3852 est,
1209 3792 1300 3858 qni
1360 3791 1644 3861 intelligat,
1684 3803 1777 3844 ant
1809 3794 1899 3863 qui

334 3877 575 3946 exquirat
610 3877 774 3931 Deum
802 3895 818 3931 :
846 3898 1020 3936 omnes
1049 3884 1465 3949 declinaverunt,
1489 3886 1650 3939 simul
1687 3889 1899 3942 inutiles

335 3967 465 4037 facti
497 3980 617 4023 sunt
647 3988 664 4025 :
698 3988 799 4024 non
829 3983 941 4038 est,
965 3976 1054 4043 qui
1094 3976 1262 4043 faciat
1301 3977 1513 4042 bonum,
1561 3995 1663 4032 non
1697 3990 1773 4033 est
1811 3997 1900 4033 us-

334 4074 432 4131 que
476 4059 545 4113 ad
589 4077 769 4114 unum.
838 4062 1030 4118 Nonne
1082 4077 1387 4132 cognoscent
1423 4084 1620 4132 omnes,
1652 4069 1742 4137 qui
1777 4084 1896 4136 ope-

334 4160 524 4204 rantur
554 4153 929 4219 iniquitatem?
966 4158 1055 4224 qui
1086 4162 1335 4211 devorant
1365 4160 1616 4227 populant
1643 4176 1810 4212 meum
1844 4161 1898 4213 in

337 4245 449 4296 cibo
473 4246 665 4313 panis?
697 4245 862 4299 Deum
916 4264 1017 4300 non
1050 4249 1440 4314 invocaverunt,
1471 4249 1580 4303 illic
1613 4251 1897 4302 timuerunt

336 4336 539 4398 timore,
596 4337 686 4390 ubi
760 4355 860 4391 non
910 4349 1022 4391 erat
1097 4341 1274 4392 timor.
1322 4337 1472 4403 Vide,
1511 4355 1632 4409 qua:
1691 4341 1742 4394 in
1797 4356 1893 4393 xm

333 4431 544 4496 psalmo
585 4430 726 4484 dic-ta
758 4441 909 4484 sunt.

408 4577 676 4640 Quoniam
721 4578 857 4632 Deus
894 4578 1142 4650 dispersit
1169 4597 1292 4636 ossa
1317 4597 1517 4642 eorum.
1546 4583 1636 4652 qui
1673 4583 1900 4637 homini-

335 4669 430 4721 bus
461 4669 690 4737 placent.
742 4669 958 4725 Judazos
1015 4673 1207 4743 carpit,
1248 4687 1384 4742 quos
1435 4674 1720 4727 Studiosos
1773 4690 1896 4730 esse

333 4763 502 4829 dicit,
578 4771 639 4816 ut
711 4763 1022 4817 hominibus
1081 4766 1329 4832 placeant
1397 4762 1635 4837 [tametsi
1699 4766 1890 4821 Latina

332 4852 613 4919 dictione,
663 4868 772 4908 non
823 4855 894 4908 ita
932 4855 1305 4924 signiﬁcanter
1357 4856 1407 4909 id
1441 4856 1631 4910 vitium
1663 4861 1889 4928 exprimi

336 4953 511 5011 potest
531 4960 694 5014 quam
727 4946 935 5009 Graeca,
973 4963 1095 5016 qua:
1121 4949 1284 5002 unico
1313 4949 1600 5015 vocabulo,
1636 4951 1894 5022 ἀνθρωπ-

329 5036 594 5105 αρέσκους
629 5037 940 5104 huiusmodi
968 5039 1216 5096 homines
1247 5041 1560 5113 appellavit]
1588 5060 1602 5096 :
1648 5045 1750 5098 hoc
1787 5060 1854 5098 au
1874 5073 1892 5086 -

333 5139 439 5182 tem
473 5131 669 5185 vitium
696 5146 1071 5201 saepenumero
1091 5132 1347 5188 Christus
1368 5133 1570 5190 Judaais
1594 5137 1891 5206 exprobra-

329 5221 427 5284 vit,
450 5221 763 5292 liypocritas
785 5239 879 5278 eos
903 5225 1184 5294 appellans
1201 5233 1254 5278 et
1278 5227 1579 5280 secundum
1606 5238 1888 5298 aspectum

329 5313 675 5383 iudicantes;
711 5317 802 5386 qui
835 5317 999 5371 etiam
1042 5326 1097 5370 ut
1128 5314 1327 5372 Caesari
1364 5317 1659 5386 placerent,
1687 5319 1887 5373 clama-

2003 3147 2429 3216 διεφθάρησαν,
2498 3147 2595 3199 καὶ
2643 3147 3096 3215 ἐϐδελύχθησαν
3147 3149 3217 3203 ἐν
3281 3151 3577 3219 ἀνομίαις.

2003 3239 2166 3308 Ζήτει
2196 3237 2292 3307 τὴν
2344 3236 2601 3305 ἐξήγησιν
2627 3238 2683 3289 ὲν
2722 3236 2798 3307 τῷ
2863 3238 2931 3306 ιγ’
2974 3239 3208 3310 ψαλμῷ·
3254 3241 3315 3293 τὸ
3373 3241 3451 3307 δέ,
3510 3242 3578 3295 ἐν

2002 3327 2277 3394 ἀνομίαις
2311 3326 2560 3393 ἐνταῦθα,
2617 3328 2686 3381 ἐν
2738 3327 3206 3400 ἐπιτηδεύμασιν
3231 3333 3369 3386 ἐκεῖ.

2076 3506 2195 3556 Οὺκ
2230 3504 2363 3557 ἔστι
2396 3503 2583 3556 ποιῶν
2612 3505 2858 3573 ἀγαθόν.
2889 3505 3067 3576 Ἑντῷ
3105 3507 3326 3577 ῥηθέντι
3353 3505 3573 3577 ψαλιιῷ·

2005 3597 2125 3648 Οὐκ
2151 3596 2283 3648 ἔστι
2309 3595 2494 3648 ποιῶν
2522 3599 2921 3666 χρηστότητα,
2959 3599 3293 3668 γέγραπται.
3543 3631 3546 3633 λ

2083 3686 2136 3738 '0
2167 3687 2308 3752 Θεὸς
2337 3689 2404 3740 ἐκ
2461 3689 2566 3741 τοῦ
2625 3690 2886 3756 οίιρανοῦ
2942 3690 3232 3759 διέκοψεν
3293 3693 3390 3746 ἐπὶ
3435 3692 3574 3759 τοὺς

2000 3778 2171 3840 υἱοὺς
2199 3777 2317 3829 τῶν
2351 3776 2698 3845 ἀνθρώπων,
2724 3781 2830 3834 τοῦ
2855 3781 3004 3834 ἰδεῖν
3067 3785 3120 3835 εὶ
3151 3783 3285 3837 ἔστι
3322 3785 3569 3846 συνιὼν,

2002 3870 2323 3938 ἣέθίζητῶν
2367 3871 2472 3924 τὸν
2528 3872 2710 3926 Θεόνο
2767 3873 2990 3940 πάντες
3045 3874 3394 3942 ἐξέκλιναν,
3453 3877 3571 3946 ἅμα

1999 3963 2446 4030 ἠχρειώθησαν·
2477 3964 2586 4016 οὐκ
2617 3963 2748 4016 ἔστι
2784 3965 2970 4018 ποιῶν
2995 3966 3237 4037 ἀγαθὸν,
3268 3969 3379 4021 οὐκ
3399 3967 3570 4021 ἔστιν

1998 4050 2107 4116 ἕως
2139 4051 2293 4114 ἑνός.
2314 4050 2458 4119 Οὐχὶ
2489 4050 2823 4120 γνώσονται
2848 4052 3072 4119 πάντες
3111 4057 3165 4107 οἱ
3196 4053 3568 4123 ἐργαζόμενοι

1999 4141 2113 4208 τὴν
2135 4142 2388 4210 ἀνομίαν
2415 4157 2434 4204 ;
2471 4144 2534 4194 Ol
2565 4145 2985 4209 κατεσθίοντες
2999 4145 3106 4198 τὸν
3151 4147 3304 4199 λαόν
3334 4163 3452 4212 μου
3503 4147 3572 4200 ἐν

1995 4232 2224 4296 βρώσει
2267 4231 2447 4299 ἄρτου
2473 4272 2487 4295 ,
2535 4233 2645 4286 τὸν
2720 4235 2869 4289 Θεὸν
2929 4239 3039 4290 οὐκ
3095 4236 3567 4292 ἐπεκαλέσαντο.

2000 4320 2160 4374 Ἐκεῖ
2232 4322 2621 4390 ἐφοϐήθησαν
2696 4328 2905 4394 φόϐον,
2953 4326 3027 4385 οὗ
3098 4332 3209 4384 οὐκ
3247 4328 3324 4402 ἦν
3363 4333 3567 4400 φόϐος.

1925 4417 1978 4477 D
2006 4412 2166 4480 Ζήτει
2193 4412 2392 4479 ὁμοίως
2427 4414 2523 4466 καὶ
2558 4415 2657 4485 τὴν
2686 4417 2891 4471 τούτων
2923 4419 3186 4491 ἐξήγησιν
3221 4423 3279 4475 ἐν
3335 4423 3413 4492 τῷ
3478 4426 3573 4493 ρη-

2005 4501 2147 4554 Οέντι
2177 4502 2394 4573 ψαλμῷ.

2076 4593 2207 4646 Ὅτι
2265 4597 2296 4647 ὀ
2343 4595 2486 4660 Θεὸς
2523 4595 2952 4666 διεσκόρπισεν
2991 4600 3144 4658 ὀστᾶ
3185 4603 3566 4674 ἁνθρωπαρέ-

2002 4700 2188 4739 σκων.
2236 4685 2757 4755 Ἀνθρωπαρέσκους
2792 4689 3048 4760 ὀνομάζει
3077 4693 3205 4756 τοὺς
3251 4695 3562 4761 Ἰουδαίους,

1999 4776 2026 4827 ὂ
2052 4777 2143 4828 καὶ
2159 4777 2186 4828 ὁ
2206 4776 2440 4846 Χριστὸς
2458 4778 2640 4841 αὐτοῖς
2660 4779 2920 4843 πολλάκις
2939 4782 3237 4848 ὠνείδισεν,
3264 4787 3565 4855 ὑποκριτὰς

2003 4864 2176 4933 λέγων
2209 4866 2303 4949 καὶ
2334 4867 2455 4919 κατ’
2479 4867 2601 4935 ὄψιν
2639 4871 2931 4939 κρίνοντας
2955 4888 2968 4900 ·
2993 4873 3042 4926 οἶ
3072 4874 3277 4927 καὶτὸν
3309 4877 3565 4949 Καίσαρα

1998 4946 2416 5028 Θεραπεύοντες,
2436 4961 2604 5014 ἐόὀων
2625 4979 2638 4994 ·
2681 4965 2803 5019 Οὐκ
2841 4964 3062 5035 ἔχομεν
3079 4969 3371 5035 βασιλέα,
3403 4973 3456 5026 el
3477 4946 3562 5040 ιιὴ

1997 5050 2303 5116 Καίσαρα·
2369 5052 2461 5104 καὶ
2509 5052 2644 5122 πρὸς
2690 5055 2784 5107 τὸν
2840 5056 3107 5112 Πιλᾶτον·
3149 5059 3294 5113 Ἐὰν
3347 5063 3566 5118 τοῦτον

1996 5141 2353 5210 ἀπολύσῃς,
2387 5145 2498 5197 οὐκ
2547 5141 2607 5198 εἷ
2648 5147 2828 5214 φίλος
2866 5149 2972 5202 τοῦ
3017 5152 3338 5220 Καίσαρος.
3371 5149 3470 5209 Ὦν
3498 5158 3564 5211 τὰ

1997 5232 2132 5286 ὀστᾶ
2147 5232 2544 5304 διεσκόρπισεν,
2564 5239 2683 5307 ἦτοι
2704 5240 2802 5304 τὰς
2824 5241 3016 5309 φυλὰς,
3033 5243 3102 5295 δι’
3127 5238 3202 5298 ὧν
3218 5247 3555 5302 συνίσταντο.

1994 5325 2374 5394 Διεσπάρησαν
2428 5328 2555 5398 γὰρ’
2586 5329 2666 5394 είς
2716 5331 2960 5387 δουλείαν
3005 5335 3192 5400 ἔθνους
3231 5338 3451 5401 παντὸς.
3487 5340 3556 5392 Ἦ

1667 5497 1865 5558 νοτία)
1909 5497 2236 5563 lectiones.

401 5619 511 5691 (86)
549 5619 899 5691 ᾼ1.ἐνετάγη.

398 5690 507 5762 (87)
533 5690 719 5746 Graeca
750 5690 827 5749 ita
869 5690 1070 5752 Sonant
1102 5713 1112 5750 :
1172 5694 1410 5766 Profecto
1443 5699 1522 5754 Itic
1559 5697 1832 5767 (psalmus
1863 5698 1880 5768 )

1993 5645 2083 5681 nec
2107 5629 2419 5709 interpretes
2443 5632 2702 5709 latuisset,
2733 5653 2821 5692 nec
2865 5640 3002 5706 ipsos
3029 5639 3266 5704 Juda‘os,
3296 5641 3374 5695 bis
3407 5643 3548 5709 posi-

1993 5710 2095 5768 tus,
2123 5699 2200 5755 rei
2231 5703 2452 5758 absurde
2484 5708 2749 5771 repetitus.
