4020 6218
268 294 370 360 569
1467 320 1853 387 COMMENT.
1895 325 1978 385 IN
2019 324 2385 390 PSALMOS.
3413 329 3522 392 διο

265 411 368 525 καὶ
407 410 950 525 ὅτιηδιαφθαρέντες
1017 426 1125 481 ὑπὸ
1180 431 1282 500 τῆς
1340 429 1660 507 Ῥωμαῖκῆς
1716 439 1852 509 ῥομ·

1952 449 2149 496 verunt
2175 459 2191 497 :
2224 439 2351 495 Non
2384 441 2635 496 habemus
2660 455 2855 511 regem,
2886 441 2992 496 nisi
3019 442 3283 496 Ctesarem
3313 441 3334 473 '
3361 456 3376 506 ;
3400 441 3529 497 item

267 502 457 572 φαίας,
488 506 813 581 ἐλκύσματα
843 517 936 570 καὶ
965 519 1345 593 σπαράγματα
1373 502 1489 590 soi;
1516 502 1731 598 θηρίοις
1757 502 1852 583 διαὶ

1961 533 2028 588 ad
2053 533 2289 589 Pilatum
2315 552 2330 589 :
2358 533 2418 590 Si
2454 534 2592 588 hunc
2621 502 2870 600 dimittis,
2906 551 3010 590 non
3031 551 3086 589 es
3116 536 3319 589 amicus
3348 502 3532 589 Cresa-

268 601 538 665 πετεινοῖς
560 605 841 672 γεγόνασι.

1959 623 2039 677 ris
2062 623 2107 679 ⁸.
2139 622 2385 689 Quorum
2421 622 2723 679 Judeorum
2786 638 2938 689 ossa,
2990 623 3095 678 hoc
3147 630 3254 690 est,
3297 637 3531 692 quorum

265 688 467 757 tribus,
490 695 695 763 quibus
726 699 830 769 ipsi
872 705 1034 773 quasi
1057 708 1320 765 membris
1343 711 1674 780 quibusdam
1702 712 2107 778 consistebant,
2135 688 2281 771 Deus
2309 717 2591 786 dispersit.
2661 716 2902 787 Dispersi
2966 717 3170 771 etenim
3241 688 3371 770 sunt
3433 729 3533 783 per

265 786 478 889 orbem,
508 800 568 847 ut
593 795 850 889 omnibus
901 799 1174 859 servirent
1202 806 1543 865 nationibus.
1572 808 1671 865 Vel
1700 810 1825 865 ideo
1862 809 2140 879 dispersos
2161 826 2257 866 eos
2291 810 2460 866 fuisse
2482 810 2637 875 dicit,
2704 813 2834 882 quia
2908 810 3284 867 Romanorum
3346 807 3531 880 gladio

261 878 467 944 perditi
496 897 562 938 ac
598 885 883 958 discerpti,
913 893 1148 950 canibus
1165 902 1220 951 et
1249 897 1570 958 volucribus
1597 901 1845 957 laniandi
1882 878 2065 957 relicti
2097 910 2246 958 sunt.

335 975 908 1050 Κατῃσχύνθησαν,
943 983 1034 1038 ὅτι
1062 990 1098 1041 ό
1128 988 1274 1055 Θεὸς
1301 990 1719 1055 ἐξουδένωσεν
1741 996 1852 1050 αὑ-

2025 992 2250 1064 Confusi
2290 1004 2435 1059 sunt,
2460 995 2713 1065 quoniam
2747 994 2890 1048 Deus
2937 994 3135 1064 spreuit
3175 1010 3284 1050 eos.
3319 994 3529 1049 Confu-

261 1067 431 1131 τούς.
464 1067 708 1141 Δίσχύνη
746 1073 917 1129 πᾶσιν
963 1075 1146 1133 ἔθνεσι
1190 1083 1629 1154 προσετέθησαν,
1679 1103 1851 1141 κακο-

1955 1083 2113 1140 sione
2147 1093 2313 1154 atque
2345 1085 2641 1154 ignominia
2670 1084 2814 1153 pleni
2834 1099 2960 1140 esse
2987 1092 3362 1155 apparuerunt
3382 1084 3527 1155 apud

260 1156 689 1227 δαιμονέστατοι
722 1166 819 1219 καὶ
860 1168 1223 1239 ἀτυχέστατοι
1256 1174 1350 1228 καὶ
1406 1176 1852 1249 βαρυσυμφορώ-

1955 1190 2149 1232 omnes
2182 1184 2397 1247 gentes,
2429 1176 2597 1231 veluti
2630 1176 2877 1230 omnium
2910 1175 3196 1231 hominum
3224 1175 3527 1231 miserrimi

261 1266 421 1304 τατοι
453 1253 566 1309 τῶν
602 1255 828 1312 πώποτε
878 1261 1190 1332 ἀνθρώπων
1225 1267 1513 1338 γενόμενοι
1538 1286 1555 1304 ο
1586 1270 1746 1325 τοῦτο
1782 1272 1842 1327 δὲ

1953 1276 2010 1325 et
2040 1267 2431 1332 infelicissimi,
2463 1276 2520 1322 et
2550 1267 2968 1323 calamitatibus
3001 1269 3246 1323 omnium
3282 1268 3522 1325 maxime

263 1345 577 1400 πεπόνθασι
604 1387 618 1412 ,
651 1349 790 1406 διότι
818 1353 847 1406 ό
868 1354 1110 1427 Χριστὸς
1137 1358 1472 1432 ὲξουδένημα
1521 1364 1617 1417 καὶ
1649 1363 1850 1430 δνειδος

1953 1360 2203 1415 obnoxii.
2231 1358 2557 1428 Hujusmodi
2590 1366 2773 1413 autem
2810 1359 3186 1414 calamitatem
3211 1375 3276 1416 ea
3312 1361 3527 1416 ratione

260 1438 462 1504 αὐτοὺς
498 1441 794 1514 πεποίηκε.

1950 1450 2100 1521 passi
2147 1456 2300 1513 sunt,
2332 1449 2461 1516 quia
2510 1447 2772 1503 Christus
2821 1449 3031 1517 sprevit
3074 1465 3195 1516 eos,
3237 1450 3293 1504 in
3325 1463 3527 1522 oppro.

1950 1543 2129 1598 brium
2169 1540 2294 1597 illos
2329 1541 2592 1595 universo
2627 1539 2750 1595 orbi
2787 1540 3064 1614 praebens.

336 1622 426 1686 Τίς
470 1621 652 1678 δώσει
680 1624 750 1679 ἐκ
786 1626 944 1681 Σιὼν
972 1628 1040 1682 τὸ
1083 1630 1384 1699 σωτήριον
1404 1633 1514 1688 τοῦ
1555 1634 1846 1702 Ἰσραήλς

2020 1632 2190 1688 Vsus.
2234 1634 2286 1687 7.
2307 1632 2438 1698 Quis
2460 1632 2609 1686 dabit
2634 1647 2701 1686 ea:
2732 1630 2864 1686 Sion
2893 1631 3138 1687 salutare
3170 1631 3380 1705 Israel?
3405 1648 3524 1687 cum

265 1713 334 1765 ἐν
354 1713 436 1778 τῷ
464 1714 829 1786 ἐπιστρέψαι
859 1719 968 1773 τὸν
993 1720 1143 1775 Θεὸν
1160 1722 1279 1790 τὴν
1302 1726 1722 1793 αἰχμαλωσίαν
1739 1725 1846 1780 τοῦ

1947 1726 2262 1783 converterit
2313 1719 2568 1778 Dominus
2597 1726 2959 1793 captivitatem
2997 1724 3163 1793 plebis
3190 1740 3322 1787 suce,
3345 1725 3527 1778 exsul-

263 1804 419 1858 λαοῦ
442 1805 651 1870 αὐτοῦ,
688 1808 1122 1878 ἁγαλλιάσεται
1177 1813 1406 1880 Ἰακὼϐ,
1449 1816 1547 1872 καὶ
1581 1818 1839 1885 εὐφραν-

1945 1819 2078 1872 tabit
2110 1814 2299 1880 Iacob,
2319 1824 2369 1870 et
2399 1815 2674 1870 lwtabitnr
2703 1814 3113 1871 Isracl.ilorum
3135 1815 3299 1870 etiam
3330 1816 3528 1870 verbo.

260 1896 512 1962 θήσεται
550 1897 810 1968 Ἰσραήλ.
861 1901 973 1954 Καὶ
1018 1904 1051 1973 ή
1102 1903 1308 1959 τούτων
1354 1905 1621 1977 ἐξήγησις
1659 1909 1718 1961 ὲν
1759 1907 1838 1977 τῷ

1944 1904 2065 1964 rum
2106 1908 2508 1977 expositionem
2540 1909 2595 1962 in
2625 1923 2770 1978 saepe
2810 1914 3248 1963 commemorato
3291 1907 3526 1963 tradidi-

264 1984 487 2055 ῥηθέντι
518 1987 591 2058 ιγ’
615 1989 820 2062 ψαλμῷ
849 1994 1238 2050 ἀνατάττεται.

1941 2015 2068 2055 mus
2095 1999 2338 2068 psalmo.

256 2080 363 2145 Εἰς
398 2081 468 2134 τὸ
488 2081 661 2147 τέλος
680 2084 752 2138 ἐν
775 2085 1008 2154 ὕμνοις,
1037 2088 1135 2141 καί
1173 2088 1489 2156 συνέσεως
1520 2089 1602 2156 τῷ
1629 2093 1833 2160 Δαϐὶδ,

1941 2093 2005 2149 1η
2035 2093 2195 2162 ﬁnem
2250 2092 2306 2144 in
2355 2091 2588 2160 hymnis,
2632 2088 3001 2159 intelligentiae
3043 2088 3146 2159 ipsi
3181 2087 3373 2150 Dauid,
3407 2105 3526 2142 cum

324 2172 402 2227 ἐν
447 2170 530 2238 τῷ
566 2174 770 2230 ἐλθεῖν
796 2176 942 2245 τοὺς
995 2180 1303 2248 Ζιφαίους,
1362 2181 1461 2236 καὶ
1486 2183 1838 2254 ἀναγγεῖλαι

2012 2186 2272 2239 venissent
2309 2181 2538 2251 Zipluei,
2559 2191 2610 2236 et
2650 2181 3058 2235 annuntiassent
3096 2179 3274 2247 Sauli,
3324 2179 3525 2237 Nonne

322 2263 408 2331 τῷ
451 2266 692 2322 Σαούλ·
738 2270 862 2325 οὐκ
908 2269 1039 2325 ἰδοὺ
1080 2272 1262 2327 Δαόιδ
1309 2273 1642 2343 κέκρυπται
1698 2278 1836 2348 παρ’

2012 2293 2127 2332 ecce
2155 2274 2328 2331 David
2356 2272 2694 2330 absconditus
2721 2281 2801 2328 est
2831 2271 2974 2343 apud
3004 2287 3104 2327 nos

326 2355 476 2427 ἡμῖν
493 2375 517 2424 ;
1846 2356 1852 2361 ’

807 2455 1104 2511 ΨᾹΛΜΟΣ
1142 2458 1269 2514 NI".

2516 2449 2644 2506 PSA
2654 2449 2844 2507 LMUS
2887 2449 3022 2506 Llll.

325 2541 552 2612 Φεῦγων
585 2545 677 2600 τὸν
708 2547 880 2601 Σαοὺλ
910 2548 940 2601 ό
966 2549 1153 2615 Δαϐὶδ,
1192 2552 1447 2605 ἐκάθισεν
1469 2555 1551 2618 είς
1576 2553 1673 2626 τὴν
1702 2553 1836 2626 ἕρη-

2012 2542 2249 2616 Fugiens
2291 2543 2512 2599 Saulem
2568 2543 2765 2598 beatus
2806 2541 3000 2607 David,
3035 2540 3319 2612 profectus
3349 2548 3436 2596 est
3464 2541 3521 2595 in

263 2651 365 2702 μον
394 2635 501 2706 Ζίφ
523 2651 538 2665 °
569 2638 619 2692 oi
643 2640 861 2709 Ζιφαῖοι
889 2640 989 2711 τὴν
1017 2642 1116 2710 μὲν
1149 2644 1287 2713 πρὸς
1317 2643 1484 2698 Δαόὶδ
1516 2645 1702 2715 φιλίαν
1733 2646 1837 2699 ὑπ-

1941 2650 2185 2692 eremum
2233 2635 2393 2706 Ziph.
2442 2634 2649 2705 Ziphmi
2702 2648 2832 2689 vero
2877 2633 3179 2689 amicitiam
3230 2632 3524 2703 ﬁngentes,

257 2728 562 2801 εκρίθησαν
584 2774 599 2799 ,
644 2733 1034 2803 κατεμήνυσαν
1067 2734 1123 2787 δὲ
1157 2735 1322 2788 αὑτὸν
1368 2736 1449 2805 τῷ
1492 2737 1666 2791 Σαούλ
1688 2753 1703 2770 ⁸
1744 2738 1840 2793 καὶ

1940 2726 2095 2782 Sauli
2143 2725 2551 2797 signiﬁcarunt,
2582 2726 2758 2780 latere
2789 2724 2944 2779 illum
2984 2724 3130 2795 apud
3162 2739 3241 2781 se.
3279 2721 3396 2780 Hoc
3420 2739 3524 2779 au-

256 2818 317 2884 ός
345 2821 775 2893 ἐπεστράτευσε.
820 2820 1068 2897 Πόλεμος
1110 2826 1166 2880 δὲ
1214 2826 1323 2880 τῶν
1353 2827 1671 2896 ἀλλοφύλων
1724 2829 1842 2883 ἑπι-

1942 2818 2058 2873 dito
2087 2815 2218 2872 Saul
2241 2830 2367 2871 cum
2392 2815 2637 2870 exercitu
2669 2814 2802 2869 illuc
2829 2822 3023 2870 contra
3054 2828 3181 2869 eum
3208 2814 3525 2883 proﬁcisce-

250 2911 550 2983 γενόμενος
592 2915 1095 2986 ἀντιπεριέσπασεν
1148 2918 1351 2973 αὐτίκα
1382 2920 1473 2973 τὸν
1499 2920 1674 2974 Σαούλ
1695 2936 1711 2950 ·
1745 2920 1841 2974 καὶ

1943 2911 2146 2974 batur;
2177 2922 2369 2963 verum
2415 2906 2642 2969 bellum,
2676 2905 2826 2975 quod
2878 2919 2909 2959 a
2955 2904 3253 2961 Philistzeis
3301 2914 3525 2976 repente

254 3005 447 3060 λοιπὸν
480 3007 822 3077 ἀπαλλαγεὶς
852 3012 879 3063 ὁ
906 3010 1073 3064 Δαὸὶδ
1107 3012 1338 3080 ἐκεῖθεν,
1377 3014 1570 3082 ἔφυγε.
1594 3015 1690 3067 καὶ
1715 3031 1841 3067 συν-

1944 3000 2287 3071 supervenit,
2336 2998 2561 3053 Saulem
2605 2996 2857 3063 divertit,
2908 3012 2976 3051 ne
3016 3004 3151 3052 tunc
3186 2996 3331 3050 ultra
3370 2996 3523 3052 illum

251 3099 422 3170 έθηκε
451 3101 543 3155 τὸν
568 3103 813 3171 παρόντα
839 3104 1059 3176 ψαλμὸν
1110 3107 1560 3178 εὐχαριστήριον,
1580 3107 1676 3161 τοῦ
1697 3106 1836 3162 Θεοῦ

1945 3098 2393 3165 persequeretur.
2424 3090 2601 3145 Tanto
2624 3090 2810 3160 itaque
2831 3090 3029 3146 beatus
3061 3088 3232 3144 David
3260 3089 3525 3145 liberatus

251 3169 770 3258 κατασκεδάσαντος
837 3169 1317 3268 εὐμήχάνωςητήν
1366 3169 1684 3271 ἐπιϐουλήν.
1744 3200 1836 3253 Διὸ

1942 3185 2208 3257 periculo,
2245 3183 2480 3255 aufugit,
2519 3189 2576 3238 et
2606 3191 2937 3254 praesentem
2985 3180 3260 3250 psalmum
3308 3181 3364 3235 in
3394 3195 3525 3252 gra-

250 3289 349 3343 καὶ
384 3288 689 3359 ἐνῦμνοις
727 3291 1170 3358 ἐπιγέγραπται·
1219 3293 1354 3363 φησι
1395 3290 1527 3360 γὰρ,
1584 3293 1666 3345 ὅτι
1704 3291 1835 3356 Ἐξ-

1944 3279 2144 3333 tiarum
2182 3278 2457 3332 actionem
2515 3275 2885 3345 compositum
2954 3272 3070 3328 Deo
3118 3271 3322 3328 dicavit
3364 3287 3383 3325 :
3412 3286 3524 3342 quo

248 3381 708 3452 ομολογήσομαι
741 3380 823 3448 τῷ
853 3383 1117 3453 όνόματίξ
1136 3398 1277 3449 σου,
1317 3384 1522 3452 Κύριε,
1572 3384 1662 3437 ὅτι
1693 3383 1838 3455 ἁγα-

1943 3370 2197 3441 adjutore
2243 3384 2436 3425 omnes
2475 3366 2660 3424 Saulis
2710 3366 2929 3423 insidiae
2994 3366 3262 3423 facillime
3308 3378 3527 3435 semper

247 3475 380 3538 σὺν,
414 3471 505 3525 ὅτι
534 3473 605 3526 ἐκ
639 3472 851 3542 πάσης
885 3473 1151 3542 θλίψεως
1179 3473 1415 3543 specum
1439 3491 1530 3546 με.
1557 3474 1736 3543 -Είς
1763 3474 1833 3529 τὸ

1941 3461 2227 3517 dissoluta:
2257 3469 2409 3516 sunt.
2442 3460 2624 3530 Atque
2654 3459 2780 3514 ideo
2812 3458 2866 3513 in
2917 3458 3129 3529 hymnis
3172 3455 3521 3512 inscribitur.

244 3563 428 3630 τέλος
462 3564 520 3619 δὲ
540 3608 554 3631 ,
590 3565 671 3618 ὅτι
697 3568 835 3635 πρὸς
860 3565 924 3619 τὸ
946 3565 1100 3631 τέλος
1136 3566 1421 3636 ἐπείγεται
1454 3568 1486 3638 ἡ
1522 3567 1820 3640 ἐγκειμένη

1943 3552 2245 3623 Conﬁtebor
2271 3552 2444 3617 enim,
2492 3551 2694 3623 inquit,
2729 3551 2929 3605 nomini
2964 3560 3076 3615 tuo,
3111 3550 3352 3612 Domine,
3392 3564 3519 3617 quo-

246 3656 428 3727 τούτῳ
452 3658 781 3728 πρόρῤησις.
810 3658 1200 3729 Προηγόρευσε
1227 3660 1335 3730 γὰρ
1358 3660 1451 3715 τὸν
1482 3637 1703 3731 ὄλεθρον
1720 3637 1831 3715 τῶν

1940 3644 2089 3698 niam
2125 3642 2317 3697 bonum
2351 3649 2455 3707 est,
2484 3641 2739 3710 quoniam
2772 3654 2837 3693 ea:
2864 3639 3007 3692 omni
3031 3637 3382 3692 tribulatione
3406 3639 3520 3692 eri-

245 3748 720 3803 ἐπιϐουλευόντων
776 3750 928 3821 αὑτῷ
957 3790 972 3815 ,
1026 3751 1205 3822 φήσας
1230 3767 1245 3783 ’
1311 3730 1714 3822 Ἀποστρέψει
1764 3753 1838 3807 τὰ

1934 3737 2101 3808 puiin
2142 3750 2245 3788 me.
2274 3733 2338 3788 In
2378 3733 2536 3802 ﬁnem
2568 3747 2702 3787 vero
2735 3731 2858 3786 ideo
2888 3730 3049 3796 dixit,
3081 3730 3211 3799 quia
3240 3733 3308 3783 ad
3354 3730 3516 3785 linem

245 3839 408 3893 κακὰ
439 3839 558 3905 τοῖς
591 3839 830 3909 ἐχθροῖς
856 3857 1026 3911 μου)
1065 3821 1167 3897 καὶ
1200 3843 1271 3897 ἐν
1291 3843 1417 3910 τοῖς
1449 3821 1688 3913 ἐχθροῖς
1714 3861 1835 3913 μου

1935 3827 2258 3891 tendebant,
2294 3839 2419 3895 qua:
2470 3823 2561 3878 hic
2595 3822 3071 3893 praedicebantur;
3105 3821 3509 3892 praedicebatur

243 3932 488 3987 ἐπεῖδεν
511 3936 545 3988 ό
568 3935 879 4003 ὀφθαλμός
897 3953 1018 4003 μου
1039 3952 1053 3967 ·
1087 3935 1124 3990 ὃ.
1148 3937 1337 4004 σαφῶς
1368 3937 1426 3989 ὲν
1459 3938 1574 4000 τοῖς
1609 3936 1836 4000 οἰκείοις

1934 3934 2117 3978 autem
2192 3919 2542 3975 inimicorum
2600 3916 2779 3987 ipsius
2856 3916 3184 3972 destructio.
3243 3916 3518 3972 Convertct

242 4025 436 4089 τόποις
466 4025 872 4097 ἐξηγησόμεθα.
899 4026 1214 4094 Συνέσεως
1235 4028 1315 4093 δὲ,
1341 4029 1424 4082 ὅτι
1461 4028 1686 4084 συνετοῦ
1710 4030 1830 4082 ἐστι

1939 4016 2114 4081 enim,
2146 4012 2348 4084 inquit,
2371 4010 2518 4065 mala
2548 4010 2782 4065 inimicis
2804 4010 2958 4075 meis,
2977 4017 3028 4063 et
3058 4011 3113 4063 in
3134 4008 3366 4063 inimicis
3388 4008 3517 4063 meis

244 4116 309 4169 τὸ
344 4117 403 4169 ὲν
436 4121 615 4186 καιρῷ
654 4116 884 4188 τοιούτῳ
914 4117 1138 4173 πάντων
1162 4118 1460 4190 ἀφέμενον,
1500 4120 1695 4191 ὑμνεῖν
1739 4120 1832 4173 τὸν

1940 4108 2074 4165 vidit
2103 4105 2289 4161 oculus
2335 4118 2480 4158 meus
2510 4117 2530 4157 :
2564 4115 2688 4173 qua).
2731 4100 2896 4157 verba
2939 4100 3186 4156 dilucide
3229 4100 3369 4156 locis
3399 4100 3518 4157 suis

244 4209 403 4271 θεὸν,
433 4210 529 4264 καὶ
555 4210 748 4263 τοῦτον
772 4211 1156 4266 ἐπικαλεῖσθαι
1188 4212 1407 4285 κριτήν.
1771 4222 1777 4233 ’

1940 4211 2325 4280 exponemus”
2357 4194 2736 4266 Intelligentiaz
2789 4201 3008 4256 autem,
3061 4192 3200 4258 sive,
3264 4201 3325 4247 ut
3385 4191 3517 4247 alibi

243 4302 505 4367 diximus,
535 4300 832 4368 prudentia:
860 4302 983 4359 ideo
1008 4281 1351 4374 inscriptum
1372 4314 1474 4368 est,
1513 4304 1646 4375 quia
1681 4300 1977 4374 prudentis
2010 4289 2114 4346 viri
2146 4295 2231 4343 est
2284 4285 2665 4356 hujuscemodi
2728 4293 2980 4354 tempore
3045 4283 3271 4338 omissis
3332 4281 3514 4335 omni-

242 4390 369 4456 bus.
443 4396 793 4453 liberatorem
840 4396 1007 4453 Deum
1060 4398 1307 4464 laudare,
1365 4415 1608 4470 eumque
1639 4396 1808 4455 veluti
1844 4389 2089 4462 judicent
2125 4381 2396 4453 οΡίίωηῐη
2427 4379 2724 4435 advocare-

328 4482 393 4536 ὀ
426 4485 591 4552 Θεὸς,
620 4486 690 4539 ἐν
717 4486 801 4552 τῷ
828 4487 1077 4556 ὀνόματί
1101 4502 1220 4544 σου
1251 4491 1463 4548 σῶσόν
1487 4469 1580 4561 με.
1622 4490 1723 4544 Διά
1762 4490 1823 4544 τδ

2001 4478 2170 4535 Vsus.
2191 4478 2247 4533 5.
2278 4476 2442 4537 Deus,
2463 4474 2519 4528 in
2538 4472 2751 4526 nomine
2777 4478 2866 4527 tuo
2895 4469 3102 4525 salvum
3130 4485 3211 4525 me
3243 4470 3354 4540 fac.
3384 4469 3511 4526 Sal-

246 4574 340 4627 σδν
364 4574 559 4646 ὄνομα,
588 4576 726 4631 διότι
755 4578 1003 4654 ὀνομάζῃ
1034 4582 1249 4654 Σωτὴρ,
1299 4584 1396 4639 καὶ
1418 4585 1691 4655 ἐλεήμων,
1731 4584 1826 4637 καὶ

1934 4588 1998 4628 va
2039 4588 2145 4638 me,
2189 4570 2393 4641 inquit,
2447 4575 2671 4639 propter
2716 4579 2916 4621 nomen
2968 4574 3146 4620 tuum.
3202 4563 3516 4621 Salvatoris

241 4662 490 4729 δίκαιος’
531 4666 711 4721 σῶσόν
737 4686 805 4739 με
831 4670 889 4723 δὲ
945 4671 1026 4724 ἔτι
1066 4675 1161 4727 καὶ
1188 4673 1269 4728 ἔτι
1292 4692 1305 4709 ·
1344 4674 1685 4746 πανταχόθεν
1722 4672 1832 4745 γὰρ

1934 4668 2159 4732 ctenim,
2209 4674 2264 4722 et
2326 4660 2728 4724 misericordis,
2785 4659 3006 4729 etjusti
3060 4672 3260 4713 nomen
3316 4657 3508 4713 habes.

238 4755 551 4813 ὲπιὸουλαί.
1930 4760 2140 4816 Praesto
2196 4757 2367 4829 igitur
2398 4756 2536 4812 mihi
2583 4754 2755 4820 adsis,
2787 4752 3049 4825 quoniam
3097 4750 3345 4823 undique
3376 4751 3513 4806 mihi

1931 4852 2259 4907 incumbunt
2290 4848 2529 4905 insidiae.

312 4941 421 4995 Kal
447 4941 518 4996 ἐν
549 4942 624 5013 τῇ
645 4944 897 5014 δυνάμει
931 4963 1049 5004 σου
1076 4949 1304 5017 κρινεῖς
1332 4965 1432 5018 με.
1457 4949 1569 5003 Καὶ
1597 4948 1824 5013 δυνατὸς

2004 4942 2075 5000 Et
2107 4946 2164 5000 in
2197 4944 2437 5015 potentia
2477 4950 2571 4996 tua
2595 4939 2874 5010 judicabis
2908 4955 3010 4993 me.
3048 4935 3113 4991 Et
3142 4950 3270 4992 cum
3318 4944 3517 5006 potens

240 5029 339 5096 ὢν,
375 5037 585 5103 κρινεῖς
633 5053 724 5104 με,
772 5031 832 5090 εὖ
873 5031 1031 5105 οἶδα,
1090 5038 1231 5108 μετὰ
1259 5037 1355 5092 τοῦ
1385 5038 1825 5095 καταδυναστεύ-

1934 5037 2037 5106 sis,
2069 5045 2243 5102 recte,
2271 5035 2423 5102 novi,
2462 5031 2746 5106 iudicabis
2781 5045 2888 5096 me,
2928 5031 3094 5087 simul
3131 5044 3257 5085 cum
3315 5028 3382 5084 iis
3420 5027 3516 5096 qui

244 5141 442 5189 σαντος
474 5127 574 5195 τῆς
603 5128 746 5199 ἐμῆς
776 5127 1089 5195 ἀσθενείας,
1124 5129 1272 5199 λέγω
1291 5128 1346 5184 δὲ
1376 5131 1472 5186 τοῦ
1503 5131 1702 5197 Σαοὺλ,
1728 5131 1825 5186 καὶ

1934 5129 2251 5203 opprimunt
2313 5126 2690 5182 infirmitatem
2739 5138 2939 5190 meam,
2991 5122 3216 5179 Saulem
3258 5119 3409 5183 dico,
3460 5126 3517 5173 et

242 5218 491 5286 ποιήσεις
523 5219 621 5288 τὴν
650 5218 960 5288 ἐκδίκησιν.
995 5221 1103 5275 Τοῦ
1135 5221 1213 5289 δὲ,
1238 5224 1484 5293 κρινεῖς,
1523 5224 1822 5297 ἀδιάφορος

1934 5221 2231 5278 vindictam
2261 5217 2453 5273 facies.
2486 5217 2581 5271 Est
2605 5224 2790 5270 autem
2816 5211 3136 5269 iudill‘erens
3164 5207 3512 5266 constructio

240 5310 335 5364 νῦν
358 5311 391 5382 ἠ
424 5309 700 5377 σύνταξις.

1934 5314 2098 5383 hujus
2126 5311 2277 5367 verbi
2299 5308 2595 5381 judicabis.
2628 5307 2847 5380 [Posuit
2885 5307 3033 5363 enim
3104 5300 3382 5372 jndicabis
3406 5315 3510 5365 me,

1934 5421 2056 5477 pro,
2086 5402 2365 5475 iudicabis
2421 5400 2581 5469 mihi,
2627 5400 2735 5456 hoc
2785 5407 2890 5465 est,
2921 5395 3190 5468 judicium
3242 5391 3374 5447 mihi
3430 5389 3516 5447 fa-

1938 5496 2099 5569 cies]
2194 5568 2201 5578 ἱ

321 5583 385 5635 '0
412 5585 581 5650 Θεὸς,
617 5585 993 5642 εἰσάκουσον
1029 5588 1142 5657 τῆς
1169 5588 1524 5661 προσευχῆς
1558 5608 1697 5662 μου,
1740 5592 1829 5647 ἑνο

2010 5576 2264 5645 Vensd.
2314 5587 2475 5656 Deus,
2508 5586 2706 5643 exaudi
2743 5583 3035 5638 orationem
3066 5595 3258 5644 meum,
3285 5576 3506 5633 auribus

311 5762 506 5821 'Joan.
546 5781 656 5834 six,
720 5766 800 5823 ιδ.
882 5764 1064 5824 ‘lbid.
1116 5765 1201 5821 12.
