4020 6218
526 308 628 374 571

1763 299 2145 360 ΕΗΤΗΥΜΙΙ
2181 296 2547 357 ZIGABENI

3669 297 3775 359 572

527 423 733 491 percipe
768 419 920 474 verba
962 421 1065 472 oris
1102 419 1221 471 mei.
1259 416 1433 473 Verba
1468 418 1580 481 illa,
1608 415 1845 481 Exaudi,
1874 416 2095 469 auribus

2218 411 2403 466 ὒτισαι
2434 410 2505 464 τὰ
2543 409 2784 480 ῥήματα
2828 407 2931 464 τοῦ
2982 409 3284 479 στόματός
3330 426 3471 477 μου.
3520 409 3594 460 Τὸ
3639 411 3780 461 Εἰσ-

526 515 755 582 percipe,
784 522 837 567 et
860 512 963 563 alia
992 510 1334 579 hujusmudi,
1367 525 1476 564 non
1506 510 1765 564 videntur
1797 509 1932 562 milti
1960 509 2103 562 inter

528 620 587 657 se
614 617 779 658 sensu
814 600 1067 665 differre,
1107 599 1201 654 sed
1234 600 1594 654 intentionem
1629 612 1796 670 atque
1839 607 2104 653 constan-

529 694 661 747 tiam
694 706 914 761 precum
965 691 1276 761 significare
1308 708 1322 744 :
1351 691 1817 760 quemadmodum
1868 690 1919 744 in
1954 690 2106 760 prin-

528 782 673 851 cipio
706 781 884 850 quarti
920 782 1137 850 psalmi,
1163 788 1216 833 et
1246 796 1358 844 xw,
1383 788 1435 834 et
1472 796 1579 842 LIV,
1611 779 1739 834 etin
1766 780 1951 834 multis
1980 778 2104 833 aliis

531 876 667 929 locis
721 876 907 929 videre
955 876 1076 928 licet
1116 874 1263 943 (88):
1301 875 1513 929 tametsi
1544 875 1805 928 nonnulla
1837 892 1864 927 a
1895 873 2105 927 studioo

530 967 609 1023 sis
643 967 779 1022 viris
813 968 1048 1019 inveniri
1080 968 1255 1035 possit
1289 966 1620 1021 differentia.
1665 968 1767 1021 Per
1799 969 2103 1021 orationem

532 1068 740 1123 autem,
806 1060 911 1113 hoc
966 1060 1020 1112 in
1075 1060 1220 1122 loco,
1264 1075 1383 1113 eam
1442 1059 1747 1129 intelligere
1788 1074 2105 1127 possumus,

532 1166 656 1219 quae
708 1159 890 1204 mente
911 1160 965 1204 et
999 1153 1181 1203 animo
1215 1150 1271 1202 fit
1306 1168 1319 1203 :
1350 1158 1403 1204 et
1454 1166 1548 1218 per
1580 1151 1743 1204 verba
1773 1167 1867 1203 eas
1891 1165 2106 1220 preces,

532 1258 654 1309 quze
709 1242 871 1295 labiis
930 1242 1317 1305 effunduntur,
1362 1241 1675 1311 cujusmodi
1728 1251 1885 1295 erant
1941 1240 2105 1295 verba

533 1334 621 1386 illa
657 1351 671 1387 :
711 1333 874 1398 Deus,
909 1335 963 1386 in
996 1334 1206 1387 nomine
1232 1344 1321 1386 tuo
1344 1333 1550 1387 salvum
1582 1349 1660 1386 me
1690 1333 1798 1402 fac,
1830 1342 1886 1388 ct
1907 1334 1952 1389 si
1977 1331 2108 1404 quid

534 1423 683 1477 aliud
719 1424 1033 1494 huiusmodi
1076 1434 1185 1479 est.

613 1514 778 1569 Vens.
820 1516 871 1569 5.
911 1515 1176 1580 Quoniam
1204 1515 1362 1569 alicui
1392 1516 1797 1570 insurrexerunt
1828 1516 2108 1572 adversum

536 1623 639 1671 me,
672 1618 720 1660 et
758 1608 922 1675 fortes
972 1609 1323 1677 quaesiverunt
1365 1608 1600 1661 animam
1634 1624 1827 1661 meam.
1883 1608 2105 1662 Sauletn

541 1696 618 1767 [et
656 1697 777 1766 ejus
835 1697 1156 1769 complices]
1193 1698 1269 1752 ita
1322 1700 1579 1769 appellat,
1616 1700 1829 1755 alienos
1859 1700 2104 1769 quidem,

538 1788 694 1854 quasi
722 1789 906 1841 animo
944 1802 974 1840 a
1010 1803 1069 1842 se
1088 1788 1375 1851 alienatos,
1402 1799 1566 1857 atque
1600 1789 1852 1842 inimicos
1882 1806 1895 1842 :
1937 1789 2109 1844 fortes

536 1894 687 1943 vero,
726 1895 791 1934 eo
842 1880 982 1949 quod
1031 1890 1298 1949 apparatu
1367 1881 1568 1936 bellico
1613 1881 1970 1949 przestabant.
2013 1880 2111 1935 Vel

539 1986 637 2039 per
670 1971 901 2036 alienos,
953 1970 1205 2041 Zipltaaos
1264 1972 1544 2041 intelligit,
1586 1972 1750 2026 veluti
1806 1988 1835 2025 a
1868 1988 1993 2027 vera
2046 1987 2110 2027 ac

536 2070 685 2116 recta
755 2063 1132 2117 benevolentia
1191 2063 1502 2129 alienatos;
1574 2080 1668 2134 per
1726 2064 1900 2122 fortes
1960 2080 2106 2128 vero,

538 2154 755 2207 Saulem
788 2164 842 2209 et
866 2155 1045 2210 socios
1080 2155 1222 2223 ejus,
1258 2165 1315 2208 ut
1341 2155 1603 2209 diximus.

609 2240 678 2293 Et
694 2259 807 2295 «non
836 2256 1219 2311 proposuerunt
1268 2244 1436 2297 Deum
1468 2245 1522 2297 in
1553 2254 1836 2313 conspectu
1883 2262 2001 2301 suo.
2052 2245 2109 2299 In

538 2344 740 2397 mente,
774 2335 972 2403 inquit,
1002 2344 1167 2404 atque
1215 2336 1266 2387 in
1302 2337 1486 2389 animo
1519 2352 1620 2391 suo
1654 2338 1821 2391 Deum
1859 2338 1963 2393 sibi
2000 2354 2108 2393 non

538 2427 975 2488 constituerunt,
1038 2425 1509 2494 quemadmodum
1576 2427 1611 2480 ii
1690 2416 1942 2493 faciunt,
2015 2431 2110 2499 qui

540 2512 710 2567 Deum
739 2514 952 2569 timent.
981 2515 1044 2569 Hi
1080 2515 1280 2569 etenim
1317 2517 1540 2570 assidua
1569 2520 1903 2587 cogitatione
1945 2521 2101 2575 illum

541 2605 647 2658 sibi
682 2612 807 2657 ante
853 2606 1045 2660 faciem
1097 2607 1406 2661 animarum
1470 2624 1694 2663 suarum
1751 2612 2111 2679 constituunt,

542 2698 947 2764 proltihercque
984 2708 1147 2768 atque
1186 2707 1372 2754 vetare
1404 2700 1556 2753 illum
1584 2710 1796 2770 putant,
1829 2718 1897 2757 ne
1928 2705 2109 2774 prosi-

541 2787 676 2841 liant
706 2790 770 2841 ad
799 2789 961 2842 mala.

617 2878 780 2934 Vens.
826 2880 877 2933 6.
910 2880 1043 2935 Ecce
1064 2881 1200 2933 enim
1233 2879 1373 2934 Deus
1402 2881 1627 2950 adjuvat
1654 2899 1753 2949 me,
1781 2893 1830 2937 et
1858 2884 2113 2941 Dominus

541 2970 786 3040 defensor
809 2982 885 3027 est
921 2975 1115 3027 anima:
1146 2988 1297 3027 mea.
1334 2972 1618 3043 Sttperflua
1650 2986 1737 3030 est
1787 2979 2110 3047 conjunctis

543 3065 702 3118 enim.
738 3065 973 3134 Accepta
1006 3075 1189 3120 autem
1223 3066 1419 3119 beatus
1473 3066 1635 3119 David
1672 3071 2006 3125 certitttdine
2037 3073 2104 3127 de
2136 3105 2179 3166 Ο

544 3169 787 3223 superno
816 3156 1046 3218 auxilio,
1087 3172 1196 3225 pra:
1252 3156 1437 3209 laetitia
1471 3156 1604 3210 illttd
1641 3159 1898 3214 omnibus
1929 3164 2104 3230 palam

546 3247 850 3311 annuntiat,
904 3245 1091 3299 dicens
1125 3263 1139 3299 :
1175 3246 1330 3311 Ecce,
1364 3256 1496 3311 etc.,
1520 3262 1642 3315 qua:
1693 3249 1861 3304 dictio
1916 3253 2016 3307 hoc
2054 3255 2106 3306 in

541 3334 665 3389 luco
697 3338 958 3405 temporis
994 3338 1465 3408 propinquitatem
1505 3340 1801 3409 significat,
1841 3345 2001 3412 quasi
2028 3346 2111 3399 di-

541 3435 647 3489 cat,
677 3442 835 3481 nunc.

622 3515 782 3572 Vsus.
820 3519 871 3574 7.
914 3520 1187 3576 Convertet
1216 3522 1358 3577 mala
1379 3522 1612 3577 inimicis
1641 3523 1792 3578 meis.
1826 3523 1920 3577 Illa
1946 3526 2110 3582 nimi-

545 3623 667 3662 rum
701 3611 863 3675 mala,
895 3626 1016 3681 quae
1050 3612 1125 3666 illi
1162 3613 1451 3668 adversum
1479 3627 1566 3668 me
1587 3612 2018 3682 meditabantur,
2054 3617 2109 3671 in

543 3713 639 3754 008
669 3709 968 3756 οοιινοτιοι.

619 3792 687 3845 Et
718 3793 773 3847 in
803 3796 1019 3850 veritate
1049 3806 1141 3850 tua
1191 3795 1460 3865 disperde:
1502 3796 1647 3850 illos.
1677 3797 1780 3852 Per
1824 3799 2109 3853 veritatem

548 3880 651 3937 hoc
697 3883 749 3937 in
788 3885 907 3940 loco
955 3886 1223 3954 justitiam
1263 3888 1541 3957 intelligit.
1584 3886 1684 3943 Vel
1715 3890 1873 3944 aliter
1919 3906 1933 3943 :
1972 3889 2111 3955 Quia

551 3977 750 4032 veritas
782 3979 928 4034 delet
957 3988 1118 4050 atque
1148 3982 1449 4052 exstinguit
1483 3982 1847 4051 mendacium,
1870 3992 1925 4038 tu
1956 3984 2011 4038 in
2046 3998 2113 4039 eo

546 4068 690 4135 quod
727 4084 889 4123 verax
941 4087 1022 4134 es,
1050 4088 1145 4127 eos
1191 4074 1467 4141 disperde,
1499 4075 1588 4144 qui
1637 4075 1929 4131 mendaces
1961 4084 2109 4131 sunt.

547 4156 751 4225 Ziphaei
784 4161 929 4214 enim
972 4179 1165 4233 magna
1198 4180 1256 4219 se
1291 4165 1515 4220 atl‘ectos
1564 4180 1688 4221 esse
1726 4165 2113 4221 benevolentia

545 4262 669 4316 erga
711 4247 925 4304 beatum
982 4251 1152 4307 David
1208 4255 1421 4308 mentiti
1478 4255 1717 4322 fuerant,
1773 4255 2033 4311 similiter
2059 4265 2113 4311 et.

551 4336 681 4389 Snul
716 4342 847 4408 :qui
901 4356 1275 4410 szepenusnero
1312 4345 1507 4405 verbis
1561 4346 1987 4401 confirmaverat
2046 4362 2105 4402 se

550 4428 728 4484 nullas
763 4432 829 4485 de
868 4442 1068 4487 caetero
1093 4433 1359 4491 adversus
1387 4452 1511 4491 cum
1539 4437 1766 4493 insidias
1797 4439 2111 4493 moliturum
2141 4460 2193 4520 υ

546 4535 693 4574 0586.

621 4610 783 4667 Vens.
813 4612 867 4669 8.
912 4615 1218 4671 Voluntaria
1239 4618 1554 4687 sacriﬁcabo
1586 4620 2117 4692 libi.—Voluntarie,

549 4704 653 4759 hoc
685 4716 787 4772 est,
830 4719 1081 4780 prompto
1105 4725 1168 4764 ae
1205 4711 1327 4764 keto
1364 4712 1566 4775 animo,
1605 4727 1714 4766 non
1757 4722 1969 4770 tantum
2002 4718 2121 4773 vel-

550 4796 628 4848 uti
702 4799 958 4853 mandato
1011 4803 1145 4870 legis
1197 4813 1451 4869 coactus,
1482 4813 1750 4873 quantum
1800 4821 1865 4860 ex
1915 4809 2115 4865 ardore

552 4889 788 4957 quodam
854 4894 1047 4948 animi.
1106 4893 1227 4948 Tibi
1294 4895 1461 4964 igitur
1519 4897 1846 4952 sacrificabo
1882 4938 1897 4961 ,
1952 4902 2123 4955 veluti

551 4993 766 5033 summo
797 4994 860 5031 ac
903 4983 1286 5050 potentissimo
1334 4996 1523 5038 eorum
1562 4983 1866 5047 defensori,
1903 4985 1997 5055 qui
2031 4987 2118 5040 in-

536 5069 749 5138 juriam
778 5071 1087 5140 patiuntur.

624 5161 928 5231 Conﬁtebor
960 5164 1161 5218 nomini
1204 5174 1317 5228 tuo,
1360 5165 1594 5218 Domine.
1634 5164 1749 5219 Hoc.
1777 5174 1883 5228 est,
1920 5165 2121 5234 gratias

556 5267 714 5321 agam
749 5255 865 5309 tibi.

626 5342 891 5409 Quoniam
917 5344 1107 5400 bonum
1132 5353 1229 5400 est.
1257 5342 1474 5398 Gratias
1516 5344 1773 5397 nimirum
1807 5345 1904 5397 tibi
1938 5360 2119 5413 agere.

560 5430 769 5484 Bonum
800 5434 944 5487 enini
975 5445 1074 5500 est,
1107 5435 1286 5504 inquit
1308 5434 1462 5499 alibi,
1497 5434 1736 5501 conﬁteri
1763 5433 2017 5488 Domino.

2207 505 2498 570 ἄκουσον,
2532 502 2966 568 καὶἙνώτιοάι,
2997 504 3093 556 καὶ
3121 502 3191 556 τὰ
3210 501 3461 564 τοιαῦτα,
3493 502 3781 571 φαίνονται

2211 595 2310 665 μὲν
2372 596 2447 665 μὴ
2504 595 2766 665 διαφορὰν
2806 594 3117 664 σημαίνειν,
3185 594 3303 647 ἀλλ’
3356 595 3625 665 ἐπιμονὴν
3685 596 3781 647 καὶ

2209 687 2460 741 ἐπίτασιν
2526 686 2766 756 δεήσεως
2813 701 2826 716 ο
2866 685 3040 749 οὕτως
3092 685 3204 754 γὰρ
3265 686 3360 738 καὶ
3401 688 3459 737 ἐν
3528 689 3593 753 τῇ
3636 687 3780 753 ἀρχῇ

2207 777 2301 831 τοῦ
2347 777 2600 848 πέμπτου
2660 775 2898 846 ψαλμοῦ,
2942 777 3033 828 καὶ
3066 778 3122 830 ἐν
3170 778 3310 846 ἀρχῇ
3344 774 3437 830 τοῦ
3476 782 3571 840 ις’,
3593 779 3687 828 καὶ
3726 779 3784 828 ὲν

2210 869 2356 939 ἀρχῇ
2388 868 2481 922 τοῦ
2509 867 2573 933 δ’,
2607 868 2703 923 καὶ
2733 870 2791 922 ὲν
2819 865 3036 931 πολλοῖς
3055 867 3259 931 ἄλλοις,
3316 870 3365 920 εἰ
3393 866 3489 920 καὶ
3517 869 3786 938 διαφοράν

2210 977 2333 1014 τινα
2375 960 2868 1031 προσευρίσκουσιν
2914 960 2965 1012 oi
2996 957 3444 1028 φιλοπονώτεροι.
3493 960 3785 1029 Δυνάμεθα

2209 1051 2266 1105 δὲ
2299 1052 2612 1122 προσευχὴν
2657 1052 2756 1121 μὲν
2790 1049 3050 1113 ἐνταῦθα,
3092 1050 3192 1120 τὴν
3220 1051 3363 1103 κατὰ
3398 1049 3523 1103 νοῦν
3565 1054 3742 1104 εξπείν
3768 1068 3783 1081 ·

2213 1144 2436 1212 ῥήματα
2470 1144 2527 1196 δὲ
2559 1144 2829 1213 στόματος
2853 1184 2867 1206 ,
2901 1142 3001 1212 τὴν
3029 1142 3121 1195 διὰ
3156 1143 3382 1211 χειλέων
3410 1143 3789 1212 ἐκπορευομέ-

2211 1252 2308 1304 νην
2340 1235 2550 1288 ἱκεσίαν
2571 1251 2584 1265 ·
2616 1234 2755 1304 αὓτη
2782 1234 2889 1305 γὰρ
2923 1229 2991 1304 ἦν
3023 1233 3105 1301 τὸ,
3150 1234 3214 1286 '0
3240 1234 3408 1299 Θεὸς,
3440 1235 3511 1287 ἐν
3537 1233 3616 1299 τῷ
3644 1234 3788 1287 ὀνό-

2204 1327 2350 1396 ματί
2377 1342 2495 1381 σου
2520 1326 2729 1380 σῶσόν
2744 1342 2845 1395 με,
2875 1326 2971 1379 καὶ
3001 1326 3055 1379 εί
3084 1343 3137 1378 τι
3170 1324 3438 1380 τοιοῦτον.

2282 1505 2410 1559 Ὅτι
2448 1506 2753 1573 ἀλλότριοι
2779 1503 3211 1571 ἐπανέστησαν
3231 1502 3325 1556 ἐπ’
3351 1502 3456 1571 ἐμὲ
3475 1544 3490 1567 ,
3523 1504 3621 1557 καὶ
3648 1523 3790 1573 κρα-

2211 1598 2362 1652 rato!
2384 1597 2685 1667 ἐζήτησαν
2708 1597 2820 1665 τὴν
2850 1596 3065 1667 ψυχήν
3092 1614 3234 1665 μου.
3269 1598 3409 1659 Τοὺς
3439 1599 3582 1667 ἀμφὶ
3614 1599 3791 1651 Σαοὺλ

2211 1691 2381 1753 οὕτως
2411 1690 2690 1760 ὀνομάζει,
2728 1690 3044 1761 ἀλλοτρίους
3080 1690 3203 1759 μὲν,
3238 1689 3311 1751 ὡς
3354 1689 3584 1759 ἐχθροὺς
3610 1690 3786 1759 αὐτῷ·

2141 1758 2178 1811 Β
2219 1758 2523 1849 κραταιοὺς
2578 1781 2659 1846 δὲ,
2722 1781 2798 1845 ὡς
2856 1758 3118 1843 δυνατοὺς
3166 1783 3225 1833 ὲν
3273 1758 3543 1849 πολεμικῇ
3605 1758 3793 1849 παρα·

2220 1876 2409 1943 σκευῇ.
2450 1875 2519 1926 Ἢ
2548 1873 2864 1944 ἀλλοτρίους
2894 1872 3013 1942 μὲν,
3039 1871 3167 1936 τοὺς
3203 1871 3463 1939 Ζιφαίους
3484 1912 3497 1937 ,
3527 1872 3600 1936 ὡς
3626 1872 3791 1924 ἀλλοο

2217 1963 2550 2032 τριωοὲντας
2615 1965 2714 2034 τῆς
2767 1963 2935 2035 ὀρθῆς
2983 1964 3118 2033 πρὸς
3158 1964 3320 2017 αὑτὸν
3367 1965 3612 2027 εὐνοία;’
3647 1982 3793 2034 κρα-

2218 2054 2403 2117 ταιοὺς
2427 2053 2505 2120 δὲ,
2545 2055 2671 2117 τοὺς
2706 2054 2835 2125 περὶ
2868 2055 2960 2107 τὸν
2990 2055 3187 2108 Σαούλ.

2292 2239 2394 2294 Καὶ
2433 2240 2506 2292 οὺ
2536 2239 2856 2306 προέθεντο
2879 2253 2984 2290 τον
3011 2238 3159 2291 Θεὸν
3186 2236 3442 2290 ἐνώπιον
3473 2237 3692 2291 αὐτῶν.
3729 2270 3796 2281 -

2223 2334 2306 2385 Οὐ
2332 2334 2678 2401 προέθεντο,
2714 2332 2835 2385 ἀντὶ
2866 2331 2983 2393 τοῦ,
3006 2332 3079 2384 (ιὺ
3114 2332 3532 2399 παρεστήσαντο
3563 2333 3794 2401 νοερῶς·

2218 2422 2246 2473 ὁ
2274 2423 2381 2490 γὰρ
2430 2421 2766 2491 φοϐούμενος
2806 2420 2898 2473 τὸν
2946 2420 3078 2472 Θεὸν
3125 2421 3195 2473 δι’
3230 2420 3633 2483 ἀνατυπώσεως
3669 2423 3798 2491 ἱστᾷ

2220 2513 2309 2564 τὸν
2334 2512 2465 2564 Θεὸν
2496 2513 2600 2581 πρὸ
2633 2511 2926 2581 προσώπου
2974 2515 3078 2582 τῆς
3108 2511 3285 2582 ψυχῆς
3336 2511 3522 2577 αὑτοῦ,
3576 2514 3799 2580 ἀπαγο-

2220 2601 2450 2674 ρεύοντα
2483 2602 2542 2654 τὸ
2578 2602 2770 2655 κακόν.

2301 2884 2449 2940 Ἰδοὺ
2495 2884 2604 2953 γὰρ
2634 2886 2666 2937 d
2702 2883 2847 2951 Θεὸς
2870 2884 3102 2951 ,ϐοηθός
3140 2900 3285 2952 μου,
3331 2884 3429 2938 καὶ
3485 2887 3517 2938 ό
3574 2885 3802 2951 Κύριος

2218 2977 2600 3044 ἀντιλήπτωρ
2625 2976 2736 3043 τῆς
2770 2975 2980 3044 ψυχῆς
3004 2994 3145 3044 μου.
3182 2976 3443 3045 Περιττὸς
3464 2978 3491 3030 ὁ
3524 2977 3635 3045 γάρ
3661 2979 3799 3031 σύν-

2219 3071 2438 3140 δεσμος.
2472 3071 2612 3138 Ἤδη
2684 3070 3061 3141 πληροφορίαν
3136 3069 3433 3139 δεξάμενος
3501 3071 3631 3139 περὶ
3699 3073 3801 3139 τῆς

2214 3161 2420 3214 ἀνωθεν
2451 3160 2809 3230 ἀντιλήψεως,
2839 3160 2931 3229 ὑφ’
2970 3161 3164 3231 ἡδονῆς
3198 3161 3515 3228 ἐξαγγέλλει
3543 3160 3758 3229 ταύτην
3784 3178 3796 3191 '

2214 3250 2275 3304 τὸ
2310 3250 2388 3316 δὲ,
2428 3251 2606 3319 Ἰδοὺ,
2632 3252 2755 3307 ἀντὶ
2777 3250 2894 3319 τοῦ,
2943 3253 3044 3307 οὐκ
3094 3254 3174 3316 εἰς
3206 3254 3447 3322 μακρὰν,
3503 3253 3645 3306 ἀλλά
3679 3254 3794 3307 νῦν.

2300 3514 2683 3583 Ἀποστρέψει
2709 3515 2780 3570 τὰ
2804 3514 2958 3570 κακὰ
2986 3515 3106 3582 τοῖς
3139 3515 3375 3585 ἐχυροῖς
3403 3533 3544 3584 μου.
3575 3518 3649 3569 "A
3680 3519 3800 3570 κατ’

2218 3605 2352 3677 ἐμοῦ
2389 3606 2747 3678 ἐμελέτησαν.

2302 3805 2403 3859 Ἐν
2437 3803 2511 3874 τῇ
2564 3805 2818 3874 ἀληθείᾳ
2874 3821 2992 3861 σου
3051 3806 3501 3875 ἐξολόθρευσον
3539 3809 3800 3874 αὐτούς.

2236 3897 2523 3968 ’Δλήθειαν
2571 3899 2806 3952 ἐνταῦθα
2852 3899 2953 3967 τὴν
3007 3898 3357 3969 δικαιοσύνην
3382 3900 3555 3953 καλεῖ.
3594 3903 3672 3954 Ἢ
3710 3904 3803 3955 καὶ

2222 3989 2304 4041 ὅτι
2348 3988 2499 4041 Ἐπεὶ
2532 3990 2563 4059 ή
2619 3988 2845 4057 ἀλήθεια
2895 3989 3147 4058 ἀφανίζει
3179 3990 3241 4042 τὸ
3282 3990 3494 4059 ψεῦδος,
3529 3991 3594 4043 σὺ
3630 3994 3691 4045 ὲν
3725 3991 3804 4062 τῷ

2220 4077 2361 4134 εἶναι
2387 4081 2616 4152 ἀληθὴς,
2644 4081 3031 4153 ὲξολόορευσον
3057 4082 3279 4150 αὐτοὺς,
3318 4084 3478 4147 ὄντας
3527 4083 3759 4153 ψευδεῖς
3785 4102 3799 4117 ·

2219 4173 2358 4226 οἵτε
2388 4173 2499 4244 γὰρ
2532 4175 2746 4241 Ζιφαίοι
2797 4173 3103 4244 ἐψεύσαντο
3150 4174 3247 4244 τὴν
3308 4174 3443 4245 πρὸς
3476 4176 3645 4229 αὐτὸν
3684 4177 3802 4231 διά,-

2221 4268 2402 4319 θεσιν·
2436 4266 2517 4319 ἔτι
2550 4268 2605 4320 δὲ
2638 4267 2733 4319 καὶ
2757 4267 2785 4319 ὁ
2820 4266 2994 4320 Σαοὺλ
3028 4267 3291 4331 πολλάκις
3320 4268 3802 4342 διαὸεὸαιωσάμε-

2222 4373 2311 4419 νος
2344 4354 2419 4427 μὴ
2450 4355 2827 4410 ἐπιϐουλεύειν
2858 4357 3026 4428 αὐτῷ.

2308 4627 2636 4693 Ἑκουσίως
2684 4629 2848 4682 θύσω
2892 4644 3101 4682 σοι.-
3131 4627 3489 4694 Ἑκουσίως,
3527 4629 3651 4683 ἀντὶ
3681 4633 3802 4697 τοῦ,

2223 4718 2542 4787 προθύμως,
2566 4718 2904 4789 περιχαρῶς.
2938 4719 3013 4772 Οὐ
3042 4719 3299 4771 τοσοῦτον
3326 4718 3435 4789 γὰρ
3460 4720 3520 4783 ἐξ
3546 4721 3807 4789 ἀνάγκης

2222 4807 2487 4876 νομικῶν,
2516 4810 2641 4861 ὅσον
2666 4809 2731 4862 ὲκ
2752 4808 3126 4879 προαιρέσεως
3175 4808 3387 4877 Θερμῆς
3430 4808 3578 4863 Θύσω
3602 4828 3693 4866 σοι
3725 4813 3807 4883 τῷ

2222 4900 2449 4971 τοιούτῳ
2482 4898 2663 4971 βοηθῷ
2686 4901 2794 4954 τῶν
2825 4900 3215 4972 ἀδικουμένων.

2310 5162 2862 5233 Ἐξομολογήσομαι
2891 5162 2971 5230 τῷ
3010 5166 3258 5242 ὀνόματί
3284 5180 3425 5230 σου,
3462 5126 3661 5235 Κύρῖε.
3704 5167 3807 5220 Εὐ-

2226 5255 2543 5322 χαριστήσω
2572 5269 2674 5306 σοι.

2301 5347 2431 5398 ’Ὅτι
2475 5345 2720 5414 ἀγαθόν.
2760 5344 2971 5414 Δηλαδὴ
3016 5346 3075 5398 τὸ
3131 5347 3491 5417 εὐχαριστεῖν.
3542 5348 3808 5413 Ἀγαθὸν

2223 5435 2349 5505 γὰρ,
2384 5438 2539 5505 φησι,
2572 5436 2637 5489 τὸ
2665 5434 3161 5504 ἐξομολογεῖσθαι
3190 5438 3269 5503 τῷ
3299 5441 3516 5505 Κυρίῳ.

1902 5548 2101 5609 Varia:
2128 5548 2453 5610 lectiones.

638 5648 747 5717 (88)
782 5649 968 5705 Grmca
1001 5650 1073 5704 ita
1113 5655 1311 5707 sonant
1351 5665 1365 5701 :
1407 5646 1470 5699 Ut
1513 5647 1662 5701 initio
1699 5648 1865 5717 quinti
1903 5648 2115 5715 psalmi,
2158 5661 2206 5703 et
2238 5652 2422 5704 decimi
2453 5661 2607 5717 scut,
2646 5661 2691 5706 et
2726 5653 2922 5720 quarti,
2979 5664 3026 5705 ct
3100 5653 3153 5705 in
3200 5652 3377 5705 multis
3426 5651 3541 5705 aliis
3620 5652 3805 5705 cidere

563 5718 704 5771 licet.
