4114 6208
307 297 413 361 573

1492 290 1884 352 COMMENT.
1915 291 1992 352 ΙΝ
2029 291 2158 350 PSA
2168 291 2384 352 LMOS.

3460 289 3566 353 574

383 412 516 465 Ὀτι
547 410 616 463 ἐκ
647 407 852 476 πάσης
880 407 1143 478 θλίψεως
1172 408 1407 477 appeal.)
1447 423 1547 476 με.
1596 407 1884 461 Διεσκέδα-

2062 408 2226 463 Vens.
2257 409 2310 463 9.
2343 409 2611 474 Quoniam
2653 426 2720 466 ex
2757 413 2901 465 omni
2938 411 3281 465 tribulatione
3320 409 3570 478 eripuisti

308 525 407 570 σας
431 506 524 560 καὶ
547 503 644 560 νῦν
670 503 769 575 τὴν
798 503 1042 558 ἐπίθεσιν
1066 501 1161 556 τοῦ
1192 501 1390 566 Σαοὺλ,
1417 502 1513 554 καὶ
1545 499 1885 562 ἀνθέλκυσας

1994 514 2082 551 νιιε.
2136 498 2449 569 luterrupto
2496 501 2702 556 etenim
2771 516 2920 555 nunc
2969 498 3152 555 Saulis
3193 501 3422 568 impetu,
3456 512 3570 576 quo,

309 597 474 654 αὑτὸν
504 599 584 662 εἰς
619 596 808 667 ἓτερον
846 595 1110 666 πόλεμον.

381 691 490 747 Kal
523 691 593 744 ἐν
634 687 761 755 τοῖς
794 688 1027 758 ἐχθροῖς
1069 704 1190 758 μου
1227 684 1469 740 ἐπεῖδεν
1506 687 1540 738 ό
1577 681 1885 752 ὀφθαλμός

305 802 450 854 μου.
490 783 581 846 Ὠς
611 781 899 851 προφήτης
930 778 1056 833 ἰδὼν
1095 777 1174 848 τῷ
1229 776 1332 846 τῆς
1382 774 1564 846 ψυχῆς
1616 771 1889 841 ὀφθαλμῷ

311 877 411 947 τὴν
464 873 848 943 καταστροφὴν
879 871 976 926 τοῦ
1007 889 1066 925 τε
1113 870 1288 923 Σαοὺλ
1321 868 1417 922 καὶ
1462 867 1571 920 τῶν
1621 865 1885 934 Ζιφαίων,

314 968 599 1036 προεῖπεν,
649 966 734 1019 ὃτι
783 964 887 1035 ἤδη
929 961 1202 1018 Ἐπεῖδεν
1229 962 1262 1015 ό
1293 957 1601 1028 ὀφθαλμός
1633 973 1755 1026 μου
1817 954 1888 1007 ἐν

312 1058 439 1125 τοῖς
483 1057 720 1126 ἐχθροῖς
763 1072 916 1125 μουο
950 1055 1133 1109 λείπει
1191 1052 1250 1107 δὲ
1281 1051 1362 1117 τὸ,
1393 1049 1430 1104 d
1463 1043 1887 1116 ὲϐουλόμην,ἢ

322 1149 360 1204 ἃ
418 1150 761 1216 πείσονται,
795 1149 872 1212 ὡς
901 1149 960 1201 ὲν
992 1147 1070 1216 τῷ
1100 1146 1174 1199 λδ¹
1203 1142 1405 1216 ψαλμῷ
1437 1136 1892 1212 προαποδεδώκα-

318 1259 440 1312 μεν.
493 1242 718 1310 Λέγοιτο
748 1241 793 1293 6’
816 1239 884 1294 ἂν
922 1239 1017 1293 καὶ
1048 1233 1206 1302 οὗτος
1233 1239 1262 1290 6
1295 1235 1511 1306 ψαλμδς
1543 1230 1675 1302 παρ’
1706 1227 1888 1299 ἡμῶν,

314 1332 456 1385 κατὰ
488 1331 598 1384 τῶν
623 1331 916 1402 δαιμόνων,
945 1329 996 1383 οἳ
1042 1331 1136 1382 καὶ
1167 1324 1437 1397 ἀλλότριοί
1469 1324 1575 1376 εἰσι
1623 1319 1781 1383 Θεοῦ,
1811 1319 1886 1380 ὡς

313 1424 642 1488 ἀποστάται,
675 1424 769 1478 καὶ
794 1423 1190 1493 ἀντικείμενοι,
1244 1419 1342 1474 καὶ
1383 1414 1638 1489 κραταιοὶ
1666 1415 1744 1476 είς
1779 1427 1884 1463 κα-

311 1515 460 1581 κίαν,
484 1515 558 1580 ὡς
585 1515 896 1586 ἀσώματοι,
929 1514 1022 1568 καὶ
1059 1513 1135 1577 ὡς
1174 1510 1645 1582 κοσμοκράτορες.

1983 588 2038 642 in
2087 604 2172 642 me
2210 589 2513 656 ferebatur,
2545 593 2599 647 in
2625 593 2770 648 aliud
2803 594 3004 648 bellum
3042 608 3168 648 ettm
3195 593 3490 647 divertisti.

2063 677 2132 731 Et
2165 680 2218 732 in
2255 681 2492 736 inimicis
2527 685 2656 738 meis
2709 684 2946 754 despexit
2995 685 3181 738 oculus
3233 701 3400 738 meus.
3431 684 3566 737 Ani-

1989 788 2094 826 mae
2133 772 2393 828 nimirum
2451 776 2652 840 oculis,
2678 791 2740 830 ac
2774 775 2939 830 veluti
2975 777 3265 846 propheta,
3310 774 3565 843 Ziphzeo-

1989 878 2113 916 rum
2167 878 2232 918 ac
2286 862 2470 920 Saulis
2522 867 2804 922 interitum
2841 883 3094 923 cernens.
3142 867 3335 921 Sermo
3387 874 3568 920 autem

1988 953 2295 1010 defectivus
2340 963 2446 1021 est,
2497 966 2552 1012 et
2607 960 2691 1015 sic
2739 959 3099 1028 intelligitur:
3133 957 3340 1014 Oculus
3390 972 3567 1019 meus.

1990 1046 2189 1112 inquit,
2241 1046 2492 1118 despexit
2551 1064 2617 1105 ac
2677 1050 2814 1104 vidit
2873 1051 2927 1105 in
2982 1048 3226 1104 inimicis
3283 1049 3466 1102 meis:
3503 1061 3567 1100 ea

1991 1138 2176 1192 omnia
2227 1137 2490 1194 nimirum
2539 1157 2662 1212 quae
2712 1144 2946 1213 optavit,
2981 1143 3064 1197 vel
3110 1157 3171 1196 ea
3217 1141 3399 1195 omnia
3448 1153 3571 1208 qua:

1991 1226 2214 1294 passuri
2247 1235 2416 1294 sunt;
2449 1232 2914 1300 quemadmodum
2953 1233 3118 1287 etiam
3156 1229 3482 1284 tradidimus
3513 1229 3568 1282 in

1996 1315 2212 1384 psalmo
2261 1333 2450 1373 sxxtv.
2509 1321 2701 1375 Elterri
2762 1323 2927 1376 etiam
2975 1338 3005 1376 a
3057 1323 3216 1376 nobis
3259 1327 3438 1391 potest
3482 1318 3572 1374 hic

1993 1407 2242 1474 psalmus
2274 1409 2541 1467 adversus
2573 1413 2876 1478 daemones,
2908 1415 3003 1484 qui
3050 1429 3079 1468 a
3113 1415 3223 1468 Deo
3245 1413 3406 1467 alieni
3442 1418 3574 1466 sunt

1994 1506 2055 1549 ut
2086 1498 2314 1556 rebelles
2343 1503 2393 1557 ei
2429 1515 2595 1574 atque
2637 1505 2978 1571 adversarii;
3011 1513 3066 1560 et
3108 1505 3281 1560 fortes
3311 1503 3572 1560 similiter

305 1616 442 1663 sunt
474 1611 541 1664 ad
567 1607 831 1679 patranda
869 1607 1076 1665 scelera
1142 1614 1402 1676 tauquam
1467 1593 1780 1669 incorporei
1845 1589 2095 1662 spiritus,
2153 1603 2208 1648 et
2264 1604 2526 1667 tanquam
2589 1599 2755 1670 hujus
2816 1600 2979 1654 etiam
3075 1600 3268 1655 mundi
3364 1596 3569 1669 princi‘

349 1715 424 1756 (ES.

349 1718 424 1756 es.

312 1718 468 1863 pElc
501 1796 566 1850 τὸ
606 1795 780 1862 τέλος
811 1794 882 1849 ἐν
913 1795 1148 1863 ὕμνοις,
1179 1790 1490 1856 συνέσεως
1515 1787 1595 1854 τῷ
1621 1780 1825 1840 Δαϐίδ.

862 1971 1160 2027 ΨΔΛΜΟΣ
1201 1971 1326 2023 NA’.

387 2065 502 2121 Kal.
534 2065 728 2120 τοῦτον
782 2064 1054 2132 συνέθηκε
1100 2062 1194 2115 τὸν
1239 2061 1478 2131 ψαλμὸν,
1530 2059 1752 2129 φεύγων
1798 2058 1892 2112 τὸν

314 2157 514 2223 Σαοὺλ,
570 2157 668 2212 καὶ⁸
715 2155 1030 2226 περιπολῶν
1082 2153 1182 2223 τὴν
1219 2153 1464 2222 ἔρημονο
1528 2153 1586 2205 ὲν
1619 2153 1731 2214 τοῖς
1769 2149 1892 2203 καθ’

315 2249 510 2302 ἑαυτὸν
557 2247 616 2301 δὲ
646 2247 846 2301 πάθεσι
882 2245 1198 2314 προγράφει
1229 2244 1326 2297 καὶ
1372 2243 1441 2297 τὰ
1495 2241 1588 2296 τοῦ
1626 2241 1889 2311 Χριστοῦ.

318 2340 411 2394 Διὸ
440 2339 536 2394 καὶ
577 2341 667 2405 είς
707 2337 885 2403 τέλος
922 2337 1347 2407 ἐπιγέγραπται,
1384 2335 1478 2389 καὶ
1543 2333 1616 2387 ἐν
1653 2333 1890 2402 ὕμνοις,

317 2433 412 2485 καὶ
472 2431 808 2498 συνέσεως,
842 2425 929 2484 οἷα
958 2431 1350 2500 παραπέμπων
1377 2429 1468 2482 τὸν
1501 2430 1779 2499 ἀκροατὴν
1811 2428 1892 2491 είς

311 2523 466 2585 τέλος
491 2523 600 2574 τῶν
636 2523 694 2574 ἐν
727 2519 904 2591 τούτῳ
941 2522 1074 2590 περὶ⁸
1109 2521 1352 2590 Χριστοῦ
1385 2519 1890 2592 προφητευθέντων,

313 2613 408 2663 καὶ
465 2611 657 2680 ὑμνεῖν
705 2611 800 2664 τὸν
854 2611 922 2665 δι’
959 2612 1110 2682 ἡμᾶς
1168 2610 1400 2666 τοιαῦτα
1450 2610 1890 2680 καταδεξάμενον

316 2704 794 2773 προτρεπόμενος,
828 2705 924 2757 καὶ
967 2703 1107 2775 μετὰ
1149 2704 1419 2768 συνέσεως
1467 2703 1633 2770 ἀξιῶν
1682 2704 1890 2774 ἀκροᾶο

315 2793 467 2863 σθαι,
497 2790 588 2848 διᾶ
618 2794 680 2848 τὸ
714 2795 1181 2866 συνεσκιασμὲνον
1211 2797 1310 2869 τῆς
1341 2797 1700 2869 προφητείας.

401 3060 727 3128 Ἐνὼτισαι,
769 3064 802 3118 ό
851 3061 1028 3130 Θεὸς,
1064 3062 1181 3132 τὴν
1229 3065 1588 3134 προσευχήν
1622 3083 1762 3135 μου,
1795 3064 1894 3118 καὶ

2241 1778 2306 1834 In
2333 1781 2489 1848 liuent
2528 1783 2584 1836 in
2606 1783 2812 1852 hymnis
2843 1785 3208 1854 intelligentia:
3232 1783 3337 1852 ipsi

2680 1877 2874 1933 David.

2547 1967 2866 2024 PSALMUS
2907 1967 3041 2022 LIV.

2067 2054 2225 2110 llunc
2266 2056 2536 2126 psalmum
2588 2058 2709 2126 pari
2771 2057 2936 2112 modo
2986 2059 3319 2130 conscripsit
3369 2059 3566 2114 beatus

1995 2145 2188 2211 David,
2218 2163 2342 2202 cum
2377 2147 2594 2202 Saulem
2634 2149 2864 2218 fugeret,
2892 2158 2946 2204 et
2979 2149 3346 2220 vagabundus
3376 2149 3431 2204 in
3455 2165 3575 2205 ere-

1995 2254 2084 2294 mo
2119 2239 2525 2296 diversaretur.
2559 2241 2783 2305 Verum,
2821 2241 2949 2296 dum
3001 2242 3252 2312 pr0prias
3285 2243 3574 2310 passiones

1995 2338 2184 2386 narrat
2235 2331 2528 2402 Propheta,
2572 2333 2984 2403 quodammodo
3041 2333 3248 2388 Christi
3285 2333 3575 2402 passiones

1995 2421 2286 2479 describit.
2326 2423 2505 2493 Atque
2537 2424 2660 2480 ideo
2683 2426 2738 2478 in
2761 2425 2918 2493 ﬁnem
2949 2425 3293 2485 inscribitur,
3332 2426 3386 2477 in
3418 2425 3573 2492 hym-

1995 2514 2102 2579 nis,
2137 2521 2192 2568 et
2237 2513 2632 2586 intelligentiw.
2677 2517 3008 2572 Auditorem
3053 2517 3202 2572 enim
3253 2517 3320 2572 ad
3377 2531 3568 2570 eorum

1993 2605 2158 2662 tinem
2192 2609 2442 2675 remittit,
2471 2600 2595 2680 quin
2627 2610 2693 2666 de
2721 2609 2947 2666 Christo
2971 2611 3062 2664 ltie
3104 2610 3366 2680 praedicta
3389 2619 3522 2664 sunt
3550 2622 3566 2662 :

1993 2698 2298 2769 suadetque
2352 2707 2408 2755 et
2452 2702 2709 2756 hortatur
2756 2717 2856 2757 nos
2881 2701 2951 2755 ad
3005 2702 3152 2758 illius
3212 2700 3426 2765 laudes,
3475 2702 3572 2769 qui

1995 2799 2230 2861 propter
2263 2808 2364 2849 nos
2399 2800 2583 2848 tantas
2613 2793 2900 2862 passiones
2925 2791 3218 2848 sustinuit.
3247 2789 3383 2844 Cum
3407 2788 3574 2842 intel-

2007 2880 2237 2950 ligentia
2270 2882 2435 2935 etiam
2463 2881 2646 2935 omnia
2676 2882 2790 2935 base
2813 2880 2992 2934 audiri
3022 2879 3304 2943 admonet,
3343 2885 3572 2948 propter

1918 2984 1966 3046 ρ
1999 2972 2247 3026 umbram
2293 2979 2457 3040 atque
2478 2972 2866 3026 obscuritatem
2895 2970 3219 3039 prophetiae.

2068 3064 2237 3121 Vsus.
2282 3064 2336 3132 2,
2373 3065 2426 3119 5.
2465 3063 2698 3118 Auribus
2752 3064 2986 3133 percipe,
3042 3061 3205 3127 Deus,
3274 3060 3572 3113 orationem

310 3152 399 3221 μὴ
430 3153 720 3221 ὑπερίδῃς
751 3152 869 3222 τὴν
911 3154 1131 3223 δέησίν
1159 3173 1302 3226 μου,
1358 3158 1624 3224 πρόσχες
1645 3174 1763 3226 μοι,
1797 3157 1889 3210 καί

1999 3175 2191 3222 meam,
2227 3166 2274 3211 et
2325 3173 2390 3211 ne
2444 3156 2744 3223 despexeris
2781 3155 3210 3226 deprecationem
3260 3167 3455 3214 meam,
3490 3150 3574 3204 in-

315 3241 688 3297 είσὰκουσόν
721 3262 865 3314 μου.
918 3245 1250 3316 Προείρηται
1302 3247 1667 3318 περὶτούτων
1722 3248 1780 3301 ὲν
1817 3247 1889 3318 τῷ

1998 3255 2147 3305 tende
2198 3250 2327 3304 mihi
2373 3258 2421 3304 et
2466 3247 2670 3303 exaudi
2713 3265 2814 3302 me.
2880 3245 3214 3317 ilujusmodi
3261 3244 3449 3306 verba,
3506 3256 3572 3296 ac

314 3332 555 3404 δευτέρῳ
591 3335 762 3405 στίχῳ
803 3335 898 3389 τοῦ
944 3333 1024 3404 νγ¹
1052 3336 1298 3408 ψαλμοῦ.
1351 3337 1780 3409 Παρατηρητέον
1813 3337 1891 3404 δὲ,

318 3425 404 3478 ὅτι
447 3427 476 3478 6
518 3431 593 3489 ις’
623 3425 834 3496 ψαλμὸς
859 3427 1133 3481 ἀνάπαλιν
1160 3427 1274 3498 ἔχει
1313 3428 1449 3499 πρὸς
1481 3430 1576 3483 τὸν
1608 3429 1852 3500 παρόντα
1875 3443 1890 3460 ⁸

319 3516 540 3585 πρῶτον
574 3517 684 3588 γὰρ
731 3521 790 3571 ἐν
842 3518 1038 3590 ἐκείνῳ
1088 3520 1148 3572 τὸ
1198 3519 1610 3586 Είσάκουσον,
1663 3517 1784 3573 εἶτα
1833 3521 1892 3573 τὸ

1996 3345 2328 3402 sententiam
2376 3339 3032 3413 exposuimus‘superius
3072 3340 3123 3393 in
3163 3336 3410 3394 secundo
3450 3349 3569 3388 ver-

1995 3437 2171 3494 siculo
2209 3437 2408 3508 psalmi
2452 3453 2573 3491 thl.
2608 3434 3024 3490 Observandum
3050 3440 3134 3488 est
3186 3441 3390 3494 tamen,
3423 3427 3570 3498 quod
3611 3441 3618 3447 ·

1998 3528 2051 3583 in
2087 3529 2297 3597 psalmo
2319 3545 2409 3582 xvt
2439 3528 2582 3582 alius
2610 3543 2673 3581 ac
2702 3526 2960 3581 diversus
2975 3534 3059 3579 est
3087 3523 3378 3578 verborum
3409 3518 3569 3580 ordo,

318 3605 598 3678 Πρόσχὲς
625 3651 640 3674 ,
682 3611 780 3664 καὶ
825 3611 1136 3664 τελευταῖον
1166 3612 1228 3665 τὸ
1269 3612 1611 3680 Ἕνώτισαι,
1648 3614 1722 3676 ὠς
1751 3607 1889 3667 εἶναι

1997 3630 2162 3688 atque
2213 3619 2305 3672 hic
2367 3618 2618 3672 habetur.
2683 3616 2842 3670 Prius
2898 3617 3046 3670 enim
3120 3615 3192 3667 ibi
3264 3610 3489 3680 ponitur
3546 3626 3562 3663 :

317 3699 561 3772 φανερὰν
577 3701 684 3784 ,ἤδη
715 3701 814 3772 τὴν
840 3702 1164 3773 ἀδιαφορίαν
1192 3704 1292 3774 τῆς
1315 3704 1534 3768 λέξεως.

401 3970 752 4038 Ἑλυπήθην
771 3970 841 4023 ἐν
868 3967 944 4036 τῇ
971 3967 1311 4036 ἀδολεσχίᾳ
1333 3984 1473 4036 μου.
1534 3965 1609 4020 T6
1641 3966 1739 4034 τῆς
1774 3965 1898 4020 ἀδο-

310 4063 543 4134 λεσχίας
570 4063 766 4133 ὄνομα,
799 4062 1013 4133 κυρίως
1050 4061 1174 4132 μὲν,
1213 4061 1306 4113 ἐπὶ
1336 4060 1438 4128 τῆς
1465 4060 1735 4130 φλυαρίας
1769 4060 1900 4114 τάτ-

2003 3709 2236 3772 Exaudi,
2259 3708 2478 3773 deinde,
2505 3706 2750 3769 Intende,
2774 3717 2829 3762 et
2851 3715 3133 3776 postremo
3157 3704 3313 3757 loco:
3343 3700 3574 3752 Auribus

1999 3801 2248 3868 percipe;
2283 3800 2358 3851 ita
2391 3807 2450 3852 ut
2488 3797 2781 3851 manifeste
2813 3804 2999 3866 pateat
3043 3794 3246 3848 nullam
3274 3807 3397 3847 esse
3430 3789 3572 3860 apud

1998 3887 2325 3958 Propltetam
2355 3888 2546 3941 harum
2569 3886 2870 3941 dictionum
2903 3884 3288 3939 differentiam.

2072 3977 2436 4032 Contristatus
2477 3991 2595 4029 sum
2628 3975 2682 4028 in
2718 3973 3067 4028 meditatione
3093 3987 3232 4025 mea.
3272 3967 3427 4032 Quod
3468 3964 3574 4018 La-

2003 4072 2111 4126 tine
2139 4070 2227 4124 hic
2255 4069 2666 4124 meditationem
2691 4066 2943 4137 legimus,
2976 4064 3165 4121 Graece
3191 4062 3427 4116 habetur
3443 4058 3573 4112 διδο-

308 4175 491 4211 τεται.
527 4155 812 4225 Λαμσάνει
837 4154 895 4208 δὲ
938 4152 1100 4207 τοῦτο
1129 4151 1392 4218 πολλάκις
1425 4155 1452 4207 6
1478 4155 1766 4225 προφήτης
1805 4154 1889 4206 καὶ

2009 4157 2357 4228 λεσῄαμιυω
2401 4155 2572 4210 dictio
2612 4153 3060 4223 propriequidem
3079 4149 3575 4219 nugacitatetu.seu

310 4249 413 4303 ἐπὶ
440 4247 542 4316 τῆς
569 4245 831 4316 συνεχοῦς
890 4245 1314 4316 ὲμμελετήσεως
1333 4229 1357 4311 ,“
1380 4244 1456 4308 ὡς
1489 4245 1549 4298 τό
1568 4260 1581 4273 ·
1611 4243 1719 4299 Καὶ
1749 4243 1889 4313 ἡδο-

2005 4247 2089 4322 [υι
2113 4249 2201 4302 alii
2230 4246 2454 4316 propitts
2481 4244 2609 4299 huic
2647 4243 2836 4299 sensui
2863 4237 3246 4309 reddiderunt]
3279 4234 3579 4305 argutatio-

309 4311 594 4410 λέσχουν
632 4311 858 4406 ἐν’-τοῖς
885 4311 1246 4406 δικαιώμασί
1274 4353 1415 4402 σου,
1465 4337 1738 4402 τουτέστι,
1770 4311 1889 4407 ἐμε-

2001 4311 2125 4396 ncm
2147 4311 2442 4408 significat,
2464 4343 2516 4390 et
2544 4334 2687 4405 apud
2714 4333 3042 4404 Prophetam
3064 4337 3317 4385 nostrum
3333 4339 3581 4395 saepenu-

309 4434 490 4487 λέτων
520 4434 578 4486 ἐν
609 4429 689 4500 τῷ
723 4429 874 4500 νόμῳ
911 4445 1030 4484 σου.
1063 4430 1175 4482 Καὶ
1209 4427 1305 4482 νῦν
1333 4423 1426 4483 οὖν
1483 4429 1685 4498 ὁμοίως
1706 4429 1889 4498 φησὶν,

2000 4444 2152 4484 mero
2170 4443 2267 4497 pro
2287 4426 2508 4482 assidua
2536 4424 2886 4480 meditatione
2902 4420 3175 4492 reperitur
3195 4439 3210 4474 :
3234 4419 3388 4489 juxta
3429 4413 3579 4484 quod

313 4533 405 4586 ὅτι
459 4527 776 4598 Ἐλυπήθην
817 4530 875 4580 ὲν
902 4528 968 4596 τῇ
992 4521 1194 4599 μελέτῃ
1229 4543 1352 4596 μου,
1377 4527 1444 4597 τῇ
1480 4526 1608 4597 περὶ
1644 4525 1738 4578 τοῦ
1780 4525 1889 4588 πῶς

1999 4520 2128 4574 alibi
2157 4518 2328 4572 dicit:
2377 4514 2445 4570 Et
2479 4516 2774 4570 meditabar
2816 4515 2872 4567 in
2903 4509 3371 4582 iustiﬁcationibus
3405 4507 3508 4561 tuis
3531 4504 3576 4560 ⁷.

311 4623 386 4678 ἂν
431 4595 788 4690 ἐκφύγω-τὰς
823 4595 1123 4680 ἐπιϐουλὰς
1310 4595 1525 4688 ἐχθρῶν
1547 4595 1567 4649 ’⁷
1617 4615 1889 4686 ἐλυπήθην

2001 4611 2158 4683 [Nam
2175 4608 2322 4682 quod
2341 4609 2436 4673 ait,
2459 4609 2774 4675 meditabar,
2793 4607 2982 4662 Grmce
2996 4607 3195 4675 legitur
3207 4595 3578 4674 ὴδολέσχουν.]

310 4714 399 4778 δὲ,
439 4712 514 4782 μὴ
543 4709 819 4783 εὑρίσκων
863 4707 1140 4780 μηχανήν.
1175 4707 1534 4777 Λαμὸάνεται
1579 4705 1637 4760 δὲ
1667 4707 1762 4760 καὶ
1805 4706 1889 4760 ὲπὶ

1999 4703 2377 4760 Contristatus
2416 4715 2564 4767 sum,
2599 4699 2800 4770 inquit,
2836 4699 2890 4751 in
2922 4695 3277 4751 meditatione
3309 4705 3450 4755 mea,
3474 4704 3573 4743 co-

310 4805 416 4859 τοῦ
450 4803 595 4859 κατὰ
645 4803 775 4858 θέαν
846 4797 1250 4872 μετεωρισμοῦ,
1302 4799 1377 4862 ὡς
1437 4799 1532 4851 τό·
1608 4796 1889 4865 Ἐξῆλθεν

1999 4796 2222 4870 gitando
2253 4809 2493 4865 quonam
2533 4801 2690 4862 pacto
2722 4793 2932 4847 evitare
2965 4803 3182 4861 possem
3229 4785 3575 4842 inimicorum

325 4895 544 4951 Ἰσαὰκ
593 4893 710 4967 (89)
741 4891 1163 4962 ἀδολεσχῆσαι
1186 4892 1273 4958 εις
1297 4891 1362 4944 τὸ
1386 4889 1620 4953 πεδίον,
1642 4888 1710 4943 τὸ
1748 4887 1889 4956 πρὸς

2001 4889 2230 4945 insidias
2262 4905 2278 4942 :
2316 4898 2556 4954 cumque
2582 4883 2788 4938 nullam
2814 4891 3011 4945 artem,
3036 4889 3132 4934 aut
3159 4877 3451 4933 consilium
3485 4888 3578 4927 re-

314 4989 553 5055 δείλης.

2006 4979 2266 5050 perirem,
2310 4975 2674 5029 contristatus
2731 4987 2876 5028 sum.
2930 4969 3244 5040 ’Δδολεσχία
3281 4968 3445 5024 etiam
3477 4977 3576 5033 pro

316 5085 630 5141 sublimiori
664 5085 756 5139 illa
783 5098 848 5138 ac
881 5079 1141 5137 diviniori
1176 5076 1642 5148 contemplatione
1708 5076 2010 5147 accipitur,
2059 5075 2217 5144 juxta
2249 5071 2381 5127 illud
2419 5089 2432 5126 :
2473 5069 2652 5123 Exivit
2684 5066 2904 5132 Isaaclt,
2975 5077 3034 5122 ut
3102 5065 3452 5119 meditaretur
3519 5059 3574 5110 in

319 5195 478 5247 agro,
531 5178 822 5231 inclinante
866 5176 978 5241 iam
1021 5175 1104 5228 die
1129 5172 1151 5204 ⁸
1189 5171 1264 5244 [in
1292 5171 1481 5226 Graeco
1504 5169 1650 5224 enim
1705 5169 1894 5223 eadem
1937 5167 2176 5223 dictione
2210 5165 2283 5220 ibi
2315 5163 2648 5235 Propltetam
2679 5178 2841 5219 usum
2872 5157 3150 5230 videmus]

393 5275 503 5329 Kal
547 5272 882 5340 ἐταράχθην
909 5269 1028 5324 ἀπὸ
1071 5265 1279 5337 φωνῆς
1324 5264 1574 5335 ἐχθροῦ,
1630 5264 1742 5318 καὶ
1774 5265 1889 5319 ἀπὸ

2082 5259 2148 5315 Et
2182 5259 2427 5315 turbatus
2463 5275 2579 5315 sum
2609 5276 2642 5314 a
2677 5275 2798 5315 voce
2838 5255 3066 5321 inimici,
3098 5262 3147 5307 et
3175 5268 3206 5304 a
3233 5245 3597 5304 tribulatione-

321 5362 592 5430 θλίψεως
621 5357 998 5429 ἀμαρτωλοῦ.
1051 5356 1156 5410 Τὸν
1188 5354 1364 5409 Σαοὺλ
1409 5354 1669 5427 ὀνομάζει
1698 5353 1889 5424 ἐχθρὸν

2005 5356 2317 5425 peccatoris.
2379 5351 2668 5410 Inimicum
2730 5351 2954 5409 Saulcm
2997 5345 3257 5418 appellat,
3309 5349 3572 5409 tanquam

1055 5537 1074 5564 "
1110 5535 1246 5590 Gen.
1284 5552 1430 5605 xxtv,
1465 5543 1552 5597 οὗ,

1677 5629 1873 5692 νοτία)
1919 5629 2241 5694 lectiones.

398 5539 418 5569 '
459 5537 605 5593 Psal.
664 5550 848 5602 cxvm,
887 5535 974 5589 47.

403 5731 516 5800 (89)
545 5729 628 5785 Al.
674 5729 946 5801 Ἀϐραάμ.
