4114 6208
550 295 614 359 57
623 296 657 358 5

1751 292 2132 353 EUTHYMII
2166 293 2490 354 ZIGABEN
2497 296 2523 354 Ι

3693 282 3791 349 576

550 406 967 472 insidiatorem,
1013 408 1139 463 item
1202 416 1258 464 et
1308 418 1695 479 peccatorem;
1743 423 1808 464 eo
1854 408 2002 478 quod
2030 408 2117 464 la:-

2239 408 2347 475 ιέν,
2382 412 2460 474 ὡς
2502 411 2818 466 ἐπίϐουλον
2844 412 3169 485 ἁμαρτωλὸν
3200 412 3278 476 δέ,
3304 411 3377 475 ὡς
3409 406 3791 481 ἁμαρτάνοντα

551 497 730 552 dende
786 499 1132 553 innocentem
1169 499 1535 571 delinqueret.
1567 499 1744 553 Tanto
1779 508 1957 554 autem
1994 514 2119 569 gra-

552 592 672 644 vius
711 590 872 644 etiam
910 592 1191 661 peccabat,
1226 601 1431 663 quanto
1458 606 1564 646 neu
1599 599 1810 645 tantum
1852 590 2118 645 innocens

551 691 671 738 erat
699 683 895 740 beatus
920 686 1112 752 David,
1146 688 1241 742 sed
1278 688 1345 742 de
1387 687 1551 742 Saulc
1589 686 1756 741 etiam
1782 684 1922 741 bene
1957 686 2121 740 meri-

2223 503 2302 565 εἰς
2334 502 2425 556 τὸν
2462 503 2573 575 (90)
2607 504 2837 559 δίκαιον.
2868 507 2971 559 Τὸν
3012 506 3121 585 γὰρ
3155 505 3334 569 ᾀθῶον
3360 501 3683 558 κατεδίωκε,
3704 498 3792 549 καλ

2225 593 2434 647 ἀνελεῖν
2467 595 2652 666 ἐζήτει
2686 597 2777 651 τὸν
2804 598 3122 667 εὐεργέτην.
3158 598 3269 651 Καὶ
3294 594 3475 665 φωνὴν
3537 592 3633 663 μὲν
3651 590 3796 655 λέγει

2227 688 2324 752 τὰς
2356 689 2570 760 θλίψεις
2592 689 2758 744 αὑτοῦ
2786 708 2799 722 ο
2830 690 2992 762 ὓϐριν
3022 691 3098 756 δὲ,
3123 690 3214 744 τὸν
3240 689 3504 758 διωγμόν.

550 784 658 831 tus.
683 778 1091 834 Benefacterem
1109 780 1363 834 enimille
1395 795 1555 835 suum
1582 787 1744 849 atque
1768 779 2116 834 innocentem
2150 782 2432 851 quaerebat
2476 784 2794 841 interimere
2835 804 2847 839 :
2886 801 2984 855 per
3047 799 3240 840 vocem
3308 784 3481 855 igitur
3580 773 3797 832 inimici

555 866 738 923 Saulis
772 871 1138 926 contumelias
1171 870 1431 941 intellige,
1460 878 1514 925 et
1548 885 1643 940 per
1674 869 2109 935 tribulationem,
2151 875 2592 941 persecutionem
2628 876 2829 945 ipsam.

627 959 790 1016 VERS.
827 962 881 1014 4.
924 962 1190 1027 Quoniam
1217 961 1629 1025 declinaverunt
1668 963 1721 1015 in
1751 978 1830 1014 me
1865 961 2124 1027 iniquita-

557 1062 681 1107 tem.
716 1054 855 1119 Quia
900 1054 1081 1109 Saulis
1131 1054 1295 1107 amici
1347 1059 1636 1107 moverunt
1669 1052 2015 1121 iniquitatem
2068 1053 2123 1106 in

558 1160 665 1210 me,
701 1146 805 1199 hoc
835 1154 939 1213 est,
990 1146 1251 1214 quoniam
1286 1145 1499 1200 crimen
1541 1143 1670 1198 mihi
1720 1144 2122 1213 imposuerunt,

557 1238 806 1292 dicentes
851 1252 938 1292 me
1027 1237 1257 1291 insidias
1315 1236 1545 1291 tendere
1576 1236 1840 1289 adversus
1876 1233 2119 1289 Saulem.

562 1330 817 1393 Quadam
859 1344 987 1383 vero
1032 1328 1386 1398 exemplaria,
1437 1328 1766 1395 iniquitates,
1812 1326 2017 1381 habent
2070 1327 2124 1379 in

557 1426 707 1472 recte
739 1434 908 1485 casu;
946 1427 998 1473 et
1030 1429 1162 1473 tunc
1194 1435 1428 1489 expone,
1464 1419 1609 1487 quod
1660 1419 1996 1488 iniquitates,
2023 1418 2127 1473 hoc

556 1519 663 1572 est,
698 1510 869 1578 iniqui
907 1511 1179 1575 homines,
1218 1510 1349 1563 moti
1384 1519 1515 1565 sunt
1562 1519 1755 1564 contra
1789 1524 1897 1563 me.
1940 1507 2122 1577 Smpe-

561 1617 794 1656 numero
828 1602 973 1655 enim
1026 1601 1356 1666 iniustitiam
1395 1600 1635 1656 dicimus
1661 1616 1761 1670 pro
1784 1600 1994 1669 injuste
2026 1600 2126 1655 be-

2301 964 2431 1017 ’Ὅτι
2459 966 2781 1031 ἐξέκλιναν
2803 970 2896 1023 ἐπ’
2927 970 3032 1040 ἐμὲ
3081 971 3357 1038 ἀνομίαν.
3411 967 3582 1029 Διότι,
3615 967 3797 1035 φησιν

2227 1056 2275 1108 oi
2305 1056 2432 1125 περὶ
2457 1057 2548 1110 τὸν
2578 1058 2752 1113 Σαοὺλ
2784 1061 3044 1132 ἐκίνησαν
3090 1063 3177 1115 ἐπ’
3212 1062 3313 1129 ἐμὲ
3359 1059 3611 1127 ἀνομίαν,
3644 1075 3801 1109 τουτ-

2227 1143 2394 1211 έστιν,
2429 1146 2710 1216 ἐπήγαγόν
2759 1167 2851 1218 μοι
2881 1148 3167 1220 ἔγκλημα,
3219 1149 3631 1217 προσάπτοντες
3674 1144 3802 1213 ἐμοὶ

2231 1236 2432 1306 μᾶλλον
2462 1238 2756 1310 ἐπιϐουλὴν
2814 1242 2954 1295 κατὰ
3012 1242 3105 1295 τοῦ
3156 1240 3351 1295 Σαούλ.
3385 1239 3521 1291 de:
3576 1238 3632 1291 δὲ
3692 1237 3802 1288 τῶν

2228 1326 2607 1396 ἀντιγράφων,
2679 1331 2921 1399 ἀνομίαι
2954 1332 3280 1400 γράφουσιν,
3313 1330 3399 1398 ἐφ’
3435 1322 3508 1382 ὧν
3546 1328 3797 1396 νοοῦμεν,

2231 1419 2311 1470 ὅτι
2343 1420 2679 1489 ἐκινήθησαν
2720 1422 2805 1475 ἐπ’
2835 1422 2936 1493 ἐμὲ
2963 1423 3192 1493 ἄνομοι·
3239 1422 3383 1475 οὕτω
3431 1423 3539 1491 γάρ
3588 1422 3801 1474 ἀδικίαν

2235 1508 2498 1575 πολλάκις
2549 1512 2641 1567 τὸν
2689 1513 2876 1569 ἄδικον
2923 1515 3177 1585 λέγομεν,
3242 1513 3600 1584 σφοδρότερον
3636 1511 3799 1564 αύτοῦ

2234 1603 2660 1675 καθαπτόμενοι.

563 1692 731 1745 minc.
762 1690 898 1745 Nam
962 1707 1088 1747 cum
1142 1692 1380 1763 aliquem
1434 1692 1813 1749 vehementius
1870 1692 2125 1749 volumus
2165 1707 2415 1765 carpere,
2445 1711 2557 1752 non
2605 1696 2934 1755 sceleratum
3008 1712 3157 1760 eum,
3241 1694 3336 1752 sed
3389 1693 3573 1751 scelus
3622 1692 3800 1763 ipsum

560 1784 919 1853 appellamus.

630 1875 699 1928 Et
724 1878 777 1929 in
809 1877 892 1929 ira
938 1877 1157 1930 oderant
1185 1893 1287 1932 me.
1322 1878 1391 1932 Et
1418 1877 1547 1931 dum
1583 1878 1980 1940 irascerentur,
2013 1891 2125 1930 me-

2300 1876 2406 1931 Καὶ
2432 1878 2504 1931 ἐν
2528 1877 2678 1948 ὀργῇ
2708 1877 3037 1931 ἐνεκότουν
3070 1894 3192 1944 μοι.
3242 1876 3352 1927 Και
3392 1891 3451 1927 εν
3482 1891 3558 1943 τῳ
3581 1872 3801 1943 ὀργίζε-

564 1970 788 2024 ιυοιιῑωη
821 1970 1351 2025 odiicenservabant
1385 1970 1554 2041 [quod
1580 1987 1643 2025 ex
1673 1969 1915 2024 dictione
1941 1970 2129 2025 Grzcca

562 2061 841 2113 ἐνεκότουν
882 2059 1287 2129 signiﬁcantius
1331 2057 1728 2128 exprimitur],
1767 2072 1888 2126 qua:
1939 2071 2002 2110 ex
2045 2054 2133 2109 sui

562 2152 893 2221 etymologia
940 2153 1369 2207 constantiorem
1405 2166 1468 2205 ac
1497 2131 1901 2205 diuturniorem
1933 2164 2131 2218 quant-

563 2245 687 2299 dam
721 2245 816 2299 irae
845 2252 1012 2316 atque
1038 2244 1148 2299 odii
1180 2244 1364 2299 sedem
1408 2243 1674 2297 denotare
1700 2242 1935 2296 videtur.

632 2336 802 2389 Vens.
834 2335 887 2387 5.
924 2334 1031 2389 Cor
1063 2350 1233 2386 meum
1258 2332 1530 2385 turbatum
1556 2342 1636 2386 est
1664 2332 1719 2384 in
1747 2347 1850 2385 me.
1881 2330 1986 2409 Per
2037 2343 2134 2384 cor

565 2426 803 2479 animam
842 2426 1116 2494 intelligit,
1160 2439 1324 2493 quam
1358 2425 1634 2477 turbatam
1665 2439 1789 2477 esse
1824 2423 1981 2485 dicit,
2022 2423 2132 2476 vcl-

566 2514 646 2569 uti
678 2515 731 2567 in
763 2513 1111 2567 inimicorum
1142 2512 1363 2566 insidiis
1385 2513 1608 2588 assidue
1642 2520 1940 2566 versatam.

636 2604 704 2658 Et
737 2603 965 2672 farmido
996 2606 1184 2656 mortis
1215 2603 1399 2657 cecidit
1435 2618 1592 2669 super
1621 2619 1720 2656 me.
1756 2603 1958 2656 Verum
1995 2616 2134 2672 quo-

566 2695 731 2749 modo
788 2694 914 2748 alibi
965 2694 1099 2749 dicit
1139 2711 1152 2747 :
1204 2692 1329 2746 Non
1375 2692 1566 2747 timebo
1608 2691 1779 2745 millia
1818 2694 2131 2761 populorum

568 2786 1087 2841 circumvallantium
1116 2801 1199 2839 me
1231 2786 1274 2851 ’,
1324 2792 1377 2839 et
1418 2784 1521 2837 alia
1560 2784 1877 2852 huiusmodi
1925 2784 2092 2837 multa
2119 2822 2133 2845 ,

568 2888 623 2935 et
655 2893 801 2933 nunc
830 2888 1016 2947 aperte
1041 2878 1292 2931 timorem
1320 2875 1523 2930 fatetur
1558 2877 1579 2930 ?
1608 2875 1744 2942 Quia
1773 2875 1977 2929 scilicet
2006 2876 2134 2929 dum

568 2971 794 3024 sentiret
819 2968 1063 3023 divinum
1093 2967 1375 3033 auxilium,
1398 2982 1610 3021 summa
1636 2974 1752 3021 erat
1781 2967 1973 3035 plenus
2001 2967 2141 3021 tidu-

568 3062 690 3125 cia;
739 3060 957 3130 quando
987 3066 1166 3113 autcm
1214 3054 1852 3128 divinadispensatione
1904 3059 2142 3113 derelin-

569 3152 857 3220 quebatur,
904 3160 963 3204 ut
1009 3150 1154 3204 illius
1204 3149 1465 3219 patientia
1516 3160 1678 3218 atque
1725 3150 2027 3203 constantia
2084 3152 2135 3204 in

2238 1969 2363 2021 σθαι
2430 1970 2549 2022 κατ’
2610 1968 2771 2040 ἐμοῦ,
2827 1967 3235 2039 ἐμνησικάκουν
3295 1981 3426 2035 μοι·
3474 1965 3632 2028 κότος
3669 1965 3801 2033 γὰρ,

2237 2061 2386 2130 παρὰ
2413 2060 2473 2113 τὸ
2500 2060 2715 2114 κεῖσθαι
2748 2062 2840 2114 καὶ
2879 2059 3166 2131 βραδύνειν
3203 2058 3306 2130 τὴν
3328 2057 3522 2127 ὀργήν.

2319 2327 2390 2381 ἸΙ
2414 2325 2627 2394 καρδία
2659 2344 2777 2397 μου
2803 2325 3102 2395 ἐταράχθη
3150 2326 3219 2380 ἐν
3250 2326 3399 2394 ἐμοί.
3437 2324 3681 2394 Καρδίαν
3717 2324 3806 2374 λέ-

2235 2436 2323 2487 γει
2354 2420 2451 2488 τὴν
2475 2419 2653 2490 ψυχὴν
2675 2461 2690 2486 ,
2725 2421 2792 2489 ἣν
2822 2420 3153 2489 τεταράχθαι
3192 2419 3346 2487 φησὶ,
3391 2416 3804 2488 στροφουμένην

2238 2512 2295 2563 ἐν
2328 2512 2447 2573 ταῖς
2473 2510 2787 2571 ἐπιϐουλαῖς
2809 2510 2916 2563 τῶν
2950 2509 3181 2579 ἐχθρῶν.

2309 2603 2417 2657 Καὶ
2458 2603 2654 2656 δειλία
2686 2601 2946 2656 θανάτου
2994 2601 3295 2654 ἐπέπεσεν
3322 2600 3415 2653 ἐπ’
3440 2598 3560 2668 ἐμέ.
3597 2598 3720 2659 Πῶς
3751 2599 3807 2650 ἐν

2239 2694 2417 2759 ἄλλοις
2446 2693 2544 2764 μὲν
2568 2693 2750 2762 λέγει’
2792 2694 2874 2746 Οὐ
2912 2691 3329 2761 φοϐηθήσομαι
3364 2689 3482 2743 ἀπὸ
3503 2687 3811 2757 μυριάδων

2238 2787 2425 2851 λαῶν,
2442 2786 2560 2840 τῶν
2575 2786 2795 2852 κύκλῳ,
2814 2786 3354 2852 συνεπιτιθεμένων
3375 2800 3497 2851 μοι,
3523 2782 3616 2833 καὶ
3637 2780 3810 2832 πολλὰ

2239 2878 2497 2933 τοιαῦτα·
2528 2877 2623 2930 νῦν
2676 2876 2733 2930 δὲ
2773 2875 3056 2946 προδήλως
3100 2875 3354 2945 ὁμολογεῖ
3394 2873 3629 2939 δειλίαν;
3658 2872 3805 2933 Ὅτι,

2240 2973 2327 3024 ὅτε
2386 2971 2484 3039 μέν
2535 2967 2802 3039 ᾐσθάνετο
2829 2968 2929 3038 τῆς
2965 2966 3118 3029 θείας
3159 2967 3498 3037 ἐπικουρίας,
3549 2966 3808 3036 eaeaea-

2242 3064 2329 3115 ὅτε
2358 3062 2413 3114 δὲ
2445 3062 2565 3115 κατ’
2600 3061 2919 3131 οἰκονομίαν
2969 3060 3496 3129 ἐγκατελιμπάνετο,
3554 3058 3691 3127 πρὸς
3748 3054 3812 3107 τὸ

2245 3150 2484 3220 φανῆναι
2511 3150 2607 3221 τὴν
2636 3150 2916 3219 ὑπομονὴν
2944 3150 3133 3214 αὑτοῦ,
3168 3149 3263 3203 καὶ
3294 3148 3390 3218 τὴν
3412 3147 3679 3216 ἐπιμονὴν
3712 3146 3813 3212 τῆς

571 3242 975 3310 exspectatione
993 3239 1187 3292 divinae
1204 3240 1591 3294 consolationis
1613 3240 1813 3294 clarior
1835 3248 2133 3308 appareret,

2249 3245 2327 3302 είς
2350 3244 2481 3295 Θεὸν
2515 3243 2920 3314 παρακλήσεως
2948 3258 2964 3273 ο
3010 3241 3131 3294 τότε
3181 3240 3275 3295 xal.
3307 3238 3539 3309 ἠγωνία,
3586 3238 3680 3289 καὶ
3718 3235 3815 3288 τὸν

572 3341 682 3385 tum
732 3331 1089 3385 aﬂlictabatur
1133 3331 1433 3399 timoreque
1487 3330 1727 3383 interiori
1765 3330 2140 3397 torquebatur.

642 3422 802 3477 Vens.
841 3423 893 3476 6.
934 3422 1116 3475 Timor
1181 3431 1228 3475 et
1285 3428 1482 3474 tremor
1527 3430 1778 3475 venerunt
1823 3437 1980 3487 super
2038 3438 2138 3475 me.

588 3517 729 3571 Idem
765 3531 959 3570 rursus
997 3515 1218 3582 repetit,
1267 3514 1623 3568 intensierem
1670 3512 1922 3566 iudicans
1954 3511 2142 3564 formi-

574 3607 776 3661 dinem.
828 3604 1145 3659 Formidiue
1211 3603 1412 3658 etenim
1472 3609 1628 3657 aucta
1685 3603 1848 3656 timor
1897 3603 2138 3667 obvenit,

571 3698 765 3752 timere
792 3712 919 3752 vero
947 3697 1179 3750 adaucte
1245 3702 1452 3749 tremor
1480 3694 1810 3763 insequitur.

641 3789 711 3843 Et
759 3796 1100 3843 contexerant
1140 3803 1219 3840 me
1259 3787 1504 3840 tenebrat
1561 3785 1827 3840 Tenebrae
1882 3786 2140 3838 nimirqu

574 3886 853 3942 maestitiae
919 3899 984 3939 ac
1029 3881 1258 3948 doloris,
1294 3897 1416 3949 quae
1458 3897 1564 3936 non
1626 3880 1979 3934 mediocriter
2041 3880 2144 3932 bu-

575 3992 766 4030 manes
794 3976 1007 4031 animos
1037 3975 1425 4039 obtenebrant,
1463 3982 1628 4041 atque
1661 3971 2032 4035 confundunt,

642 4069 807 4123 Vens.
844 4067 896 4122 8.
924 4066 1165 4121 Etdixi:
1196 4066 1328 4131 Quis
1361 4065 1507 4118 dabit
1534 4064 1661 4117 mihi
1696 4078 1913 4131 pennas,
1960 4069 2015 4113 ut
2056 4075 2144 4113 co-

576 4161 788 4227 lumbaz,
842 4171 889 4215 et
909 4159 1119 4223 volabo,
1174 4167 1225 4212 et
1274 4156 1649 4227 requiescam?
1696 4153 1977 4207 Columba:
2035 4151 2140 4205 sibi

576 4272 785 4324 pennas
812 4271 919 4311 non
949 4263 1158 4309 temere
1190 4253 1344 4321 petiit
1368 4253 1563 4306 beatus
1608 4247 1797 4301 David.
1850 4244 2139 4300 Celerrimi

574 4346 720 4398 enim
749 4354 835 4399 est
880 4346 1099 4399 volatus
1152 4342 1425 4395 columba.
1485 4338 1829 4393 Mansuetum
1884 4344 2142 4403 praetcrea

576 4442 659 4488 cst
711 4434 1211 4501 domesticumquc,
1265 4446 1329 4483 ac
1383 4429 1617 4496 simplex
1671 4425 1875 4479 animal
1912 4447 1925 4481 :
1958 4440 2144 4494 quem-

575 4525 864 4580 admodum
895 4534 948 4578 et
981 4525 1098 4592 ipse
1121 4531 1236 4577 erat
1269 4521 1460 4574 David.
1494 4519 1559 4573 Et
1594 4520 1813 4582 volabo,
1855 4518 2056 4587 inquit.
2086 4517 2137 4570 in

547 4604 695 4671 'loca
727 4624 866 4679 tuta,
897 4624 951 4669 et
984 4616 1354 4683 requiescam,
1383 4613 1485 4667 hoc
1519 4618 1626 4673 est,
1663 4611 1847 4679 quiete
1879 4611 2033 4662 fruar
2069 4623 2138 4663 :a

574 4716 727 4760 tzmtu
768 4708 971 4762 scilicet
996 4707 1195 4760 timere
1258 4721 1320 4759 ac
1355 4705 1541 4759 labore
1575 4703 1864 4757 liberatus.

651 4794 811 4849 Vens.
839 4799 889 4850 7.
937 4796 1071 4850 Ecce
1121 4797 1357 4868 elongavi
1388 4795 1604 4865 fugans,
1635 4802 1683 4847 et
1722 4791 1900 4845 mansi
1931 4792 1983 4844 in
2012 4790 2145 4844 soli-

576 4887 773 4943 tudine.
807 4886 1028 4957 Fugans
1054 4887 1189 4941 dixit
1228 4901 1327 4956 pro
1376 4886 1612 4955 fugiens,
1650 4899 1745 4939 seu
1791 4882 1973 4950 fugam
2005 4880 2143 4933 arri-

580 4982 758 5051 piens.

649 5073 807 5127 Vens.
836 5076 890 5131 9.
923 5073 1304 5143 Exspectabam
1336 5071 1520 5133 Deum,
1553 5072 1644 5141 qui
1670 5052 1876 5124 salvum
1915 5083 1993 5120 me
2023 5064 2145 5133 fecit

577 5184 609 5219 α
639 5166 1077 5234 pusillanimitute
1138 5176 1292 5235 atque
1324 5182 1354 5216 α
1398 5172 1721 5230 tempestate.
1786 5162 2146 5215 Cemmorans

577 5272 677 5325 ego
719 5258 773 5311 in
814 5259 1028 5311 deserto
1067 5256 1274 5309 nullum
1325 5254 1492 5307 alium
1526 5253 1791 5307 hactenus
1823 5250 1956 5303 mihi
1989 5247 2146 5316 adju-

581 5358 749 5404 tircm
779 5351 1117 5419 exspectavi,
1155 5363 1316 5420 quam
1356 5356 1406 5401 te
1439 5346 1612 5401 solum
1652 5344 1839 5400 Deum.
1876 5341 1976 5396 Per
2012 5348 2153 5393 tem-

652 5535 671 5563 '
704 5532 851 5586 Psal.
914 5547 963 5594 v,
998 5532 1050 5585 '7.

2246 3334 2409 3402 φόϐον
2444 3335 2707 3403 ἔκρυπτε.

2315 3427 2504 3489 Φόϐος
2534 3426 2630 3478 καὶ
2654 3425 2870 3494 τρόμος
2897 3424 2991 3478 ἐπ’
3024 3421 3129 3493 ἐμὲ
3152 3422 3420 3491 διῆλθεν.
3464 3420 3537 3473 Τὸ
3560 3418 3691 3489 αὐτὸ
3715 3418 3820 3471 πάρ

2245 3516 2325 3569 λιν
2379 3518 2565 3585 φησὶν,
2626 3518 2911 3586 ἐμφαίνων
2962 3515 3060 3584 τὴν
3111 3514 3363 3566 ἐπίτασιν
3422 3511 3519 3579 τῆς
3570 3508 3816 3570 δειλίαςο

2244 3608 2413 3661 δειλία
2448 3610 2545 3677 μὲν
2575 3608 2684 3678 γὰρ
2729 3608 3028 3679 αὐξηθεῖσα
3095 3607 3307 3674 γίνεται
3344 3603 3505 3673 φόϐος
3527 3618 3542 3634 σ
3575 3596 3727 3663 οὗτος
3757 3598 3819 3650 δὲ

2244 3701 2406 3754 πάλιν
2434 3700 2713 3762 ἐπιταθεὶς
2773 3700 2983 3768 γίνεται
3011 3698 3232 3767 τρόμος.

2314 3793 2420 3847 Καὶ
2440 3791 2792 3861 ἐκωυψέμε
2818 3793 3056 3856 σκότος.
3096 3791 3169 3843 Τὸ
3191 3789 3289 3858 τῆς
3332 3787 3566 3855 ἀθυμίας
3600 3784 3695 3837 καὶ
3722 3780 3824 3835 λύ-

2247 3902 2385 3952 πης·
2423 3881 2580 3938 αὗται
2638 3884 2747 3951 γὰρ
2794 3882 3160 3952 διαφερόντως
3215 3876 3646 3943 σκοτίζουσικαὶ
3676 3890 3821 3941 συγ-

2245 3980 2428 4048 χέουσι
2458 3978 2555 4047 τὴν
2583 3974 2782 4047 ψυχήν.

2318 4070 2423 4124 Καὶ
2451 4067 2620 4123 εἶπαο
2677 4070 2772 4131 Τίς
2809 4067 2983 4119 δώσει
3003 4083 3105 4135 μοι
3134 4063 3451 4132 πτέρυγας,
3486 4059 3627 4113 ὡσεί
3651 4073 3818 4123 περιο

2246 4162 2486 4231 στερᾶς,
2524 4161 2620 4215 καὶ
2657 4152 3678 4227 ueraaﬂziaoyalmalnumeratae);
3714 4150 3823 4201 Πε-

2249 4256 2510 4325 ριστερᾶς
2544 4252 2777 4322 ἐζήτησε
2810 4252 3116 4321 πτέρυγας,
3154 4251 3234 4302 δτι
3257 4249 3420 4312 ὀξέως
3449 4246 3698 4306 πέταται,
3722 4242 3821 4295 καὶ

2245 4345 2325 4397 ὅτι
2374 4346 2581 4415 ἥμερον
2631 4343 2786 4399 τοῦτο
2819 4343 2878 4394 τὸ
2924 4342 3062 4405 ζῶον
3120 4341 3214 4393 καὶ
3277 4338 3571 4409 ἀπόνηρον,
3622 4334 3698 4396 ὡς
3727 4334 3819 4385 καὶ

2246 4436 2429 4498 αὑτός.
2460 4435 2567 4487 Καὶ
2607 4434 3046 4504 πετασθήσομαι,
3082 4431 3265 4501 φησὶν,
3296 4432 3376 4492 είς
3414 4429 3610 4487 τόπους
3644 4426 3822 4491 ἀσφα-

2244 4530 2377 4591 λεῖς,
2428 4530 2523 4583 καὶ
2580 4526 2920 4581 καταπαύσω
2947 4524 3055 4577 ἀπὸ
3113 4524 3220 4577 τῶν
3250 4521 3487 4591 συνεχῶν
3518 4516 3701 4587 φόϐων
3725 4516 3821 4568 καὶ

2253 4618 2456 4671 πόνων.

2334 4796 2488 4851 Ἰδοὺ
2534 4793 2837 4863 ἐμάκρυνα
2881 4790 3253 4859 φυγαδεύων,
3284 4787 3381 4841 καὶ
3428 4778 3822 4851 ηὺλίσθηνὲν

2252 4886 2324 4957 τῇ
2356 4887 2573 4955 ἐρήμῳ.
2604 4884 2946 4953 Φυγαδεύων,
2980 4883 3101 4937 ἀντὶ
3127 4880 3242 4947 τοῦ,
3263 4880 3501 4949 φεύγων.

2323 5062 2783 5133 Προσεδεχόμην
2838 5058 2943 5112 τὸν
2994 5056 3143 5111 Θεὸν
3192 5054 3297 5108 τὸν
3331 5050 3594 5113 σώζοντά
3624 5065 3696 5117 με
3724 5044 3822 5101 ἀπ’

2249 5154 2644 5224 ὀλιγοψυχίας
2680 5153 2775 5205 καὶ
2800 5150 2918 5204 ἀπὸ
2963 5147 3330 5217 καταιγίδος.
3379 5145 3470 5196 Ἐν
3523 5145 3590 5211 τῇ
3628 5140 3822 5209 ἐρήμῳ

2252 5248 2625 5315 αὐλιζόμενος,
2649 5245 2843 5297 οὐδένα
2863 5243 3051 5313 ἐτερον
3095 5240 3223 5311 ἄχρι
3273 5237 3368 5291 καὶ
3430 5234 3527 5288 νῦν
3583 5228 3822 5299 ἐξεδεχόο

2257 5358 2365 5412 μην
2421 5338 2636 5409 βοηθὸν,
2680 5337 2713 5407 ἢ
2780 5336 2936 5407 μόνον
2966 5334 3024 5388 et
3055 5334 3149 5387 τὸν
3202 5332 3357 5386 Θεόν.
3412 5326 3718 5397 Καταιγίδα
3764 5320 3818 5373 δὲ

1936 5602 2135 5668 Variae
2169 5601 2499 5666 lectiones.

654 5720 764 5788 (90)
808 5721 886 5773 Al.
922 5720 1001 5774 τό.
