4020 6218
293 252 399 313 577

1456 252 1844 315 COMMENT.
1888 252 1967 311 ΙΝ
2008 253 2375 316 PSALMOS.

3442 262 3551 325 578

264 367 446 433 ,λέγει
511 365 612 437 τὴν
680 359 1020 438 σφοδρότητα
1089 366 1183 421 καὶ
1254 365 1424 437 ζάλην
1489 368 1599 422 τῶν
1681 384 1874 438 πειρα-

1983 375 2251 435 pestatem
2277 381 2408 422 vero
2445 366 2818 425 vehementem
2860 372 3227 428 tentationum
3254 374 3549 443 procellam

252 484 260 490 ‘
296 476 481 514 σμων.

296 478 324 511 5
379 478 481 514 ων.

261 528 265 531 Δ
331 478 848 614 μΚιιτοπόνινισον,
872 550 1070 618 Κύριε,
1095 552 1190 605 καὶ
1218 551 1534 606 καταδίελε
1560 550 1669 616 τὰς
1684 552 1877 622 γλώσ-

297 660 417 710 σας
446 644 668 697 αὐτῶν.
703 641 778 695 Τὸ
810 640 937 711 ἑξῆς
971 641 1113 695 κατά
1135 642 1243 694 τῶν
1282 641 1576 708 Ἰουδαίων,
1604 643 1701 696 καὶ
1752 643 1879 714 περὶ

298 735 563 806 Χριστοῦ.
588 733 1024 799 Καταπόντισον,
1053 733 1242 803 φησὶν,
1277 727 1323 786 ὦ
1348 733 1550 804 Κύριε,
1579 736 1678 798 τὰς
1703 734 1879 802 γλώσ-

300 846 399 891 σας
427 825 612 881 αὐτῶν
640 867 660 893 ,
691 824 792 888 τάς
823 823 1260 895 βλασφημούσας
1292 826 1385 879 τὸν
1424 826 1515 879 σὸν
1542 826 1690 891 Υίδν,
1718 844 1876 880 τουτ-

298 919 439 983 έστι,
471 917 715 987 βύθισον,
749 916 1113 981 ὲναποπνίξας
1143 916 1221 987 τῷ
1251 917 1404 988 βάθει
1428 918 1521 971 τοῦ
1544 918 1873 987 πνεύματος·

297 1011 393 1063 xxi.
426 1006 713 1062 καταδίελε
736 1007 927 1070 αὑτὰς,
955 1008 1189 1079 ποιήσας
1205 1007 1569 1077 ἀσυμφώνους
1593 1008 1874 1079 ἀλλήλαις,

295 1101 371 1164 ὡς
407 1101 609 1170 μηκέτι
639 1097 899 1152 δύνασθαι
928 1098 1332 1153 συσκέπτεσθαι
1378 1101 1520 1156 κατά
1558 1100 1652 1155 τοῦ
1690 1102 1877 1173 Σωτῆ-

301 1211 412 1263 ρος.
456 1195 520 1246 Ἀ
560 1190 624 1263 δὴ
675 1191 774 1245 καὶ⁵
816 1192 1148 1248 πεπόνθασιν
1197 1192 1445 1265 ὕστερον,
1480 1194 1877 1267 διαφθαρέντες

297 1288 406 1343 ὑπὸ
446 1288 758 1359 Ῥωμαίων.

367 1469 499 1522 Ὀτι
522 1464 690 1523 εἶδον
725 1468 985 1538 ἀνομίαν
1046 1471 1143 1525 καὶ
1195 1471 1546 1542 ἀντιλογίαν
1565 1474 1638 1528 ἐν
1659 1473 1733 1543 τῇ
1768 1477 1876 1528 πό-

294 1566 408 1617 λει.
441 1560 611 1628 Διότι,
641 1561 830 1633 φησὶν,
866 1558 1007 1618 εἶδον
1036 1566 1151 1627 τοῖς
1177 1569 1541 1635 προφητικοῖς
1569 1567 1877 1638 ὀφθαλμοῖς

296 1655 355 1707 ἐν
376 1657 442 1724 τῇ
481 1653 638 1707 πόλει
681 1654 1061 1726 Ἰερουσαλὴμ,
1095 1657 1326 1727 ἀνομίαν
1351 1659 1474 1728 μὲν,
1504 1660 1588 1712 ὅτι
1633 1660 1875 1729 παρανό-

300 1762 418 1814 μως
484 1746 713 1816 ἐζήτουν
795 1745 1006 1800 ἀνελεῖν
1060 1747 1152 1802 τὸν
1213 1749 1457 1821 ἀρχηγὸν
1503 1754 1605 1821 τῆς
1663 1751 1809 1822 ζωῆς
1854 1768 1869 1784 ο

297 1838 654 1908 ἀντιλογίαν
708 1837 788 1903 δὲ,
821 1838 904 1892 ὅτι
938 1839 1228 1912 ἀντέλεγον
1258 1843 1430 1914 αὐτῷ,
1471 1843 1778 1899 διδάσκοντι
1807 1844 1876 1898 τὰ

300 1929 569 1998 σωτήρια.

387 2019 633 2089 Ἡμέρας
685 2022 786 2076 καί
844 2023 1063 2091 νυκτὸς
1096 2025 1400 2081 κυκλώσει
1425 2028 1640 2093 αὐτὴν,
1675 2027 1774 2082 ἐπὶ
1804 2027 1877 2083 τὰ

213 2134 217 2138 ν
299 2113 473 2183 τείχη
526 2113 732 2184 αὐτῆς.
768 2116 1016 2187 Ἡμέρας
1070 2117 1164 2171 καὶ
1217 2119 1410 2184 νυκτὸς
1442 2120 1654 2187 συνέξει
1679 2121 1874 2191 αὐτὴν,

296 2206 420 2258 ἀντὶ
474 2204 592 2273 τοῦ,
640 2208 735 2260 ἐπὶ
783 2208 940 2275 πολὺ,
978 2210 1012 2281 ἡ
1059 2210 1281 2280 ἀνομία,
1330 2212 1499 2283 ἠτουν
1534 2215 1871 2284 παρανομία,

301 2296 464 2368 μέχρι
521 2300 618 2351 καὶ¹
666 2298 778 2353 τῶν
828 2300 1029 2371 τειχῶν
1064 2301 1257 2372 αὐτῆς,
1314 2305 1597 2359 τουτέστιν
1620 2306 1749 2376 ὃλην
1779 2305 1876 2377 τὴν

298 2389 475 2443 πόλιν.
506 2390 755 2445 Τοιοῦτοι
779 2391 889 2463 γὰρ
915 2394 962 2447 oi
1007 2394 1258 2449 Ἰουδαῖοι
1299 2398 1394 2451 καὶ
1420 2398 1563 2466 μετὰ
1588 2399 1687 2468 τὴν
1720 2399 1875 2452 ἀναί-

299 2498 451 2549 ρεσιν
479 2482 578 2537 τοῦ
601 2485 843 2554 Χριστοῦ
874 2488 1278 2558 μεμενήκασιν,
1325 2488 1486 2559 ἄχρις
1513 2488 1581 2543 ἂν
1608 2492 1875 2561 ἐπιστρα-

294 2574 609 2629 τευσάντων
661 2576 849 2641 αὐτοῖς
889 2577 1207 2648 ⁸Ῥωμαίων
1256 2580 1608 2654 πανωλεθρίᾳ
1656 2583 1878 2654 διεφθὰ-

295 2682 495 2736 ρησαν.
1118 2720 1122 2724 Α

366 2757 474 2811 Kal
528 2757 750 2829 ἀνομία
808 2760 909 2815 καὶ
952 2762 1139 2828 πόνος
1191 2764 1262 2817 ἐν
1311 2764 1481 2834 μέσῳ
1525 2765 1737 2835 αὐτῆς,
1774 2786 1874 2823 και

294 2846 521 2901 ἀδικία.
578 2848 749 2904 Πάλιν
794 2851 1242 2922 ὲπαναλαμὸάνει
1290 2853 1389 2924 τὴν
1434 2856 1697 2925 ἀνομίαν,
1747 2859 1874 2910 ἐπι-

297 2936 609 3008 μονώτερον
653 2940 930 3012 διασύρων
979 2943 1198 3007 αὐτοὺς,
1256 2945 1341 2999 ὅτι
1405 2948 1552 3001 κατά
1584 2948 1750 3018 νόμον
1774 2949 1874 3020 ζῇν

293 3026 614 3099 αὐχοῦντες,
639 3032 995 3103 παρηνόμουν
1024 3034 1131 3091 ἀεί.
1157 3034 1342 3091 Εἰπὼν
1371 3037 1449 3104 δὲ,
1478 3040 1561 3093 ὄτι
1594 3040 1867 3096 κυκλώσει
1899 3046 1944 3104 C

292 3118 470 3190 αὐτὴν
502 3119 632 3191 ἄχρι
657 3121 765 3173 τῶν
816 3122 1013 3194 τειχῶν
1048 3125 1080 3193 ἡ
1127 3129 1464 3198 παρανομία,
1516 3128 1759 3185 διδάσκει
1787 3133 1869 3186 ὅτι

293 3210 421 3264 οῦδὲ
450 3212 511 3264 τὸ
551 3213 716 3283 μέσον
741 3213 840 3283 τῆς
874 3214 1082 3279 πόλεως
1117 3217 1425 3285 ἀνθέξεται,
1457 3220 1573 3273 ἀλλ’
1632 3226 1691 3277 ἐν
1716 3224 1869 3293 μέσῳ

294 3304 455 3357 ἔσται
476 3321 490 3336 ·
516 3322 834 3376 παρανομια
896 3308 1017 3379 μὲν,
1054 3312 1113 3363 ὲν
1141 3313 1261 3374 ταῖς
1309 3312 1552 3381 κρίσεσι’
1591 3315 1759 3379 κόπος
1788 3317 1867 3385 δὲ,

296 3398 361 3448 ὲν
388 3398 507 3459 ταῖς
557 3396 703 3450 κατά
754 3397 866 3452 τῶν
887 3400 1146 3455 ἀναιτίων
1178 3405 1451 3474 μηχαναῖς
1483 3405 1577 3459 καὶ
1609 3411 1866 3473 σκευαῖςο

293 3487 485 3544 ἀδικία
505 3488 584 3555 δὲ,
615 3491 676 3544 ὲν
695 3492 817 3555 ταῖς
854 3492 1206 3558 πλεονεξίαις.

368 3753 479 3805 Kal
504 3753 616 3806 οὐκ
644 3752 927 3816 ἐξέλιπεν
953 3754 1023 3811 ἐκ
1055 3754 1174 3808 τῶν
1196 3757 1523 3812 -πλατειῶν
1545 3759 1740 3827 αὐτῆς
1771 3764 1869 3816 τό·

288 3858 405 3908 κος
424 3842 524 3896 καὶ
553 3842 755 3909 δόλος.
803 3844 893 3897 Ἐν
915 3845 1063 3917 πάσῃ
1096 3846 1247 3901 πόλει
1288 3850 1382 3901 καὶ
1430 3848 1687 3903 πλατεῖαι
1734 3854 1872 3907 εἰσιν

286 3934 428 3999 ὁδοὶ,
480 3935 576 3987 καὶ
621 3937 955 4009 στενωποίυν
1001 3940 1097 3992 καὶ
1156 3938 1414 3994 πλατεῖαι
1471 3939 1591 4010 μὲν,
1633 3943 1691 3995 ai
1733 3944 1872 4015 πρὸς

288 4023 538 4093 ἅμαξαν,
564 4023 630 4088 ἀς
653 4024 886 4095 λέγομεν
943 4026 1202 4099 ὲξαέρους
1230 4045 1246 4059 '
1275 4031 1539 4084 στενωποὶ
1564 4031 1644 4096 δὲ,
1675 4034 1730 4086 ai
1761 4034 1872 4088 τῶν

287 4114 566 4185 ἐμϐόλων.
600 4115 712 4180 Τὰς
743 4118 1005 4184 πλατείας
1035 4120 1127 4174 οὖν
1155 4121 1348 4177 ἔλασεν
1369 4123 1622 4191 ἐνταῦθα,
1647 4125 1783 4179 διότι
1812 4129 1871 4180 ὲν

285 4206 416 4266 ταῖς
453 4206 739 4271 πλατείαις
790 4203 929 4278 ἦσαν
968 4210 1026 4264 αἱ
1058 4212 1260 4283 ἀγοραὶ
1340 4215 1436 4267 καὶ
1495 4216 1607 4285 (9i)
1639 4216 1707 4269 τὰ
1725 4216 1868 4286 σύμ-

286 4294 465 4348 6ολα’
525 4297 687 4351 τόκον
728 4299 826 4367 μὲν
867 4295 1043 4365 εἶπεν,
1086 4301 1168 4354 ὅτι
1201 4302 1450 4368 ὲτόκιξον
1487 4304 1867 4371 λανθάνοντες,

1984 457 2259 527 intelligit.

2058 548 2222 602 Vsus.
2256 547 2344 603 10.
2374 548 2650 620 Demerge,
2675 549 2913 618 Domine,
2942 562 2990 605 et
3018 554 3189 607 divide
3219 555 3429 626 linguas
3458 575 3550 613 eo-

1982 652 2122 690 rum.
2148 635 2280 701 Quae
2308 648 2620 707 sequuntur
2658 639 2925 697 adversus
2966 642 3193 698 Judmos
3220 645 3366 699 dicta
3399 659 3548 714 sunt,

1974 734 2035 797 et
2058 726 2126 781 de
2158 725 2398 782 Christo.
2434 728 2720 800 Demerge,
2748 730 2951 800 inquit,
2978 747 3011 786 ο
3039 734 3294 801 Domine,
3330 736 3546 806 linguas

1980 833 2197 885 eorum,
2245 820 2341 891 qui
2375 821 2576 876 Filium
2632 831 2782 876 tuum
2840 824 3245 893 blasphemaut.
3286 827 3551 899 Demerge

1980 924 2160 971 autem
2197 934 2291 974 eas
2323 919 2560 990 linguas,
2590 920 2694 975 hoc
2728 930 2834 987 est,
2891 923 3048 977 mitte
3099 923 3155 978 in
3185 925 3548 995 profundum.

1980 1008 2065 1063 fac
2092 1010 2212 1065 illas
2242 1012 2295 1065 in
2331 1013 2606 1084 profundo
2633 1014 2841 1084 proprii
2890 1016 3132 1084 gutturis
3164 1016 3464 1085 sullbcari;
3495 1028 3549 1074 et

1979 1102 2161 1158 divide
2189 1120 2305 1171 eas,
2327 1105 2622 1165 faciensne
2650 1107 3018 1179 unalamplius
3043 1111 3097 1165 in
3140 1112 3388 1166 eamdem
3421 1127 3551 1167 sen-

1981 1194 2202 1248 tentiam
2239 1198 2598 1264 conveniant,
2636 1199 2774 1254 adeo
2817 1209 2878 1254 ut
2918 1201 3186 1258 adversus
3213 1203 3547 1259 Salvatorem

1979 1283 2046 1336 de
2096 1292 2295 1337 caetero
2324 1286 2645 1356 conspirare
2674 1302 2782 1342 non
2835 1289 3073 1346 valeant.
3108 1291 3261 1357 Quod
3292 1307 3426 1349 sane
3469 1294 3550 1350 eis

1980 1377 2204 1442 accidit,
2239 1386 2530 1446 postquam
2570 1394 2599 1432 a
2624 1378 2892 1439 Romanis
2928 1382 3089 1440 deleti
3114 1395 3265 1441 sunt.

2051 1462 2314 1526 Quoniam
2346 1467 2454 1519 vidi
2498 1467 2834 1538 iniquitatem
2905 1480 2956 1525 et
2994 1476 3464 1532 contradictionem
3493 1478 3552 1532 in

1981 1558 2206 1613 civitate.
2235 1556 2505 1624 Quoniam
2560 1563 2917 1632 propheticis.
2981 1566 3178 1637 inquit,
3238 1584 3339 1640 ego
3370 1571 3547 1627 oculis

1981 1646 2091 1701 vidi
2125 1648 2178 1701 in
2229 1648 2454 1705 civitate
2507 1649 2809 1709 Jerusalem
2845 1672 2861 1710 :
2897 1656 3243 1727 iniquitatem
3303 1661 3547 1730 quidem,

1976 1734 2105 1791 dum
2132 1736 2314 1806 inique
2336 1753 2421 1793 me
2446 1740 2571 1793 vitm
2590 1751 2870 1798 auctorem
2898 1746 3183 1801 studerent
3210 1747 3548 1815 interimere,

1979 1828 2465 1884 contradictionem
2503 1834 2795 1897 vero,dum
2826 1836 3188 1896 saluberrima
3215 1839 3433 1897 docenti
3456 1840 3553 1897 ad-

1976 1931 2351 1978 versarentur.

2047 2012 2211 2068 Vsus.
2228 2013 2313 2066 ll.
2333 2013 2427 2069 Die
2449 2032 2515 2069 ae
2544 2027 2691 2072 nocte
2703 2019 3053 2076 circumdabit
3072 2038 3190 2077 eam
3205 2041 3362 2094 super
3374 2041 3550 2080 muros

1977 2106 2109 2174 ejus.
2142 2104 2239 2161 Die
2263 2116 2520 2174 acnocte,
2559 2110 2757 2180 inquit,
2787 2112 3072 2183 iniquitas,
3103 2130 3266 2186 quam
3287 2116 3550 2180 diximus,

1977 2211 2095 2250 eam
2120 2198 2396 2252 civitatem
2435 2216 2611 2270 usque
2647 2201 2715 2256 ad
2747 2219 2934 2260 muros
2955 2207 3280 2264 continebit.
3312 2208 3552 2280 Iniquis-

1977 2287 2098 2341 simi
2125 2287 2309 2358 itaque
2351 2289 2577 2346 fuerunt
2607 2292 2780 2349 Judaei
2811 2296 2975 2351 etiam
3002 2307 3127 2367 post
3156 2299 3363 2357 Christi
3399 2315 3551 2356 mor-

1979 2384 2112 2444 tem,
2144 2378 2318 2434 donec
2350 2378 2605 2451 Romani,
2646 2384 2815 2440 misso
2861 2387 3108 2443 exercitu
3170 2404 3269 2446 eos
3321 2404 3551 2460 prorsus

1976 2467 2337 2541 dissiparunt.

2055 2735 2117 2789 Et
2143 2737 2417 2807 iniquitas,
2452 2750 2499 2793 et
2524 2739 2676 2794 labor
2709 2742 2765 2795 in
2792 2743 2961 2797 medio
2996 2744 3137 2813 ejus,
3179 2753 3230 2800 et
3260 2746 3549 2816 injustitia.

1975 2824 2190 2883 Rursus
2225 2828 2567 2897 iniquitatem
2587 2847 2776 2887 eorum
2812 2837 3141 2905 exprobrat,
3183 2839 3308 2896 illos
3334 2857 3401 2897 eo
3428 2859 3546 2898 ma-

1976 2918 2061 2987 gis
2105 2917 2470 2987 redarguens,
2523 2938 2652 2991 quo,
2694 2940 2818 2979 cum
2873 2928 3055 2983 vivere
3083 2944 3143 2985 se
3182 2931 3551 3001 gloriarentur

1976 3009 2275 3064 secundum
2303 3011 2496 3082 legem,
2545 3013 2734 3084 iniqua
2763 3031 2978 3089 semper
3004 3022 3176 3092 magis
3202 3024 3463 3094 agebant;
3494 3035 3551 3083 et

1977 3114 2105 3154 cum
2133 3100 2353 3166 dixerit,
2396 3105 2543 3172 quod
2588 3105 2851 3177 iniquitas
2895 3124 3014 3165 eam
3058 3112 3421 3171 circumdabit
3456 3132 3551 3173 us-

1979 3207 2086 3262 que
2115 3193 2183 3248 ad
2212 3209 2423 3259 muros,
2454 3196 2618 3253 docet
2650 3202 2927 3268 quomodo
2947 3204 3038 3258 illa
3074 3206 3263 3262 eadem
3295 3223 3406 3263 non
3434 3207 3550 3265 dis-

1977 3286 2137 3342 cedet
2159 3299 2190 3339 a
2227 3286 2409 3342 medio
2434 3287 2689 3356 civitatis,
2711 3293 2846 3362 quin
2872 3297 2982 3350 imo
3013 3296 3124 3353 illic
3147 3297 3398 3354 similiter
3425 3315 3552 3371 per-

1974 3380 2223 3435 manebit
2265 3380 2573 3451 :iniquitas
2625 3384 2840 3453 quidem
2887 3395 3143 3444 versatur
3194 3395 3253 3445 lu
3301 3391 3548 3461 iudiciis,

1980 3471 2135 3526 labor
2161 3479 2349 3527 autem
2388 3473 2442 3527 in
2471 3473 2689 3531 insidiis
2747 3486 2802 3532 et
2852 3480 3381 3551 machinationibus,
3413 3500 3551 3555 quas

1978 3562 2243 3619 adversus
2275 3563 2598 3621 innocentes
2631 3567 2938 3624 moliuntur
2971 3588 2986 3626 :
3027 3571 3305 3642 iniustitia
3329 3591 3461 3632 vero
3494 3579 3552 3633 in

1976 3653 2205 3708 avaritia
2265 3662 2432 3725 atque
2463 3671 2652 3712 amore
2682 3660 2809 3727 plus
2836 3663 3172 3731 possidendi.

2050 3742 2219 3800 Vsus.
2260 3744 2345 3798 12.
2381 3744 2452 3798 Et
2484 3761 2587 3800 non
2617 3748 2806 3814 defecit
2831 3750 2895 3804 de
2918 3753 3111 3820 plateis
3144 3754 3261 3823 ejus
3285 3770 3452 3810 usura
3502 3768 3553 3811 et

1978 3835 2155 3890 dolus.
2190 3835 2249 3890 ln
2285 3836 2435 3891 omni
2500 3837 2720 3895 civitate
2770 3841 2899 3898 latae
2952 3845 3203 3911 quaedam
3258 3847 3362 3901 viae
3400 3858 3551 3917 sunt,

1976 3941 2101 3996 quae
2132 3924 2325 3994 plateae
2353 3926 2647 3988 dicuntur;
2689 3938 2820 3985 sunt
2850 3941 2905 3987 et
2933 3934 3054 3989 aliae
3084 3938 3455 4007 angustiores.
3487 3942 3552 3995 Et

1977 4031 2075 4085 per
2094 4015 2302 4085 plateas
2322 4016 2541 4086 quidem
2571 4033 2768 4077 currus
2802 4030 3120 4092 transeunt,
3156 4040 3252 4083 eas
3277 4044 3376 4084 nos
3399 4030 3558 4096 ἐξαέ-

1978 4124 2108 4178 ρους
2134 4107 2478 4178 appellamus
2518 4126 2533 4164 :
2562 4125 2661 4180 per
2682 4115 3030 4182 angustiores
3067 4133 3197 4173 vero
3217 4120 3550 4180 incedimus.

1982 4200 2202 4258 Plateas
2250 4210 2435 4256 autem
2465 4200 2571 4257 hoc
2598 4201 2655 4257 in
2692 4203 2813 4258 loco
2840 4207 3099 4275 appellat,
3131 4210 3257 4278 quia
3282 4195 3399 4267 fora
3441 4213 3553 4270 illic

1977 4297 2138 4345 erant
2191 4291 2410 4345 venalia
2464 4298 2521 4347 et
2579 4294 2933 4347 commercia.
2987 4293 3219 4351 Usuram
3252 4298 3415 4354 etiam
3448 4300 3558 4355 illis

284 4386 453 4439 τοῦτο
484 4386 576 4441 τοῦ
610 4388 779 4455 νόμου
830 4390 1164 4456 κωλύοντος·
1229 4392 1382 4448 δόλον
1415 4394 1491 4461 δὲ,
1557 4396 1646 4449 διά
1693 4398 1788 4461 τάς
1812 4400 1871 4451 ἐν

1980 4382 2223 4436 exerceri
2287 4382 2441 4447 dicit,
2493 4382 2622 4452 quia
2673 4383 2778 4437 sub
2829 4386 3002 4439 mutui
3038 4395 3300 4455 praetextu
3354 4405 3554 4447 usuras

285 4479 412 4536 τοῖς
443 4478 856 4549 συναλάγμασιν
917 4482 1222 4554 ἀπάτας,ῆ
1279 4484 1493 4548 καὶτὰς
1524 4485 1691 4551 ἄλλας
1747 4489 1872 4541 ἐπι-

290 4567 517 4633 ϐουλάς.
564 4570 722 4625 Οὕτω
769 4571 951 4626 πᾶσαν
1003 4573 1189 4636 αὐτοῖς
1238 4575 1444 4630 κακίαν
1479 4578 1871 4649 προσεμαρτύ-

286 4678 485 4731 ρησεν.

362 4931 496 4981 Ὀτι
523 4931 576 4983 εὶ
605 4932 637 4983 d
673 4930 891 4999 ἐχθρὸς
933 4929 1208 4987 ὠνείδισέ
1246 4949 1347 5003 με,
1397 4934 1709 5004 ἀπήνεγκα
1771 4934 1869 5001 ἂν,

285 5024 388 5079 καὶ
418 5026 469 5077 εί
509 5025 541 5077 ό
592 5022 793 5092 μισῶν
816 5041 894 5094 με
942 5026 1035 5079 ἐπ’
1068 5026 1176 5096 ἐμὲ
1199 5027 1865 5097 ἐμεγαλορρημόνησεν,

284 5117 554 5186 ἐκρύὄην
579 5114 657 5169 ἂν
692 5118 795 5171 ἀπ’
825 5118 1033 5174 αὐτοῦ.
1060 5118 1140 5171 Τὰ
1170 5118 1419 5173 ἐντεῦθεν
1470 5121 1747 5192 προσώπῳ
1773 5123 1870 5176 τοῦ

286 5208 533 5279 Χριστοῦ
606 5207 857 5276 λέγονται
915 5210 1058 5263 κατά
1113 5208 1210 5279 τοῦ
1287 5209 1476 5264 Ἰούδα.
1506 5211 1579 5263 Τὸ
1619 5210 1718 5281 μὲν
1751 5210 1869 5276 οῦν,

286 5299 630 5365 ὠνείδισεν,
715 5301 838 5354 ἀντὶ
896 5302 1018 5365 τοῦ,
1072 5300 1455 5368 ὲξουδὲνωσεν,
1504 5302 1600 5356 καὶ
1624 5302 1869 5355 διέϐαλεν

290 5390 511 5464 εἴρηται
536 5407 551 5422 ’
606 5392 669 5446 τὸ
715 5392 794 5459 δὲ,
828 5392 1492 5464 ἐμεγαλορῤημόνησεν,
1552 5395 1677 5450 ἀντὶ
1744 5393 1866 5459 τοῦ,

1980 4472 2122 4528 clam
2150 4473 2476 4543 exigebant;
2507 4473 2655 4543 quod
2683 4474 2738 4528 in
2772 4475 2889 4545 lege
2921 4476 3148 4532 vetitum
3174 4487 3314 4537 erat.
3354 4479 3548 4536 Dolum

1977 4566 2139 4619 etiam
2180 4565 2251 4620 ibi
2280 4565 2528 4622 adfuisse
2554 4566 2766 4634 asserit,
2799 4566 2872 4622 ob
2901 4566 3150 4624 fallacias
3189 4585 3328 4639 quas
3356 4572 3407 4626 in
3431 4587 3554 4627 mu-

1980 4655 2090 4711 tuis
2119 4659 2470 4737 commerciis
2497 4659 2806 4723 struebant,
2832 4659 2937 4725 vel,
2981 4660 3053 4715 ob
3086 4675 3254 4718 omne
3284 4664 3432 4719 aliud
3462 4665 3552 4719 in-

1978 4751 2252 4808 sidiarum
2284 4765 2461 4819 genus
2503 4767 2517 4806 :
2549 4762 2601 4806 et
2637 4750 2744 4808 hoc
2771 4759 2933 4822 pacto
2964 4752 3220 4809 universa
3255 4756 3371 4811 illic
3422 4757 3556 4813 vitia

1979 4843 2174 4896 adesse
2204 4850 2282 4896 tes
2291 4850 2457 4896 tatur.

2049 4932 2219 4986 Vens.
2258 4932 2344 4985 l5.
2378 4931 2638 4998 Quoniam
2671 4932 2720 4985 si
2747 4932 2990 4987 inimicus
3024 4949 3169 4989 meus
3200 4934 3557 4990 ntalrdixisset

1979 5027 2133 5089 mihi,
2174 5025 2541 5079 sustinuissent
2566 5024 2767 5093 utique,
2821 5036 2871 5080 et
2910 5027 2958 5079 si
3004 5026 3073 5091 is,
3102 5027 3193 5096 qui
3230 5027 3414 5080 oderat
3448 5042 3553 5090 me,

1979 5136 2137 5190 super
2173 5134 2253 5171 me
2283 5133 2476 5187 magna
2529 5117 2736 5172 locutus
2790 5118 3002 5187 fuisset,
3040 5119 3430 5173 abscondissem
3468 5130 3551 5169 me

1972 5212 2204 5282 forsitan
2233 5210 2299 5263 ab
2333 5225 2415 5263 eo.
2450 5208 2579 5274 Quae
2605 5220 2916 5279 sequuntur
2957 5226 3024 5263 ex
3054 5209 3258 5265 Christi
3314 5219 3551 5274 persona

1983 5302 2314 5374 proferenda
2366 5311 2497 5356 sunt
2552 5302 2822 5357 adversus
2870 5299 3088 5355 Judam.
3139 5297 3206 5351 Et
3257 5295 3401 5368 quod
3449 5295 3550 5359 ait,

1981 5395 2345 5451 maledixisset
2367 5393 2487 5469 [seu
2537 5393 2693 5466 juxta
2733 5394 2894 5448 aliam
2935 5390 3139 5446 Graecae
3184 5385 3441 5445 dictionis
3467 5386 3551 5442 si-

1666 5570 1865 5635 νει-ἰῶ
1898 5569 2229 5636 lectiones.

367 5671 480 5742 (9i)
508 5671 595 5727 Al.
627 5671 946 5741 συμϐόλαια.
