4114 6208
567 288 673 353 579

1806 282 2191 342 EUTHYMII
2231 279 2593 343 ZIGABENI

3708 278 3816 343 580

566 403 1000 474 gniﬁcationcm,
1027 396 1435 471 exprobrasset]
1462 398 1647 468 posuit
1676 411 1800 467 pro,
1830 398 2137 466 sprevissct,

2257 396 2653 467 ὴναισχύντησε
2716 396 2810 450 καὶ
2847 396 3135 467 ἠπείλησε.
3164 396 3274 449 Καὶ
3303 394 3593 467 ἄμφωγὰρ
3612 397 3817 462 ἐκεῖνος

575 506 655 558 et,
688 495 1057 548 calumniatus
1095 500 1279 557 esset;
1311 492 1452 560 quod
1475 506 1603 544 vero
1627 490 1740 542 ait:
1777 505 1971 558 magna
2000 488 2144 541 locu-

568 600 651 641 tus
684 586 894 654 fuisset,
944 599 1185 652 expone,
1233 598 1334 653 pro
1368 583 1719 652 impudenter
1752 590 1807 636 et
1854 582 2141 636 minaciter

564 676 784 731 locutus
814 682 983 729 esset.
1027 673 1331 743 Utrumque
1375 673 1517 728 enim
1559 672 1649 728 ille
1679 674 1862 728 scelus
1901 672 2134 727 commi-

565 766 658 819 sit.
684 765 814 818 Nam
844 776 896 820 et
927 766 1068 834 apud
1104 765 1320 820 Judaaos
1355 764 1621 832 probrosa
1666 763 1855 818 retulit
1883 763 1950 818 de
1977 761 2134 817 Chri-

569 865 678 918 sto,
716 862 769 909 et
798 857 1163 910 comminatus
1189 865 1272 912 est
1318 872 1377 911 se
1406 870 1529 911 eum
1558 855 1667 909 illis
1702 854 1770 909 ad
1802 869 1988 909 necem
2053 853 2307 907 daturum
2366 870 2380 906 :

2251 488 2517 552 πεποίηκε
2550 502 2564 516 ⁸
2614 486 2997 558 διεκωμῲδησε
3041 487 3152 556 γάρ
3185 487 3350 542 αὑτὸν
3370 489 3484 549 τοῖς
3517 488 3817 552 Ἰουδαίοις,

2250 578 2343 631 καὶ
2374 577 2669 646 ἠπείλησεν
2700 578 3036 649 παραδοῦναι
3067 581 3146 641 είς
3168 580 3418 634 θάνατον.
3455 580 3529 631 Τὸ
3565 579 3644 646 δὲ,
3700 579 3813 643 ὅτι,

2247 667 2723 738 προκαταρκτικὸς
2755 668 2821 723 ἂν
2876 670 2962 740 εῐη
3021 660 3340 741 σύνδεσμοξ,
3373 670 3431 722 ὃν
3455 669 3673 737 λέγουσι
3721 672 3819 725 καὶ

2244 758 2666 829 διηγηματικόν.

2438 851 2528 904 illa
2596 851 2757 906 etiam
2812 851 3005 917 dictio,
3073 854 3353 922 quoniam,
3416 853 3521 908 hoc
3577 854 3631 908 in
3693 854 3815 908 loco

565 943 855 998 narrativa:
905 944 1311 1014 conjunctionis
1364 945 1472 999 vim
1522 945 1709 1006 habet,
1760 952 1820 997 ut
1865 943 1992 997 alibi
2042 943 2250 997 dictum
2282 950 2388 997 est.

640 1061 805 1116 Vns.
842 1061 927 1115 Μ.
964 1060 1038 1113 Τιι
1067 1077 1208 1125 vero,
1237 1060 1388 1115 homo
1423 1062 1711 1125 unanimis,
1745 1063 1854 1115 dux
1883 1077 2048 1121 meus.
2081 1068 2130 1114 et

569 1162 720 1205 notus
757 1169 925 1204 meus.
964 1152 1005 1204 Α
1036 1151 1314 1205 communi
1340 1165 1505 1205 sensu
1536 1152 1859 1206 sumendum
1895 1161 1981 1206 est
2010 1166 2128 1205 νει-ο

569 1244 700 1297 bum
759 1240 1146 1297 maledixisset.
1207 1241 1533 1296 Unanimcm
1589 1250 1769 1299 autem
1816 1243 1972 1307 dixit,
2038 1257 2135 1311 pro

569 1335 767 1386 amico.
804 1332 1007 1386 Ducem
1048 1347 1180 1386 vero
1224 1348 1384 1386 suum
1433 1330 1627 1386 Judam
1692 1333 1946 1401 appellat,
2008 1333 2135 1402 quia

574 1424 729 1479 illum
782 1424 942 1477 simul
979 1440 1101 1477 cum
1141 1423 1267 1478 aliis
1315 1424 1578 1492 apostolis
1630 1422 1820 1477 ducem
1884 1423 2133 1480 ﬁdelibus

568 1516 955 1569 constituerat.
1010 1515 1309 1569 Constitues
1337 1514 1478 1569 enim
1510 1531 1618 1579 eos,
1648 1514 1848 1583 inquit,
1874 1515 2133 1582 principes

567 1622 725 1674 super
745 1623 947 1660 omnem
973 1617 1169 1658 terram
1202 1606 1270 1661 ¹⁰.
1297 1605 1475 1661 Notus
1494 1607 1656 1661 etiam
1685 1622 1860 1673 meus,
1894 1607 1999 1661 hoc
2027 1614 2131 1672 est,

567 1695 697 1749 mihi
730 1697 979 1764 cognitus
1011 1709 1074 1747 ac
1098 1694 1403 1749 familiaris.

2300 1060 2386 1113 Σὺ
2440 1059 2527 1127 δὲ,
2579 1060 2852 1128 ἄνθρωπε
2903 1061 3165 1130 ισόψυχε
3186 1103 3201 1127 ,
3248 1062 3485 1131 ἡγεμών
3528 1082 3663 1132 μου,
3714 1066 3812 1120 καὶ

2228 1149 2461 1220 τνωστέ
2481 1169 2621 1219 μου.
2688 1151 2821 1205 Ἀπὸ
2869 1153 3050 1206 κοινοῦ
3096 1153 3334 1221 ληπτέον
3381 1157 3441 1206 τδ
3485 1154 3802 1211 ὠνείδισε’

2232 1245 2411 1297 κεῖται
2467 1243 2523 1296 δὲ
2578 1245 2702 1297 ἀντὶ
2726 1243 2844 1307 τοῦ,
2896 1244 3045 1313 φίλε,
3115 1245 3175 1298 τὸ
3206 1245 3490 1314 ἱσόψυχε.
3536 1246 3813 1316 Ἦγεμόνα

2232 1337 2289 1389 δὲ
2322 1336 2484 1391 αὑτοῦ
2533 1337 2682 1404 λέγει
2737 1337 2919 1402 αὑτὸν,
2982 1337 3117 1390 διότι
3168 1337 3261 1391 καὶ
3319 1338 3483 1401 αὐτὸς
3538 1341 3815 1407 μετὰτῶν

2237 1428 2412 1482 ἄλλων
2487 1428 2748 1497 μαθητῶν
2796 1428 3182 1484 πιστευόντων.
3238 1428 3653 1497 Καταστήσεις
3680 1430 3808 1501 γὰρ,

2241 1521 2425 1588 φησὶν,
2452 1519 2674 1585 αὐτοὺς
2693 1519 2990 1588 ἄρχοντας
3012 1519 3111 1572 ἐπὶ
3133 1518 3338 1573 πᾶσαν
3352 1520 3464 1588 τὴν
3480 1519 3617 1589 γῆν.
3653 1524 3815 1576 Γνω-

2241 1613 2350 1666 στέ
2412 1630 2531 1681 μου
2590 1612 2670 1677 δὲ,
2754 1613 2878 1666 ἀντὶ
2938 1610 3058 1676 τοῦ,
3090 1611 3424 1680 ὲγνωσμένε,
3474 1614 3813 1683 γνησιώτατέ

2245 1719 2368 1771 μου.

645 1781 806 1836 Vnus.
840 1785 921 1837 l5.
950 1783 1047 1848 Qui
1080 1784 1241 1838 simul
1268 1801 1469 1837 mecum
1494 1784 1813 1839 dulcorabas
1839 1786 2000 1839 cibos.
2028 1784 2132 1851 Qui

2307 1795 2415 1848 Kal
2442 1793 2760 1847 ἐπιτοαυτὸ
2805 1792 3147 1862 ἐγλύκανὰς
3163 1812 3264 1862 μοι
3295 1794 3618 1863 ἐδέσματα.
3654 1798 3811 1849 Ἐπι-

568 1892 691 1930 cum
742 1890 849 1928 una
880 1891 1093 1930 mecum
1127 1890 1297 1938 esses,
1328 1877 1677 1941 dulcorahas,
1717 1879 1818 1931 hoc
1852 1885 1958 1939 est,
1994 1892 2134 1945 prte-

568 1968 803 2035 parabas
833 1968 1007 2021 cibos.
1042 1966 1177 2019 Nam
1207 1967 1355 2035 quod
1383 1976 1745 2035 praeparatur,
1782 1968 1994 2022 dulcius
2015 1983 2139 2022 sen-

578 2058 736 2110 titur.
792 2056 895 2111 Per
954 2057 1107 2112 cibos
1168 2066 1347 2111 autem
1406 2058 1778 2125 evangelicam
1827 2056 2136 2111 doctrinam

568 2149 845 2215 intelligit,
893 2162 1001 2217 qua
1037 2147 1224 2203 fideles
1284 2147 1480 2203 animae
1508 2148 1814 2202 alebantur.
1870 2148 2022 2202 lianc
2056 2157 2137 2201 et—

564 2240 711 2296 cnim
743 2240 1050 2294 doctrinam
1088 2238 1208 2308 ipse
1232 2239 1395 2294 etiam
1437 2238 1630 2303 Judas,
1676 2249 1864 2309 utpote
1915 2248 2140 2309 aposto.

568 2332 677 2395 lus,
702 2338 756 2385 et
783 2329 847 2383 ad
880 2329 1285 2399 praedicandum
1316 2330 1540 2393 missus,
1584 2340 1742 2383 antea
1774 2330 2130 2395 tlulcorahat,

570 2425 677 2479 hoc
740 2431 869 2488 est,
932 2432 1142 2493 gratam
1198 2432 1252 2477 et
1306 2423 1609 2491 jucundam
1662 2422 1882 2477 Christo
1940 2422 2139 2477 redde-

569 2518 684 2571 bat.

644 2603 711 2657 ]n
738 2604 891 2657 domo
932 2602 1027 2657 Dei
1055 2602 1439 2655 ambulavimus
1466 2618 1580 2655 cum
1629 2618 1901 2655 consensu.
1930 2601 2138 2656 Uuani-

572 2697 754 2759 miter,
795 2696 996 2764 inquit,
1030 2695 1084 2746 in
1118 2694 1377 2761 templum
1439 2692 1671 2761 proiecti
1705 2709 1917 2747 sumus.
1950 2692 2025 2745 Te
2060 2704 2138 2746 et-

572 2784 719 2838 enim
763 2784 896 2838 mihi
935 2782 1070 2837 adeo
1129 2782 1456 2836 familiarem
1512 2782 1798 2845 habebam,
1830 2792 1886 2837 ut
1915 2798 1945 2836 a
1971 2782 2139 2838 latere

574 2891 695 2930 meo
727 2891 1004 2946 nunquam
1032 2883 1246 2945 paterer
1269 2875 1474 2929 divelli.

646 2989 808 3045 Vsus.
830 2990 915 3046 16.
954 2991 1131 3045 Veniat
1166 3008 1303 3044 mors
1333 3007 1490 3057 super
1528 3006 1634 3043 eos.
1661 2988 1785 3043 llaec
1813 2990 1982 3059 igitur
2002 3004 2126 3044 cum

2238 1884 2455 1938 τοιιυτὸ
2510 1884 2632 1951 μὲν,
2675 1883 2819 1947 ἀντὶ,
2875 1883 2972 1935 σὺν
3030 1882 3157 1953 ἐμοὶ
3213 1881 3325 1937 ὤν’
3358 1883 3698 1953 ἐγλύκανας
3722 1886 3810 1949 δὲ,

2237 1978 2357 2030 ἀντὶ
2380 1976 2497 2040 τοῦ,
2531 1974 2838 2037 ὲσκεύασας
2863 1991 2876 2004 °
2906 1976 3016 2028 πᾶν
3038 1976 3147 2045 γὰρ
3192 1973 3594 2044 σκευαζόμενον
3682 1976 3813 2046 ήδύο

2236 2084 2393 2137 τερον
2423 2069 2653 2136 γίνεται.
2685 2069 2752 2120 ’Ἡ
2782 2067 3055 2137 ἐδέσματα
3083 2068 3299 2137 νοήσεις
3329 2065 3428 2137 τὴν
3455 2066 3809 2120 διδασκαλίαν

2237 2159 2332 2213 τοῦ
2365 2161 2743 2230 κηρύγματος,
2771 2152 2815 2228 ᾧ
2845 2159 3138 2229 ἐτρέφοντο
3166 2160 3218 2212 αί
3252 2159 3421 2230 ψυχαὶ
3444 2159 3555 2214 τῶν
3587 2177 3811 2212 πιστεύε-

2236 2253 2407 2306 όντων
2435 2271 2447 2283 ·
2483 2254 2687 2320 ταύτην
2711 2253 2768 2305 δὲ
2805 2252 2901 2305 καὶ
2956 2251 3159 2316 Ἰούδας
3187 2253 3261 2315 ὡς
3319 2252 3620 2316 ἀπόστολος
3647 2252 3802 2321 ὲγλύ-

2238 2363 2420 2412 κανεν,
2449 2346 2613 2416 ἤγουν
2647 2345 3008 2399 εὐαπὸδεκτον
3059 2346 3284 2415 ἐποίησε
3311 2345 3389 2417 τῷ
3419 2346 3662 2417 Χριστῷ.

2308 2607 2414 2661 Ἐν
2470 2606 2614 2677 οἴκῳ
2648 2609 2756 2661 τοῦ
2813 2606 2962 2661 Θεοῦ
3016 2607 3513 2676 ἐπορεύθημενέν
3541 2610 3807 2678 ὁμονοίᾳ.

2238 2701 2332 2762 Ei;
2358 2701 2417 2752 τὸ
2448 2700 2609 2770 ἔργον
2636 2700 3012 2770 ἐπορεύθημεν
3033 2702 3457 2770 ὁμογνωμόνως.
3506 2702 3631 2756 Ἐπὶ
3684 2720 3810 2757 τοσ-

2238 2789 2393 2841 οῦτον
2417 2789 2719 2859 ἀχώριστον
2746 2790 2841 2841 καὶ
2868 2791 3092 2860 γνήσιον
3121 2784 3289 2861 εἶχον,

2320 2987 2572 3042 Ἐνῑθέτω
2592 2988 2668 3056 δὴ
2692 2987 2950 3054 θάνατος
2975 2988 3067 3041 ἐπ’
3093 2990 3337 3055 αὐτούς.
3369 2990 3552 3044 Ταῦτα
3575 2990 3811 3061 προϊδὼν

572 3083 915 3153 prcevidissct
950 3083 1141 3136 beatus
1183 3081 1376 3143 David,
1412 3081 1752 3151 iutprccatur
1786 3080 2047 3150 deinceps
2082 3082 2135 3134 in

2240 3078 2476 3146 δΔαόὶδ,
2530 3079 2803 3151 ἐπαρᾶται
2868 3079 2944 3150 τῷ
3003 3096 3063 3132 τε
3103 3078 3297 3151 Ἰούδᾳ,
3355 3082 3450 3134 καὶ
3495 3084 3605 3146 τοῖς
3667 3084 3811 3153 ἀμφὶ

571 3175 786 3237 Jualam,
824 3174 877 3225 in
911 3173 1199 3241 Caipham,
1255 3172 1309 3224 in
1354 3171 1591 3235 Annam,
1626 3180 1786 3239 atque
1819 3172 1872 3224 in
1908 3180 2139 3227 caeteros

570 3265 774 3320 Christi
804 3264 1185 3318 interfectores
1217 3262 1459 3315 Iudaeos.

641 3377 712 3431 Et
746 3378 1065 3431 descendant
1090 3377 1141 3428 in
1162 3375 1429 3444 infernum
1458 3375 1705 3429 viventes.
1742 3375 1845 3430 Sed
1866 3378 2140 3446 quomodo

572 3471 921 3526 descendent
956 3470 1202 3524 viventes
1238 3468 1291 3522 in
1340 3468 1636 3531 infernum,
1671 3468 1717 3523 si
1751 3484 1922 3537 mors,
1974 3485 2138 3540 quam

573 3563 908 3631 imprecatus
961 3570 1068 3625 est,
1130 3560 1183 3613 in
1241 3575 1338 3615 eos
1384 3560 1637 3616 venerit?
1688 3560 1826 3626 Quia
1881 3562 2139 3616 nimirum

573 3666 762 3705 eorum
810 3651 979 3721 aliqui
1040 3649 1279 3704 violenta
1341 3659 1519 3704 morte
1562 3649 1909 3707 interimendi
1960 3660 2137 3706 crant.

572 3742 799 3797 Mortem
817 3743 1018 3798 etenim
1048 3757 1156 3797 non
1182 3742 1491 3797 naturalem
1515 3742 1754 3812 aliquam
1782 3741 2137 3811 imprecatur,

572 3836 662 3890 sed
699 3835 1013 3891 violentam.
1047 3834 1111 3888 Et
1140 3834 1231 3887 alii
1278 3834 1649 3888 Romanorum
1691 3835 1887 3889 timore
1913 3835 1967 3889 in
1999 3851 2137 3906 prte-

571 3938 731 3997 rupta
766 3943 889 3983 sese
924 3926 1302 3991 contulerunt,
1337 3928 1389 3981 in
1423 3927 1788 3997 cavernisque
1826 3936 1879 3981 et
1908 3928 1962 3982 in
2016 3941 2167 3997 spe:

572 4021 750 4077 luncls
775 4024 982 4085 vixere,
1009 4019 1151 4074 fame
1182 4027 1229 4073 et
1258 4018 1347 4073 siti
1379 4027 1543 4087 atque
1568 4017 1860 4073 formidine
1888 4019 2138 4082 cruciati,

572 4122 633 4167 ut
654 4116 707 4166 in
740 4126 836 4167 sua
866 4112 1035 4166 refert
1063 4108 1340 4179 Josephus
1380 4107 1644 4163 Historia.
1685 4108 2008 4180 Huiusmodi
2041 4124 2141 4164 au-

571 4210 677 4258 tem
705 4202 890 4258 foveas
946 4216 1010 4256 ac
1041 4202 1333 4270 speluncas
1360 4198 1630 4269 Propheta
1661 4200 1927 4255 infernum
1952 4200 2140 4269 appel-

575 4296 729 4348 lavit.
756 4292 889 4347 Nam
924 4302 978 4349 et
1014 4293 1126 4348 illic
1156 4293 1373 4347 demqu
1412 4292 1607 4360 sepulti
1646 4299 1795 4345 sunt.
1824 4291 1973 4346 Illius
1994 4293 2136 4347 enim

572 4387 698 4441 vitae
724 4386 985 4441 duritiam
1026 4400 1133 4439 non
1167 4386 1427 4446 terentes,
1462 4384 1585 4437 cibo
1610 4383 1807 4437 ibidem
1835 4386 2132 4452 perierunt.

571 4478 676 4530 Alii
734 4477 947 4541 dicunt,
999 4476 1169 4543 quod,
1204 4490 1267 4528 ex
1306 4489 1416 4543 quo
1460 4482 1514 4529 et
1552 4474 1724 4529 ειυόεί
1775 4485 1830 4529 et
1864 4476 2138 4531 daemones

573 4567 803 4621 insidias
862 4566 1129 4620 adversus
1181 4564 1457 4619 Christum
1517 4566 1689 4620 moliti
1744 4575 1892 4631 sunt,
1939 4566 2139 4622 Judmis

575 4656 794 4724 quidem
852 4663 1083 4709 mortem
1136 4655 1470 4723 imprecatus
1544 4666 1665 4720 est,
1735 4665 1966 4712 mortem
2015 4658 2139 4713 dico

575 4760 856 4813 pmnarum
890 4759 955 4799 ac
988 4744 1411 4814 suppliciorum,
1448 4745 1792 4802 dzemouibus
1847 4763 1977 4804 vero
2042 4749 2139 4805 de-

574 4849 829 4888 sccnsum
855 4835 919 4888 ad
983 4834 1157 4888 infera
1218 4846 1375 4889 terra:
1430 4838 1680 4902 viscera;
1738 4838 1988 4909 quodque
2037 4840 2138 4895 hos

571 4927 852 4982 damones
894 4927 1144 4984 viventes
1196 4929 1515 4999 appellavit,
1568 4932 1735 4987 veluti
1787 4933 2150 4990 immortales.

574 5035 693 5073 rum
727 5031 996 5074 naturam.

644 5138 911 5201 Quoniam
944 5138 1151 5192 malitia
1181 5140 1230 5193 in
1262 5141 1585 5195 habitaculis
1636 5134 1841 5209 eorum,
1874 5145 1930 5198 in
1964 5144 2136 5198 medio

569 5246 770 5284 eorum.
813 5229 1083 5293 Quoniam
1126 5232 1331 5286 malitia
1367 5244 1626 5288 versatur
1668 5236 1721 5288 in
1756 5250 1945 5290 eorum
1979 5234 2137 5288 habi-

571 5322 764 5375 taculis
798 5329 959 5389 atque
993 5323 1045 5374 in
1074 5324 1251 5378 media
1269 5340 1457 5379 eorum
1487 5326 1747 5392 civitate;
1776 5342 1839 5382 ac
1870 5328 1917 5383 si
1949 5327 2131 5382 dicat:

572 5413 770 5463 Eorum
816 5412 1023 5465 malitia
1060 5429 1169 5467 non
1218 5424 1429 5469 tantum
1458 5417 1510 5470 in
1538 5418 1829 5487 superficie
1858 5427 1943 5475 est
1971 5429 2135 5489 atque

570 5503 937 5567 extrinsecus,
974 5504 1069 5556 sed
1102 5506 1157 5558 in
1191 5506 1390 5574 medio,
1425 5507 1530 5565 hoc
1562 5518 1669 5569 est.
1727 5510 1780 5563 in
1836 5508 2129 5579 profundo,

676 5684 718 5713 ¹⁰
753 5683 897 5739 l'sal.
933 5699 1079 5749 κων,
1112 5685 1198 5737 l7.

2238 3171 2328 3225 τὸν
2358 3171 2559 3226 Ἅνναν
2588 3174 2684 3229 καὶ
2726 3172 3004 3240 Καϊάφαν,
3060 3172 3464 3242 χριστοκτόνοις
3507 3173 3809 3237 Ἰουδαίοις.

2311 3377 2419 3433 Καὶ
2450 3374 2883 3441 καταόήτωσαν
2908 3376 2991 3441 είς
3021 3373 3169 3442 ᾅδου
3194 3372 3424 3437 ζῶντες.
3448 3375 3557 3427 Καὶ
3587 3375 3637 3427 εί
3664 3374 3815 3429 ἔλθοι

2240 3469 2470 3531 θάνατος
2525 3468 2613 3520 ἐπ’
2644 3466 2865 3533 αὐτοὺς,
2929 3466 3050 3529 πῶς
3108 3466 3511 3537 καταϐήσονται
3568 3467 3650 3530 είς
3681 3467 3815 3537 ᾅδου

2240 3562 2477 3627 ζῶντεςς
2510 3561 2632 3614 Ὅτι
2662 3560 2712 3612 οἱ
2746 3559 2846 3629 μὲν
2882 3558 3061 3613 αὐτῶν
3115 3558 3307 3628 βιαίως
3366 3558 3637 3613 ἀπέθανον
3660 3574 3674 3588 ·
3708 3560 3815 3612 θά-

2240 3670 2397 3707 νατον
2419 3651 2548 3722 γὰρ,
2572 3651 2633 3704 οὑ
2664 3650 2756 3705 τὸν
2779 3649 2920 3704 κατὰ
2942 3649 3124 3717 φύσιν,
3157 3649 3295 3703 ἀλλά
3321 3649 3413 3703 τὸν
3438 3649 3545 3702 άπὸ
3572 3651 3814 3719 ἀγχόνης

2239 3745 2334 3800 καὶ
2361 3745 2618 3814 πολέμου,
2674 3743 2770 3797 καὶ
2799 3743 2851 3796 εἰ
2878 3760 2961 3805 τις
2985 3742 3191 3811 τρόπος
3238 3742 3434 3811 πικρός
3459 3759 3472 3771 ·
3503 3743 3554 3795 οἱ
3584 3742 3667 3806 δὲ,
3700 3744 3815 3796 ὑπὸ

2239 3839 2337 3908 τῆς
2365 3836 2609 3905 ἀνάγκης
2632 3834 2843 3889 καὶτοῦ
2885 3831 3196 3903 Ῥωμαῖκοῦ
3228 3832 3487 3903 πολέμου,
3519 3834 3600 3896 εἰς
3630 3850 3821 3901 κρημ-

2240 3931 2329 3985 νὸν
2360 3929 2559 3992 αὐτοὺς
2586 3927 2854 3996 καθῆκαν,
2884 3925 2980 3978 καὶ
3011 3924 3201 3992 διῆγον
3229 3923 3286 3977 ὲν
3314 3925 3390 3993 τῷ
3422 3924 3609 3995 λάκκῳ
3643 3924 3816 3994 μέχρι

2242 4019 2459 4084 πολλοῦ,
2483 4019 2648 4088 λιμῷ,
2678 4017 2771 4072 καὶ
2800 4016 2950 4088 δίψῃ,
2982 4019 3076 4070 καὶ
3101 4018 3250 4087 φόϐῳ
3277 4018 3813 4085 ταλαιπωρούμενοι,

2242 4110 2424 4172 καθὼς
2469 4110 2731 4181 Ἰώσηπος
2767 4109 3006 4178 ἱστορεῖ·
3041 4108 3121 4163 διὸ
3154 4110 3249 4163 καὶ
3275 4108 3407 4180 ᾅδην
3458 4108 3553 4162 τὸν
3619 4107 3818 4178 βιὲθρον

2240 4204 2500 4257 ἐκάλεσεν
2521 4219 2534 4233 ο
2562 4202 2685 4255 ἐπεὶ
2725 4202 2818 4255 καὶ
2850 4202 3022 4272 τάφος
3045 4202 3232 4265 αὐτοῖς
3290 4201 3528 4269 ἐγένετο,
3576 4200 3815 4271 διαφθαο

2242 4299 2414 4367 ρεῖσιν
2450 4297 2509 4347 ὲν
2539 4295 2735 4365 ἐκείνῳ
2790 4295 2935 4348 κατὰ
2997 4295 3217 4365 μικρόν.
3251 4295 3412 4357 Τινὲς
3442 4294 3500 4347 δὲ
3534 4294 3813 4361 λέγουσιν,

2243 4390 2317 4451 ὼς
2344 4388 2466 4441 ἐπεὶ
2497 4388 2574 4456 τῷ
2599 4387 2817 4458 Χριστῷ
2847 4388 2943 4440 καὶ
2968 4388 3277 4442 οἱῚουδαίοι
3304 4388 3680 4452 ἐπεϐούλευον,
3714 4388 3816 4439 καὶ

2242 4482 2290 4532 oi
2312 4480 2567 4549 δαίμονες
2591 4495 2606 4511 ⁸
2662 4479 2895 4541 ἐκείνοις
2926 4479 3028 4547 μὲν
3082 4480 3396 4548 ἐπηράσατο
3420 4480 3525 4543 τὺνξ
3553 4478 3812 4539 θάνατον,

2236 4572 2327 4624 τὸν
2359 4569 2734 4640 τιμωρητικόν
2756 4586 2770 4601 ·
2803 4572 2916 4632 τοῖς
2946 4569 3167 4639 δαίμοσι
3196 4571 3272 4633 δὲ,
3302 4571 3399 4640 τὴν
3427 4572 3508 4632 είς
3536 4571 3602 4622 τὰ
3634 4585 3814 4621 κατα-

2239 4662 2429 4732 χθόνια
2480 4661 2797 4730 διαγωγήν·
2837 4661 3061 4725 τούτους
3112 4661 3167 4714 δὲ
3201 4662 3424 4714 καλέσαι
3471 4660 3699 4725 ζῶντας,
3730 4660 3815 4720 ὼς

2240 4753 2562 4816 ἀθανάτους.
2617 4752 3058 4818 Καταόήτωσαν
3108 4752 3239 4823 γὰρ,
3296 4754 3478 4824 φησιν,
3523 4755 3608 4817 εις
3659 4752 3811 4817 ᾅδου

2241 4842 2478 4909 ζῶντες,
2510 4846 2599 4897 διὰ
2617 4844 2718 4911 τὴν
2744 4843 2929 4912 φύσιν.

2187 4934 2541 5003 Descendunt,
2585 4938 2783 5008 inquit,
2820 4930 2881 4992 in
2910 4937 3174 4998 infernum
3200 4936 3440 4999 viventes,
3492 4935 3646 5004 juxta
3715 4945 3813 4986 eo-

2319 5147 2446 5198 Ὀτι
2470 5143 2729 5212 πονηρία
2749 5142 2819 5195 ἐν
2853 5140 2979 5205 ταῖς
3020 5155 3358 5207 παροικιαις
3387 5151 3457 5189 εν
3503 5135 3673 5204 μέσῳ
3704 5137 3811 5189 αὑ-

2236 5238 2374 5293 τῶν.
2412 5237 2559 5289 Διότι
2592 5234 2831 5305 πονηρία
2866 5231 3287 5303 ὲμπολιτεύεται
3314 5231 3437 5291 ταῖς
3464 5230 3522 5281 ὲν
3544 5230 3607 5297 τῇ
3647 5227 3807 5279 πόλει

2234 5328 2549 5400 παροικίαις
2577 5327 2757 5381 αὐτῶν
2788 5339 2805 5355 ⁶
2828 5325 2923 5380 καὶ⁵
2950 5326 3058 5396 γὰρ
3090 5323 3187 5376 οὒκ
3217 5321 3562 5387 ἐπιπόλαιον,
3601 5319 3718 5372 ἀλλ’
3740 5320 3805 5371 ἐν

2235 5420 2409 5490 μέσῳ,
2436 5418 2715 5472 τουτέστιν
2745 5419 2826 5480 είς
2865 5416 3047 5487 βάθος,
3076 5417 3132 5468 ἐν
3161 5416 3279 5478 ταῖς
3309 5412 3560 5480 καρδίαις
3594 5409 3796 5465 αὐτῶν.

2234 5512 2539 5582 Παροικίας
2595 5512 2653 5565 δὲ
2706 5507 2861 5565 εἶπεν
2902 5510 3002 5573 τὰς
3051 5508 3335 5570 κατοικίας
3388 5505 3591 5570 αὐτῶν,
3621 5502 3705 5557 διὰ
3734 5500 3799 5552 τὸ
