  <div class='ocr_page' id='page_1' title='image "/cluster/home/n/w/nwhite01/storage/ocr_20150623/128/hvd.32044073502403/296.png"; bbox 0 0 4020 6218; ppageno 0'>
   <div class='ocr_carea' id='block_1_1' title="bbox 312 271 3564 350">
    <p class='ocr_par' dir='ltr' id='par_1_1' title="bbox 312 271 3564 350">
     <span class='ocr_line' id='line_1_1' title="bbox 312 271 3564 350; baseline 0.01 -34"><span class='ocrx_word' id='word_1_1' title='bbox 312 272 406 336; x_wconf 67' lang='grc' dir='ltr'><strong>δε]</strong></span> <span class='ocrx_word' id='word_1_2' title='bbox 1478 271 1869 332; x_wconf 79' lang='lat' dir='ltr'><strong>COMMENT.</strong></span> <span class='ocrx_word' id='word_1_3' title='bbox 1916 273 1996 331; x_wconf 88' lang='lat' dir='ltr'><strong>IN</strong></span> <span class='ocrx_word' id='word_1_4' title='bbox 2038 271 2397 334; x_wconf 80' lang='lat' dir='ltr'><strong>PSALMOS.</strong></span> <span class='ocrx_word' id='word_1_5' title='bbox 3452 285 3564 350; x_wconf 74' lang='lat'><strong>582</strong></span> 
     </span>
    </p>
   </div>
   <div class='ocr_carea' id='block_1_2' title="bbox 314 379 1892 455">
    <p class='ocr_par' dir='ltr' id='par_1_2' title="bbox 314 379 1886 454">
     <span class='ocr_line' id='line_1_2' title="bbox 314 379 1886 454; baseline -0.003 -19"><span class='ocrx_word' id='word_1_6' title='bbox 314 383 648 454; x_wconf 75' lang='grc' dir='ltr'><strong>πρόσκαιρον</strong></span> <span class='ocrx_word' id='word_1_7' title='bbox 704 381 910 448; x_wconf 78' lang='grc' dir='ltr'>αὐτῶν,</span> <span class='ocrx_word' id='word_1_8' title='bbox 971 382 1096 436; x_wconf 83' lang='grc' dir='ltr'>ὅσον</span> <span class='ocrx_word' id='word_1_9' title='bbox 1159 380 1318 436; x_wconf 76' lang='grc' dir='ltr'>οὔπω</span> <span class='ocrx_word' id='word_1_10' title='bbox 1364 381 1732 452; x_wconf 71' lang='grc' dir='ltr'><strong>διαφθαρῆναι</strong></span> <span class='ocrx_word' id='word_1_11' title='bbox 1762 379 1886 449; x_wconf 86' lang='grc' dir='ltr'>μελ-</span> 
     </span>
    </p>
   </div>
   <div class='ocr_carea' id='block_1_3' title="bbox 1996 379 3560 455">
    <p class='ocr_par' dir='ltr' id='par_1_3' title="bbox 1996 381 3560 455">
     <span class='ocr_line' id='line_1_3' title="bbox 1996 381 3560 455; baseline 0.012 -26"><span class='ocrx_word' id='word_1_12' title='bbox 1996 389 2158 450; x_wconf 81' lang='lat' dir='ltr'><strong>atque</strong></span> <span class='ocrx_word' id='word_1_13' title='bbox 2191 381 2245 435; x_wconf 90' lang='lat' dir='ltr'><strong>in</strong></span> <span class='ocrx_word' id='word_1_14' title='bbox 2278 382 2542 440; x_wconf 88' lang='lat' dir='ltr'><strong>cordibus</strong></span> <span class='ocrx_word' id='word_1_15' title='bbox 2586 399 2801 443; x_wconf 90' lang='lat' dir='ltr'><strong>eorum.</strong></span> <span class='ocrx_word' id='word_1_16' title='bbox 2834 385 2934 442; x_wconf 85' lang='lat' dir='ltr'><strong>Per</strong></span> <span class='ocrx_word' id='word_1_17' title='bbox 2984 387 3301 446; x_wconf 88' lang='lat' dir='ltr'><strong>habitacula</strong></span> <span class='ocrx_word' id='word_1_18' title='bbox 3354 403 3560 455; x_wconf 88' lang='lat' dir='ltr'><strong>autem,</strong></span> 
     </span>
    </p>
   </div>
   <div class='ocr_carea' id='block_1_4' title="bbox 315 470 3561 554">
    <p class='ocr_par' dir='ltr' id='par_1_4' title="bbox 315 470 3561 554">
     <span class='ocr_line' id='line_1_4' title="bbox 315 470 3561 554; baseline 0.01 -47"><span class='ocrx_word' id='word_1_19' title='bbox 315 474 536 529; x_wconf 47' lang='lat' dir='ltr'><strong>lj‘nwv.</strong></span> <span class='ocrx_word' id='word_1_20' title='bbox 1998 485 2094 526; x_wconf 88' lang='lat' dir='ltr'><strong>seu</strong></span> <span class='ocrx_word' id='word_1_21' title='bbox 2159 470 2243 543; x_wconf 81' lang='lat' dir='ltr'><strong>[ut</strong></span> <span class='ocrx_word' id='word_1_22' title='bbox 2299 475 2709 543; x_wconf 82' lang='lat' dir='ltr'><strong>signiﬁcantius</strong></span> <span class='ocrx_word' id='word_1_23' title='bbox 2759 475 2948 533; x_wconf 71' lang='lat' dir='ltr'><strong>Graeca</strong></span> <span class='ocrx_word' id='word_1_24' title='bbox 3011 479 3255 538; x_wconf 74' lang='lat' dir='ltr'><strong>dictione</strong></span> <span class='ocrx_word' id='word_1_25' title='bbox 3295 484 3561 554; x_wconf 83' lang='lat' dir='ltr'><strong>exprimi-</strong></span> 
     </span>
    </p>
   </div>
   <div class='ocr_carea' id='block_1_5' title="bbox 314 565 1892 642">
    <p class='ocr_par' dir='ltr' id='par_1_5' title="bbox 314 569 1892 642">
     <span class='ocr_line' id='line_1_5' title="bbox 314 569 1892 642; baseline -0.001 -20"><span class='ocrx_word' id='word_1_26' title='bbox 314 570 429 642; x_wconf 90' lang='lat' dir='ltr'><strong>tur]</strong></span> <span class='ocrx_word' id='word_1_27' title='bbox 465 569 787 642; x_wconf 79' lang='grc' dir='ltr'>παροικίας,</span> <span class='ocrx_word' id='word_1_28' title='bbox 839 570 1210 628; x_wconf 88' lang='lat' dir='ltr'><strong>habitationes</strong></span> <span class='ocrx_word' id='word_1_29' title='bbox 1261 580 1315 628; x_wconf 91' lang='lat' dir='ltr'><strong>ct</strong></span> <span class='ocrx_word' id='word_1_30' title='bbox 1365 573 1560 628; x_wconf 86' lang='lat' dir='ltr'><strong>domos</strong></span> <span class='ocrx_word' id='word_1_31' title='bbox 1651 578 1892 638; x_wconf 88' lang='lat' dir='ltr'><strong>tempora</strong></span> 
     </span>
    </p>
   </div>
   <div class='ocr_carea' id='block_1_6' title="bbox 1996 565 3567 642">
    <p class='ocr_par' dir='ltr' id='par_1_6' title="bbox 1996 568 3567 642">
     <span class='ocr_line' id='line_1_6' title="bbox 1996 568 3567 642; baseline 0.008 -22"><span class='ocrx_word' id='word_1_32' title='bbox 1996 581 2020 620; x_wconf 90' lang='lat' dir='ltr'><strong>s</strong></span> <span class='ocrx_word' id='word_1_33' title='bbox 2072 568 2353 639; x_wconf 78' lang='lat' dir='ltr'><strong>intelligit,</strong></span> <span class='ocrx_word' id='word_1_34' title='bbox 2399 570 2570 626; x_wconf 88' lang='lat' dir='ltr'><strong>veluti</strong></span> <span class='ocrx_word' id='word_1_35' title='bbox 2652 571 2801 628; x_wconf 86' lang='lat' dir='ltr'><strong>brevi</strong></span> <span class='ocrx_word' id='word_1_36' title='bbox 2845 573 3239 642; x_wconf 87' lang='lat' dir='ltr'><strong>perduraturas</strong></span> <span class='ocrx_word' id='word_1_37' title='bbox 3321 586 3376 632; x_wconf 90' lang='lat' dir='ltr'><strong>et</strong></span> <span class='ocrx_word' id='word_1_38' title='bbox 3456 578 3567 633; x_wconf 87' lang='lat' dir='ltr'><strong>eho</strong></span> 
     </span>
    </p>
   </div>
   <div class='ocr_carea' id='block_1_7' title="bbox 317 664 651 734">
    <p class='ocr_par' dir='ltr' id='par_1_7' title="bbox 317 664 651 734">
     <span class='ocr_line' id='line_1_7' title="bbox 317 664 651 734; baseline -0.006 -16"><span class='ocrx_word' id='word_1_39' title='bbox 317 664 651 734; x_wconf 79' lang='lat' dir='ltr'><strong>perdendos.</strong></span> 
     </span>
    </p>
   </div>
   <div class='ocr_carea' id='block_1_8' title="bbox 399 750 1892 829">
    <p class='ocr_par' dir='ltr' id='par_1_8' title="bbox 399 757 1892 829">
     <span class='ocr_line' id='line_1_8' title="bbox 399 757 1892 829; baseline 0.003 -17"><span class='ocrx_word' id='word_1_40' title='bbox 399 758 546 826; x_wconf 84' lang='grc' dir='ltr'><strong>Ἐγὼ</strong></span> <span class='ocrx_word' id='word_1_41' title='bbox 589 757 739 826; x_wconf 81' lang='grc' dir='ltr'>πρὸς</span> <span class='ocrx_word' id='word_1_42' title='bbox 794 759 899 811; x_wconf 80' lang='grc' dir='ltr'>τὸν</span> <span class='ocrx_word' id='word_1_43' title='bbox 948 757 1098 814; x_wconf 80' lang='grc' dir='ltr'>Θεὸν</span> <span class='ocrx_word' id='word_1_44' title='bbox 1139 760 1453 829; x_wconf 79' lang='grc' dir='ltr'><strong>ἐκέκραξα,</strong></span> <span class='ocrx_word' id='word_1_45' title='bbox 1495 761 1594 815; x_wconf 78' lang='grc' dir='ltr'><strong>και</strong></span> <span class='ocrx_word' id='word_1_46' title='bbox 1621 763 1654 815; x_wconf 84' lang='grc' dir='ltr'><strong><em>ό</em></strong></span> <span class='ocrx_word' id='word_1_47' title='bbox 1679 758 1892 826; x_wconf 83' lang='grc' dir='ltr'>Κύριος</span> 
     </span>
    </p>
   </div>
   <div class='ocr_carea' id='block_1_9' title="bbox 1996 750 3568 829">
    <p class='ocr_par' dir='ltr' id='par_1_9' title="bbox 2073 750 3568 822">
     <span class='ocr_line' id='line_1_9' title="bbox 2073 750 3568 822; baseline 0.009 -18"><span class='ocrx_word' id='word_1_48' title='bbox 2073 750 2232 807; x_wconf 71' lang='lat' dir='ltr'><strong>Vsus.</strong></span> <span class='ocrx_word' id='word_1_49' title='bbox 2275 752 2358 808; x_wconf 88' lang='lat' dir='ltr'><strong>I7.</strong></span> <span class='ocrx_word' id='word_1_50' title='bbox 2393 753 2508 822; x_wconf 82' lang='lat' dir='ltr'><strong>Ego</strong></span> <span class='ocrx_word' id='word_1_51' title='bbox 2539 755 2610 808; x_wconf 87' lang='lat' dir='ltr'><strong>ad</strong></span> <span class='ocrx_word' id='word_1_52' title='bbox 2639 754 2806 810; x_wconf 85' lang='lat' dir='ltr'><strong>Deum</strong></span> <span class='ocrx_word' id='word_1_53' title='bbox 2854 755 3107 822; x_wconf 80' lang='lat' dir='ltr'><strong>clamavi,</strong></span> <span class='ocrx_word' id='word_1_54' title='bbox 3144 767 3192 812; x_wconf 90' lang='lat' dir='ltr'><strong>et</strong></span> <span class='ocrx_word' id='word_1_55' title='bbox 3234 758 3371 814; x_wconf 82' lang='lat' dir='ltr'><strong>Deus</strong></span> <span class='ocrx_word' id='word_1_56' title='bbox 3401 777 3568 816; x_wconf 74' lang='lat' dir='ltr'><strong>exau-</strong></span> 
     </span>
    </p>
   </div>
   <div class='ocr_carea' id='block_1_10' title="bbox 316 841 1892 926">
    <p class='ocr_par' dir='ltr' id='par_1_10' title="bbox 316 850 1892 926">
     <span class='ocr_line' id='line_1_10' title="bbox 316 850 1892 926; baseline 0.001 -22"><span class='ocrx_word' id='word_1_57' title='bbox 316 850 652 918; x_wconf 70' lang='grc' dir='ltr'><strong>εἰσήκουσά</strong></span> <span class='ocrx_word' id='word_1_58' title='bbox 712 868 856 920; x_wconf 78' lang='grc' dir='ltr'>μου.</span> <span class='ocrx_word' id='word_1_59' title='bbox 893 852 1031 922; x_wconf 83' lang='grc' dir='ltr'>Ἤδη</span> <span class='ocrx_word' id='word_1_60' title='bbox 1087 852 1554 926; x_wconf 77' lang='grc' dir='ltr'><strong>πληροφορηθεὶς,</strong></span> <span class='ocrx_word' id='word_1_61' title='bbox 1593 854 1778 924; x_wconf 79' lang='grc' dir='ltr'>φησὶν,</span> <span class='ocrx_word' id='word_1_62' title='bbox 1811 855 1892 907; x_wconf 83' lang='grc' dir='ltr'>ὅτι</span> 
     </span>
    </p>
   </div>
   <div class='ocr_carea' id='block_1_11' title="bbox 1996 841 3564 926">
    <p class='ocr_par' dir='ltr' id='par_1_11' title="bbox 1996 841 3564 916">
     <span class='ocr_line' id='line_1_11' title="bbox 1996 841 3564 916; baseline 0.008 -22"><span class='ocrx_word' id='word_1_63' title='bbox 1996 841 2125 897; x_wconf 73' lang='lat' dir='ltr'><strong>divit</strong></span> <span class='ocrx_word' id='word_1_64' title='bbox 2161 857 2261 897; x_wconf 86' lang='lat' dir='ltr'><strong>me.</strong></span> <span class='ocrx_word' id='word_1_65' title='bbox 2303 841 2520 897; x_wconf 82' lang='lat' dir='ltr'><strong>Certior</strong></span> <span class='ocrx_word' id='word_1_66' title='bbox 2577 843 2757 900; x_wconf 81' lang='lat' dir='ltr'><strong>factus</strong></span> <span class='ocrx_word' id='word_1_67' title='bbox 2804 843 2873 900; x_wconf 90' lang='lat' dir='ltr'><strong>de</strong></span> <span class='ocrx_word' id='word_1_68' title='bbox 2915 846 3102 902; x_wconf 93' lang='lat' dir='ltr'><strong>divino</strong></span> <span class='ocrx_word' id='word_1_69' title='bbox 3159 849 3390 916; x_wconf 81' lang='lat' dir='ltr'><strong>auxilio,</strong></span> <span class='ocrx_word' id='word_1_70' title='bbox 3447 852 3564 908; x_wconf 88' lang='lat' dir='ltr'><strong>ait:</strong></span> 
     </span>
    </p>
   </div>
   <div class='ocr_carea' id='block_1_12' title="bbox 318 932 1892 1018">
    <p class='ocr_par' dir='ltr' id='par_1_12' title="bbox 318 941 1892 1018">
     <span class='ocr_line' id='line_1_12' title="bbox 318 941 1892 1018; baseline 0.004 -24"><span class='ocrx_word' id='word_1_71' title='bbox 318 941 612 1011; x_wconf 82' lang='grc' dir='ltr'>εἰσήκουσέ</span> <span class='ocrx_word' id='word_1_72' title='bbox 642 958 768 1011; x_wconf 87' lang='grc' dir='ltr'>μου.</span> <span class='ocrx_word' id='word_1_73' title='bbox 841 943 1000 996; x_wconf 83' lang='grc' dir='ltr'>Ἐστι</span> <span class='ocrx_word' id='word_1_74' title='bbox 1022 944 1079 997; x_wconf 82' lang='grc' dir='ltr'>δὲ</span> <span class='ocrx_word' id='word_1_75' title='bbox 1129 945 1550 1018; x_wconf 79' lang='grc' dir='ltr'>γλαφυρώτερον</span> <span class='ocrx_word' id='word_1_76' title='bbox 1580 949 1780 1011; x_wconf 82' lang='grc' dir='ltr'>εἰπεῖν,</span> <span class='ocrx_word' id='word_1_77' title='bbox 1810 950 1892 1002; x_wconf 83' lang='grc' dir='ltr'>ὅτι</span> 
     </span>
    </p>
   </div>
   <div class='ocr_carea' id='block_1_13' title="bbox 1996 932 3566 1018">
    <p class='ocr_par' dir='ltr' id='par_1_13' title="bbox 1996 932 3566 1003">
     <span class='ocr_line' id='line_1_13' title="bbox 1996 932 3566 1003; baseline 0.006 -17"><span class='ocrx_word' id='word_1_78' title='bbox 1996 932 2279 988; x_wconf 79' lang='lat' dir='ltr'><strong>Exaudisti</strong></span> <span class='ocrx_word' id='word_1_79' title='bbox 2313 948 2419 988; x_wconf 90' lang='lat' dir='ltr'><strong>me.</strong></span> <span class='ocrx_word' id='word_1_80' title='bbox 2460 932 2656 988; x_wconf 85' lang='lat' dir='ltr'><strong>Verum</strong></span> <span class='ocrx_word' id='word_1_81' title='bbox 2684 935 2842 1003; x_wconf 73' lang='lat' dir='ltr'><strong>juxta</strong></span> <span class='ocrx_word' id='word_1_82' title='bbox 2871 936 3120 991; x_wconf 84' lang='lat' dir='ltr'><strong>altiorem</strong></span> <span class='ocrx_word' id='word_1_83' title='bbox 3149 954 3370 994; x_wconf 84' lang='lat' dir='ltr'><strong>sensum</strong></span> <span class='ocrx_word' id='word_1_84' title='bbox 3411 941 3566 996; x_wconf 91' lang='lat' dir='ltr'><strong>dica-</strong></span> 
     </span>
    </p>
   </div>
   <div class='ocr_carea' id='block_1_14' title="bbox 331 1033 1895 1109">
    <p class='ocr_par' dir='ltr' id='par_1_14' title="bbox 331 1033 1895 1109">
     <span class='ocr_line' id='line_1_14' title="bbox 331 1033 1895 1109; baseline 0.004 -24"><span class='ocrx_word' id='word_1_85' title='bbox 331 1033 474 1101; x_wconf 85' lang='grc' dir='ltr'>Ἐγὼ</span> <span class='ocrx_word' id='word_1_86' title='bbox 557 1034 657 1104; x_wconf 84' lang='grc' dir='ltr'>μὲν</span> <span class='ocrx_word' id='word_1_87' title='bbox 716 1035 855 1104; x_wconf 77' lang='grc' dir='ltr'>πρὸς</span> <span class='ocrx_word' id='word_1_88' title='bbox 881 1035 974 1089; x_wconf 76' lang='grc' dir='ltr'>τὸν</span> <span class='ocrx_word' id='word_1_89' title='bbox 1015 1037 1236 1108; x_wconf 80' lang='grc' dir='ltr'>Πατέρα</span> <span class='ocrx_word' id='word_1_90' title='bbox 1277 1039 1553 1109; x_wconf 78' lang='grc' dir='ltr'><strong>ἐκέκραξα</strong></span> <span class='ocrx_word' id='word_1_91' title='bbox 1579 1055 1594 1071; x_wconf 76' lang='grc'><strong><em>⁸</em></strong></span> <span class='ocrx_word' id='word_1_92' title='bbox 1627 1041 1656 1093; x_wconf 81' lang='grc' dir='ltr'><strong><em>ὁ</em></strong></span> <span class='ocrx_word' id='word_1_93' title='bbox 1684 1039 1741 1094; x_wconf 75' lang='grc' dir='ltr'>δὲ</span> <span class='ocrx_word' id='word_1_94' title='bbox 1766 1039 1895 1102; x_wconf 69' lang='lat' dir='ltr'><strong>Tib;</strong></span> 
     </span>
    </p>
   </div>
   <div class='ocr_carea' id='block_1_15' title="bbox 319 1127 1884 1195">
    <p class='ocr_par' dir='ltr' id='par_1_15' title="bbox 319 1127 1884 1195">
     <span class='ocr_line' id='line_1_15' title="bbox 319 1127 1884 1195; baseline 0.003 -17"><span class='ocrx_word' id='word_1_95' title='bbox 319 1127 608 1194; x_wconf 78' lang='grc' dir='ltr'>εἰσήκουσέ</span> <span class='ocrx_word' id='word_1_96' title='bbox 641 1143 750 1194; x_wconf 86' lang='grc' dir='ltr'>μοι.</span> <span class='ocrx_word' id='word_1_97' title='bbox 791 1127 946 1179; x_wconf 74' lang='grc' dir='ltr'>Ἐπεὶ</span> <span class='ocrx_word' id='word_1_98' title='bbox 996 1128 1092 1181; x_wconf 78' lang='grc' dir='ltr'>καὶ</span> <span class='ocrx_word' id='word_1_99' title='bbox 1123 1128 1284 1192; x_wconf 73' lang='grc' dir='ltr'>αὐτὸς</span> <span class='ocrx_word' id='word_1_100' title='bbox 1313 1129 1567 1183; x_wconf 78' lang='grc' dir='ltr'><strong>ἀπώλεσε</strong></span> <span class='ocrx_word' id='word_1_101' title='bbox 1594 1133 1720 1195; x_wconf 81' lang='grc' dir='ltr'>τοὺς</span> <span class='ocrx_word' id='word_1_102' title='bbox 1746 1131 1884 1184; x_wconf 85' lang='grc' dir='ltr'>’1ου-</span> 
     </span>
    </p>
   </div>
   <div class='ocr_carea' id='block_1_16' title="bbox 316 1217 1890 1291">
    <p class='ocr_par' dir='ltr' id='par_1_16' title="bbox 316 1217 1890 1291">
     <span class='ocr_line' id='line_1_16' title="bbox 316 1217 1890 1291; baseline 0.005 -21"><span class='ocrx_word' id='word_1_103' title='bbox 316 1218 521 1283; x_wconf 84' lang='grc' dir='ltr'>δαίους,</span> <span class='ocrx_word' id='word_1_104' title='bbox 549 1217 693 1271; x_wconf 78' lang='grc' dir='ltr'>κατὰ</span> <span class='ocrx_word' id='word_1_105' title='bbox 725 1217 786 1271; x_wconf 79' lang='grc' dir='ltr'><strong>τό</strong></span> <span class='ocrx_word' id='word_1_106' title='bbox 807 1233 821 1248; x_wconf 88' lang='grc'><strong>·</strong></span> <span class='ocrx_word' id='word_1_107' title='bbox 854 1219 938 1272; x_wconf 85' lang='grc' dir='ltr'><strong>Σὺ</strong></span> <span class='ocrx_word' id='word_1_108' title='bbox 967 1218 1056 1284; x_wconf 83' lang='grc' dir='ltr'>δὲ,</span> <span class='ocrx_word' id='word_1_109' title='bbox 1114 1220 1311 1287; x_wconf 86' lang='grc' dir='ltr'>Κύριε,</span> <span class='ocrx_word' id='word_1_110' title='bbox 1371 1221 1634 1290; x_wconf 70' lang='grc' dir='ltr'><strong>ἐλέησόν</strong></span> <span class='ocrx_word' id='word_1_111' title='bbox 1659 1239 1756 1291; x_wconf 83' lang='grc' dir='ltr'><strong>με,</strong></span> <span class='ocrx_word' id='word_1_112' title='bbox 1791 1224 1890 1278; x_wconf 81' lang='grc' dir='ltr'><strong>καί</strong></span> 
     </span>
    </p>
   </div>
   <div class='ocr_carea' id='block_1_17' title="bbox 317 1309 1658 1381">
    <p class='ocr_par' dir='ltr' id='par_1_17' title="bbox 317 1309 1658 1381">
     <span class='ocr_line' id='line_1_17' title="bbox 317 1309 1658 1381; baseline 0.004 -18"><span class='ocrx_word' id='word_1_113' title='bbox 317 1309 675 1377; x_wconf 81' lang='grc' dir='ltr'>ἀνάστησόν</span> <span class='ocrx_word' id='word_1_114' title='bbox 699 1327 791 1380; x_wconf 83' lang='grc' dir='ltr'><strong>με,</strong></span> <span class='ocrx_word' id='word_1_115' title='bbox 823 1314 924 1364; x_wconf 82' lang='grc' dir='ltr'><strong>καί</strong></span> <span class='ocrx_word' id='word_1_116' title='bbox 975 1311 1392 1367; x_wconf 79' lang='grc' dir='ltr'><strong>ἀνταποδώσω</strong></span> <span class='ocrx_word' id='word_1_117' title='bbox 1431 1313 1658 1381; x_wconf 82' lang='grc' dir='ltr'>αὐτοῖς.</span> 
     </span>
    </p>
   </div>
   <div class='ocr_carea' id='block_1_18' title="bbox 403 1482 1892 1565">
    <p class='ocr_par' dir='ltr' id='par_1_18' title="bbox 403 1482 1892 1565">
     <span class='ocr_line' id='line_1_18' title="bbox 403 1482 1892 1565; baseline 0.009 -27"><span class='ocrx_word' id='word_1_118' title='bbox 403 1482 720 1553; x_wconf 79' lang='grc' dir='ltr'>Ἑσπέρας,</span> <span class='ocrx_word' id='word_1_119' title='bbox 756 1487 858 1541; x_wconf 81' lang='grc' dir='ltr'><strong>καί</strong></span> <span class='ocrx_word' id='word_1_120' title='bbox 883 1489 1053 1556; x_wconf 80' lang='grc' dir='ltr'>πρωϊ,</span> <span class='ocrx_word' id='word_1_121' title='bbox 1078 1490 1176 1544; x_wconf 80' lang='grc' dir='ltr'><strong>καί</strong></span> <span class='ocrx_word' id='word_1_122' title='bbox 1227 1493 1620 1562; x_wconf 68' lang='grc' dir='ltr'>μεσημϐρίας,</span> <span class='ocrx_word' id='word_1_123' title='bbox 1682 1493 1892 1565; x_wconf 83' lang='grc' dir='ltr'>διηγή-</span> 
     </span>
    </p>
   </div>
   <div class='ocr_carea' id='block_1_19' title="bbox 317 1579 1890 1657">
    <p class='ocr_par' dir='ltr' id='par_1_19' title="bbox 317 1579 1890 1657">
     <span class='ocr_line' id='line_1_19' title="bbox 317 1579 1890 1657; baseline 0.008 -27"><span class='ocrx_word' id='word_1_124' title='bbox 317 1593 498 1647; x_wconf 78' lang='grc' dir='ltr'>σομαι</span> <span class='ocrx_word' id='word_1_125' title='bbox 579 1579 678 1631; x_wconf 81' lang='grc' dir='ltr'><strong>καί</strong></span> <span class='ocrx_word' id='word_1_126' title='bbox 732 1579 1084 1650; x_wconf 72' lang='grc' dir='ltr'>ἀπαγγελῶ,</span> <span class='ocrx_word' id='word_1_127' title='bbox 1142 1583 1241 1636; x_wconf 82' lang='grc' dir='ltr'><strong>καί</strong></span> <span class='ocrx_word' id='word_1_128' title='bbox 1298 1586 1726 1640; x_wconf 77' lang='grc' dir='ltr'>εἰσακούσεται</span> <span class='ocrx_word' id='word_1_129' title='bbox 1778 1587 1890 1657; x_wconf 85' lang='grc' dir='ltr'>τῆς</span> 
     </span>
    </p>
   </div>
   <div class='ocr_carea' id='block_1_20' title="bbox 1997 1026 3568 1103">
    <p class='ocr_par' dir='ltr' id='par_1_20' title="bbox 1997 1026 3568 1103">
     <span class='ocr_line' id='line_1_20' title="bbox 1997 1026 3568 1103; baseline 0.01 -27"><span class='ocrx_word' id='word_1_130' title='bbox 1997 1041 2121 1080; x_wconf 90' lang='lat' dir='ltr'><strong>mus</strong></span> <span class='ocrx_word' id='word_1_131' title='bbox 2157 1043 2172 1080; x_wconf 88' lang='lat'><strong>:</strong></span> <span class='ocrx_word' id='word_1_132' title='bbox 2216 1026 2326 1097; x_wconf 80' lang='lat' dir='ltr'><strong>Ego</strong></span> <span class='ocrx_word' id='word_1_133' title='bbox 2351 1030 2597 1098; x_wconf 82' lang='lat' dir='ltr'><strong>quidem,</strong></span> <span class='ocrx_word' id='word_1_134' title='bbox 2625 1031 2829 1102; x_wconf 85' lang='lat' dir='ltr'><strong>inquit,</strong></span> <span class='ocrx_word' id='word_1_135' title='bbox 2873 1033 3107 1088; x_wconf 76' lang='lat' dir='ltr'><strong>clamavi</strong></span> <span class='ocrx_word' id='word_1_136' title='bbox 3135 1035 3200 1088; x_wconf 92' lang='lat' dir='ltr'><strong>ad</strong></span> <span class='ocrx_word' id='word_1_137' title='bbox 3247 1035 3484 1103; x_wconf 86' lang='lat' dir='ltr'><strong>Patrem,</strong></span> <span class='ocrx_word' id='word_1_138' title='bbox 3513 1047 3568 1092; x_wconf 89' lang='lat' dir='ltr'><strong>et</strong></span> 
     </span>
    </p>
   </div>
   <div class='ocr_carea' id='block_1_21' title="bbox 1996 1111 3568 1190">
    <p class='ocr_par' dir='ltr' id='par_1_21' title="bbox 1996 1111 3568 1190">
     <span class='ocr_line' id='line_1_21' title="bbox 1996 1111 3568 1190; baseline 0.01 -25"><span class='ocrx_word' id='word_1_139' title='bbox 1996 1111 2171 1171; x_wconf 82' lang='lat' dir='ltr'><strong>Filius</strong></span> <span class='ocrx_word' id='word_1_140' title='bbox 2223 1119 2506 1173; x_wconf 77' lang='lat' dir='ltr'><strong>exaudivit</strong></span> <span class='ocrx_word' id='word_1_141' title='bbox 2561 1135 2672 1174; x_wconf 91' lang='lat' dir='ltr'><strong>me.</strong></span> <span class='ocrx_word' id='word_1_142' title='bbox 2725 1120 2842 1190; x_wconf 92' lang='lat' dir='ltr'><strong>Ipse</strong></span> <span class='ocrx_word' id='word_1_143' title='bbox 2883 1123 3084 1176; x_wconf 79' lang='lat' dir='ltr'><strong>eti-nim</strong></span> <span class='ocrx_word' id='word_1_144' title='bbox 3133 1122 3304 1179; x_wconf 87' lang='lat' dir='ltr'><strong>Filius</strong></span> <span class='ocrx_word' id='word_1_145' title='bbox 3349 1125 3568 1181; x_wconf 68' lang='lat' dir='ltr'><strong>Iudicas</strong></span> 
     </span>
    </p>
   </div>
   <div class='ocr_carea' id='block_1_22' title="bbox 1999 1205 3567 1283">
    <p class='ocr_par' dir='ltr' id='par_1_22' title="bbox 1999 1205 3567 1283">
     <span class='ocr_line' id='line_1_22' title="bbox 1999 1205 3567 1283; baseline 0.007 -23"><span class='ocrx_word' id='word_1_146' title='bbox 1999 1205 2235 1273; x_wconf 83' lang='lat' dir='ltr'><strong>perdidit</strong></span> <span class='ocrx_word' id='word_1_147' title='bbox 2262 1223 2278 1272; x_wconf 90' lang='lat'><strong>;</strong></span> <span class='ocrx_word' id='word_1_148' title='bbox 2305 1207 2467 1278; x_wconf 85' lang='lat' dir='ltr'><strong>juxta</strong></span> <span class='ocrx_word' id='word_1_149' title='bbox 2495 1209 2640 1277; x_wconf 90' lang='lat' dir='ltr'><strong>quod</strong></span> <span class='ocrx_word' id='word_1_150' title='bbox 2681 1211 2810 1266; x_wconf 89' lang='lat' dir='ltr'><strong>alibi</strong></span> <span class='ocrx_word' id='word_1_151' title='bbox 2847 1227 2911 1267; x_wconf 80' lang='lat' dir='ltr'><strong>ex</strong></span> <span class='ocrx_word' id='word_1_152' title='bbox 2960 1214 3082 1283; x_wconf 85' lang='lat' dir='ltr'><strong>ejus</strong></span> <span class='ocrx_word' id='word_1_153' title='bbox 3141 1230 3378 1283; x_wconf 89' lang='lat' dir='ltr'><strong>persona</strong></span> <span class='ocrx_word' id='word_1_154' title='bbox 3428 1220 3567 1271; x_wconf 61' lang='lat' dir='ltr'><strong>serio</strong></span> 
     </span>
    </p>
   </div>
   <div class='ocr_carea' id='block_1_23' title="bbox 1999 1296 3606 1368">
    <p class='ocr_par' dir='ltr' id='par_1_23' title="bbox 1999 1296 3606 1368">
     <span class='ocr_line' id='line_1_23' title="bbox 1999 1296 3606 1368; baseline 0.007 -19"><span class='ocrx_word' id='word_1_155' title='bbox 1999 1303 2149 1365; x_wconf 89' lang='lat' dir='ltr'><strong>ptum</strong></span> <span class='ocrx_word' id='word_1_156' title='bbox 2183 1296 2416 1367; x_wconf 82' lang='lat' dir='ltr'><strong>legimus</strong></span> <span class='ocrx_word' id='word_1_157' title='bbox 2449 1317 2464 1352; x_wconf 85' lang='lat'><strong>:</strong></span> <span class='ocrx_word' id='word_1_158' title='bbox 2498 1297 2576 1352; x_wconf 87' lang='lat' dir='ltr'><strong>Tu</strong></span> <span class='ocrx_word' id='word_1_159' title='bbox 2625 1310 2823 1368; x_wconf 87' lang='lat' dir='ltr'><strong>autem,</strong></span> <span class='ocrx_word' id='word_1_160' title='bbox 2854 1301 3098 1368; x_wconf 81' lang='lat' dir='ltr'><strong>Domine,</strong></span> <span class='ocrx_word' id='word_1_161' title='bbox 3121 1305 3363 1360; x_wconf 75' lang='lat' dir='ltr'><strong>miserere</strong></span> <span class='ocrx_word' id='word_1_162' title='bbox 3391 1307 3491 1360; x_wconf 77' lang='lat' dir='ltr'><strong>mei</strong></span> <span class='ocrx_word' id='word_1_163' title='bbox 3517 1314 3568 1360; x_wconf 81' lang='lat' dir='ltr'><strong>et</strong></span> <span class='ocrx_word' id='word_1_164' title='bbox 3595 1315 3606 1324; x_wconf 87' lang='lat'><strong><em>&#39;</em></strong></span> 
     </span>
    </p>
   </div>
   <div class='ocr_carea' id='block_1_24' title="bbox 1995 1391 2966 1456">
    <p class='ocr_par' dir='ltr' id='par_1_24' title="bbox 1995 1391 2966 1456">
     <span class='ocr_line' id='line_1_24' title="bbox 1995 1391 2966 1456; baseline 0.006 -14"><span class='ocrx_word' id='word_1_165' title='bbox 1995 1391 2251 1444; x_wconf 84' lang='lat' dir='ltr'><strong>resuscita</strong></span> <span class='ocrx_word' id='word_1_166' title='bbox 2280 1406 2379 1456; x_wconf 89' lang='lat' dir='ltr'><strong>me,</strong></span> <span class='ocrx_word' id='word_1_167' title='bbox 2408 1400 2458 1444; x_wconf 89' lang='lat' dir='ltr'><strong>et</strong></span> <span class='ocrx_word' id='word_1_168' title='bbox 2490 1392 2778 1446; x_wconf 85' lang='lat' dir='ltr'><strong>retribuam</strong></span> <span class='ocrx_word' id='word_1_169' title='bbox 2804 1394 2879 1448; x_wconf 86' lang='lat' dir='ltr'><strong>eis</strong></span> <span class='ocrx_word' id='word_1_170' title='bbox 2903 1396 2966 1448; x_wconf 81' lang='lat'><strong>&quot;.</strong></span> 
     </span>
    </p>
   </div>
   <div class='ocr_carea' id='block_1_25' title="bbox 2071 1483 3568 1553">
    <p class='ocr_par' dir='ltr' id='par_1_25' title="bbox 2071 1483 3568 1553">
     <span class='ocr_line' id='line_1_25' title="bbox 2071 1483 3568 1553; baseline 0.004 -15"><span class='ocrx_word' id='word_1_171' title='bbox 2071 1483 2235 1538; x_wconf 73' lang='lat' dir='ltr'><strong>Vens.</strong></span> <span class='ocrx_word' id='word_1_172' title='bbox 2276 1484 2364 1539; x_wconf 81' lang='grc'>18.</span> <span class='ocrx_word' id='word_1_173' title='bbox 2409 1483 2650 1553; x_wconf 79' lang='lat' dir='ltr'><strong>Vespere,</strong></span> <span class='ocrx_word' id='word_1_174' title='bbox 2677 1495 2726 1540; x_wconf 91' lang='lat' dir='ltr'><strong>et</strong></span> <span class='ocrx_word' id='word_1_175' title='bbox 2769 1503 2942 1551; x_wconf 87' lang='lat' dir='ltr'><strong>mane,</strong></span> <span class='ocrx_word' id='word_1_176' title='bbox 2991 1497 3040 1541; x_wconf 89' lang='lat' dir='ltr'><strong>et</strong></span> <span class='ocrx_word' id='word_1_177' title='bbox 3085 1488 3306 1542; x_wconf 78' lang='lat' dir='ltr'><strong>meridie</strong></span> <span class='ocrx_word' id='word_1_178' title='bbox 3338 1489 3568 1544; x_wconf 81' lang='lat' dir='ltr'><strong>narrabo</strong></span> 
     </span>
    </p>
   </div>
   <div class='ocr_carea' id='block_1_26' title="bbox 1995 1576 3567 1650">
    <p class='ocr_par' dir='ltr' id='par_1_26' title="bbox 1995 1576 3567 1650">
     <span class='ocr_line' id='line_1_26' title="bbox 1995 1576 3567 1650; baseline 0.004 -21"><span class='ocrx_word' id='word_1_179' title='bbox 1995 1583 2045 1629; x_wconf 89' lang='lat' dir='ltr'><strong>et</strong></span> <span class='ocrx_word' id='word_1_180' title='bbox 2073 1576 2423 1640; x_wconf 85' lang='lat' dir='ltr'><strong>annuntiabo,</strong></span> <span class='ocrx_word' id='word_1_181' title='bbox 2448 1584 2500 1630; x_wconf 89' lang='lat' dir='ltr'><strong>et</strong></span> <span class='ocrx_word' id='word_1_182' title='bbox 2540 1578 2789 1632; x_wconf 74' lang='lat' dir='ltr'><strong>exaudiet</strong></span> <span class='ocrx_word' id='word_1_183' title='bbox 2837 1595 3012 1633; x_wconf 77' lang='lat' dir='ltr'><strong>vocem</strong></span> <span class='ocrx_word' id='word_1_184' title='bbox 3062 1595 3253 1634; x_wconf 89' lang='lat' dir='ltr'><strong>meam.</strong></span> <span class='ocrx_word' id='word_1_185' title='bbox 3299 1578 3567 1650; x_wconf 87' lang='lat' dir='ltr'><strong>Tempora</strong></span> 
     </span>
    </p>
   </div>
   <div class='ocr_carea' id='block_1_27' title="bbox 321 1653 1892 1749">
    <p class='ocr_par' dir='ltr' id='par_1_27' title="bbox 321 1653 1892 1749">
     <span class='ocr_line' id='line_1_27' title="bbox 321 1653 1892 1749; baseline 0.006 -25"><span class='ocrx_word' id='word_1_186' title='bbox 321 1670 526 1740; x_wconf 78' lang='grc' dir='ltr'>φωνῆς</span> <span class='ocrx_word' id='word_1_187' title='bbox 577 1688 718 1741; x_wconf 81' lang='grc' dir='ltr'>μου.</span> <span class='ocrx_word' id='word_1_188' title='bbox 780 1671 921 1736; x_wconf 83' lang='grc' dir='ltr'><strong>Τοὺς</strong></span> <span class='ocrx_word' id='word_1_189' title='bbox 964 1675 1193 1745; x_wconf 83' lang='grc' dir='ltr'>καιροὺς</span> <span class='ocrx_word' id='word_1_190' title='bbox 1268 1676 1422 1746; x_wconf 80' lang='grc' dir='ltr'>δηλοῖ</span> <span class='ocrx_word' id='word_1_191' title='bbox 1463 1677 1573 1733; x_wconf 85' lang='grc' dir='ltr'><strong>τῶν</strong></span> <span class='ocrx_word' id='word_1_192' title='bbox 1639 1653 1892 1749; x_wconf 78' lang='grc' dir='ltr'>μεγάλων</span> 
     </span>
    </p>
   </div>
   <div class='ocr_carea' id='block_1_28' title="bbox 1996 1653 3566 1749">
    <p class='ocr_par' dir='ltr' id='par_1_28' title="bbox 1997 1666 3566 1741">
     <span class='ocr_line' id='line_1_28' title="bbox 1997 1666 3566 1741; baseline 0.004 -19"><span class='ocrx_word' id='word_1_193' title='bbox 1997 1666 2271 1738; x_wconf 82' lang='lat' dir='ltr'><strong>signiﬁcat</strong></span> <span class='ocrx_word' id='word_1_194' title='bbox 2320 1683 2646 1740; x_wconf 84' lang='lat' dir='ltr'><strong>magnorum</strong></span> <span class='ocrx_word' id='word_1_195' title='bbox 2705 1671 2872 1726; x_wconf 90' lang='lat' dir='ltr'><strong>trium</strong></span> <span class='ocrx_word' id='word_1_196' title='bbox 2928 1672 3246 1741; x_wconf 79' lang='lat' dir='ltr'><strong>synaxium,</strong></span> <span class='ocrx_word' id='word_1_197' title='bbox 3295 1687 3433 1740; x_wconf 91' lang='lat' dir='ltr'><strong>quas</strong></span> <span class='ocrx_word' id='word_1_198' title='bbox 3462 1688 3566 1728; x_wconf 90' lang='lat' dir='ltr'><strong>nos</strong></span> 
     </span>
    </p>
   </div>
   <div class='ocr_carea' id='block_1_29' title="bbox 323 1762 1892 1840">
    <p class='ocr_par' dir='ltr' id='par_1_29' title="bbox 323 1762 1892 1840">
     <span class='ocr_line' id='line_1_29' title="bbox 323 1762 1892 1840; baseline 0.004 -24"><span class='ocrx_word' id='word_1_199' title='bbox 323 1763 490 1834; x_wconf 80' lang='grc' dir='ltr'>τριῶν</span> <span class='ocrx_word' id='word_1_200' title='bbox 546 1762 842 1830; x_wconf 80' lang='grc' dir='ltr'>συνάξεων,</span> <span class='ocrx_word' id='word_1_201' title='bbox 907 1763 973 1828; x_wconf 79' lang='grc' dir='ltr'>ἃς</span> <span class='ocrx_word' id='word_1_202' title='bbox 1028 1765 1190 1834; x_wconf 78' lang='grc' dir='ltr'>ἡμεῖς</span> <span class='ocrx_word' id='word_1_203' title='bbox 1259 1766 1535 1838; x_wconf 82' lang='grc' dir='ltr'>καλοῦμεν</span> <span class='ocrx_word' id='word_1_204' title='bbox 1577 1769 1892 1840; x_wconf 77' lang='grc' dir='ltr'>ὲσπερινὸν,</span> 
     </span>
    </p>
   </div>
   <div class='ocr_carea' id='block_1_30' title="bbox 322 1853 1894 1928">
    <p class='ocr_par' dir='ltr' id='par_1_30' title="bbox 322 1853 1894 1928">
     <span class='ocr_line' id='line_1_30' title="bbox 322 1853 1894 1928; baseline 0.006 -24"><span class='ocrx_word' id='word_1_205' title='bbox 322 1853 541 1923; x_wconf 75' lang='grc' dir='ltr'>ὄρθρον,</span> <span class='ocrx_word' id='word_1_206' title='bbox 568 1854 662 1906; x_wconf 60' lang='grc' dir='ltr'><strong>καὶ⁹</strong></span> <span class='ocrx_word' id='word_1_207' title='bbox 719 1853 1096 1924; x_wconf 80' lang='grc' dir='ltr'>μεσημὸρίαν.</span> <span class='ocrx_word' id='word_1_208' title='bbox 1155 1856 1500 1928; x_wconf 84' lang='grc' dir='ltr'>Διηγήσομαι</span> <span class='ocrx_word' id='word_1_209' title='bbox 1527 1858 1596 1912; x_wconf 82' lang='grc' dir='ltr'><strong>τά</strong></span> <span class='ocrx_word' id='word_1_210' title='bbox 1632 1859 1726 1913; x_wconf 78' lang='grc' dir='ltr'><strong>τοῦ</strong></span> <span class='ocrx_word' id='word_1_211' title='bbox 1758 1860 1894 1914; x_wconf 81' lang='grc' dir='ltr'>Θεοῦ</span> 
     </span>
    </p>
   </div>
   <div class='ocr_carea' id='block_1_31' title="bbox 321 1942 1895 2020">
    <p class='ocr_par' dir='ltr' id='par_1_31' title="bbox 321 1942 1895 2020">
     <span class='ocr_line' id='line_1_31' title="bbox 321 1942 1895 2020; baseline 0.006 -27"><span class='ocrx_word' id='word_1_212' title='bbox 321 1942 624 2011; x_wconf 79' lang='grc' dir='ltr'>θαυμάσια,</span> <span class='ocrx_word' id='word_1_213' title='bbox 687 1944 783 1996; x_wconf 76' lang='grc' dir='ltr'>καὶ</span> <span class='ocrx_word' id='word_1_214' title='bbox 815 1944 1120 2012; x_wconf 80' lang='grc' dir='ltr'>ἀπαγγελῶ</span> <span class='ocrx_word' id='word_1_215' title='bbox 1153 1948 1288 1999; x_wconf 82' lang='grc' dir='ltr'>πᾶσι</span> <span class='ocrx_word' id='word_1_216' title='bbox 1329 1949 1445 2011; x_wconf 79' lang='grc' dir='ltr'>τοῖς</span> <span class='ocrx_word' id='word_1_217' title='bbox 1481 1949 1576 2002; x_wconf 83' lang='grc' dir='ltr'>σὺν</span> <span class='ocrx_word' id='word_1_218' title='bbox 1607 1949 1729 2020; x_wconf 86' lang='grc' dir='ltr'>ὲμοί</span> <span class='ocrx_word' id='word_1_219' title='bbox 1765 1964 1779 1980; x_wconf 76' lang='grc'><strong>⁸</strong></span> <span class='ocrx_word' id='word_1_220' title='bbox 1819 1950 1895 2014; x_wconf 86' lang='grc' dir='ltr'><strong>ὡς</strong></span> 
     </span>
    </p>
   </div>
   <div class='ocr_carea' id='block_1_32' title="bbox 321 2027 1891 2110">
    <p class='ocr_par' dir='ltr' id='par_1_32' title="bbox 321 2027 1891 2110">
     <span class='ocr_line' id='line_1_32' title="bbox 321 2027 1891 2110; baseline 0.008 -27"><span class='ocrx_word' id='word_1_221' title='bbox 321 2027 465 2085; x_wconf 69' lang='grc' dir='ltr'>εἶναι</span> <span class='ocrx_word' id='word_1_222' title='bbox 495 2033 707 2098; x_wconf 78' lang='grc' dir='ltr'>ταύτὸν,</span> <span class='ocrx_word' id='word_1_223' title='bbox 738 2034 820 2101; x_wconf 80' lang='grc' dir='ltr'>τὸ,</span> <span class='ocrx_word' id='word_1_224' title='bbox 853 2035 1235 2106; x_wconf 73' lang='grc' dir='ltr'>διηγήσομαι,</span> <span class='ocrx_word' id='word_1_225' title='bbox 1277 2039 1372 2092; x_wconf 69' lang='grc' dir='ltr'>καὶ</span> <span class='ocrx_word' id='word_1_226' title='bbox 1407 2039 1490 2104; x_wconf 81' lang='grc' dir='ltr'><strong>τὸ,</strong></span> <span class='ocrx_word' id='word_1_227' title='bbox 1543 2039 1891 2110; x_wconf 73' lang='grc' dir='ltr'><strong>ἀπαγγελῶ.</strong></span> 
     </span>
    </p>
   </div>
   <div class='ocr_carea' id='block_1_33' title="bbox 324 2121 1894 2194">
    <p class='ocr_par' dir='ltr' id='par_1_33' title="bbox 324 2121 1894 2194">
     <span class='ocr_line' id='line_1_33' title="bbox 324 2121 1894 2194; baseline 0.004 -22"><span class='ocrx_word' id='word_1_228' title='bbox 324 2121 396 2172; x_wconf 83' lang='grc' dir='ltr'><strong>Ἦ</strong></span> <span class='ocrx_word' id='word_1_229' title='bbox 425 2121 755 2193; x_wconf 79' lang='grc' dir='ltr'>διηγήσομαι</span> <span class='ocrx_word' id='word_1_230' title='bbox 793 2123 890 2192; x_wconf 84' lang='grc' dir='ltr'>μὲν</span> <span class='ocrx_word' id='word_1_231' title='bbox 923 2123 987 2177; x_wconf 79' lang='grc' dir='ltr'>τὰ</span> <span class='ocrx_word' id='word_1_232' title='bbox 1017 2124 1225 2178; x_wconf 74' lang='grc' dir='ltr'>παλαιά</span> <span class='ocrx_word' id='word_1_233' title='bbox 1250 2142 1265 2158; x_wconf 79' lang='grc' dir='ltr'><strong>ο</strong></span> <span class='ocrx_word' id='word_1_234' title='bbox 1293 2125 1594 2194; x_wconf 64' lang='grc' dir='ltr'>ἀπαγγελῶ</span> <span class='ocrx_word' id='word_1_235' title='bbox 1635 2126 1688 2178; x_wconf 80' lang='grc' dir='ltr'>δὲ</span> <span class='ocrx_word' id='word_1_236' title='bbox 1717 2127 1786 2179; x_wconf 83' lang='grc' dir='ltr'>τὰ</span> <span class='ocrx_word' id='word_1_237' title='bbox 1816 2128 1894 2190; x_wconf 83' lang='grc' dir='ltr'><strong>εἰς</strong></span> 
     </span>
    </p>
   </div>
   <div class='ocr_carea' id='block_1_34' title="bbox 319 2213 820 2284">
    <p class='ocr_par' dir='ltr' id='par_1_34' title="bbox 319 2213 820 2284">
     <span class='ocr_line' id='line_1_34' title="bbox 319 2213 820 2284; baseline 0.012 -20"><span class='ocrx_word' id='word_1_238' title='bbox 319 2213 420 2283; x_wconf 75' lang='grc' dir='ltr'><strong>ἐμὲ</strong></span> <span class='ocrx_word' id='word_1_239' title='bbox 453 2215 820 2284; x_wconf 74' lang='grc' dir='ltr'>γεγενημένα.</span> 
     </span>
    </p>
   </div>
   <div class='ocr_carea' id='block_1_35' title="bbox 388 2394 1895 2471">
    <p class='ocr_par' dir='ltr' id='par_1_35' title="bbox 388 2394 1895 2471">
     <span class='ocr_line' id='line_1_35' title="bbox 388 2394 1895 2471; baseline 0.006 -23"><span class='ocrx_word' id='word_1_240' title='bbox 388 2394 768 2464; x_wconf 85' lang='grc' dir='ltr'>Λυτρώσεται</span> <span class='ocrx_word' id='word_1_241' title='bbox 819 2396 890 2450; x_wconf 82' lang='grc' dir='ltr'>ἐν</span> <span class='ocrx_word' id='word_1_242' title='bbox 926 2395 1136 2467; x_wconf 79' lang='grc' dir='ltr'>εἰρήνῃ</span> <span class='ocrx_word' id='word_1_243' title='bbox 1179 2399 1294 2466; x_wconf 74' lang='grc' dir='ltr'>τὴν</span> <span class='ocrx_word' id='word_1_244' title='bbox 1357 2401 1572 2471; x_wconf 71' lang='grc' dir='ltr'><strong>ψυχήν</strong></span> <span class='ocrx_word' id='word_1_245' title='bbox 1623 2419 1742 2471; x_wconf 80' lang='grc' dir='ltr'><strong>μου</strong></span> <span class='ocrx_word' id='word_1_246' title='bbox 1775 2403 1895 2457; x_wconf 84' lang='grc' dir='ltr'>ἀπὸ</span> 
     </span>
    </p>
   </div>
   <div class='ocr_carea' id='block_1_36' title="bbox 323 2484 1895 2561">
    <p class='ocr_par' dir='ltr' id='par_1_36' title="bbox 323 2484 1895 2561">
     <span class='ocr_line' id='line_1_36' title="bbox 323 2484 1895 2561; baseline 0.007 -24"><span class='ocrx_word' id='word_1_247' title='bbox 323 2484 438 2538; x_wconf 82' lang='grc' dir='ltr'><strong>τῶν</strong></span> <span class='ocrx_word' id='word_1_248' title='bbox 513 2486 864 2557; x_wconf 78' lang='grc' dir='ltr'><strong>ἐγγιζόντων</strong></span> <span class='ocrx_word' id='word_1_249' title='bbox 902 2508 1026 2558; x_wconf 81' lang='grc' dir='ltr'>μοι,</span> <span class='ocrx_word' id='word_1_250' title='bbox 1055 2490 1142 2544; x_wconf 81' lang='grc' dir='ltr'>ὅτι</span> <span class='ocrx_word' id='word_1_251' title='bbox 1173 2491 1243 2545; x_wconf 83' lang='grc' dir='ltr'>ἐν</span> <span class='ocrx_word' id='word_1_252' title='bbox 1297 2493 1553 2560; x_wconf 72' lang='grc' dir='ltr'><strong>πολλοῖς</strong></span> <span class='ocrx_word' id='word_1_253' title='bbox 1581 2487 1743 2561; x_wconf 78' lang='grc' dir='ltr'>ἦσαν</span> <span class='ocrx_word' id='word_1_254' title='bbox 1773 2494 1895 2548; x_wconf 86' lang='grc' dir='ltr'>σὺν</span> 
     </span>
    </p>
   </div>
   <div class='ocr_carea' id='block_1_37' title="bbox 322 2579 1892 2655">
    <p class='ocr_par' dir='ltr' id='par_1_37' title="bbox 322 2579 1892 2655">
     <span class='ocr_line' id='line_1_37' title="bbox 322 2579 1892 2655; baseline 0.005 -24"><span class='ocrx_word' id='word_1_255' title='bbox 322 2579 470 2645; x_wconf 76' lang='grc' dir='ltr'>ἐμοί.</span> <span class='ocrx_word' id='word_1_256' title='bbox 503 2609 576 2619; x_wconf 90' lang='grc'><strong><em>-</em></strong></span> <span class='ocrx_word' id='word_1_257' title='bbox 621 2581 724 2635; x_wconf 88' lang='grc' dir='ltr'>Ἐν</span> <span class='ocrx_word' id='word_1_258' title='bbox 763 2579 998 2650; x_wconf 71' lang='grc' dir='ltr'>εἰρήνῃ,</span> <span class='ocrx_word' id='word_1_259' title='bbox 1047 2582 1168 2635; x_wconf 74' lang='grc' dir='ltr'>ἀντὶ</span> <span class='ocrx_word' id='word_1_260' title='bbox 1201 2583 1510 2655; x_wconf 75' lang='grc' dir='ltr'>τοῦ,χωρὶς</span> <span class='ocrx_word' id='word_1_261' title='bbox 1542 2584 1728 2638; x_wconf 84' lang='grc' dir='ltr'>πόνου.</span> <span class='ocrx_word' id='word_1_262' title='bbox 1767 2585 1892 2653; x_wconf 84' lang='grc' dir='ltr'><strong>Ἐγ-</strong></span> 
     </span>
    </p>
   </div>
   <div class='ocr_carea' id='block_1_38' title="bbox 320 2670 1891 2743">
    <p class='ocr_par' dir='ltr' id='par_1_38' title="bbox 320 2670 1891 2743">
     <span class='ocr_line' id='line_1_38' title="bbox 320 2670 1891 2743; baseline 0.004 -22"><span class='ocrx_word' id='word_1_263' title='bbox 320 2670 571 2738; x_wconf 76' lang='grc' dir='ltr'>γίζοντας</span> <span class='ocrx_word' id='word_1_264' title='bbox 600 2671 656 2726; x_wconf 87' lang='grc' dir='ltr'>δὲ</span> <span class='ocrx_word' id='word_1_265' title='bbox 681 2673 838 2726; x_wconf 86' lang='grc' dir='ltr'>καλεῖ</span> <span class='ocrx_word' id='word_1_266' title='bbox 868 2673 996 2737; x_wconf 78' lang='grc' dir='ltr'>τοὺς</span> <span class='ocrx_word' id='word_1_267' title='bbox 1055 2673 1202 2742; x_wconf 74' lang='grc' dir='ltr'>ἀμερὶ</span> <span class='ocrx_word' id='word_1_268' title='bbox 1229 2674 1321 2728; x_wconf 83' lang='grc' dir='ltr'>τὸν</span> <span class='ocrx_word' id='word_1_269' title='bbox 1351 2675 1544 2741; x_wconf 65' lang='grc' dir='ltr'>Σαοὺλ,</span> <span class='ocrx_word' id='word_1_270' title='bbox 1571 2674 1648 2738; x_wconf 91' lang='grc' dir='ltr'><strong>ώς</strong></span> <span class='ocrx_word' id='word_1_271' title='bbox 1687 2692 1891 2743; x_wconf 88' lang='grc' dir='ltr'>συγγε-</span> 
     </span>
    </p>
   </div>
   <div class='ocr_carea' id='block_1_39' title="bbox 319 2757 1892 2834">
    <p class='ocr_par' dir='ltr' id='par_1_39' title="bbox 319 2757 1892 2834">
     <span class='ocr_line' id='line_1_39' title="bbox 319 2757 1892 2834; baseline 0.006 -24"><span class='ocrx_word' id='word_1_272' title='bbox 319 2763 432 2821; x_wconf 79' lang='grc' dir='ltr'>νεῖς</span> <span class='ocrx_word' id='word_1_273' title='bbox 462 2762 557 2812; x_wconf 72' lang='grc' dir='ltr'>καὶ</span> <span class='ocrx_word' id='word_1_274' title='bbox 593 2762 1028 2832; x_wconf 81' lang='grc' dir='ltr'><strong>συστρατιώτας.</strong></span> <span class='ocrx_word' id='word_1_275' title='bbox 1061 2757 1200 2816; x_wconf 75' lang='grc' dir='ltr'>Εἶτα</span> <span class='ocrx_word' id='word_1_276' title='bbox 1225 2763 1408 2833; x_wconf 77' lang='grc' dir='ltr'>τίθησι</span> <span class='ocrx_word' id='word_1_277' title='bbox 1467 2765 1560 2817; x_wconf 79' lang='grc' dir='ltr'>καὶ</span> <span class='ocrx_word' id='word_1_278' title='bbox 1587 2764 1686 2834; x_wconf 82' lang='grc' dir='ltr'>τὴν</span> <span class='ocrx_word' id='word_1_279' title='bbox 1709 2765 1892 2819; x_wconf 79' lang='grc' dir='ltr'>αἰτίαν</span> 
     </span>
    </p>
   </div>
   <div class='ocr_carea' id='block_1_40' title="bbox 316 2852 1890 2925">
    <p class='ocr_par' dir='ltr' id='par_1_40' title="bbox 316 2852 1890 2925">
     <span class='ocr_line' id='line_1_40' title="bbox 316 2852 1890 2925; baseline 0.003 -20"><span class='ocrx_word' id='word_1_280' title='bbox 316 2852 417 2923; x_wconf 82' lang='grc' dir='ltr'>τῆς</span> <span class='ocrx_word' id='word_1_281' title='bbox 453 2853 774 2924; x_wconf 78' lang='grc' dir='ltr'>ὲγγύτητος,</span> <span class='ocrx_word' id='word_1_282' title='bbox 810 2855 955 2920; x_wconf 77' lang='grc' dir='ltr'>Ὅτι,</span> <span class='ocrx_word' id='word_1_283' title='bbox 986 2855 1142 2925; x_wconf 69' lang='grc' dir='ltr'>φησι,</span> <span class='ocrx_word' id='word_1_284' title='bbox 1181 2854 1320 2925; x_wconf 85' lang='grc' dir='ltr'><strong>μετά</strong></span> <span class='ocrx_word' id='word_1_285' title='bbox 1350 2854 1564 2909; x_wconf 83' lang='grc' dir='ltr'><strong>πολλῶν</strong></span> <span class='ocrx_word' id='word_1_286' title='bbox 1595 2857 1688 2909; x_wconf 74' lang='grc' dir='ltr'><strong>καὶ</strong></span> <span class='ocrx_word' id='word_1_287' title='bbox 1713 2855 1890 2910; x_wconf 79' lang='grc' dir='ltr'>ἄλλων</span> 
     </span>
    </p>
   </div>
   <div class='ocr_carea' id='block_1_41' title="bbox 319 2942 1884 3018">
    <p class='ocr_par' dir='ltr' id='par_1_41' title="bbox 319 2942 1884 3018">
     <span class='ocr_line' id='line_1_41' title="bbox 319 2942 1884 3018; baseline 0.003 -20"><span class='ocrx_word' id='word_1_288' title='bbox 319 2945 698 3013; x_wconf 80' lang='grc' dir='ltr'>στρατιωτῶν,</span> <span class='ocrx_word' id='word_1_289' title='bbox 746 2947 843 3000; x_wconf 77' lang='grc' dir='ltr'>σὺν</span> <span class='ocrx_word' id='word_1_290' title='bbox 869 2947 995 3018; x_wconf 75' lang='grc' dir='ltr'>ἐμοὶ</span> <span class='ocrx_word' id='word_1_291' title='bbox 1021 2942 1163 3018; x_wconf 75' lang='grc' dir='ltr'>ἦσαν</span> <span class='ocrx_word' id='word_1_292' title='bbox 1183 2947 1532 3018; x_wconf 84' lang='grc' dir='ltr'>διαιτώμενοι</span> <span class='ocrx_word' id='word_1_293' title='bbox 1585 2947 1680 3001; x_wconf 73' lang='grc' dir='ltr'>καὶ</span> <span class='ocrx_word' id='word_1_294' title='bbox 1719 2965 1884 3016; x_wconf 81' lang='grc' dir='ltr'>στρα·</span> 
     </span>
    </p>
   </div>
   <div class='ocr_carea' id='block_1_42' title="bbox 316 3038 625 3108">
    <p class='ocr_par' dir='ltr' id='par_1_42' title="bbox 316 3038 625 3108">
     <span class='ocr_line' id='line_1_42' title="bbox 316 3038 625 3108; baseline 0.006 -18"><span class='ocrx_word' id='word_1_295' title='bbox 316 3038 625 3108; x_wconf 87' lang='grc' dir='ltr'>τευόμενοι.</span> 
     </span>
    </p>
   </div>
   <div class='ocr_carea' id='block_1_43' title="bbox 388 3222 1889 3292">
    <p class='ocr_par' dir='ltr' id='par_1_43' title="bbox 388 3222 1889 3292">
     <span class='ocr_line' id='line_1_43' title="bbox 388 3222 1889 3292; baseline 0.002 -16"><span class='ocrx_word' id='word_1_296' title='bbox 388 3222 831 3277; x_wconf 72' lang='grc' dir='ltr'>Εἱσαιιούσεται</span> <span class='ocrx_word' id='word_1_297' title='bbox 863 3225 896 3277; x_wconf 86' lang='grc' dir='ltr'><em>ό</em></span> <span class='ocrx_word' id='word_1_298' title='bbox 926 3223 1091 3290; x_wconf 84' lang='grc' dir='ltr'>Θεὸς,</span> <span class='ocrx_word' id='word_1_299' title='bbox 1118 3224 1219 3278; x_wconf 76' lang='grc' dir='ltr'>καὶ</span> <span class='ocrx_word' id='word_1_300' title='bbox 1273 3223 1628 3278; x_wconf 75' lang='grc' dir='ltr'>ταπεινώσει</span> <span class='ocrx_word' id='word_1_301' title='bbox 1668 3230 1889 3292; x_wconf 81' lang='grc' dir='ltr'>αυτούς</span> 
     </span>
    </p>
   </div>
   <div class='ocr_carea' id='block_1_44' title="bbox 314 3315 1892 3386">
    <p class='ocr_par' dir='ltr' id='par_1_44' title="bbox 314 3315 1892 3386">
     <span class='ocr_line' id='line_1_44' title="bbox 314 3315 1892 3386; baseline -0.001 -16"><span class='ocrx_word' id='word_1_302' title='bbox 314 3317 349 3370; x_wconf 86' lang='grc' dir='ltr'><em>ὁ</em></span> <span class='ocrx_word' id='word_1_303' title='bbox 401 3315 692 3384; x_wconf 81' lang='grc' dir='ltr'><strong>ὑπάρχων</strong></span> <span class='ocrx_word' id='word_1_304' title='bbox 718 3315 831 3383; x_wconf 80' lang='grc' dir='ltr'>πρὸ</span> <span class='ocrx_word' id='word_1_305' title='bbox 860 3315 981 3369; x_wconf 78' lang='grc' dir='ltr'><strong>τῶν</strong></span> <span class='ocrx_word' id='word_1_306' title='bbox 1006 3315 1255 3371; x_wconf 83' lang='grc' dir='ltr'>αἰώνων.</span> <span class='ocrx_word' id='word_1_307' title='bbox 1287 3316 1458 3380; x_wconf 74' lang='grc' dir='ltr'>Αὐτὸς</span> <span class='ocrx_word' id='word_1_308' title='bbox 1486 3316 1596 3386; x_wconf 82' lang='grc' dir='ltr'><strong>γὰρ</strong></span> <span class='ocrx_word' id='word_1_309' title='bbox 1667 3316 1892 3386; x_wconf 79' lang='grc' dir='ltr'>ἐποίησε</span> 
     </span>
    </p>
   </div>
   <div class='ocr_carea' id='block_1_45' title="bbox 309 3407 1893 3479">
    <p class='ocr_par' dir='ltr' id='par_1_45' title="bbox 309 3407 1893 3479">
     <span class='ocr_line' id='line_1_45' title="bbox 309 3407 1893 3479; baseline 0.003 -21"><span class='ocrx_word' id='word_1_310' title='bbox 309 3407 447 3470; x_wconf 79' lang='grc' dir='ltr'>τοὺς</span> <span class='ocrx_word' id='word_1_311' title='bbox 477 3407 676 3472; x_wconf 82' lang='grc' dir='ltr'>αἰῶνας</span> <span class='ocrx_word' id='word_1_312' title='bbox 696 3423 710 3439; x_wconf 90' lang='grc'><strong>·</strong></span> <span class='ocrx_word' id='word_1_313' title='bbox 745 3407 825 3460; x_wconf 84' lang='grc' dir='ltr'>διὸ</span> <span class='ocrx_word' id='word_1_314' title='bbox 845 3407 942 3459; x_wconf 74' lang='grc' dir='ltr'>καὶ</span> <span class='ocrx_word' id='word_1_315' title='bbox 963 3407 1071 3479; x_wconf 80' lang='grc' dir='ltr'>πρὸ</span> <span class='ocrx_word' id='word_1_316' title='bbox 1092 3408 1200 3462; x_wconf 89' lang='grc' dir='ltr'><strong>τῶν</strong></span> <span class='ocrx_word' id='word_1_317' title='bbox 1230 3407 1444 3462; x_wconf 86' lang='grc' dir='ltr'>αἰώνων</span> <span class='ocrx_word' id='word_1_318' title='bbox 1495 3408 1768 3479; x_wconf 80' lang='grc' dir='ltr'>ὑπάρχειν</span> <span class='ocrx_word' id='word_1_319' title='bbox 1798 3408 1893 3462; x_wconf 84' lang='grc' dir='ltr'>λέ-</span> 
     </span>
    </p>
   </div>
   <div class='ocr_carea' id='block_1_46' title="bbox 310 3513 496 3566">
    <p class='ocr_par' dir='ltr' id='par_1_46' title="bbox 310 3513 496 3566">
     <span class='ocr_line' id='line_1_46' title="bbox 310 3513 496 3566; baseline 0.016 -16"><span class='ocrx_word' id='word_1_320' title='bbox 310 3513 496 3566; x_wconf 85' lang='grc' dir='ltr'>γεται.</span> 
     </span>
    </p>
   </div>
   <div class='ocr_carea' id='block_1_47' title="bbox 380 3589 1893 3663">
    <p class='ocr_par' dir='ltr' id='par_1_47' title="bbox 380 3589 1893 3663">
     <span class='ocr_line' id='line_1_47' title="bbox 380 3589 1893 3663; baseline 0.003 -20"><span class='ocrx_word' id='word_1_321' title='bbox 380 3592 469 3644; x_wconf 84' lang='grc' dir='ltr'><strong><em>Οὐ</em></strong></span> <span class='ocrx_word' id='word_1_322' title='bbox 501 3589 614 3659; x_wconf 75' lang='grc' dir='ltr'>γάρ</span> <span class='ocrx_word' id='word_1_323' title='bbox 637 3591 809 3644; x_wconf 79' lang='grc' dir='ltr'>ἐστιν</span> <span class='ocrx_word' id='word_1_324' title='bbox 832 3591 1039 3656; x_wconf 80' lang='grc' dir='ltr'>αὐτοῖς</span> <span class='ocrx_word' id='word_1_325' title='bbox 1060 3592 1477 3663; x_wconf 73' lang='grc' dir='ltr'>ἀντάλλαγμα,</span> <span class='ocrx_word' id='word_1_326' title='bbox 1505 3592 1594 3648; x_wconf 81' lang='grc' dir='ltr'>ὅτι</span> <span class='ocrx_word' id='word_1_327' title='bbox 1615 3594 1728 3648; x_wconf 81' lang='grc' dir='ltr'><strong>οὐκ</strong></span> <span class='ocrx_word' id='word_1_328' title='bbox 1755 3593 1893 3662; x_wconf 70' lang='grc' dir='ltr'><strong>ἐφο-</strong></span> 
     </span>
    </p>
   </div>
   <div class='ocr_carea' id='block_1_48' title="bbox 314 3685 1893 3756">
    <p class='ocr_par' dir='ltr' id='par_1_48' title="bbox 314 3685 1893 3756">
     <span class='ocr_line' id='line_1_48' title="bbox 314 3685 1893 3756; baseline 0.001 -18"><span class='ocrx_word' id='word_1_329' title='bbox 314 3685 600 3752; x_wconf 75' lang='grc' dir='ltr'>ϐήθησαν</span> <span class='ocrx_word' id='word_1_330' title='bbox 633 3685 740 3738; x_wconf 81' lang='grc' dir='ltr'>τόν</span> <span class='ocrx_word' id='word_1_331' title='bbox 776 3686 944 3740; x_wconf 87' lang='grc' dir='ltr'>Θεόν.</span> <span class='ocrx_word' id='word_1_332' title='bbox 971 3685 1084 3738; x_wconf 78' lang='grc' dir='ltr'>Οὐκ</span> <span class='ocrx_word' id='word_1_333' title='bbox 1134 3685 1274 3749; x_wconf 79' lang='grc' dir='ltr'>ἔστι,</span> <span class='ocrx_word' id='word_1_334' title='bbox 1307 3687 1491 3756; x_wconf 67' lang='grc' dir='ltr'>φησιν,</span> <span class='ocrx_word' id='word_1_335' title='bbox 1523 3687 1708 3748; x_wconf 79' lang='grc' dir='ltr'>αὐτοῖς</span> <span class='ocrx_word' id='word_1_336' title='bbox 1733 3687 1893 3740; x_wconf 80' lang='grc' dir='ltr'>ἐναλ-</span> 
     </span>
    </p>
   </div>
   <div class='ocr_carea' id='block_1_49' title="bbox 313 3775 1893 3848">
    <p class='ocr_par' dir='ltr' id='par_1_49' title="bbox 313 3775 1893 3848">
     <span class='ocr_line' id='line_1_49' title="bbox 313 3775 1893 3848; baseline 0.003 -20"><span class='ocrx_word' id='word_1_337' title='bbox 313 3776 480 3845; x_wconf 80' lang='grc' dir='ltr'>λαγὴ,</span> <span class='ocrx_word' id='word_1_338' title='bbox 515 3775 625 3830; x_wconf 86' lang='grc' dir='ltr'>ἀπὸ</span> <span class='ocrx_word' id='word_1_339' title='bbox 645 3779 744 3847; x_wconf 71' lang='grc' dir='ltr'>τῆς</span> <span class='ocrx_word' id='word_1_340' title='bbox 769 3777 966 3838; x_wconf 72' lang='grc' dir='ltr'>κακίας</span> <span class='ocrx_word' id='word_1_341' title='bbox 982 3779 1062 3840; x_wconf 85' lang='grc' dir='ltr'><strong>εἰς</strong></span> <span class='ocrx_word' id='word_1_342' title='bbox 1091 3777 1450 3848; x_wconf 81' lang='grc' dir='ltr'>ἀγαθωσύνην</span> <span class='ocrx_word' id='word_1_343' title='bbox 1470 3792 1484 3808; x_wconf 83' lang='lat'><strong><em>°</em></strong></span> <span class='ocrx_word' id='word_1_344' title='bbox 1545 3776 1663 3830; x_wconf 84' lang='grc' dir='ltr'><strong>ἀλλ’</strong></span> <span class='ocrx_word' id='word_1_345' title='bbox 1683 3779 1893 3848; x_wconf 78' lang='grc' dir='ltr'>ἀμετά-</span> 
     </span>
    </p>
   </div>
   <div class='ocr_carea' id='block_1_50' title="bbox 313 3868 1891 3940">
    <p class='ocr_par' dir='ltr' id='par_1_50' title="bbox 313 3868 1891 3940">
     <span class='ocr_line' id='line_1_50' title="bbox 313 3868 1891 3940; baseline 0.003 -20"><span class='ocrx_word' id='word_1_346' title='bbox 313 3869 507 3938; x_wconf 77' lang='grc' dir='ltr'>ϐλητοι</span> <span class='ocrx_word' id='word_1_347' title='bbox 565 3873 821 3938; x_wconf 76' lang='grc' dir='ltr'>μένουσιν</span> <span class='ocrx_word' id='word_1_348' title='bbox 846 3884 860 3900; x_wconf 81' lang='grc'><em>’</em></span> <span class='ocrx_word' id='word_1_349' title='bbox 924 3868 1068 3922; x_wconf 81' lang='grc' dir='ltr'>οὕτω</span> <span class='ocrx_word' id='word_1_350' title='bbox 1117 3871 1226 3938; x_wconf 81' lang='grc' dir='ltr'>γὰρ</span> <span class='ocrx_word' id='word_1_351' title='bbox 1251 3871 1279 3920; x_wconf 85' lang='grc' dir='ltr'><strong>δ</strong></span> <span class='ocrx_word' id='word_1_352' title='bbox 1317 3869 1616 3940; x_wconf 81' lang='grc' dir='ltr'><strong>Σύμμαχος</strong></span> <span class='ocrx_word' id='word_1_353' title='bbox 1639 3869 1891 3934; x_wconf 77' lang='grc' dir='ltr'>ἐξέδωκε.</span> 
     </span>
    </p>
   </div>
   <div class='ocr_carea' id='block_1_51' title="bbox 314 3961 1894 4034">
    <p class='ocr_par' dir='ltr' id='par_1_51' title="bbox 314 3961 1894 4034">
     <span class='ocr_line' id='line_1_51' title="bbox 314 3961 1894 4034; baseline 0.002 -19"><span class='ocrx_word' id='word_1_354' title='bbox 314 3963 586 4029; x_wconf 87' lang='grc' dir='ltr'>Λέγοιντο</span> <span class='ocrx_word' id='word_1_355' title='bbox 620 3961 665 4014; x_wconf 85' lang='grc' dir='ltr'>δ’</span> <span class='ocrx_word' id='word_1_356' title='bbox 697 3961 762 4015; x_wconf 79' lang='grc' dir='ltr'><strong>ἀν</strong></span> <span class='ocrx_word' id='word_1_357' title='bbox 791 3961 961 4015; x_wconf 79' lang='grc' dir='ltr'>ταῦτα</span> <span class='ocrx_word' id='word_1_358' title='bbox 1017 3961 1117 4015; x_wconf 71' lang='grc' dir='ltr'>καὶ</span> <span class='ocrx_word' id='word_1_359' title='bbox 1174 3965 1317 4016; x_wconf 77' lang='grc' dir='ltr'>κατὰ</span> <span class='ocrx_word' id='word_1_360' title='bbox 1351 3964 1460 4016; x_wconf 91' lang='grc' dir='ltr'><strong>τῶν</strong></span> <span class='ocrx_word' id='word_1_361' title='bbox 1495 3965 1894 4034; x_wconf 83' lang='grc' dir='ltr'>χριστοκτόνων</span> 
     </span>
    </p>
   </div>
   <div class='ocr_carea' id='block_1_52' title="bbox 324 4055 1895 4128">
    <p class='ocr_par' dir='ltr' id='par_1_52' title="bbox 324 4055 1895 4128">
     <span class='ocr_line' id='line_1_52' title="bbox 324 4055 1895 4128; baseline 0.003 -22"><span class='ocrx_word' id='word_1_362' title='bbox 324 4055 604 4107; x_wconf 79' lang='grc' dir='ltr'>Ἰουδαίων</span> <span class='ocrx_word' id='word_1_363' title='bbox 637 4071 652 4086; x_wconf 88' lang='grc'><strong>·</strong></span> <span class='ocrx_word' id='word_1_364' title='bbox 711 4056 1130 4126; x_wconf 70' lang='grc' dir='ltr'>ἐπαρασάμενος</span> <span class='ocrx_word' id='word_1_365' title='bbox 1179 4056 1290 4127; x_wconf 79' lang='grc' dir='ltr'>γὰρ</span> <span class='ocrx_word' id='word_1_366' title='bbox 1344 4057 1532 4121; x_wconf 82' lang='grc' dir='ltr'>αὐτοῖς</span> <span class='ocrx_word' id='word_1_367' title='bbox 1585 4058 1718 4122; x_wconf 86' lang='grc' dir='ltr'>ἀνω,</span> <span class='ocrx_word' id='word_1_368' title='bbox 1760 4059 1895 4128; x_wconf 74' lang='grc' dir='ltr'>φησὶ</span> 
     </span>
    </p>
   </div>
   <div class='ocr_carea' id='block_1_53' title="bbox 313 4145 1896 4216">
    <p class='ocr_par' dir='ltr' id='par_1_53' title="bbox 313 4145 1896 4216">
     <span class='ocr_line' id='line_1_53' title="bbox 313 4145 1896 4216; baseline 0.001 -18"><span class='ocrx_word' id='word_1_369' title='bbox 313 4146 432 4210; x_wconf 76' lang='grc' dir='ltr'>νῦν,</span> <span class='ocrx_word' id='word_1_370' title='bbox 467 4145 554 4198; x_wconf 85' lang='grc' dir='ltr'>ὃτι</span> <span class='ocrx_word' id='word_1_371' title='bbox 581 4145 975 4199; x_wconf 83' lang='grc' dir='ltr'>Εἰσακούσεταί</span> <span class='ocrx_word' id='word_1_372' title='bbox 1009 4163 1109 4215; x_wconf 89' lang='grc' dir='ltr'><strong>μου</strong></span> <span class='ocrx_word' id='word_1_373' title='bbox 1135 4148 1164 4199; x_wconf 81' lang='grc' dir='ltr'><strong>ὁ</strong></span> <span class='ocrx_word' id='word_1_374' title='bbox 1194 4147 1452 4216; x_wconf 78' lang='grc' dir='ltr'>Χριστὸς.</span> <span class='ocrx_word' id='word_1_375' title='bbox 1486 4149 1582 4200; x_wconf 67' lang='grc' dir='ltr'>καὶ</span> <span class='ocrx_word' id='word_1_376' title='bbox 1627 4147 1896 4201; x_wconf 83' lang='grc' dir='ltr'>ταπεινώ-</span> 
     </span>
    </p>
   </div>
   <div class='ocr_carea' id='block_1_54' title="bbox 314 4237 1892 4313">
    <p class='ocr_par' dir='ltr' id='par_1_54' title="bbox 314 4237 1892 4313">
     <span class='ocr_line' id='line_1_54' title="bbox 314 4237 1892 4313; baseline 0.001 -22"><span class='ocrx_word' id='word_1_377' title='bbox 314 4253 398 4291; x_wconf 76' lang='grc' dir='ltr'><strong>σει</strong></span> <span class='ocrx_word' id='word_1_378' title='bbox 439 4237 663 4300; x_wconf 78' lang='grc' dir='ltr'>αὐτούς.</span> <span class='ocrx_word' id='word_1_379' title='bbox 722 4238 833 4291; x_wconf 74' lang='grc' dir='ltr'><strong>Καὶ</strong></span> <span class='ocrx_word' id='word_1_380' title='bbox 883 4238 993 4307; x_wconf 78' lang='grc' dir='ltr'>γὰρ</span> <span class='ocrx_word' id='word_1_381' title='bbox 1019 4239 1068 4291; x_wconf 91' lang='grc' dir='ltr'><strong>οἰ</strong></span> <span class='ocrx_word' id='word_1_382' title='bbox 1104 4239 1206 4308; x_wconf 77' lang='grc' dir='ltr'>μὲν</span> <span class='ocrx_word' id='word_1_383' title='bbox 1285 4239 1633 4313; x_wconf 80' lang='grc' dir='ltr'>ἀνῃρέθησαν</span> <span class='ocrx_word' id='word_1_384' title='bbox 1665 4254 1680 4269; x_wconf 88' lang='grc'><strong>·</strong></span> <span class='ocrx_word' id='word_1_385' title='bbox 1719 4240 1768 4292; x_wconf 85' lang='grc' dir='ltr'><strong>οἰ</strong></span> <span class='ocrx_word' id='word_1_386' title='bbox 1813 4239 1892 4304; x_wconf 79' lang='grc' dir='ltr'>δὲ,</span> 
     </span>
    </p>
   </div>
   <div class='ocr_carea' id='block_1_55' title="bbox 1995 1761 3566 1834">
    <p class='ocr_par' dir='ltr' id='par_1_55' title="bbox 1995 1761 3566 1834">
     <span class='ocr_line' id='line_1_55' title="bbox 1995 1761 3566 1834; baseline 0.003 -20"><span class='ocrx_word' id='word_1_387' title='bbox 1995 1761 2494 1832; x_wconf 86' lang='lat' dir='ltr'><strong>congregationes,</strong></span> <span class='ocrx_word' id='word_1_388' title='bbox 2547 1778 2642 1818; x_wconf 89' lang='lat' dir='ltr'><strong>seu</strong></span> <span class='ocrx_word' id='word_1_389' title='bbox 2681 1764 2946 1819; x_wconf 90' lang='lat' dir='ltr'><strong>collectas</strong></span> <span class='ocrx_word' id='word_1_390' title='bbox 3000 1777 3201 1818; x_wconf 85' lang='lat' dir='ltr'><strong>vocare</strong></span> <span class='ocrx_word' id='word_1_391' title='bbox 3254 1779 3566 1834; x_wconf 84' lang='lat' dir='ltr'><strong>possumus,</strong></span> 
     </span>
    </p>
   </div>
   <div class='ocr_carea' id='block_1_56' title="bbox 1993 1853 3567 1922">
    <p class='ocr_par' dir='ltr' id='par_1_56' title="bbox 1993 1853 3567 1922">
     <span class='ocr_line' id='line_1_56' title="bbox 1993 1853 3567 1922; baseline 0.003 -17"><span class='ocrx_word' id='word_1_392' title='bbox 1993 1853 2366 1922; x_wconf 86' lang='lat' dir='ltr'><strong>vespertinum</strong></span> <span class='ocrx_word' id='word_1_393' title='bbox 2399 1854 2685 1919; x_wconf 77' lang='lat' dir='ltr'><strong>nimirum,</strong></span> <span class='ocrx_word' id='word_1_394' title='bbox 2711 1857 3062 1921; x_wconf 83' lang='lat' dir='ltr'><strong>matutinum,</strong></span> <span class='ocrx_word' id='word_1_395' title='bbox 3094 1866 3150 1912; x_wconf 89' lang='lat' dir='ltr'><strong>et</strong></span> <span class='ocrx_word' id='word_1_396' title='bbox 3179 1857 3567 1912; x_wconf 91' lang='lat' dir='ltr'><strong>meridianum.</strong></span> 
     </span>
    </p>
   </div>
   <div class='ocr_carea' id='block_1_57' title="bbox 1994 1941 3568 2013">
    <p class='ocr_par' dir='ltr' id='par_1_57' title="bbox 1994 1941 3568 2013">
     <span class='ocr_line' id='line_1_57' title="bbox 1994 1941 3568 2013; baseline 0.004 -18"><span class='ocrx_word' id='word_1_397' title='bbox 1994 1941 2264 2006; x_wconf 85' lang='lat' dir='ltr'><strong>Narrabo,</strong></span> <span class='ocrx_word' id='word_1_398' title='bbox 2314 1943 2512 2013; x_wconf 88' lang='lat' dir='ltr'><strong>inquit,</strong></span> <span class='ocrx_word' id='word_1_399' title='bbox 2571 1945 2844 2000; x_wconf 86' lang='lat' dir='ltr'><strong>mirabilia</strong></span> <span class='ocrx_word' id='word_1_400' title='bbox 2879 1945 2996 2009; x_wconf 85' lang='lat' dir='ltr'><strong>Dei.</strong></span> <span class='ocrx_word' id='word_1_401' title='bbox 3032 1954 3084 2001; x_wconf 93' lang='lat' dir='ltr'><strong>et</strong></span> <span class='ocrx_word' id='word_1_402' title='bbox 3116 1949 3458 2003; x_wconf 89' lang='lat' dir='ltr'><strong>annuntiabo</strong></span> <span class='ocrx_word' id='word_1_403' title='bbox 3505 1962 3568 2002; x_wconf 89' lang='lat' dir='ltr'><strong>ea</strong></span> 
     </span>
    </p>
   </div>
   <div class='ocr_carea' id='block_1_58' title="bbox 1996 2034 3570 2104">
    <p class='ocr_par' dir='ltr' id='par_1_58' title="bbox 1996 2034 3570 2104">
     <span class='ocr_line' id='line_1_58' title="bbox 1996 2034 3570 2104; baseline 0.003 -16"><span class='ocrx_word' id='word_1_404' title='bbox 1996 2034 2255 2089; x_wconf 85' lang='lat' dir='ltr'><strong>omnibus</strong></span> <span class='ocrx_word' id='word_1_405' title='bbox 2295 2037 2391 2104; x_wconf 91' lang='lat' dir='ltr'><strong>qui</strong></span> <span class='ocrx_word' id='word_1_406' title='bbox 2430 2051 2642 2090; x_wconf 81' lang='lat' dir='ltr'><strong>mecum</strong></span> <span class='ocrx_word' id='word_1_407' title='bbox 2681 2047 2864 2100; x_wconf 91' lang='lat' dir='ltr'><strong>erunt,</strong></span> <span class='ocrx_word' id='word_1_408' title='bbox 2913 2038 2986 2091; x_wconf 88' lang='lat' dir='ltr'><strong>ita</strong></span> <span class='ocrx_word' id='word_1_409' title='bbox 3023 2047 3082 2092; x_wconf 91' lang='lat' dir='ltr'><strong>ut</strong></span> <span class='ocrx_word' id='word_1_410' title='bbox 3123 2040 3268 2093; x_wconf 89' lang='lat' dir='ltr'><strong>idem</strong></span> <span class='ocrx_word' id='word_1_411' title='bbox 3321 2039 3394 2094; x_wconf 88' lang='lat' dir='ltr'><strong>sit</strong></span> <span class='ocrx_word' id='word_1_412' title='bbox 3444 2055 3570 2094; x_wconf 87' lang='lat' dir='ltr'><strong>nar-</strong></span> 
     </span>
    </p>
   </div>
   <div class='ocr_carea' id='block_1_59' title="bbox 1996 2123 3568 2198">
    <p class='ocr_par' dir='ltr' id='par_1_59' title="bbox 1996 2123 3568 2198">
     <span class='ocr_line' id='line_1_59' title="bbox 1996 2123 3568 2198; baseline 0.004 -22"><span class='ocrx_word' id='word_1_413' title='bbox 1996 2137 2143 2187; x_wconf 89' lang='lat' dir='ltr'><strong>rare,</strong></span> <span class='ocrx_word' id='word_1_414' title='bbox 2173 2123 2320 2194; x_wconf 89' lang='lat' dir='ltr'><strong>quod</strong></span> <span class='ocrx_word' id='word_1_415' title='bbox 2358 2127 2711 2181; x_wconf 87' lang='lat' dir='ltr'><strong>annuutiare.</strong></span> <span class='ocrx_word' id='word_1_416' title='bbox 2765 2126 2856 2182; x_wconf 82' lang='lat' dir='ltr'><strong>Vel</strong></span> <span class='ocrx_word' id='word_1_417' title='bbox 2888 2129 3130 2183; x_wconf 80' lang='lat' dir='ltr'><strong>narrabo</strong></span> <span class='ocrx_word' id='word_1_418' title='bbox 3160 2128 3382 2198; x_wconf 88' lang='lat' dir='ltr'><strong>quidem</strong></span> <span class='ocrx_word' id='word_1_419' title='bbox 3420 2130 3568 2183; x_wconf 87' lang='lat' dir='ltr'><strong>anti-</strong></span> 
     </span>
    </p>
   </div>
   <div class='ocr_carea' id='block_1_60' title="bbox 1998 2207 3569 2290">
    <p class='ocr_par' dir='ltr' id='par_1_60' title="bbox 1998 2207 3569 2290">
     <span class='ocr_line' id='line_1_60' title="bbox 1998 2207 3569 2290; baseline 0.007 -25"><span class='ocrx_word' id='word_1_420' title='bbox 1998 2207 2126 2284; x_wconf 84' lang='lat' dir='ltr'><strong>qua,</strong></span> <span class='ocrx_word' id='word_1_421' title='bbox 2161 2217 2502 2272; x_wconf 91' lang='lat' dir='ltr'><strong>annuntiabo</strong></span> <span class='ocrx_word' id='word_1_422' title='bbox 2537 2227 2720 2274; x_wconf 91' lang='lat' dir='ltr'><strong>autem</strong></span> <span class='ocrx_word' id='word_1_423' title='bbox 2758 2235 2820 2274; x_wconf 85' lang='lat' dir='ltr'><strong>ea</strong></span> <span class='ocrx_word' id='word_1_424' title='bbox 2862 2236 2987 2290; x_wconf 70' lang='lat' dir='ltr'><strong>qua:</strong></span> <span class='ocrx_word' id='word_1_425' title='bbox 3038 2231 3321 2289; x_wconf 87' lang='lat' dir='ltr'><strong>postremo</strong></span> <span class='ocrx_word' id='word_1_426' title='bbox 3373 2221 3429 2274; x_wconf 90' lang='lat' dir='ltr'><strong>in</strong></span> <span class='ocrx_word' id='word_1_427' title='bbox 3481 2236 3569 2276; x_wconf 84' lang='lat' dir='ltr'><strong>me</strong></span> 
     </span>
    </p>
   </div>
   <div class='ocr_carea' id='block_1_61' title="bbox 1995 2304 2328 2361">
    <p class='ocr_par' dir='ltr' id='par_1_61' title="bbox 1995 2304 2328 2361">
     <span class='ocr_line' id='line_1_61' title="bbox 1995 2304 2328 2361; baseline 0.003 -2"><span class='ocrx_word' id='word_1_428' title='bbox 1995 2304 2141 2360; x_wconf 77' lang='lat' dir='ltr'><strong>facta</strong></span> <span class='ocrx_word' id='word_1_429' title='bbox 2177 2317 2328 2361; x_wconf 89' lang='lat' dir='ltr'><strong>sunt.</strong></span> 
     </span>
    </p>
   </div>
   <div class='ocr_carea' id='block_1_62' title="bbox 2065 2395 3568 2470">
    <p class='ocr_par' dir='ltr' id='par_1_62' title="bbox 2065 2395 3568 2470">
     <span class='ocr_line' id='line_1_62' title="bbox 2065 2395 3568 2470; baseline 0.003 -20"><span class='ocrx_word' id='word_1_430' title='bbox 2065 2395 2233 2452; x_wconf 70' lang='lat' dir='ltr'><strong>Vens.</strong></span> <span class='ocrx_word' id='word_1_431' title='bbox 2279 2397 2368 2452; x_wconf 87' lang='lat' dir='ltr'><strong>I9.</strong></span> <span class='ocrx_word' id='word_1_432' title='bbox 2418 2397 2655 2453; x_wconf 85' lang='lat' dir='ltr'><strong>Redimet</strong></span> <span class='ocrx_word' id='word_1_433' title='bbox 2707 2401 2761 2453; x_wconf 87' lang='lat' dir='ltr'><strong>in</strong></span> <span class='ocrx_word' id='word_1_434' title='bbox 2818 2417 2947 2470; x_wconf 81' lang='lat' dir='ltr'><strong>pace</strong></span> <span class='ocrx_word' id='word_1_435' title='bbox 2985 2402 3221 2454; x_wconf 77' lang='lat' dir='ltr'><strong>animum</strong></span> <span class='ocrx_word' id='word_1_436' title='bbox 3285 2417 3453 2456; x_wconf 86' lang='lat' dir='ltr'><strong>meam</strong></span> <span class='ocrx_word' id='word_1_437' title='bbox 3501 2413 3568 2455; x_wconf 80' lang='lat' dir='ltr'><strong>ao</strong></span> 
     </span>
    </p>
   </div>
   <div class='ocr_carea' id='block_1_63' title="bbox 1994 2487 3570 2560">
    <p class='ocr_par' dir='ltr' id='par_1_63' title="bbox 1994 2487 3570 2560">
     <span class='ocr_line' id='line_1_63' title="bbox 1994 2487 3570 2560; baseline 0.003 -20"><span class='ocrx_word' id='word_1_438' title='bbox 1994 2487 2551 2556; x_wconf 80' lang='lat' dir='ltr'><strong>appropinquantibus</strong></span> <span class='ocrx_word' id='word_1_439' title='bbox 2594 2489 2762 2555; x_wconf 82' lang='lat' dir='ltr'><strong>mihi;</strong></span> <span class='ocrx_word' id='word_1_440' title='bbox 2803 2491 3053 2560; x_wconf 86' lang='lat' dir='ltr'><strong>quoniam</strong></span> <span class='ocrx_word' id='word_1_441' title='bbox 3091 2491 3147 2544; x_wconf 88' lang='lat' dir='ltr'><strong>in</strong></span> <span class='ocrx_word' id='word_1_442' title='bbox 3201 2489 3382 2544; x_wconf 86' lang='lat' dir='ltr'><strong>multis</strong></span> <span class='ocrx_word' id='word_1_443' title='bbox 3421 2499 3570 2544; x_wconf 85' lang='lat' dir='ltr'><strong>erant</strong></span> 
     </span>
    </p>
   </div>
   <div class='ocr_carea' id='block_1_64' title="bbox 1995 2580 3572 2653">
    <p class='ocr_par' dir='ltr' id='par_1_64' title="bbox 1995 2580 3572 2653">
     <span class='ocr_line' id='line_1_64' title="bbox 1995 2580 3572 2653; baseline 0.003 -21"><span class='ocrx_word' id='word_1_444' title='bbox 1995 2594 2220 2632; x_wconf 82' lang='lat' dir='ltr'><strong>mecum.</strong></span> <span class='ocrx_word' id='word_1_445' title='bbox 2257 2580 2314 2632; x_wconf 90' lang='lat' dir='ltr'><strong>Iu</strong></span> <span class='ocrx_word' id='word_1_446' title='bbox 2353 2594 2508 2650; x_wconf 89' lang='lat' dir='ltr'><strong>pace,</strong></span> <span class='ocrx_word' id='word_1_447' title='bbox 2562 2580 2666 2634; x_wconf 92' lang='lat' dir='ltr'><strong>hoc</strong></span> <span class='ocrx_word' id='word_1_448' title='bbox 2705 2587 2814 2644; x_wconf 85' lang='lat' dir='ltr'><strong>est,</strong></span> <span class='ocrx_word' id='word_1_449' title='bbox 2844 2582 2963 2636; x_wconf 89' lang='lat' dir='ltr'><strong>sine</strong></span> <span class='ocrx_word' id='word_1_450' title='bbox 3003 2582 3213 2637; x_wconf 91' lang='lat' dir='ltr'><strong>labore.</strong></span> <span class='ocrx_word' id='word_1_451' title='bbox 3263 2583 3572 2653; x_wconf 86' lang='lat' dir='ltr'><strong>Appropin-</strong></span> 
     </span>
    </p>
   </div>
   <div class='ocr_carea' id='block_1_65' title="bbox 1993 2674 3568 2742">
    <p class='ocr_par' dir='ltr' id='par_1_65' title="bbox 1993 2674 3568 2742">
     <span class='ocr_line' id='line_1_65' title="bbox 1993 2674 3568 2742; baseline 0.001 -19"><span class='ocrx_word' id='word_1_452' title='bbox 1993 2679 2229 2740; x_wconf 89' lang='lat' dir='ltr'><strong>quantes</strong></span> <span class='ocrx_word' id='word_1_453' title='bbox 2263 2679 2445 2724; x_wconf 90' lang='lat' dir='ltr'><strong>autem</strong></span> <span class='ocrx_word' id='word_1_454' title='bbox 2499 2685 2595 2726; x_wconf 87' lang='lat' dir='ltr'><strong>eos</strong></span> <span class='ocrx_word' id='word_1_455' title='bbox 2651 2680 2835 2736; x_wconf 88' lang='lat' dir='ltr'><strong>vocat,</strong></span> <span class='ocrx_word' id='word_1_456' title='bbox 2894 2674 2987 2742; x_wconf 86' lang='lat' dir='ltr'><strong>qui</strong></span> <span class='ocrx_word' id='word_1_457' title='bbox 3045 2682 3206 2728; x_wconf 88' lang='lat' dir='ltr'><strong>erant</strong></span> <span class='ocrx_word' id='word_1_458' title='bbox 3250 2689 3372 2727; x_wconf 86' lang='lat' dir='ltr'><strong>cum</strong></span> <span class='ocrx_word' id='word_1_459' title='bbox 3414 2674 3568 2735; x_wconf 88' lang='lat' dir='ltr'><strong>Saul,</strong></span> 
     </span>
    </p>
   </div>
   <div class='ocr_carea' id='block_1_66' title="bbox 1993 2761 3565 2833">
    <p class='ocr_par' dir='ltr' id='par_1_66' title="bbox 1993 2761 3565 2833">
     <span class='ocr_line' id='line_1_66' title="bbox 1993 2761 3565 2833; baseline 0.001 -18"><span class='ocrx_word' id='word_1_460' title='bbox 1993 2769 2260 2830; x_wconf 87' lang='lat' dir='ltr'><strong>tanquam</strong></span> <span class='ocrx_word' id='word_1_461' title='bbox 2298 2761 2403 2817; x_wconf 85' lang='lat' dir='ltr'><strong>sibi</strong></span> <span class='ocrx_word' id='word_1_462' title='bbox 2459 2771 2726 2833; x_wconf 81' lang='lat' dir='ltr'><strong>cognatos</strong></span> <span class='ocrx_word' id='word_1_463' title='bbox 2765 2771 2927 2831; x_wconf 87' lang='lat' dir='ltr'><strong>atque</strong></span> <span class='ocrx_word' id='word_1_464' title='bbox 2954 2763 3079 2817; x_wconf 88' lang='lat' dir='ltr'><strong>olim</strong></span> <span class='ocrx_word' id='word_1_465' title='bbox 3116 2765 3565 2830; x_wconf 81' lang='lat' dir='ltr'><strong>commilitones;</strong></span> 
     </span>
    </p>
   </div>
   <div class='ocr_carea' id='block_1_67' title="bbox 1993 2853 3564 2924">
    <p class='ocr_par' dir='ltr' id='par_1_67' title="bbox 1993 2853 3564 2924">
     <span class='ocr_line' id='line_1_67' title="bbox 1993 2853 3564 2924; baseline 0 -15"><span class='ocrx_word' id='word_1_466' title='bbox 1993 2853 2192 2909; x_wconf 89' lang='lat' dir='ltr'><strong>deinde</strong></span> <span class='ocrx_word' id='word_1_467' title='bbox 2234 2853 2668 2922; x_wconf 89' lang='lat' dir='ltr'><strong>pr0pinquitatis</strong></span> <span class='ocrx_word' id='word_1_468' title='bbox 2723 2856 2990 2909; x_wconf 89' lang='lat' dir='ltr'><strong>rationem</strong></span> <span class='ocrx_word' id='word_1_469' title='bbox 3046 2859 3220 2924; x_wconf 88' lang='lat' dir='ltr'><strong>ponit.</strong></span> <span class='ocrx_word' id='word_1_470' title='bbox 3271 2855 3564 2921; x_wconf 82' lang='lat' dir='ltr'><strong>Quoniam,</strong></span> 
     </span>
    </p>
   </div>
   <div class='ocr_carea' id='block_1_68' title="bbox 1994 2943 3568 3012">
    <p class='ocr_par' dir='ltr' id='par_1_68' title="bbox 1994 2943 3568 3012">
     <span class='ocr_line' id='line_1_68' title="bbox 1994 2943 3568 3012; baseline 0.001 -16"><span class='ocrx_word' id='word_1_471' title='bbox 1994 2944 2191 3012; x_wconf 89' lang='lat' dir='ltr'><strong>inquit,</strong></span> <span class='ocrx_word' id='word_1_472' title='bbox 2223 2943 2386 2998; x_wconf 91' lang='lat' dir='ltr'><strong>simul</strong></span> <span class='ocrx_word' id='word_1_473' title='bbox 2415 2958 2539 2997; x_wconf 86' lang='lat' dir='ltr'><strong>cum</strong></span> <span class='ocrx_word' id='word_1_474' title='bbox 2571 2943 2756 2998; x_wconf 90' lang='lat' dir='ltr'><strong>multis</strong></span> <span class='ocrx_word' id='word_1_475' title='bbox 2790 2943 2913 2998; x_wconf 88' lang='lat' dir='ltr'><strong>aliis</strong></span> <span class='ocrx_word' id='word_1_476' title='bbox 2943 2946 3209 2998; x_wconf 83' lang='lat' dir='ltr'><strong>militibus</strong></span> <span class='ocrx_word' id='word_1_477' title='bbox 3236 2953 3397 2998; x_wconf 87' lang='lat' dir='ltr'><strong>antea</strong></span> <span class='ocrx_word' id='word_1_478' title='bbox 3454 2958 3568 2998; x_wconf 87' lang='lat' dir='ltr'><strong>me-</strong></span> 
     </span>
    </p>
   </div>
   <div class='ocr_carea' id='block_1_69' title="bbox 1999 3031 3567 3102">
    <p class='ocr_par' dir='ltr' id='par_1_69' title="bbox 1999 3031 3567 3102">
     <span class='ocr_line' id='line_1_69' title="bbox 1999 3031 3567 3102; baseline -0.001 -15"><span class='ocrx_word' id='word_1_479' title='bbox 1999 3048 2124 3087; x_wconf 92' lang='lat' dir='ltr'><strong>cum</strong></span> <span class='ocrx_word' id='word_1_480' title='bbox 2177 3032 2402 3086; x_wconf 80' lang='lat' dir='ltr'><strong>fuerunt</strong></span> <span class='ocrx_word' id='word_1_481' title='bbox 2427 3074 2441 3099; x_wconf 92' lang='lat'><strong>,</strong></span> <span class='ocrx_word' id='word_1_482' title='bbox 2480 3031 2585 3087; x_wconf 94' lang='lat' dir='ltr'><strong>hoc</strong></span> <span class='ocrx_word' id='word_1_483' title='bbox 2614 3041 2720 3096; x_wconf 89' lang='lat' dir='ltr'><strong>est,</strong></span> <span class='ocrx_word' id='word_1_484' title='bbox 2759 3035 3022 3102; x_wconf 89' lang='lat' dir='ltr'><strong>quoniam</strong></span> <span class='ocrx_word' id='word_1_485' title='bbox 3063 3048 3277 3088; x_wconf 89' lang='lat' dir='ltr'><strong>mecum</strong></span> <span class='ocrx_word' id='word_1_486' title='bbox 3309 3031 3567 3087; x_wconf 78' lang='lat' dir='ltr'><strong>convixe-</strong></span> 
     </span>
    </p>
   </div>
   <div class='ocr_carea' id='block_1_70' title="bbox 1999 3125 3030 3187">
    <p class='ocr_par' dir='ltr' id='par_1_70' title="bbox 1999 3125 3030 3187">
     <span class='ocr_line' id='line_1_70' title="bbox 1999 3125 3030 3187; baseline -0.001 -7"><span class='ocrx_word' id='word_1_487' title='bbox 1999 3134 2145 3187; x_wconf 87' lang='lat' dir='ltr'><strong>rant,</strong></span> <span class='ocrx_word' id='word_1_488' title='bbox 2188 3133 2242 3178; x_wconf 91' lang='lat' dir='ltr'><strong>ct</strong></span> <span class='ocrx_word' id='word_1_489' title='bbox 2277 3139 2490 3179; x_wconf 90' lang='lat' dir='ltr'><strong>mecum</strong></span> <span class='ocrx_word' id='word_1_490' title='bbox 2515 3125 3030 3179; x_wconf 89' lang='lat' dir='ltr'><strong>commilitaverant.</strong></span> 
     </span>
    </p>
   </div>
   <div class='ocr_carea' id='block_1_71' title="bbox 2070 3209 3568 3282">
    <p class='ocr_par' dir='ltr' id='par_1_71' title="bbox 2070 3209 3568 3282">
     <span class='ocr_line' id='line_1_71' title="bbox 2070 3209 3568 3282; baseline 0.001 -17"><span class='ocrx_word' id='word_1_491' title='bbox 2070 3209 2240 3266; x_wconf 74' lang='lat' dir='ltr'><strong>Vsus.</strong></span> <span class='ocrx_word' id='word_1_492' title='bbox 2267 3211 2360 3267; x_wconf 79' lang='lat'><strong>‘20.</strong></span> <span class='ocrx_word' id='word_1_493' title='bbox 2399 3211 2666 3266; x_wconf 72' lang='lat' dir='ltr'><strong>Exaudiet</strong></span> <span class='ocrx_word' id='word_1_494' title='bbox 2708 3212 2847 3266; x_wconf 85' lang='lat' dir='ltr'><strong>Deus</strong></span> <span class='ocrx_word' id='word_1_495' title='bbox 2879 3221 2928 3266; x_wconf 90' lang='lat' dir='ltr'><strong>et</strong></span> <span class='ocrx_word' id='word_1_496' title='bbox 2967 3211 3278 3266; x_wconf 81' lang='lat' dir='ltr'><strong>humiliabit</strong></span> <span class='ocrx_word' id='word_1_497' title='bbox 3326 3230 3434 3279; x_wconf 90' lang='lat' dir='ltr'><strong>eos,</strong></span> <span class='ocrx_word' id='word_1_498' title='bbox 3479 3214 3568 3282; x_wconf 85' lang='lat' dir='ltr'><strong>qui</strong></span> 
     </span>
    </p>
   </div>
   <div class='ocr_carea' id='block_1_72' title="bbox 1999 3303 3568 3372">
    <p class='ocr_par' dir='ltr' id='par_1_72' title="bbox 1999 3303 3568 3372">
     <span class='ocr_line' id='line_1_72' title="bbox 1999 3303 3568 3372; baseline 0.002 -15"><span class='ocrx_word' id='word_1_499' title='bbox 1999 3311 2075 3357; x_wconf 89' lang='lat' dir='ltr'><strong>est</strong></span> <span class='ocrx_word' id='word_1_500' title='bbox 2105 3313 2226 3357; x_wconf 88' lang='lat' dir='ltr'><strong>ante</strong></span> <span class='ocrx_word' id='word_1_501' title='bbox 2274 3303 2488 3357; x_wconf 76' lang='lat' dir='ltr'><strong>swcula.</strong></span> <span class='ocrx_word' id='word_1_502' title='bbox 2515 3303 2636 3372; x_wconf 88' lang='lat' dir='ltr'><strong>Ipse</strong></span> <span class='ocrx_word' id='word_1_503' title='bbox 2661 3303 2860 3358; x_wconf 90' lang='lat' dir='ltr'><strong>etenim</strong></span> <span class='ocrx_word' id='word_1_504' title='bbox 2887 3303 3032 3358; x_wconf 86' lang='lat' dir='ltr'><strong>Deus</strong></span> <span class='ocrx_word' id='word_1_505' title='bbox 3055 3303 3182 3358; x_wconf 80' lang='lat' dir='ltr'><strong>fecit</strong></span> <span class='ocrx_word' id='word_1_506' title='bbox 3203 3306 3434 3371; x_wconf 82' lang='lat' dir='ltr'><strong>sa-cula;</strong></span> <span class='ocrx_word' id='word_1_507' title='bbox 3461 3319 3568 3360; x_wconf 88' lang='lat' dir='ltr'><strong>non</strong></span> 
     </span>
    </p>
   </div>
   <div class='ocr_carea' id='block_1_73' title="bbox 2001 3393 3214 3464">
    <p class='ocr_par' dir='ltr' id='par_1_73' title="bbox 2001 3393 3214 3464">
     <span class='ocr_line' id='line_1_73' title="bbox 2001 3393 3214 3464; baseline 0 -16"><span class='ocrx_word' id='word_1_508' title='bbox 2001 3394 2200 3448; x_wconf 91' lang='lat' dir='ltr'><strong>mirum</strong></span> <span class='ocrx_word' id='word_1_509' title='bbox 2231 3393 2416 3464; x_wconf 80' lang='lat' dir='ltr'><strong>igitur,</strong></span> <span class='ocrx_word' id='word_1_510' title='bbox 2451 3393 2497 3450; x_wconf 89' lang='lat' dir='ltr'><strong>si</strong></span> <span class='ocrx_word' id='word_1_511' title='bbox 2527 3405 2654 3449; x_wconf 90' lang='lat' dir='ltr'><strong>ante</strong></span> <span class='ocrx_word' id='word_1_512' title='bbox 2689 3409 2750 3448; x_wconf 83' lang='lat' dir='ltr'><strong>ea</strong></span> <span class='ocrx_word' id='word_1_513' title='bbox 2785 3393 2958 3449; x_wconf 76' lang='lat' dir='ltr'><strong>fuisse</strong></span> <span class='ocrx_word' id='word_1_514' title='bbox 2988 3394 3214 3448; x_wconf 89' lang='lat' dir='ltr'><strong>dicitur.</strong></span> 
     </span>
    </p>
   </div>
   <div class='ocr_carea' id='block_1_74' title="bbox 2072 3597 3571 3666">
    <p class='ocr_par' dir='ltr' id='par_1_74' title="bbox 2072 3597 3571 3666">
     <span class='ocr_line' id='line_1_74' title="bbox 2072 3597 3571 3666; baseline 0.001 -15"><span class='ocrx_word' id='word_1_515' title='bbox 2072 3598 2195 3652; x_wconf 90' lang='lat' dir='ltr'><strong>Non</strong></span> <span class='ocrx_word' id='word_1_516' title='bbox 2229 3608 2306 3653; x_wconf 84' lang='lat' dir='ltr'><strong>est</strong></span> <span class='ocrx_word' id='word_1_517' title='bbox 2357 3599 2494 3652; x_wconf 85' lang='lat' dir='ltr'><strong>enim</strong></span> <span class='ocrx_word' id='word_1_518' title='bbox 2547 3597 2624 3652; x_wconf 89' lang='lat' dir='ltr'><strong>eis</strong></span> <span class='ocrx_word' id='word_1_519' title='bbox 2658 3597 3032 3662; x_wconf 84' lang='lat' dir='ltr'><strong>commutatio,</strong></span> <span class='ocrx_word' id='word_1_520' title='bbox 3080 3613 3242 3666; x_wconf 80' lang='lat' dir='ltr'><strong>neque</strong></span> <span class='ocrx_word' id='word_1_521' title='bbox 3287 3597 3571 3653; x_wconf 85' lang='lat' dir='ltr'><strong>timuerunt</strong></span> 
     </span>
    </p>
   </div>
   <div class='ocr_carea' id='block_1_75' title="bbox 2000 3689 3565 3758">
    <p class='ocr_par' dir='ltr' id='par_1_75' title="bbox 2000 3689 3565 3758">
     <span class='ocr_line' id='line_1_75' title="bbox 2000 3689 3565 3758; baseline -0.001 -13"><span class='ocrx_word' id='word_1_522' title='bbox 2000 3690 2190 3746; x_wconf 86' lang='lat' dir='ltr'><strong>Deum.</strong></span> <span class='ocrx_word' id='word_1_523' title='bbox 2229 3689 2563 3752; x_wconf 89' lang='lat' dir='ltr'><strong>lmmutatio,</strong></span> <span class='ocrx_word' id='word_1_524' title='bbox 2597 3690 2795 3758; x_wconf 90' lang='lat' dir='ltr'><strong>inquit,</strong></span> <span class='ocrx_word' id='word_1_525' title='bbox 2836 3689 2983 3742; x_wconf 87' lang='lat' dir='ltr'><strong>nulla</strong></span> <span class='ocrx_word' id='word_1_526' title='bbox 3026 3689 3108 3742; x_wconf 90' lang='lat' dir='ltr'><strong>eis</strong></span> <span class='ocrx_word' id='word_1_527' title='bbox 3159 3697 3264 3751; x_wconf 88' lang='lat' dir='ltr'><strong>est,</strong></span> <span class='ocrx_word' id='word_1_528' title='bbox 3297 3704 3325 3742; x_wconf 92' lang='lat' dir='ltr'><strong>a</strong></span> <span class='ocrx_word' id='word_1_529' title='bbox 3358 3690 3565 3744; x_wconf 89' lang='lat' dir='ltr'><strong>malitia</strong></span> 
     </span>
    </p>
   </div>
   <div class='ocr_carea' id='block_1_76' title="bbox 1999 3780 3569 3846">
    <p class='ocr_par' dir='ltr' id='par_1_76' title="bbox 1999 3780 3569 3846">
     <span class='ocr_line' id='line_1_76' title="bbox 1999 3780 3569 3846; baseline -0.003 -6"><span class='ocrx_word' id='word_1_530' title='bbox 1999 3787 2067 3840; x_wconf 91' lang='lat' dir='ltr'><strong>ad</strong></span> <span class='ocrx_word' id='word_1_531' title='bbox 2099 3785 2420 3843; x_wconf 90' lang='lat' dir='ltr'><strong>bonitatem,</strong></span> <span class='ocrx_word' id='word_1_532' title='bbox 2449 3796 2476 3833; x_wconf 91' lang='lat' dir='ltr'><strong>a</strong></span> <span class='ocrx_word' id='word_1_533' title='bbox 2512 3781 2644 3834; x_wconf 90' lang='lat' dir='ltr'><strong>vitio</strong></span> <span class='ocrx_word' id='word_1_534' title='bbox 2673 3782 2740 3834; x_wconf 91' lang='lat' dir='ltr'><strong>ad</strong></span> <span class='ocrx_word' id='word_1_535' title='bbox 2771 3781 3026 3846; x_wconf 78' lang='lat' dir='ltr'><strong>virtutes,</strong></span> <span class='ocrx_word' id='word_1_536' title='bbox 3063 3780 3159 3835; x_wconf 89' lang='lat' dir='ltr'><strong>sed</strong></span> <span class='ocrx_word' id='word_1_537' title='bbox 3199 3781 3569 3836; x_wconf 89' lang='lat' dir='ltr'><strong>immutabiles</strong></span> 
     </span>
    </p>
   </div>
   <div class='ocr_carea' id='block_1_77' title="bbox 2001 3870 3569 3948">
    <p class='ocr_par' dir='ltr' id='par_1_77' title="bbox 2001 3870 3569 3948">
     <span class='ocr_line' id='line_1_77' title="bbox 2001 3870 3569 3948; baseline -0.002 -18"><span class='ocrx_word' id='word_1_538' title='bbox 2001 3881 2350 3948; x_wconf 85' lang='lat' dir='ltr'><strong>permanent.</strong></span> <span class='ocrx_word' id='word_1_539' title='bbox 2405 3872 2488 3926; x_wconf 86' lang='lat' dir='ltr'><strong>Ad</strong></span> <span class='ocrx_word' id='word_1_540' title='bbox 2542 3870 2690 3925; x_wconf 90' lang='lat' dir='ltr'><strong>hunc</strong></span> <span class='ocrx_word' id='word_1_541' title='bbox 2745 3870 2890 3923; x_wconf 88' lang='lat' dir='ltr'><strong>enim</strong></span> <span class='ocrx_word' id='word_1_542' title='bbox 2950 3885 3171 3925; x_wconf 85' lang='lat' dir='ltr'><strong>sensum</strong></span> <span class='ocrx_word' id='word_1_543' title='bbox 3207 3870 3569 3942; x_wconf 79' lang='lat' dir='ltr'><strong>Symmachus</strong></span> 
     </span>
    </p>
   </div>
   <div class='ocr_carea' id='block_1_78' title="bbox 1998 3961 3568 4031">
    <p class='ocr_par' dir='ltr' id='par_1_78' title="bbox 1998 3961 3568 4031">
     <span class='ocr_line' id='line_1_78' title="bbox 1998 3961 3568 4031; baseline -0.004 -8"><span class='ocrx_word' id='word_1_544' title='bbox 1998 3967 2260 4025; x_wconf 90' lang='lat' dir='ltr'><strong>reddidit.</strong></span> <span class='ocrx_word' id='word_1_545' title='bbox 2304 3963 2541 4020; x_wconf 85' lang='lat' dir='ltr'><strong>Possunt</strong></span> <span class='ocrx_word' id='word_1_546' title='bbox 2571 3962 2733 4017; x_wconf 90' lang='lat' dir='ltr'><strong>etiam</strong></span> <span class='ocrx_word' id='word_1_547' title='bbox 2773 3963 2886 4016; x_wconf 70' lang='lat' dir='ltr'><strong>haec</strong></span> <span class='ocrx_word' id='word_1_548' title='bbox 2911 3961 3074 4015; x_wconf 87' lang='lat' dir='ltr'><strong>verba</strong></span> <span class='ocrx_word' id='word_1_549' title='bbox 3102 3961 3338 4031; x_wconf 85' lang='lat' dir='ltr'><strong>proferri</strong></span> <span class='ocrx_word' id='word_1_550' title='bbox 3370 3964 3568 4018; x_wconf 89' lang='lat' dir='ltr'><strong>adver-</strong></span> 
     </span>
    </p>
   </div>
   <div class='ocr_carea' id='block_1_79' title="bbox 2001 4050 3568 4119">
    <p class='ocr_par' dir='ltr' id='par_1_79' title="bbox 2001 4050 3568 4119">
     <span class='ocr_line' id='line_1_79' title="bbox 2001 4050 3568 4119; baseline -0.004 -5"><span class='ocrx_word' id='word_1_551' title='bbox 2001 4074 2098 4114; x_wconf 86' lang='lat' dir='ltr'><strong>sus</strong></span> <span class='ocrx_word' id='word_1_552' title='bbox 2126 4055 2330 4112; x_wconf 88' lang='lat' dir='ltr'><strong>Christi</strong></span> <span class='ocrx_word' id='word_1_553' title='bbox 2378 4053 2677 4116; x_wconf 87' lang='lat' dir='ltr'><strong>occisores,</strong></span> <span class='ocrx_word' id='word_1_554' title='bbox 2719 4050 2959 4114; x_wconf 75' lang='lat' dir='ltr'><strong>Judicos,</strong></span> <span class='ocrx_word' id='word_1_555' title='bbox 3015 4061 3206 4107; x_wconf 86' lang='lat' dir='ltr'><strong>contra</strong></span> <span class='ocrx_word' id='word_1_556' title='bbox 3252 4065 3411 4119; x_wconf 80' lang='lat' dir='ltr'><strong>quos,</strong></span> <span class='ocrx_word' id='word_1_557' title='bbox 3442 4068 3568 4107; x_wconf 92' lang='lat' dir='ltr'><strong>cum</strong></span> 
     </span>
    </p>
   </div>
   <div class='ocr_carea' id='block_1_80' title="bbox 2001 4141 3570 4219">
    <p class='ocr_par' dir='ltr' id='par_1_80' title="bbox 2001 4141 3570 4219">
     <span class='ocr_line' id='line_1_80' title="bbox 2001 4141 3570 4219; baseline -0.004 -13"><span class='ocrx_word' id='word_1_558' title='bbox 2001 4148 2256 4219; x_wconf 88' lang='lat' dir='ltr'><strong>superius</strong></span> <span class='ocrx_word' id='word_1_559' title='bbox 2281 4148 2616 4215; x_wconf 88' lang='lat' dir='ltr'><strong>imprecatus</strong></span> <span class='ocrx_word' id='word_1_560' title='bbox 2645 4143 2831 4207; x_wconf 81' lang='lat' dir='ltr'><strong>fuerit,</strong></span> <span class='ocrx_word' id='word_1_561' title='bbox 2856 4143 3016 4197; x_wconf 89' lang='lat' dir='ltr'><strong>modo</strong></span> <span class='ocrx_word' id='word_1_562' title='bbox 3039 4143 3113 4197; x_wconf 90' lang='lat' dir='ltr'><strong>ait</strong></span> <span class='ocrx_word' id='word_1_563' title='bbox 3138 4157 3151 4194; x_wconf 88' lang='lat'><strong>:</strong></span> <span class='ocrx_word' id='word_1_564' title='bbox 3184 4141 3453 4199; x_wconf 79' lang='lat' dir='ltr'><strong>Exaudiet</strong></span> <span class='ocrx_word' id='word_1_565' title='bbox 3483 4160 3570 4200; x_wconf 87' lang='lat' dir='ltr'><strong>me</strong></span> 
     </span>
    </p>
   </div>
   <div class='ocr_carea' id='block_1_81' title="bbox 1998 4234 3570 4304">
    <p class='ocr_par' dir='ltr' id='par_1_81' title="bbox 1998 4234 3570 4304">
     <span class='ocr_line' id='line_1_81' title="bbox 1998 4234 3570 4304; baseline -0.006 -6"><span class='ocrx_word' id='word_1_566' title='bbox 1998 4242 2279 4303; x_wconf 79' lang='lat' dir='ltr'><strong>Christus,</strong></span> <span class='ocrx_word' id='word_1_567' title='bbox 2331 4245 2385 4292; x_wconf 86' lang='lat' dir='ltr'><strong>et</strong></span> <span class='ocrx_word' id='word_1_568' title='bbox 2426 4234 2740 4290; x_wconf 88' lang='lat' dir='ltr'><strong>humiliabit</strong></span> <span class='ocrx_word' id='word_1_569' title='bbox 2769 4249 2862 4290; x_wconf 86' lang='lat' dir='ltr'><strong>eos</strong></span> <span class='ocrx_word' id='word_1_570' title='bbox 2905 4250 2919 4287; x_wconf 88' lang='lat'><strong>:</strong></span> <span class='ocrx_word' id='word_1_571' title='bbox 2961 4234 3429 4304; x_wconf 89' lang='lat' dir='ltr'><strong>quemadmodum</strong></span> <span class='ocrx_word' id='word_1_572' title='bbox 3485 4235 3570 4289; x_wconf 80' lang='lat' dir='ltr'><strong>fa-</strong></span> 
     </span>
    </p>
   </div>
   <div class='ocr_carea' id='block_1_82' title="bbox 316 4319 1892 4412">
    <p class='ocr_par' dir='ltr' id='par_1_82' title="bbox 316 4329 1892 4400">
     <span class='ocr_line' id='line_1_82' title="bbox 316 4329 1892 4400; baseline 0 -16"><span class='ocrx_word' id='word_1_573' title='bbox 316 4329 787 4400; x_wconf 80' lang='grc' dir='ltr'>περιλειφθέντες,</span> <span class='ocrx_word' id='word_1_574' title='bbox 849 4331 1336 4400; x_wconf 77' lang='grc' dir='ltr'>τεταπεινωμένοι,</span> <span class='ocrx_word' id='word_1_575' title='bbox 1391 4333 1553 4384; x_wconf 75' lang='grc' dir='ltr'>παντὶ</span> <span class='ocrx_word' id='word_1_576' title='bbox 1600 4329 1892 4384; x_wconf 74' lang='grc' dir='ltr'>ἔθνειδου-</span> 
     </span>
    </p>
   </div>
   <div class='ocr_carea' id='block_1_83' title="bbox 1996 4319 3565 4412">
    <p class='ocr_par' dir='ltr' id='par_1_83' title="bbox 2000 4319 3565 4386">
     <span class='ocr_line' id='line_1_83' title="bbox 2000 4319 3565 4386; baseline -0.008 -1"><span class='ocrx_word' id='word_1_577' title='bbox 2000 4338 2148 4386; x_wconf 90' lang='lat' dir='ltr'><strong>ctum</strong></span> <span class='ocrx_word' id='word_1_578' title='bbox 2182 4328 2454 4382; x_wconf 80' lang='lat' dir='ltr'><strong>videmus.</strong></span> <span class='ocrx_word' id='word_1_579' title='bbox 2506 4322 2612 4377; x_wconf 82' lang='lat' dir='ltr'><strong>Alii</strong></span> <span class='ocrx_word' id='word_1_580' title='bbox 2658 4321 2859 4377; x_wconf 88' lang='lat' dir='ltr'><strong>etenim</strong></span> <span class='ocrx_word' id='word_1_581' title='bbox 2916 4335 3104 4375; x_wconf 91' lang='lat' dir='ltr'><strong>eorum</strong></span> <span class='ocrx_word' id='word_1_582' title='bbox 3163 4319 3363 4374; x_wconf 84' lang='lat' dir='ltr'><strong>sublati</strong></span> <span class='ocrx_word' id='word_1_583' title='bbox 3414 4328 3565 4384; x_wconf 88' lang='lat' dir='ltr'><strong>sunt,</strong></span> 
     </span>
    </p>
   </div>
   <div class='ocr_carea' id='block_1_84' title="bbox 315 4421 1894 4492">
    <p class='ocr_par' dir='ltr' id='par_1_84' title="bbox 315 4421 1894 4492">
     <span class='ocr_line' id='line_1_84' title="bbox 315 4421 1894 4492; baseline -0.001 -16"><span class='ocrx_word' id='word_1_584' title='bbox 315 4423 539 4477; x_wconf 83' lang='grc' dir='ltr'>λεύουσι</span> <span class='ocrx_word' id='word_1_585' title='bbox 594 4421 693 4484; x_wconf 89' lang='grc' dir='ltr'><strong>τάς</strong></span> <span class='ocrx_word' id='word_1_586' title='bbox 743 4423 981 4492; x_wconf 74' lang='grc' dir='ltr'>ἐσχάτας</span> <span class='ocrx_word' id='word_1_587' title='bbox 1045 4423 1377 4492; x_wconf 78' lang='grc' dir='ltr'>ὑπηρεσίας.</span> <span class='ocrx_word' id='word_1_588' title='bbox 1423 4421 1488 4475; x_wconf 85' lang='lat'><strong>&#39;0</strong></span> <span class='ocrx_word' id='word_1_589' title='bbox 1529 4421 1818 4490; x_wconf 82' lang='grc' dir='ltr'>ὑπάρχων</span> <span class='ocrx_word' id='word_1_590' title='bbox 1837 4422 1894 4475; x_wconf 80' lang='grc' dir='ltr'>δὲ</span> 
     </span>
    </p>
   </div>
   <div class='ocr_carea' id='block_1_85' title="bbox 318 4511 1896 4584">
    <p class='ocr_par' dir='ltr' id='par_1_85' title="bbox 318 4511 1896 4584">
     <span class='ocr_line' id='line_1_85' title="bbox 318 4511 1896 4584; baseline -0.001 -17"><span class='ocrx_word' id='word_1_591' title='bbox 318 4515 431 4582; x_wconf 79' lang='grc' dir='ltr'>πρὸ</span> <span class='ocrx_word' id='word_1_592' title='bbox 456 4513 580 4567; x_wconf 81' lang='grc' dir='ltr'><strong>τῶν</strong></span> <span class='ocrx_word' id='word_1_593' title='bbox 613 4514 862 4580; x_wconf 86' lang='grc' dir='ltr'>αἰώνων,</span> <span class='ocrx_word' id='word_1_594' title='bbox 891 4512 1032 4566; x_wconf 85' lang='grc' dir='ltr'><strong>κατά</strong></span> <span class='ocrx_word' id='word_1_595' title='bbox 1060 4513 1161 4584; x_wconf 79' lang='grc' dir='ltr'>τὴν</span> <span class='ocrx_word' id='word_1_596' title='bbox 1191 4511 1446 4583; x_wconf 67' lang='grc' dir='ltr'>θεότητω</span> <span class='ocrx_word' id='word_1_597' title='bbox 1480 4514 1572 4566; x_wconf 76' lang='grc' dir='ltr'>καὶ</span> <span class='ocrx_word' id='word_1_598' title='bbox 1605 4513 1712 4582; x_wconf 84' lang='grc' dir='ltr'>γὰρ</span> <span class='ocrx_word' id='word_1_599' title='bbox 1741 4513 1896 4566; x_wconf 71' lang='grc' dir='ltr'>αὐτοὶ</span> 
     </span>
    </p>
   </div>
   <div class='ocr_carea' id='block_1_86' title="bbox 321 4603 1896 4676">
    <p class='ocr_par' dir='ltr' id='par_1_86' title="bbox 321 4603 1896 4676">
     <span class='ocr_line' id='line_1_86' title="bbox 321 4603 1896 4676; baseline 0 -18"><span class='ocrx_word' id='word_1_600' title='bbox 321 4606 596 4676; x_wconf 63' lang='grc' dir='ltr'>ἠργμένον</span> <span class='ocrx_word' id='word_1_601' title='bbox 623 4607 686 4658; x_wconf 81' lang='grc' dir='ltr'>ὲκ</span> <span class='ocrx_word' id='word_1_602' title='bbox 711 4605 814 4675; x_wconf 82' lang='grc' dir='ltr'>τῆς</span> <span class='ocrx_word' id='word_1_603' title='bbox 847 4605 1056 4676; x_wconf 75' lang='grc' dir='ltr'>μητρὸς</span> <span class='ocrx_word' id='word_1_604' title='bbox 1084 4603 1272 4673; x_wconf 76' lang='grc' dir='ltr'>ἔλεγον</span> <span class='ocrx_word' id='word_1_605' title='bbox 1303 4605 1469 4659; x_wconf 78' lang='grc' dir='ltr'>αὐτόν</span> <span class='ocrx_word' id='word_1_606' title='bbox 1505 4621 1521 4638; x_wconf 78' lang='grc' dir='ltr'><strong><em>ο</em></strong></span> <span class='ocrx_word' id='word_1_607' title='bbox 1570 4603 1630 4658; x_wconf 78' lang='grc' dir='ltr'>τὸ</span> <span class='ocrx_word' id='word_1_608' title='bbox 1682 4604 1760 4671; x_wconf 81' lang='grc' dir='ltr'>δὲ,</span> <span class='ocrx_word' id='word_1_609' title='bbox 1813 4607 1896 4658; x_wconf 84' lang='grc' dir='ltr'><em>Οὐ</em></span> 
     </span>
    </p>
   </div>
   <div class='ocr_carea' id='block_1_87' title="bbox 318 4696 1897 4768">
    <p class='ocr_par' dir='ltr' id='par_1_87' title="bbox 318 4696 1897 4768">
     <span class='ocr_line' id='line_1_87' title="bbox 318 4696 1897 4768; baseline 0.001 -20"><span class='ocrx_word' id='word_1_610' title='bbox 318 4698 426 4768; x_wconf 64' lang='grc' dir='ltr'>γάρ</span> <span class='ocrx_word' id='word_1_611' title='bbox 449 4699 624 4750; x_wconf 82' lang='grc' dir='ltr'>ἐστιν</span> <span class='ocrx_word' id='word_1_612' title='bbox 647 4699 850 4763; x_wconf 83' lang='grc' dir='ltr'>αὐτοῖς</span> <span class='ocrx_word' id='word_1_613' title='bbox 872 4696 1244 4767; x_wconf 68' lang='grc' dir='ltr'>ἀντάλαγμα,</span> <span class='ocrx_word' id='word_1_614' title='bbox 1317 4696 1897 4768; x_wconf 65' lang='grc' dir='ltr'>προσεπινοεῖταιξωῖ)</span> 
     </span>
    </p>
   </div>
   <div class='ocr_carea' id='block_1_88' title="bbox 311 4784 1895 4859">
    <p class='ocr_par' dir='ltr' id='par_1_88' title="bbox 311 4784 1895 4859">
     <span class='ocr_line' id='line_1_88' title="bbox 311 4784 1895 4859; baseline -0.001 -15"><span class='ocrx_word' id='word_1_615' title='bbox 311 4795 411 4845; x_wconf 72' lang='grc' dir='ltr'>διαὶ</span> <span class='ocrx_word' id='word_1_616' title='bbox 435 4789 615 4852; x_wconf 75' lang='grc' dir='ltr'>ἄλλως</span> <span class='ocrx_word' id='word_1_617' title='bbox 671 4790 763 4843; x_wconf 73' lang='grc' dir='ltr'><strong>ἐπὶ</strong></span> <span class='ocrx_word' id='word_1_618' title='bbox 825 4790 1034 4845; x_wconf 74' lang='grc' dir='ltr'>τούτων</span> <span class='ocrx_word' id='word_1_619' title='bbox 1060 4806 1074 4816; x_wconf 86' lang='lat'><em>‘</em></span> <span class='ocrx_word' id='word_1_620' title='bbox 1117 4791 1201 4844; x_wconf 83' lang='grc' dir='ltr'>ὅτι</span> <span class='ocrx_word' id='word_1_621' title='bbox 1232 4788 1399 4852; x_wconf 75' lang='grc' dir='ltr'>αὐτὸς</span> <span class='ocrx_word' id='word_1_622' title='bbox 1417 4784 1486 4859; x_wconf 78' lang='grc' dir='ltr'>ἦν</span> <span class='ocrx_word' id='word_1_623' title='bbox 1527 4788 1587 4841; x_wconf 83' lang='grc' dir='ltr'>τὸ</span> <span class='ocrx_word' id='word_1_624' title='bbox 1611 4789 1895 4859; x_wconf 87' lang='grc' dir='ltr'>δεδομένον</span> 
     </span>
    </p>
   </div>
   <div class='ocr_carea' id='block_1_89' title="bbox 310 4880 1893 4952">
    <p class='ocr_par' dir='ltr' id='par_1_89' title="bbox 310 4880 1893 4952">
     <span class='ocr_line' id='line_1_89' title="bbox 310 4880 1893 4952; baseline -0.003 -16"><span class='ocrx_word' id='word_1_625' title='bbox 310 4882 460 4952; x_wconf 78' lang='grc' dir='ltr'>ὑπὲρ</span> <span class='ocrx_word' id='word_1_626' title='bbox 524 4883 742 4934; x_wconf 82' lang='grc' dir='ltr'>πάντων</span> <span class='ocrx_word' id='word_1_627' title='bbox 805 4880 1113 4951; x_wconf 87' lang='grc' dir='ltr'>ἀνθρώπων</span> <span class='ocrx_word' id='word_1_628' title='bbox 1170 4880 1494 4948; x_wconf 75' lang='grc' dir='ltr'>ἀντάλαγμα</span> <span class='ocrx_word' id='word_1_629' title='bbox 1519 4896 1534 4911; x_wconf 77' lang='grc' dir='ltr'><strong>ο</strong></span> <span class='ocrx_word' id='word_1_630' title='bbox 1586 4880 1646 4932; x_wconf 81' lang='grc' dir='ltr'>ὃν</span> <span class='ocrx_word' id='word_1_631' title='bbox 1706 4880 1893 4949; x_wconf 77' lang='grc' dir='ltr'>ἐπειδὴ</span> 
     </span>
    </p>
   </div>
   <div class='ocr_carea' id='block_1_90' title="bbox 310 4968 1898 5042">
    <p class='ocr_par' dir='ltr' id='par_1_90' title="bbox 310 4968 1898 5042">
     <span class='ocr_line' id='line_1_90' title="bbox 310 4968 1898 5042; baseline -0.001 -16"><span class='ocrx_word' id='word_1_632' title='bbox 310 4975 418 5026; x_wconf 64' lang='grc' dir='ltr'><strong>οὐκ</strong></span> <span class='ocrx_word' id='word_1_633' title='bbox 461 4973 732 5038; x_wconf 78' lang='grc' dir='ltr'>ἐδέξαντο,</span> <span class='ocrx_word' id='word_1_634' title='bbox 767 4972 869 5026; x_wconf 78' lang='grc' dir='ltr'>οὐκ</span> <span class='ocrx_word' id='word_1_635' title='bbox 895 4972 1042 5026; x_wconf 76' lang='grc' dir='ltr'>ἔστιν</span> <span class='ocrx_word' id='word_1_636' title='bbox 1065 4973 1250 5036; x_wconf 76' lang='grc' dir='ltr'>αὐτοῖς</span> <span class='ocrx_word' id='word_1_637' title='bbox 1294 4971 1484 5042; x_wconf 76' lang='grc' dir='ltr'>ἕτερον</span> <span class='ocrx_word' id='word_1_638' title='bbox 1523 4968 1675 5036; x_wconf 81' lang='grc' dir='ltr'>ἀξιον</span> <span class='ocrx_word' id='word_1_639' title='bbox 1733 4972 1898 5026; x_wconf 78' lang='grc' dir='ltr'>ἀντά-</span> 
     </span>
    </p>
   </div>
   <div class='ocr_carea' id='block_1_91' title="bbox 315 5079 528 5134">
    <p class='ocr_par' dir='ltr' id='par_1_91' title="bbox 315 5079 528 5134">
     <span class='ocr_line' id='line_1_91' title="bbox 315 5079 528 5134; baseline 0.014 -17"><span class='ocrx_word' id='word_1_640' title='bbox 315 5079 528 5134; x_wconf 71' lang='grc' dir='ltr'>Ααγμα.</span> 
     </span>
    </p>
   </div>
   <div class='ocr_carea' id='block_1_92' title="bbox 1990 4413 3565 4487">
    <p class='ocr_par' dir='ltr' id='par_1_92' title="bbox 1990 4413 3565 4487">
     <span class='ocr_line' id='line_1_92' title="bbox 1990 4413 3565 4487; baseline -0.009 -6"><span class='ocrx_word' id='word_1_641' title='bbox 1990 4423 2172 4481; x_wconf 60' lang='lat' dir='ltr'><strong>ceteri</strong></span> <span class='ocrx_word' id='word_1_642' title='bbox 2214 4431 2367 4481; x_wconf 85' lang='lat' dir='ltr'><strong>vero,</strong></span> <span class='ocrx_word' id='word_1_643' title='bbox 2401 4415 2493 4487; x_wconf 91' lang='lat' dir='ltr'><strong>qui</strong></span> <span class='ocrx_word' id='word_1_644' title='bbox 2535 4415 2710 4471; x_wconf 88' lang='lat' dir='ltr'><strong>relicti</strong></span> <span class='ocrx_word' id='word_1_645' title='bbox 2744 4413 2919 4478; x_wconf 80' lang='lat' dir='ltr'><strong>fuere,</strong></span> <span class='ocrx_word' id='word_1_646' title='bbox 2951 4413 3191 4482; x_wconf 88' lang='lat' dir='ltr'><strong>dispersi</strong></span> <span class='ocrx_word' id='word_1_647' title='bbox 3233 4427 3330 4482; x_wconf 87' lang='lat' dir='ltr'><strong>per</strong></span> <span class='ocrx_word' id='word_1_648' title='bbox 3354 4413 3565 4480; x_wconf 87' lang='lat' dir='ltr'><strong>orbem,</strong></span> 
     </span>
    </p>
   </div>
   <div class='ocr_carea' id='block_1_93' title="bbox 1992 4504 3571 4583">
    <p class='ocr_par' dir='ltr' id='par_1_93' title="bbox 1992 4504 3571 4583">
     <span class='ocr_line' id='line_1_93' title="bbox 1992 4504 3571 4583; baseline -0.01 -12"><span class='ocrx_word' id='word_1_649' title='bbox 1992 4511 2191 4583; x_wconf 85' lang='lat' dir='ltr'><strong>abjecti</strong></span> <span class='ocrx_word' id='word_1_650' title='bbox 2242 4518 2412 4578; x_wconf 88' lang='lat' dir='ltr'><strong>atque</strong></span> <span class='ocrx_word' id='word_1_651' title='bbox 2468 4505 2760 4571; x_wconf 83' lang='lat' dir='ltr'><strong>humiliati,</strong></span> <span class='ocrx_word' id='word_1_652' title='bbox 2789 4505 3047 4559; x_wconf 87' lang='lat' dir='ltr'><strong>omnibus</strong></span> <span class='ocrx_word' id='word_1_653' title='bbox 3079 4506 3330 4560; x_wconf 88' lang='lat' dir='ltr'><strong>serviunt</strong></span> <span class='ocrx_word' id='word_1_654' title='bbox 3387 4504 3571 4557; x_wconf 85' lang='lat' dir='ltr'><strong>natio-</strong></span> 
     </span>
    </p>
   </div>
   <div class='ocr_carea' id='block_1_94' title="bbox 1992 4594 3572 4668">
    <p class='ocr_par' dir='ltr' id='par_1_94' title="bbox 1992 4594 3572 4668">
     <span class='ocr_line' id='line_1_94' title="bbox 1992 4594 3572 4668; baseline -0.009 -8"><span class='ocrx_word' id='word_1_655' title='bbox 1992 4605 2179 4659; x_wconf 89' lang='lat' dir='ltr'><strong>nibus.</strong></span> <span class='ocrx_word' id='word_1_656' title='bbox 2217 4601 2282 4654; x_wconf 88' lang='lat' dir='ltr'><strong>Et</strong></span> <span class='ocrx_word' id='word_1_657' title='bbox 2313 4599 2456 4668; x_wconf 91' lang='lat' dir='ltr'><strong>quod</strong></span> <span class='ocrx_word' id='word_1_658' title='bbox 2493 4598 2569 4650; x_wconf 92' lang='lat' dir='ltr'><strong>ait</strong></span> <span class='ocrx_word' id='word_1_659' title='bbox 2600 4615 2612 4653; x_wconf 91' lang='lat'><strong>:</strong></span> <span class='ocrx_word' id='word_1_660' title='bbox 2647 4597 2752 4663; x_wconf 85' lang='lat' dir='ltr'><strong>Qui</strong></span> <span class='ocrx_word' id='word_1_661' title='bbox 2786 4606 2863 4651; x_wconf 87' lang='lat' dir='ltr'><strong>est</strong></span> <span class='ocrx_word' id='word_1_662' title='bbox 2894 4605 3020 4649; x_wconf 88' lang='lat' dir='ltr'><strong>ante</strong></span> <span class='ocrx_word' id='word_1_663' title='bbox 3062 4595 3281 4657; x_wconf 72' lang='lat' dir='ltr'><strong>sa&#39;cula,</strong></span> <span class='ocrx_word' id='word_1_664' title='bbox 3314 4595 3378 4648; x_wconf 85' lang='lat' dir='ltr'><strong>ad</strong></span> <span class='ocrx_word' id='word_1_665' title='bbox 3407 4594 3572 4648; x_wconf 88' lang='lat' dir='ltr'><strong>Chri-</strong></span> 
     </span>
    </p>
   </div>
   <div class='ocr_carea' id='block_1_95' title="bbox 1995 4688 3571 4759">
    <p class='ocr_par' dir='ltr' id='par_1_95' title="bbox 1995 4688 3571 4759">
     <span class='ocr_line' id='line_1_95' title="bbox 1995 4688 3571 4759; baseline -0.007 -6"><span class='ocrx_word' id='word_1_666' title='bbox 1995 4699 2066 4754; x_wconf 91' lang='lat' dir='ltr'><strong>sti</strong></span> <span class='ocrx_word' id='word_1_667' title='bbox 2113 4696 2466 4750; x_wconf 85' lang='lat' dir='ltr'><strong>divinitatem</strong></span> <span class='ocrx_word' id='word_1_668' title='bbox 2500 4690 2794 4746; x_wconf 81' lang='lat' dir='ltr'><strong>rel‘eratur.</strong></span> <span class='ocrx_word' id='word_1_669' title='bbox 2827 4691 2930 4759; x_wconf 84' lang='lat' dir='ltr'><strong>Ipsi</strong></span> <span class='ocrx_word' id='word_1_670' title='bbox 2981 4691 3127 4744; x_wconf 90' lang='lat' dir='ltr'><strong>enim</strong></span> <span class='ocrx_word' id='word_1_671' title='bbox 3158 4688 3328 4743; x_wconf 72' lang='lat' dir='ltr'><strong>Juilzei</strong></span> <span class='ocrx_word' id='word_1_672' title='bbox 3359 4705 3423 4743; x_wconf 78' lang='lat' dir='ltr'><strong>ex</strong></span> <span class='ocrx_word' id='word_1_673' title='bbox 3455 4691 3571 4744; x_wconf 86' lang='lat' dir='ltr'><strong>sola</strong></span> 
     </span>
    </p>
   </div>
   <div class='ocr_carea' id='block_1_96' title="bbox 2000 4780 3576 4855">
    <p class='ocr_par' dir='ltr' id='par_1_96' title="bbox 2000 4780 3576 4855">
     <span class='ocr_line' id='line_1_96' title="bbox 2000 4780 3576 4855; baseline -0.006 -10"><span class='ocrx_word' id='word_1_674' title='bbox 2000 4789 2127 4845; x_wconf 85' lang='lat' dir='ltr'><strong>Jesu</strong></span> <span class='ocrx_word' id='word_1_675' title='bbox 2186 4796 2365 4841; x_wconf 88' lang='lat' dir='ltr'><strong>matre</strong></span> <span class='ocrx_word' id='word_1_676' title='bbox 2406 4785 2736 4855; x_wconf 90' lang='lat' dir='ltr'><strong>principium</strong></span> <span class='ocrx_word' id='word_1_677' title='bbox 2800 4783 3061 4837; x_wconf 89' lang='lat' dir='ltr'><strong>habuisse</strong></span> <span class='ocrx_word' id='word_1_678' title='bbox 3097 4780 3461 4838; x_wconf 78' lang='lat' dir='ltr'><strong>aliirmabant.</strong></span> <span class='ocrx_word' id='word_1_679' title='bbox 3509 4781 3576 4836; x_wconf 85' lang='lat' dir='ltr'><strong>Et</strong></span> 
     </span>
    </p>
   </div>
   <div class='ocr_carea' id='block_1_97' title="bbox 2000 4875 3571 4952">
    <p class='ocr_par' dir='ltr' id='par_1_97' title="bbox 2000 4875 3571 4952">
     <span class='ocr_line' id='line_1_97' title="bbox 2000 4875 3571 4952; baseline -0.003 -19"><span class='ocrx_word' id='word_1_680' title='bbox 2000 4881 2145 4952; x_wconf 90' lang='lat' dir='ltr'><strong>quod</strong></span> <span class='ocrx_word' id='word_1_681' title='bbox 2178 4879 2452 4944; x_wconf 89' lang='lat' dir='ltr'><strong>sequitur,</strong></span> <span class='ocrx_word' id='word_1_682' title='bbox 2515 4875 2640 4928; x_wconf 85' lang='lat' dir='ltr'><strong>Non</strong></span> <span class='ocrx_word' id='word_1_683' title='bbox 2692 4885 2767 4929; x_wconf 87' lang='lat' dir='ltr'><strong>est</strong></span> <span class='ocrx_word' id='word_1_684' title='bbox 2821 4875 2930 4928; x_wconf 87' lang='lat' dir='ltr'><strong>illis</strong></span> <span class='ocrx_word' id='word_1_685' title='bbox 2978 4875 3347 4939; x_wconf 84' lang='lat' dir='ltr'><strong>commutatio,</strong></span> <span class='ocrx_word' id='word_1_686' title='bbox 3404 4875 3571 4928; x_wconf 87' lang='lat' dir='ltr'><strong>alium</strong></span> 
     </span>
    </p>
   </div>
   <div class='ocr_carea' id='block_1_98' title="bbox 2001 4965 3572 5036">
    <p class='ocr_par' dir='ltr' id='par_1_98' title="bbox 2001 4965 3572 5036">
     <span class='ocr_line' id='line_1_98' title="bbox 2001 4965 3572 5036; baseline -0.007 -7"><span class='ocrx_word' id='word_1_687' title='bbox 2001 4987 2228 5029; x_wconf 86' lang='lat' dir='ltr'><strong>sensum</strong></span> <span class='ocrx_word' id='word_1_688' title='bbox 2263 4971 2442 5032; x_wconf 79' lang='lat' dir='ltr'><strong>habet,</strong></span> <span class='ocrx_word' id='word_1_689' title='bbox 2479 4966 2840 5036; x_wconf 85' lang='lat' dir='ltr'><strong>intelligendo</strong></span> <span class='ocrx_word' id='word_1_690' title='bbox 2875 4967 3039 5020; x_wconf 89' lang='lat' dir='ltr'><strong>etiam</strong></span> <span class='ocrx_word' id='word_1_691' title='bbox 3077 4966 3143 5021; x_wconf 89' lang='lat' dir='ltr'><strong>de</strong></span> <span class='ocrx_word' id='word_1_692' title='bbox 3170 4965 3394 5021; x_wconf 72' lang='lat' dir='ltr'><strong>Iudicis.</strong></span> <span class='ocrx_word' id='word_1_693' title='bbox 3433 4967 3572 5032; x_wconf 87' lang='lat' dir='ltr'><strong>Quia</strong></span> 
     </span>
    </p>
   </div>
   <div class='ocr_carea' id='block_1_99' title="bbox 2003 5056 3571 5128">
    <p class='ocr_par' dir='ltr' id='par_1_99' title="bbox 2003 5056 3571 5128">
     <span class='ocr_line' id='line_1_99' title="bbox 2003 5056 3571 5128; baseline -0.008 -7"><span class='ocrx_word' id='word_1_694' title='bbox 2003 5065 2151 5121; x_wconf 87' lang='lat' dir='ltr'><strong>enim</strong></span> <span class='ocrx_word' id='word_1_695' title='bbox 2215 5061 2468 5117; x_wconf 85' lang='lat' dir='ltr'><strong>Christus</strong></span> <span class='ocrx_word' id='word_1_696' title='bbox 2516 5074 2614 5128; x_wconf 92' lang='lat' dir='ltr'><strong>pro</strong></span> <span class='ocrx_word' id='word_1_697' title='bbox 2674 5059 2934 5112; x_wconf 90' lang='lat' dir='ltr'><strong>universo</strong></span> <span class='ocrx_word' id='word_1_698' title='bbox 2989 5073 3188 5128; x_wconf 79' lang='lat' dir='ltr'><strong>genere</strong></span> <span class='ocrx_word' id='word_1_699' title='bbox 3224 5059 3464 5112; x_wconf 87' lang='lat' dir='ltr'><strong>humano</strong></span> <span class='ocrx_word' id='word_1_700' title='bbox 3516 5056 3571 5109; x_wconf 91' lang='lat' dir='ltr'><strong>in</strong></span> 
     </span>
    </p>
   </div>
   <div class='ocr_carea' id='block_1_100' title="bbox 309 5151 3576 5238">
    <p class='ocr_par' dir='ltr' id='par_1_100' title="bbox 309 5151 3576 5238">
     <span class='ocr_line' id='line_1_100' title="bbox 309 5151 3576 5238; baseline -0.003 -23"><span class='ocrx_word' id='word_1_701' title='bbox 309 5163 804 5238; x_wconf 68' lang='lat' dir='ltr'><strong>commutationem</strong></span> <span class='ocrx_word' id='word_1_702' title='bbox 839 5162 999 5214; x_wconf 83' lang='lat' dir='ltr'><strong>datus</strong></span> <span class='ocrx_word' id='word_1_703' title='bbox 1041 5168 1143 5223; x_wconf 87' lang='lat' dir='ltr'><strong>cst,</strong></span> <span class='ocrx_word' id='word_1_704' title='bbox 1180 5169 1233 5213; x_wconf 91' lang='lat' dir='ltr'><strong>et</strong></span> <span class='ocrx_word' id='word_1_705' title='bbox 1263 5158 1438 5213; x_wconf 67' lang='lat' dir='ltr'><strong>Judaei</strong></span> <span class='ocrx_word' id='word_1_706' title='bbox 1473 5160 1958 5216; x_wconf 82' lang='lat' dir='ltr'><strong>commutationem</strong></span> <span class='ocrx_word' id='word_1_707' title='bbox 1991 5162 2154 5223; x_wconf 80' lang='lat' dir='ltr'><strong>hanc,</strong></span> <span class='ocrx_word' id='word_1_708' title='bbox 2225 5157 2331 5210; x_wconf 86' lang='lat' dir='ltr'><strong>hoc</strong></span> <span class='ocrx_word' id='word_1_709' title='bbox 2415 5162 2520 5219; x_wconf 85' lang='lat' dir='ltr'><strong>cst,</strong></span> <span class='ocrx_word' id='word_1_710' title='bbox 2592 5155 2770 5224; x_wconf 85' lang='lat' dir='ltr'><strong>ipsum</strong></span> <span class='ocrx_word' id='word_1_711' title='bbox 2853 5153 3142 5208; x_wconf 84' lang='lat' dir='ltr'><strong>Dominum</strong></span> <span class='ocrx_word' id='word_1_712' title='bbox 3195 5152 3382 5208; x_wconf 85' lang='lat' dir='ltr'><strong>Jesum</strong></span> <span class='ocrx_word' id='word_1_713' title='bbox 3433 5151 3576 5206; x_wconf 89' lang='lat' dir='ltr'><strong>reci-</strong></span> 
     </span>
    </p>
   </div>
   <div class='ocr_carea' id='block_1_101' title="bbox 308 5246 2935 5326">
    <p class='ocr_par' dir='ltr' id='par_1_101' title="bbox 308 5246 2935 5326">
     <span class='ocr_line' id='line_1_101' title="bbox 308 5246 2935 5326; baseline -0.005 -15"><span class='ocrx_word' id='word_1_714' title='bbox 308 5269 450 5324; x_wconf 85' lang='lat' dir='ltr'><strong>pere</strong></span> <span class='ocrx_word' id='word_1_715' title='bbox 502 5255 817 5318; x_wconf 86' lang='lat' dir='ltr'><strong>noluerunt,</strong></span> <span class='ocrx_word' id='word_1_716' title='bbox 849 5263 1040 5321; x_wconf 85' lang='lat' dir='ltr'><strong>restat,</strong></span> <span class='ocrx_word' id='word_1_717' title='bbox 1079 5255 1256 5322; x_wconf 90' lang='lat' dir='ltr'><strong>inquit</strong></span> <span class='ocrx_word' id='word_1_718' title='bbox 1287 5252 1580 5326; x_wconf 85' lang='lat' dir='ltr'><strong>Propheta,</strong></span> <span class='ocrx_word' id='word_1_719' title='bbox 1632 5264 1692 5308; x_wconf 91' lang='lat' dir='ltr'><strong>ut</strong></span> <span class='ocrx_word' id='word_1_720' title='bbox 1723 5257 1875 5310; x_wconf 89' lang='lat' dir='ltr'><strong>nulla</strong></span> <span class='ocrx_word' id='word_1_721' title='bbox 1921 5253 2155 5324; x_wconf 88' lang='lat' dir='ltr'><strong>amplius</strong></span> <span class='ocrx_word' id='word_1_722' title='bbox 2189 5251 2294 5302; x_wconf 90' lang='lat' dir='ltr'><strong>alia</strong></span> <span class='ocrx_word' id='word_1_723' title='bbox 2333 5250 2414 5303; x_wconf 89' lang='lat' dir='ltr'><strong>eis</strong></span> <span class='ocrx_word' id='word_1_724' title='bbox 2441 5250 2513 5302; x_wconf 91' lang='lat' dir='ltr'><strong>sit</strong></span> <span class='ocrx_word' id='word_1_725' title='bbox 2553 5246 2935 5301; x_wconf 83' lang='lat' dir='ltr'><strong>commutatio.</strong></span> 
     </span>
    </p>
   </div>
   <div class='ocr_carea' id='block_1_102' title="bbox 402 5344 1890 5414">
    <p class='ocr_par' dir='ltr' id='par_1_102' title="bbox 402 5344 1890 5414">
     <span class='ocr_line' id='line_1_102' title="bbox 402 5344 1890 5414; baseline 0.002 -14"><span class='ocrx_word' id='word_1_726' title='bbox 402 5345 698 5410; x_wconf 80' lang='grc' dir='ltr'>Ἐξέτεινε</span> <span class='ocrx_word' id='word_1_727' title='bbox 737 5344 850 5414; x_wconf 82' lang='grc' dir='ltr'>τὴν</span> <span class='ocrx_word' id='word_1_728' title='bbox 882 5345 1048 5414; x_wconf 83' lang='grc' dir='ltr'>χεῖρα</span> <span class='ocrx_word' id='word_1_729' title='bbox 1081 5345 1268 5403; x_wconf 82' lang='grc' dir='ltr'>αὑτοῦ</span> <span class='ocrx_word' id='word_1_730' title='bbox 1301 5347 1369 5402; x_wconf 83' lang='grc' dir='ltr'>ἐν</span> <span class='ocrx_word' id='word_1_731' title='bbox 1405 5345 1486 5414; x_wconf 80' lang='grc' dir='ltr'>τῷ</span> <span class='ocrx_word' id='word_1_732' title='bbox 1518 5345 1890 5403; x_wconf 80' lang='grc' dir='ltr'>ἀποδιδόναι.</span> 
     </span>
    </p>
   </div>
   <div class='ocr_carea' id='block_1_103' title="bbox 396 5525 848 5583">
    <p class='ocr_par' dir='ltr' id='par_1_103' title="bbox 396 5525 848 5583">
     <span class='ocr_line' id='line_1_103' title="bbox 396 5525 848 5583; baseline -0.002 -6"><span class='ocrx_word' id='word_1_733' title='bbox 396 5526 436 5559; x_wconf 82' lang='grc'>¹¹</span> <span class='ocrx_word' id='word_1_734' title='bbox 473 5525 621 5580; x_wconf 86' lang='lat' dir='ltr'><strong>Psal.</strong></span> <span class='ocrx_word' id='word_1_735' title='bbox 651 5542 738 5583; x_wconf 68' lang='lat' dir='ltr'><strong>XL,</strong></span> <span class='ocrx_word' id='word_1_736' title='bbox 763 5525 848 5577; x_wconf 84' lang='lat' dir='ltr'><strong>Il.</strong></span> 
     </span>
    </p>
   </div>
   <div class='ocr_carea' id='block_1_104' title="bbox 2072 5331 3570 5396">
    <p class='ocr_par' dir='ltr' id='par_1_104' title="bbox 2072 5331 3570 5396">
     <span class='ocr_line' id='line_1_104' title="bbox 2072 5331 3570 5396; baseline -0.006 -1"><span class='ocrx_word' id='word_1_737' title='bbox 2072 5341 2323 5396; x_wconf 73' lang='lat' dir='ltr'><strong>Extendit</strong></span> <span class='ocrx_word' id='word_1_738' title='bbox 2359 5357 2573 5396; x_wconf 83' lang='lat' dir='ltr'><strong>manum</strong></span> <span class='ocrx_word' id='word_1_739' title='bbox 2603 5355 2752 5395; x_wconf 81' lang='lat' dir='ltr'><strong>suam</strong></span> <span class='ocrx_word' id='word_1_740' title='bbox 2809 5337 2864 5391; x_wconf 87' lang='lat' dir='ltr'><strong>in</strong></span> <span class='ocrx_word' id='word_1_741' title='bbox 2911 5336 3263 5391; x_wconf 79' lang='lat' dir='ltr'><strong>retribuendo.</strong></span> <span class='ocrx_word' id='word_1_742' title='bbox 3317 5331 3570 5389; x_wconf 77' lang='lat' dir='ltr'><strong>Extendit</strong></span> 
     </span>
    </p>
   </div>
   <div class='ocr_carea' id='block_1_105' title="bbox 1678 5616 2226 5680">
    <p class='ocr_par' dir='ltr' id='par_1_105' title="bbox 1678 5616 2226 5680">
     <span class='ocr_line' id='line_1_105' title="bbox 1678 5616 2226 5680; baseline 0 -4"><span class='ocrx_word' id='word_1_743' title='bbox 1678 5616 1876 5678; x_wconf 68' lang='lat' dir='ltr'><strong>Varia:</strong></span> <span class='ocrx_word' id='word_1_744' title='bbox 1901 5616 2226 5680; x_wconf 86' lang='lat' dir='ltr'><strong>lectiones.</strong></span> 
     </span>
    </p>
   </div>
   <div class='ocr_carea' id='block_1_106' title="bbox 398 5722 1133 5792">
    <p class='ocr_par' dir='ltr' id='par_1_106' title="bbox 398 5722 1133 5792">
     <span class='ocr_line' id='line_1_106' title="bbox 398 5722 1133 5792; baseline -0.005 -15"><span class='ocrx_word' id='word_1_745' title='bbox 398 5723 512 5792; x_wconf 70' lang='grc'><strong>(92)</strong></span> <span class='ocrx_word' id='word_1_746' title='bbox 538 5722 622 5776; x_wconf 79' lang='lat' dir='ltr'><strong>Al.</strong></span> <span class='ocrx_word' id='word_1_747' title='bbox 657 5722 878 5792; x_wconf 77' lang='grc' dir='ltr'>προσέτι</span> <span class='ocrx_word' id='word_1_748' title='bbox 916 5724 1133 5775; x_wconf 71' lang='grc' dir='ltr'>νοεῖται.</span> 
     </span>
    </p>
   </div>
  </div>
