4020 6218
480 263 586 326 £33

1694 265 2072 328 EUTHYMII
2113 263 2437 327 ZIGABEN
2446 267 2488 329 Ι.

3614 259 3723 326 584

490 387 636 434 Deus
703 386 1024 447 potestatem
1096 392 1159 431 ac
1250 376 1393 432 vires
1450 392 1579 433 suas
1636 377 1691 431 in
1752 377 2049 447 puniendo,

2169 375 2466 440 Ἐξέτεινεν
2515 379 2542 430 ὁ
2601 377 2736 441 Θεὸς
2786 377 2886 449 τὴν
2936 376 3263 447 κολαστικὴν
3319 374 3486 430 αὐτοῦ
3560 374 3720 430 δύνα-

488 479 545 524 ut
595 470 865 539 condigna
900 467 1159 521 nimirum
1194 470 1578 538 peccatoribus
1616 468 1886 524 retribuat
1915 485 2048 525 suo-

484 561 665 630 plicia.

552 650 717 703 Vens.
747 651 834 703 22.
872 650 1298 718 Profanaverunt
1331 659 1705 706 testamentum
1738 654 1875 722 ejus.
1917 653 2046 707 Saul

479 751 531 795 et
567 740 863 808 compliees
911 741 1362 808 profanaverunt,
1410 742 1512 795 hoc
1556 753 1661 806 est,
1718 752 2047 813 spreverunt

482 834 653 902 legem
717 833 833 897 Dei,
893 849 999 901 qua
1063 837 1354 887 mandatur
1407 851 1420 887 :
1485 834 1685 903 Diliges
1750 836 2049 903 proximum

484 935 634 975 tuum
670 926 732 985 ”,
775 934 828 977 et
873 926 976 976 alia
1012 924 1347 992 hujusmodi.
1384 925 1590 978 Christi
1624 935 1802 979 autem
1837 926 2048 979 occiso-

482 1028 571 1067 res
600 1027 921 1082 spreverunt
958 1015 1335 1081 Evangelium.
1390 1015 1686 1070 Profannm
1732 1028 1912 1070 autem
1955 1034 2051 1086 aps

481 1103 734 1169 pellatur,
769 1105 910 1172 quod
943 1119 1230 1157 commune
1263 1115 1345 1158 est
1380 1116 1432 1159 et
1460 1123 1563 1160 non
1600 1123 1844 1161 sacrum.

559 1196 873 1249 Divisisunt
909 1198 973 1249 ab
1013 1198 1095 1249 ira
1148 1199 1321 1251 vultus
1356 1199 1489 1266 ejus,
1517 1208 1563 1250 et
1599 1202 2048 1269 appropinquare-

485 1296 607 1341 runt
643 1288 803 1339 corda
828 1305 1029 1342 eorum.
1057 1287 1251 1351 Judrei,
1284 1289 1483 1357 inquit,
1520 1290 1680 1343 divisi
1717 1300 1842 1343 sunt
1871 1293 1938 1342 ab
1970 1290 2047 1344 ira

485 1378 668 1432 vultus
700 1377 930 1441 Christi,
984 1382 1111 1447 quia
1156 1394 1280 1433 cum
1314 1378 1541 1432 Romani
1575 1396 1671 1433 eos
1711 1382 2051 1445 obsiderent,

486 1471 628 1525 inter
663 1487 721 1524 se
752 1472 913 1525 divisi
962 1480 1110 1525 sunt.
1171 1472 1405 1536 Quidam
1441 1473 1583 1525 enim
1645 1488 1831 1525 eorum
1870 1475 1956 1527 illa
1993 1490 2051 1527 se

486 1563 596 1627 pati
638 1563 897 1615 dicebant
932 1572 1155 1631 propter
1186 1563 1488 1624 Christum,
1558 1562 1700 1616 inter
1749 1580 1887 1632 quos
1935 1573 2053 1617 erat

489 1652 781 1722 .losephns,
810 1654 901 1721 qtti
936 1654 1097 1707 etiam
1132 1654 1183 1706 in
1217 1654 1306 1706 illo
1334 1669 1495 1721 opere
1538 1670 1639 1707 suo
1665 1654 1733 1709 de
1777 1670 2053 1725 expugna-

488 1743 637 1795 tione
667 1741 992 1808 Jerusalem,
1024 1743 1300 1799 Christum
1340 1742 1449 1797 fere
1487 1742 1654 1797 Deum
1678 1760 1794 1799 esse
1823 1754 2051 1799 testatus

492 1841 598 1885 est.
634 1831 699 1883 Et
734 1833 899 1885 corda
950 1848 1138 1886 eorum
1193 1835 1406 1887 veritati
1456 1836 2052 1903 appmpinquavernnt,

491 1924 619 1976 dum
653 1924 984 1989 cogitarent.
1013 1924 1156 1992 quod
1190 1925 1443 1979 Christus
1472 1936 1619 1980 esset
1654 1926 1815 1980 Deus.
1845 1929 2054 1998 Appro-

494 2016 757 2083 pinqttare
801 2016 943 2068 enim
985 2016 1060 2070 illi
1118 2016 1378 2071 dicuntur
1428 2018 1666 2081 veritati,
1722 2021 1814 2088 qui
1858 2021 2049 2075 saltem

487 2106 738 2160 dubitare
766 2108 1058 2175 incipiunt.

560 2198 749 2252 illo/(es
791 2202 921 2267 {acti
950 2211 1071 2255 sunt
1096 2219 1273 2255 eorum
1302 2220 1564 2257 sermones
1598 2220 1754 2272 super
1780 2206 1972 2269 oleum,
2002 2215 2051 2259 et

486 2291 584 2355 ipsi
605 2300 725 2343 sunt
749 2292 956 2358 jacula.
982 2291 1093 2346 lloc
1118 2295 1181 2347 de
1207 2295 1463 2349 omnibus
1495 2296 1695 2349 Christi
1731 2298 2049 2351 interfecto-

488 2380 640 2433 ribus
669 2383 723 2433 in
753 2382 1066 2435 universum
1096 2382 1300 2435 dictum
1322 2393 1405 2437 est
1438 2404 1450 2437 :
1484 2386 1574 2453 qui
1607 2394 1899 2454 antequam
1925 2400 2047 2439 eum

487 2472 822 2536 occiderent,
868 2474 1092 2528 blandos
1143 2475 1192 2527 ei
1267 2489 1330 2528 ac
1365 2476 1510 2530 leves
1542 2493 1824 2532 sermones
1864 2479 2050 2546 loque-

489 2563 707 2626 bantur,
742 2563 915 2617 Ποιὼί
946 2580 1067 2618 emn
1123 2567 1482 2634 appellantes,
1520 2576 1572 2622 et
1602 2569 1847 2624 dicentes
1892 2588 1905 2624 :
1940 2569 2051 2623 Sci-

483 2670 602 2706 mus
633 2656 756 2720 quia
786 2671 943 2708 verax
964 2672 1035 2719 es,
1057 2666 1103 2710 et
1126 2658 1333 2710 verbum
1362 2658 1455 2712 Dei
1482 2661 1533 2712 in
1565 2661 1778 2714 veritate
1811 2661 1961 2715 doces
1984 2662 2047 2726 ¹³,

484 2753 538 2797 et
574 2744 679 2797 alia
713 2745 1048 2813 hujusmodi.
1092 2748 1193 2813 Qui
1226 2758 1405 2804 tamen
1438 2767 1494 2804 re
1530 2754 1641 2820 ipsa
1672 2761 1825 2806 erant
1883 2754 2049 2807 veluti

486 2835 803 2889 acutissima
835 2838 1079 2904 quaedam
1110 2839 1310 2908 jacula,
1348 2853 1400 2894 et
1432 2842 1577 2897 illius
1599 2846 1919 2914 sanguinem
1949 2860 2045 2915 ap-

491 2928 773 2995 petebant.
811 2928 922 2982 Dici
973 2932 1138 2984 etiam
1172 2940 1403 3000 possunt
1431 2934 1541 2987 hmc
1574 2935 1737 2987 verba
1766 2934 1830 2988 de
1860 2933 2042 2997 Saule,

2154 484 2268 535 μιν,
2296 469 2391 520 ἐπὶ
2419 468 2497 539 τῷ
2527 469 2839 523 ἀποδιδόναι
2873 469 3059 531 αὐτοῖς
3104 468 3201 538 τὴν
3240 465 3602 538 ὀφειλομένην
3632 485 3718 520 τι-

2154 558 2389 626 μωρίαν.

2235 649 2658 718 Ἐθεόήλωσαν
2685 652 2802 720 τὴν
2830 653 3127 720 διαθήκην
3149 651 3436 705 αὐτοῦ.Οἱ
3464 650 3595 719 περὶ
3631 650 3721 703 τὸν

2153 742 2324 794 Σαοὺλ
2389 744 2509 811 μὲν,
2570 744 2938 815 ὲεεεήλωσαν,
2967 748 3144 799 εἷτουν
3168 744 3607 815 περιεφρόνησαν
3628 743 3723 795 τὸν

2153 832 2337 901 νόμον,
2364 835 2422 896 ὃς
2452 852 2622 903 φησιν
2647 852 2662 868 ⁸
2693 838 3055 907 Ἀγαπήσεις
3111 838 3218 889 τὸν
3282 837 3549 901 πλησίον
3580 850 3721 898 σου,

2153 923 2249 976 καὶ
2275 925 2376 977 ὅσα
2406 927 2629 979 τοιαῦτα
2651 942 2665 956 ⁸
2690 929 2738 980 οἱ
2761 927 2816 979 δὲ
2841 928 3236 995 χριστοκτόνοι,
3267 926 3327 978 τὸ
3367 925 3720 993 Εύαγγέλιον.

2151 1016 2387 1087 Βέΰηλον
2420 1019 2549 1088 γὰρ,
2585 1019 2645 1071 τὸ
2668 1019 2845 1073 κοινὸν
2872 1020 2963 1071 καὶ
2993 1019 3227 1089 ἀνίερον.

2223 1202 2697 1271 Διεμερίσθησαν
2734 1199 2850 1253 ἀπὸ
2885 1197 3065 1267 ὀργῆς
3098 1198 3203 1250 τοῦ
3235 1194 3560 1264 προσώπου
3613 1196 3723 1248 αὐ-

2152 1294 2280 1354 τοῦ,
2311 1293 2408 1345 καὶ
2446 1292 2704 1360 ἤγγισαν
2735 1294 2793 1343 αι
2824 1290 3057 1356 καρδίαι
3090 1287 3310 1342 αὐτῶν.
3383 1287 3515 1339 Ἀπὸ
3554 1286 3725 1354 ὀργῆς

2153 1386 2353 1456 δηλαδὴ
2406 1385 2500 1438 τοῦ
2543 1382 2812 1452 Χριστοῦ·
2870 1380 2964 1433 τοῦ
3005 1380 3315 1449 Ῥωμαϊκοῦ
3350 1380 3454 1447 γὰρ
3485 1379 3723 1447 πολέμου

2157 1477 2576 1544 πολιορκοῦντος
2631 1473 2852 1535 αὐτοὺς,
2912 1471 3371 1541 διεμερίσθησαν
3421 1470 3567 1531 τινὲς
3616 1468 3723 1537 γὰρ

2155 1569 2315 1623 αὑτὸν
2370 1568 2556 1634 ἔλεγον
2617 1565 2705 1619 διὰ
2738 1566 2827 1618 τὸν
2868 1564 3073 1633 Ἰησοῦν
3134 1563 3306 1614 ταῦτα
3349 1563 3602 1630 πάσχειν,
3649 1554 3723 1613 ὧν

2084 1707 2125 1759 Β
2156 1656 2237 1724 εἷς
2264 1657 2331 1731 ἦν
2363 1659 2455 1711 καὶ
2484 1658 2766 1726 Ἰώσηπος,
2796 1655 2991 1726 μικροῦ
3022 1655 3155 1707 Θεὸν
3187 1654 3349 1706 αὐτὸν
3378 1653 3724 1759 ὁμιολογὴσας

2155 1754 2214 1805 ὲν
2243 1754 2309 1821 τῇ
2347 1751 2514 1820 βίϐλῳ
2548 1750 2645 1817 τῆς
2683 1748 2938 1810 ἁλώσεως
2955 1746 3330 1817 Ἰερουσαλήμ.
3354 1745 3463 1797 Kal.
3488 1744 3725 1813 ῆγγισαν

2154 1842 2213 1894 αἱ
2265 1841 2480 1911 καρδίαι
2541 1839 2721 1893 αὐτῶν
2773 1842 2837 1909 τῇ
2891 1837 3142 1908 ἀληθείᾳ,
3198 1835 3587 1901 λογιζομένων,
3642 1834 3724 1885 ὅτι

2156 1938 2287 1998 ἴσως
2315 1935 2445 1998 θεὸς
2466 1928 2535 2005 ἦν
2566 1949 2581 1965 ⁸
2632 1931 2869 2001 ἐγγύτης
2897 1930 3025 2000 γὰρ,
3049 1929 3075 1980 ὁ
3103 1926 3437 1994 ὲνδοιασμός.

2239 2210 2714 2275 Ἦπαλύνθησαν
2740 2207 2793 2256 οἱ
2809 2204 2975 2271 λόγοι
2997 2200 3196 2254 αὐτῶν
3210 2202 3358 2266 ὑπερ
3376 2200 3603 2260 Maior,
3622 2202 3723 2248 και

2154 2305 2324 2359 αὐτοί
2342 2305 2457 2355 εἱσι
2478 2297 2747 2364 βολίδες.
2771 2294 2940 2348 Τοῦτο
3000 2290 3192 2352 κοινῶς
3225 2290 3352 2359 περὶ
3382 2290 3599 2339 πάντων
3614 2286 3724 2336 τῶν

2154 2394 2573 2468 χριστοκτόνων·
2595 2389 2644 2442 οἳ
2675 2388 2780 2458 πρὸ
2802 2384 2896 2439 τοῦ
2930 2384 3140 2437 ἀνελεῖν
3161 2381 3321 2434 αὑτὸν
3352 2381 3409 2431 ὲν
3433 2376 3725 2445 ὑποκρίσει

2155 2466 2348 2554 λόγους
2382 2483 2532 2552 αύτῷ
2583 2480 2923 2550 προσέφερον
2951 2474 3212 2538 ἁπαλοὺς,
3258 2470 3451 2523 Ῥαίὸὶ
3502 2466 3726 2520 καλοῦν-

2153 2597 2244 2641 τες
2286 2580 2382 2630 καὶ¹
2430 2576 2682 2643 λέγοντες
2710 2588 2723 2603 ⁸
2778 2569 3035 2637 Οἴδαμεν
3104 2566 3192 2618 ὅτι
3259 2561 3497 2628 ἀληθὴς
3520 2557 3594 2621 εἶ,
3623 2558 3724 2612 καὶ

2154 2670 2268 2735 τὴν
2301 2668 2444 2720 ὁδὸν
2482 2663 2588 2717 τοῦ
2626 2661 2773 2716 Θεοῦ
2801 2660 2871 2712 ἐν
2902 2658 3150 2724 ἀληθείᾳ
3178 2655 3503 2717 διδάσκεις,
3538 2654 3630 2704 καὶ
3658 2654 3724 2702 τὰ

2153 2757 2403 2813 τοιαῦτα.
2434 2755 2601 2807 Αὐτοὶ
2631 2753 2684 2805 δὲ
2708 2748 2847 2823 ἦσαν
2878 2751 3025 2803 ἔνδον
3046 2744 3361 2815 ἠκονημένα
3398 2742 3549 2812 βέλη,
3596 2743 3723 2809 ὀρε-

2157 2850 2363 2917 γόμενα
2389 2846 2487 2899 τοῦ
2519 2846 2750 2915 αἵματος
2786 2840 2971 2895 αὑτοῦ.
2997 2838 3227 2905 Λέγοιτο
3259 2835 3302 2888 δ’
3328 2835 3393 2887 ἂν
3423 2834 3595 2884 ταῦτα
3626 2831 3725 2884 καὶ

2157 2944 2283 3010 περὶ
2332 2940 2426 2993 τοῦ
2456 2938 2650 3002 Σαοὺλ,
2680 2937 2737 2999 ὃς
2770 2934 3202 3004 ὑποκρινόμενος
3256 2926 3407 2994 ἔλεγε
3429 2942 3443 2956 ⁸
3504 2924 3724 2977 Τέκνον

482 3020 577 3084 qui
612 3017 898 3087 Propheta:
931 3031 1120 3075 nostro
1157 3023 1371 3088 blande,
1415 3025 1506 3077 sed
1542 3026 1795 3080 simulate
1821 3026 2046 3096 loquens

2156 3030 2349 3094 Aaé’ié‘,
2383 3030 2474 3082 καὶ
2517 3031 2569 3082 ετ
2594 3044 2645 3078 τι
2679 3023 2940 3078 τοιοῦτον.

484 3107 693 3164 dicebat
726 3127 739 3163 :
773 3108 885 3163 Fili
914 3110 1106 3179 David,
1137 3122 1190 3167 et
1219 3116 1321 3168 alia
1355 3116 1691 3185 hujusmodi.

560 3199 721 3253 Vens.
748 3201 836 3255 25.
868 3201 1027 3256 Jacta
1089 3206 1374 3273 cogitatum
1433 3218 1577 3260 tuum
1627 3209 1680 3260 in
1722 3207 1964 3273 Domino,
1998 3217 2046 3262 et

483 3289 595 3357 ipse
630 3300 676 3343 te
713 3294 958 3346 enutriet.
990 3296 1275 3360 Omnibus,
1318 3298 1408 3367 qui
1446 3299 1659 3353 insidiis
1693 3301 2043 3368 impetuntur,

487 3395 835 3436 communem
885 3384 1315 3440 admonitionem
1358 3388 1578 3456 praebet.
1623 3390 1740 3456 ipse
1765 3391 1931 3454 enim,
1964 3392 2047 3444 in-

490 3472 625 3539 quit,
661 3472 943 3539 Dominus,
978 3477 1021 3529 si
1056 3478 1108 3531 in
1132 3493 1196 3533 eo
1221 3478 1466 3535 ﬁduciam
1504 3481 1779 3548 habueris,
1812 3483 2050 3538 enutriet

494 3574 586 3629 te;
622 3566 763 3634 quod
802 3566 846 3621 si
879 3570 1098 3634 nutriet,
1134 3570 1322 3625 induet
1352 3572 1512 3625 etiam
1542 3587 1556 3635 ;
1617 3581 1670 3627 et
1728 3572 1776 3627 si
1837 3573 2045 3639 induet,

486 3657 762 3711 custodiet
792 3658 1015 3728 insuper
1035 3667 1090 3713 et
1118 3660 1391 3716 liberabit.

559 3746 682 3801 Non
723 3748 869 3801 dabit
900 3753 952 3803 in
988 3752 1242 3805 saxulum
1276 3754 1672 3821 ﬂuctuationem
1722 3756 1891 3823 justo.
1929 3753 2047 3808 Non

486 3839 552 3892 ad
580 3841 835 3901 multum.
867 3842 1067 3912 inquit,
1120 3854 1338 3913 tempus
1368 3847 1518 3901 dabit
1547 3848 1696 3916 justo
1750 3858 2048 3917 tempesta-

489 3942 618 3995 tem,
648 3942 737 3985 aut
770 3937 1060 4001 procellam
1096 3940 1481 3991 tentationum.
1519 3940 1609 3992 Ait
1637 3940 1779 3993 enim
1812 3939 2047 4010 Aposto-

484 4021 572 4075 lus
626 4037 639 4073 :
677 4024 876 4078 Fidelis
912 4026 1072 4091 Deus,
1104 4030 1193 4098 qui
1249 4046 1349 4082 non
1391 4031 1651 4095 permittet
1715 4047 1807 4084 nos
1855 4032 2047 4087 tentari

487 4131 651 4181 supra
709 4116 784 4180 id,
840 4119 978 4183 quod
1041 4134 1321 4185 possumus
1353 4120 1421 4173 “.
1464 4122 1611 4174 Dixit
1664 4132 1843 4175 autem
1880 4120 2046 4175 Deum

487 4219 596 4257 non
629 4206 881 4259 daturum
917 4210 1265 4273 tentationes,
1317 4228 1426 4265 non
1473 4214 1599 4279 quia
1656 4212 1772 4281 ipse
1827 4226 1919 4265 eas
1953 4213 2050 4265 im-

486 4296 686 4360 mittat,
737 4298 832 4352 sed
874 4300 1001 4368 quia
1040 4302 1367 4369 permittens
1400 4318 1493 4357 eas
1523 4318 1552 4355 a
1590 4301 1836 4357 daemone
1886 4304 2046 4358 nobis

483 4387 695 4453 inferri,
730 4388 844 4458 ipse
894 4391 1018 4445 illas
1044 4394 1455 4461 quodammodo
1485 4395 1699 4450 videtur
1728 4395 2043 4461 immittere,
2076 4386 2121 4441 ι)

482 4494 605 4532 cum
642 4481 931 4547 prohibere
966 4485 1238 4551 potuisset
1260 4493 1313 4538 et
1352 4499 1459 4539 non
1492 4487 1859 4554 prohibuerit.

554 4566 718 4619 Vens.
747 4567 834 4619 24.
872 4567 945 4620 Tu
967 4580 1182 4641 autent,
1209 4571 1370 4634 Deus,
1403 4572 1620 4625 deducas
1645 4590 1729 4627 eos
1763 4574 1817 4627 in
1834 4586 2047 4642 puteum

478 4656 743 4711 interitus.
776 4659 884 4713 Eos
928 4660 1070 4723 dico,
1116 4662 1207 4730 qui
1260 4663 1521 4717 adversus
1572 4665 1890 4723 innocentes
1924 4678 2046 4725 ten-

481 4744 617 4799 dunt
646 4748 895 4803 insidias.
943 4748 1046 4803 Per
1076 4759 1299 4819 puteum
1348 4763 1527 4809 autem
1562 4754 1835 4823 interitus,
1862 4770 2044 4817 vastas

482 4838 743 4903 quasdam
803 4855 866 4894 ac
894 4842 1055 4895 veluti
1094 4845 1161 4897 ob
1194 4843 1299 4897 loci
1348 4844 1774 4913 profunditatem
1823 4848 2051 4905 inevita-

465 4928 615 5004 biles
643 4945 833 4999 poenas
864 4933 1150 5002 intelligit;
1186 4935 1315 5003 quia
1358 4936 1402 4989 si
1442 4937 1567 5005 quis
1599 4937 1654 4989 in
1686 4947 1909 5006 puteum
1953 4956 2048 4995 ce-

479 5017 696 5084 ciderit,
731 5037 837 5073 non
876 5022 943 5075 de
974 5021 1121 5076 facili
1158 5024 1309 5078 illinc
1337 5026 1515 5081 exitus
1547 5034 1748 5094 pateat.

556 5108 673 5162 Viri
714 5113 1054 5181 sanguinum,
1098 5123 1144 5167 et
1180 5114 1352 5170 dolosi
1406 5131 1506 5167 non
1537 5116 1890 5172 dimidiabunt
1936 5118 2047 5173 dies

478 5214 623 5252 suos.
677 5199 840 5267 Atqui
892 5202 945 5253 in
989 5202 1199 5269 psalmo
1250 5205 1651 5274 septuagesimo
1705 5207 1941 5258 secundo
1969 5206 2037 5259 de

481 5288 793 5357 hujusmodi
850 5291 1165 5348 hominibus
1227 5294 1497 5363 PrOpheta
1534 5296 1683 5361 dicit,
1737 5296 1879 5364 quod
1928 5296 2035 5349 dies

477 5380 619 5446 pleni
666 5382 1013 5439 invenientur
1063 5386 1117 5439 in
1168 5388 1269 5440 eis.
1306 5387 1507 5440 Verum
1564 5388 1638 5441 ibi
1688 5387 1875 5455 plenos
1921 5387 2039 5442 dies

478 5470 635 5537 dixit,
668 5474 968 5540 respiciens
1001 5490 1108 5529 non
1150 5474 1217 5526 ad
1249 5475 1389 5540 vitat,
1421 5476 1519 5529 sed
1564 5476 1631 5530 ad
1662 5476 1915 5532 vitiorum
1975 5492 2041 5531 ac

553 5656 594 5685 “
620 5657 776 5712 Deut.
805 5657 976 5719 v1.5;
1020 5654 1210 5711 Matth.
1274 5670 1386 5720 xu,
1443 5656 1496 5710 9.

2232 3206 2581 3274 Ἐπίρῤιψον
2601 3202 2697 3256 ἐπὶ
2716 3201 2935 3268 Κύριον
2959 3197 3073 3264 τὴν
3102 3192 3397 3263 μέριμνάν
3448 3206 3587 3257 σου,
3617 3189 3719 3243 καὶ

2147 3301 2330 3363 αὐτός
2361 3313 2435 3349 σε
2484 3293 2809 3361 διαθρέψει.
2867 3287 3065 3358 Κοινὴν
3118 3291 3351 3339 ποιεῖται
3379 3284 3513 3353 πρὸς
3546 3281 3724 3334 ἄπαν-

2146 3408 2246 3454 τας
2306 3385 2832 3454 ἐπιϐουλευομένους
2880 3381 3202 3451 παραίνεσιν
3232 3395 3243 3407 ⁸
3291 3376 3452 3437 αὐτὸς
3504 3373 3612 3442 γάρ
3662 3388 3721 3424 σε

2147 3477 2711 3553 διαθρέψει,κα“ικατὰ
2746 3475 2906 3544 σῶμα
2933 3473 3028 3525 καὶ
3051 3471 3189 3525 κατὰ
3213 3467 3392 3538 ψυχήν
3416 3482 3430 3496 ⁸
3459 3467 3509 3517 εἰ
3530 3465 3588 3518 δὲ
3606 3466 3725 3516 δια-

2149 3576 2360 3645 θρὲψει,
2397 3578 2494 3626 καὶ
2529 3570 2775 3625 ὲνδύσει·
2814 3569 2861 3620 εί
2908 3565 2964 3619 δὲ
2989 3565 3085 3618 καὶ
3121 3563 3351 3626 ὲνδύσει,
3375 3561 3469 3612 καὶ
3490 3556 3719 3627 φυλάξει

2148 3670 2242 3722 καὶ
2273 3667 2519 3736 ῥύσεται.

2227 3762 2309 3814 Οὐ
2339 3758 2523 3811 δώσει
2556 3759 2645 3820 εὶς
2691 3757 2800 3807 τὸν
2842 3750 3031 3805 αἰῶνα
3094 3747 3295 3802 σάλον
3350 3743 3429 3809 τῷ
3481 3742 3718 3802 δικαίῳ.

2149 3852 2223 3904 Οὐ
2277 3849 2437 3900 δώσει
2492 3848 2656 3915 μέχρι
2717 3842 2911 3896 πολλοῦ
2944 3840 3188 3893 κλύδωνα
3211 3837 3285 3906 τῷ
3329 3834 3556 3902 δικαίῳ·
3584 3835 3721 3901 φησι

2148 3942 2257 4011 γὰρ
2288 3941 2316 3991 ὁ
2356 3937 2702 4000 ’Λπόστολος,
2764 3935 2846 3987 ὅτι
2902 3932 3121 3994 Πιστὸς
3168 3931 3201 3981 d
3260 3927 3425 3990 Θεὸς,
3483 3923 3552 3988 ὃς
3604 3923 3721 3974 οὐκ

2148 4033 2315 4086 ἐάσει
2351 4030 2503 4099 ἡμᾶς
2526 4026 2924 4096 πειρασθῆναι
2944 4021 3096 4088 ὑπὲρ
3120 4019 3149 4072 ὃ
3177 4017 3501 4085 δυνάμεθα.
3529 4042 3600 4053 -
3633 4014 3717 4065 Οὐ

2150 4126 2329 4180 δώσει
2351 4123 2409 4175 δὲ
2432 4118 2605 4184 εἶπεν,
2629 4122 2711 4173 ὅτι
2739 4114 3089 4186 παραχωρῶν
3112 4109 3413 4177 ἐπάγεσθαι
3461 4106 3564 4159 ὑπὸ
3600 4104 3722 4157 δια-

2149 4221 2305 4273 ϐόλου
2334 4218 2461 4278 τοὺς
2495 4212 2856 4284 πειρασμοὺς,
2922 4206 3071 4259 δοκεῖ
3126 4202 3290 4264 αὐτὸς
3314 4199 3537 4260 τούτους
3574 4195 3718 4248 ὲπά-

2150 4327 2291 4379 γειν,
2316 4310 2398 4363 ὄτι
2427 4306 2669 4360 κωλῦσαι
2698 4301 3018 4369 δυνάμενος,
3040 4296 3142 4350 ούκ
3170 4292 3431 4347 ἐκώλυσε.

2220 4563 2303 4618 Σὺ
2343 4560 2432 4627 δὲ,
2471 4562 2503 4614 ὀ
2538 4558 2705 4625 Θεὸς,
2728 4552 3005 4620 κατάξεις
3031 4552 3253 4615 αὐτοὺς
3274 4569 3360 4614 εις
3375 4549 3560 4617 φρέαρ
3584 4547 3713 4600 δια-

2151 4656 2396 4727 φθορᾶς.
2440 4652 2577 4714 Τοὺς
2635 4645 3082 4708 ἐπιϐουλεύοντας
3117 4646 3229 4706 τοῖς
3267 4643 3465 4704 ἀθώοις
3494 4657 3507 4670 ⁸
3538 4641 3717 4709 φρέαρ

2150 4750 2259 4819 γὰρ
2287 4747 2583 4816 διαφθορᾶς
2611 4739 2764 4797 εἶπεν
2796 4741 2855 4793 τὸ
2903 4740 3039 4810 βαθὺ
3072 4737 3164 4791 καὶ
3211 4737 3447 4803 ἄφυκτον
3502 4731 3602 4800 τῆς
3632 4748 3718 4783 τι·

2151 4841 2362 4911 μωρίας
2398 4857 2413 4871 ⁸
2436 4837 2681 4892 τοιοῦτον
2709 4835 2816 4905 γὰρ
2848 4834 2911 4886 τὸ
2940 4832 3142 4903 φρέαρ.

2221 5112 2471 5178 Ἀνόρες
2506 5105 2767 5174 αἱμάτων
2791 5103 2889 5157 καὶ
2922 5100 3271 5165 δολιότητος
3327 5113 3397 5149 ου
3422 5112 3509 5164 μη
3572 5094 3711 5161 ἠμί·

2147 5204 2417 5257 σεύσωσι
2442 5199 2546 5266 τὰς
2575 5198 2793 5267 ἡμέρας
2827 5193 3042 5249 αὐτῶν,
3077 5194 3185 5245 Καὶ
3236 5190 3341 5260 μὴν
3398 5192 3455 5241 ὲν
3508 5188 3586 5255 τῷ
3636 5186 3715 5256 οβ’

2146 5292 2348 5363 ψαλμῷ
2378 5290 2642 5362 περὶτῶν
2676 5287 2930 5341 τοιούτων
2959 5286 3129 5354 λέγει,
3190 5283 3272 5333 ὅτι
3352 5280 3446 5333 καὶ¹
3498 5278 3716 5345 ἡμέραι

2148 5381 2397 5451 πλήρεις
2428 5379 2854 5450 εὑρεθήσονται
2878 5377 2947 5431 ἐν
2976 5374 3199 5441 αὐτοῖς.
3220 5374 3386 5443 Δῆλον
3418 5370 3510 5424 οὖν
3540 5372 3622 5423 ὅτι
3658 5372 3717 5421 ὲν

2150 5477 2342 5545 ἐκείνῳ
2372 5474 2596 5544 πλήρεις
2621 5472 2719 5537 τὰς
2746 5471 2956 5542 ἡμέρας
2998 5468 3190 5540 φησὶν,
3223 5466 3283 5519 ού
3330 5464 3468 5534 πρὸς
3514 5462 3717 5531 μέτρον

1578 5656 1618 5688 ¹³
1654 5655 1843 5711 Matth.
1900 5672 2033 5725 ml,
2068 5657 2152 5713 16.
2231 5657 2272 5688 ¹³
2304 5656 2317 5710 l
2346 5657 2471 5713 Cor.
2510 5675 2563 5725 Χ,
2600 5655 2684 5710 15.
