  <div class='ocr_page' id='page_1' title='image "/cluster/home/n/w/nwhite01/storage/ocr_20150623/128/hvd.32044073502403/298.png"; bbox 0 0 4020 6218; ppageno 0'>
   <div class='ocr_carea' id='block_1_1' title="bbox 291 269 396 330">
    <p class='ocr_par' dir='ltr' id='par_1_1' title="bbox 291 269 396 330">
     <span class='ocr_line' id='line_1_1' title="bbox 291 269 396 330; baseline 0 0"><span class='ocrx_word' id='word_1_1' title='bbox 291 269 396 330; x_wconf 76' lang='grc'><strong>535</strong></span> 
     </span>
    </p>
   </div>
   <div class='ocr_carea' id='block_1_2' title="bbox 1466 263 2405 356">
    <p class='ocr_par' dir='ltr' id='par_1_2' title="bbox 1466 263 2405 356">
     <span class='ocr_line' id='line_1_2' title="bbox 1466 263 2405 356; baseline -0.003 -30"><span class='ocrx_word' id='word_1_2' title='bbox 1466 264 1856 326; x_wconf 79' lang='lat' dir='ltr'><strong>COMMENT.</strong></span> <span class='ocrx_word' id='word_1_3' title='bbox 1918 263 1999 326; x_wconf 90' lang='lat' dir='ltr'><strong>IN</strong></span> <span class='ocrx_word' id='word_1_4' title='bbox 2042 263 2405 356; x_wconf 76' lang='lat' dir='ltr'><strong>PSALMOS.</strong></span> 
     </span>
    </p>
   </div>
   <div class='ocr_carea' id='block_1_3' title="bbox 3453 259 3562 324">
    <p class='ocr_par' dir='ltr' id='par_1_3' title="bbox 3453 259 3562 324">
     <span class='ocr_line' id='line_1_3' title="bbox 3453 259 3562 324; baseline -0.018 0"><span class='ocrx_word' id='word_1_5' title='bbox 3453 259 3562 324; x_wconf 83' lang='lat'><strong>586</strong></span> 
     </span>
    </p>
   </div>
   <div class='ocr_carea' id='block_1_4' title="bbox 288 371 1890 456">
    <p class='ocr_par' dir='ltr' id='par_1_4' title="bbox 288 377 1864 456">
     <span class='ocr_line' id='line_1_4' title="bbox 288 377 1864 456; baseline -0.004 -16"><span class='ocrx_word' id='word_1_6' title='bbox 288 385 388 456; x_wconf 77' lang='grc' dir='ltr'>τῆς</span> <span class='ocrx_word' id='word_1_7' title='bbox 417 382 584 453; x_wconf 79' lang='grc' dir='ltr'>ζωῆς,</span> <span class='ocrx_word' id='word_1_8' title='bbox 615 377 769 434; x_wconf 48' lang='lat' dir='ltr'><strong>me</strong></span> <span class='ocrx_word' id='word_1_9' title='bbox 796 377 932 450; x_wconf 65' lang='grc' dir='ltr'>πρὸς</span> <span class='ocrx_word' id='word_1_10' title='bbox 955 378 1054 450; x_wconf 81' lang='grc' dir='ltr'>τὴν</span> <span class='ocrx_word' id='word_1_11' title='bbox 1105 377 1328 442; x_wconf 77' lang='grc' dir='ltr'><strong>κακίαν,</strong></span> <span class='ocrx_word' id='word_1_12' title='bbox 1389 380 1474 432; x_wconf 80' lang='grc' dir='ltr'>ὅτι</span> <span class='ocrx_word' id='word_1_13' title='bbox 1526 379 1586 432; x_wconf 89' lang='grc' dir='ltr'><strong>αί</strong></span> <span class='ocrx_word' id='word_1_14' title='bbox 1651 379 1864 450; x_wconf 75' lang='grc' dir='ltr'>ἡμέραι</span> 
     </span>
    </p>
   </div>
   <div class='ocr_carea' id='block_1_5' title="bbox 1994 371 3564 456">
    <p class='ocr_par' dir='ltr' id='par_1_5' title="bbox 1994 371 3564 445">
     <span class='ocr_line' id='line_1_5' title="bbox 1994 371 3564 445; baseline -0.003 -12"><span class='ocrx_word' id='word_1_15' title='bbox 1994 379 2197 434; x_wconf 68' lang='grc' dir='ltr'>ιιιιιίιίιε</span> <span class='ocrx_word' id='word_1_16' title='bbox 2242 389 2581 432; x_wconf 85' lang='lat' dir='ltr'><strong>mensuram.</strong></span> <span class='ocrx_word' id='word_1_17' title='bbox 2635 373 2858 429; x_wconf 88' lang='lat' dir='ltr'><strong>illorum</strong></span> <span class='ocrx_word' id='word_1_18' title='bbox 2897 372 3043 429; x_wconf 88' lang='lat' dir='ltr'><strong>enim</strong></span> <span class='ocrx_word' id='word_1_19' title='bbox 3072 371 3191 430; x_wconf 90' lang='lat' dir='ltr'><strong>dies</strong></span> <span class='ocrx_word' id='word_1_20' title='bbox 3223 372 3372 429; x_wconf 89' lang='lat' dir='ltr'><strong>vitiis</strong></span> <span class='ocrx_word' id='word_1_21' title='bbox 3411 374 3564 445; x_wconf 86' lang='lat' dir='ltr'><strong>pleni</strong></span> 
     </span>
    </p>
   </div>
   <div class='ocr_carea' id='block_1_6' title="bbox 293 466 1890 546">
    <p class='ocr_par' dir='ltr' id='par_1_6' title="bbox 293 471 1873 544">
     <span class='ocr_line' id='line_1_6' title="bbox 293 471 1873 544; baseline -0.003 -13"><span class='ocrx_word' id='word_1_22' title='bbox 293 476 474 532; x_wconf 73' lang='grc' dir='ltr'>αὐτῶν</span> <span class='ocrx_word' id='word_1_23' title='bbox 497 474 726 544; x_wconf 78' lang='grc' dir='ltr'>πλήρεις</span> <span class='ocrx_word' id='word_1_24' title='bbox 759 473 859 542; x_wconf 84' lang='grc' dir='ltr'>τῆς</span> <span class='ocrx_word' id='word_1_25' title='bbox 893 471 1112 536; x_wconf 88' lang='grc' dir='ltr'>κακίας.</span> <span class='ocrx_word' id='word_1_26' title='bbox 1165 471 1430 526; x_wconf 78' lang='grc' dir='ltr'><strong>Ἐνταῦθα</strong></span> <span class='ocrx_word' id='word_1_27' title='bbox 1473 471 1530 525; x_wconf 85' lang='grc' dir='ltr'><strong>δέ</strong></span> <span class='ocrx_word' id='word_1_28' title='bbox 1565 489 1755 543; x_wconf 81' lang='grc' dir='ltr'>φησιν,</span> <span class='ocrx_word' id='word_1_29' title='bbox 1790 473 1873 527; x_wconf 82' lang='grc' dir='ltr'><strong>δτι</strong></span> 
     </span>
    </p>
   </div>
   <div class='ocr_carea' id='block_1_7' title="bbox 1994 466 3566 546">
    <p class='ocr_par' dir='ltr' id='par_1_7' title="bbox 1994 466 3566 546">
     <span class='ocr_line' id='line_1_7' title="bbox 1994 466 3566 546; baseline -0.001 -21"><span class='ocrx_word' id='word_1_30' title='bbox 1994 483 2174 537; x_wconf 66' lang='lat' dir='ltr'><strong>erant;</strong></span> <span class='ocrx_word' id='word_1_31' title='bbox 2202 470 2309 526; x_wconf 88' lang='lat' dir='ltr'><strong>hoc</strong></span> <span class='ocrx_word' id='word_1_32' title='bbox 2336 477 2518 525; x_wconf 87' lang='lat' dir='ltr'><strong>autem</strong></span> <span class='ocrx_word' id='word_1_33' title='bbox 2542 467 2607 546; x_wconf 85' lang='lat' dir='ltr'><strong>_in</strong></span> <span class='ocrx_word' id='word_1_34' title='bbox 2635 469 2755 522; x_wconf 72' lang='lat' dir='ltr'><strong>loco</strong></span> <span class='ocrx_word' id='word_1_35' title='bbox 2784 466 2882 531; x_wconf 90' lang='lat' dir='ltr'><strong>ait,</strong></span> <span class='ocrx_word' id='word_1_36' title='bbox 2914 466 3058 538; x_wconf 90' lang='lat' dir='ltr'><strong>quod</strong></span> <span class='ocrx_word' id='word_1_37' title='bbox 3083 466 3393 537; x_wconf 71' lang='lat' dir='ltr'><strong>praevidens</strong></span> <span class='ocrx_word' id='word_1_38' title='bbox 3423 467 3566 524; x_wconf 80' lang='lat' dir='ltr'><strong>Deus</strong></span> 
     </span>
    </p>
   </div>
   <div class='ocr_carea' id='block_1_8' title="bbox 295 562 1873 638">
    <p class='ocr_par' dir='ltr' id='par_1_8' title="bbox 295 562 1873 638">
     <span class='ocr_line' id='line_1_8' title="bbox 295 562 1873 638; baseline -0.003 -17"><span class='ocrx_word' id='word_1_39' title='bbox 295 564 559 638; x_wconf 87' lang='grc' dir='ltr'>προειδὼς</span> <span class='ocrx_word' id='word_1_40' title='bbox 585 565 614 616; x_wconf 87' lang='grc' dir='ltr'><strong>ό</strong></span> <span class='ocrx_word' id='word_1_41' title='bbox 640 563 774 626; x_wconf 82' lang='grc' dir='ltr'>Θεὸς</span> <span class='ocrx_word' id='word_1_42' title='bbox 807 562 906 634; x_wconf 79' lang='grc' dir='ltr'>τὴν</span> <span class='ocrx_word' id='word_1_43' title='bbox 937 563 1209 634; x_wconf 75' lang='grc' dir='ltr'><strong>ἀμετρίαν</strong></span> <span class='ocrx_word' id='word_1_44' title='bbox 1259 567 1357 634; x_wconf 83' lang='grc' dir='ltr'><strong>τῆς</strong></span> <span class='ocrx_word' id='word_1_45' title='bbox 1406 563 1608 626; x_wconf 78' lang='grc' dir='ltr'><strong>κακίας</strong></span> <span class='ocrx_word' id='word_1_46' title='bbox 1669 563 1873 628; x_wconf 77' lang='grc' dir='ltr'>αὐτῶν,</span> 
     </span>
    </p>
   </div>
   <div class='ocr_carea' id='block_1_9' title="bbox 293 655 1880 730">
    <p class='ocr_par' dir='ltr' id='par_1_9' title="bbox 293 655 1880 730">
     <span class='ocr_line' id='line_1_9' title="bbox 293 655 1880 730; baseline 0.001 -20"><span class='ocrx_word' id='word_1_47' title='bbox 293 655 678 730; x_wconf 78' lang='grc' dir='ltr'>προεκθερίζει</span> <span class='ocrx_word' id='word_1_48' title='bbox 708 657 955 720; x_wconf 76' lang='grc' dir='ltr'><strong>τούτους,</strong></span> <span class='ocrx_word' id='word_1_49' title='bbox 988 655 1077 710; x_wconf 82' lang='grc' dir='ltr'><strong>ἴνα</strong></span> <span class='ocrx_word' id='word_1_50' title='bbox 1115 655 1191 728; x_wconf 82' lang='grc' dir='ltr'>μὴ</span> <span class='ocrx_word' id='word_1_51' title='bbox 1227 655 1412 710; x_wconf 85' lang='grc' dir='ltr'>πλεῖον</span> <span class='ocrx_word' id='word_1_52' title='bbox 1437 655 1754 727; x_wconf 84' lang='grc' dir='ltr'><strong>ἁμάρτωσι,</strong></span> <span class='ocrx_word' id='word_1_53' title='bbox 1780 657 1880 711; x_wconf 80' lang='grc' dir='ltr'>καὶ</span> 
     </span>
    </p>
   </div>
   <div class='ocr_carea' id='block_1_10' title="bbox 291 745 1878 818">
    <p class='ocr_par' dir='ltr' id='par_1_10' title="bbox 291 745 1878 818">
     <span class='ocr_line' id='line_1_10' title="bbox 291 745 1878 818; baseline -0.002 -15"><span class='ocrx_word' id='word_1_54' title='bbox 291 750 503 818; x_wconf 83' lang='grc' dir='ltr'>γίνεται</span> <span class='ocrx_word' id='word_1_55' title='bbox 536 746 921 818; x_wconf 79' lang='grc' dir='ltr'><strong>φιλανθρωπία</strong></span> <span class='ocrx_word' id='word_1_56' title='bbox 961 748 995 817; x_wconf 77' lang='grc' dir='ltr'><strong>ἡ</strong></span> <span class='ocrx_word' id='word_1_57' title='bbox 1028 747 1289 817; x_wconf 81' lang='grc' dir='ltr'><strong>τιμωρία.</strong></span> <span class='ocrx_word' id='word_1_58' title='bbox 1361 747 1420 800; x_wconf 86' lang='lat'><strong>&#39;0</strong></span> <span class='ocrx_word' id='word_1_59' title='bbox 1459 747 1516 800; x_wconf 85' lang='grc' dir='ltr'>δὲ</span> <span class='ocrx_word' id='word_1_60' title='bbox 1561 745 1724 817; x_wconf 98' lang='grc' dir='ltr'>λόγος</span> <span class='ocrx_word' id='word_1_61' title='bbox 1775 748 1878 801; x_wconf 85' lang='grc' dir='ltr'>οὑκ</span> 
     </span>
    </p>
   </div>
   <div class='ocr_carea' id='block_1_11' title="bbox 290 838 1880 904">
    <p class='ocr_par' dir='ltr' id='par_1_11' title="bbox 290 838 1880 904">
     <span class='ocr_line' id='line_1_11' title="bbox 290 838 1880 904; baseline -0.003 -9"><span class='ocrx_word' id='word_1_62' title='bbox 290 843 408 895; x_wconf 81' lang='grc' dir='ltr'>ἐστι</span> <span class='ocrx_word' id='word_1_63' title='bbox 439 840 746 904; x_wconf 80' lang='grc' dir='ltr'>καθολικδς,</span> <span class='ocrx_word' id='word_1_64' title='bbox 802 838 919 892; x_wconf 84' lang='grc' dir='ltr'>ἀλλ’</span> <span class='ocrx_word' id='word_1_65' title='bbox 971 839 1080 893; x_wconf 76' lang='grc' dir='ltr'><strong>ἀπὸ</strong></span> <span class='ocrx_word' id='word_1_66' title='bbox 1113 839 1208 891; x_wconf 83' lang='grc' dir='ltr'><strong>τοῦ</strong></span> <span class='ocrx_word' id='word_1_67' title='bbox 1265 839 1696 903; x_wconf 77' lang='grc' dir='ltr'><strong>πλεονάζοντος·</strong></span> <span class='ocrx_word' id='word_1_68' title='bbox 1757 838 1880 892; x_wconf 86' lang='grc' dir='ltr'>ἐπεί</span> 
     </span>
    </p>
   </div>
   <div class='ocr_carea' id='block_1_12' title="bbox 289 925 1884 1002">
    <p class='ocr_par' dir='ltr' id='par_1_12' title="bbox 289 925 1884 1002">
     <span class='ocr_line' id='line_1_12' title="bbox 289 925 1884 1002; baseline -0.001 -17"><span class='ocrx_word' id='word_1_69' title='bbox 289 949 438 996; x_wconf 85' lang='grc' dir='ltr'>τινες</span> <span class='ocrx_word' id='word_1_70' title='bbox 462 931 719 995; x_wconf 84' lang='grc' dir='ltr'>τοιοῦτοι,</span> <span class='ocrx_word' id='word_1_71' title='bbox 747 933 813 1001; x_wconf 83' lang='grc' dir='ltr'>τῇ</span> <span class='ocrx_word' id='word_1_72' title='bbox 846 928 1017 1002; x_wconf 75' lang='grc' dir='ltr'>κακία</span> <span class='ocrx_word' id='word_1_73' title='bbox 1053 932 1566 1000; x_wconf 79' lang='grc' dir='ltr'>συγκατεγήρασαν.</span> <span class='ocrx_word' id='word_1_74' title='bbox 1605 925 1773 984; x_wconf 76' lang='grc' dir='ltr'>Εἶπεν</span> <span class='ocrx_word' id='word_1_75' title='bbox 1825 929 1884 984; x_wconf 82' lang='grc' dir='ltr'><strong>δέ</strong></span> 
     </span>
    </p>
   </div>
   <div class='ocr_carea' id='block_1_13' title="bbox 290 1022 1883 1094">
    <p class='ocr_par' dir='ltr' id='par_1_13' title="bbox 290 1022 1883 1094">
     <span class='ocr_line' id='line_1_13' title="bbox 290 1022 1883 1094; baseline 0 -18"><span class='ocrx_word' id='word_1_76' title='bbox 290 1024 472 1088; x_wconf 83' lang='grc' dir='ltr'>τοῦτο,</span> <span class='ocrx_word' id='word_1_77' title='bbox 511 1024 854 1094; x_wconf 78' lang='grc' dir='ltr'>ἐκδειματῶν</span> <span class='ocrx_word' id='word_1_78' title='bbox 879 1022 1006 1087; x_wconf 80' lang='grc' dir='ltr'>τοὺς</span> <span class='ocrx_word' id='word_1_79' title='bbox 1035 1025 1316 1092; x_wconf 74' lang='grc' dir='ltr'>φονικοὺς,</span> <span class='ocrx_word' id='word_1_80' title='bbox 1348 1024 1442 1076; x_wconf 73' lang='grc' dir='ltr'>καὶ</span> <span class='ocrx_word' id='word_1_81' title='bbox 1471 1023 1681 1086; x_wconf 79' lang='grc' dir='ltr'>δολίους</span> <span class='ocrx_word' id='word_1_82' title='bbox 1712 1039 1728 1055; x_wconf 75' lang='grc'><strong>⁸</strong></span> <span class='ocrx_word' id='word_1_83' title='bbox 1787 1023 1883 1078; x_wconf 75' lang='grc' dir='ltr'><strong>ἄν·</strong></span> 
     </span>
    </p>
   </div>
   <div class='ocr_carea' id='block_1_14' title="bbox 291 1114 1886 1187">
    <p class='ocr_par' dir='ltr' id='par_1_14' title="bbox 291 1114 1886 1187">
     <span class='ocr_line' id='line_1_14' title="bbox 291 1114 1886 1187; baseline -0.001 -18"><span class='ocrx_word' id='word_1_84' title='bbox 291 1115 418 1183; x_wconf 89' lang='grc' dir='ltr'>δρες</span> <span class='ocrx_word' id='word_1_85' title='bbox 451 1116 510 1169; x_wconf 84' lang='grc' dir='ltr'>δὲ</span> <span class='ocrx_word' id='word_1_86' title='bbox 537 1115 792 1185; x_wconf 88' lang='grc' dir='ltr'>αίμάτων</span> <span class='ocrx_word' id='word_1_87' title='bbox 821 1116 914 1169; x_wconf 78' lang='grc' dir='ltr'>καὶ</span> <span class='ocrx_word' id='word_1_88' title='bbox 948 1115 1262 1186; x_wconf 85' lang='grc' dir='ltr'>δολιότητος</span> <span class='ocrx_word' id='word_1_89' title='bbox 1306 1114 1555 1186; x_wconf 70' lang='grc' dir='ltr'>εἴρηκεν,</span> <span class='ocrx_word' id='word_1_90' title='bbox 1588 1121 1665 1180; x_wconf 84' lang='grc' dir='ltr'>ὡς</span> <span class='ocrx_word' id='word_1_91' title='bbox 1697 1117 1886 1187; x_wconf 82' lang='grc' dir='ltr'>ἀνδρι-</span> 
     </span>
    </p>
   </div>
   <div class='ocr_carea' id='block_1_15' title="bbox 292 1207 1884 1278">
    <p class='ocr_par' dir='ltr' id='par_1_15' title="bbox 292 1207 1884 1278">
     <span class='ocr_line' id='line_1_15' title="bbox 292 1207 1884 1278; baseline -0.001 -17"><span class='ocrx_word' id='word_1_92' title='bbox 292 1208 557 1278; x_wconf 81' lang='grc' dir='ltr'>ζομένους</span> <span class='ocrx_word' id='word_1_93' title='bbox 589 1211 671 1272; x_wconf 86' lang='grc' dir='ltr'><strong>εἰς</strong></span> <span class='ocrx_word' id='word_1_94' title='bbox 704 1208 900 1278; x_wconf 82' lang='grc' dir='ltr'>φόνους</span> <span class='ocrx_word' id='word_1_95' title='bbox 932 1209 1028 1262; x_wconf 67' lang='grc' dir='ltr'>καὶ</span> <span class='ocrx_word' id='word_1_96' title='bbox 1047 1208 1230 1272; x_wconf 84' lang='grc' dir='ltr'>δόλους</span> <span class='ocrx_word' id='word_1_97' title='bbox 1263 1223 1277 1239; x_wconf 80' lang='grc'><em>’</em></span> <span class='ocrx_word' id='word_1_98' title='bbox 1312 1208 1400 1262; x_wconf 72' lang='grc' dir='ltr'><strong>διὰ</strong></span> <span class='ocrx_word' id='word_1_99' title='bbox 1453 1209 1510 1262; x_wconf 85' lang='grc' dir='ltr'><strong>δέ</strong></span> <span class='ocrx_word' id='word_1_100' title='bbox 1564 1209 1657 1262; x_wconf 91' lang='grc' dir='ltr'><strong>τοῦ</strong></span> <span class='ocrx_word' id='word_1_101' title='bbox 1709 1207 1884 1272; x_wconf 87' lang='grc' dir='ltr'>δόλου,</span> 
     </span>
    </p>
   </div>
   <div class='ocr_carea' id='block_1_16' title="bbox 293 1296 1888 1372">
    <p class='ocr_par' dir='ltr' id='par_1_16' title="bbox 293 1296 1888 1372">
     <span class='ocr_line' id='line_1_16' title="bbox 293 1296 1888 1372; baseline 0.001 -21"><span class='ocrx_word' id='word_1_102' title='bbox 293 1300 481 1352; x_wconf 78' lang='grc' dir='ltr'>πᾶσαν</span> <span class='ocrx_word' id='word_1_103' title='bbox 517 1299 718 1353; x_wconf 88' lang='grc' dir='ltr'>κακίαν</span> <span class='ocrx_word' id='word_1_104' title='bbox 746 1296 988 1370; x_wconf 74' lang='grc' dir='ltr'>ᾐνίξατο.</span> <span class='ocrx_word' id='word_1_105' title='bbox 1026 1299 1238 1363; x_wconf 79' lang='grc' dir='ltr'>’Δλλως</span> <span class='ocrx_word' id='word_1_106' title='bbox 1289 1317 1373 1366; x_wconf 89' lang='grc' dir='ltr'><strong>τε,</strong></span> <span class='ocrx_word' id='word_1_107' title='bbox 1428 1299 1620 1372; x_wconf 85' lang='grc' dir='ltr'>ὥσπερ</span> <span class='ocrx_word' id='word_1_108' title='bbox 1674 1300 1888 1371; x_wconf 80' lang='grc' dir='ltr'>ἄνθρω-</span> 
     </span>
    </p>
   </div>
   <div class='ocr_carea' id='block_1_17' title="bbox 295 1390 1886 1462">
    <p class='ocr_par' dir='ltr' id='par_1_17' title="bbox 295 1390 1886 1462">
     <span class='ocr_line' id='line_1_17' title="bbox 295 1390 1886 1462; baseline 0.002 -21"><span class='ocrx_word' id='word_1_109' title='bbox 295 1406 398 1442; x_wconf 88' lang='grc' dir='ltr'><strong>πον</strong></span> <span class='ocrx_word' id='word_1_110' title='bbox 424 1390 649 1461; x_wconf 80' lang='grc' dir='ltr'>είρήνης</span> <span class='ocrx_word' id='word_1_111' title='bbox 679 1390 830 1458; x_wconf 86' lang='grc' dir='ltr'>λέγει</span> <span class='ocrx_word' id='word_1_112' title='bbox 881 1390 974 1444; x_wconf 77' lang='grc' dir='ltr'><strong>τὸν</strong></span> <span class='ocrx_word' id='word_1_113' title='bbox 1026 1391 1326 1462; x_wconf 72' lang='grc' dir='ltr'>εἰρηνικὸν,</span> <span class='ocrx_word' id='word_1_114' title='bbox 1377 1391 1519 1444; x_wconf 74' lang='grc' dir='ltr'>οὕτω</span> <span class='ocrx_word' id='word_1_115' title='bbox 1563 1391 1659 1446; x_wconf 79' lang='grc' dir='ltr'>καὶ</span> <span class='ocrx_word' id='word_1_116' title='bbox 1713 1390 1886 1460; x_wconf 77' lang='grc' dir='ltr'>ἄνδρα</span> 
     </span>
    </p>
   </div>
   <div class='ocr_carea' id='block_1_18' title="bbox 294 1481 1543 1554">
    <p class='ocr_par' dir='ltr' id='par_1_18' title="bbox 294 1481 1543 1554">
     <span class='ocr_line' id='line_1_18' title="bbox 294 1481 1543 1554; baseline 0.002 -20"><span class='ocrx_word' id='word_1_117' title='bbox 294 1481 567 1554; x_wconf 81' lang='grc' dir='ltr'>αἱμάτων,</span> <span class='ocrx_word' id='word_1_118' title='bbox 593 1482 684 1536; x_wconf 83' lang='grc' dir='ltr'>τὸν</span> <span class='ocrx_word' id='word_1_119' title='bbox 708 1481 1012 1554; x_wconf 84' lang='grc' dir='ltr'>αῖμοχαρῆ,</span> <span class='ocrx_word' id='word_1_120' title='bbox 1046 1484 1140 1535; x_wconf 76' lang='grc' dir='ltr'>καὶ</span> <span class='ocrx_word' id='word_1_121' title='bbox 1160 1483 1261 1536; x_wconf 82' lang='grc' dir='ltr'>ὅσα</span> <span class='ocrx_word' id='word_1_122' title='bbox 1294 1481 1543 1537; x_wconf 87' lang='grc' dir='ltr'>τοιαῦτα.</span> 
     </span>
    </p>
   </div>
   <div class='ocr_carea' id='block_1_19' title="bbox 1982 560 3568 629">
    <p class='ocr_par' dir='ltr' id='par_1_19' title="bbox 1982 560 3568 629">
     <span class='ocr_line' id='line_1_19' title="bbox 1982 560 3568 629; baseline -0.003 -11"><span class='ocrx_word' id='word_1_123' title='bbox 1982 565 2256 619; x_wconf 88' lang='lat' dir='ltr'><strong>scelerum</strong></span> <span class='ocrx_word' id='word_1_124' title='bbox 2299 561 2726 616; x_wconf 84' lang='lat' dir='ltr'><strong>immensitatem</strong></span> <span class='ocrx_word' id='word_1_125' title='bbox 2755 598 2771 624; x_wconf 87' lang='lat'><strong>,</strong></span> <span class='ocrx_word' id='word_1_126' title='bbox 2803 573 2897 614; x_wconf 85' lang='lat' dir='ltr'><strong>eos</strong></span> <span class='ocrx_word' id='word_1_127' title='bbox 2923 568 3051 615; x_wconf 88' lang='lat' dir='ltr'><strong>ante</strong></span> <span class='ocrx_word' id='word_1_128' title='bbox 3078 568 3294 629; x_wconf 91' lang='lat' dir='ltr'><strong>tempus</strong></span> <span class='ocrx_word' id='word_1_129' title='bbox 3349 560 3568 626; x_wconf 75' lang='lat' dir='ltr'><strong>evellet,</strong></span> 
     </span>
    </p>
   </div>
   <div class='ocr_carea' id='block_1_20' title="bbox 1985 651 3567 722">
    <p class='ocr_par' dir='ltr' id='par_1_20' title="bbox 1985 651 3567 722">
     <span class='ocr_line' id='line_1_20' title="bbox 1985 651 3567 722; baseline -0.001 -13"><span class='ocrx_word' id='word_1_130' title='bbox 1985 671 2052 709; x_wconf 91' lang='lat' dir='ltr'><strong>ne</strong></span> <span class='ocrx_word' id='word_1_131' title='bbox 2072 654 2286 708; x_wconf 77' lang='lat' dir='ltr'><strong>scilicet</strong></span> <span class='ocrx_word' id='word_1_132' title='bbox 2313 653 2488 722; x_wconf 85' lang='lat' dir='ltr'><strong>magis</strong></span> <span class='ocrx_word' id='word_1_133' title='bbox 2515 661 2742 722; x_wconf 88' lang='lat' dir='ltr'><strong>peccent</strong></span> <span class='ocrx_word' id='word_1_134' title='bbox 2762 668 2778 705; x_wconf 92' lang='lat'><strong>:</strong></span> <span class='ocrx_word' id='word_1_135' title='bbox 2797 651 2940 706; x_wconf 90' lang='lat' dir='ltr'><strong>unde</strong></span> <span class='ocrx_word' id='word_1_136' title='bbox 2963 651 3151 705; x_wconf 88' lang='lat' dir='ltr'><strong>divina</strong></span> <span class='ocrx_word' id='word_1_137' title='bbox 3175 651 3464 722; x_wconf 81' lang='lat' dir='ltr'><strong>castigatio</strong></span> <span class='ocrx_word' id='word_1_138' title='bbox 3484 652 3567 707; x_wconf 83' lang='lat' dir='ltr'><strong>eis</strong></span> 
     </span>
    </p>
   </div>
   <div class='ocr_carea' id='block_1_21' title="bbox 1985 741 3574 800">
    <p class='ocr_par' dir='ltr' id='par_1_21' title="bbox 1985 741 3574 800">
     <span class='ocr_line' id='line_1_21' title="bbox 1985 741 3574 800; baseline -0.001 -1"><span class='ocrx_word' id='word_1_139' title='bbox 1985 743 2217 800; x_wconf 69' lang='lat' dir='ltr'><strong>edicitur</strong></span> <span class='ocrx_word' id='word_1_140' title='bbox 2271 742 2325 796; x_wconf 92' lang='lat' dir='ltr'><strong>in</strong></span> <span class='ocrx_word' id='word_1_141' title='bbox 2355 741 2819 797; x_wconf 91' lang='lat' dir='ltr'><strong>misericordiam.</strong></span> <span class='ocrx_word' id='word_1_142' title='bbox 2865 741 2931 795; x_wconf 85' lang='lat' dir='ltr'><strong>Et</strong></span> <span class='ocrx_word' id='word_1_143' title='bbox 2966 758 3150 798; x_wconf 83' lang='lat' dir='ltr'><strong>sermo</strong></span> <span class='ocrx_word' id='word_1_144' title='bbox 3178 744 3281 798; x_wconf 89' lang='lat' dir='ltr'><strong>iste</strong></span> <span class='ocrx_word' id='word_1_145' title='bbox 3313 760 3421 798; x_wconf 91' lang='lat' dir='ltr'><strong>non</strong></span> <span class='ocrx_word' id='word_1_146' title='bbox 3449 743 3574 798; x_wconf 88' lang='lat' dir='ltr'><strong>uni-</strong></span> 
     </span>
    </p>
   </div>
   <div class='ocr_carea' id='block_1_22' title="bbox 1986 830 3578 902">
    <p class='ocr_par' dir='ltr' id='par_1_22' title="bbox 1986 830 3578 902">
     <span class='ocr_line' id='line_1_22' title="bbox 1986 830 3578 902; baseline 0.003 -18"><span class='ocrx_word' id='word_1_147' title='bbox 1986 833 2243 901; x_wconf 76' lang='lat' dir='ltr'><strong>versalis,</strong></span> <span class='ocrx_word' id='word_1_148' title='bbox 2267 832 2486 887; x_wconf 86' lang='lat' dir='ltr'><strong>tametsi</strong></span> <span class='ocrx_word' id='word_1_149' title='bbox 2530 833 2582 886; x_wconf 91' lang='lat' dir='ltr'><strong>in</strong></span> <span class='ocrx_word' id='word_1_150' title='bbox 2613 831 2862 902; x_wconf 81' lang='lat' dir='ltr'><strong>pluribus</strong></span> <span class='ocrx_word' id='word_1_151' title='bbox 2899 830 2955 885; x_wconf 85' lang='lat' dir='ltr'><strong>id</strong></span> <span class='ocrx_word' id='word_1_152' title='bbox 2989 832 3291 900; x_wconf 77' lang='lat' dir='ltr'><strong>contingat.</strong></span> <span class='ocrx_word' id='word_1_153' title='bbox 3327 830 3578 888; x_wconf 83' lang='lat' dir='ltr'><strong>Nonnul—</strong></span> 
     </span>
    </p>
   </div>
   <div class='ocr_carea' id='block_1_23' title="bbox 1989 923 3574 983">
    <p class='ocr_par' dir='ltr' id='par_1_23' title="bbox 1989 923 3574 983">
     <span class='ocr_line' id='line_1_23' title="bbox 1989 923 3574 983; baseline 0.002 -5"><span class='ocrx_word' id='word_1_154' title='bbox 1989 927 2068 980; x_wconf 93' lang='lat' dir='ltr'><strong>los</strong></span> <span class='ocrx_word' id='word_1_155' title='bbox 2099 927 2246 983; x_wconf 86' lang='lat' dir='ltr'><strong>enim</strong></span> <span class='ocrx_word' id='word_1_156' title='bbox 2299 941 2425 980; x_wconf 88' lang='lat' dir='ltr'><strong>cum</strong></span> <span class='ocrx_word' id='word_1_157' title='bbox 2482 925 2601 980; x_wconf 89' lang='lat' dir='ltr'><strong>suis</strong></span> <span class='ocrx_word' id='word_1_158' title='bbox 2644 924 2796 980; x_wconf 80' lang='lat' dir='ltr'><strong>vitiis</strong></span> <span class='ocrx_word' id='word_1_159' title='bbox 2846 923 3099 981; x_wconf 82' lang='lat' dir='ltr'><strong>videmus</strong></span> <span class='ocrx_word' id='word_1_160' title='bbox 3148 939 3574 982; x_wconf 81' lang='lat' dir='ltr'><strong>consenescere.</strong></span> 
     </span>
    </p>
   </div>
   <div class='ocr_carea' id='block_1_24' title="bbox 1988 1017 3578 1095">
    <p class='ocr_par' dir='ltr' id='par_1_24' title="bbox 1988 1017 3578 1095">
     <span class='ocr_line' id='line_1_24' title="bbox 1988 1017 3578 1095; baseline 0.003 -23"><span class='ocrx_word' id='word_1_161' title='bbox 1988 1018 2104 1074; x_wconf 90' lang='lat' dir='ltr'><strong>lloc</strong></span> <span class='ocrx_word' id='word_1_162' title='bbox 2155 1029 2338 1074; x_wconf 90' lang='lat' dir='ltr'><strong>autem</strong></span> <span class='ocrx_word' id='word_1_163' title='bbox 2396 1018 2555 1095; x_wconf 79' lang='lat' dir='ltr'><strong>dixit,</strong></span> <span class='ocrx_word' id='word_1_164' title='bbox 2606 1025 2666 1072; x_wconf 91' lang='lat' dir='ltr'><strong>ut</strong></span> <span class='ocrx_word' id='word_1_165' title='bbox 2714 1017 3166 1089; x_wconf 89' lang='lat' dir='ltr'><strong>sanguinolentos</strong></span> <span class='ocrx_word' id='word_1_166' title='bbox 3233 1032 3298 1074; x_wconf 93' lang='lat' dir='ltr'><strong>ac</strong></span> <span class='ocrx_word' id='word_1_167' title='bbox 3352 1019 3578 1077; x_wconf 84' lang='lat' dir='ltr'><strong>dolosos</strong></span> 
     </span>
    </p>
   </div>
   <div class='ocr_carea' id='block_1_25' title="bbox 1989 1109 3581 1182">
    <p class='ocr_par' dir='ltr' id='par_1_25' title="bbox 1989 1109 3581 1182">
     <span class='ocr_line' id='line_1_25' title="bbox 1989 1109 3581 1182; baseline -0.001 -16"><span class='ocrx_word' id='word_1_168' title='bbox 1989 1111 2142 1167; x_wconf 79' lang='lat' dir='ltr'><strong>viros</strong></span> <span class='ocrx_word' id='word_1_169' title='bbox 2186 1112 2667 1182; x_wconf 87' lang='lat' dir='ltr'><strong>perlerrel&#39;aceret.</strong></span> <span class='ocrx_word' id='word_1_170' title='bbox 2705 1109 2868 1165; x_wconf 84' lang='lat' dir='ltr'><strong>Viros</strong></span> <span class='ocrx_word' id='word_1_171' title='bbox 2907 1119 3094 1166; x_wconf 91' lang='lat' dir='ltr'><strong>autem</strong></span> <span class='ocrx_word' id='word_1_172' title='bbox 3151 1111 3481 1181; x_wconf 88' lang='lat' dir='ltr'><strong>sanguiuum</strong></span> <span class='ocrx_word' id='word_1_173' title='bbox 3527 1121 3581 1166; x_wconf 88' lang='lat' dir='ltr'><strong>et</strong></span> 
     </span>
    </p>
   </div>
   <div class='ocr_carea' id='block_1_26' title="bbox 1989 1202 3579 1273">
    <p class='ocr_par' dir='ltr' id='par_1_26' title="bbox 1989 1202 3579 1273">
     <span class='ocr_line' id='line_1_26' title="bbox 1989 1202 3579 1273; baseline -0.003 -15"><span class='ocrx_word' id='word_1_174' title='bbox 1989 1202 2214 1258; x_wconf 88' lang='lat' dir='ltr'><strong>dolosos</strong></span> <span class='ocrx_word' id='word_1_175' title='bbox 2244 1203 2406 1267; x_wconf 80' lang='lat' dir='ltr'><strong>dixit,</strong></span> <span class='ocrx_word' id='word_1_176' title='bbox 2460 1203 2628 1259; x_wconf 87' lang='lat' dir='ltr'><strong>veluti</strong></span> <span class='ocrx_word' id='word_1_177' title='bbox 2658 1202 2895 1258; x_wconf 85' lang='lat' dir='ltr'><strong>viriliter</strong></span> <span class='ocrx_word' id='word_1_178' title='bbox 2943 1211 3170 1273; x_wconf 77' lang='lat' dir='ltr'><strong>agentes</strong></span> <span class='ocrx_word' id='word_1_179' title='bbox 3220 1203 3367 1258; x_wconf 89' lang='lat' dir='ltr'><strong>circa</strong></span> <span class='ocrx_word' id='word_1_180' title='bbox 3418 1202 3579 1258; x_wconf 84' lang='lat' dir='ltr'><strong>dolos</strong></span> 
     </span>
    </p>
   </div>
   <div class='ocr_carea' id='block_1_27' title="bbox 1997 1295 3582 1367">
    <p class='ocr_par' dir='ltr' id='par_1_27' title="bbox 1997 1295 3582 1367">
     <span class='ocr_line' id='line_1_27' title="bbox 1997 1295 3582 1367; baseline -0.001 -16"><span class='ocrx_word' id='word_1_181' title='bbox 1997 1306 2053 1352; x_wconf 89' lang='lat' dir='ltr'><strong>et</strong></span> <span class='ocrx_word' id='word_1_182' title='bbox 2089 1297 2263 1352; x_wconf 62' lang='lat' dir='ltr'><strong>caedes</strong></span> <span class='ocrx_word' id='word_1_183' title='bbox 2296 1316 2309 1351; x_wconf 90' lang='lat'><strong>:</strong></span> <span class='ocrx_word' id='word_1_184' title='bbox 2343 1306 2397 1350; x_wconf 83' lang='lat' dir='ltr'><strong>et</strong></span> <span class='ocrx_word' id='word_1_185' title='bbox 2433 1312 2530 1366; x_wconf 90' lang='lat' dir='ltr'><strong>per</strong></span> <span class='ocrx_word' id='word_1_186' title='bbox 2561 1295 2746 1350; x_wconf 90' lang='lat' dir='ltr'><strong>dolum</strong></span> <span class='ocrx_word' id='word_1_187' title='bbox 2776 1312 2941 1351; x_wconf 88' lang='lat' dir='ltr'><strong>omne</strong></span> <span class='ocrx_word' id='word_1_188' title='bbox 2972 1297 3167 1351; x_wconf 90' lang='lat' dir='ltr'><strong>vitium</strong></span> <span class='ocrx_word' id='word_1_189' title='bbox 3198 1297 3477 1367; x_wconf 86' lang='lat' dir='ltr'><strong>intelligit.</strong></span> <span class='ocrx_word' id='word_1_190' title='bbox 3513 1295 3582 1350; x_wconf 86' lang='lat' dir='ltr'><strong>Et</strong></span> 
     </span>
    </p>
   </div>
   <div class='ocr_carea' id='block_1_28' title="bbox 1995 1386 3576 1459">
    <p class='ocr_par' dir='ltr' id='par_1_28' title="bbox 1995 1386 3576 1459">
     <span class='ocr_line' id='line_1_28' title="bbox 1995 1386 3576 1459; baseline 0 -16"><span class='ocrx_word' id='word_1_191' title='bbox 1995 1386 2461 1458; x_wconf 86' lang='lat' dir='ltr'><strong>quemadmodum</strong></span> <span class='ocrx_word' id='word_1_192' title='bbox 2508 1403 2890 1459; x_wconf 64' lang='lat' dir='ltr'><strong>sarpenumero</strong></span> <span class='ocrx_word' id='word_1_193' title='bbox 2935 1388 3110 1443; x_wconf 90' lang='lat' dir='ltr'><strong>virum</strong></span> <span class='ocrx_word' id='word_1_194' title='bbox 3148 1390 3323 1459; x_wconf 87' lang='lat' dir='ltr'><strong>pacis,</strong></span> <span class='ocrx_word' id='word_1_195' title='bbox 3366 1389 3576 1445; x_wconf 90' lang='lat' dir='ltr'><strong>dictum</strong></span> 
     </span>
    </p>
   </div>
   <div class='ocr_carea' id='block_1_29' title="bbox 1993 1479 3584 1554">
    <p class='ocr_par' dir='ltr' id='par_1_29' title="bbox 1993 1479 3584 1554">
     <span class='ocr_line' id='line_1_29' title="bbox 1993 1479 3584 1554; baseline 0.006 -21"><span class='ocrx_word' id='word_1_196' title='bbox 1993 1481 2300 1552; x_wconf 86' lang='lat' dir='ltr'><strong>reperimus</strong></span> <span class='ocrx_word' id='word_1_197' title='bbox 2336 1482 2480 1551; x_wconf 81' lang='lat' dir='ltr'><strong>apud</strong></span> <span class='ocrx_word' id='word_1_198' title='bbox 2516 1479 2858 1552; x_wconf 87' lang='lat' dir='ltr'><strong>Seripturam</strong></span> <span class='ocrx_word' id='word_1_199' title='bbox 2880 1521 2894 1546; x_wconf 93' lang='lat'><strong>,</strong></span> <span class='ocrx_word' id='word_1_200' title='bbox 2932 1495 3032 1552; x_wconf 87' lang='lat' dir='ltr'><strong>pro</strong></span> <span class='ocrx_word' id='word_1_201' title='bbox 3067 1483 3183 1537; x_wconf 85' lang='lat' dir='ltr'><strong>viro</strong></span> <span class='ocrx_word' id='word_1_202' title='bbox 3213 1483 3466 1554; x_wconf 91' lang='lat' dir='ltr'><strong>paciﬁco,</strong></span> <span class='ocrx_word' id='word_1_203' title='bbox 3509 1483 3584 1542; x_wconf 89' lang='lat' dir='ltr'><strong>ita</strong></span> 
     </span>
    </p>
   </div>
   <div class='ocr_carea' id='block_1_30' title="bbox 295 1574 3584 1652">
    <p class='ocr_par' dir='ltr' id='par_1_30' title="bbox 295 1574 3584 1652">
     <span class='ocr_line' id='line_1_30' title="bbox 295 1574 3584 1652; baseline 0.002 -18"><span class='ocrx_word' id='word_1_204' title='bbox 295 1591 350 1651; x_wconf 65' lang='lat' dir='ltr'><strong>et</strong></span> <span class='ocrx_word' id='word_1_205' title='bbox 387 1583 565 1635; x_wconf 86' lang='lat' dir='ltr'><strong>virum</strong></span> <span class='ocrx_word' id='word_1_206' title='bbox 593 1581 920 1648; x_wconf 85' lang='lat' dir='ltr'><strong>sanguinum</strong></span> <span class='ocrx_word' id='word_1_207' title='bbox 952 1597 1100 1636; x_wconf 91' lang='lat' dir='ltr'><strong>nunc</strong></span> <span class='ocrx_word' id='word_1_208' title='bbox 1145 1581 1272 1652; x_wconf 90' lang='lat' dir='ltr'><strong>poni</strong></span> <span class='ocrx_word' id='word_1_209' title='bbox 1313 1579 1592 1641; x_wconf 84' lang='lat' dir='ltr'><strong>videmus.</strong></span> <span class='ocrx_word' id='word_1_210' title='bbox 1628 1595 1729 1650; x_wconf 88' lang='lat' dir='ltr'><strong>pro</strong></span> <span class='ocrx_word' id='word_1_211' title='bbox 1761 1579 1878 1633; x_wconf 81' lang='lat' dir='ltr'><strong>viro</strong></span> <span class='ocrx_word' id='word_1_212' title='bbox 1919 1578 2280 1648; x_wconf 79' lang='lat' dir='ltr'><strong>sanguinaria</strong></span> <span class='ocrx_word' id='word_1_213' title='bbox 2308 1619 2322 1644; x_wconf 91' lang='lat'><strong>,</strong></span> <span class='ocrx_word' id='word_1_214' title='bbox 2361 1579 2468 1634; x_wconf 89' lang='lat' dir='ltr'><strong>ltoc</strong></span> <span class='ocrx_word' id='word_1_215' title='bbox 2496 1587 2616 1646; x_wconf 88' lang='lat' dir='ltr'><strong>est,</strong></span> <span class='ocrx_word' id='word_1_216' title='bbox 2660 1591 2764 1645; x_wconf 88' lang='lat' dir='ltr'><strong>pro</strong></span> <span class='ocrx_word' id='word_1_217' title='bbox 2798 1594 2864 1634; x_wconf 89' lang='lat' dir='ltr'><strong>eo</strong></span> <span class='ocrx_word' id='word_1_218' title='bbox 2931 1580 3029 1650; x_wconf 86' lang='lat' dir='ltr'><strong>qui</strong></span> <span class='ocrx_word' id='word_1_219' title='bbox 3093 1574 3364 1642; x_wconf 61' lang='lat' dir='ltr'><strong>sanguine</strong></span> <span class='ocrx_word' id='word_1_220' title='bbox 3431 1583 3584 1639; x_wconf 85' lang='lat' dir='ltr'><strong>dele-</strong></span> 
     </span>
    </p>
   </div>
   <div class='ocr_carea' id='block_1_31' title="bbox 298 1671 1218 1742">
    <p class='ocr_par' dir='ltr' id='par_1_31' title="bbox 298 1671 1218 1742">
     <span class='ocr_line' id='line_1_31' title="bbox 298 1671 1218 1742; baseline 0.003 -17"><span class='ocrx_word' id='word_1_221' title='bbox 298 1682 500 1727; x_wconf 82' lang='lat' dir='ltr'><strong>ctatur.</strong></span> <span class='ocrx_word' id='word_1_222' title='bbox 532 1674 598 1727; x_wconf 86' lang='lat' dir='ltr'><strong>Et</strong></span> <span class='ocrx_word' id='word_1_223' title='bbox 627 1672 734 1726; x_wconf 88' lang='lat' dir='ltr'><strong>alia</strong></span> <span class='ocrx_word' id='word_1_224' title='bbox 763 1671 1014 1742; x_wconf 85' lang='lat' dir='ltr'><strong>ejusdem</strong></span> <span class='ocrx_word' id='word_1_225' title='bbox 1048 1672 1218 1728; x_wconf 88' lang='lat' dir='ltr'><strong>modi.</strong></span> 
     </span>
    </p>
   </div>
   <div class='ocr_carea' id='block_1_32' title="bbox 380 1779 1890 1855">
    <p class='ocr_par' dir='ltr' id='par_1_32' title="bbox 380 1782 1888 1855">
     <span class='ocr_line' id='line_1_32' title="bbox 380 1782 1888 1855; baseline -0.003 -16"><span class='ocrx_word' id='word_1_226' title='bbox 380 1783 535 1855; x_wconf 69' lang='grc' dir='ltr'><strong>Ἐγὼ</strong></span> <span class='ocrx_word' id='word_1_227' title='bbox 556 1782 644 1848; x_wconf 78' lang='grc' dir='ltr'>δὲ,</span> <span class='ocrx_word' id='word_1_228' title='bbox 677 1785 874 1852; x_wconf 85' lang='grc' dir='ltr'>Κύριε,</span> <span class='ocrx_word' id='word_1_229' title='bbox 909 1783 1100 1838; x_wconf 75' lang='grc' dir='ltr'>ὲλπιῶ</span> <span class='ocrx_word' id='word_1_230' title='bbox 1128 1784 1228 1838; x_wconf 73' lang='grc' dir='ltr'>ἐπὶ</span> <span class='ocrx_word' id='word_1_231' title='bbox 1266 1785 1366 1839; x_wconf 83' lang='grc' dir='ltr'><strong>σέ.</strong></span> <span class='ocrx_word' id='word_1_232' title='bbox 1426 1786 1599 1838; x_wconf 84' lang='grc' dir='ltr'>Τοῦτο</span> <span class='ocrx_word' id='word_1_233' title='bbox 1656 1782 1888 1854; x_wconf 81' lang='grc' dir='ltr'>σύνηθες</span> 
     </span>
    </p>
   </div>
   <div class='ocr_carea' id='block_1_33' title="bbox 1994 1779 3581 1855">
    <p class='ocr_par' dir='ltr' id='par_1_33' title="bbox 2072 1779 3581 1849">
     <span class='ocr_line' id='line_1_33' title="bbox 2072 1779 3581 1849; baseline 0.004 -15"><span class='ocrx_word' id='word_1_234' title='bbox 2072 1781 2186 1848; x_wconf 80' lang='lat' dir='ltr'><strong>Ego</strong></span> <span class='ocrx_word' id='word_1_235' title='bbox 2220 1789 2398 1834; x_wconf 79' lang='lat' dir='ltr'><strong>autent</strong></span> <span class='ocrx_word' id='word_1_236' title='bbox 2449 1780 2670 1849; x_wconf 80' lang='lat' dir='ltr'><strong>sperabo</strong></span> <span class='ocrx_word' id='word_1_237' title='bbox 2703 1780 2759 1832; x_wconf 86' lang='lat' dir='ltr'><strong>in</strong></span> <span class='ocrx_word' id='word_1_238' title='bbox 2794 1789 2868 1844; x_wconf 85' lang='lat' dir='ltr'><strong>te,</strong></span> <span class='ocrx_word' id='word_1_239' title='bbox 2895 1779 3140 1841; x_wconf 86' lang='lat' dir='ltr'><strong>Domine,</strong></span> <span class='ocrx_word' id='word_1_240' title='bbox 3175 1780 3299 1836; x_wconf 63' lang='lat' dir='ltr'><strong>Haec</strong></span> <span class='ocrx_word' id='word_1_241' title='bbox 3332 1791 3419 1838; x_wconf 88' lang='lat' dir='ltr'><strong>est</strong></span> <span class='ocrx_word' id='word_1_242' title='bbox 3460 1799 3581 1840; x_wconf 86' lang='lat' dir='ltr'><strong>con-</strong></span> 
     </span>
    </p>
   </div>
   <div class='ocr_carea' id='block_1_34' title="bbox 305 1875 1892 1950">
    <p class='ocr_par' dir='ltr' id='par_1_34' title="bbox 305 1875 1892 1950">
     <span class='ocr_line' id='line_1_34' title="bbox 305 1875 1892 1950; baseline -0.001 -20"><span class='ocrx_word' id='word_1_243' title='bbox 305 1879 390 1931; x_wconf 73' lang='grc' dir='ltr'><strong>ἀεὶ</strong></span> <span class='ocrx_word' id='word_1_244' title='bbox 415 1875 748 1948; x_wconf 71' lang='grc' dir='ltr'>ἐπιφώνημα</span> <span class='ocrx_word' id='word_1_245' title='bbox 779 1877 857 1946; x_wconf 84' lang='grc' dir='ltr'><strong>τῷ</strong></span> <span class='ocrx_word' id='word_1_246' title='bbox 881 1877 1048 1931; x_wconf 81' lang='grc' dir='ltr'>Δαόίδ</span> <span class='ocrx_word' id='word_1_247' title='bbox 1081 1895 1096 1910; x_wconf 82' lang='lat'><strong><em>°</em></strong></span> <span class='ocrx_word' id='word_1_248' title='bbox 1123 1877 1272 1944; x_wconf 74' lang='grc' dir='ltr'>ἅπαξ</span> <span class='ocrx_word' id='word_1_249' title='bbox 1301 1878 1409 1950; x_wconf 81' lang='grc' dir='ltr'><strong>γάρ</strong></span> <span class='ocrx_word' id='word_1_250' title='bbox 1458 1877 1741 1949; x_wconf 78' lang='grc' dir='ltr'>πειραθεὶς</span> <span class='ocrx_word' id='word_1_251' title='bbox 1797 1877 1892 1930; x_wconf 90' lang='grc' dir='ltr'><strong>τοῦ</strong></span> 
     </span>
    </p>
   </div>
   <div class='ocr_carea' id='block_1_35' title="bbox 309 1967 1897 2040">
    <p class='ocr_par' dir='ltr' id='par_1_35' title="bbox 309 1967 1897 2040">
     <span class='ocr_line' id='line_1_35' title="bbox 309 1967 1897 2040; baseline 0 -18"><span class='ocrx_word' id='word_1_252' title='bbox 309 1967 521 2040; x_wconf 78' lang='grc' dir='ltr'>καρποῦ</span> <span class='ocrx_word' id='word_1_253' title='bbox 545 1971 645 2039; x_wconf 81' lang='grc' dir='ltr'>τῆς</span> <span class='ocrx_word' id='word_1_254' title='bbox 671 1968 752 2032; x_wconf 87' lang='grc' dir='ltr'><strong>είς</strong></span> <span class='ocrx_word' id='word_1_255' title='bbox 778 1968 912 2022; x_wconf 81' lang='grc' dir='ltr'>Θεὸν</span> <span class='ocrx_word' id='word_1_256' title='bbox 950 1969 1186 2036; x_wconf 80' lang='grc' dir='ltr'>ἐλπίδος,</span> <span class='ocrx_word' id='word_1_257' title='bbox 1213 1971 1308 2025; x_wconf 68' lang='grc' dir='ltr'><strong>κα)⁵</strong></span> <span class='ocrx_word' id='word_1_258' title='bbox 1334 1970 1544 2036; x_wconf 74' lang='grc' dir='ltr'>ἐλπίζει</span> <span class='ocrx_word' id='word_1_259' title='bbox 1575 1971 1778 2033; x_wconf 87' lang='grc' dir='ltr'>διόλου,</span> <span class='ocrx_word' id='word_1_260' title='bbox 1803 1969 1897 2023; x_wconf 74' lang='grc' dir='ltr'>καὶ</span> 
     </span>
    </p>
   </div>
   <div class='ocr_carea' id='block_1_36' title="bbox 315 2056 1899 2130">
    <p class='ocr_par' dir='ltr' id='par_1_36' title="bbox 315 2056 1899 2130">
     <span class='ocr_line' id='line_1_36' title="bbox 315 2056 1899 2130; baseline -0.002 -16"><span class='ocrx_word' id='word_1_261' title='bbox 315 2056 560 2120; x_wconf 77' lang='grc' dir='ltr'>ἐλπίζειν</span> <span class='ocrx_word' id='word_1_262' title='bbox 610 2056 885 2126; x_wconf 82' lang='grc' dir='ltr'>ὁμολογεῖ.</span> <span class='ocrx_word' id='word_1_263' title='bbox 942 2057 1202 2128; x_wconf 81' lang='grc' dir='ltr'>Ἀρμόσει</span> <span class='ocrx_word' id='word_1_264' title='bbox 1252 2059 1299 2112; x_wconf 86' lang='grc' dir='ltr'>δ’</span> <span class='ocrx_word' id='word_1_265' title='bbox 1341 2061 1409 2115; x_wconf 84' lang='grc' dir='ltr'>ἂν</span> <span class='ocrx_word' id='word_1_266' title='bbox 1432 2061 1528 2114; x_wconf 74' lang='grc' dir='ltr'>καὶ</span> <span class='ocrx_word' id='word_1_267' title='bbox 1549 2062 1681 2130; x_wconf 77' lang='grc' dir='ltr'>ἡμῖν</span> <span class='ocrx_word' id='word_1_268' title='bbox 1708 2061 1736 2112; x_wconf 87' lang='grc' dir='ltr'><strong>ό</strong></span> <span class='ocrx_word' id='word_1_269' title='bbox 1763 2058 1899 2127; x_wconf 77' lang='grc' dir='ltr'>ψαλ-</span> 
     </span>
    </p>
   </div>
   <div class='ocr_carea' id='block_1_37' title="bbox 311 2147 1898 2222">
    <p class='ocr_par' dir='ltr' id='par_1_37' title="bbox 311 2147 1898 2222">
     <span class='ocr_line' id='line_1_37' title="bbox 311 2147 1898 2222; baseline 0.001 -20"><span class='ocrx_word' id='word_1_270' title='bbox 311 2149 433 2220; x_wconf 84' lang='grc' dir='ltr'>μὸς,</span> <span class='ocrx_word' id='word_1_271' title='bbox 451 2148 562 2218; x_wconf 83' lang='grc'>(95)</span> <span class='ocrx_word' id='word_1_272' title='bbox 583 2147 747 2219; x_wconf 73' lang='grc' dir='ltr'>χωρὶς</span> <span class='ocrx_word' id='word_1_273' title='bbox 763 2148 962 2216; x_wconf 80' lang='grc' dir='ltr'>ὀλίγων</span> <span class='ocrx_word' id='word_1_274' title='bbox 981 2149 1182 2221; x_wconf 79' lang='grc' dir='ltr'>ῥητῶν.</span> <span class='ocrx_word' id='word_1_275' title='bbox 1220 2152 1256 2205; x_wconf 78' lang='grc' dir='ltr'><strong>ἃ</strong></span> <span class='ocrx_word' id='word_1_276' title='bbox 1285 2153 1381 2205; x_wconf 82' lang='grc' dir='ltr'><strong>καὶ</strong></span> <span class='ocrx_word' id='word_1_277' title='bbox 1403 2152 1688 2222; x_wconf 80' lang='grc' dir='ltr'>προϊόντες</span> <span class='ocrx_word' id='word_1_278' title='bbox 1703 2167 1845 2220; x_wconf 85' lang='grc' dir='ltr'>σημε</span> <span class='ocrx_word' id='word_1_279' title='bbox 1855 2168 1898 2203; x_wconf 87' lang='grc' dir='ltr'>ι-</span> 
     </span>
    </p>
   </div>
   <div class='ocr_carea' id='block_1_38' title="bbox 316 2235 1894 2313">
    <p class='ocr_par' dir='ltr' id='par_1_38' title="bbox 316 2235 1894 2313">
     <span class='ocr_line' id='line_1_38' title="bbox 316 2235 1894 2313; baseline 0 -19"><span class='ocrx_word' id='word_1_280' title='bbox 316 2240 602 2312; x_wconf 81' lang='grc' dir='ltr'>ωσόμεθα.</span> <span class='ocrx_word' id='word_1_281' title='bbox 635 2239 718 2293; x_wconf 83' lang='grc' dir='ltr'><strong>Τὰ</strong></span> <span class='ocrx_word' id='word_1_282' title='bbox 749 2240 848 2310; x_wconf 82' lang='grc' dir='ltr'>μὲν</span> <span class='ocrx_word' id='word_1_283' title='bbox 865 2235 960 2294; x_wconf 83' lang='grc' dir='ltr'>οὖν</span> <span class='ocrx_word' id='word_1_284' title='bbox 986 2239 1257 2310; x_wconf 77' lang='grc' dir='ltr'>εὔληπτα,</span> <span class='ocrx_word' id='word_1_285' title='bbox 1287 2242 1608 2313; x_wconf 83' lang='grc' dir='ltr'>παρήσομεν</span> <span class='ocrx_word' id='word_1_286' title='bbox 1636 2242 1894 2307; x_wconf 84' lang='grc' dir='ltr'>νοεῖσθαι,</span> 
     </span>
    </p>
   </div>
   <div class='ocr_carea' id='block_1_39' title="bbox 308 2333 1897 2405">
    <p class='ocr_par' dir='ltr' id='par_1_39' title="bbox 308 2333 1897 2405">
     <span class='ocr_line' id='line_1_39' title="bbox 308 2333 1897 2405; baseline -0.001 -19"><span class='ocrx_word' id='word_1_287' title='bbox 308 2335 450 2388; x_wconf 80' lang='grc' dir='ltr'>κατὰ</span> <span class='ocrx_word' id='word_1_288' title='bbox 471 2333 574 2404; x_wconf 85' lang='grc' dir='ltr'>τὴν</span> <span class='ocrx_word' id='word_1_289' title='bbox 610 2333 725 2404; x_wconf 71' lang='grc'>(94)</span> <span class='ocrx_word' id='word_1_290' title='bbox 748 2333 1260 2405; x_wconf 82' lang='grc' dir='ltr'>προαποδεδομένην</span> <span class='ocrx_word' id='word_1_291' title='bbox 1303 2333 1566 2404; x_wconf 75' lang='grc' dir='ltr'>ἐξήγησιν</span> <span class='ocrx_word' id='word_1_292' title='bbox 1600 2351 1614 2364; x_wconf 93' lang='grc'><strong>·</strong></span> <span class='ocrx_word' id='word_1_293' title='bbox 1673 2334 1743 2386; x_wconf 78' lang='grc' dir='ltr'>τὰ</span> <span class='ocrx_word' id='word_1_294' title='bbox 1769 2333 1897 2386; x_wconf 86' lang='grc' dir='ltr'>δυσ-</span> 
     </span>
    </p>
   </div>
   <div class='ocr_carea' id='block_1_40' title="bbox 306 2423 1897 2495">
    <p class='ocr_par' dir='ltr' id='par_1_40' title="bbox 306 2423 1897 2495">
     <span class='ocr_line' id='line_1_40' title="bbox 306 2423 1897 2495; baseline 0.001 -19"><span class='ocrx_word' id='word_1_295' title='bbox 306 2425 608 2494; x_wconf 84' lang='grc' dir='ltr'>χερέστερα</span> <span class='ocrx_word' id='word_1_296' title='bbox 661 2423 742 2489; x_wconf 79' lang='grc' dir='ltr'>δὲ,</span> <span class='ocrx_word' id='word_1_297' title='bbox 775 2423 1290 2495; x_wconf 85' lang='grc' dir='ltr'>μεταχειρισόμεθα.</span> <span class='ocrx_word' id='word_1_298' title='bbox 1356 2424 1700 2494; x_wconf 78' lang='grc' dir='ltr'>Ἐλυπήθην</span> <span class='ocrx_word' id='word_1_299' title='bbox 1723 2424 1794 2479; x_wconf 77' lang='grc' dir='ltr'><strong>ἐν</strong></span> <span class='ocrx_word' id='word_1_300' title='bbox 1821 2424 1897 2494; x_wconf 74' lang='grc' dir='ltr'>τῇ</span> 
     </span>
    </p>
   </div>
   <div class='ocr_carea' id='block_1_41' title="bbox 305 2515 1896 2588">
    <p class='ocr_par' dir='ltr' id='par_1_41' title="bbox 305 2515 1896 2588">
     <span class='ocr_line' id='line_1_41' title="bbox 305 2515 1896 2588; baseline 0.001 -19"><span class='ocrx_word' id='word_1_301' title='bbox 305 2516 650 2585; x_wconf 72' lang='grc' dir='ltr'>ἀδολεσχίᾳ</span> <span class='ocrx_word' id='word_1_302' title='bbox 690 2532 834 2585; x_wconf 82' lang='grc' dir='ltr'>μου,</span> <span class='ocrx_word' id='word_1_303' title='bbox 889 2515 1114 2587; x_wconf 80' lang='grc' dir='ltr'>δηλαδὴ,</span> <span class='ocrx_word' id='word_1_304' title='bbox 1149 2519 1230 2588; x_wconf 77' lang='grc' dir='ltr'>τῇ</span> <span class='ocrx_word' id='word_1_305' title='bbox 1265 2516 1404 2588; x_wconf 77' lang='grc' dir='ltr'>πρὸς</span> <span class='ocrx_word' id='word_1_306' title='bbox 1454 2517 1586 2581; x_wconf 79' lang='grc' dir='ltr'>τοὺς</span> <span class='ocrx_word' id='word_1_307' title='bbox 1625 2517 1896 2588; x_wconf 85' lang='grc' dir='ltr'>ἐμπαθεῖς</span> 
     </span>
    </p>
   </div>
   <div class='ocr_carea' id='block_1_42' title="bbox 309 2608 1894 2681">
    <p class='ocr_par' dir='ltr' id='par_1_42' title="bbox 309 2608 1894 2681">
     <span class='ocr_line' id='line_1_42' title="bbox 309 2608 1894 2681; baseline 0.002 -19"><span class='ocrx_word' id='word_1_308' title='bbox 309 2609 613 2679; x_wconf 83' lang='grc' dir='ltr'>λογισμοὺς</span> <span class='ocrx_word' id='word_1_309' title='bbox 637 2608 825 2680; x_wconf 76' lang='grc' dir='ltr'>ὁμιλία</span> <span class='ocrx_word' id='word_1_310' title='bbox 855 2625 959 2679; x_wconf 89' lang='grc' dir='ltr'><strong>μου</strong></span> <span class='ocrx_word' id='word_1_311' title='bbox 985 2625 999 2639; x_wconf 74' lang='grc' dir='ltr'><strong>ο</strong></span> <span class='ocrx_word' id='word_1_312' title='bbox 1033 2608 1210 2680; x_wconf 85' lang='grc' dir='ltr'>λύπην</span> <span class='ocrx_word' id='word_1_313' title='bbox 1240 2609 1348 2680; x_wconf 85' lang='grc' dir='ltr'><strong>γὰρ</strong></span> <span class='ocrx_word' id='word_1_314' title='bbox 1383 2609 1610 2681; x_wconf 70' lang='grc' dir='ltr'>ὕστερον</span> <span class='ocrx_word' id='word_1_315' title='bbox 1634 2612 1697 2664; x_wconf 84' lang='grc' dir='ltr'><strong>ἐκ</strong></span> <span class='ocrx_word' id='word_1_316' title='bbox 1725 2627 1894 2680; x_wconf 80' lang='grc' dir='ltr'>μετα-</span> 
     </span>
    </p>
   </div>
   <div class='ocr_carea' id='block_1_43' title="bbox 307 2698 1896 2771">
    <p class='ocr_par' dir='ltr' id='par_1_43' title="bbox 307 2698 1896 2771">
     <span class='ocr_line' id='line_1_43' title="bbox 307 2698 1896 2771; baseline 0.001 -20"><span class='ocrx_word' id='word_1_317' title='bbox 307 2699 538 2768; x_wconf 85' lang='grc' dir='ltr'>μελείας</span> <span class='ocrx_word' id='word_1_318' title='bbox 575 2699 827 2769; x_wconf 82' lang='grc' dir='ltr'>ἐπιφέρει</span> <span class='ocrx_word' id='word_1_319' title='bbox 856 2715 868 2727; x_wconf 76' lang='grc'>³</span> <span class='ocrx_word' id='word_1_320' title='bbox 901 2698 1024 2770; x_wconf 77' lang='grc' dir='ltr'>ἢτῇ</span> <span class='ocrx_word' id='word_1_321' title='bbox 1057 2701 1194 2771; x_wconf 76' lang='grc' dir='ltr'>πρὸς</span> <span class='ocrx_word' id='word_1_322' title='bbox 1224 2701 1350 2763; x_wconf 83' lang='grc' dir='ltr'>τοὺς</span> <span class='ocrx_word' id='word_1_323' title='bbox 1370 2701 1632 2770; x_wconf 79' lang='grc' dir='ltr'>τυχόντας</span> <span class='ocrx_word' id='word_1_324' title='bbox 1680 2700 1896 2771; x_wconf 83' lang='grc' dir='ltr'>ἀνθρώ-</span> 
     </span>
    </p>
   </div>
   <div class='ocr_carea' id='block_1_44' title="bbox 305 2789 1898 2862">
    <p class='ocr_par' dir='ltr' id='par_1_44' title="bbox 305 2789 1898 2862">
     <span class='ocr_line' id='line_1_44' title="bbox 305 2789 1898 2862; baseline 0.001 -18"><span class='ocrx_word' id='word_1_325' title='bbox 305 2808 446 2853; x_wconf 85' lang='grc' dir='ltr'>πους</span> <span class='ocrx_word' id='word_1_326' title='bbox 512 2790 872 2862; x_wconf 82' lang='grc' dir='ltr'>ἀκαιρολογίᾳ</span> <span class='ocrx_word' id='word_1_327' title='bbox 935 2807 1036 2861; x_wconf 89' lang='grc' dir='ltr'><strong>μου</strong></span> <span class='ocrx_word' id='word_1_328' title='bbox 1066 2807 1080 2822; x_wconf 78' lang='grc'><em>’</em></span> <span class='ocrx_word' id='word_1_329' title='bbox 1131 2791 1225 2844; x_wconf 74' lang='grc' dir='ltr'><strong>καὶ</strong></span> <span class='ocrx_word' id='word_1_330' title='bbox 1275 2790 1606 2861; x_wconf 85' lang='grc' dir='ltr'>ἐταράχθην,</span> <span class='ocrx_word' id='word_1_331' title='bbox 1657 2789 1767 2844; x_wconf 79' lang='grc' dir='ltr'>ὰπδ</span> <span class='ocrx_word' id='word_1_332' title='bbox 1797 2791 1898 2862; x_wconf 86' lang='grc' dir='ltr'>τῆς</span> 
     </span>
    </p>
   </div>
   <div class='ocr_carea' id='block_1_45' title="bbox 302 2881 1891 2954">
    <p class='ocr_par' dir='ltr' id='par_1_45' title="bbox 302 2881 1891 2954">
     <span class='ocr_line' id='line_1_45' title="bbox 302 2881 1891 2954; baseline 0.001 -19"><span class='ocrx_word' id='word_1_333' title='bbox 302 2881 587 2952; x_wconf 72' lang='grc' dir='ltr'>ὑποϐολῆς</span> <span class='ocrx_word' id='word_1_334' title='bbox 612 2883 708 2937; x_wconf 87' lang='grc' dir='ltr'><strong>τοῦ</strong></span> <span class='ocrx_word' id='word_1_335' title='bbox 742 2882 938 2954; x_wconf 83' lang='grc' dir='ltr'>ἐχθροῦ</span> <span class='ocrx_word' id='word_1_336' title='bbox 977 2900 1078 2953; x_wconf 86' lang='grc' dir='ltr'><strong>μου</strong></span> <span class='ocrx_word' id='word_1_337' title='bbox 1113 2883 1209 2936; x_wconf 73' lang='grc' dir='ltr'>καὶ</span> <span class='ocrx_word' id='word_1_338' title='bbox 1241 2881 1576 2953; x_wconf 84' lang='grc' dir='ltr'>άμαρτωλοῦ</span> <span class='ocrx_word' id='word_1_339' title='bbox 1599 2881 1854 2953; x_wconf 85' lang='grc' dir='ltr'>δαίμονος</span> <span class='ocrx_word' id='word_1_340' title='bbox 1879 2899 1891 2910; x_wconf 95' lang='grc'><strong>·</strong></span> 
     </span>
    </p>
   </div>
   <div class='ocr_carea' id='block_1_46' title="bbox 303 2973 1892 3046">
    <p class='ocr_par' dir='ltr' id='par_1_46' title="bbox 303 2973 1892 3046">
     <span class='ocr_line' id='line_1_46' title="bbox 303 2973 1892 3046; baseline -0.001 -19"><span class='ocrx_word' id='word_1_341' title='bbox 303 2976 603 3046; x_wconf 82' lang='grc' dir='ltr'>ἐμάκρυνα</span> <span class='ocrx_word' id='word_1_342' title='bbox 621 2974 678 3028; x_wconf 84' lang='grc' dir='ltr'><strong>δέ</strong></span> <span class='ocrx_word' id='word_1_343' title='bbox 713 2974 822 3029; x_wconf 74' lang='grc' dir='ltr'>ἀπὸ</span> <span class='ocrx_word' id='word_1_344' title='bbox 853 2975 948 3028; x_wconf 89' lang='grc' dir='ltr'><strong>τοῦ</strong></span> <span class='ocrx_word' id='word_1_345' title='bbox 977 2973 1136 3040; x_wconf 86' lang='grc' dir='ltr'>Θεοῦ,</span> <span class='ocrx_word' id='word_1_346' title='bbox 1167 2973 1452 3044; x_wconf 78' lang='grc' dir='ltr'>κολληθεὶς</span> <span class='ocrx_word' id='word_1_347' title='bbox 1487 2975 1602 3038; x_wconf 89' lang='grc' dir='ltr'>τοῖς</span> <span class='ocrx_word' id='word_1_348' title='bbox 1651 2974 1892 3045; x_wconf 87' lang='grc' dir='ltr'>δαίμοσι,</span> 
     </span>
    </p>
   </div>
   <div class='ocr_carea' id='block_1_47' title="bbox 300 3065 1890 3140">
    <p class='ocr_par' dir='ltr' id='par_1_47' title="bbox 300 3065 1890 3140">
     <span class='ocr_line' id='line_1_47' title="bbox 300 3065 1890 3140; baseline 0.001 -21"><span class='ocrx_word' id='word_1_349' title='bbox 300 3065 392 3120; x_wconf 68' lang='grc' dir='ltr'>διὰ</span> <span class='ocrx_word' id='word_1_350' title='bbox 424 3067 526 3138; x_wconf 81' lang='grc' dir='ltr'>τῆς</span> <span class='ocrx_word' id='word_1_351' title='bbox 547 3067 643 3120; x_wconf 85' lang='grc' dir='ltr'><strong>τοῦ</strong></span> <span class='ocrx_word' id='word_1_352' title='bbox 677 3067 793 3138; x_wconf 86' lang='grc' dir='ltr'>βίου</span> <span class='ocrx_word' id='word_1_353' title='bbox 821 3085 923 3140; x_wconf 85' lang='grc' dir='ltr'><strong>μου</strong></span> <span class='ocrx_word' id='word_1_354' title='bbox 962 3067 1292 3140; x_wconf 86' lang='grc' dir='ltr'>μιαρότητος</span> <span class='ocrx_word' id='word_1_355' title='bbox 1316 3083 1330 3098; x_wconf 91' lang='grc'><strong>·</strong></span> <span class='ocrx_word' id='word_1_356' title='bbox 1370 3068 1464 3120; x_wconf 85' lang='grc' dir='ltr'>καὶ</span> <span class='ocrx_word' id='word_1_357' title='bbox 1512 3067 1779 3137; x_wconf 84' lang='grc' dir='ltr'>ηὑλίσθην</span> <span class='ocrx_word' id='word_1_358' title='bbox 1838 3070 1890 3121; x_wconf 81' lang='grc' dir='ltr'><strong>ἐν</strong></span> 
     </span>
    </p>
   </div>
   <div class='ocr_carea' id='block_1_48' title="bbox 1994 3065 3237 3140">
    <p class='ocr_par' dir='ltr' id='par_1_48' title="bbox 2004 3065 3237 3139">
     <span class='ocr_line' id='line_1_48' title="bbox 2004 3065 3237 3139; baseline -0.001 -15"><span class='ocrx_word' id='word_1_359' title='bbox 2004 3067 2252 3124; x_wconf 83' lang='lat' dir='ltr'><strong>dolorem</strong></span> <span class='ocrx_word' id='word_1_360' title='bbox 2310 3067 2441 3122; x_wconf 87' lang='lat' dir='ltr'><strong>mihi</strong></span> <span class='ocrx_word' id='word_1_361' title='bbox 2489 3067 2748 3124; x_wconf 78' lang='lat' dir='ltr'><strong>aﬁ‘erunt.</strong></span> <span class='ocrx_word' id='word_1_362' title='bbox 2833 3065 2930 3124; x_wconf 79' lang='lat' dir='ltr'><strong>Vel</strong></span> <span class='ocrx_word' id='word_1_363' title='bbox 2989 3067 3010 3139; x_wconf 63' lang='grc' dir='ltr'>ί</span> <span class='ocrx_word' id='word_1_364' title='bbox 3052 3071 3180 3138; x_wconf 87' lang='lat' dir='ltr'><strong>quia</strong></span> <span class='ocrx_word' id='word_1_365' title='bbox 3221 3108 3237 3132; x_wconf 91' lang='lat'><strong>,</strong></span> 
     </span>
    </p>
   </div>
   <div class='ocr_carea' id='block_1_49' title="bbox 2000 1868 3702 1942">
    <p class='ocr_par' dir='ltr' id='par_1_49' title="bbox 2000 1868 3702 1942">
     <span class='ocr_line' id='line_1_49' title="bbox 2000 1868 3702 1942; baseline 0.001 -14"><span class='ocrx_word' id='word_1_366' title='bbox 2000 1884 2155 1928; x_wconf 88' lang='lat' dir='ltr'><strong>sueta</strong></span> <span class='ocrx_word' id='word_1_367' title='bbox 2189 1870 2466 1926; x_wconf 83' lang='lat' dir='ltr'><strong>invocatio</strong></span> <span class='ocrx_word' id='word_1_368' title='bbox 2498 1869 2641 1925; x_wconf 86' lang='lat' dir='ltr'><strong>beati</strong></span> <span class='ocrx_word' id='word_1_369' title='bbox 2673 1868 2844 1923; x_wconf 86' lang='lat' dir='ltr'><strong>David</strong></span> <span class='ocrx_word' id='word_1_370' title='bbox 2876 1887 2888 1922; x_wconf 93' lang='lat'>:</span> <span class='ocrx_word' id='word_1_371' title='bbox 2915 1870 3008 1938; x_wconf 91' lang='lat' dir='ltr'><strong>qui</strong></span> <span class='ocrx_word' id='word_1_372' title='bbox 3039 1885 3163 1924; x_wconf 93' lang='lat' dir='ltr'><strong>cum</strong></span> <span class='ocrx_word' id='word_1_373' title='bbox 3200 1873 3405 1942; x_wconf 65' lang='lat' dir='ltr'><strong>saepius</strong></span> <span class='ocrx_word' id='word_1_374' title='bbox 3434 1874 3587 1930; x_wconf 88' lang='lat' dir='ltr'><strong>illius</strong></span> <span class='ocrx_word' id='word_1_375' title='bbox 3693 1877 3702 1896; x_wconf 89' lang='lat'><strong><em>&#39;</em></strong></span> 
     </span>
    </p>
   </div>
   <div class='ocr_carea' id='block_1_50' title="bbox 1999 1961 3588 2036">
    <p class='ocr_par' dir='ltr' id='par_1_50' title="bbox 1999 1961 3588 2036">
     <span class='ocr_line' id='line_1_50' title="bbox 1999 1961 3588 2036; baseline -0.001 -16"><span class='ocrx_word' id='word_1_376' title='bbox 1999 1965 2114 2035; x_wconf 86' lang='lat' dir='ltr'><strong>spei</strong></span> <span class='ocrx_word' id='word_1_377' title='bbox 2136 1965 2378 2019; x_wconf 80' lang='lat' dir='ltr'><strong>fructum</strong></span> <span class='ocrx_word' id='word_1_378' title='bbox 2393 1961 2854 2032; x_wconf 79' lang='lat' dir='ltr'><strong>expcrtusfuerit,</strong></span> <span class='ocrx_word' id='word_1_379' title='bbox 2871 1963 3058 2031; x_wconf 56' lang='lat' dir='ltr'><strong>quain</strong></span> <span class='ocrx_word' id='word_1_380' title='bbox 3075 1961 3248 2018; x_wconf 86' lang='lat' dir='ltr'><strong>Deum</strong></span> <span class='ocrx_word' id='word_1_381' title='bbox 3280 1972 3387 2029; x_wconf 89' lang='lat' dir='ltr'><strong>est,</strong></span> <span class='ocrx_word' id='word_1_382' title='bbox 3412 1967 3588 2036; x_wconf 86' lang='lat' dir='ltr'><strong>impo-</strong></span> 
     </span>
    </p>
   </div>
   <div class='ocr_carea' id='block_1_51' title="bbox 1998 2052 3588 2124">
    <p class='ocr_par' dir='ltr' id='par_1_51' title="bbox 1998 2052 3588 2124">
     <span class='ocr_line' id='line_1_51' title="bbox 1998 2052 3588 2124; baseline 0 -12"><span class='ocrx_word' id='word_1_383' title='bbox 1998 2066 2208 2113; x_wconf 89' lang='lat' dir='ltr'><strong>sterum</strong></span> <span class='ocrx_word' id='word_1_384' title='bbox 2253 2063 2307 2110; x_wconf 89' lang='lat' dir='ltr'><strong>et</strong></span> <span class='ocrx_word' id='word_1_385' title='bbox 2348 2053 2602 2110; x_wconf 86' lang='lat' dir='ltr'><strong>stabilem</strong></span> <span class='ocrx_word' id='word_1_386' title='bbox 2632 2053 2686 2107; x_wconf 90' lang='lat' dir='ltr'><strong>in</strong></span> <span class='ocrx_word' id='word_1_387' title='bbox 2715 2067 2780 2108; x_wconf 88' lang='lat' dir='ltr'><strong>eo</strong></span> <span class='ocrx_word' id='word_1_388' title='bbox 2814 2068 2968 2124; x_wconf 86' lang='lat' dir='ltr'><strong>spem</strong></span> <span class='ocrx_word' id='word_1_389' title='bbox 3009 2052 3269 2120; x_wconf 89' lang='lat' dir='ltr'><strong>collocat,</strong></span> <span class='ocrx_word' id='word_1_390' title='bbox 3313 2065 3368 2111; x_wconf 90' lang='lat' dir='ltr'><strong>et</strong></span> <span class='ocrx_word' id='word_1_391' title='bbox 3417 2059 3588 2112; x_wconf 80' lang='lat' dir='ltr'><strong>collo-</strong></span> 
     </span>
    </p>
   </div>
   <div class='ocr_carea' id='block_1_52' title="bbox 2000 2141 3590 2215">
    <p class='ocr_par' dir='ltr' id='par_1_52' title="bbox 2000 2141 3590 2215">
     <span class='ocr_line' id='line_1_52' title="bbox 2000 2141 3590 2215; baseline 0.001 -14"><span class='ocrx_word' id='word_1_392' title='bbox 2000 2160 2160 2201; x_wconf 86' lang='lat' dir='ltr'><strong>casse</strong></span> <span class='ocrx_word' id='word_1_393' title='bbox 2189 2160 2310 2200; x_wconf 91' lang='lat' dir='ltr'><strong>eam</strong></span> <span class='ocrx_word' id='word_1_394' title='bbox 2345 2143 2659 2200; x_wconf 89' lang='lat' dir='ltr'><strong>conﬁtetur.</strong></span> <span class='ocrx_word' id='word_1_395' title='bbox 2701 2141 2972 2213; x_wconf 87' lang='lat' dir='ltr'><strong>Congruit</strong></span> <span class='ocrx_word' id='word_1_396' title='bbox 2997 2143 3164 2199; x_wconf 89' lang='lat' dir='ltr'><strong>etiam</strong></span> <span class='ocrx_word' id='word_1_397' title='bbox 3210 2145 3300 2201; x_wconf 83' lang='lat' dir='ltr'><strong>ltie</strong></span> <span class='ocrx_word' id='word_1_398' title='bbox 3340 2146 3590 2215; x_wconf 90' lang='lat' dir='ltr'><strong>psalmus</strong></span> 
     </span>
    </p>
   </div>
   <div class='ocr_carea' id='block_1_53' title="bbox 1999 2233 3588 2306">
    <p class='ocr_par' dir='ltr' id='par_1_53' title="bbox 1999 2233 3588 2306">
     <span class='ocr_line' id='line_1_53' title="bbox 1999 2233 3588 2306; baseline -0.001 -14"><span class='ocrx_word' id='word_1_399' title='bbox 1999 2237 2259 2293; x_wconf 90' lang='lat' dir='ltr'><strong>omnibus</strong></span> <span class='ocrx_word' id='word_1_400' title='bbox 2285 2234 2558 2300; x_wconf 84' lang='lat' dir='ltr'><strong>ﬁdelibus,</strong></span> <span class='ocrx_word' id='word_1_401' title='bbox 2586 2233 2781 2304; x_wconf 86' lang='lat' dir='ltr'><strong>paucis</strong></span> <span class='ocrx_word' id='word_1_402' title='bbox 2809 2242 3022 2289; x_wconf 88' lang='lat' dir='ltr'><strong>tantum</strong></span> <span class='ocrx_word' id='word_1_403' title='bbox 3050 2237 3322 2306; x_wconf 83' lang='lat' dir='ltr'><strong>exceptis,</strong></span> <span class='ocrx_word' id='word_1_404' title='bbox 3374 2251 3494 2306; x_wconf 83' lang='lat' dir='ltr'><strong>quae</strong></span> <span class='ocrx_word' id='word_1_405' title='bbox 3533 2236 3588 2291; x_wconf 92' lang='lat' dir='ltr'><strong>in</strong></span> 
     </span>
    </p>
   </div>
   <div class='ocr_carea' id='block_1_54' title="bbox 1999 2325 3589 2400">
    <p class='ocr_par' dir='ltr' id='par_1_54' title="bbox 1999 2325 3589 2400">
     <span class='ocr_line' id='line_1_54' title="bbox 1999 2325 3589 2400; baseline 0.001 -17"><span class='ocrx_word' id='word_1_406' title='bbox 1999 2343 2295 2400; x_wconf 86' lang='lat' dir='ltr'><strong>progressu</strong></span> <span class='ocrx_word' id='word_1_407' title='bbox 2336 2325 2672 2382; x_wconf 85' lang='lat' dir='ltr'><strong>declarando</strong></span> <span class='ocrx_word' id='word_1_408' title='bbox 2717 2325 3192 2396; x_wconf 86' lang='lat' dir='ltr'><strong>signiﬁcabimus;</strong></span> <span class='ocrx_word' id='word_1_409' title='bbox 3247 2342 3438 2382; x_wconf 74' lang='lat' dir='ltr'><strong>verum</strong></span> <span class='ocrx_word' id='word_1_410' title='bbox 3477 2343 3589 2384; x_wconf 90' lang='lat' dir='ltr'><strong>non</strong></span> 
     </span>
    </p>
   </div>
   <div class='ocr_carea' id='block_1_55' title="bbox 1999 2421 3589 2492">
    <p class='ocr_par' dir='ltr' id='par_1_55' title="bbox 1999 2421 3589 2492">
     <span class='ocr_line' id='line_1_55' title="bbox 1999 2421 3589 2492; baseline -0.001 -13"><span class='ocrx_word' id='word_1_411' title='bbox 1999 2425 2182 2479; x_wconf 89' lang='lat' dir='ltr'><strong>omnia</strong></span> <span class='ocrx_word' id='word_1_412' title='bbox 2210 2438 2430 2480; x_wconf 90' lang='lat' dir='ltr'><strong>rursum</strong></span> <span class='ocrx_word' id='word_1_413' title='bbox 2463 2437 2827 2492; x_wconf 81' lang='lat' dir='ltr'><strong>exponemus,</strong></span> <span class='ocrx_word' id='word_1_414' title='bbox 2857 2422 2953 2477; x_wconf 90' lang='lat' dir='ltr'><strong>sed</strong></span> <span class='ocrx_word' id='word_1_415' title='bbox 2982 2421 3311 2477; x_wconf 88' lang='lat' dir='ltr'><strong>obscuriora</strong></span> <span class='ocrx_word' id='word_1_416' title='bbox 3351 2431 3589 2478; x_wconf 87' lang='lat' dir='ltr'><strong>tantum.</strong></span> 
     </span>
    </p>
   </div>
   <div class='ocr_carea' id='block_1_56' title="bbox 1998 2514 3592 2586">
    <p class='ocr_par' dir='ltr' id='par_1_56' title="bbox 1998 2514 3592 2586">
     <span class='ocr_line' id='line_1_56' title="bbox 1998 2514 3592 2586; baseline -0.001 -15"><span class='ocrx_word' id='word_1_417' title='bbox 1998 2516 2134 2571; x_wconf 84' lang='lat' dir='ltr'><strong>Nam</strong></span> <span class='ocrx_word' id='word_1_418' title='bbox 2174 2531 2296 2586; x_wconf 76' lang='lat' dir='ltr'><strong>qua:</strong></span> <span class='ocrx_word' id='word_1_419' title='bbox 2328 2514 2514 2569; x_wconf 74' lang='lat' dir='ltr'><strong>facilia</strong></span> <span class='ocrx_word' id='word_1_420' title='bbox 2577 2520 2729 2578; x_wconf 84' lang='lat' dir='ltr'><strong>sunt,</strong></span> <span class='ocrx_word' id='word_1_421' title='bbox 2761 2514 3009 2569; x_wconf 89' lang='lat' dir='ltr'><strong>sinemus</strong></span> <span class='ocrx_word' id='word_1_422' title='bbox 3046 2514 3272 2584; x_wconf 74' lang='lat' dir='ltr'><strong>intelligi</strong></span> <span class='ocrx_word' id='word_1_423' title='bbox 3308 2515 3468 2583; x_wconf 84' lang='lat' dir='ltr'><strong>juxta</strong></span> <span class='ocrx_word' id='word_1_424' title='bbox 3497 2531 3592 2570; x_wconf 78' lang='lat' dir='ltr'><strong>ex-</strong></span> 
     </span>
    </p>
   </div>
   <div class='ocr_carea' id='block_1_57' title="bbox 2000 2607 3592 2682">
    <p class='ocr_par' dir='ltr' id='par_1_57' title="bbox 2000 2607 3592 2682">
     <span class='ocr_line' id='line_1_57' title="bbox 2000 2607 3592 2682; baseline -0.002 -16"><span class='ocrx_word' id='word_1_425' title='bbox 2000 2611 2330 2682; x_wconf 84' lang='lat' dir='ltr'><strong>positionem</strong></span> <span class='ocrx_word' id='word_1_426' title='bbox 2364 2609 2478 2680; x_wconf 92' lang='lat' dir='ltr'><strong>jam</strong></span> <span class='ocrx_word' id='word_1_427' title='bbox 2518 2608 2778 2662; x_wconf 89' lang='lat' dir='ltr'><strong>traditam</strong></span> <span class='ocrx_word' id='word_1_428' title='bbox 2814 2625 2827 2663; x_wconf 92' lang='lat'><strong>:</strong></span> <span class='ocrx_word' id='word_1_429' title='bbox 2865 2607 3226 2663; x_wconf 83' lang='lat' dir='ltr'><strong>Contristatus</strong></span> <span class='ocrx_word' id='word_1_430' title='bbox 3257 2625 3373 2663; x_wconf 81' lang='lat' dir='ltr'><strong>sunt</strong></span> <span class='ocrx_word' id='word_1_431' title='bbox 3410 2611 3466 2663; x_wconf 87' lang='lat' dir='ltr'><strong>in</strong></span> <span class='ocrx_word' id='word_1_432' title='bbox 3489 2627 3592 2664; x_wconf 73' lang='lat' dir='ltr'><strong>nie-</strong></span> 
     </span>
    </p>
   </div>
   <div class='ocr_carea' id='block_1_58' title="bbox 1997 2696 3590 2771">
    <p class='ocr_par' dir='ltr' id='par_1_58' title="bbox 1997 2696 3590 2771">
     <span class='ocr_line' id='line_1_58' title="bbox 1997 2696 3590 2771; baseline 0.001 -18"><span class='ocrx_word' id='word_1_433' title='bbox 1997 2700 2255 2754; x_wconf 83' lang='lat' dir='ltr'><strong>ditatione</strong></span> <span class='ocrx_word' id='word_1_434' title='bbox 2299 2713 2437 2764; x_wconf 85' lang='lat' dir='ltr'><strong>mea,</strong></span> <span class='ocrx_word' id='word_1_435' title='bbox 2494 2696 2599 2752; x_wconf 88' lang='lat' dir='ltr'><strong>boe</strong></span> <span class='ocrx_word' id='word_1_436' title='bbox 2651 2705 2774 2762; x_wconf 86' lang='lat' dir='ltr'><strong>est,</strong></span> <span class='ocrx_word' id='word_1_437' title='bbox 2817 2696 2873 2751; x_wconf 92' lang='lat' dir='ltr'><strong>in</strong></span> <span class='ocrx_word' id='word_1_438' title='bbox 2919 2700 3342 2754; x_wconf 82' lang='lat' dir='ltr'><strong>conversatione</strong></span> <span class='ocrx_word' id='word_1_439' title='bbox 3369 2742 3384 2764; x_wconf 88' lang='lat'><strong>,</strong></span> <span class='ocrx_word' id='word_1_440' title='bbox 3426 2717 3590 2771; x_wconf 90' lang='lat' dir='ltr'><strong>quam</strong></span> 
     </span>
    </p>
   </div>
   <div class='ocr_carea' id='block_1_59' title="bbox 1999 2789 3589 2860">
    <p class='ocr_par' dir='ltr' id='par_1_59' title="bbox 1999 2789 3589 2860">
     <span class='ocr_line' id='line_1_59' title="bbox 1999 2789 3589 2860; baseline 0.004 -15"><span class='ocrx_word' id='word_1_441' title='bbox 1999 2789 2166 2845; x_wconf 87' lang='lat' dir='ltr'><strong>habui</strong></span> <span class='ocrx_word' id='word_1_442' title='bbox 2189 2789 2316 2845; x_wconf 90' lang='lat' dir='ltr'><strong>dum</strong></span> <span class='ocrx_word' id='word_1_443' title='bbox 2338 2791 2392 2844; x_wconf 92' lang='lat' dir='ltr'><strong>in</strong></span> <span class='ocrx_word' id='word_1_444' title='bbox 2415 2789 2843 2860; x_wconf 80' lang='lat' dir='ltr'><strong>cogitationibus</strong></span> <span class='ocrx_word' id='word_1_445' title='bbox 2861 2805 3039 2846; x_wconf 89' lang='lat' dir='ltr'><strong>essem</strong></span> <span class='ocrx_word' id='word_1_446' title='bbox 3066 2793 3589 2860; x_wconf 87' lang='lat' dir='ltr'><strong>perturbatissimis.</strong></span> 
     </span>
    </p>
   </div>
   <div class='ocr_carea' id='block_1_60' title="bbox 2000 2881 3592 2953">
    <p class='ocr_par' dir='ltr' id='par_1_60' title="bbox 2000 2881 3592 2953">
     <span class='ocr_line' id='line_1_60' title="bbox 2000 2881 3592 2953; baseline 0.003 -17"><span class='ocrx_word' id='word_1_447' title='bbox 2000 2881 2402 2951; x_wconf 79' lang='lat' dir='ltr'><strong>aiiectibusque</strong></span> <span class='ocrx_word' id='word_1_448' title='bbox 2453 2897 2518 2936; x_wconf 89' lang='lat' dir='ltr'><strong>ac</strong></span> <span class='ocrx_word' id='word_1_449' title='bbox 2589 2881 2946 2951; x_wconf 83' lang='lat' dir='ltr'><strong>passiouibus</strong></span> <span class='ocrx_word' id='word_1_450' title='bbox 2997 2883 3201 2953; x_wconf 89' lang='lat' dir='ltr'><strong>plenis.</strong></span> <span class='ocrx_word' id='word_1_451' title='bbox 3256 2883 3592 2953; x_wconf 88' lang='lat' dir='ltr'><strong>Ilujusmodi</strong></span> 
     </span>
    </p>
   </div>
   <div class='ocr_carea' id='block_1_61' title="bbox 2000 2976 3594 3047">
    <p class='ocr_par' dir='ltr' id='par_1_61' title="bbox 2000 2976 3594 3047">
     <span class='ocr_line' id='line_1_61' title="bbox 2000 2976 3594 3047; baseline 0 -16"><span class='ocrx_word' id='word_1_452' title='bbox 2000 2978 2148 3032; x_wconf 90' lang='lat' dir='ltr'><strong>enim</strong></span> <span class='ocrx_word' id='word_1_453' title='bbox 2209 2976 2574 3047; x_wconf 78' lang='lat' dir='ltr'><strong>cogitationes</strong></span> <span class='ocrx_word' id='word_1_454' title='bbox 2635 2991 2803 3040; x_wconf 71' lang='lat' dir='ltr'><strong>meae,</strong></span> <span class='ocrx_word' id='word_1_455' title='bbox 2862 2977 3159 3032; x_wconf 89' lang='lat' dir='ltr'><strong>subsecuta</strong></span> <span class='ocrx_word' id='word_1_456' title='bbox 3222 2978 3594 3047; x_wconf 72' lang='lat' dir='ltr'><strong>poenitentia,</strong></span> 
     </span>
    </p>
   </div>
   <div class='ocr_carea' id='block_1_62' title="bbox 3297 3079 3593 3140">
    <p class='ocr_par' dir='ltr' id='par_1_62' title="bbox 3297 3079 3593 3140">
     <span class='ocr_line' id='line_1_62' title="bbox 3297 3079 3593 3140; baseline 0 -17"><span class='ocrx_word' id='word_1_457' title='bbox 3297 3079 3358 3123; x_wconf 88' lang='grc' dir='ltr'><strong>ιιι</strong></span> <span class='ocrx_word' id='word_1_458' title='bbox 3426 3083 3593 3140; x_wconf 86' lang='lat' dir='ltr'><strong>supe-</strong></span> 
     </span>
    </p>
   </div>
   <div class='ocr_carea' id='block_1_63' title="bbox 300 3129 1890 3230">
    <p class='ocr_par' dir='ltr' id='par_1_63' title="bbox 300 3129 1890 3226">
     <span class='ocr_line' id='line_1_63' title="bbox 300 3129 1890 3226; baseline 0.004 -21"><span class='ocrx_word' id='word_1_459' title='bbox 300 3157 370 3226; x_wconf 80' lang='grc' dir='ltr'><strong>τῇ</strong></span> <span class='ocrx_word' id='word_1_460' title='bbox 415 3129 649 3226; x_wconf 67' lang='grc' dir='ltr'>ἐρημίᾳ,</span> <span class='ocrx_word' id='word_1_461' title='bbox 677 3129 785 3208; x_wconf 58' lang='grc' dir='ltr'>’καὶ</span> <span class='ocrx_word' id='word_1_462' title='bbox 821 3129 1114 3226; x_wconf 58' lang='grc' dir='ltr'>’ἀκαρπίῇ</span> <span class='ocrx_word' id='word_1_463' title='bbox 1174 3129 1662 3223; x_wconf 50' lang='grc' dir='ltr'>Καταπόντισον,</span> <span class='ocrx_word' id='word_1_464' title='bbox 1703 3129 1890 3226; x_wconf 59' lang='grc' dir='ltr'>Ιέύριε,</span> 
     </span>
    </p>
   </div>
   <div class='ocr_carea' id='block_1_64' title="bbox 1994 3129 3587 3230">
    <p class='ocr_par' dir='ltr' id='par_1_64' title="bbox 2015 3129 3587 3230">
     <span class='ocr_line' id='line_1_64' title="bbox 2015 3129 3587 3230; baseline 0.001 -17"><span class='ocrx_word' id='word_1_465' title='bbox 2015 3160 2134 3216; x_wconf 88' lang='lat' dir='ltr'><strong>rius</strong></span> <span class='ocrx_word' id='word_1_466' title='bbox 2208 3157 2453 3216; x_wconf 80' lang='lat' dir='ltr'><strong>diximus</strong></span> <span class='ocrx_word' id='word_1_467' title='bbox 2501 3199 2515 3224; x_wconf 91' lang='lat'><strong>,</strong></span> <span class='ocrx_word' id='word_1_468' title='bbox 2565 3156 2754 3214; x_wconf 84' lang='lat' dir='ltr'><strong>Graeca</strong></span> <span class='ocrx_word' id='word_1_469' title='bbox 2843 3129 3014 3214; x_wconf 77' lang='lat' dir='ltr'><strong>dictio</strong></span> <span class='ocrx_word' id='word_1_470' title='bbox 3071 3129 3394 3230; x_wconf 45' lang='grc' dir='ltr'>’ἀδολεσχία</span> <span class='ocrx_word' id='word_1_471' title='bbox 3473 3129 3587 3216; x_wconf 68' lang='lat' dir='ltr'><strong>don</strong></span> 
     </span>
    </p>
   </div>
   <div class='ocr_carea' id='block_1_65' title="bbox 299 3245 1914 3330">
    <p class='ocr_par' dir='ltr' id='par_1_65' title="bbox 299 3245 1914 3330">
     <span class='ocr_line' id='line_1_65' title="bbox 299 3245 1914 3330; baseline 0 -28"><span class='ocrx_word' id='word_1_472' title='bbox 299 3249 406 3302; x_wconf 76' lang='grc' dir='ltr'><strong>καί</strong></span> <span class='ocrx_word' id='word_1_473' title='bbox 448 3247 777 3302; x_wconf 75' lang='grc' dir='ltr'>καταδίελε</span> <span class='ocrx_word' id='word_1_474' title='bbox 801 3248 910 3316; x_wconf 85' lang='grc' dir='ltr'>τὰς</span> <span class='ocrx_word' id='word_1_475' title='bbox 939 3248 1226 3320; x_wconf 79' lang='grc' dir='ltr'>γλώσσας</span> <span class='ocrx_word' id='word_1_476' title='bbox 1255 3245 1479 3314; x_wconf 80' lang='grc' dir='ltr'>αὐτῶν,</span> <span class='ocrx_word' id='word_1_477' title='bbox 1541 3248 1651 3302; x_wconf 85' lang='grc' dir='ltr'><strong>τῶν</strong></span> <span class='ocrx_word' id='word_1_478' title='bbox 1707 3249 1914 3330; x_wconf 47' lang='grc' dir='ltr'>δαιμόέ</span> 
     </span>
    </p>
   </div>
   <div class='ocr_carea' id='block_1_66' title="bbox 2008 3251 3594 3322">
    <p class='ocr_par' dir='ltr' id='par_1_66' title="bbox 2008 3251 3594 3322">
     <span class='ocr_line' id='line_1_66' title="bbox 2008 3251 3594 3322; baseline 0.003 -19"><span class='ocrx_word' id='word_1_479' title='bbox 2008 3259 2219 3306; x_wconf 91' lang='lat' dir='ltr'><strong>tantum</strong></span> <span class='ocrx_word' id='word_1_480' title='bbox 2252 3251 2695 3318; x_wconf 86' lang='lat' dir='ltr'><strong>meditationem,</strong></span> <span class='ocrx_word' id='word_1_481' title='bbox 2727 3251 2821 3307; x_wconf 89' lang='lat' dir='ltr'><strong>sed</strong></span> <span class='ocrx_word' id='word_1_482' title='bbox 2859 3251 3230 3322; x_wconf 79' lang='lat' dir='ltr'><strong>nugacitatem</strong></span> <span class='ocrx_word' id='word_1_483' title='bbox 3262 3256 3455 3316; x_wconf 90' lang='lat' dir='ltr'><strong>etiam,</strong></span> <span class='ocrx_word' id='word_1_484' title='bbox 3497 3263 3594 3308; x_wconf 92' lang='lat' dir='ltr'><strong>aut</strong></span> 
     </span>
    </p>
   </div>
   <div class='ocr_carea' id='block_1_67' title="bbox 300 3339 1890 3419">
    <p class='ocr_par' dir='ltr' id='par_1_67' title="bbox 300 3339 1890 3412">
     <span class='ocr_line' id='line_1_67' title="bbox 300 3339 1890 3412; baseline 0.001 -20"><span class='ocrx_word' id='word_1_485' title='bbox 300 3358 434 3406; x_wconf 90' lang='grc' dir='ltr'>νων,</span> <span class='ocrx_word' id='word_1_486' title='bbox 461 3339 609 3393; x_wconf 81' lang='grc' dir='ltr'>ὥστε</span> <span class='ocrx_word' id='word_1_487' title='bbox 646 3340 1008 3411; x_wconf 77' lang='grc' dir='ltr'>μὴδύνασθαι</span> <span class='ocrx_word' id='word_1_488' title='bbox 1035 3343 1353 3411; x_wconf 80' lang='grc' dir='ltr'>συμφωνεῖν</span> <span class='ocrx_word' id='word_1_489' title='bbox 1391 3342 1471 3405; x_wconf 88' lang='grc' dir='ltr'><strong>είς</strong></span> <span class='ocrx_word' id='word_1_490' title='bbox 1498 3340 1598 3406; x_wconf 75' lang='grc' dir='ltr'><strong>τὰς</strong></span> <span class='ocrx_word' id='word_1_491' title='bbox 1621 3341 1743 3394; x_wconf 88' lang='grc' dir='ltr'>κατ’</span> <span class='ocrx_word' id='word_1_492' title='bbox 1764 3339 1890 3412; x_wconf 80' lang='grc' dir='ltr'>ἐμοῐ</span> 
     </span>
    </p>
   </div>
   <div class='ocr_carea' id='block_1_68' title="bbox 1994 3339 3594 3419">
    <p class='ocr_par' dir='ltr' id='par_1_68' title="bbox 2007 3342 3594 3419">
     <span class='ocr_line' id='line_1_68' title="bbox 2007 3342 3594 3419; baseline 0.005 -25"><span class='ocrx_word' id='word_1_493' title='bbox 2007 3345 2411 3414; x_wconf 87' lang='lat' dir='ltr'><strong>atgutationem</strong></span> <span class='ocrx_word' id='word_1_494' title='bbox 2438 3342 2734 3412; x_wconf 83' lang='lat' dir='ltr'><strong>signiﬁcat,</strong></span> <span class='ocrx_word' id='word_1_495' title='bbox 2761 3343 2923 3410; x_wconf 61' lang='lat' dir='ltr'><strong>juxta</strong></span> <span class='ocrx_word' id='word_1_496' title='bbox 2946 3343 3113 3399; x_wconf 87' lang='lat' dir='ltr'><strong>alium</strong></span> <span class='ocrx_word' id='word_1_497' title='bbox 3134 3360 3385 3411; x_wconf 89' lang='lat' dir='ltr'><strong>sensum,</strong></span> <span class='ocrx_word' id='word_1_498' title='bbox 3433 3346 3523 3402; x_wconf 90' lang='lat' dir='ltr'><strong>die</strong></span> <span class='ocrx_word' id='word_1_499' title='bbox 3552 3347 3594 3419; x_wconf 82' lang='lat'><strong>:]</strong></span> 
     </span>
    </p>
   </div>
   <div class='ocr_carea' id='block_1_69' title="bbox 298 3429 1890 3510">
    <p class='ocr_par' dir='ltr' id='par_1_69' title="bbox 298 3429 1890 3504">
     <span class='ocr_line' id='line_1_69' title="bbox 298 3429 1890 3504; baseline 0.001 -18"><span class='ocrx_word' id='word_1_500' title='bbox 298 3433 628 3497; x_wconf 73' lang='grc' dir='ltr'>ἐπιϐουλὰς,</span> <span class='ocrx_word' id='word_1_501' title='bbox 650 3433 770 3487; x_wconf 82' lang='grc' dir='ltr'>Ὅτι</span> <span class='ocrx_word' id='word_1_502' title='bbox 825 3429 993 3488; x_wconf 62' lang='lat' dir='ltr'><strong>amor</strong></span> <span class='ocrx_word' id='word_1_503' title='bbox 1021 3434 1274 3503; x_wconf 75' lang='grc' dir='ltr'>ἀνομίαν</span> <span class='ocrx_word' id='word_1_504' title='bbox 1309 3434 1408 3488; x_wconf 79' lang='grc' dir='ltr'><strong>καί</strong></span> <span class='ocrx_word' id='word_1_505' title='bbox 1438 3435 1794 3504; x_wconf 69' lang='grc' dir='ltr'>ἀντιλογίαν</span> <span class='ocrx_word' id='word_1_506' title='bbox 1832 3435 1890 3489; x_wconf 73' lang='grc' dir='ltr'><strong>ἐν</strong></span> 
     </span>
    </p>
   </div>
   <div class='ocr_carea' id='block_1_70' title="bbox 1994 3429 3599 3510">
    <p class='ocr_par' dir='ltr' id='par_1_70' title="bbox 2006 3435 3599 3510">
     <span class='ocr_line' id='line_1_70' title="bbox 2006 3435 3599 3510; baseline 0.001 -18"><span class='ocrx_word' id='word_1_507' title='bbox 2006 3435 2393 3492; x_wconf 88' lang='lat' dir='ltr'><strong>Contristatus</strong></span> <span class='ocrx_word' id='word_1_508' title='bbox 2427 3450 2548 3490; x_wconf 92' lang='lat' dir='ltr'><strong>sum</strong></span> <span class='ocrx_word' id='word_1_509' title='bbox 2584 3435 2975 3506; x_wconf 89' lang='lat' dir='ltr'><strong>intempestivo</strong></span> <span class='ocrx_word' id='word_1_510' title='bbox 3004 3451 3262 3493; x_wconf 87' lang='lat' dir='ltr'><strong>sermone</strong></span> <span class='ocrx_word' id='word_1_511' title='bbox 3298 3455 3440 3505; x_wconf 89' lang='lat' dir='ltr'><strong>meo,</strong></span> <span class='ocrx_word' id='word_1_512' title='bbox 3488 3455 3599 3510; x_wconf 88' lang='lat' dir='ltr'><strong>quo</strong></span> 
     </span>
    </p>
   </div>
   <div class='ocr_carea' id='block_1_71' title="bbox 297 3525 1890 3600">
    <p class='ocr_par' dir='ltr' id='par_1_71' title="bbox 297 3525 1890 3597">
     <span class='ocr_line' id='line_1_71' title="bbox 297 3525 1890 3597; baseline 0.001 -20"><span class='ocrx_word' id='word_1_513' title='bbox 297 3525 377 3592; x_wconf 79' lang='grc' dir='ltr'>τῇ</span> <span class='ocrx_word' id='word_1_514' title='bbox 405 3526 611 3589; x_wconf 76' lang='grc' dir='ltr'>πόλει,</span> <span class='ocrx_word' id='word_1_515' title='bbox 647 3525 834 3595; x_wconf 80' lang='grc' dir='ltr'>ἧγουν,</span> <span class='ocrx_word' id='word_1_516' title='bbox 872 3527 928 3578; x_wconf 91' lang='grc' dir='ltr'><strong>ἐν</strong></span> <span class='ocrx_word' id='word_1_517' title='bbox 960 3529 1029 3597; x_wconf 70' lang='grc' dir='ltr'>τῇ</span> <span class='ocrx_word' id='word_1_518' title='bbox 1062 3525 1307 3597; x_wconf 71' lang='grc' dir='ltr'>πολιτείᾳ</span> <span class='ocrx_word' id='word_1_519' title='bbox 1341 3526 1545 3584; x_wconf 81' lang='grc' dir='ltr'>αὐτῶν.</span> <span class='ocrx_word' id='word_1_520' title='bbox 1613 3526 1890 3597; x_wconf 76' lang='grc' dir='ltr'>’Δνομοῦσι</span> 
     </span>
    </p>
   </div>
   <div class='ocr_carea' id='block_1_72' title="bbox 1994 3525 3598 3600">
    <p class='ocr_par' dir='ltr' id='par_1_72' title="bbox 2007 3527 3598 3600">
     <span class='ocr_line' id='line_1_72' title="bbox 2007 3527 3598 3600; baseline 0.003 -18"><span class='ocrx_word' id='word_1_521' title='bbox 2007 3528 2235 3584; x_wconf 80' lang='lat' dir='ltr'><strong>assidue</strong></span> <span class='ocrx_word' id='word_1_522' title='bbox 2266 3527 2321 3582; x_wconf 90' lang='lat' dir='ltr'><strong>in</strong></span> <span class='ocrx_word' id='word_1_523' title='bbox 2350 3527 2692 3596; x_wconf 87' lang='lat' dir='ltr'><strong>quotidianis</strong></span> <span class='ocrx_word' id='word_1_524' title='bbox 2725 3528 3026 3599; x_wconf 88' lang='lat' dir='ltr'><strong>colloquiis</strong></span> <span class='ocrx_word' id='word_1_525' title='bbox 3044 3529 3326 3600; x_wconf 84' lang='lat' dir='ltr'><strong>superﬂue</strong></span> <span class='ocrx_word' id='word_1_526' title='bbox 3355 3540 3482 3586; x_wconf 88' lang='lat' dir='ltr'><strong>utor</strong></span> <span class='ocrx_word' id='word_1_527' title='bbox 3502 3571 3517 3596; x_wconf 89' lang='lat'><strong>,</strong></span> <span class='ocrx_word' id='word_1_528' title='bbox 3547 3549 3598 3586; x_wconf 86' lang='lat' dir='ltr'><strong>et</strong></span> 
     </span>
    </p>
   </div>
   <div class='ocr_carea' id='block_1_73' title="bbox 297 3616 1890 3691">
    <p class='ocr_par' dir='ltr' id='par_1_73' title="bbox 297 3616 1890 3688">
     <span class='ocr_line' id='line_1_73' title="bbox 297 3616 1890 3688; baseline 0.002 -19"><span class='ocrx_word' id='word_1_529' title='bbox 297 3618 418 3687; x_wconf 76' lang='grc' dir='ltr'><strong>γὰρ</strong></span> <span class='ocrx_word' id='word_1_530' title='bbox 460 3617 898 3686; x_wconf 83' lang='grc' dir='ltr'>ἁμαρτάνοντες,</span> <span class='ocrx_word' id='word_1_531' title='bbox 932 3617 1030 3670; x_wconf 69' lang='grc' dir='ltr'>καὶ</span> <span class='ocrx_word' id='word_1_532' title='bbox 1057 3616 1401 3685; x_wconf 65' lang='grc' dir='ltr'>ἀντιλέγουσι</span> <span class='ocrx_word' id='word_1_533' title='bbox 1441 3619 1552 3681; x_wconf 88' lang='grc' dir='ltr'>τοῖς</span> <span class='ocrx_word' id='word_1_534' title='bbox 1589 3621 1705 3682; x_wconf 90' lang='grc' dir='ltr'>σοῖς</span> <span class='ocrx_word' id='word_1_535' title='bbox 1733 3635 1890 3688; x_wconf 88' lang='grc' dir='ltr'>προσ·</span> 
     </span>
    </p>
   </div>
   <div class='ocr_carea' id='block_1_74' title="bbox 1994 3616 3601 3691">
    <p class='ocr_par' dir='ltr' id='par_1_74' title="bbox 2009 3618 3601 3691">
     <span class='ocr_line' id='line_1_74' title="bbox 2009 3618 3601 3691; baseline 0.004 -21"><span class='ocrx_word' id='word_1_536' title='bbox 2009 3618 2252 3671; x_wconf 83' lang='lat' dir='ltr'><strong>turbatus</strong></span> <span class='ocrx_word' id='word_1_537' title='bbox 2287 3634 2406 3671; x_wconf 83' lang='lat' dir='ltr'><strong>sum</strong></span> <span class='ocrx_word' id='word_1_538' title='bbox 2435 3619 2504 3670; x_wconf 87' lang='lat' dir='ltr'><strong>ab</strong></span> <span class='ocrx_word' id='word_1_539' title='bbox 2531 3618 2743 3672; x_wconf 86' lang='lat' dir='ltr'><strong>inimici</strong></span> <span class='ocrx_word' id='word_1_540' title='bbox 2782 3619 2912 3681; x_wconf 87' lang='lat' dir='ltr'><strong>mei,</strong></span> <span class='ocrx_word' id='word_1_541' title='bbox 2947 3627 3004 3674; x_wconf 90' lang='lat' dir='ltr'><strong>et</strong></span> <span class='ocrx_word' id='word_1_542' title='bbox 3031 3621 3102 3674; x_wconf 91' lang='lat' dir='ltr'><strong>ab</strong></span> <span class='ocrx_word' id='word_1_543' title='bbox 3145 3621 3300 3689; x_wconf 84' lang='lat' dir='ltr'><strong>inqui</strong></span> <span class='ocrx_word' id='word_1_544' title='bbox 3367 3637 3432 3677; x_wconf 90' lang='lat' dir='ltr'><strong>ac</strong></span> <span class='ocrx_word' id='word_1_545' title='bbox 3471 3637 3601 3691; x_wconf 86' lang='lat' dir='ltr'><strong>pec-</strong></span> 
     </span>
    </p>
   </div>
   <div class='ocr_carea' id='block_1_75' title="bbox 296 3708 1890 3782">
    <p class='ocr_par' dir='ltr' id='par_1_75' title="bbox 296 3708 1890 3780">
     <span class='ocr_line' id='line_1_75' title="bbox 296 3708 1890 3780; baseline 0.001 -18"><span class='ocrx_word' id='word_1_546' title='bbox 296 3711 562 3779; x_wconf 82' lang='grc' dir='ltr'>τὰγμασι</span> <span class='ocrx_word' id='word_1_547' title='bbox 593 3723 608 3738; x_wconf 77' lang='grc' dir='ltr'><strong>ο</strong></span> <span class='ocrx_word' id='word_1_548' title='bbox 644 3709 795 3779; x_wconf 83' lang='grc' dir='ltr'>τείχη</span> <span class='ocrx_word' id='word_1_549' title='bbox 821 3709 876 3762; x_wconf 85' lang='grc' dir='ltr'>δὲ</span> <span class='ocrx_word' id='word_1_550' title='bbox 911 3708 1102 3778; x_wconf 81' lang='grc' dir='ltr'>αὐτῆς,</span> <span class='ocrx_word' id='word_1_551' title='bbox 1138 3710 1186 3762; x_wconf 81' lang='grc' dir='ltr'>οἱ</span> <span class='ocrx_word' id='word_1_552' title='bbox 1225 3709 1562 3780; x_wconf 88' lang='grc' dir='ltr'>ίσχυρότεροι</span> <span class='ocrx_word' id='word_1_553' title='bbox 1601 3709 1890 3775; x_wconf 65' lang='grc' dir='ltr'>ἐξαύτῶνε</span> 
     </span>
    </p>
   </div>
   <div class='ocr_carea' id='block_1_76' title="bbox 1994 3708 3597 3782">
    <p class='ocr_par' dir='ltr' id='par_1_76' title="bbox 2007 3711 3597 3782">
     <span class='ocr_line' id='line_1_76' title="bbox 2007 3711 3597 3782; baseline 0.001 -15"><span class='ocrx_word' id='word_1_554' title='bbox 2007 3711 2214 3767; x_wconf 79' lang='lat' dir='ltr'><strong>caloris</strong></span> <span class='ocrx_word' id='word_1_555' title='bbox 2241 3711 2506 3766; x_wconf 83' lang='lat' dir='ltr'><strong>daemonis</strong></span> <span class='ocrx_word' id='word_1_556' title='bbox 2530 3712 2886 3782; x_wconf 73' lang='lat' dir='ltr'><strong>suggestione</strong></span> <span class='ocrx_word' id='word_1_557' title='bbox 2908 3730 2922 3765; x_wconf 89' lang='lat'><strong>:</strong></span> <span class='ocrx_word' id='word_1_558' title='bbox 2942 3711 3237 3782; x_wconf 80' lang='lat' dir='ltr'><strong>Elongalus</strong></span> <span class='ocrx_word' id='word_1_559' title='bbox 3281 3715 3443 3768; x_wconf 88' lang='lat' dir='ltr'><strong>etiam</strong></span> <span class='ocrx_word' id='word_1_560' title='bbox 3478 3732 3597 3768; x_wconf 84' lang='lat' dir='ltr'><strong>sum</strong></span> 
     </span>
    </p>
   </div>
   <div class='ocr_carea' id='block_1_77' title="bbox 297 3799 1890 3875">
    <p class='ocr_par' dir='ltr' id='par_1_77' title="bbox 297 3799 1890 3875">
     <span class='ocr_line' id='line_1_77' title="bbox 297 3799 1890 3875; baseline 0.003 -24"><span class='ocrx_word' id='word_1_561' title='bbox 297 3799 480 3864; x_wconf 83' lang='grc' dir='ltr'>κόπος</span> <span class='ocrx_word' id='word_1_562' title='bbox 557 3799 614 3852; x_wconf 87' lang='grc' dir='ltr'>δὲ</span> <span class='ocrx_word' id='word_1_563' title='bbox 671 3801 730 3852; x_wconf 87' lang='grc' dir='ltr'><strong>ἐν</strong></span> <span class='ocrx_word' id='word_1_564' title='bbox 807 3799 958 3870; x_wconf 83' lang='grc' dir='ltr'>μέσῳ</span> <span class='ocrx_word' id='word_1_565' title='bbox 1024 3800 1232 3870; x_wconf 77' lang='grc' dir='ltr'>αὐτῆς,</span> <span class='ocrx_word' id='word_1_566' title='bbox 1292 3801 1382 3855; x_wconf 76' lang='grc' dir='ltr'><strong>διὰ</strong></span> <span class='ocrx_word' id='word_1_567' title='bbox 1455 3803 1584 3866; x_wconf 79' lang='grc' dir='ltr'>τοὺς</span> <span class='ocrx_word' id='word_1_568' title='bbox 1657 3803 1890 3875; x_wconf 77' lang='grc' dir='ltr'>στερῤὦς</span> 
     </span>
    </p>
   </div>
   <div class='ocr_carea' id='block_1_78' title="bbox 1994 3799 3595 3875">
    <p class='ocr_par' dir='ltr' id='par_1_78' title="bbox 2008 3801 3595 3871">
     <span class='ocr_line' id='line_1_78' title="bbox 2008 3801 3595 3871; baseline 0.003 -14"><span class='ocrx_word' id='word_1_569' title='bbox 2008 3821 2040 3857; x_wconf 90' lang='lat' dir='ltr'><strong>a</strong></span> <span class='ocrx_word' id='word_1_570' title='bbox 2069 3802 2199 3871; x_wconf 88' lang='lat' dir='ltr'><strong>Deo,</strong></span> <span class='ocrx_word' id='word_1_571' title='bbox 2227 3810 2282 3857; x_wconf 87' lang='lat' dir='ltr'><strong>et</strong></span> <span class='ocrx_word' id='word_1_572' title='bbox 2310 3801 2518 3856; x_wconf 69' lang='lat' dir='ltr'><strong>adhaesi</strong></span> <span class='ocrx_word' id='word_1_573' title='bbox 2554 3801 2796 3867; x_wconf 88' lang='lat' dir='ltr'><strong>diabolo,</strong></span> <span class='ocrx_word' id='word_1_574' title='bbox 2828 3805 3012 3871; x_wconf 87' lang='lat' dir='ltr'><strong>pravis</strong></span> <span class='ocrx_word' id='word_1_575' title='bbox 3058 3806 3320 3858; x_wconf 88' lang='lat' dir='ltr'><strong>nimirum</strong></span> <span class='ocrx_word' id='word_1_576' title='bbox 3353 3807 3595 3860; x_wconf 52' lang='lat' dir='ltr'><strong>actioni-</strong></span> 
     </span>
    </p>
   </div>
   <div class='ocr_carea' id='block_1_79' title="bbox 295 3891 1890 3968">
    <p class='ocr_par' dir='ltr' id='par_1_79' title="bbox 295 3891 1890 3964">
     <span class='ocr_line' id='line_1_79' title="bbox 295 3891 1890 3964; baseline 0.001 -20"><span class='ocrx_word' id='word_1_577' title='bbox 295 3891 502 3956; x_wconf 77' lang='grc' dir='ltr'>αὐτοῖς</span> <span class='ocrx_word' id='word_1_578' title='bbox 554 3891 1133 3962; x_wconf 74' lang='grc' dir='ltr'>ἀνταγωνιζομένους·</span> <span class='ocrx_word' id='word_1_579' title='bbox 1195 3892 1454 3947; x_wconf 79' lang='grc' dir='ltr'>πλατεῖαι</span> <span class='ocrx_word' id='word_1_580' title='bbox 1502 3893 1562 3947; x_wconf 82' lang='grc' dir='ltr'>δὲ</span> <span class='ocrx_word' id='word_1_581' title='bbox 1612 3894 1809 3964; x_wconf 70' lang='grc' dir='ltr'>αὐτῆς,</span> <span class='ocrx_word' id='word_1_582' title='bbox 1845 3898 1890 3948; x_wconf 65' lang='grc' dir='ltr'>αὶ</span> 
     </span>
    </p>
   </div>
   <div class='ocr_carea' id='block_1_80' title="bbox 1994 3891 3599 3968">
    <p class='ocr_par' dir='ltr' id='par_1_80' title="bbox 2008 3895 3599 3968">
     <span class='ocr_line' id='line_1_80' title="bbox 2008 3895 3599 3968; baseline 0.003 -19"><span class='ocrx_word' id='word_1_583' title='bbox 2008 3895 2302 3961; x_wconf 90' lang='lat' dir='ltr'><strong>busmeis;</strong></span> <span class='ocrx_word' id='word_1_584' title='bbox 2339 3905 2387 3950; x_wconf 85' lang='lat' dir='ltr'><strong>et</strong></span> <span class='ocrx_word' id='word_1_585' title='bbox 2415 3895 2590 3949; x_wconf 87' lang='lat' dir='ltr'><strong>mansi</strong></span> <span class='ocrx_word' id='word_1_586' title='bbox 2611 3896 2665 3949; x_wconf 87' lang='lat' dir='ltr'><strong>iu</strong></span> <span class='ocrx_word' id='word_1_587' title='bbox 2690 3895 3004 3960; x_wconf 80' lang='lat' dir='ltr'><strong>solitudine,</strong></span> <span class='ocrx_word' id='word_1_588' title='bbox 3025 3912 3122 3952; x_wconf 88' lang='lat' dir='ltr'><strong>seu</strong></span> <span class='ocrx_word' id='word_1_589' title='bbox 3162 3895 3251 3968; x_wconf 80' lang='lat' dir='ltr'><strong>[ut</strong></span> <span class='ocrx_word' id='word_1_590' title='bbox 3277 3899 3599 3968; x_wconf 76' lang='lat' dir='ltr'><strong>expressius</strong></span> 
     </span>
    </p>
   </div>
   <div class='ocr_carea' id='block_1_81' title="bbox 293 3981 1890 4060">
    <p class='ocr_par' dir='ltr' id='par_1_81' title="bbox 293 3981 1890 4057">
     <span class='ocr_line' id='line_1_81' title="bbox 293 3981 1890 4057; baseline 0.003 -23"><span class='ocrx_word' id='word_1_591' title='bbox 293 3981 417 4035; x_wconf 78' lang='grc' dir='ltr'>ὁδοὶ</span> <span class='ocrx_word' id='word_1_592' title='bbox 447 3981 658 4050; x_wconf 79' lang='grc' dir='ltr'>αὐτῶν,</span> <span class='ocrx_word' id='word_1_593' title='bbox 693 3983 767 4046; x_wconf 84' lang='grc' dir='ltr'><strong>ὡς</strong></span> <span class='ocrx_word' id='word_1_594' title='bbox 793 3984 1170 4054; x_wconf 77' lang='grc' dir='ltr'>ἀντικείμεναι</span> <span class='ocrx_word' id='word_1_595' title='bbox 1208 3988 1273 4056; x_wconf 74' lang='grc' dir='ltr'><strong>τῇ</strong></span> <span class='ocrx_word' id='word_1_596' title='bbox 1297 3987 1456 4057; x_wconf 81' lang='grc' dir='ltr'>στενῇ</span> <span class='ocrx_word' id='word_1_597' title='bbox 1479 3985 1583 4055; x_wconf 86' lang='grc' dir='ltr'>όδῷ</span> <span class='ocrx_word' id='word_1_598' title='bbox 1603 3986 1694 4039; x_wconf 87' lang='grc' dir='ltr'><strong>τοῦ</strong></span> <span class='ocrx_word' id='word_1_599' title='bbox 1724 3985 1890 4039; x_wconf 81' lang='grc' dir='ltr'>Θεοῦ⁴</span> 
     </span>
    </p>
   </div>
   <div class='ocr_carea' id='block_1_82' title="bbox 1994 3981 3597 4060">
    <p class='ocr_par' dir='ltr' id='par_1_82' title="bbox 2006 3986 3597 4060">
     <span class='ocr_line' id='line_1_82' title="bbox 2006 3986 3597 4060; baseline 0.002 -19"><span class='ocrx_word' id='word_1_600' title='bbox 2006 3989 2064 4041; x_wconf 93' lang='lat' dir='ltr'><strong>in</strong></span> <span class='ocrx_word' id='word_1_601' title='bbox 2093 3986 2286 4043; x_wconf 64' lang='grc' dir='ltr'>ϐπεεο</span> <span class='ocrx_word' id='word_1_602' title='bbox 2312 3986 2568 4060; x_wconf 84' lang='lat' dir='ltr'><strong>habetur]</strong></span> <span class='ocrx_word' id='word_1_603' title='bbox 2608 3990 2664 4042; x_wconf 90' lang='lat' dir='ltr'><strong>in</strong></span> <span class='ocrx_word' id='word_1_604' title='bbox 2691 4004 2868 4044; x_wconf 82' lang='lat' dir='ltr'><strong>eremo</strong></span> <span class='ocrx_word' id='word_1_605' title='bbox 2892 4027 2907 4053; x_wconf 90' lang='lat'><strong>,</strong></span> <span class='ocrx_word' id='word_1_606' title='bbox 2948 3988 3053 4044; x_wconf 87' lang='lat' dir='ltr'><strong>hoc</strong></span> <span class='ocrx_word' id='word_1_607' title='bbox 3104 3999 3213 4054; x_wconf 73' lang='lat' dir='ltr'><strong>est,</strong></span> <span class='ocrx_word' id='word_1_608' title='bbox 3261 3991 3315 4044; x_wconf 93' lang='lat' dir='ltr'><strong>in</strong></span> <span class='ocrx_word' id='word_1_609' title='bbox 3349 3990 3597 4051; x_wconf 88' lang='lat' dir='ltr'><strong>deserto.</strong></span> 
     </span>
    </p>
   </div>
   <div class='ocr_carea' id='block_1_83' title="bbox 297 4073 1890 4153">
    <p class='ocr_par' dir='ltr' id='par_1_83' title="bbox 297 4073 1890 4149">
     <span class='ocr_line' id='line_1_83' title="bbox 297 4073 1890 4149; baseline 0.003 -24"><span class='ocrx_word' id='word_1_610' title='bbox 297 4075 477 4136; x_wconf 83' lang='grc' dir='ltr'>τόκος</span> <span class='ocrx_word' id='word_1_611' title='bbox 510 4073 592 4138; x_wconf 82' lang='grc' dir='ltr'>δὲ,</span> <span class='ocrx_word' id='word_1_612' title='bbox 627 4075 659 4146; x_wconf 78' lang='grc' dir='ltr'>ἡ</span> <span class='ocrx_word' id='word_1_613' title='bbox 693 4074 978 4146; x_wconf 81' lang='grc' dir='ltr'>προσθήκη</span> <span class='ocrx_word' id='word_1_614' title='bbox 1011 4076 1105 4143; x_wconf 76' lang='grc' dir='ltr'>καὶ</span> <span class='ocrx_word' id='word_1_615' title='bbox 1132 4075 1359 4143; x_wconf 75' lang='grc' dir='ltr'>ἐπαυξις</span> <span class='ocrx_word' id='word_1_616' title='bbox 1391 4077 1491 4146; x_wconf 83' lang='grc' dir='ltr'>τῆς</span> <span class='ocrx_word' id='word_1_617' title='bbox 1532 4077 1644 4148; x_wconf 85' lang='grc'>(95)</span> <span class='ocrx_word' id='word_1_618' title='bbox 1698 4078 1890 4149; x_wconf 81' lang='grc' dir='ltr'>προθυ-</span> 
     </span>
    </p>
   </div>
   <div class='ocr_carea' id='block_1_84' title="bbox 1994 4073 3600 4153">
    <p class='ocr_par' dir='ltr' id='par_1_84' title="bbox 2006 4081 3600 4153">
     <span class='ocr_line' id='line_1_84' title="bbox 2006 4081 3600 4153; baseline 0 -17"><span class='ocrx_word' id='word_1_619' title='bbox 2006 4081 2256 4150; x_wconf 89' lang='lat' dir='ltr'><strong>atquein</strong></span> <span class='ocrx_word' id='word_1_620' title='bbox 2283 4081 2576 4138; x_wconf 85' lang='lat' dir='ltr'><strong>sterilitate</strong></span> <span class='ocrx_word' id='word_1_621' title='bbox 2616 4082 2908 4140; x_wconf 85' lang='lat' dir='ltr'><strong>virtutum.</strong></span> <span class='ocrx_word' id='word_1_622' title='bbox 2947 4081 3224 4153; x_wconf 87' lang='lat' dir='ltr'><strong>Demerge,</strong></span> <span class='ocrx_word' id='word_1_623' title='bbox 3279 4081 3600 4150; x_wconf 44' lang='lat' dir='ltr'><strong>Domineﬁet</strong></span> 
     </span>
    </p>
   </div>
   <div class='ocr_carea' id='block_1_85' title="bbox 296 4167 1890 4246">
    <p class='ocr_par' dir='ltr' id='par_1_85' title="bbox 296 4167 1890 4239">
     <span class='ocr_line' id='line_1_85' title="bbox 296 4167 1890 4239; baseline 0.003 -19"><span class='ocrx_word' id='word_1_624' title='bbox 296 4167 444 4236; x_wconf 84' lang='grc' dir='ltr'>μίας</span> <span class='ocrx_word' id='word_1_625' title='bbox 482 4183 498 4197; x_wconf 74' lang='grc' dir='ltr'><strong>ο</strong></span> <span class='ocrx_word' id='word_1_626' title='bbox 544 4169 606 4218; x_wconf 73' lang='grc' dir='ltr'>τὸ</span> <span class='ocrx_word' id='word_1_627' title='bbox 638 4167 714 4230; x_wconf 88' lang='grc' dir='ltr'><strong>δέ,</strong></span> <span class='ocrx_word' id='word_1_628' title='bbox 750 4167 880 4220; x_wconf 75' lang='grc' dir='ltr'>ὀτι</span> <span class='ocrx_word' id='word_1_629' title='bbox 903 4169 958 4221; x_wconf 89' lang='grc' dir='ltr'><strong>εί</strong></span> <span class='ocrx_word' id='word_1_630' title='bbox 987 4168 1020 4221; x_wconf 89' lang='grc' dir='ltr'><strong>ό</strong></span> <span class='ocrx_word' id='word_1_631' title='bbox 1051 4168 1268 4238; x_wconf 78' lang='grc' dir='ltr'>ἐχθρὸς</span> <span class='ocrx_word' id='word_1_632' title='bbox 1294 4168 1572 4223; x_wconf 77' lang='grc' dir='ltr'>ὠνείδισέ</span> <span class='ocrx_word' id='word_1_633' title='bbox 1593 4186 1692 4239; x_wconf 81' lang='grc' dir='ltr'><strong>με,</strong></span> <span class='ocrx_word' id='word_1_634' title='bbox 1717 4171 1814 4224; x_wconf 74' lang='grc' dir='ltr'>καὶ</span> <span class='ocrx_word' id='word_1_635' title='bbox 1833 4171 1890 4224; x_wconf 76' lang='grc' dir='ltr'>τὸ</span> 
     </span>
    </p>
   </div>
   <div class='ocr_carea' id='block_1_86' title="bbox 1994 4167 3598 4246">
    <p class='ocr_par' dir='ltr' id='par_1_86' title="bbox 2006 4173 3598 4246">
     <span class='ocr_line' id='line_1_86' title="bbox 2006 4173 3598 4246; baseline 0 -18"><span class='ocrx_word' id='word_1_636' title='bbox 2006 4173 2180 4229; x_wconf 78' lang='lat' dir='ltr'><strong>divide</strong></span> <span class='ocrx_word' id='word_1_637' title='bbox 2225 4174 2434 4246; x_wconf 79' lang='lat' dir='ltr'><strong>linguas</strong></span> <span class='ocrx_word' id='word_1_638' title='bbox 2476 4190 2702 4240; x_wconf 81' lang='lat' dir='ltr'><strong>eorum;</strong></span> <span class='ocrx_word' id='word_1_639' title='bbox 2751 4174 3063 4229; x_wconf 72' lang='lat' dir='ltr'><strong>daemonum</strong></span> <span class='ocrx_word' id='word_1_640' title='bbox 3111 4175 3397 4244; x_wconf 82' lang='lat' dir='ltr'><strong>nimirum;</strong></span> <span class='ocrx_word' id='word_1_641' title='bbox 3435 4177 3507 4230; x_wconf 81' lang='lat' dir='ltr'><strong>ita</strong></span> <span class='ocrx_word' id='word_1_642' title='bbox 3541 4192 3598 4236; x_wconf 83' lang='grc' dir='ltr'><strong>ιιι</strong></span> 
     </span>
    </p>
   </div>
   <div class='ocr_carea' id='block_1_87' title="bbox 292 4257 1890 4342">
    <p class='ocr_par' dir='ltr' id='par_1_87' title="bbox 292 4257 1890 4330">
     <span class='ocr_line' id='line_1_87' title="bbox 292 4257 1890 4330; baseline 0.004 -20"><span class='ocrx_word' id='word_1_643' title='bbox 292 4258 460 4329; x_wconf 78' lang='grc' dir='ltr'>ἑξῆς,</span> <span class='ocrx_word' id='word_1_644' title='bbox 500 4257 632 4329; x_wconf 79' lang='grc' dir='ltr'>ἄχρι</span> <span class='ocrx_word' id='word_1_645' title='bbox 655 4258 774 4323; x_wconf 91' lang='grc' dir='ltr'>τοῦ,</span> <span class='ocrx_word' id='word_1_646' title='bbox 819 4259 1067 4314; x_wconf 75' lang='grc' dir='ltr'>Ἐλθέτω</span> <span class='ocrx_word' id='word_1_647' title='bbox 1102 4260 1178 4329; x_wconf 80' lang='grc' dir='ltr'>δὴ</span> <span class='ocrx_word' id='word_1_648' title='bbox 1210 4261 1468 4328; x_wconf 77' lang='grc' dir='ltr'>θάνατος</span> <span class='ocrx_word' id='word_1_649' title='bbox 1505 4261 1599 4315; x_wconf 78' lang='grc' dir='ltr'><strong>ἐπ’</strong></span> <span class='ocrx_word' id='word_1_650' title='bbox 1657 4262 1890 4330; x_wconf 56' lang='grc' dir='ltr'><strong>αὐτοὺςΕ</strong></span> 
     </span>
    </p>
   </div>
   <div class='ocr_carea' id='block_1_88' title="bbox 1994 4257 3602 4342">
    <p class='ocr_par' dir='ltr' id='par_1_88' title="bbox 2009 4267 3602 4342">
     <span class='ocr_line' id='line_1_88' title="bbox 2009 4267 3602 4342; baseline 0.003 -21"><span class='ocrx_word' id='word_1_651' title='bbox 2009 4267 2334 4337; x_wconf 90' lang='lat' dir='ltr'><strong>conspirare</strong></span> <span class='ocrx_word' id='word_1_652' title='bbox 2391 4267 2628 4342; x_wconf 76' lang='lat' dir='ltr'><strong>amplius</strong></span> <span class='ocrx_word' id='word_1_653' title='bbox 2699 4281 2809 4321; x_wconf 92' lang='lat' dir='ltr'><strong>non</strong></span> <span class='ocrx_word' id='word_1_654' title='bbox 2860 4267 3112 4337; x_wconf 85' lang='lat' dir='ltr'><strong>possint,</strong></span> <span class='ocrx_word' id='word_1_655' title='bbox 3154 4277 3250 4322; x_wconf 87' lang='lat' dir='ltr'><strong>aut</strong></span> <span class='ocrx_word' id='word_1_656' title='bbox 3300 4277 3602 4325; x_wconf 83' lang='lat' dir='ltr'><strong>contexere</strong></span> 
     </span>
    </p>
   </div>
   <div class='ocr_carea' id='block_1_89' title="bbox 207 4353 1890 4429">
    <p class='ocr_par' dir='ltr' id='par_1_89' title="bbox 207 4353 1890 4426">
     <span class='ocr_line' id='line_1_89' title="bbox 207 4353 1890 4426; baseline 0.001 -21"><span class='ocrx_word' id='word_1_657' title='bbox 207 4376 214 4380; x_wconf 93' lang='grc'><strong>·</strong></span> <span class='ocrx_word' id='word_1_658' title='bbox 292 4353 599 4426; x_wconf 84' lang='grc' dir='ltr'>προσώπῳ</span> <span class='ocrx_word' id='word_1_659' title='bbox 659 4353 752 4406; x_wconf 83' lang='grc' dir='ltr'><strong>τοῦ</strong></span> <span class='ocrx_word' id='word_1_660' title='bbox 810 4353 1048 4424; x_wconf 88' lang='grc' dir='ltr'>Χριστοῦ</span> <span class='ocrx_word' id='word_1_661' title='bbox 1107 4353 1220 4425; x_wconf 76' lang='grc'>(96)</span> <span class='ocrx_word' id='word_1_662' title='bbox 1276 4355 1572 4424; x_wconf 84' lang='grc' dir='ltr'>λέγονται,</span> <span class='ocrx_word' id='word_1_663' title='bbox 1614 4355 1758 4410; x_wconf 84' lang='grc' dir='ltr'>κατά</span> <span class='ocrx_word' id='word_1_664' title='bbox 1808 4354 1890 4408; x_wconf 81' lang='grc' dir='ltr'>τοί</span> 
     </span>
    </p>
   </div>
   <div class='ocr_carea' id='block_1_90' title="bbox 1994 4353 3596 4429">
    <p class='ocr_par' dir='ltr' id='par_1_90' title="bbox 2007 4358 3596 4429">
     <span class='ocr_line' id='line_1_90' title="bbox 2007 4358 3596 4429; baseline 0.001 -15"><span class='ocrx_word' id='word_1_665' title='bbox 2007 4358 2246 4414; x_wconf 89' lang='lat' dir='ltr'><strong>insidias</strong></span> <span class='ocrx_word' id='word_1_666' title='bbox 2277 4358 2571 4413; x_wconf 86' lang='lat' dir='ltr'><strong>adversum</strong></span> <span class='ocrx_word' id='word_1_667' title='bbox 2606 4373 2693 4414; x_wconf 88' lang='lat' dir='ltr'><strong>me</strong></span> <span class='ocrx_word' id='word_1_668' title='bbox 2730 4376 2744 4414; x_wconf 89' lang='lat'><strong>:</strong></span> <span class='ocrx_word' id='word_1_669' title='bbox 2789 4358 3056 4424; x_wconf 83' lang='lat' dir='ltr'><strong>Quoniam</strong></span> <span class='ocrx_word' id='word_1_670' title='bbox 3094 4360 3201 4414; x_wconf 81' lang='lat' dir='ltr'><strong>vidi</strong></span> <span class='ocrx_word' id='word_1_671' title='bbox 3238 4362 3596 4429; x_wconf 76' lang='lat' dir='ltr'><strong>iniquitatem,</strong></span> 
     </span>
    </p>
   </div>
   <div class='ocr_carea' id='block_1_91' title="bbox 305 4433 1890 4536">
    <p class='ocr_par' dir='ltr' id='par_1_91' title="bbox 305 4433 1890 4518">
     <span class='ocr_line' id='line_1_91' title="bbox 305 4433 1890 4518; baseline 0 -18"><span class='ocrx_word' id='word_1_672' title='bbox 305 4447 522 4511; x_wconf 80' lang='grc' dir='ltr'>Ἰούδα,</span> <span class='ocrx_word' id='word_1_673' title='bbox 556 4445 738 4509; x_wconf 87' lang='grc' dir='ltr'>καθὼς</span> <span class='ocrx_word' id='word_1_674' title='bbox 764 4433 1070 4517; x_wconf 75' lang='grc' dir='ltr'>εἰρήκαμεν</span> <span class='ocrx_word' id='word_1_675' title='bbox 1105 4462 1121 4478; x_wconf 76' lang='grc' dir='ltr'><strong>ο</strong></span> <span class='ocrx_word' id='word_1_676' title='bbox 1176 4447 1378 4501; x_wconf 82' lang='grc' dir='ltr'>ἐλθέτω</span> <span class='ocrx_word' id='word_1_677' title='bbox 1407 4447 1474 4518; x_wconf 13' lang='grc' dir='ltr'><strong>γδέ</strong></span> <span class='ocrx_word' id='word_1_678' title='bbox 1529 4447 1758 4512; x_wconf 79' lang='grc' dir='ltr'>θάνατος</span> <span class='ocrx_word' id='word_1_679' title='bbox 1809 4448 1890 4501; x_wconf 53' lang='grc' dir='ltr'><strong>ἐπ)</strong></span> 
     </span>
    </p>
   </div>
   <div class='ocr_carea' id='block_1_92' title="bbox 1994 4433 3601 4536">
    <p class='ocr_par' dir='ltr' id='par_1_92' title="bbox 2008 4448 3601 4517">
     <span class='ocr_line' id='line_1_92' title="bbox 2008 4448 3601 4517; baseline 0.003 -15"><span class='ocrx_word' id='word_1_680' title='bbox 2008 4458 2059 4502; x_wconf 85' lang='lat' dir='ltr'><strong>et</strong></span> <span class='ocrx_word' id='word_1_681' title='bbox 2079 4448 2552 4503; x_wconf 84' lang='lat' dir='ltr'><strong>contradictionem</strong></span> <span class='ocrx_word' id='word_1_682' title='bbox 2595 4449 2652 4502; x_wconf 84' lang='lat' dir='ltr'><strong>in</strong></span> <span class='ocrx_word' id='word_1_683' title='bbox 2676 4449 2918 4515; x_wconf 83' lang='lat' dir='ltr'><strong>civitate,</strong></span> <span class='ocrx_word' id='word_1_684' title='bbox 2953 4450 3056 4505; x_wconf 85' lang='lat' dir='ltr'><strong>hoc</strong></span> <span class='ocrx_word' id='word_1_685' title='bbox 3090 4461 3194 4517; x_wconf 86' lang='lat' dir='ltr'><strong>est,</strong></span> <span class='ocrx_word' id='word_1_686' title='bbox 3220 4452 3275 4506; x_wconf 84' lang='lat' dir='ltr'><strong>in</strong></span> <span class='ocrx_word' id='word_1_687' title='bbox 3321 4453 3601 4507; x_wconf 88' lang='lat' dir='ltr'><strong>communi</strong></span> 
     </span>
    </p>
   </div>
   <div class='ocr_carea' id='block_1_93' title="bbox 289 4539 1890 4613">
    <p class='ocr_par' dir='ltr' id='par_1_93' title="bbox 289 4539 1890 4611">
     <span class='ocr_line' id='line_1_93' title="bbox 289 4539 1890 4611; baseline 0.001 -18"><span class='ocrx_word' id='word_1_688' title='bbox 289 4543 431 4604; x_wconf 79' lang='grc' dir='ltr'>τοὺς</span> <span class='ocrx_word' id='word_1_689' title='bbox 473 4539 764 4610; x_wconf 82' lang='grc' dir='ltr'>δαίμονας,</span> <span class='ocrx_word' id='word_1_690' title='bbox 799 4539 919 4608; x_wconf 71' lang='grc' dir='ltr'>ἢτοι</span> <span class='ocrx_word' id='word_1_691' title='bbox 963 4540 1234 4610; x_wconf 86' lang='grc' dir='ltr'>παντελὴς</span> <span class='ocrx_word' id='word_1_692' title='bbox 1285 4541 1671 4611; x_wconf 84' lang='grc' dir='ltr'>άνενεργησία.</span> <span class='ocrx_word' id='word_1_693' title='bbox 1733 4541 1808 4595; x_wconf 85' lang='grc' dir='ltr'><strong>Τὸ</strong></span> <span class='ocrx_word' id='word_1_694' title='bbox 1848 4542 1890 4595; x_wconf 70' lang='grc' dir='ltr'>δὲ</span> 
     </span>
    </p>
   </div>
   <div class='ocr_carea' id='block_1_94' title="bbox 1994 4539 3597 4613">
    <p class='ocr_par' dir='ltr' id='par_1_94' title="bbox 2014 4541 3597 4613">
     <span class='ocr_line' id='line_1_94' title="bbox 2014 4541 3597 4613; baseline 0.003 -18"><span class='ocrx_word' id='word_1_695' title='bbox 2014 4541 2237 4596; x_wconf 87' lang='lat' dir='ltr'><strong>illorum</strong></span> <span class='ocrx_word' id='word_1_696' title='bbox 2281 4543 2732 4597; x_wconf 85' lang='lat' dir='ltr'><strong>conversatione.</strong></span> <span class='ocrx_word' id='word_1_697' title='bbox 2783 4544 2977 4613; x_wconf 87' lang='lat' dir='ltr'><strong>Inique</strong></span> <span class='ocrx_word' id='word_1_698' title='bbox 3023 4545 3169 4598; x_wconf 91' lang='lat' dir='ltr'><strong>enim</strong></span> <span class='ocrx_word' id='word_1_699' title='bbox 3220 4554 3412 4613; x_wconf 89' lang='lat' dir='ltr'><strong>agunt,</strong></span> <span class='ocrx_word' id='word_1_700' title='bbox 3464 4545 3597 4600; x_wconf 91' lang='lat' dir='ltr'><strong>dum</strong></span> 
     </span>
    </p>
   </div>
   <div class='ocr_carea' id='block_1_95' title="bbox 287 4631 1890 4704">
    <p class='ocr_par' dir='ltr' id='par_1_95' title="bbox 287 4631 1890 4704">
     <span class='ocr_line' id='line_1_95' title="bbox 287 4631 1890 4704; baseline -0.001 -18"><span class='ocrx_word' id='word_1_701' title='bbox 287 4634 439 4703; x_wconf 80' lang='grc' dir='ltr'>ἐξῆς</span> <span class='ocrx_word' id='word_1_702' title='bbox 477 4633 960 4704; x_wconf 82' lang='grc' dir='ltr'>προηρμήνευται.</span> <span class='ocrx_word' id='word_1_703' title='bbox 987 4633 1282 4703; x_wconf 87' lang='grc' dir='ltr'>Παροικίαι</span> <span class='ocrx_word' id='word_1_704' title='bbox 1315 4632 1372 4686; x_wconf 82' lang='grc' dir='ltr'>δὲ</span> <span class='ocrx_word' id='word_1_705' title='bbox 1401 4633 1605 4698; x_wconf 83' lang='grc' dir='ltr'>αὐτῶν,</span> <span class='ocrx_word' id='word_1_706' title='bbox 1670 4633 1722 4686; x_wconf 79' lang='lat' dir='ltr'><strong>oi</strong></span> <span class='ocrx_word' id='word_1_707' title='bbox 1769 4631 1890 4704; x_wconf 83' lang='grc' dir='ltr'>πλη-</span> 
     </span>
    </p>
   </div>
   <div class='ocr_carea' id='block_1_96' title="bbox 1994 4631 3596 4704">
    <p class='ocr_par' dir='ltr' id='par_1_96' title="bbox 2016 4631 3596 4702">
     <span class='ocr_line' id='line_1_96' title="bbox 2016 4631 3596 4702; baseline 0.001 -16"><span class='ocrx_word' id='word_1_708' title='bbox 2016 4641 2253 4702; x_wconf 90' lang='lat' dir='ltr'><strong>peccant</strong></span> <span class='ocrx_word' id='word_1_709' title='bbox 2287 4648 2304 4685; x_wconf 90' lang='lat'><strong>:</strong></span> <span class='ocrx_word' id='word_1_710' title='bbox 2335 4641 2390 4686; x_wconf 89' lang='lat' dir='ltr'><strong>et</strong></span> <span class='ocrx_word' id='word_1_711' title='bbox 2439 4631 2643 4686; x_wconf 85' lang='lat' dir='ltr'><strong>divinis</strong></span> <span class='ocrx_word' id='word_1_712' title='bbox 2691 4633 3080 4688; x_wconf 87' lang='lat' dir='ltr'><strong>contradicunt</strong></span> <span class='ocrx_word' id='word_1_713' title='bbox 3123 4633 3422 4698; x_wconf 88' lang='lat' dir='ltr'><strong>mandatis,</strong></span> <span class='ocrx_word' id='word_1_714' title='bbox 3465 4634 3596 4689; x_wconf 90' lang='lat' dir='ltr'><strong>dum</strong></span> 
     </span>
    </p>
   </div>
   <div class='ocr_carea' id='block_1_97' title="bbox 287 4721 1890 4797">
    <p class='ocr_par' dir='ltr' id='par_1_97' title="bbox 287 4723 1884 4797">
     <span class='ocr_line' id='line_1_97' title="bbox 287 4723 1884 4797; baseline 0 -21"><span class='ocrx_word' id='word_1_715' title='bbox 287 4725 544 4794; x_wconf 79' lang='grc' dir='ltr'>σιασμοὶ</span> <span class='ocrx_word' id='word_1_716' title='bbox 578 4724 759 4778; x_wconf 82' lang='grc' dir='ltr'>αὐτῶν</span> <span class='ocrx_word' id='word_1_717' title='bbox 778 4726 916 4797; x_wconf 82' lang='grc' dir='ltr'>πρὸς</span> <span class='ocrx_word' id='word_1_718' title='bbox 942 4725 1112 4794; x_wconf 78' lang='grc' dir='ltr'>ἡμᾶς.</span> <span class='ocrx_word' id='word_1_719' title='bbox 1139 4725 1279 4788; x_wconf 83' lang='grc' dir='ltr'>Τοὺς</span> <span class='ocrx_word' id='word_1_720' title='bbox 1313 4723 1510 4787; x_wconf 75' lang='grc' dir='ltr'>αὐτοὺς</span> <span class='ocrx_word' id='word_1_721' title='bbox 1549 4724 1607 4778; x_wconf 81' lang='grc' dir='ltr'>δὲ</span> <span class='ocrx_word' id='word_1_722' title='bbox 1645 4723 1756 4778; x_wconf 89' lang='grc' dir='ltr'>νόει</span> <span class='ocrx_word' id='word_1_723' title='bbox 1815 4741 1884 4794; x_wconf 86' lang='grc' dir='ltr'><strong>μο</strong></span> 
     </span>
    </p>
   </div>
   <div class='ocr_carea' id='block_1_98' title="bbox 1994 4721 3600 4797">
    <p class='ocr_par' dir='ltr' id='par_1_98' title="bbox 2011 4721 3600 4790">
     <span class='ocr_line' id='line_1_98' title="bbox 2011 4721 3600 4790; baseline 0.003 -16"><span class='ocrx_word' id='word_1_724' title='bbox 2011 4737 2074 4775; x_wconf 89' lang='lat' dir='ltr'><strong>ea</strong></span> <span class='ocrx_word' id='word_1_725' title='bbox 2123 4721 2635 4790; x_wconf 86' lang='lat' dir='ltr'><strong>transgrediuntur;</strong></span> <span class='ocrx_word' id='word_1_726' title='bbox 2689 4735 2787 4790; x_wconf 89' lang='lat' dir='ltr'><strong>per</strong></span> <span class='ocrx_word' id='word_1_727' title='bbox 2831 4736 3026 4776; x_wconf 90' lang='lat' dir='ltr'><strong>muros</strong></span> <span class='ocrx_word' id='word_1_728' title='bbox 3076 4731 3259 4777; x_wconf 89' lang='lat' dir='ltr'><strong>autem</strong></span> <span class='ocrx_word' id='word_1_729' title='bbox 3307 4722 3552 4778; x_wconf 88' lang='lat' dir='ltr'><strong>civitatis</strong></span> <span class='ocrx_word' id='word_1_730' title='bbox 3581 4761 3600 4787; x_wconf 86' lang='lat'><strong>,</strong></span> 
     </span>
    </p>
   </div>
   <div class='ocr_carea' id='block_1_99' title="bbox 284 4813 1890 4887">
    <p class='ocr_par' dir='ltr' id='par_1_99' title="bbox 284 4813 1890 4887">
     <span class='ocr_line' id='line_1_99' title="bbox 284 4813 1890 4887; baseline -0.002 -17"><span class='ocrx_word' id='word_1_731' title='bbox 284 4818 395 4870; x_wconf 79' lang='grc' dir='ltr'>καὶ</span> <span class='ocrx_word' id='word_1_732' title='bbox 441 4815 797 4882; x_wconf 76' lang='grc' dir='ltr'>ἐγγίζοντας,</span> <span class='ocrx_word' id='word_1_733' title='bbox 854 4816 930 4880; x_wconf 85' lang='grc' dir='ltr'>ὡς</span> <span class='ocrx_word' id='word_1_734' title='bbox 959 4817 1047 4870; x_wconf 75' lang='grc' dir='ltr'><strong>ἀεὶ</strong></span> <span class='ocrx_word' id='word_1_735' title='bbox 1096 4813 1540 4887; x_wconf 78' lang='grc' dir='ltr'>προσϐάλλοντας</span> <span class='ocrx_word' id='word_1_736' title='bbox 1592 4817 1749 4887; x_wconf 75' lang='grc' dir='ltr'>ἡμῖν.</span> <span class='ocrx_word' id='word_1_737' title='bbox 1803 4814 1890 4869; x_wconf 60' lang='grc' dir='ltr'><strong>Ἐν</strong></span> 
     </span>
    </p>
   </div>
   <div class='ocr_carea' id='block_1_100' title="bbox 1994 4813 3598 4887">
    <p class='ocr_par' dir='ltr' id='par_1_100' title="bbox 2007 4813 3598 4885">
     <span class='ocr_line' id='line_1_100' title="bbox 2007 4813 3598 4885; baseline 0.001 -15"><span class='ocrx_word' id='word_1_738' title='bbox 2007 4829 2104 4871; x_wconf 89' lang='lat' dir='ltr'><strong>eos</strong></span> <span class='ocrx_word' id='word_1_739' title='bbox 2143 4814 2419 4869; x_wconf 71' lang='lat' dir='ltr'><strong>daemones</strong></span> <span class='ocrx_word' id='word_1_740' title='bbox 2443 4813 2753 4884; x_wconf 79' lang='lat' dir='ltr'><strong>intelligere</strong></span> <span class='ocrx_word' id='word_1_741' title='bbox 2786 4829 3120 4884; x_wconf 89' lang='lat' dir='ltr'><strong>possumus,</strong></span> <span class='ocrx_word' id='word_1_742' title='bbox 3151 4815 3248 4885; x_wconf 88' lang='lat' dir='ltr'><strong>qui</strong></span> <span class='ocrx_word' id='word_1_743' title='bbox 3283 4816 3424 4871; x_wconf 82' lang='lat' dir='ltr'><strong>inter</strong></span> <span class='ocrx_word' id='word_1_744' title='bbox 3472 4817 3598 4872; x_wconf 90' lang='lat' dir='ltr'><strong>illos</strong></span> 
     </span>
    </p>
   </div>
   <div class='ocr_carea' id='block_1_101' title="bbox 283 4905 1890 4979">
    <p class='ocr_par' dir='ltr' id='par_1_101' title="bbox 283 4905 1890 4979">
     <span class='ocr_line' id='line_1_101' title="bbox 283 4905 1890 4979; baseline -0.002 -17"><span class='ocrx_word' id='word_1_745' title='bbox 283 4909 581 4974; x_wconf 72' lang='grc' dir='ltr'>πολλοῖς</span> <span class='ocrx_word' id='word_1_746' title='bbox 610 4907 678 4960; x_wconf 80' lang='grc' dir='ltr'>δὲ</span> <span class='ocrx_word' id='word_1_747' title='bbox 707 4905 871 4979; x_wconf 77' lang='grc' dir='ltr'>ἦσαν</span> <span class='ocrx_word' id='word_1_748' title='bbox 904 4908 1028 4962; x_wconf 88' lang='grc' dir='ltr'><strong>σὺν</strong></span> <span class='ocrx_word' id='word_1_749' title='bbox 1052 4909 1207 4978; x_wconf 79' lang='grc' dir='ltr'>ἐμοὶ,</span> <span class='ocrx_word' id='word_1_750' title='bbox 1244 4907 1368 4962; x_wconf 80' lang='grc' dir='ltr'>ἀντὶ</span> <span class='ocrx_word' id='word_1_751' title='bbox 1395 4907 1486 4961; x_wconf 83' lang='grc' dir='ltr'><strong>τοῦ</strong></span> <span class='ocrx_word' id='word_1_752' title='bbox 1520 4905 1626 4962; x_wconf 76' lang='grc' dir='ltr'>Σὺν</span> <span class='ocrx_word' id='word_1_753' title='bbox 1681 4907 1890 4971; x_wconf 83' lang='grc' dir='ltr'>πολλοῖς</span> 
     </span>
    </p>
   </div>
   <div class='ocr_carea' id='block_1_102' title="bbox 1994 4905 3600 4979">
    <p class='ocr_par' dir='ltr' id='par_1_102' title="bbox 2007 4906 3600 4978">
     <span class='ocr_line' id='line_1_102' title="bbox 2007 4906 3600 4978; baseline 0 -15"><span class='ocrx_word' id='word_1_754' title='bbox 2007 4908 2346 4978; x_wconf 77' lang='lat' dir='ltr'><strong>patentiorcs</strong></span> <span class='ocrx_word' id='word_1_755' title='bbox 2369 4916 2523 4962; x_wconf 91' lang='lat' dir='ltr'><strong>sunt.</strong></span> <span class='ocrx_word' id='word_1_756' title='bbox 2549 4906 2616 4960; x_wconf 90' lang='lat' dir='ltr'><strong>Et</strong></span> <span class='ocrx_word' id='word_1_757' title='bbox 2638 4907 2782 4976; x_wconf 87' lang='lat' dir='ltr'><strong>quod</strong></span> <span class='ocrx_word' id='word_1_758' title='bbox 2808 4908 2884 4961; x_wconf 91' lang='lat' dir='ltr'><strong>ait</strong></span> <span class='ocrx_word' id='word_1_759' title='bbox 2907 4907 3149 4964; x_wconf 84' lang='lat' dir='ltr'><strong>laborem</strong></span> <span class='ocrx_word' id='word_1_760' title='bbox 3184 4924 3308 4965; x_wconf 67' lang='lat' dir='ltr'><strong>esse</strong></span> <span class='ocrx_word' id='word_1_761' title='bbox 3335 4909 3388 4963; x_wconf 91' lang='lat' dir='ltr'><strong>in</strong></span> <span class='ocrx_word' id='word_1_762' title='bbox 3422 4911 3600 4965; x_wconf 90' lang='lat' dir='ltr'><strong>medio</strong></span> 
     </span>
    </p>
   </div>
   <div class='ocr_carea' id='block_1_103' title="bbox 281 4997 1890 5071">
    <p class='ocr_par' dir='ltr' id='par_1_103' title="bbox 281 4997 1890 5071">
     <span class='ocr_line' id='line_1_103' title="bbox 281 4997 1890 5071; baseline -0.001 -19"><span class='ocrx_word' id='word_1_763' title='bbox 281 4997 446 5071; x_wconf 77' lang='grc' dir='ltr'>ἦσαν</span> <span class='ocrx_word' id='word_1_764' title='bbox 479 5003 544 5051; x_wconf 80' lang='grc' dir='ltr'><strong>εν</strong></span> <span class='ocrx_word' id='word_1_765' title='bbox 575 5001 720 5068; x_wconf 66' lang='grc' dir='ltr'>ἐμοὶ,</span> <span class='ocrx_word' id='word_1_766' title='bbox 742 5002 860 5051; x_wconf 87' lang='grc' dir='ltr'>κατ’</span> <span class='ocrx_word' id='word_1_767' title='bbox 883 4999 1183 5070; x_wconf 77' lang='grc' dir='ltr'>ἐναλλαγὴν</span> <span class='ocrx_word' id='word_1_768' title='bbox 1205 4997 1314 5052; x_wconf 85' lang='grc' dir='ltr'><strong>τῶν</strong></span> <span class='ocrx_word' id='word_1_769' title='bbox 1336 4998 1650 5069; x_wconf 83' lang='grc' dir='ltr'>προθέσεων</span> <span class='ocrx_word' id='word_1_770' title='bbox 1677 5014 1691 5028; x_wconf 89' lang='grc'><strong>·</strong></span> <span class='ocrx_word' id='word_1_771' title='bbox 1715 4999 1890 5063; x_wconf 77' lang='grc' dir='ltr'>ὅέστι,</span> 
     </span>
    </p>
   </div>
   <div class='ocr_carea' id='block_1_104' title="bbox 1994 4997 3598 5071">
    <p class='ocr_par' dir='ltr' id='par_1_104' title="bbox 2011 5000 3598 5071">
     <span class='ocr_line' id='line_1_104' title="bbox 2011 5000 3598 5071; baseline 0.001 -16"><span class='ocrx_word' id='word_1_772' title='bbox 2011 5001 2160 5056; x_wconf 90' lang='lat' dir='ltr'><strong>illius</strong></span> <span class='ocrx_word' id='word_1_773' title='bbox 2210 5000 2472 5066; x_wconf 89' lang='lat' dir='ltr'><strong>civitatis,</strong></span> <span class='ocrx_word' id='word_1_774' title='bbox 2510 5009 2734 5071; x_wconf 86' lang='lat' dir='ltr'><strong>propter</strong></span> <span class='ocrx_word' id='word_1_775' title='bbox 2755 5016 2849 5056; x_wconf 88' lang='lat' dir='ltr'><strong>eos</strong></span> <span class='ocrx_word' id='word_1_776' title='bbox 2874 5001 3082 5056; x_wconf 82' lang='lat' dir='ltr'><strong>dictn-n</strong></span> <span class='ocrx_word' id='word_1_777' title='bbox 3117 5011 3225 5067; x_wconf 86' lang='lat' dir='ltr'><strong>est,</strong></span> <span class='ocrx_word' id='word_1_778' title='bbox 3249 5000 3342 5071; x_wconf 84' lang='lat' dir='ltr'><strong>qui</strong></span> <span class='ocrx_word' id='word_1_779' title='bbox 3371 5009 3598 5056; x_wconf 89' lang='lat' dir='ltr'><strong>strenue</strong></span> 
     </span>
    </p>
   </div>
   <div class='ocr_carea' id='block_1_105' title="bbox 243 5087 1890 5160">
    <p class='ocr_par' dir='ltr' id='par_1_105' title="bbox 243 5087 1890 5160">
     <span class='ocr_line' id='line_1_105' title="bbox 243 5087 1890 5160; baseline 0.001 -20"><span class='ocrx_word' id='word_1_780' title='bbox 243 5095 256 5103; x_wconf 89' lang='lat'><strong>&#39;</strong></span> <span class='ocrx_word' id='word_1_781' title='bbox 283 5087 509 5140; x_wconf 78' lang='grc' dir='ltr'>Πολλοὶ</span> <span class='ocrx_word' id='word_1_782' title='bbox 547 5087 807 5156; x_wconf 80' lang='grc' dir='ltr'>συνῆλθον</span> <span class='ocrx_word' id='word_1_783' title='bbox 843 5090 964 5142; x_wconf 84' lang='grc' dir='ltr'>κατ’</span> <span class='ocrx_word' id='word_1_784' title='bbox 1003 5089 1159 5160; x_wconf 83' lang='grc' dir='ltr'>ἐμοῦ.</span> <span class='ocrx_word' id='word_1_785' title='bbox 1189 5090 1304 5142; x_wconf 78' lang='grc' dir='ltr'><strong>Οὐκ</strong></span> <span class='ocrx_word' id='word_1_786' title='bbox 1328 5089 1524 5142; x_wconf 76' lang='grc' dir='ltr'>ἔστιδὲ</span> <span class='ocrx_word' id='word_1_787' title='bbox 1568 5089 1752 5153; x_wconf 85' lang='grc' dir='ltr'>αὐτοῖς</span> <span class='ocrx_word' id='word_1_788' title='bbox 1776 5089 1890 5142; x_wconf 74' lang='grc' dir='ltr'><strong>ἀνιι⁴</strong></span> 
     </span>
    </p>
   </div>
   <div class='ocr_carea' id='block_1_106' title="bbox 1994 5087 3596 5160">
    <p class='ocr_par' dir='ltr' id='par_1_106' title="bbox 2012 5092 3596 5153">
     <span class='ocr_line' id='line_1_106' title="bbox 2012 5092 3596 5153; baseline -0.001 -6"><span class='ocrx_word' id='word_1_789' title='bbox 2012 5107 2136 5148; x_wconf 84' lang='grc' dir='ltr'>ειιιιι</span> <span class='ocrx_word' id='word_1_790' title='bbox 2177 5092 2288 5147; x_wconf 89' lang='lat' dir='ltr'><strong>illis</strong></span> <span class='ocrx_word' id='word_1_791' title='bbox 2337 5092 2639 5148; x_wconf 88' lang='lat' dir='ltr'><strong>decertant.</strong></span> <span class='ocrx_word' id='word_1_792' title='bbox 2701 5094 2906 5149; x_wconf 73' lang='lat' dir='ltr'><strong>Plateae</strong></span> <span class='ocrx_word' id='word_1_793' title='bbox 2964 5095 3094 5150; x_wconf 90' lang='lat' dir='ltr'><strong>item</strong></span> <span class='ocrx_word' id='word_1_794' title='bbox 3131 5094 3280 5148; x_wconf 90' lang='lat' dir='ltr'><strong>illius</strong></span> <span class='ocrx_word' id='word_1_795' title='bbox 3331 5093 3596 5153; x_wconf 82' lang='lat' dir='ltr'><strong>civitatis.</strong></span> 
     </span>
    </p>
   </div>
   <div class='ocr_carea' id='block_1_107' title="bbox 281 5181 1890 5256">
    <p class='ocr_par' dir='ltr' id='par_1_107' title="bbox 281 5181 1890 5252">
     <span class='ocr_line' id='line_1_107' title="bbox 281 5181 1890 5252; baseline -0.002 -14"><span class='ocrx_word' id='word_1_796' title='bbox 281 5183 582 5250; x_wconf 83' lang='grc' dir='ltr'>ἀλλαγμα</span> <span class='ocrx_word' id='word_1_797' title='bbox 614 5181 728 5251; x_wconf 85' lang='grc'>(97)</span> <span class='ocrx_word' id='word_1_798' title='bbox 761 5181 1064 5244; x_wconf 84' lang='grc' dir='ltr'>τουτέστιν,</span> <span class='ocrx_word' id='word_1_799' title='bbox 1095 5181 1408 5252; x_wconf 67' lang='grc' dir='ltr'>ἀνταλλαγὴ</span> <span class='ocrx_word' id='word_1_800' title='bbox 1459 5181 1567 5234; x_wconf 72' lang='grc' dir='ltr'><strong>ἀπὸ</strong></span> <span class='ocrx_word' id='word_1_801' title='bbox 1599 5181 1798 5244; x_wconf 87' lang='grc' dir='ltr'>κακίας</span> <span class='ocrx_word' id='word_1_802' title='bbox 1822 5181 1890 5245; x_wconf 83' lang='grc' dir='ltr'><strong>είς</strong></span> 
     </span>
    </p>
   </div>
   <div class='ocr_carea' id='block_1_108' title="bbox 1994 5181 3600 5256">
    <p class='ocr_par' dir='ltr' id='par_1_108' title="bbox 2013 5183 3600 5256">
     <span class='ocr_line' id='line_1_108' title="bbox 2013 5183 3600 5256; baseline -0.003 -16"><span class='ocrx_word' id='word_1_803' title='bbox 2013 5184 2323 5240; x_wconf 79' lang='lat' dir='ltr'><strong>daemonum</strong></span> <span class='ocrx_word' id='word_1_804' title='bbox 2359 5184 2456 5238; x_wconf 73' lang='lat' dir='ltr'><strong>via:</strong></span> <span class='ocrx_word' id='word_1_805' title='bbox 2489 5192 2638 5250; x_wconf 90' lang='lat' dir='ltr'><strong>sunt,</strong></span> <span class='ocrx_word' id='word_1_806' title='bbox 2678 5194 2864 5256; x_wconf 89' lang='lat' dir='ltr'><strong>utpote</strong></span> <span class='ocrx_word' id='word_1_807' title='bbox 2899 5185 3098 5241; x_wconf 68' lang='lat' dir='ltr'><strong>divinae</strong></span> <span class='ocrx_word' id='word_1_808' title='bbox 3137 5185 3212 5239; x_wconf 90' lang='lat' dir='ltr'><strong>illi</strong></span> <span class='ocrx_word' id='word_1_809' title='bbox 3249 5183 3346 5236; x_wconf 68' lang='lat' dir='ltr'><strong>vim</strong></span> <span class='ocrx_word' id='word_1_810' title='bbox 3374 5184 3600 5251; x_wconf 76' lang='lat' dir='ltr'><strong>opposi-</strong></span> 
     </span>
    </p>
   </div>
   <div class='ocr_carea' id='block_1_109' title="bbox 280 5271 1890 5350">
    <p class='ocr_par' dir='ltr' id='par_1_109' title="bbox 280 5272 1890 5346">
     <span class='ocr_line' id='line_1_109' title="bbox 280 5272 1890 5346; baseline -0.001 -17"><span class='ocrx_word' id='word_1_811' title='bbox 280 5272 705 5346; x_wconf 75' lang='grc' dir='ltr'>άγαΘωσύνην,</span> <span class='ocrx_word' id='word_1_812' title='bbox 738 5273 814 5336; x_wconf 86' lang='grc' dir='ltr'><strong>ὡς</strong></span> <span class='ocrx_word' id='word_1_813' title='bbox 845 5273 1288 5344; x_wconf 81' lang='grc' dir='ltr'>προαποδέδοται.</span> <span class='ocrx_word' id='word_1_814' title='bbox 1369 5272 1791 5342; x_wconf 71' lang='grc' dir='ltr'>Ἐϐεόήλωσαν</span> <span class='ocrx_word' id='word_1_815' title='bbox 1831 5273 1890 5328; x_wconf 80' lang='grc' dir='ltr'>δὲ</span> 
     </span>
    </p>
   </div>
   <div class='ocr_carea' id='block_1_110' title="bbox 1994 5271 3596 5350">
    <p class='ocr_par' dir='ltr' id='par_1_110' title="bbox 2011 5271 3596 5350">
     <span class='ocr_line' id='line_1_110' title="bbox 2011 5271 3596 5350; baseline -0.003 -18"><span class='ocrx_word' id='word_1_816' title='bbox 2011 5285 2098 5339; x_wconf 65' lang='lat' dir='ltr'><strong>tas,</strong></span> <span class='ocrx_word' id='word_1_817' title='bbox 2129 5291 2295 5346; x_wconf 84' lang='lat' dir='ltr'><strong>quam</strong></span> <span class='ocrx_word' id='word_1_818' title='bbox 2327 5288 2536 5331; x_wconf 89' lang='lat' dir='ltr'><strong>arctam</strong></span> <span class='ocrx_word' id='word_1_819' title='bbox 2566 5292 2688 5333; x_wconf 86' lang='lat' dir='ltr'><strong>esse</strong></span> <span class='ocrx_word' id='word_1_820' title='bbox 2711 5277 2944 5350; x_wconf 71' lang='lat' dir='ltr'><strong>legimus</strong></span> <span class='ocrx_word' id='word_1_821' title='bbox 2970 5278 3025 5332; x_wconf 92' lang='lat' dir='ltr'><strong>in</strong></span> <span class='ocrx_word' id='word_1_822' title='bbox 3061 5274 3378 5345; x_wconf 82' lang='lat' dir='ltr'><strong>Evangelio.</strong></span> <span class='ocrx_word' id='word_1_823' title='bbox 3413 5271 3596 5327; x_wconf 85' lang='lat' dir='ltr'><strong>Usura</strong></span> 
     </span>
    </p>
   </div>
   <div class='ocr_carea' id='block_1_111' title="bbox 1665 5454 2236 5520">
    <p class='ocr_par' dir='ltr' id='par_1_111' title="bbox 1665 5454 2236 5520">
     <span class='ocr_line' id='line_1_111' title="bbox 1665 5454 2236 5520; baseline 0.004 -2"><span class='ocrx_word' id='word_1_824' title='bbox 1665 5455 1862 5519; x_wconf 66' lang='lat' dir='ltr'><strong>Variae</strong></span> <span class='ocrx_word' id='word_1_825' title='bbox 1901 5454 2236 5520; x_wconf 83' lang='lat' dir='ltr'><strong>lectiones.</strong></span> 
     </span>
    </p>
   </div>
   <div class='ocr_carea' id='block_1_112' title="bbox 2091 5582 2598 5651">
    <p class='ocr_par' dir='ltr' id='par_1_112' title="bbox 2091 5582 2598 5651">
     <span class='ocr_line' id='line_1_112' title="bbox 2091 5582 2598 5651; baseline -0.002 -14"><span class='ocrx_word' id='word_1_826' title='bbox 2091 5584 2202 5651; x_wconf 84' lang='lat'><strong>(96)</strong></span> <span class='ocrx_word' id='word_1_827' title='bbox 2241 5582 2326 5637; x_wconf 87' lang='lat' dir='ltr'><strong>Al.</strong></span> <span class='ocrx_word' id='word_1_828' title='bbox 2349 5583 2598 5651; x_wconf 82' lang='grc' dir='ltr'>λέγομεν.</span> 
     </span>
    </p>
   </div>
   <div class='ocr_carea' id='block_1_113' title="bbox 359 5577 964 5652">
    <p class='ocr_par' dir='ltr' id='par_1_113' title="bbox 359 5577 964 5652">
     <span class='ocr_line' id='line_1_113' title="bbox 359 5577 964 5652; baseline -0.015 -14"><span class='ocrx_word' id='word_1_829' title='bbox 359 5582 498 5652; x_wconf 77' lang='lat'><strong>(93)</strong></span> <span class='ocrx_word' id='word_1_830' title='bbox 530 5577 620 5652; x_wconf 72' lang='lat' dir='ltr'><strong>At.</strong></span> <span class='ocrx_word' id='word_1_831' title='bbox 647 5579 724 5631; x_wconf 86' lang='grc' dir='ltr'><strong>Δι’</strong></span> <span class='ocrx_word' id='word_1_832' title='bbox 746 5578 964 5652; x_wconf 54' lang='grc' dir='ltr'>ὀλίγων,</span> 
     </span>
    </p>
   </div>
   <div class='ocr_carea' id='block_1_114' title="bbox 2089 5653 2835 5724">
    <p class='ocr_par' dir='ltr' id='par_1_114' title="bbox 2089 5653 2835 5724">
     <span class='ocr_line' id='line_1_114' title="bbox 2089 5653 2835 5724; baseline 0.011 -18"><span class='ocrx_word' id='word_1_833' title='bbox 2089 5653 2199 5724; x_wconf 81' lang='grc'>(97)</span> <span class='ocrx_word' id='word_1_834' title='bbox 2237 5653 2319 5707; x_wconf 82' lang='lat' dir='ltr'><strong>AI.</strong></span> <span class='ocrx_word' id='word_1_835' title='bbox 2351 5653 2516 5722; x_wconf 77' lang='grc' dir='ltr'>ήτουν</span> <span class='ocrx_word' id='word_1_836' title='bbox 2543 5653 2835 5724; x_wconf 68' lang='grc' dir='ltr'>ἐναλλαγήν</span> 
     </span>
    </p>
   </div>
   <div class='ocr_carea' id='block_1_115' title="bbox 361 5647 1091 5721">
    <p class='ocr_par' dir='ltr' id='par_1_115' title="bbox 361 5647 1091 5721">
     <span class='ocr_line' id='line_1_115' title="bbox 361 5647 1091 5721; baseline -0.012 -13"><span class='ocrx_word' id='word_1_837' title='bbox 361 5647 498 5721; x_wconf 68' lang='grc'>(94)</span> <span class='ocrx_word' id='word_1_838' title='bbox 667 5647 1091 5720; x_wconf 81' lang='grc' dir='ltr'>προδεδομένην.</span> 
     </span>
    </p>
   </div>
   <div class='ocr_carea' id='block_1_116' title="bbox 363 5719 961 5796">
    <p class='ocr_par' dir='ltr' id='par_1_116' title="bbox 363 5719 961 5796">
     <span class='ocr_line' id='line_1_116' title="bbox 363 5719 961 5796; baseline -0.01 -18"><span class='ocrx_word' id='word_1_839' title='bbox 363 5719 501 5796; x_wconf 77' lang='grc'>(95)</span> <span class='ocrx_word' id='word_1_840' title='bbox 545 5719 634 5772; x_wconf 80' lang='lat' dir='ltr'><strong>AI.</strong></span> <span class='ocrx_word' id='word_1_841' title='bbox 663 5719 961 5788; x_wconf 78' lang='grc' dir='ltr'>ἁμαρτὲας.</span> 
     </span>
    </p>
   </div>
   <div class='ocr_carea' id='block_1_117' title="bbox 614 5777 3110 5879">
    <p class='ocr_par' dir='ltr' id='par_1_117' title="bbox 614 5777 3110 5879">
     <span class='ocr_line' id='line_1_117' title="bbox 614 5777 3110 5879; baseline -0.002 -6"><span class='ocrx_word' id='word_1_842' title='bbox 614 5777 883 5876; x_wconf 57' lang='lat' dir='ltr'><strong>mima.</strong></span> <span class='ocrx_word' id='word_1_843' title='bbox 915 5777 1033 5877; x_wconf 72' lang='lat' dir='ltr'><strong>en.</strong></span> <span class='ocrx_word' id='word_1_844' title='bbox 1061 5777 1375 5879; x_wconf 76' lang='lat' dir='ltr'><strong>chvm.</strong></span> <span class='ocrx_word' id='word_1_845' title='bbox 2815 5800 2818 5802; x_wconf 70' lang='lat'><em>‘</em></span> <span class='ocrx_word' id='word_1_846' title='bbox 3038 5805 3110 5869; x_wconf 74' lang='lat'><strong>19</strong></span> 
     </span>
    </p>
   </div>
  </div>
