4070 6224
480 279 583 342 587
1716 279 2112 339 EUTHYMII
2153 279 2523 341 ZlGABENI
3623 277 3727 342 538

466 394 655 459 etiam,
688 407 811 464 qua:
847 401 1197 464 augmentum
1237 393 1373 449 sorti
1407 391 1653 462 apponit,
1697 397 2046 460 augmentum

2155 389 2269 459 τὴν
2296 390 2595 457 διαθήκην
2617 390 2827 456 αὐτοῦ,
2858 391 2978 446 ἀντὶ
3010 391 3103 445 τοῦ
3128 390 3239 463 (98)
3283 390 3728 463 Ἐξωλόορευσαν.

469 484 744 556 signiﬁcat
784 485 1025 554 priorum
1079 485 1371 540 scelerum.
1406 483 1559 551 Quod
1589 497 1717 538 vero
1754 482 1828 536 ait
1858 498 1870 534 :
1914 480 2046 547 Quo-

2165 485 2437 552 Ἤγγισαν
2464 483 2520 536 δὲ
2546 485 2680 553 ἡμῖν
2715 485 2770 536 αἱ
2804 485 3022 554 καρδίαι
3054 484 3256 548 αὐτῶν,
3288 486 3451 555 ἦτουν
3501 484 3571 538 τὰ
3614 484 3740 555 βου-

468 580 617 632 nt’am
660 578 704 631 si
754 577 1006 631 inimicus
1055 594 1198 631 meus
1248 579 1613 632 ina/edixisset
1666 575 1814 638 milii,
1849 582 1904 629 et
1939 589 2046 642 qua

2163 573 2406 640 λεύματα
2441 574 2643 628 αὐτῶν.
2682 575 3102 645 Ἢπαλύνθησαν
3149 575 3204 628 δὲ
3239 578 3288 629 oi
3341 577 3488 644 λόγοι
3536 576 3737 642 αὐτῶν,

462 677 778 738 sequuntur
809 684 981 737 usque
1022 668 1099 723 ad
1128 670 1219 723 illa
1252 670 1453 723 verba:
1507 667 1691 721 Veniat
1740 683 1898 735 super
1939 667 2046 720 illo:

2165 668 2223 717 ὲν
2247 664 2323 733 τῷ
2349 665 2740 734 συμϐουλεύειν
2770 682 2785 697 ⁸
2817 668 3060 722 σαίνουσι
3092 668 3191 736 μὲν
3219 668 3328 739 γὰρ
3348 669 3409 721 τὸ
3435 668 3546 739 (99)
3599 686 3739 739 χρη-

469 778 631 826 mors,
664 760 810 815 dicta
845 771 974 816 sunt
1018 778 1085 816 ex
1136 777 1367 828 persona
1405 761 1606 816 Christi
1659 760 1931 814 adversus
1966 758 2032 812 lu

2168 755 2293 809 στόν
2327 774 2341 789 ο
2373 758 2665 811 τελευτῶσι
2696 759 2751 810 δὲ
2783 761 2859 820 είς
2892 762 3149 829 πονηρόν.

463 860 611 917 clam,
654 865 714 910 ut
769 854 1029 913 diximus.
1092 854 1277 908 Veniat
1328 863 1506 908 autem
1555 868 1696 906 mors
1724 865 1880 919 super
1913 866 2028 915 eos,
2066 848 2345 903 daemones
2375 850 2660 915 nimirum,
2696 851 2797 904 hoc
2829 857 2951 916 est,
2995 852 3063 904 ad
3130 852 3502 907 omnimodam
3576 869 3739 924 pror-

464 971 560 1009 sus
595 954 918 1022 redigantur
951 952 1331 1006 ineﬂicaciam.
1372 949 1436 1002 Et
1471 945 1615 1017 quod
1649 946 1945 1016 sequitur:
2014 941 2079 995 Et
2155 942 2498 1007 descendant,
2547 952 2681 1007 etc.,
2736 940 2849 1012 jam
2926 946 3183 1011 superius
3243 948 3618 1015 expoSuimus.
3672 947 3740 1000 El

454 1052 605 1124 quod
660 1053 770 1103 ait:
802 1049 1067 1113 Quoniam
1124 1046 1336 1099 malitia
1386 1045 1440 1097 in
1483 1040 1804 1096 habitaculis
1840 1054 2043 1105 eorum,
2086 1041 2194 1095 alio
2225 1039 2389 1093 modo
2420 1039 2523 1109 legi
2598 1049 2776 1108 potest
2820 1059 2832 1096 :
2885 1040 3145 1104 Quoniam
3191 1045 3399 1096 malitia
3471 1045 3525 1097 in
3586 1061 3737 1114 pere-

459 1144 851 1217 grinationibus
878 1159 1080 1197 eorum.
1113 1140 1316 1212 [llictio
1350 1138 1499 1193 enim
1535 1136 1724 1191 Graeca
1774 1136 2062 1206 παροικία,
2105 1135 2613 1202 peregrinationem
2676 1141 2732 1186 ct
2778 1133 3079 1187 incolatum
3118 1135 3437 1206 signiﬁcat.]
3505 1152 3600 1206 per
3645 1153 3738 1206 pe-

465 1241 877 1310 regrinationes
907 1239 1075 1307 igitur
1114 1234 1537 1294 daemoniorum,
1571 1230 1793 1283 illorum
1837 1228 2076 1284 insultus
2148 1233 2312 1294 atque
2362 1226 2923 1295 approliinquationcs
2978 1227 3274 1297 intelligit,
3336 1243 3475 1297 quas
3531 1230 3583 1282 in
3639 1246 3739 1284 nos

461 1334 701 1391 faciunt.
747 1330 983 1387 Eosdem
1012 1329 1177 1385 etiam
1210 1342 1333 1382 esse
1364 1322 1642 1392 intelligit,
1711 1335 1851 1392 quos
1927 1317 2435 1389 appropinquitates
2486 1319 2767 1388 appellat:
2837 1333 2903 1372 eo
2950 1318 3098 1387 quod
3146 1319 3351 1389 impetu
3401 1336 3623 1391 semper
3682 1324 3734 1374 in

462 1445 563 1484 nos
630 1428 1017 1483 ferunturzet
1046 1424 1192 1494 quod
1232 1422 1331 1488 ait,
1397 1420 1527 1474 etin
1600 1417 1787 1472 multis
1864 1423 2017 1470 erant
2074 1430 2297 1481 mecum,
2387 1416 2692 1469 immutatis
2750 1415 3237 1484 praepositionibus
3297 1431 3553 1485 expone,
3613 1433 3741 1487 pro-

461 1536 587 1575 cum
625 1520 818 1574 multis
853 1524 1012 1573 erant
1071 1516 1126 1569 in
1171 1528 1279 1581 me,
1357 1514 1462 1567 hoc
1496 1520 1599 1578 est,
1643 1510 1910 1565 adversus
1936 1523 2042 1573 me,
2086 1523 2149 1562 ac
2179 1510 2223 1562 si
2257 1508 2405 1562 dicat
2438 1524 2450 1559 :
2486 1517 2539 1561 et
2566 1506 2723 1561 multi
2766 1514 2960 1563 contra
2996 1522 3081 1561 me
3142 1517 3543 1563 convenerunt.
3620 1509 3741 1564 Non

459 1622 544 1670 cst
576 1614 686 1668 illis
710 1610 1092 1673 commutatio,
1132 1611 1234 1663 hoc
1267 1616 1371 1675 est,
1410 1607 1722 1661 immutatio
1770 1619 1799 1657 a
1833 1604 2042 1658 malitia
2108 1603 2174 1657 ad
2249 1604 2478 1667 bonum,
2536 1611 2596 1656 ut
2651 1605 3026 1670 praediximus.
3093 1602 3522 1672 Profanaverunt
3583 1614 3741 1658 testa-

464 1721 695 1763 mentum
741 1707 877 1775 ejus,
934 1718 1035 1774 pro
1092 1700 1455 1769 Spreverunt.
1496 1697 1563 1752 Et
1599 1698 2154 1768 appropinquaverunt
2194 1697 2340 1750 nobis
2366 1704 2532 1749 corda
2559 1711 2763 1759 eorum,
2796 1696 2902 1752 hoc
2963 1704 3070 1759 est,
3125 1710 3341 1750 eorum.
3374 1697 3626 1750 consilia.
3676 1697 3741 1749 Et

461 1805 646 1860 molles
702 1818 765 1857 ac
805 1802 944 1855 lenes
993 1798 1143 1853 nobis
1172 1796 1303 1865 facti
1329 1805 1454 1850 sunt
1505 1810 1686 1849 eorum
1736 1808 2039 1857 sermones;
2071 1793 2199 1847 dum
2260 1806 2361 1846 sua
2412 1791 2571 1848 nobis
2625 1792 2898 1846 instillant
2951 1791 3211 1846 consilia.
3284 1789 3447 1846 Initio
3515 1790 3742 1864 etenim,

463 1895 644 1959 nobis,
674 1892 931 1946 inanibus
965 1888 1291 1958 quibusdam
1325 1884 1506 1941 verbis
1542 1884 1928 1949 blandiuntur,
1949 1882 2047 1937 sed
2081 1897 2139 1938 re
2170 1884 2289 1954 ipsa
2322 1883 2546 1938 tandem
2573 1883 2839 1939 desinunt
2865 1883 2919 1938 in
2954 1884 3181 1937 malum.

451 1987 530 2040 .In
557 1988 715 2055 ﬁnem
765 1998 860 2051 pro
894 1980 1109 2051 populo,
1152 1981 1244 2044 qui
1286 1960 1323 2031 ά
1366 1978 1569 2031 sanctis
1608 1977 1885 2047 elongatus
1934 1985 2046 2031 est:

2157 1980 2261 2043 Εἰς
2302 1980 2363 2031 τὸ
2399 1977 2575 2043 τέλος
2597 1976 2748 2045 ὑπὲρ
2785 1976 2892 2032 τοῦ
2922 1977 3077 2031 λαοῦ
3101 1976 3208 2030 τοῦ
3248 1976 3367 2033 ἀπὸ
3409 1975 3529 2030 τῶν
3558 1978 3741 2047 ἁγίων

534 2078 635 2147 ipsi
692 2075 883 2136 David,
933 2073 989 2125 in
1027 2069 1167 2125 tituli
1194 2069 1611 2135 inscriptionem,
1665 2084 1781 2121 cum
1825 2077 2054 2122 tenerent

532 2186 649 2224 eum
675 2166 943 2237 Allophyli
981 2165 1035 2219 in
1071 2162 1225 2219 Geth.

1011 2255 1341 2311 PSALMUS
1391 2254 1505 2309 LV.

524 2352 1008 2423 Quemadmodum
1048 2348 1388 2418 conjunctim
1420 2349 1630 2418 positos
1674 2347 1933 2420 vidimus
1959 2360 2056 2403 eos

454 2450 726 2521 psalmos,
777 2445 981 2515 quibus
1014 2444 1345 2512 inscriptum
1390 2450 1477 2497 cst
1531 2441 1919 2509 intelligentia,
1973 2441 2046 2494 ita

458 2543 632 2597 ctiam
685 2536 974 2608 conjuncti
1009 2534 1281 2589 habentur
1333 2533 1370 2587 ii
1422 2532 1625 2603 quibus
1676 2532 2051 2586 inscribitur:

465 2635 520 2687 in
557 2632 701 2686 tituli
728 2628 1148 2697 inscriptionem,
1177 2639 1412 2695 quorum
1445 2639 1690 2692 pmsens
1722 2623 1935 2692 primus
1969 2630 2055 2678 est

464 2727 558 2797 qui
583 2724 649 2779 ad
675 2724 935 2793 populum
968 2720 1205 2791 pertinet
1239 2717 1553 2783 Judaicum,
1583 2718 1846 2787 quoniam
1879 2716 2056 2786 cripti-

463 2834 566 2875 vus
592 2818 782 2873 eratin
816 2814 1111 2886 Babylone,
1141 2822 1193 2867 ct
1220 2811 1511 2882 elongatus
1538 2808 1717 2864 fuerat
1751 2823 1781 2861 a
1819 2808 2051 2874 sanctis,

464 2913 572 2965 hoc
603 2918 711 2973 est,
746 2924 775 2963 a
810 2908 1017 2979 templo
1052 2914 1220 2976 atque
1274 2906 1344 2959 ab
1392 2903 1652 2957 omnibus
1698 2902 1899 2964 sacris,
1931 2915 2053 2970 quae

462 3011 619 3057 erant
674 3002 726 3056 in
786 3001 1116 3064 Jerusalem,
1172 3013 1335 3068 quam
1387 2998 1457 3051 ob
1490 3010 1720 3050 causam
1768 2995 1934 3049 etiam
1996 2993 2052 3047 in

462 3096 621 3162 ﬁnem
673 3094 1021 3157 inscribitur,
1059 3090 1188 3160 quia
1223 3089 1288 3143 ad
1327 3087 1487 3142 ﬁnem
1536 3102 1725 3142 eorum
1765 3086 2049 3150 tendebat,

464 3202 583 3255 qua!
622 3186 675 3239 in
716 3200 781 3239 co
807 3185 873 3238 de
895 3183 1094 3253 populo
1127 3181 1385 3251 prtedicta
1408 3178 1642 3233 fuerant.
1665 3178 1897 3233 Nomine
1924 3189 2051 3230 vero

460 3277 670 3347 p0puli,
704 3291 899 3329 onmcs
932 3275 985 3328 in
1017 3274 1336 3328 universum
1387 3272 1695 3342 intelligere
1728 3285 2044 3340 possumus,
2075 3314 2119 3374 α

459 3368 555 3437 qui
596 3367 660 3421 ad
691 3376 906 3436 tempus
946 3380 974 3419 a
1014 3366 1224 3421 sanctis
1258 3363 1577 3419 hominibus
1615 3363 1853 3432 elongati
1893 3368 2045 3437 sunt,

460 3433 589 3514 ilum
620 3433 822 3529 captivi
858 3457 960 3512 sub
996 3457 1204 3526 peccati
1232 3458 1366 3528 jugo
1398 3456 1733 3511 detinentur.
1781 3456 1845 3509 Et
1873 3433 2044 3525 q'uod,

448 3556 561 3617 ait,
588 3552 692 3605 Pro
715 3552 928 3621 populo,
959 3551 1103 3604 idem
1122 3550 1225 3605 sibi
1255 3551 1370 3604 vult
1389 3564 1454 3604 ac
1476 3548 1789 3613 sidixissct,
1816 3546 1894 3602 Ex
1919 3563 2046 3616 per.

460 3634 843 3714 sona‘pOpuli.
880 3641 1085 3697 Deinde
1118 3641 1361 3697 secunda
1390 3643 1643 3711 sequitur
1694 3641 1991 3711 inscriptio
2026 3654 2041 3693 :

461 3738 575 3806 Ipsi
605 3736 776 3790 David
801 3738 854 3789 in
882 3734 1028 3788 tituli
1048 3736 1471 3803 inscriptionem,
1500 3734 1726 3797 etc.,ita
1757 3743 1812 3787 ut
1843 3734 2040 3803 duplex

458 3834 623 3884 etiam
649 3830 723 3883 sit
753 3828 949 3897 psalmi
990 3836 1398 3897 argumentum.
1445 3825 1692 3881 Diximus
1725 3826 1779 3880 in
1831 3826 2043 3897 psalmo

458 3938 613 3986 mn,
649 3921 795 3991 quod
824 3922 1017 3975 beatus
1043 3919 1210 3974 David
1246 3920 1460 3990 fugiens
1490 3920 1732 3986 Saulem,
1763 3920 2043 3990 profectus

458 4022 544 4068 est
577 4015 632 4067 in
668 4012 805 4067 Geth
856 4014 921 4065 ad
979 4011 1145 4067 Achis
1176 4011 1577 4067 Philistworum
1630 4028 1833 4084 regem,
1863 4013 2041 4082 quod-

456 4121 563 4175 que
587 4121 709 4162 cum
731 4105 972 4175 suspicio
1002 4116 1121 4160 orta
1153 4114 1319 4170 esset,
1367 4121 1493 4160 eum
1525 4120 1652 4161 esse
1706 4107 1895 4171 David,
1940 4106 2038 4177 qui

455 4199 667 4255 Goliam
698 4198 997 4265 occiderat,
1023 4208 1076 4253 et
1107 4198 1405 4269 periclitari
1434 4200 1716 4269 coepisset,
1766 4200 2034 4255 insaniam

456 4291 615 4346 ﬁnxit
641 4307 654 4343 :
683 4291 961 4361 quodque,
998 4293 1154 4359 quasi
1211 4291 1437 4346 comitili
1478 4291 1674 4355 morbo
1735 4292 2034 4357 laboraret,

458 4386 722 4441 dimissus
774 4393 880 4449 est,
930 4392 984 4438 et
1033 4391 1228 4452 prtcter
1274 4383 1590 4451 Opinionem
1647 4396 1918 4441 servatus.
1960 4386 2037 4439 Eo

456 4480 625 4549 igitur
653 4488 921 4547 tempore,
980 4477 1124 4530 hunc
1169 4478 1438 4546 psalmum
1488 4480 1857 4547 praesentibus
1918 4481 2034 4534 suis

456 4578 607 4632 tunc,
631 4579 685 4623 et
712 4567 913 4622 futuris
942 4567 1122 4637 populi
1143 4565 1528 4623 alﬂictionibus
1558 4571 2031 4624 accommodatum

2225 2070 2729 2141 μεμακρυμμένου
2750 2087 2764 2101 ³
2797 2069 2878 2136 τῷ
2911 2068 3091 2125 Δαϐὶδ
3134 2071 3223 2136 εις
3260 2071 3733 2149 στηλοῃοαφίαν,

2228 2165 2410 2217 ὁπότε
2432 2162 2778 2231 ἐκράτησαν
2801 2166 2855 2216 ol
2878 2163 3222 2230 ἀλλόφυλοι
3256 2163 3444 2217 αὐτὸν
3482 2163 3554 2217 ἐν
3596 2163 3733 2217 Γέθ.

2712 2257 3008 2310 ΨΑΛΜΟΣ
3035 2257 3082 2308 Ν
3088 2257 3162 2311 E'.

2231 2348 2441 2420 Ὥσπερ
2472 2351 2520 2402 οί
2552 2348 2761 2419 ψαλμοὶ
2805 2350 2950 2412 ὅσοις
2985 2348 3370 2419 ἐπεγέγραπτο
3397 2363 3729 2413 συνεσεως,

2157 2443 2391 2512 ἐχόμενα
2418 2441 2664 2511 ἀλλήλων
2685 2440 2972 2512 ἐτέθησαν,
2995 2439 3140 2494 οὕτω
3169 2440 3263 2493 καὶ
3298 2442 3347 2492 οἱ
3390 2443 3735 2511 ἐπιγεγραμ-

2159 2534 2310 2604 μένοι
2332 2534 2415 2601 τδ,
2449 2537 2545 2601 Εις
2578 2535 3056 2603 στηλογραφίαν,
3083 2530 3158 2589 ὧν
3187 2536 3213 2587 ὁ
3246 2534 3440 2605 παρὼν
3492 2533 3735 2606 πρῶτος.

2156 2629 2302 2682 Λαον
2340 2628 2396 2682 δὲ
2424 2628 2572 2696 λέγει
2602 2628 2695 2681 τὸν
2733 2628 3048 2694 Ἰουδαϊκὸν,
3093 2627 3151 2692 ὃς
3189 2628 3527 2701 δορυά).ωτος
3583 2629 3735 2697 παρὰ

2156 2720 2517 2785 Βαϐυλωνίοις
2537 2720 2829 2786 δουλεύων,
2869 2721 3343 2791 μεμακρυμμένος
3363 2716 3431 2793 ἦν
3466 2718 3575 2773 ἀπὸ
3624 2719 3734 2772 τῶν

2155 2810 2347 2878 ἁγίων,
2380 2811 2558 2863 είτουν
2603 2811 2713 2865 ἀπὸ
2740 2811 2835 2863 τοῦ
2864 2812 2924 2865 ἐν
2973 2810 3371 2882 Ἰεροσολύμοις
3429 2809 3578 2865 ναοῦ.
3641 2810 3732 2863 Διὸ

2154 2902 2250 2955 καὶ
2287 2904 2390 2968 Εἰς
2414 2900 2586 2968 τέλος
2625 2902 3048 2974 ἐπιγέγραπται,
3088 2903 3164 2965 ὡς
3205 2905 3285 2967 είς
3307 2903 3460 2966 τέλος
3512 2901 3727 2970 ἐπειγό-

2157 3013 2319 3065 μενος
2348 2997 2456 3051 τῶν
2489 2999 2546 3051 ὲν
2572 3000 2749 3066 τούτῳ
2779 3016 2844 3051 πε
2856 2998 2908 3070 pi
2933 2998 3026 3051 τοῦ
3050 2998 3182 3051 λαοῦ
3219 2998 3726 3068 προφητευθέντων.

2152 3074 2377 3143 Νοεῖται
2404 3091 2461 3143 δὲ
2488 3091 2638 3156 λαὸς,
2680 3092 2774 3144 καὶ
2806 3093 3009 3156 πάντες
3044 3091 3231 3155 ἁπλῶς
3259 3094 3307 3144 οί
3356 3092 3492 3160 πρὸς
3540 3093 3729 3160 καιρὶν

2156 3184 2618 3253 μεμακρυμμένοι
2644 3185 2753 3236 ἀπὸ
2774 3184 2883 3237 τῶν
2916 3184 3089 3252 ἁγίων
3114 3184 3347 3255 ἀνδρῶν,
3388 3182 3477 3236 διὰ
3524 3181 3585 3235 τὸ
3636 3182 3725 3234 aio

2152 3274 2603 3344 χμαλωτισθῆναι
2632 3277 2756 3338 ταῖς
2805 3276 3126 3347 ἁμαρτίαις.
3196 3273 3377 3343 ’Υπὲρ
3419 3273 3525 3328 τοῦ
3570 3271 3726 3326 λαοῦ

2151 3366 2229 3433 δὲ,
2276 3366 2399 3420 ἀντὶ
2438 3366 2546 3420 Τοῦ
2569 3365 2862 3437 προσώπου
2889 3367 2982 3419 τοῦ
3022 3366 3174 3420 λαοῦ.
3208 3360 3341 3419 Εἶτα
3375 3365 3468 3419 καὶ
3499 3364 3725 3435 δευτέρα

2150 3459 2475 3531 πρόσκειται
2506 3460 2790 3530 ἐπιγραφή
2830 3475 2845 3491 ·
2903 3458 2985 3524 Τῷ
3040 3457 3217 3512 Δαϐὶδ
3268 3460 3355 3524 εἰς
3394 3456 3724 3526 σιἠλογραι

2148 3554 2314 3622 ςρίαν,
2339 3552 2433 3606 καὶ
2458 3552 2527 3605 τὰ
2555 3552 2683 3622 ἑξῆς
2715 3570 2729 3584 ·
2767 3553 2841 3615 ὠς
2870 3547 3010 3605 εἶναι
3067 3550 3263 3621 διπλῆν
3316 3551 3413 3621 τὴν
3468 3548 3725 3601 ὑπόθεσιν

2146 3646 2240 3699 τοῦ
2272 3644 2512 3714 ψαλμοῦ.
2548 3643 2877 3715 Προείρηται
2903 3645 2959 3698 δὲ
2995 3646 3126 3715 ἡμῖν
3155 3646 3213 3697 ὲν
3242 3643 3320 3714 τῷ
3362 3643 3444 3711 ).γ’
3499 3641 3720 3711 ψαλμῷ,

2145 3740 2227 3794 ὅτι
2257 3738 2474 3810 φεύγων
2502 3737 2594 3792 τὸν
2616 3737 2810 3804 Σαοὺλ,
2841 3739 3088 3809 ἀπῆλθεν
3146 3739 3228 3801 είς
3283 3735 3383 3789 Γὲθ
3437 3737 3576 3807 πρὸς
3632 3735 3724 3788 τὸν

2158 3829 2410 3901 Ἀγχοῦς,
2465 3830 2559 3883 xui
2619 3828 2988 3891 ὑποπτευθεὶς
3045 3829 3196 3891 ὅστις
3252 3823 3344 3899 ἦν,
3390 3826 3722 3881 κινδυνεύειν

2144 3923 2360 3993 ἔμελλε.
2425 3918 2558 3975 Εἶτα
2631 3922 2827 3992 μανίαν
2877 3920 3218 3991 ὑποκριθεὶς,
3278 3919 3354 3983 ὡς
3401 3919 3717 3987 ἐπίληπτος,

2144 4014 2451 4087 ἀφείθηῌ),
2474 4015 2569 4068 καὶ
2590 4012 2820 4083 διεσώθη
2843 4012 3183 4085 παραδόξως.
3211 4012 3524 4083 Τηνικαῦτα
3543 4013 3718 4065 τοίνυν

2142 4108 2237 4160 καὶ
2258 4107 2449 4160 τοῦτον
2486 4104 2695 4175 ἔγραψε
2724 4104 2815 4159 τὸν
2843 4104 3079 4174 ψαλμὸν,
3116 4105 3424 4175 ἁρμόζοντα
3459 4107 3553 4157 καὶ
3609 4107 3719 4166 τοῖς

2140 4198 2260 4251 τότε
2294 4197 2492 4251 ἑαυτοῦ
2528 4197 2749 4259 πάθεσι,
2776 4197 2873 4249 καὶ
2913 4198 3025 4259 τοῖς
3067 4196 3161 4249 τοῦ
3217 4197 3348 4251 λαοῦ
3399 4198 3714 4267 μετέπειτα.

2142 4290 2480 4359 Βουλόμενος
2511 4287 2567 4341 δὲ
2605 4288 2693 4340 ἀεὶ
2724 4286 3099 4357 κηρύττεσθαι
3134 4291 3235 4359 τὴν
3286 4289 3440 4341 θείαν
3493 4291 3720 4360 εὐεργε-

2142 4382 2288 4445 σίαν,
2328 4380 2610 4448 ἐπέγραψε
2648 4379 2728 4443 τὸ,
2760 4380 2861 4444 Εἰς
2880 4382 3359 4449 στηλογῬαφίαν,
3415 4381 3715 4447 τουτέστιν,

2139 4476 2218 4539 εἰς
2253 4474 2611 4528 ἀνέκλειπτον
2636 4472 2881 4543 γραφὴν,
2934 4476 2997 4526 ὲκ
3056 4476 3372 4544 μεταφορᾶς
3421 4475 3529 4527 τῶν
3584 4474 3719 4527 λιθί-

2140 4587 2280 4634 ναις,
2305 4568 2337 4638 ἢ
2367 4568 2593 4638 χαλκαῖς
2625 4567 2847 4638 στήλαις
2896 4567 3287 4637 ἐγγραφόντων
3317 4568 3539 4639 ῥήματά
3593 4583 3713 4620 τινα

454 4662 810 4730 conscripsit.
838 4659 1075 4730 Cupiens
1112 4670 1376 4730 praeterea
1413 4670 1520 4714 tam
1573 4664 1813 4731 amplum
1848 4662 1939 4719 Dei
1979 4665 2030 4718 in

2148 4667 2218 4729 είς
2253 4666 2474 4736 μνήμην
2495 4661 2732 4733 διηνεκῆ.

454 4770 513 4809 se
544 4756 869 4811 beneficium
912 4763 1177 4827 perpetuo
1203 4754 1489 4826 praedicari
1528 4756 1747 4824 debere,
1786 4773 1850 4814 ea
1898 4764 2135 4831 psalmo,
2167 4778 2287 4834 qua:
2324 4761 2585 4825 vidimus,
2650 4757 2818 4812 verba
2876 4758 3219 4828 praeposuit:
3275 4756 3344 4811 In
3392 4757 3557 4823 tituli,
3615 4773 3713 4812 seu

453 4846 638 4915 potius
663 4846 715 4900 in
749 4855 965 4914 statuat,
1016 4856 1110 4900 aut
1168 4847 1444 4902 columnae
1492 4848 1894 4917 inscriptionem
1950 4852 2438 4926 [quemadmodum
2489 4864 2587 4920 per
2636 4846 2880 4904 Grazcam
2947 4850 3242 4905 dictionem
3306 4850 3717 4920 στηλογραφίαν

455 4942 640 4998 verius
679 4942 809 4996 alibi
833 4941 1075 4997 diximus
1109 4941 1472 5014 signiﬁcari];
1508 4960 1573 4999 ac
1606 4945 1652 4999 si
1686 4944 1894 5002 diceret
1922 4966 1936 5002 :
1979 4949 2036 5003 In
2070 4949 2465 5019 sempiternam
2496 4945 2663 5015 hujus
2696 4943 2825 4999 facti
2911 4946 3256 4999 memoriam.
3323 4945 3480 5001 Hunc
3528 4956 3711 4999 autem

452 5038 712 5107 loquendi
743 5037 963 5092 modum
995 5048 1272 5108 sumptum
1305 5049 1580 5108 putamus,
1616 5057 1680 5095 ex
1717 5046 2035 5114 metaphora
2065 5059 2281 5109 eorum,
2353 5041 2447 5111 qui
2507 5039 2756 5110 lapideis,
2838 5048 2930 5093 aut
2979 5038 3145 5094 aeneis
3210 5040 3482 5094 columnis
3542 5039 3711 5095 verba

450 5132 699 5202 quaedam
745 5131 1140 5194 inscribebant,
1197 5132 1249 5185 in
1280 5144 1543 5187 aitet-num
1597 5137 1829 5203 posteris
1872 5148 2310 5193 niuriutnentutn.

523 5247 684 5304 Vens.
724 5246 778 5300 2.
823 5244 1069 5301 Miserere
1093 5248 1212 5314 mei,
1241 5246 1399 5315 Deus,
1432 5248 1679 5317 quoniam
1707 5251 2032 5307 conculcavit

452 5357 533 5395 me
595 5342 769 5396 homo.
843 5339 1219 5406 Conculcarit,
1281 5356 1513 5411 expone,
1578 5358 1678 5412 pro
1737 5343 2028 5399 Contrivit.

2215 5250 2513 5319 Ἐλέησόν
2537 5268 2634 5320 με,
2678 5253 2711 5304 ὀ
2743 5250 2908 5317 Θεὸς,
2941 5249 3029 5304 ὅτι
3066 5249 3448 5317 κατεπάτησέ
3479 5269 3556 5319 με
3597 5254 3708 5307 ἇν-

2130 5348 2382 5412 θρωπος.
2419 5344 2871 5411 Κατεπάτησεν,
2896 5346 3013 5398 ἀντὶ
3058 5344 3150 5396 τοῦ
3187 5345 3533 5415 Συνέτριψεν.
3569 5345 3708 5400 Ἀπὸ

1761 5541 1958 5606 Varie:
1983 5542 2313 5611 lectiones.

527 5691 639 5833 (983
679 5692 763 5747 Al.
798 5693 1180 5760 ὲξουδένωσαν.

527 5760 616 5832 (99
643 5761 735 5832 Τῷ
762 5766 1005 5833 χρηστῷ,
1042 5768 1180 5823 idctn

521 5760 735 5833 (99)Τῷ
762 5766 1005 5835 χρηστῷ,
1042 5768 1199 5823 idctn.

2200 5698 2274 5771 (ι)
2301 5697 2381 5753 Al.
2412 5699 2607 5770 ἀνρέθη.
