4020 6218
324 239 439 308 δθι
1558 245 1943 306 EUTHYMII
1991 246 2356 307 ZIGABENI
3498 247 3606 312 592

403 358 572 424 Deus,
624 353 787 409 vitam
830 368 1000 407 meam
1034 351 1347 406 annuntiavi
1383 351 1500 406 tibi.
1533 353 1916 410 Conversatio-

2105 356 2169 409 '0
2211 357 2378 423 Θεὸς,
2430 352 2548 421 τὴν
2574 351 2731 425 ζωήν
2771 371 2893 426 μου
2944 352 3267 424 ἐξήγγειλά
3313 367 3435 411 σοι.
3493 356 3613 430 τὴν

332 466 459 507 nem
487 448 586 505 tibi
610 459 784 502 meam
816 443 1143 514 signiﬁcavi,
1178 444 1481 501 secundum
1513 447 1913 517 quamjamdiu

2037 448 2300 505 πολιτείαν
2334 466 2439 520 μου
2475 448 2804 520 ὲφανέρωσά
2826 466 2932 515 σοι,
2968 450 3036 519 ἢν
3070 448 3196 519 ἄρτι
3226 448 3605 522 πολιτεύομαι.

332 559 481 599 νινο.

403 632 646 689 Posuisti
671 632 937 702 lacrymas
963 644 1106 683 meas
1129 628 1183 681 in
1208 639 1485 697 conspectu
1510 639 1621 695 tuo,
1658 631 1916 698 quemad-

333 728 572 789 modum,
623 733 674 779 et
726 723 779 775 in
815 722 1165 793 promissione
1199 733 1312 776 tua.
1351 719 1433 775 Tu
1467 722 1676 787 vidisti,
1716 722 1916 788 inquit.

332 822 604 891 lacrymas
638 832 810 881 meas,
862 815 1324 885 quemadmodum
1358 814 1638 884 pollicitus
1678 816 1808 869 olim
1855 831 1917 871 es

335 915 389 967 in
422 911 795 983 promissione
847 920 958 963 tua.
998 908 1191 977 Legem
1241 908 1388 962 enim
1422 915 1695 974 statuens,
1731 909 1918 963 dixisti

332 1008 399 1061 de
428 1003 686 1060 omnibus
729 1002 819 1072 qui
850 1002 1107 1071 injuriam
1152 1002 1435 1071 patiuntur
1465 1018 1479 1055 :
1544 999 1813 1055 Clamabit
1846 1002 1917 1056 ad

332 1113 437 1160 me,
469 1105 635 1165 et,ego
662 1094 951 1147 exaudiam
977 1108 1116 1157 eum,
1157 1092 1458 1145 misericors
1489 1092 1631 1145 enim
1664 1107 1781 1145 sum
1812 1092 1880 1147 ".

404 1188 786 1262 Colivertemur
820 1182 1030 1237 inimici
1064 1183 1163 1236 mei
1190 1191 1499 1237 retrorsum.
1539 1183 1655 1237 Hoc
1687 1191 1791 1247 est,
1827 1181 1915 1236 fu-

334 1282 507 1351 gient.
539 1278 799 1334 Prmdicit
829 1276 1001 1341 enim,
1049 1273 1195 1346 quod
1229 1273 1478 1329 futurum
1527 1282 1666 1329 erat.
1702 1273 1918 1330 Secum

332 1376 463 1429 dum
498 1387 782 1444 anagogen
814 1384 943 1424 vero
978 1367 1164 1423 dicere
1194 1381 1513 1437 possumus,
1538 1367 1685 1436 quod
1718 1381 1916 1437 quem-

333 1468 628 1524 admodum
677 1465 958 1519 daamones
996 1461 1216 1531 'praeire
1266 1474 1367 1515 nos
1417 1461 1620 1525 solent,
1701 1461 1918 1531 quoties

333 1577 437 1617 nos
460 1558 846 1630 superaverint
871 1563 926 1611 et
951 1553 1096 1610 viam
1125 1553 1287 1608 nobis
1311 1552 1606 1609 ostendere
1625 1567 1747 1622 qua:
1766 1552 1919 1607 ducit

333 1652 402 1706 ad
434 1650 840 1721 perditionem:
886 1647 961 1700 ita
1003 1645 1280 1715 quotiesa
1306 1646 1465 1700 nobis
1512 1646 1642 1699 victi
1687 1645 1915 1707 iuerint,

332 1753 502 1809 retro,
534 1748 660 1812 post
686 1754 792 1796 nos
821 1744 1240 1808 consequuntur
1268 1737 1634 1793 oblatrantes.

384 1834 475 1891 .In
512 1849 820 1905 quacunque
846 1834 931 1888 die
959 1834 1267 1887 inuocauero
1291 1840 1360 1895 te,
1387 1846 1502 1886 ecce
1542 1832 1761 1901 cognoui
1782 1831 1921 1901 quod

334 1940 391 1984 tu
432 1929 574 1984 Deus
608 1944 755 1983 meus
785 1944 860 1983 es.
893 1926 1145 1993 Quoties,
1182 1928 1381 1991 inquit,
1408 1926 1622 1981 ardenti
1655 1934 1706 1980 te
1739 1927 1923 1980 animo

332 2020 632 2093 aliquando
663 2019 1022 2082 invocavero,
1053 2019 1239 2074 statim
1271 2018 1534 2089 cognovi,
1562 2017 1667 2072 hoc
1683 2027 1788 2086 est,
1826 2032 1921 2073 co-

333 2129 564 2187 gnosco,
600 2114 745 2184 quod
774 2120 833 2167 tu
885 2111 1029 2166 Deus
1063 2126 1219 2168 meus
1239 2127 1321 2168 es.
1370 2109 1563 2166 Posuit
1592 2110 1738 2165 enim
1786 2123 1923 2166 tem-

334 2225 437 2279 pus
492 2223 591 2280 pro
638 2218 907 2278 tempore.
962 2204 1069 2262 Sed
1096 2204 1372 2276 quomodo
1406 2205 1731 2275 cognosco?
1786 2205 1920 2261 dum

328 2301 551 2356 scilicet
580 2302 864 2357 exaudies.

411 2394 579 2449 Vens.
615 2394 703 2447 Η.
738 2391 803 2446 In
843 2392 947 2446 Deo
1000 2392 1231 2446 laudabo
1296 2391 1527 2459 verbum,
1592 2393 1647 2446 in
1696 2390 1921 2445 Domino

322 2484 564 2539 .laudabo
604 2499 917 2538 sermonem.
982 2481 1222 2538 Verbum
1293 2481 1553 2536 Laudabo
1591 2522 1608 2547 ,
1664 2482 1920 2537 eumdem

337 2580 425 2632 llic
485 2592 707 2633 sensum
743 2576 929 2641 habet,
960 2590 1123 2645 quem
1157 2577 1422 2647 superius
1455 2576 1778 2633 diximusin
1803 2591 1924 2631 ver-

334 2669 545 2725 siculo:
592 2668 659 2722 ln
688 2668 793 2723 Deo
812 2666 1047 2721 laudabo
1067 2684 1330 2724 sermones
1376 2685 1515 2724 meos
1542 2683 1562 2732 ;
1588 2676 1644 2724 et
1677 2683 1923 2739 perver-

336 2766 489 2830 bum,
515 2762 824 2817 breviorem
846 2760 1161 2816 orationem
1186 2760 1464 2833 intelligit,
1491 2776 1590 2832 per
1607 2774 1919 2817 sermonem

335 2869 485 2921 vero,
518 2854 838 2924 longiorem.

397 2943 472 2997 .ln
500 2943 608 2998 Deo
654 2944 909 3013 speravi,
964 2961 1070 2998 non
1139 2943 1327 2997 timebo
1391 2944 1517 3013 quid
1581 2943 1748 3014 faciat
1792 2942 1921 2997 mihi

2096 637 2277 691 Ἔθου
2321 635 2395 689 τὰ
2444 633 2679 705 δάκρυα
2726 634 2987 690 ἐνώπιόν
3021 651 3163 701 σου,
3196 636 3278 703 ὡς
3309 637 3407 691 καί
3438 637 3510 692 ἐν
3532 637 3607 707 τῇ

2018 728 2353 798 ἐπαγγελίᾳ
2390 743 2531 783 σου.
2579 730 2829 792 Ἐπεῖδες
2870 728 2939 783 τὰ
2973 729 3191 799 δάκρυά
3224 747 3349 800 μου,
3398 731 3473 794 ῶς
3513 732 3609 784 καὶ

2020 819 2078 870 ὲν
2102 822 2167 889 τῇ
2188 819 2492 892 ἐπαγγελίᾳ
2516 836 2610 872 σου
2640 820 2900 891 ὑπέσχου.
2930 820 3259 891 Νομοθετῶν
3280 821 3408 889 γὰρ,
3433 822 3611 888 ἐπηγ-

2022 910 2240 978 γείλατο
2276 912 2406 981 περὶ
2440 910 2536 964 τοῦ
2567 912 2952 981 ἀδικουμένου,
3004 914 3089 966 ὅτι
3134 912 3417 977 Στενάξει
3458 912 3607 980 πρός

2015 1004 2232 1073 gemat
2260 1004 2681 1074 ἐπακούσομαι
2710 1004 2899 1060 αὑτοῦ
2930 1021 2946 1037 ⁸
3007 1005 3283 1074 ἐλεήμων
3314 1006 3425 1074 γάρ
3466 1008 3605 1074 εἰμι.

2094 1190 2614 1260 Ἐπιστρέψουσιν
2649 1194 2704 1245 οἰ
2740 1191 2946 1260 ἐχθροί
2983 1209 3106 1261 μου
3132 1193 3221 1259 εἰς
3264 1192 3338 1246 τὰ
3390 1192 3607 1246 ὀπίσω.

2034 1284 2581 1355 Ἀποστραφήσονται
2597 1286 2677 1349 εἰς
2692 1288 2761 1338 τὰ
2777 1284 2972 1351 ὀπίσω,
2993 1285 3260 1352 τουτέστι,
3283 1284 3571 1353 φεύξονται
3584 1301 3601 1316 ο

2025 1374 2337 1445 προφητεία
2383 1374 2441 1427 δὲ
2484 1375 2665 1430 τοῦτο.
2710 1375 3100 1444 Ἀναγωγικῶς
3142 1375 3221 1442 δὲ,
3256 1375 3609 1445 κυριεύοντες

2032 1465 2133 1536 μὲν
2163 1465 2319 1536 ὑμῶν
2355 1467 2406 1518 οἰ
2452 1466 2709 1537 δαίμονες
2747 1466 3140 1538 προηγοῦνται,
3163 1466 3608 1530 ὑποδεικνύοντες

2021 1559 2156 1629 ἡμῖν
2186 1558 2287 1629 τὴν
2325 1559 2406 1620 εἰς
2460 1558 2742 1613 ἀπώλειαν
2781 1559 3056 1631 φέρουσαν
3099 1560 3255 1614 ὁδόν·
3301 1557 3607 1629 ἡττώμενοι

2021 1647 2102 1713 δὲ,
2137 1647 2362 1701 ἕπονται
2396 1647 2893 1713 καθυλακτοῦντες.

2109 1826 2217 1879 Ἐν
2250 1842 2287 1898 ῃ
2316 1826 2395 1881 ἂν
2417 1827 2611 1898 ἡμέρᾳ
2638 1829 3095 1907 ἐπικαλέσωμαι
3127 1846 3221 1896 σε,
3254 1830 3385 1886 ἰδοὺ
3415 1832 3611 1901 ἕτνων

2027 1920 2120 1974 ὅτι
2158 1923 2301 1988 Θεός
2324 1939 2446 1991 μου
2466 1918 2526 1975 εἷ
2546 1924 2650 1977 σύ.
2682 1923 2852 1977 Ὅταν
2876 1924 2955 1989 δὲ,
2977 1926 3164 1996 φησιν,
3188 1923 3605 1994 ἐπικαλέσωμαι

2027 2013 2250 2083 θερμῶς
2279 2054 2294 2081 ,
2327 2014 2491 2078 εὐθὺς
2524 2014 2717 2083 ἔγνων,
2760 2016 2883 2069 ἀντὶ
2910 2016 3005 2069 τοῦ
3036 2015 3315 2082 Γινώσκω,
3351 2017 3436 2070 ὅτι
3472 2017 3605 2080 Θεός

2028 2120 2129 2173 μου
2158 2099 2207 2156 εἴ
2231 2104 2293 2157 σύ
2315 2120 2329 2136 ⁸
2352 2106 2686 2179 ἀντιχρονίᾳ.
2725 2107 2850 2172 Πῶς
2883 2107 2939 2161 δὲ
2967 2108 3221 2178 γινώσκω
3249 2126 3265 2177 ;
3292 2109 3517 2172 Πάντως
3545 2110 3606 2162 ὲν

2023 2196 2102 2266 τῷ
2140 2198 2547 2253 εἰσακούεσθαι.

2108 2383 2239 2440 Ἐπί
2278 2385 2359 2452 τῷ
2391 2386 2514 2452 Θεῷ
2540 2387 2842 2442 ἐπαινέσω
2894 2387 3079 2458 ῥῆμα,
3123 2389 3220 2443 ἐπὶ
3281 2388 3363 2455 τῷ
3409 2391 3606 2457 Κυρίῳ

2022 2477 2323 2532 ἐπαινέσω
2350 2480 2559 2549 λόγον.
2608 2480 2683 2532 Τὸ
2734 2480 3067 2534 Ἐπαινέσω
3090 2482 3370 2535 κάνταῦθα
3418 2482 3597 2534 τοιοῦ·

2023 2569 2116 2623 τόν
2152 2570 2324 2634 ἐστιν,
2351 2566 2465 2624 οἷον
2499 2571 2730 2641 εἴπομεν
2760 2573 2856 2625 καὶ
2910 2572 2990 2637 τδ,
3035 2575 3139 2627 Ἐν
3169 2572 3249 2638 τῷ
3280 2573 3402 2638 Θεῷ
3433 2575 3604 2628 eam.

2021 2662 2183 2717 νέσω
2212 2661 2357 2729 τοὺς
2377 2663 2604 2734 λόγους
2621 2681 2761 2732 μου.
2794 2662 2990 2733 Ῥἦμα
3028 2664 3129 2733 μὲν
3162 2660 3257 2719 οὖν
3302 2664 3475 2733 λέγει,
3511 2664 3602 2719 τὸν

2025 2755 2235 2827 βραχὺν
2263 2754 2424 2824 λόγον
2450 2768 2467 2785 ⁶
2494 2756 2684 2826 λόγον
2708 2754 2787 2822 δὲ,
2810 2756 2901 2809 τὸν
2943 2756 3188 2826 μείζονα.

2093 2940 2226 2995 Ἐπί
2255 2939 2335 3006 τῷ
2355 2940 2478 3008 Θεῷ
2506 2940 2763 3010 ἤλπισα,
2799 2943 2870 2996 οὐ
2903 2940 3323 3011 φοϐηθήσομαι
3351 2940 3408 2994 τί
3432 2940 3604 3009 ποιήο

337 3036 514 3092 lwmo.
567 3034 667 3091 ille
722 3037 982 3090 nimirum
1038 3036 1226 3100 homo,
1278 3036 1347 3091 de
1384 3051 1496 3106 quo
1545 3036 1598 3090 in
1647 3035 1916 3107 principio

2037 3050 2116 3088 γει
2136 3052 2240 3105 μοι
2286 3034 2623 3103 ἅνθρωπος.
2655 3036 2754 3089 Ὃν
2801 3031 2954 3089 εἷπεν
3003 3036 3061 3088 ὲν
3101 3036 3241 3105 ἀρχῇ
3287 3033 3599 3104 ἄνθρωπον,

336 3132 472 3185 dixit
502 3146 523 3183 :
556 3128 819 3195 Quoniam
844 3128 1172 3183 conculcaait
1208 3144 1290 3182 me
1315 3128 1489 3182 homo.

408 3308 569 3364 Vens.
601 3308 686 3363 12.
721 3307 786 3363 In
806 3324 888 3363 me
934 3318 1081 3373 sunt,
1114 3307 1276 3374 Deus,
1325 3317 1466 3375 uota,
1508 3322 1626 3376 qua
1696 3306 1916 3359 reddam

334 3401 665 3458 laudationis
701 3409 826 3457 tua.
889 3402 950 3457 In
1010 3416 1155 3469 mea,
1213 3403 1417 3471 inquit,
1490 3400 1757 3455 memoria
1810 3398 1917 3453 illae

337 3494 673 3550 laudationis
717 3504 824 3550 tua:
864 3494 1267 3564 promissiones
1294 3502 1444 3559 sunt,
1485 3507 1623 3563 quas
1663 3507 1750 3546 me
1789 3492 1917 3546 red-

334 3590 577 3644 diturum
606 3588 1147 3645 aliirmo.Pollicitus
1185 3590 1331 3643 enim
1374 3588 1553 3643 fuerat
1593 3587 1786 3643 beatus
1810 3586 1915 3639 Da-

326 3683 445 3748 vid,
470 3697 531 3737 se
557 3680 723 3737 Deum
749 3680 1160 3737 benefactorem
1188 3696 1350 3735 suum
1384 3680 1732 3734 laudaturum
1768 3692 1911 3733 esse.

400 3772 688 3830 Natis”.
730 3773 997 3839 Quoniam
1058 3774 1301 3843 eripuisti
1348 3772 1586 3827 animam
1620 3786 1792 3825 meam
1852 3769 1916 3824 de

334 3874 523 3919 morte.
555 3865 809 3919 Animam
841 3879 1043 3931 meam,
1073 3864 1178 3919 hoc
1243 3872 1364 3927 est,
1407 3864 1701 3933 meipsum.
1756 3860 1913 3928 Quod

316 3958 387 4012 si
450 3958 689 4012 animam
760 3957 815 4012 vi
880 3972 980 4011 sua
1040 3956 1340 4027 signiﬁcari
1402 3955 1536 4009 velis
1586 3955 1914 4024 intelligere,

312 4066 433 4120 per
463 4060 692 4106 mortem
728 4060 1011 4119 peccatum
1046 4050 1310 4118 intellige,
1336 4049 1505 4103 veluti
1559 4048 1706 4118 quod
1735 4048 1915 4117 primo

337 4143 583 4197 omnium
620 4142 831 4213 parenti
865 4143 1062 4198 mortis
1091 4156 1258 4197 causa
1292 4141 1591 4197 exstiterit.

386 4233 605 4290 ‘Oculos
634 4252 775 4289 meos
807 4252 839 4288 a
860 4235 1135 4305 lacrymis,
1167 4235 1321 4304 pedes
1362 4251 1502 4289 meos
1542 4253 1573 4289 a
1611 4236 1787 4306 lapsu.
1812 4234 1914 4291 Per

336 4328 691 4397 lapsum,aut
724 4342 964 4398 praeceps
984 4329 1203 4398 aliquod
1233 4329 1493 4399 intellige,
1522 4338 1615 4382 aut
1635 4330 1913 4399 laqueum,

336 4426 394 4470 et
425 4434 518 4489 per
542 4419 730 4489 pedes,
767 4418 930 4487 hujus
960 4418 1084 4474 vitae
1118 4419 1276 4474 viam.

390 4601 637 4656 :Placebo
665 4620 845 4657 coram
875 4604 1103 4658 Domino
1134 4604 1188 4657 in
1218 4602 1414 4657 lumine
1442 4602 1916 4676 uiventium.[lllud

2020 3128 2151 3181 Ὀτι
2193 3126 2617 3197 κατεπάτησέν
2664 3144 2742 3197 με
2786 3128 3119 3196 ἄνθρωπος,
3170 3124 3358 3179 τοῦτον
3379 3127 3473 3180 καὶ
3503 3125 3601 3181 νῦν

2018 3219 2190 3274 λέγει.

2119 3238 2190 3274 ει.

2081 3236 2189 3365 ἴΕν
2217 3312 2370 3381 ἐμοὶ,
2395 3315 2429 3367 ό
2469 3311 2635 3379 Θεὸς,
2659 3312 2857 3382 εὐχαὶ,
2888 3311 2960 3379 ἅς
2986 3311 3281 3366 ἀποδώσω
3308 3310 3602 3378 αἰνέσεως

2018 3422 2156 3461 σου.
2208 3406 2298 3460 Ἐν
2322 3410 2389 3478 τῇ
2427 3406 2617 3478 μνήμῃ
2646 3423 2744 3460 σου
2795 3405 2938 3459 εἰσὶν
3004 3405 3061 3459 αἰ
3130 3405 3458 3475 ὑποσχέσεις
3498 3406 3601 3474 τῆς

2018 3497 2285 3562 αἰνέσεώς
2309 3515 2428 3563 σου,
2466 3499 2532 3563 ἃς
2562 3497 2831 3553 ἀποδώσω
2854 3514 2869 3531 °
2897 3498 3173 3567 ὑπέσχετο
3224 3498 3333 3568 γὰρ
3383 3498 3601 3553 αἰνέσαι

2019 3594 2111 3645 τὸν
2138 3592 2438 3663 εὐεργέτην
2470 3592 2623 3648 Θεόν.

2092 3777 2213 3829 Ὅτι
2243 3776 2476 3844 ἐρῤύσω
2497 3775 2614 3845 τὴν
2636 3778 2851 3847 ψυχήν
2882 3794 3002 3847 μου
3036 3776 3107 3830 ἐκ
3198 3775 3481 3830 θανάτου.
3529 3803 3600 3817 -—

2025 3867 2146 3936 Τὴν
2168 3870 2381 3940 ψυχήν
2422 3888 2567 3939 μου,
2616 3870 2737 3923 ἀντὶ
2777 3871 2871 3924 τοῦ
2934 3868 3088 3940 Ἐμὲ,
3120 3870 3597 3940 περιφραστικῶῖ.

2019 3958 2081 4010 Εἰ
2101 3957 2158 4009 δὲ
2185 3959 2280 4010 καὶ
2300 3958 2398 4029 τὴν
2428 3958 2609 4029 ψυχὴν
2638 3958 2809 4029 αὐτὴν
2855 3958 3034 4022 θέλεις
3088 3959 3304 4029 νοῆσαι,
3363 3957 3599 4013 θάνατον

2018 4050 2269 4115 καλέσεις
2297 4051 2395 4123 τὴν
2423 4051 2723 4122 ἁμαρτίαν,
2749 4053 2823 4115 ώς
2855 4052 3036 4106 αἰτίαν
3056 4052 3287 4106 θανάτου
3309 4054 3599 4124 καταρχὰς

2018 4143 2323 4214 γενομένην
2347 4142 2426 4214 τῷ
2448 4144 2887 4216 πρωτοπλάστῳ.

2092 4234 2244 4301 Τοὺς
2277 4236 2629 4306 ὀφθαλμούς
2652 4255 2772 4307 μου
2796 4237 2915 4293 ἀπὸ
2941 4237 3236 4307 δακρύων,
3289 4240 3387 4293 καί
3452 4239 3600 4305 τοὺς

2022 4325 2214 4393 πόδας
2245 4344 2366 4396 μου
2392 4326 2511 4381 ἀπὸ
2535 4326 2965 4396 ὀλισθήματος.
3011 4327 3316 4399 Ὀλίσθημα
3366 4326 3479 4379 νόει
3506 4344 3601 4397 μοι

2020 4417 2112 4470 τὸν
2139 4419 2414 4488 κρημνὸν,
2445 4418 2477 4489 ἢ
2507 4418 2607 4490 τὴν
2632 4419 2869 4486 παγίδα·
2921 4418 3114 4489 ῶσπερ
3158 4422 3253 4473 καὶ
3294 4418 3483 4485 πόδας,
3547 4419 3599 4471 εἰ

2021 4509 2222 4580 βούλει,
2255 4510 2354 4582 τὴν
2378 4512 2608 4583 πορείαν
2641 4511 2734 4564 τοῦ
2762 4511 2904 4582 βίου.

2091 4603 2499 4672 Εὐαρεστήσω
2531 4603 2787 4658 ἐνώπιον
2801 4604 3047 4672 Κυρίου,
3072 4603 3143 4657 ἐν
3171 4603 3313 4672 φωτί
3344 4602 3597 4663 ζώντων.

332 4697 517 4765 primo
587 4695 1138 4751 animadvertendum
1197 4694 1473 4761 ducimus,
1544 4697 1690 4765 quod
1728 4696 1916 4751 Graeca

2037 4696 2310 4767 Εὑάρεστα
2336 4696 2547 4766 πράξω,
2572 4695 2674 4758 ἕως
2710 4696 2777 4750 ἂν
2802 4696 2864 4749 τὸ
2905 4697 3025 4766 φῶς
3058 4696 3217 4748 τοῦτο
3272 4695 3476 4763 βλέπω,
3533 4695 3597 4747 τὸ

338 4786 507 4841 dictio
557 4788 915 4858 εὐαρεστήσω
942 4802 1053 4841 non
1105 4786 1283 4842 solum
1343 4785 1619 4856 signiﬁcat
1680 4786 1916 4856 placebo,

2037 4790 2215 4856 paivov
2248 4791 2360 4852 τοῖς
2385 4788 2540 4851 ζῶσι.
2571 4787 2728 4842 Μετὰ
2748 4788 2857 4858 γὰρ
2922 4788 3173 4849 θάνατον,
3235 4786 3595 4856 εὐαρέστησις

330 4879 436 4935 sed
470 4880 634 4935 etiam
666 4889 878 4951 gratum
932 4878 1173 4951 faciam].
1224 4876 1390 4933 Juxta
1450 4892 1610 4948 quem
1665 4893 1916 4945 sensum,

2037 4877 2121 4930 ιύκ
2151 4876 2289 4931 ἔστι.
2318 4876 2426 4929 Καὶ
2453 4875 2653 4940 ἄλλως,
2715 4876 2832 4946 φῶς
2867 4874 3089 4939 ζώντων
3120 4875 3267 4926 ἐστὶν
3294 4873 3351 4923 αἰ
3380 4870 3597 4923 ἐντολαὶ

324 4968 473 5038 Quae
508 4971 640 5036 Deo,
671 4972 873 5043 inquit,
896 4982 1051 5044 grata
1085 4981 1234 5037 sunt,
1267 4971 1485 5035 iaciam,
1521 4971 1700 5027 donec
1738 4972 1915 5027 lucem

2037 4971 2113 5025 τοῦ
2142 4970 2302 5024 Θεοῦο
2347 4970 2644 5038 Ἡὲντολὴ
2666 4971 2797 5039 γὰρ,
2830 4970 2986 5039 φησὶ,
3006 4967 3232 5035 Κυρίου
3248 4963 3589 5033 τηλαυγὴς,

340 5069 485 5120 banc
520 5066 697 5131 video,
731 5081 855 5136 qum
904 5065 1216 5119 viventibus
1264 5064 1433 5119 lucet.
1464 5063 1599 5118 Nam
1627 5073 1915 5135 postmer-

2037 5062 2353 5124 σωτίζουσα
2407 5062 2791 5132 ὀφθαλμούς·
2841 5066 2956 5127 καὶ,
2990 5062 3230 5128 Λύχνος
3284 5057 3409 5122 τοῖς
3443 5054 3595 5108 ποσί

337 5166 447 5212 tem
483 5159 697 5212 nullum
729 5158 833 5212 erit
895 5155 1130 5225 amplius
1172 5156 1515 5224 gratiﬁcandi
1567 5166 1805 5227 tempus.
1848 5158 1915 5214 Et

2037 5174 2132 5211 ιου
2184 5161 2215 5210 d
2248 5156 2433 5226 νόμος
2499 5169 2619 5208 σου
2661 5171 2675 5185 ·
2713 5155 2769 5225 ἢ,
2823 5154 3135 5224 Εὐάρεστος
3164 5149 3477 5221 ὀφθήσομαι
3533 5149 3594 5200 ὲν

341 5250 524 5313 aliter,
577 5265 675 5320 per
717 5248 1037 5324 viventium,
1062 5247 1266 5313 lucem,
1298 5247 1553 5302 mandata
1586 5249 1677 5304 Dei
1715 5251 1916 5305 intelli-

2037 5250 2109 5322 τῷ
2135 5248 2337 5319 αἰωνίῳ
2352 5247 2491 5317 φωτὶ
2514 5247 2621 5300 τῶν
2651 5247 2740 5301 ἀεὶ
2753 5247 2996 5311 ζώντων.

339 5342 436 5410 git.
496 5341 829 5407 Pra'ceptum
917 5339 1063 5394 enim
1125 5337 1365 5406 Domini,
1433 5340 1631 5410 inquit,
1700 5341 1932 5397 lucidum
1980 5343 2289 5398 illuminans
2349 5340 2547 5394 oculos.
2623 5339 2775 5406 Item,
2825 5338 3098 5411 ~Lucerna
3152 5337 3370 5409 pedibus
3464 5333 3596 5387 meis

337 5435 547 5488 verbum
608 5434 920 5499 tuum;ve|,
952 5433 1153 5489 Gratus
1195 5441 1359 5502 atque
1388 5441 1649 5503 acceptus
1710 5437 1985 5503 apparebo
2058 5439 2111 5491 in
2159 5444 2361 5492 aeterna
2413 5433 2631 5489 illorum
2678 5435 2822 5500 luce,
2886 5426 2999 5504 qui
3047 5438 3310 5502 perpetuo
3391 5428 3595 5483 victuri

338 5530 487 5575 sunt.

405 5699 451 5731 ⁸⁷
476 5699 624 5756 Psal.
671 5716 755 5766 xc,
784 5700 877 5756 15.
