4020 6218
350 377 459 444 593

1520 378 1668 438 CO‘M
1679 376 1911 438 MENT.
1953 374 2034 436 IN
2074 376 2210 437 PSA
2220 377 2437 440 LMOS.

3500 377 3607 441 ἷιςῗί

346 489 451 556 Εἰς
483 489 551 543 τὸ
585 489 784 555 τέλος,
821 489 908 560 μὴ
933 489 1304 560 διαφθείρῃς,
1345 487 1424 554 τῷ
1445 489 1623 543 Δαϐὶδ
1657 491 1745 554 εις
1777 503 1925 552 στη-

2048 487 2097 540 in
2142 490 2300 557 ﬁnem
2355 507 2420 546 ne
2478 507 2787 564 corrumpas
2843 495 2946 560 ipsi
3001 494 3172 549 David
3219 496 3273 548 in
3325 491 3615 548 tituli-in-

419 583 782 652 .lorpagpiar,
836 585 908 637 ἐν
947 582 1027 648 τῷ
1066 584 1258 638 αὐτὸν
1284 582 1761 652 ἀποδιδράσκειν
1801 580 1923 638 ἀπὸ

419 672 748 743 προσώπου
794 673 998 728 Σαοὺλ
1049 677 1137 739 εις
1166 673 1234 727 τὸ
1257 673 1590 742 σπήλαιον.

909 767 1204 821 ΨΑΔΜΟΣ
1227 764 1373 834 NQ”.

417 859 529 914 Καὶ
553 859 615 913 τὸ
639 859 698 912 ἐν
732 857 810 928 τῷ
829 857 1082 928 σπηλαίῳ
1110 858 1210 928 τῆς
1247 859 1458 929 ἐρήμου
1488 857 1649 912 Γαδδὶ
1677 857 1925 911 κίνδυνον

353 952 672 1024 παραδόξως
728 950 1034 1021 διαφυγὼν,
1092 952 1182 1005 ὅτε
1245 951 1700 1022 ἐγκεκρυμμένου
1754 947 1922 1004 αὑτοῦ

301 1072 318 1084 ν
351 1049 642 1120 ἐπεισῆλθε
675 1047 873 1113 Σαοὺλ,
901 1049 997 1102 καὶ
1020 1038 1389 1119 ἐνηυλὶσατοί
1417 1048 1606 1112 καθὼς
1659 1048 1924 1116 προειρήο

351 1159 550 1211 καμεν,
583 1141 674 1194 τὸν
706 1139 924 1210 ψαλμὸν
941 1139 1132 1194 τοῦτον
1159 1139 1440 1205 συνέταξε,
1489 1141 1585 1193 καὶ
1613 1139 1815 1210 ὁμοίως
1866 1140 1923 1193 δὲ

349 1233 425 1300 τῷ
457 1231 565 1302 πρὸ
593 1230 762 1285 αὑτοῦ
791 1233 894 1298 Εἰς
956 1232 1418 1300 στηλογγωφίαν
1472 1231 1807 1302 ἐπέγραψεν,
1853 1230 1922 1284 δι’

349 1324 417 1394 ἢν
441 1324 624 1377 αἱτὲαν
653 1325 958 1396 εἰρήκαμεν
980 1342 994 1355 ·
1023 1328 1129 1390 Εἰς
1148 1324 1215 1378 τὸ
1237 1324 1416 1392 τέλος
1445 1325 1501 1379 δέ
1522 1318 1700 1391 οὗτος,
1728 1325 1804 1388 ὡς
1823 1325 1923 1378 ἐπ-

349 1417 636 1486 ειγόμενος
661 1416 739 1477 εἰς
763 1415 917 1478 τέλος
956 1416 1066 1469 τῶν
1094 1417 1152 1469 ἐν
1184 1417 1358 1488 τούτῳ
1399 1417 1532 1487 περὶ
1565 1418 1666 1487 τῆς
1694 1418 1924 1486 Ἐκκλη-

353 1507 473 1568 eis;
491 1505 602 1558 τῶν
625 1505 794 1559 ἐθνῶν
813 1507 1302 1576 προφητευθέντων
1320 1524 1334 1540 ο
1367 1507 1428 1560 τὸ
1457 1509 1514 1562 δὲ
1533 1511 1587 1562 Μ
1595 1508 1628 1576 ὴ
1655 1509 1922 1579 διαφθεί-

341 1617 479 1670 ρῃς,
514 1596 624 1668 ἰδίᾳ
649 1599 746 1651 καὶ
771 1599 897 1652 καθ’
922 1599 1118 1653 ἐαυτὸν
1149 1600 1530 1666 ἀναγνωστέον
1549 1619 1562 1633 ο
1596 1603 1654 1655 ἐν
1681 1606 1747 1674 τῇ
1768 1605 1925 1658 νυκτὶ

350 1689 459 1760 γὰρ
489 1689 675 1760 ἐκείνῃ
709 1690 1042 1760 κοιμωμένῳ
1063 1690 1142 1760 τῷ
1175 1690 1352 1744 Σαοὺλ
1386 1691 1630 1746 ἐπελθὼν
1662 1692 1920 1764 ξιφήρης,

2100 583 2442 650 scriptionem
2513 601 2632 640 cum
2696 588 2898 658 [ngeret
2945 605 2976 642 a
3028 587 3166 656 facie
3221 585 3353 641 Saul
3401 587 3456 640 in
3501 598 3615 651 spe-

2099 679 2332 730 luttcam.

2527 771 2806 831 PSALMU
2821 775 2857 828 S
2915 772 3049 830 LVI;

2098 861 2378 919 Psalmum
2407 864 2554 918 hunc
2585 867 2915 936 conscripsit
2979 867 3172 922 beatus
3241 861 3430 924 David.
3485 873 3610 913 cum

2032 963 2227 1023 praeter
2259 969 2478 1010 omnem
2509 967 2662 1025 spem
2709 958 3013 1026 periculum
3092 954 3398 1026 effugisset,
3463 949 3610 1020 quod

2031 1047 2377 1102 sustinuerat
2394 1047 2447 1102 in
2471 1049 2732 1119 spelunca
2758 1049 3100 1122 desertiIGad
3129 1067 3142 1104 :
3166 1047 3383 1120 quando
3400 1043 3612 1100 scilicet

2033 1139 2157 1210 ipso
2190 1138 2302 1194 illic
2343 1139 2612 1208 latitante,
2641 1141 2924 1209 ingressus
2959 1141 3124 1196 etiam
3147 1156 3212 1195 eo
3241 1148 3319 1194 est
3357 1135 3512 1196 Saul,
3553 1142 3611 1188 et

2032 1232 2402 1301 pernoctavit,
2437 1243 2495 1287 ut
2551 1233 2930 1303 praediximus.
2974 1231 3297 1288 Inscribitur
3323 1230 3488 1284 etiam
3521 1225 3610 1280 hic

2031 1333 2092 1380 ut
2149 1325 2398 1394 proxime
2451 1325 2786 1395 praecedens,
2856 1324 2922 1379 In
2992 1325 3136 1377 tituli
3193 1323 3607 1394 inscriptionem,

2031 1417 2219 1474 eadem
2254 1417 2513 1472 nimirum
2544 1419 2780 1482 ratione,
2835 1433 2999 1488 quam
3035 1418 3110 1474 ibi
3133 1417 3400 1472 diximus.
3475 1414 3607 1466 Item

2030 1511 2083 1564 in
2116 1510 2298 1577 ﬁnem,
2333 1509 2462 1580 quia
2493 1511 2559 1565 ad
2594 1509 2754 1584 linem
2813 1525 3004 1565 eorum
3050 1510 3329 1574 tendebat,
3382 1524 3502 1578 qua:
3543 1507 3612 1561 de

2032 1602 2276 1672 gentium
2314 1601 2558 1658 Ecclesia
2593 1603 2647 1656 in
2674 1617 2740 1658 eo
2767 1587 3164 1672 praedicuntur.
3204 1602 3264 1655 Et
3303 1601 3444 1668 quod
3473 1599 3609 1667 legi-

2034 1711 2192 1750 mus:
2234 1695 2317 1750 Ne
2349 1713 2689 1766 corrumpas,
2723 1712 2818 1751 seu
2863 1693 2947 1767 [ut
2985 1694 3146 1749 aliter
3195 1693 3392 1762 exponi
3435 1698 3612 1759 potest

351 1779 510 1834 τοῦτο
535 1781 594 1834 τὸ
630 1781 935 1852 πρόσρημσ.
956 1783 1279 1854 κατεπᾴδων
1303 1783 1482 1853 ἐαυτῷ
1515 1784 1927 1855 συνεχέστερον,

2048 1787 2218 1844 Ξιωοιι
2250 1787 2439 1860 dictio]
2493 1789 2568 1859 μὴ
2600 1788 2942 1858 διαφθείρῃς,
2975 1803 3037 1840 ne
3058 1787 3271 1855 perdas,
3305 1799 3399 1854 per
3425 1797 3484 1836 se
3503 1781 3613 1850 pri-

351 1871 662 1926 κατέστειλε
697 1873 790 1926 τὸν
825 1873 1018 1944 θυμὸν,
1049 1875 1148 1928 καὶ
1171 1876 1272 1929 οὐκ
1319 1876 1535 1930 ἀνεῖλεν
1557 1875 1742 1930 αὐτόν.
1768 1876 1932 1931 Ὅθεν

350 1964 558 2035 ἔγραψε
591 1967 870 2020 καὶτοῦτο
904 1983 918 1998 ·
961 1967 1077 2038 ἅμα
1110 1969 1232 2038 μὲν.
1265 1967 1557 2033 διδάσκων,
1603 1968 1723 2031 πῶς
1767 1970 1931 2034 αὐτὸς

348 2058 653 2126 ἐκράτησεν
673 2059 768 2112 τοῦ
787 2058 963 2129 θυμοῦ
1002 2076 1016 2089 ·
1041 2060 1157 2128 ἅμα
1183 2060 1262 2124 δὲ,
1294 2061 1391 2115 καὶ
1450 2061 1735 2132 παραινῶν
1769 2064 1934 2118 παντὶ

353 2149 429 2220 μὴ
463 2149 806 2221 διαφθείρειν
832 2151 933 2219 τὴν
958 2152 1337 2216 ἀνεξικακίαν.
1359 2153 1480 2224 Χρὴ
1506 2153 1565 2206 δὲ
1613 2153 1928 2222 γινώσκειν,

346 2242 430 2294 ὄτι
462 2241 652 2296 τοῦτον
682 2242 781 2312 μὲν
805 2243 895 2295 τὸν
924 2243 1141 2312 ψαλμὸν
1175 2243 1410 2310 ἐξελθὼν
1476 2244 1585 2298 ἀπὸ
1633 2245 1728 2299 τοῦ
1791 2263 1931 2316 σπη-

2039 1879 2206 1933 vatim
2243 1879 2533 1951 legendum
2576 1890 2683 1936 est.
2714 1880 2788 1933 Ea
2825 1881 2968 1934 enim
2995 1885 3158 1933 nocte
3180 1878 3378 1930 beatus
3439 1873 3610 1928 David

2037 1985 2162 2024 cum
2195 1971 2376 2040 gladio
2415 1971 2495 2024 ira
2526 1981 2838 2027 commotus
2896 1985 3059 2040 supra
3097 1968 3320 2023 Saulem
3373 1965 3610 2021 astabat.

2034 2060 2234 2118 Verum
2287 2062 2600 2131 lmjusmodi
2639 2063 2802 2116 verba
2853 2061 3050 2116 crebro
3094 2075 3325 2121 canens,
3377 2056 3612 2110 furorem

2030 2163 2198 2224 atque
2225 2155 2362 2208 iram
2399 2171 2617 2210 omnem
2671 2155 2956 2224 repressit,
3009 2164 3058 2209 et
3109 2153 3335 2207 inimico
3383 2161 3616 2219 parcens

2029 2259 2139 2299 non
2200 2244 2501 2299 intercurrit.
2575 2243 2900 2313 Hujusmodi
2981 2243 3145 2313 igitur
3202 2241 3364 2295 verba
3448 2240 3614 2296 etiam

349 2333 504 2387 λαιου
534 2335 880 2404 συνέγραψεν
906 2351 919 2365 ·
947 2334 1038 2388 τὸν
1060 2335 1116 2389 δὲ
1158 2341 1286 2405 ρμα¹
1312 2335 1393 2389 ἔτι
1421 2336 1558 2390 ἐνὼν
1613 2338 1767 2410 αὐτῷ
1829 2339 1926 2392 καὶ

2048 2336 2240 2390 »εαιιιιο
2298 2337 2607 2406 inscripsit,
2661 2336 2871 2391 docens
2952 2333 3232 2404 quomodo
3298 2333 3414 2401 ipse
3472 2329 3612 2383 iram

349 2425 620 2494 ἀγωνιῶν,
656 2425 732 2488 ὡς
760 2425 860 2497 ἤδη
895 2425 1419 2496 συγκεκλεισμένος.

2025 2428 2391 2499 superaverit,
2425 2436 2479 2484 et
2504 2430 2808 2484 admonens
2838 2428 2943 2481 hoc
2975 2437 3136 2497 pacto
3165 2433 3398 2479 exteros
3418 2435 3616 2478 omnes

348 2532 414 2571 ne
435 2525 793 2585 corrumpant
841 2533 936 2572 seu
974 2518 1226 2587 perdant,
1284 2519 1388 2572 hoc
1440 2527 1528 2574 est.
1582 2535 1652 2574 ne
1709 2520 1936 2590 abigant
1980 2520 2320 2590 patientiam.
2385 2518 2520 2574 lllud
2567 2521 2710 2576 scire
2733 2518 3288 2604 Oportetquodhunc
3344 2517 3614 2585 psalmum

352 2609 682 2679 conscripsit
711 2617 999 2680 postquam
1048 2611 1117 2666 de
1197 2610 1456 2680 spelunca
1513 2626 1769 2683 egressus
1849 2620 1933 2666 est
1964 2629 1978 2678 ;
2013 2612 2379 2668 centesimum
2415 2625 2547 2665 vero
2574 2619 2627 2666 et
2653 2609 3134 2682 quadragesimum
3181 2608 3452 2680 primum,
3489 2618 3618 2658 cunt

352 2698 528 2752 adhuc
575 2699 627 2751 iu
705 2699 968 2769 spelunca
1032 2708 1179 2754 esset
1231 2706 1398 2769 atque
1450 2699 1506 2754 in
1559 2699 1862 2769 angustiis,
1916 2711 1971 2755 et
2027 2699 2186 2772 quasi
2207 2700 2276 2754 ab
2308 2701 2548 2757 inimicis
2578 2701 2896 2757 conclusus.

433 2791 730 2857 Ἐλέησόν
761 2810 859 2862 με,
910 2794 944 2847 ὁ
968 2793 1130 2859 Θεὸς,
1172 2793 1440 2862 ἐλέησόν
1465 2810 1562 2864 με,
1582 2793 1673 2848 ὅτι
1703 2794 1801 2847 ἐπὶ
1833 2793 1932 2848 σοὶ

355 2883 640 2939 πέποιθεν
656 2884 692 2951 ἡ
725 2884 896 2954 ψυχή
932 2903 1072 2955 μου.
1110 2885 1168 2939 '0
1187 2885 1590 2955 διπλασιασμὸς
1613 2884 1708 2938 τοῦ
1726 2885 1935 2952 Ἐλέη-

356 2979 474 3029 σίν
517 2993 612 3043 με,
674 2976 774 3046 τὴν
803 2977 1060 3029 ἐπίτασιν
1091 2975 1352 3046 ἐμφαίνει
1382 2977 1482 3046 τῆς
1528 2976 1792 3046 δεήσεως.
1857 2977 1932 3029 Οὐ

359 3067 614 3132 πέποιθα,
637 3069 793 3138 φησὶ,
822 3067 910 3120 ἐπ’
931 3067 1077 3138 ἄλλῳ
1107 3068 1216 3120 τινὶ
1235 3066 1345 3120 τῶν
1375 3067 1709 3131 ἁπάντων,εξ
1740 3066 1816 3138 μὴ
1841 3067 1936 3120 ἐπὶ

360 3159 507 3228 μόνῳ
519 3159 622 3214 σοι.
649 3160 743 3212 Διὸ
765 3160 989 3232 ἐλέησόν
1025 3177 1114 3229 με,
1146 3159 1238 3213 τὸν
1267 3159 1409 3214 οὕτω
1433 3161 1928 3227 καταδιωκὸμενον.

437 3339 547 3395 Kal
573 3341 646 3395 ἐν
669 3340 743 3409 τῇ
793 3339 940 3410 σκιᾷ
958 3341 1078 3394 τῶν
1106 3342 1418 3410 πτερύγων
1440 3355 1560 3396 σου
1582 3339 1790 3407 ἐλπιῶ,
1822 3341 1933 3407 ἕως

358 3427 431 3487 οὗ
471 3430 550 3501 (9.)
585 3431 855 3499 παρέλθῃ
882 3431 919 3498 ἠ
955 3432 1195 3500 ἀνομία.
1248 3431 1415 3484 Σκιὰν
1447 3432 1739 3501 πτερύγιον
1788 3432 1937 3501 λέγει

361 3524 460 3595 τὴν
495 3523 725 3594 σκέπην,
771 3524 902 3594 περὶ
930 3517 998 3594 ἦς
1029 3524 1335 3594 εἰρήκαμεν
1388 3523 1576 3594 σαφῶς
1637 3526 1695 3576 ἐν
1747 3523 1827 3594 τῷ
1858 3529 1935 3588 ις’

360 3615 585 3685 ψαλμῷ,
625 3617 704 3679 εις
733 3617 822 3669 τό·
855 3615 959 3671 Ἐν
982 3615 1054 3684 τῇ
1084 3615 1288 3680 σκέπη
1330 3615 1449 3668 τῶν
1469 3615 1784 3684 strepver
1814 3629 1934 3670 σου

363 3708 703 3776 σκεπάσεις
716 3726 814 3779 με.
859 3708 1119 3779 ’Ᾱνομίαν
1149 3708 1244 3772 δὲ,’
1282 3708 1401 3774 Τὴν
1455 3707 1811 3775 ἐπιϐουλὴν,
1868 3707 1945 3772 ὡς

365 3803 394 3852 ὁ
437 3799 672 3863 Ἀκύλας
708 3799 998 3866 ἐξέδωκεν.
1025 3799 1221 3850 Νοοῖτο
1254 3795 1300 3850 δ’
1328 3795 1416 3860 ἂν,
1457 3794 1490 3865 ἢ
1519 3794 1670 3862 παρά
1721 3810 1780 3846 τε
1838 3792 1945 3847 τῶν

365 3891 582 3961 ὁρατῶν
620 3892 715 3944 καὶ
739 3891 992 3962 ἀοράτων
1031 3889 1266 3960 ἐχθρῶν.
1313 3887 1569 3957 Παρέλθῃ
1597 3885 1654 3939 δέ
1701 3884 1944 3948 πάντως,

367 3984 498 4037 ὅταν
528 3982 663 4053 πρὸς
688 3983 823 4036 Θεὸν
862 3981 1107 4054 ἀναλύσῃ
1134 3977 1716 4049 στεφανωθησόμενος.

2116 2792 2284 2849 Vens.
2313 2795 2364 2848 2.
2407 2794 2654 2849 Miserere
2678 2795 2800 2856 mei,
2833 2793 2994 2851 Deus.
3022 2794 3270 2847 miserere
3317 2789 3438 2852 mei,
3495 2789 3621 2857 quia

2043 2887 2098 2941 in
2119 2886 2406 2955 tecon/idit
2439 2889 2620 2940 anima
2668 2903 2804 2940 mea.
2869 2885 3141 2953 Repetitio
3207 2883 3319 2945 illa,
3377 2881 3622 2934 miserere

2044 2979 2166 3042 mei,
2189 2978 2462 3033 intentum
2495 2980 2858 3048 supplicantis
2875 2979 3117 3032 animum
3139 2977 3361 3030 indicat.
3382 2974 3443 3028 In
3467 2972 3620 3026 nullo

2043 3071 2170 3136 alio,
2230 3070 2430 3141 inquit,
2487 3072 2724 3131 confido.
2784 3071 2888 3126 nisi
2946 3071 2999 3124 in
3052 3078 3105 3124 te
3161 3069 3300 3125 solo.
3351 3065 3608 3121 Miserere

2043 3175 2178 3230 ergo
2205 3161 2337 3224 mei,
2370 3171 2658 3232 postquam
2688 3160 3006 3231 huiusmodi
3035 3157 3476 3230 persecutionem
3500 3170 3625 3209 sus-

2041 3252 2209 3306 tineo.
2653 3277 2686 3284 —
3118 3321 3126 3328 λ

2124 3343 2195 3398 Et
2233 3343 2286 3398 in
2361 3347 2552 3400 umbra
2612 3350 2825 3402 alarum
2901 3357 3114 3402 tuarum
3167 3347 3409 3416 sperabo,
3466 3346 3627 3398 donec

2047 3445 2287 3492 transeat
2305 3439 2580 3518 iniquitas.
2607 3441 2710 3496 Per
2736 3441 2986 3496 umbram
3008 3440 3214 3495 alarum
3236 3439 3352 3502 Dei,
3386 3435 3624 3491 divinam

2047 3519 2468 3596 protection‘em,
2515 3537 2680 3598 atque
2712 3528 3015 3584 custodiam
3075 3527 3349 3597 intelligit,
3401 3525 3470 3581 de
3520 3540 3626 3594 qua

2049 3616 2222 3671 multa
2255 3617 2496 3672 diximus
2543 3617 2596 3671 in
2627 3619 2840 3686 psalmo
2881 3633 2994 3681 τιν,
3032 3617 3105 3671 ibi
3147 3637 3159 3672 :
3199 3615 3260 3669 In
3307 3617 3629 3684 protectione

2049 3708 2264 3761 alarum
2297 3717 2511 3762 tuarum
2546 3719 2784 3780 protegas
2815 3725 2916 3763 me.
2951 3709 3144 3786 Aquila
3180 3715 3364 3761 autem
3406 3705 3629 3760 insidias

2048 3798 2210 3865 dixit,
2242 3801 2388 3869 quod
2423 3799 2562 3854 LXX
2597 3800 3041 3871 lticiniqnitatem
3085 3797 3466 3855 reddiderunt.
3488 3796 3629 3850 lusi-

2051 3891 2170 3947 dias
2205 3907 2334 3947 vero
2364 3907 2461 3948 eas
2487 3892 2792 3961 intelligere
2811 3909 3124 3964 possumus,
3156 3906 3296 3962 quas
3329 3889 3632 3945 invisibiles

2055 3993 2212 4047 reque
2275 3992 2438 4052 atque
2519 3983 2766 4037 visibiles
2847 3984 3141 4038 adversum
3231 3996 3334 4039 nos
3422 3978 3632 4033 inimici

369 4085 614 4129 struunt.
644 4072 882 4129 Omnino
932 4082 1115 4128 autem
1164 4081 1297 4127 tunc
1352 4068 1688 4135 transibunt,
1738 4067 1960 4139 quando
1991 4070 2236 4126 resoluto
2276 4087 2530 4144 corpore,
2570 4087 2601 4127 a
2691 4074 2800 4130 Deo
2846 4073 2972 4144 quis
3037 4073 3093 4126 in
3147 4071 3290 4128 caelo
3338 4067 3630 4126 coronabi-

373 4180 483 4224 llﬂ'.
568 4202 588 4218 ι

440 4261 816 4331 Κεκράξομαι
854 4259 1124 4329 πρὸςτὸν
1166 4256 1336 4324 Θεὸν,
1368 4255 1476 4309 τὸν
1515 4253 1804 4325 ὕψιστον,
1849 4253 1958 4308 τὸν

2129 4253 2290 4310 Vens.
2328 4257 2382 4311 5.
2423 4255 2682 4312 Clamabo
2743 4255 2818 4310 ad
2849 4257 3013 4310 Deum
3059 4255 3381 4310 altissimum
3443 4254 3630 4323 Deum,

374 4357 525 4411 Θεὸν
560 4355 669 4410 τὸν
701 4351 1192 4424 εὐεργετῆσαι-τά
1231 4367 1328 4420 με.
1391 4347 1662 4418 ’Ὕψιστον
1732 4346 1851 4416 μὲν,
1882 4345 1935 4398 da

2057 4349 2146 4419 qui
2181 4348 2430 4417 benefecit
2461 4349 2964 4406 ntihi.Altissimum
2994 4349 3248 4418 appellat,
3281 4348 3425 4418 quod
3463 4351 3634 4404 cwlos

382 4447 708 4517 ἐπουράνιον
739 4444 1218 4515 ἐὐεργετήσαντα
1275 4440 1356 4503 δὲ,
1409 4437 1484 4502 ὡς
1533 4436 1800 4511 πρότερον
1865 4451 1935 4488 κα

2062 4454 2256 4494 omnes
2305 4439 2464 4509 longe
2531 4439 2918 4495 transcendat.
2980 4438 3082 4504 Qui
3146 4437 3418 4492 benefecit
3477 4437 3634 4500 mihi,

381 4539 473 4593 νῦν
502 4538 817 4607 ἀξιώσαντα
858 4535 1134 4608 βοηθείας.

448 4717 918 4781 Ἐξαπέστειλεν
948 4715 1017 4779 ἐξ
1048 4710 1445 4788 οὐρανοῦ,καὶ
1470 4709 1668 4765 ἄσωσέ
1693 4725 1791 4778 με.
1839 4705 1958 4770 Ἐξ-

385 4811 709 4864 απέστειλεν
743 4809 977 4879 δύναμιν
1012 4807 1072 4872 ἐξ
1111 4806 1281 4875 ὕψους
1317 4821 1331 4834 ο
1365 4804 1427 4856 ού
1475 4803 1584 4872 γὰρ
1632 4799 1691 4864 ἐξ
1745 4800 1959 4870 ἀνθρω-

388 4905 547 4970 πίνης
575 4900 829 4972 βοηθείας
854 4899 1129 4971 ἐῤῥύσθην
1169 4897 1263 4949 τοῦ
1299 4898 1357 4949 ἐν
1386 4892 1753 4989 τῷτπηλαίῳ
1783 4907 1956 4962 προσ-

387 4995 700 5065 δοκωμένου
731 4990 1007 5046 κινδύνου.

448 5088 714 5144 Ἔδωκεν
767 5084 999 5147 ὄνειδος
1022 5082 1164 5148 τοὺς
1188 5078 1684 5144 καταπατοῦντάς
1708 5093 1806 5147 με.
1838 5076 1962 5131 Μα-

393 5181 577 5242 θόντες
604 5180 713 5248 γὰρ
730 5179 780 5230 οἱ
814 5177 946 5244 περὶ
984 5174 1160 5228 Σαοὺλ
1202 5171 1264 5226 τὸ
1279 5172 1524 5240 γεγονὸς,
1555 5171 1696 5239 ἄγαν
1759 5170 1963 5240 ᾐσχύν-

2063 4545 2129 4585 co
2166 4528 2312 4599 quod
2343 4538 2511 4594 antea
2534 4530 2726 4596 etiam,
2765 4531 2987 4603 dignum
3027 4544 3113 4585 me
3158 4543 3261 4584 suo
3294 4527 3485 4584 iecerit
3538 4545 3607 4583 au

1996 4651 2041 4709 υ
2067 4623 2220 4678 ιὶΙίο.

2142 4715 2307 4773 Vsus.
2333 4717 2386 4771 4.
2425 4716 2569 4771 Misit
2596 4717 2659 4772 de
2685 4719 2903 4780 ειειο,εε
2921 4717 3146 4773 saluauit
3172 4733 3271 4772 me.
3292 4716 3476 4773 Robur
3511 4718 3643 4773 miltt

2068 4825 2099 4865 e
2122 4809 2263 4865 caelo
2288 4807 2529 4864 demisit.
2560 4807 2748 4879 Neque
2778 4811 2924 4864 enim
2978 4809 3218 4864 humano
3273 4809 3479 4864 auxilio
3511 4810 3647 4863 Iibe.

2072 4910 2225 4985 ratup
2259 4915 2406 4964 sum,
2441 4901 2727 4972 cumimilti
2763 4903 2814 4955 in
2848 4901 3108 4972 spelunca
3133 4901 3433 4971 periculum
3468 4902 3646 4956 inuni-

2069 5001 2238 5049 neret.

2143 5085 2304 5141 Vens.
2340 5088 2392 5152 5,
2425 5087 2489 5140 6.
2516 5085 2677 5140 Dedit
2705 5085 2760 5136 in
2780 5083 3120 5151 opprobrium
3155 5081 3518 5136 conculcantes
3543 5096 3641 5132 me.

2074 5177 2210 5244 Quia
2240 5193 2366 5232 cum
2420 5175 2549 5232 Saul
2582 5185 2637 5232 et
2677 5175 2905 5229 comites
2964 5174 3084 5243 ejus
3139 5173 3438 5225 rescissem
3497 5167 3642 5238 quod

394 5273 688 5349 θησαν,,ὠς
717 5267 1026 5339 τηλικαῦτα
1047 5265 1372 5336 σφαλέντες,
1422 5265 1516 5318 καὶ
1565 5264 1935 5332 καταγέλαστε

2073 5276 2284 5337 gestum
2319 5266 2511 5330 fuerat,
2545 5282 2739 5337 magna
2767 5282 2827 5321 se
2869 5261 3165 5334 ignominia
3214 5259 3438 5313 allectos
3489 5265 3647 5325 puta-

397 5348 668 5433 δόξαντες.
703 5363 769 5417 Τί
792 5363 849 5416 δέ
885 5362 1004 5414 ἐστι
1033 5361 1094 5413 τὸ
1118 5360 1479 5423 καταπατεῖν,
1509 5358 1726 5428 εἴρηται
1779 5357 1838 5407 ἐν
1886 5355 1935 5408 τι

2077 5365 2223 5422 runt,
2250 5372 2315 5411 eo
2335 5355 2477 5426 quod
2510 5366 2721 5410 tantam
2751 5356 2826 5409 rei
2853 5355 2992 5408 bene
3017 5350 3268 5424 gerendae
3297 5348 3645 5402 occasionem

399 5463 500 5534 πρὸ
527 5460 720 5514 τούτου
768 5454 992 5527 ψαλμῷ.
1021 5489 1030 5500 ι

2078 5448 2420 5510 amisissent,
2486 5449 2627 5502 unde
2670 5446 2888 5501 ridiculi
2935 5457 3163 5514 prorsus
3202 5447 3644 5494 recenserentur.

2080 5539 2223 5604 Quid
2245 5550 2429 5597 autem
2463 5541 2530 5596 sit
2557 5539 2901 5601 conculcare,
2957 5534 3198 5589 diximus
3275 5531 3328 5586 in
3381 5529 3646 5600 superiori

2080 5630 2312 5700 psalmo.

1732 5719 1930 5786 Variae
1962 5719 2276 5787 lectiones

475 5825 550 5899 (‘2)
582 5826 665 5882 Al.
694 5825 972 5895 παρέλθει,
1005 5830 1136 5879 utet
1169 5823 1329 5894 paulo
1372 5820 1617 5877 inferius.
