4020 6218
293 337 402 403 595

282 501 290 508 .
369 454 516 509 Misit
561 451 817 505 Dominus
841 447 1326 502 inmisericordiam
1371 463 1526 500 suam
1584 456 1631 498 et
1689 447 1881 500 verita-
1912 444 1960 505 Α

298 558 402 604 tem
433 565 610 612 suam,
629 555 676 599 et
706 543 898 612 eripuit
926 541 1163 595 animam
1222 557 1389 604 meam
1418 539 1481 593 de
1528 540 1698 594 medio
1737 547 1885 592 catu-

303 643 474 696 lorum
509 639 740 694 leonum.
793 635 928 689 Cum
998 635 1257 704 superius
1311 632 1637 703 simpliciter
1689 630 1887 688 dixerit

298 735 468 789 Deum
525 731 763 794 misisse,
829 743 981 783 nunc
1047 726 1198 782 addit
1255 725 1385 795 quid
1467 724 1698 779 miserit.
1749 724 1885 778 Illud

298 837 480 883 autem
546 821 1096 878 animadvertendum
1159 820 1436 886 ducimus,
1501 818 1645 888 quod
1700 817 1886 871 multis

298 924 353 975 iu
382 918 519 973 locis
577 915 854 984 Propheta
901 929 998 983 per
1028 913 1344 977 veritatem,
1375 911 1650 980 iustitiam
1683 909 1886 965 intelli-

297 1013 397 1080 git,
429 1021 490 1066 ut
528 1011 637 1065 hic.
667 1009 745 1064 Ex
786 1009 1015 1064 veritate
1053 1006 1201 1061 enim
1242 1003 1674 1075 deprehenditur
1724 1002 1888 1071 justi-

303 1107 396 1160 tia.
493 1103 643 1159 Misit
705 1102 848 1156 Deus
912 1101 1080 1170 igitur
1147 1096 1609 1161 misericordiam,
1671 1103 1731 1150 ut
1781 1093 1883 1150 mei

300 1197 705 1253 misereretur:
741 1197 897 1260 item,
935 1203 986 1248 et
1011 1192 1276 1263 iustitiam
1318 1197 1375 1244 ut
1398 1205 1492 1244 eos
1548 1187 1886 1244 condemna-

301 1297 406 1354 ret,
435 1289 529 1358 qui
563 1286 694 1340 mibi
743 1284 1000 1354 iniuriam
1063 1281 1390 1335 intulerunt.
1446 1277 1678 1333 Catulos
1702 1285 1884 1329 autent

300 1379 495 1442 leonis,
535 1379 686 1448 ipsos
716 1375 953 1446 appellat
999 1374 1230 1428 comites
1261 1372 1482 1436 Saulis;
1516 1370 1645 1440 quia
1686 1369 1886 1424 robore

300 1487 365 1528 ac
413 1472 628 1526 viribus
681 1467 1040 1537 praestabant,
1067 1467 1278 1534 lerique
1332 1471 1511 1526 erant,
1549 1479 1612 1518 ac
1661 1462 1887 1528 sangui-

298 1567 466 1628 narii,
531 1561 846 1634 cuiusmodi
923 1569 1052 1616 sunt
1099 1559 1348 1614 leonum
1399 1557 1590 1611 catuli.
1651 1556 1887 1611 Possunt

300 1659 467 1714 etiam
525 1658 642 1712 haec
673 1655 837 1711 verba
875 1653 1128 1722 intelligi,
1167 1661 1223 1706 ut
1244 1652 1392 1706 dicta
1422 1651 1532 1706 sint
1561 1665 1624 1704 ex
1645 1663 1883 1719 persona

302 1750 726 1817 Ecclesite,qu:e
761 1747 884 1802 lazta
907 1754 1068 1800 eanct
1103 1763 1116 1804 :
1151 1741 1492 1799 Patermisit
1521 1742 1745 1806 Filium,
1789 1741 1882 1810 qui

299 1857 390 1898 me
425 1841 540 1912 jam
563 1855 704 1911 pene
755 1819 1026 1910 perditam
1063 1835 1295 1892 satvavit
1335 1851 1350 1900 ;
1397 1843 1450 1890 et
1505 1831 1658 1887 dedit
1705 1832 1893 1900 inop-

304 1935 588 2004 prohrium
620 1935 901 1988 daemones
929 1931 1062 1986 olim
1095 1929 1489 1986 conculcantes
1511 1941 1618 1980 me.
1656 1924 1758 1979 Per
1787 1924 1893 1979 mi-

304 2025 668 2081 sericordiam
732 2040 889 2091 vero,
939 2031 992 2078 et
1042 2023 1328 2077 veritatem
1369 2014 1895 2074 consubstantialem

303 2116 501 2183 Eilium
557 2117 820 2188 intellige.
879 2115 1134 2186 Miser-tus
1196 2112 1342 2167 enim
1407 2108 1585 2165 nostri
1627 2117 1732 2170 est,
1771 2122 1896 2162 cum

306 2208 506 2278 perditi
538 2224 789 2266 essemus
835 2225 848 2263 :
881 2217 934 2262 et
963 2214 1247 2274 assumpta
1285 2204 1526 2257 humana
1558 2207 1763 2255 natura
1787 2213 1890 2253 no-

302 2313 444 2366 stra,
469 2301 608 2356 dixit
640 2319 653 2355 :
687 2299 799 2371 Ego
819 2317 940 2355 sum
959 2301 1152 2353 veritas
1176 2297 1220 2328 “‘
1253 2313 1266 2361 ;
1296 2294 1565 2364 quietiam
1595 2289 1903 2361 aliquando

298 2395 518 2458 iustitia
547 2393 874 2463 appellatur.
913 2389 1034 2458 Ipse
1067 2390 1236 2448 enim.
1266 2386 1530 2455 utinq-uit
1569 2383 1887 2454 Apostolus,

1497 325 1887 388 EUTIIYMII
1923 322 2293 386 ZlGABENI

3469 309 3573 374 596

2072 444 2541 510 Ὲξαπέστειλεν
2573 443 2604 494 ό
2636 438 2779 504 Θεὸς
2797 437 2862 492 rd
2890 437 3067 502 ἔλεος
3095 431 3304 496 αὐτοῦ,
3330 429 3426 484 καὶ
3459 427 3574 497 τὴν

1990 536 2283 604 ἀλήθειαν
2312 533 2526 595 αὐτοῦ,
2559 533 2655 588 καὶ
2696 531 2992 600 ἑρῤὐσατο
3025 527 3142 594 τὴν
3196 523 3411 595 ψυχήν
3453 539 3572 592 μου

1988 629 2056 682 ἐκ
2079 627 2276 696 μέσον
2301 623 2803 695 σκύμνων.Ε1πὼν
2823 621 3066 693 πρῶτον,
3085 619 3167 671 ὅτι
3186 614 3573 681 ἐξαπέστειλεν

1991 722 2200 784 ἁπλῶς,
2235 721 2486 791 ἐπήγαγε
2513 718 2610 771 καὶ
2639 717 2762 770 τίνα
2782 713 3100 770 ἀπέστειλε.
3135 708 3574 781 Παρατηρητέον

1988 816 2046 870 δὲ
2081 817 2164 868 ὅτι
2199 816 2258 868 ὲν
2303 813 2520 875 πολλοῖς
2551 811 2814 882 ἀλήθειαν
2844 807 3017 877 αὐτὴν
3049 803 3403 872 δικαιοσύνην
3452 801 3576 854 ὀνο-

1993 909 2178 977 μάζει,
2230 904 2413 970 καθὼς
2447 907 2541 958 καὶ
2589 903 2705 958 νῦν.
2770 901 2916 955 Διότι
2975 899 3068 952 καὶ
3107 896 3168 961 ἐξ
3224 893 3509 966 ἀληθεία-ς.
3543 893 3578 958 ἡ

1988 999 2306 1068 δικαιοσύνη
2369 994 2880 1066 καταλαμϐάνεται.
2944 987 3360 1054 Ἐξαπέστειλεν
3391 983 3486 1038 οὖν
3515 981 3577 1034 τδ

1992 1089 2141 1152 ἔλεος
2161 1087 2283 1158 μὲν,
2301 1087 2389 1141 ἵνα
2406 1087 2606 1157 ἐλεήσῃ
2631 1102 2699 1155 με
2721 1101 2734 1116 ο
2759 1083 2859 1155 τὴν
2889 1080 3242 1149 δικαιοσύνην
3269 1078 3352 1142 δὲ,
3371 1077 3458 1128 ἵνα
3481 1091 3582 1128 κα-

1981 1181 2256 1253 ’ταδικάσῃ
2272 1181 2397 1244 τοὺς
2421 1178 2745 1244 ἀδικοῦντάς
2773 1195 2862 1249 με.
2895 1177 3004 1230 Σκύ
3016 1192 3179 1240 μνους
3205 1174 3260 1227 δὲ
3281 1171 3430 1239 λέγει
3454 1170 3580 1231 τοὺς

1992 1277 2124 1346 περὶ
2151 1275 2344 1342 Σαοὺλ,
2369 1275 2444 1338 ὡς
2469 1277 2526 1329 ὲν
2552 1276 2703 1346 ἀκμῇ
2732 1274 3043 1341 δυνάμεως,
3083 1268 3178 1325 καὶ
3218 1269 3293 1331 ὡς
3349 1265 3583 1336 ἀπηνεῖς

1991 1373 2086 1425 καὶ
2119 1370 2402 1439 φονικοὺς.
2431 1368 2679 1422 Τοιοῦτον.
2705 1366 2838 1435 .γὰρ
2861 1368 2910 1418 οἱ
2945 1363 3183 1433 σκύμνοι
3218 1361 3312 1414 τοῦ
3345 1361 3581 1418 λέοντος.

1990 1464 2213 1517 Νοείται
2246 1463 2326 1527 δὲ,
2349 1463 2444 1516 καὶ
2472 1459 2752 1533 προσώπῳ
2791 1462 2892 1530 τῆς
2934 1456 3264 1526 Ἐκκλησῖας
3333 1454 3439 1506 τῶν
3489 1467 3584 1505 πι-

1993 1558 2136 1611 στῶν
2179 1556 2208 1609 6
2237 1557 2419 1626 λόγος,
2455 1554 2540 1608 ὅτι
2580 1553 2641 1607 Ὀ
2671 1551 2864 1622 Πατὴρ
2891 1546 3278 1616 ἐξαπέστειλεν
3308 1545 3400 1598 τὸν
3431 1543 3583 1607 Υῑὸν,

1993 1650 2092 1704 καὶ
2135 1649 2312 1704 ἔσωσὲ
2354 1667 2420 1719 με
2447 1649 2548 1718 τὴν
2573 1645 2947 1700 ἀπολωλυῖαν.
2967 1643 3217 1697 Ἔδωκεν
3249 1642 3329 1702 εἰς
3357 1635 3585 1700 ὄνειδος,

1995 1745 2128 1807 τοὺς
2159 1744 2292 1814 πρὶν
2340 1740 2800 1803 καταπατοῦντάς
2846 1755 2914 1809 με
2949 1737 3236 1807 δαίμονας.
3270 1733 3463 1794 Ἔλεος
3528 1731 3588 1783 δὲ

1999 1835 2255 1901 ὲνούσιον,
2279 1837 2376 1889 καὶ
2397 1834 2654 1905 ἀλήθεια,
2683 1834 2711 1886 ὁ
2739 1831 2867 1896 Υἱὸς
2890 1849 2901 1862 ο
2940 1830 3174 1900 ἐλεήσας
3209 1826 3320 1897 γὰρ
3347 1823 3587 1877 ἀπολλυ-

1996 1929 2194 1997 μένους
2231 1929 2404 1999 ἡμᾶς,
2443 1926 2842 1998 ὲνηνθρώπησε
2875 1941 2889 1956 ο
2941 1925 3036 1978 καὶ
3092 1921 3257 1984 αὐτὸς
3311 1919 3538 1987 εἴρηκεν
3569 1932 3583 1944 ·

1992 2019 2139 2089 Ἐγώ
2159 2022 2277 2089 ειμι
2310 2022 2349 2089 ἠ
2385 2020 2661 2086 ἀλήθεια.
2695 2019 2774 2089 (5)
2806 2018 2919 2072 Καὶ
2973 2019 3006 2088 ἠ
3063 2013 3311 2087 σημασξα
3372 2011 3429 2064 δὲ
3487 2008 3591 2077 τῆς

1995 2112 2378 2184 δικαιοσύνης,
2414 2113 2489 2176 ὡς
2520 2112 2690 2184 φησὶν
2716 2113 2744 2164 ὁ
2783 2104 3422 2175 Ἀπόστολος,ὲγεννήθη
3458 2103 3594 2170 ἡμῖν

2001 2205 2168 2272 σοφία
2199 2205 2310 2260 ἀπὸ
2343 2203 2843 2274 Θεοῦ,δικαιοσύνη
2880 2220 2960 2266 τε,
2997 2202 3094 2254 καὶ
3155 2196 3456 2266 ἁγιασμὸς,
3496 2190 3594 2245 καὶ

2001 2299 2407 2368 ἀπολύτρωσις.
2433 2299 2722 2369 Σκύμνους
2750 2290 2846 2351 οὖν
2871 2291 3156 2348 κάνταῦθα
3186 2291 3298 2344 νόει
3325 2290 3452 2350 τοῖς
3474 2284 3595 2339 δαί-

2004 2406 2197 2458 μονας.

301 2485 479 2553 (actus
501 2491 578 2538 est
610 2482 758 2536 nobis
785 2481 1045 2551 sapientia
1079 2496 1111 2532 a
1143 2477 1273 2543 Deo,
1309 2487 1355 2530 et
1380 2477 1624 2545 jus-tilia,
1662 2483 1712 2528 et
1755 2474 2130 2546 sanctiﬁcatio,
2168 2494 2214 2537 et
2248 2486 2536 2551 redemptio
2560 2487 2624 2537 to.
2658 2484 2722 2538 Et
2753 2483 2907 2554 juxta
2941 2484 3084 2537 hunc
3115 2493 3340 2535 sensum
3366 2490 3466 2546 ρει-
3500 2485 3594 2529 ca.

307 2578 453 2632 tulos
489 2576 732 2636 leonum,
766 2572 917 2642 ipsos
947 2570 1224 2624 daemones
1259 2567 1520 2636 intellige.

381 2670 621 2724 Dormivi
651 2665 1022 2720 conturbatus.
1061 2663 1296 2730 Quando
1343 2661 1605 2716 nimirum
1661 2660 1792 2715 Saul
1841 2670 1896 2715 et

299 2765 542 2820 comites
606 2760 729 2830 ejus
788 2757 1022 2830 ingressi
1072 2765 1202 2812 sunt
1234 2755 1288 2810 in
1347 2755 1688 2825 speluncam.
1741 2752 1899 2809 Tunc

307 2855 454 2909 enim
505 2853 790 2924 paululum
845 2849 1208 2914 dormieham,
1243 2847 1338 2902 sed
1382 2862 1492 2917 pra:
1523 2861 1743 2900 summu
1781 2857 1900 2900 tur-

313 2947 472 3001 batus
523 2961 646 2999 sum
689 2931 956 3014 periculo,
999 2941 1146 3012 quod
1209 2939 1344 2995 mihi
1409 2939 1657 3008 undique
1720 2937 1900 2992 immi-

311 3039 500 3095 nebat.

386 3131 517 3184 Filii
555 3129 844 3193 hominum,
881 3127 1062 3180 dentes
1092 3141 1272 3179 eorum
1301 3141 1453 3177 arma
1503 3133 1551 3178 et
1581 3124 1813 3192 sagittas,
1841 3130 1890 3174 et

2087 2676 2460 2745 Ἐκοιμήθην
2485 2671 2948 2743 τεταραγμένος.
2991 2669 3120 2721 Ὅτε
3153 2665 3211 2718 ἒν
3235 2662 3315 2729 τῷ
3337 2658 3594 2730 σπηλαίῳ

2003 2768 2331 2839 ἐπεισῆλθον
2355 2768 2554 2836 οἱπερὶ
2587 2768 2677 2820 τὸν
2711 2763 2884 2818 Σαούλ
2909 2780 2923 2794 ο
2959 2757 3265 2828 ὲκοιμήθην
3283 2754 3392 2824 γὰρ
3423 2750 3594 2804 ὕπνον

2002 2862 2222 2934 μικρὸν,
2267 2861 2403 2915 ἀλλὰ
2430 2857 2862 2930 τεταραγμένον,
2894 2856 2999 2908 ὑπὸ
3025 2851 3119 2905 τοῦ
3153 2845 3592 2921 περιστοιχίσαν-

1999 2952 2090 3016 τός
2119 2970 2187 3024 με
2208 2953 2479 3007 κινδύνου.

2073 3126 2151 3184 Ὦ
2170 3129 2286 3186 υἱοὶ
2316 3128 2435 3182 τῶν
2457 3126 2805 3197 ἀνθρώπων,
2833 3129 2888 3181 οι
2906 3125 3149 3188 ὀδόντες
3175 3117 3393 3183 αὐτῶν,
3435 3117 3516 3169 ὄπ
3535 3119 3598 3167 .la

313 3222 496 3289 lingua
521 3235 702 3272 eorum
735 3217 946 3286 gladius
981 3224 1190 3268 acutus.
1244 3214 1287 3267 Ο
1321 3213 1414 3267 ﬁlii
1455 3213 1763 3275 hominum,
1815 3211 1896 3266 in-

2006 3222 2103 3276 xui
2125 3221 2287 3289 βέλη
2322 3238 2335 3249 ο
2361 3221 2459 3274 καὶ
2493 3220 2530 3287 ἡ
2564 3218 2819 3290 γλῶσσα
2852 3217 3073 3279 αὐτῶν,
3120 3212 3383 3283 μάχαιρα
3407 3207 3593 3272 ὀξεῖα·

312 3313 454 3382 quit,
489 3309 694 3364 audite.
738 3307 940 3362 Dentes
971 3306 1118 3360 enim
1139 3320 1355 3368 eorum,
1390 3306 1483 3374 qui
1519 3305 1652 3358 mihi
1689 3303 1902 3359 scilicet

317 3418 425 3457 non
458 3415 640 3463 secus,
662 3414 728 3454 ac
759 3397 888 3453 ferae
914 3397 1162 3468 quaedam
1191 3397 1545 3461 insidiantur,
1579 3406 1731 3451 arma
1752 3407 1902 3460 sunt,

316 3505 374 3550 et
417 3494 650 3565 sagittae,
704 3501 756 3547 et
801 3506 925 3561 quae
956 3499 1288 3560 sequuntur.
1321 3487 1426 3544 Per
1464 3487 1660 3544 dentes
1692 3497 1904 3553 autem,

315 3596 371 3644 et
397 3601 493 3656 per
523 3585 787 3656 linguam,
823 3598 1013 3638 eorum
1042 3597 1327 3639 sermones
1366 3581 1720 3652 signiﬁcavit,
1776 3581 1905 3650 quia

316 3678 612 3736 caluunniis
686 3685 741 3733 et
813 3675 1023 3731 dolosis
1081 3674 1414 3746 quibusdam
1470 3673 1906 3730 detractionibus

313 3775 624 3836 vulnerant,
644 3783 696 3826 et
720 3769 1012 3844 [quantum
1045 3770 1171 3824 inse
1196 3767 1302 3840 est]
1342 3768 1693 3823 interimunt.
1739 3769 1907 3821 Arma

315 3874 498 3922 autem
525 3865 615 3920 hic
640 3878 703 3920 ea
730 3880 838 3918 non
873 3862 1029 3926 dicit,
1061 3876 1185 3932 quae
1202 3858 1482 3924 servandi,
1519 3860 1614 3915 sed
1657 3874 1778 3929 qua:
1809 3859 1904 3914 la:-

317 3959 479 4014 dendi
510 3971 678 4012 causa
702 3954 1045 4010 deferuntur.

391 4050 559 4106 Vnus.
608 4047 663 4104 6.
691 4047 982 4102 Exsultare
1019 4063 1179 4115 super
1233 4046 1411 4108 stelas,
1436 4046 1598 4112 Deus,
1665 4057 1714 4101 et
1752 4062 1910 4116 super

317 4159 522 4198 onlnem
557 4153 756 4198 terram
803 4140 979 4210 gloria
1040 4149 1151 4195 tua.
1181 4138 1252 4193 Ut
1290 4139 1562 4204 sublimis,
1596 4147 1650 4194 et
1712 4153 1907 4208 super-

319 4233 569 4290 cwlestis
600 4234 668 4288 ab
718 4231 974 4286 omnibus
1009 4232 1384 4300 cognoscaris,
1421 4232 1513 4301 qui
1548 4239 1600 4284 te
1643 4225 1908 4286 hactenus

322 4342 429 4380 non
455 4333 750 4390 noverunt,
788 4333 844 4380 et
883 4323 1292 4395 magniﬁcentia
1327 4336 1418 4379 tua
1466 4341 1562 4394 per
1596 4325 1904 4379 universam

322 4418 638 4489 divulgetur
668 4429 894 4483 terram,
930 4425 1224 4488 postquam
1269 4429 1378 4472 tam
1421 4419 1739 4474 admiranda
1773 4434 1906 4489 ope-

322 4509 489 4563 raris.
526 4507 761 4574 Quidam
809 4522 1122 4562 sermonem
1182 4506 1331 4560 hunc
1376 4507 1444 4560 ad
1485 4507 1763 4563 Christum
1811 4522 1904 4562 re-

2007 3309 2080 3366 *Ω
2105 3315 2216 3366 υἱοὶ
2249 3313 2575 3383 ἀνθρώπων,
2609 3311 2882 3366 ἀκούσατε
2905 3327 2919 3341 ·
2966 3309 3016 3360 oi
3069 3306 3286 3366 ὀδόντες
3331 3301 3442 3356 τῶν
3475 3303 3594 3352 ἐπι-

2009 3405 2381 3460 δουλευόντων
2410 3422 2524 3475 μοι,
2543 3404 2701 3472 δίκην
2726 3402 2954 3473 Θηρίων,
2983 3399 3126 3453 ὅπλα
3155 3396 3251 3450 καὶ
3307 3394 3461 3464 βέλη,
3500 3390 3594 3445 καὶ

2009 3499 2076 3551 τὰ
2109 3497 2256 3566 ἑξῆς.
2293 3496 2392 3549 Διὰ
2412 3497 2470 3550 δὲ
2493 3495 2603 3548 τῶν
2637 3495 2868 3549 ὀδόντων
2895 3494 2992 3546 καὶ
3032 3492 3133 3559 τῆς
3165 3487 3434 3557 γλώττης,
3467 3484 3595 3543 τοὺς

2009 3591 2204 3659 λόγους
2233 3588 2418 3642 αὐτῶν
2443 3588 2734 3658 ἐδήλωσεν,
2755 3587 2837 3639 ὅτι
2875 3586 2998 3648 ταῖς
3024 3581 3304 3641 διαϐολαῖς
3348 3579 3442 3631 καὶ
3497 3592 3592 3628 au-

2011 3683 2234 3746 σκευαῖς
2261 3681 2371 3735 τῶν
2400 3681 2567 3735 δόλων
2592 3680 2981 3750 τιτρώσκουσι,
3025 3677 3118 3729 καὶ
3148 3675 3209 3726 τὸ
3255 3671 3344 3724 ἐπ’
3383 3670 3588 3726 αὐτοῖς.

2009 3775 2325 3846 ἀναιροῦσιν
2359 3790 2373 3805 ο
2409 3775 2551 3828 ὅπλα
2577 3774 2633 3827 δὲ
2677 3771 2796 3838 νῦν,
2827 3771 2890 3825 οὔ
2933 3770 3001 3824 τὰ
3067 3763 3403 3838 φυλακιικὰ,
3455 3758 3591 3816 ἀλλά

2009 3867 2267 3940 αἱρετικά
2290 3883 2478 3938 φησιν.

2093 4048 2382 4118 Tui-diduci
2411 4046 2508 4100 ἐπὶ
2533 4045 2675 4112 τοὺς
2703 4041 3025 4111 οὐρανοὺς,
3051 4040 3080 4092 ὁ
3111 4037 3278 4101 Θεὸς,
3333 4034 3430 4086 καὶ
3492 4030 3590 4084 ἐπὶ

2010 4141 2219 4197 πᾶσαν
2243 4141 2359 4208 τὴν
2407 4139 2526 4208 γῆν
2559 4141 2597 4207 ἢ
2637 4137 2788 4202 δόξα
2819 4150 2960 4190 σου.
2999 4131 3233 4202 ’Υψηλὸς
3289 4127 3387 4182 καὶ
3424 4129 3592 4179 Amu-

2015 4233 2198 4303 ράνιος
2223 4230 2557 4302 γνωρὶσθητι
2583 4228 2674 4282 καὶ
2705 4231 2818 4290 τοῖς
2848 4227 2923 4296 μὴ
2957 4223 3126 4276 εἰδόσι
3177 4236 3260 4284 σε,
3318 4217 3416 4272 καὶ
3463 4215 3593 4303 δρα·

2014 4329 2164 4399 μέτω
2198 4325 2292 4380 ἐπὶ
2315 4326 2497 4378 πᾶσαν
2523 4321 2623 4392 τὴν
2654 4321 2761 4390 γῆν
2793 4322 2824 4388 ἠ
2863 4315 3224 4388 μεγαλειότης
3261 4329 3377 4373 σου,
3439 4307 3509 4362 δι’
3523 4302 3595 4358 ὢν

2010 4420 2403 4493 τερατουργεῖς
2435 4416 2578 4469 οὕτω
2617 4413 2919 4484 παράδοξα.
2955 4409 3112 4472 Τινὲς
3144 4407 3201 4459 δὲ
3231 4405 3324 4457 καὶ
3341 4401 3480 4473 πρὸς
3505 4400 3594 4493 τὸν

2015 4490 2254 4585 Χριστὸν
2287 4508 2698 4578 ἀποστρέφουσι
2734 4505 2827 4557 τὸν
2875 4502 3056 4570 λόγον,
3106 4501 3190 4552 ὅτι
3234 4495 3476 4556 Τελέσας
3534 4490 3610 4582 τόΙ

322 4597 450 4652 ferri
484 4606 698 4668 putant,
764 4606 824 4651 ut
877 4599 949 4652 sit
1005 4613 1246 4653 sensus:
1297 4597 1595 4667 Postquam
1649 4599 1896 4653 incarna«

2017 4606 2319 4677 μυστήριον
2367 4603 2464 4672 τῆς
2503 4598 2994 4673 ὲνανθρωπήσεως,
3051 4591 3252 4663 ἀνέσης
3311 4587 3478 4642 πάλιν
3518 4585 3595 4645 εἰς

322 4690 488 4745 tionis
565 4689 846 4758 perfecisti
923 4691 1289 4760 mysterium,
1341 4699 1509 4744 restat
1574 4701 1634 4746 ut
1708 4708 1905 4747 rursus

327 4783 455 4838 illuc
489 4783 543 4836 in
581 4783 782 4838 emtum
837 4781 1126 4847 ascendas,
1179 4782 1322 4836 unde
1381 4780 1713 4838 descendisti
1755 4801 1768 4837 :
1805 4783 1906 4839 ho-

257 4951 276 4959 ,
323 4889 532 4944 norqu-e
561 4888 626 4929 ac
672 4873 843 4943 gloria
894 4882 984 4926 tua
1033 4888 1126 4942 per
1145 4880 1312 4928 totam
1347 4872 1765 4948 percrebrescqt
1796 4885 1903 4930 ter-

323 4982 456 5023 ram.

398 5060 564 5115 Vsus.
603 5061 658 5114 'l.
702 5059 966 5128 Laqueum
1014 5068 1334 5125 paraverunt
1364 5060 1584 5125 pedibus
1649 5061 1801 5120 uicis,
1856 5070 1904 5113 et

325 5157 732 5209 incurvauerunt
787 5151 1021 5204 animant
1078 5166 1270 5206 meam.
1326 5149 1573 5221 Laqueus
1613 5152 1909 5222 quosdam,

325 5248 527 5316 inquit.
581 5261 645 5300 ac
700 5245 909 5314 plagas,
972 5241 1105 5295 mihi
1167 5254 1458 5298 venatores
1521 5249 1907 5306 cuntexerunt,

326 5340 531 5407 quibus
562 5333 1018 5391 artiﬁciosis-sime
1037 5333 1323 5402 dispositis
1344 5334 1769 5388 huiniliavernnt
1801 5349 1907 5389 me.

331 5431 653 5501 Huiusmodi
697 5437 881 5481 autem
922 5427 1104 5482 verbis
1154 5425 1487 5493 multiplices
1552 5427 1905 5481 inimicorum

327 5525 556 5580 insidias
596 5519 888 5590 signiﬁcat.

406 5635 449 5670 "
468 5635 626 5692 Joan.
649 5653 758 5698 xw,
779 5635 831 5690 6.
912 5635 952 5667 ¹⁹
975 5631 1002 5687 1
1029 5633 1157 5688 Cor.
1191 5649 1229 5698 I,
1252 5633 1340 5686 30.

2018 4695 2307 4766 οὐρανοὺς,
2343 4684 2534 4763 ἀφ’ὧν
2559 4688 2960 4760 κατελήλυοας,
3001 4685 3093 4739 καὶ
3122 4681 3218 4736 ἐπὶ
3263 4680 3370 4751 γῆν
3416 4678 3600 4730 πᾶσαν

2018 4789 2249 4843 ὁδευέτω
2274 4787 2307 4856 ἡ
2334 4783 2467 4856 τιμή
2492 4800 2612 4837 σου.

2088 5054 2315 5122 Παγίδα
2345 5053 2688 5121 ἡτοίμασαν
2718 5050 2844 5114 τοῖς
2877 5046 3028 5100 ποσί
3074 5063 3214 5115 μου,
3272 5040 3373 5096 καὶ
3422 5037 3598 5093 uate-

2008 5152 2259 5219 καμψαν
2282 5148 2396 5214 τὴν
2428 5145 2641 5216 ψυχήν
2664 5162 2806 5213 μου.
2837 5141 3097 5213 Θήρατρά
3149 5155 3239 5210 μοι
3293 5132 3600 5190 κατεσκεῠο

2013 5259 2175 5304 ασαν,
2210 5242 2305 5294 καὶ
2331 5238 2710 5294 ἐταπείνωσαν
2750 5254 2818 5308 με
2843 5250 2857 5267 ’
2893 5235 3042 5305 λέγει
3092 5233 3151 5288 δὲ
3185 5231 3285 5295 τὰς
3334 5228 3597 5292 ποικίλας

2013 5334 2329 5395 ἐπιϐουλάς.

1657 5719 1854 5779 Variae
1886 5718 2213 5779 lectiones.
2300 5731 2304 5735 ’

405 5827 485 5901 (3)
515 5830 712 5884 ALKa‘t
736 5827 876 5884 κατὰ
906 5824 1004 5898 τὴν
1031 5826 1308 5898 σημασίαν
1340 5825 1396 5877 δὲ
1415 5823 1512 5893 τῆς
1535 5820 1904 5893 δικαιοσύνης,
1939 5817 2012 5884 ὦς
2053 5835 2217 5889 φησιν
2249 5816 2434 5879 αὐτός.
