4070 6224
450 282 554 346 5ε9
1653 295 1973 359 EUTHYM
1985 299 2041 360 II
2085 301 2258 362 ZIGA
2270 290 2448 364 BENI
3602 309 3707 373 £00

446 407 560 465 cet,
609 399 757 472 quod
793 401 998 455 nullam
1024 410 1230 469 queant
1286 403 1503 473 injuriae
1535 421 1759 462 causam
1809 412 2032 479 afferre,

2102 414 2241 482 ,ἧκε
2269 412 2351 477 τὸ,
2399 413 2539 467 Ἀλλ’
2595 414 2658 468 οὐ
2686 414 2920 471 δύνασθε
2974 416 3205 488 κρίνειν,
3271 418 3347 482 ὡς
3397 415 3709 489 νοούμενον.

447 490 605 559 quasi
641 491 692 545 id
724 491 1206 560 subintelligatur;
1270 502 1323 549 et
1360 509 1669 551 sermonem
1704 515 1866 554 suum
1900 516 2027 569 pro-

2137 505 2248 557 Καὶ
2272 505 2381 576 γὰρ
2414 506 2472 559 ὲν
2503 506 2704 578 καρδίᾳ
2718 508 2953 580 ἀνομίαν
2989 509 3280 581 μελετᾶτε,
3308 511 3405 563 καὶ
3439 510 3494 563 ai
3531 511 3716 578 χεῖρες

449 582 722 651 sequitur,
776 583 969 638 dicens
1010 600 1024 637 :
1087 583 1303 639 Etenim
1356 586 1411 639 in
1460 588 1626 642 corde
1672 588 2023 660 iniquitatem

2137 595 2293 666 ὑμῶν
2322 598 2554 668 ἀνομίαν
2595 599 2919 672 πράττουσι.
2953 600 3391 669 Συμπλέκουσι
3428 600 3485 653 δὲ
3536 593 3714 664 εἶπεν,

447 672 805 738 meditamini,
845 680 899 728 et
918 688 1112 730 manus
1136 684 1333 732 vestra:
1353 678 1678 749 injustitiam
1706 693 2029 751 operantur.

2134 688 2199 742 ὲκ
2236 692 2554 761 μεταφορᾶς
2584 692 2695 747 τῶν
2718 692 3034 747 πλεκόντων
3082 694 3343 761 παγίδας,
3388 692 3479 747 διὰ
3507 692 3568 746 τὸ
3600 709 3717 744 ποι-

449 761 516 813 Ει
566 761 711 830 quod
761 764 859 827 ait,
909 763 1263 833 Complicant,
1329 782 1393 821 ex
1456 770 1778 840 metaphora
1834 787 2025 829 eorum

2132 780 2284 834 κίλον
2318 782 2426 836 τῶν
2457 785 2909 857 ἐπιχειρημάτων
2936 803 2951 819 ο
2978 786 3040 840 τὸ
3067 786 3125 841 δὲ
3148 788 3255 841 Ἐν
3283 787 3358 854 τῇ
3410 785 3489 855 γῇ
3539 784 3716 855 πρόσ-

445 853 606 920 dixit,
644 855 736 925 qui
767 857 991 927 laqueos
1020 858 1290 921 tendunt,
1320 869 1417 914 aut
1450 861 1658 931 plagas,
1701 864 1772 917 ob
1816 866 2024 921 variam

2133 887 2339 938 κειται,
2372 876 2455 930 ὅτι
2486 853 2659 949 ἑνντῇ⁷
2691 853 2765 950 γῇ
2824 879 3002 934 ταῦτα
3046 880 3254 933 ποιεῖτε
3277 895 3291 910 ο
3321 853 3381 933 ἐν
3404 853 3715 949 escensu.

449 947 711 1004 nimirum
754 952 1113 1005 consiliorum
1163 952 1547 1007 calliditatem.
1591 954 1746 1021 Quod
1774 974 1904 1013 vero
1932 960 2028 1025 ait,

1048 966 1113 1005 Im
1163 952 1547 1007 calliditatem.
1591 954 1746 1021 Quod
1774 974 1904 1013 vero
1932 960 2028 1025 ait,
2139 963 2238 1035 οὐχ
2269 967 2446 1034 οὕτως
2483 947 2655 1037 ἕξετε.

446 1040 515 1097 1η
558 1054 726 1111 terra,
759 1046 965 1100 dictum
1000 1056 1106 1110 est,
1141 1047 1269 1116 quia
1303 1047 1357 1100 in
1389 1055 1532 1103 terra
1567 1049 1683 1105 haec
1731 1062 2025 1124 peragunt.
2060 1056 2197 1115 Nam
2229 1061 2285 1116 in
2328 1063 2566 1132 inferno,
2601 1074 2656 1121 et
2695 1067 2743 1123 si
2778 1067 3093 1123 animorum
3164 1065 3409 1135 pravitas
3493 1066 3720 1122 omnino

446 1153 554 1193 non
587 1138 848 1204 cessabit,
870 1138 985 1208 ipsa
1008 1148 1186 1194 tamen
1218 1142 1359 1195 male
1381 1142 1575 1213 agendi
1608 1143 1842 1199 facultas
1861 1161 2092 1215 prorsus
2126 1152 2325 1210 aberit.

520 1229 684 1293 Vsus.
718 1231 771 1285 4.
802 1230 1039 1285 Alienati
1070 1242 1193 1286 sunt
1238 1244 1537 1302 peccatores
1587 1252 1620 1289 a
1652 1236 1830 1291 vulva.
1873 1238 2033 1294 lnve-

2221 1247 2833 1321 ’Δπηλλοτριώθησαν
2863 1256 2919 1308 οἱ
2950 1252 3292 1324 ἁμαρτωλοὶ
3325 1250 3445 1306 ἀπὸ
3462 1249 3718 1320 μήτρας.

448 1323 597 1378 bitur
625 1324 681 1377 in
714 1323 1023 1393 pertinaces
1055 1338 1119 1378 ac
1149 1323 1286 1381 ﬁxos
1314 1326 1367 1379 in
1393 1326 1640 1394 peccatis
1673 1328 1950 1396 homines,
1978 1338 2031 1385 et

2138 1341 2452 1413 Στηλιτεύει
2499 1346 2629 1408 τοὺς
2664 1329 3122 1417 ⁵ἀνεπιστρὸφους
3175 1346 3558 1416 ἁμαρτωλοὺς,
3628 1343 3721 1396 καὶ

448 1416 643 1487 paucis
670 1416 852 1481 docet,
921 1415 1235 1486 cujusnzodi
1298 1426 1506 1483 essent,
1548 1427 1601 1472 et
1660 1433 1825 1488 quam
1883 1422 2032 1490 passi

2136 1433 2382 1489 διδάσκει
2410 1437 2500 1491 διὰ
2537 1415 3008 1508 βραχέωνόποίοι
3046 1415 3224 1501 ὄντες
3252 1415 3448 1492 ὁποίαν
3504 1436 3721 1506 λαμεάε-

450 1517 580 1564 sunt
606 1510 846 1565 ruinam.
874 1509 956 1564 Ab
980 1509 1138 1578 ipsis.
1166 1509 1369 1576 inquit,
1407 1511 1765 1568 incunabulis
1804 1513 2029 1569 alienati

2139 1544 2290 1582 νουσι
2343 1533 2750 1604 καταστροφήν.
2787 1531 2909 1586 Ἔτι
2946 1530 3473 1603 βρεφουργούμενοι,
3532 1528 3718 1598 φησὶν,

446 1611 577 1657 sunt
626 1618 656 1657 a
694 1602 853 1668 Deo;
910 1600 1071 1671 juxta
1131 1602 1280 1672 quod
1314 1603 1525 1659 scilicet
1550 1605 1862 1675 praescitum
1913 1614 2036 1660 erat

2140 1600 2666 1693 ἀπηλλοτριώθησαν
2687 1600 2785 1677 τοῦ
2817 1600 3166 1686 Θεοῧξκατά
3205 1622 3306 1690 τὴν
3357 1618 3523 1674 αὐτοῦ
3581 1619 3719 1688 πρόρ

450 1711 481 1750 a
519 1695 652 1762 Deo,
704 1695 829 1751 illos
883 1711 1011 1751 mox
1065 1696 1407 1763 alienandos,
1427 1711 1488 1752 ac
1515 1696 2036 1769 misereperdendos

2142 1730 2369 1783 γνωσιν,
2420 1716 2515 1770 καὶ
2553 1715 3063 1787 ἀπηλλοτριωμένοι
3090 1713 3180 1769 διὰ
3208 1713 3272 1768 τὸ
3341 1712 3540 1785 μέλλον
3599 1712 3719 1765 ὲλο-

446 1802 593 1844 esse.

2138 1777 2445 1879 γίσθησαν.’
2652 1777 2669 1803 Γ
2804 1777 2817 1786 ’
2909 1777 2923 1786 ν
3341 1777 3355 1785 ⁷
3729 1803 3740 1855 l

526 1878 847 1935 Erraverunt
888 1880 954 1934 ab
991 1888 1164 1933 utero.
1188 1879 1271 1933 Ab
1301 1878 1543 1934 Ecclesia
1576 1880 1856 1938 nimirum.
1876 1881 2028 1937 Uteri

2210 1878 2686 1969 ’Ermawwno'ar
2717 1900 2837 1955 ἀπὸ
2866 1899 3149 1969 γαστρός.
3178 1899 3312 1953 Ἀπὸ
3346 1898 3446 1968 τῆς
3486 1896 3720 1968 Ἐκκλη-

448 1970 594 2024 enim
627 1985 691 2025 ac
738 1971 1087 2025 muliebrium
1142 1972 1384 2024 locorum
1451 1971 1694 2027 Ecclesia
1734 1972 1815 2028 eis
1858 1972 2032 2028 instar

2140 1994 2298 2057 σίαςο
2343 1995 2528 2066 μήτηρ
2562 1993 2668 2067 γὰρ
2703 1993 2842 2065 αὕτη
2875 1994 2970 2047 καὶ
3032 1992 3250 2063 γαστὴρ
3293 1991 3402 2046 τῶν
3443 1992 3717 2045 υίοθετου-

446 2072 552 2127 est,
584 2062 677 2131 qui
717 2078 745 2116 a
787 2063 896 2118 Deo
933 2063 1307 2133 ad0ptantur;
1359 2065 1561 2134 quippe
1615 2078 1737 2135 quae
1791 2065 2030 2121 miriﬁco

2140 2062 2429 2157 μένων
2462 2062 2603 2156 Θεῷ,
2639 2062 3005 2153 γάναγεννῶσα
3045 2062 3270 2147 τούτους
3308 2083 3396 2137 διὰ
3426 2084 3523 2134 τοῦ
3560 2081 3715 2149 ἁγίου

447 2154 795 2222 baptismatis
826 2154 1067 2221 lavacro,
1099 2156 1152 2210 in
1188 2171 1362 2211 novos
1402 2157 1654 2212 homines
1686 2172 1782 2214 eos
1811 2158 2027 2214 format.

2142 2154 2565 2248 βαπτίσματος(
2621 2176 3039 2248 Ἐπλανήθησαν
3112 2176 3305 2248 πόρῤω
3347 2174 3447 2242 τῆς
3502 2171 3716 2235 εὐθείας

450 2243 786 2321 Erraverunt
824 2244 988 2315 igitur
1018 2260 1048 2299 a
1085 2245 1170 2300 via
1206 2246 1588 2303 mandatorum
1624 2248 1717 2304 Dei
1768 2249 2031 2304 aberran-

2137 2243 2247 2324 τῶν
2286 2243 2448 2323 θείων
2479 2269 2731 2334 ἐντολῶν,
2763 2243 2864 2322 οὐκ
2905 2243 3338 2340 ἐνεργείᾳ-ἀλλ’,
3373 2266 3451 2328 ὼς
3479 2266 3715 2334 ετρηται,

445 2344 533 2391 tes
562 2351 625 2392 ex
667 2343 818 2399 tunc,
852 2353 961 2393 non
994 2338 1281 2407 operibus.
1316 2348 1383 2394 ut»
1411 2340 1651 2396 diximus
1679 2380 1695 2406 ,
1744 2341 1840 2397 sed
1890 2356 2031 2411 prae-

2138 2363 2203 2431 τῇ
2261 2360 2574 2431 προγνώσει
2617 2360 2713 2413 τοῦ
2736 2354 2899 2414 Θεοῦ.
2928 2358 3088 2413 Οὕτω
3115 2338 3222 2428 γὰρ
3257 2351 3413 2409 εἶπεν
3457 2356 3553 2407 καὶ
3580 2354 3716 2424 πρὸς

446 2426 676 2483 scientia
714 2427 827 2483 Dei.
856 2427 934 2482 lta
984 2430 1128 2483 enim
1174 2430 1303 2484 alibi
1360 2431 1501 2499 apud
1526 2431 1822 2487 Jeremiam
1860 2447 1889 2487 a
1920 2432 2031 2488 Deo

2137 2426 2233 2505 τδν
2272 2426 2549 2522 ’Ϊερεμίαν
2591 2454 2619 2506 ὁ
2645 2452 2779 2515 Θεός
2807 2468 2820 2481 ·
2866 2451 2987 2519 Πρὸ
3028 2450 3136 2505 τοῦ
3162 2426 3241 2519 με
3269 2448 3499 2503 πλάσαι
3536 2463 3612 2501 σε
3650 2446 3720 2499 ἐν

446 2517 556 2572 dici
588 2516 820 2587 legimus
846 2538 861 2574 :
896 2516 1219 2589 Priusquam
1245 2529 1293 2573 te
1315 2521 1601 2588 formarem
1630 2522 1683 2574 in
1709 2530 1881 2584 utero,
1912 2523 2030 2576 novi

2137 2516 2362 2609 κοιλίᾳ,
2386 2516 2714 2611 ἐᾶτίσταμαί
2741 2558 2838 2610 σε,
2862 2516 2961 2598 καί
2986 2543 3101 2611 πρὸ
3119 2516 3226 2596 τοῦ
3251 2554 3327 2595 σε
3349 2540 3623 2604 ἐξελθεῖν
3651 2538 3718 2592 ἐκ

447 2620 518 2672 te,
547 2619 595 2665 et
635 2621 916 2681 antequam
949 2616 1119 2668 exires
1137 2612 1201 2668 de
1228 2614 1403 2679 vulva,
1445 2614 1777 2681 sancti/icavi
1810 2623 1858 2668 te
1881 2614 1953 2668 ²⁰.

1160 2612 1201 2668 le
1228 2614 1403 2679 vulva,
1445 2614 1777 2681 sancti/icavi
1810 2623 1858 2668 te
1881 2614 1953 2668 ²⁰.
2130 2635 2384 2703 μήτραις⁸
2416 2635 2635 2704 ἡγίακά
2673 2650 2767 2688 σε,

516 2703 703 2760 Lacuti
740 2715 865 2761 sunt
890 2707 1061 2772 falsa.
1090 2705 1209 2762 Non
1237 2708 1305 2761 ab
1327 2714 1484 2761 utero
1514 2705 1649 2762 falsa
1686 2706 1853 2761 locuti
1875 2713 2027 2769 sunt,

2219 2724 2572 2792 Ἐλάλησαν
2597 2724 2820 2794 ψευδῆ.
2843 2725 3018 2779 Τοῦτο
3042 2721 3144 2778 οὐκ
3175 2721 3284 2778 ἀπὸ
3320 2719 3582 2793 γαστρὸς,
3605 2719 3718 2775 ἀλλ’

448 2799 544 2854 sed
587 2798 752 2853 simul
787 2811 852 2853 ac
885 2799 952 2852 ad
988 2797 1339 2869 grandiorem
1373 2805 1589 2852 aetatem
1622 2813 1937 2867 pervenere.

1168 2800 1339 2852 iorem
1373 2805 1589 2852 aetatem
1622 2813 1937 2867 pervenere.
2140 2820 2224 2882 εις
2250 2818 2469 2889 ἡλικίαν
2501 2817 2769 2880 ἐλθόντες.

521 2887 689 2945 Vsus.
730 2890 787 2945 5.
819 2888 997 2944 Furor
1016 2888 1123 2944 illis
1155 2888 1443 2944 secundum
1498 2888 1899 2945 similitudinem
1920 2907 2031 2945 ser-

2210 2887 2406 2977 Θυμὸς
2460 2906 2687 2973 αὐτοῖς,
2722 2906 2873 2960 κατὰ
2900 2903 3019 2973 τὴν
3055 2907 3342 2975 ὁμοίωσιν
3376 2904 3483 2959 τοῦ
3506 2904 3717 2970 ὄφεως.

446 2984 636 3051 pentis.
669 2983 837 3037 Aiunt
868 2992 1176 3051 serpentem
1210 2980 1302 3036 ubi
1327 2980 1384 3035 in
1408 2980 1642 3050 aliquem
1685 2981 1915 3052 cmperit
1946 2981 2031 3039 fu-

2135 3000 2273 3054 Φασὶ
2317 3000 2408 3053 τὸν
2462 2999 2587 3069 ὅφιν
2629 2997 2973 3068 ὲπιμανέντα
2995 2999 3126 3063 τινὶ,
3175 2997 3449 3067 μηδέποτε
3474 2995 3717 3067 μεθεῖναι

447 3090 591 3138 rere,
623 3088 905 3143 nunquam
946 3074 1084 3127 iram
1116 3082 1212 3127 aut
1241 3072 1483 3128 furorem
1531 3072 1824 3143 deponere,
1855 3074 2031 3131 donec

447 3179 716 3192 ιοΑυιΛ-ιιιιιη
744 3163 988 3192 ἔηιιιιη-ἶι
1039 3171 1127 3192 ...Α
1154 3164 1359 3192 κηιιῖΛω
1386 3178 1529 3192 ..αλ-ηι-
1556 3165 1816 3192 ...ιιι-..Λ-2ι
1860 3165 2035 3192 0..-..-

2137 3092 2229 3145 τὸν
2257 3089 2451 3162 θυμὸν,
2494 3091 2656 3161 ἄχρις
2691 3090 2758 3145 ἂν
2787 3089 2821 3161 ἦ
2855 3089 3032 3161 δράσῃ
3065 3107 3118 3143 τι
3149 3091 3343 3153 κακὸν,
3396 3089 3430 3160 ἢ
3476 3104 3719 3158 προαπο-

373 3215 375 3217 ,
446 3179 718 3220 venenum
744 3163 1015 3227 intulerit,
1038 3171 1131 3217 aut
1154 3164 1360 3218 rabiem
1386 3178 1532 3218 mors
1555 3165 1841 3223 ademerit.
1858 3165 1980 3223 Fur:

2142 3183 2302 3253 θάνῃ.
2323 3182 2507 3253 Θυμδς
2533 3179 2627 3236 οὖν
2668 3182 2764 3235 καὶ
2786 3180 2999 3245 τούτοις
3032 3181 3332 3247 ἀνένδοτος,
3364 3180 3460 3233 καὶ
3489 3179 3718 3233 διαπαν-

450 3270 606 3324 aeque
631 3255 801 3325 igitur
832 3255 917 3308 bis
946 3254 1311 3324 implacabilis
1345 3267 1451 3311 est.
1494 3255 1859 3313 Perseverant
1886 3259 2030 3314 enim

967 3255 1311 3324 mplacabilis
1345 3267 1451 3311 est.
1494 3255 1859 3313 Perseverant
1886 3259 2030 3314 enim
2140 3275 2232 3338 τδς
2258 3274 2566 3336 ἐπίϐουλος,

449 3348 598 3411 irati,
626 3354 680 3402 et
710 3345 867 3401 dolos
898 3352 1164 3415 perpetuo
1216 3346 1537 3402 moliuntur.
1574 3402 1585 3411 κ

516 3439 686 3503 Quasi
718 3437 917 3505 aspidis
954 3438 1133 3491 surdae
1158 3479 1174 3504 ,
1206 3447 1255 3492 et
1312 3439 1613 3495 obturantis
1654 3457 1828 3519 ‘aures
1882 3459 2028 3497 suas.

2223 3452 2383 3507 Ὠσεὶ
2416 3453 2677 3519 ἀσπίδος
2733 3453 2962 3523 κωφῆς,
3022 3452 3124 3508 καὶ
3163 3451 3448 3518 βυούσης
3477 3451 3552 3504 τὰ
3600 3445 3721 3505 ὦτα

449 3531 674 3586 Furoris
732 3529 1149 3586 similitudinem
1217 3531 1284 3585 ad
1337 3532 1510 3600 ipsam
1566 3534 1731 3588 etiam
1784 3534 2028 3606 aspidem

2140 3544 2353 3612 αὐτῆς.
2388 3544 2710 3617 Μεταφέρει
2745 3545 2804 3598 τὸ
2857 3545 3212 3616 παράδειγμα
3268 3543 3363 3597 τοῦ
3408 3541 3584 3611 θυμοῦ
3624 3542 3719 3594 καὶ

450 3622 730 3681 transfert.
771 3621 947 3677 Furor
975 3636 1186 3696 eorum,
1222 3622 1423 3691 inquit,
1455 3625 1614 3694 quasi
1642 3625 1792 3681 furor
1822 3626 2030 3697 aspidis

2140 3639 2237 3691 ἐπὶ
2262 3638 2363 3710 τὴν
2390 3639 2616 3693 ἀσπίδα.
2654 3637 2840 3708 θυμὸς
2870 3638 3007 3692 ὡσεὶ
3035 3638 3262 3700 ἀσπίδος
3298 3635 3509 3705 κωφῆς,
3536 3634 3630 3687 καὶ
3658 3634 3716 3686 οὐ

450 3718 632 3775 surdae
662 3735 676 3771 :
712 3731 821 3772 non
850 3715 1095 3787 aspidem
1125 3715 1271 3783 dico,
1309 3731 1431 3785 quae
1462 3725 1658 3772 natura
1716 3717 1883 3773 surda
1914 3718 1986 3773 sit
2013 3757 2029 3783 ,

2141 3727 2302 3797 φύσει
2338 3728 2552 3799 κωφῆς,
2575 3728 2712 3783 ἀλλὰ
2741 3729 3072 3800 πανουργίᾳ.
3098 3727 3198 3782 Διὰ
3218 3727 3385 3780 τοῦτο
3416 3725 3523 3798 γάρ
3555 3741 3724 3792 προσ-

451 3813 544 3869 sed
567 3825 686 3882 quae
719 3810 844 3865 data
877 3825 1066 3881 opera,
1092 3817 1254 3878 atque
1286 3817 1408 3863 astu
1457 3808 1695 3879 quodam
1726 3810 1919 3866 audire
1952 3826 2036 3866 re-

2140 3820 2306 3890 ἐθηκε
2337 3821 2420 3874 τό·
2455 3821 2566 3876 Καὶ
2591 3820 2887 3890 ,θυούσης
2910 3821 2984 3875 τὰ
3010 3817 3131 3877 ὦτα
3170 3820 3395 3889 αὐτῆς·
3426 3815 3547 3873 εἶτα
3577 3817 3718 3884 διέξ-

450 3904 611 3969 ηιιίι;
649 3910 810 3971 atque
850 3902 973 3957 ideo
1005 3910 1410 3970 consequenter
1440 3901 1651 3956 addidit
1684 3919 1699 3956 :
1744 3903 1914 3974 Atque
1935 3904 2030 3959 ob-

1513 3901 1651 3956 didit
1684 3919 1699 3956 :
1744 3903 1914 3974 Atque
1935 3904 2030 3959 ob-
2147 3930 2253 3967 εισι
2293 3914 2388 3969 καὶ
2416 3915 2546 3969 πότε
2579 3914 2843 3985 κωφεύει.
3109 3909 3114 3915 ’

451 3999 680 4053 curantis
715 4011 874 4049 aures
898 4012 1046 4049 suas.
1073 3995 1277 4050 Deinde
1315 4004 1534 4063 tempus
1558 4004 1784 4052 enarrat
1811 3998 2032 4068 quando

452 4093 689 4146 maxime
717 4087 1094 4144 obsurdescit.

522 4181 689 4236 Vens.
727 4180 781 4234 6.
817 4179 949 4246 Qua:
980 4199 1083 4236 non
1109 4182 1355 4236 exaudiet
1388 4198 1563 4237 vocem
1618 4184 2030 4251 incantantium,

2213 4180 2380 4247 Ἦτις
2397 4181 2508 4235 οὐκ
2522 4181 2944 4241 εἱσακούσεται
2959 4181 3167 4252 φωνῆς
3180 4181 3547 4250 ἐπᾳδόντων,
3574 4200 3720 4253 φαρ-

449 4286 497 4331 et
528 4276 764 4345 veneﬁci,
796 4276 1077 4330 incantata
1099 4293 1131 4328 a
1161 4276 1408 4346 sapienti.
1435 4275 1537 4331 Per
1561 4277 1911 4351 incantantes
1937 4292 2033 4331 eos

2134 4273 2334 4341 μακοῦ
2371 4289 2456 4338 τε,
2502 4272 3004 4341 φαρμακευομένη
3038 4273 3198 4342 παρὰ
3211 4274 3432 4343 σοφοῦ.
3461 4274 3719 4346 Ἐπᾴδον-

451 4367 738 4439 intelligit,
787 4383 925 4439 quos
979 4368 1355 4423 incantatores
1388 4409 1403 4433 ,
1456 4383 1554 4424 seu
1605 4368 2032 4439 praestigiatores

2138 4381 2237 4427 τας
2260 4364 2411 4433 λέγει
2476 4366 2604 4429 τοὺς
2644 4363 3012 4435 καλουμένους
3044 4366 3356 4432 ὲπαοιδοὺς.
3390 4368 3588 4433 οἵτινες
3632 4370 3720 4423 διά

448 4462 789 4533 appellamus
820 4480 834 4516 :
872 4461 965 4532 qui
997 4461 1337 4516 carminibus
1368 4460 1696 4529 quibusdam
1725 4502 1738 4524 ,
1772 4468 1866 4515 aut
1897 4476 2034 4529 pras-

2140 4474 2305 4512 τινων
2350 4457 2579 4528 ἐπῳδῶν
2638 4458 3147 4529 καταγοητεύοντες
3181 4460 3309 4523 τοὺς
3361 4460 3573 4531 θυμοὺς
3614 4461 3720 4515 τῶν

449 4553 628 4624 stigiis
687 4554 992 4626 repentium
1034 4568 1120 4608 ac
1212 4562 1603 4607 venenatorum
1672 4553 2029 4607 animantium

2137 4549 2409 4619 ἑρπετῶν,
2460 4550 2556 4602 καὶ
2601 4547 2662 4601 τὸ
2718 4549 3004 4620 ἀγριαῖνον
3062 4549 3237 4609 οὕτως
3300 4551 3715 4623 ἐξημεροῦντες,

450 4644 692 4699 furorem
726 4643 1007 4700 cohibent.
1043 4642 1173 4699 Suis
1220 4644 1366 4697 enim
1402 4643 1651 4697 artificiis
1701 4658 1889 4698 eorum
1925 4658 2023 4698 sae.

2139 4642 2504 4710 λαμϐάνουσι,
2564 4644 2663 4697 καὶ
2728 4643 2969 4714 χρῶνται
3001 4643 3139 4714 πρὸς
3180 4645 3443 4715 ἰατρείαν.
3488 4646 3552 4699 'H
3589 4646 3718 4715 γοῦν

447 4732 632 4787 vitiam
662 4732 897 4802 placant,
928 4740 1094 4802 atque
1119 4731 1222 4786 hoc
1257 4737 1416 4802 pacto
1455 4743 1519 4784 ea
1551 4738 1840 4795 venantur,
1870 4740 1926 4785 et
1959 4730 2025 4784 ad

2138 4736 2335 4799 ἀσπὶς,
2361 4736 2456 4789 καὶ
2505 4737 2707 4807 μᾶλλον
2749 4737 3200 4807 ὲπονομαζομένη
3235 4739 3573 4809 παλαμναῖα.
3611 4739 3717 4792 ἀπό

450 4824 790 4880 medicorum
822 4841 982 4880 usum
1016 4832 1327 4879 asservant.
1368 4821 1530 4892 Aspis
1577 4820 1783 4892 igitur,
1837 4828 1892 4877 et
1941 4821 2030 4876 illa

2139 4843 2303 4880 τινων
2329 4828 2645 4897 τεκμηρίων
2661 4829 3097 4901 προαισθομένη,
3116 4829 3235 4900 βύει
3259 4831 3327 4884 τά
3348 4831 3553 4901 ἑαυτῆς
3581 4827 3714 4896 ὦτα,

448 4918 793 4985 potissimum
844 4932 964 4988 quae
998 4916 1296 4987 palammea
1354 4914 1695 4984 appellatur,
1750 4914 1915 4970 certis
1980 4915 2033 4970 id

2142 4919 2238 4972 καὶ
2302 4916 2445 4971 οὕτω
2488 4919 2882 4990 διαδιδράσκει.
2947 4923 3100 4975 Ἐστι
3151 4922 3207 4976 δὲ
3252 4924 3284 4993 ἡ
3334 4923 3587 4989 σύνταξις
3609 4925 3715 4977 τῶν

447 5010 785 5078 conjecturis
808 5023 1180 5079 praenoscens,
1200 5008 1491 5063 obstruere
1520 5021 1685 5061 aures
1711 5021 1841 5061 suas
1871 5007 2028 5073 solet,

2141 5010 2345 5081 ῥητῶν,
2379 5010 2574 5075 οὕτως·
2607 5012 2769 5075 ’Ἥτις
2798 5014 2897 5067 οὐκ
2934 5014 3318 5069 είσακούσεται
3351 5018 3536 5084 φωνῆς
3579 5020 3714 5089 ἐπᾳ-

448 5108 614 5170 atquc
654 5099 758 5155 hoc
789 5108 1162 5180 pacto_eorum
1195 5106 1341 5153 artes
1366 5096 1621 5151 evadere.
1656 5095 1806 5152 Ordo
1838 5105 2021 5151 autem

2137 5102 2357 5167 δόντων,
2400 5104 2495 5156 καὶ
2560 5105 2883 5175 φαρμακοῦ,
2918 5108 3164 5161 τουτέστι
3207 5108 3427 5179 γόητος,
3456 5127 3715 5180 γοητευο-

447 5192 740 5248 verborum
772 5171 1082 5261 huiusmodi
1117 5197 1202 5244 est
1234 5206 1247 5244 :
1290 5190 1419 5256 Qme
1449 5190 1594 5259 aspis
1631 5204 1737 5244 non
1773 5190 2028 5244 exaudiet

2141 5193 2276 5262 μένη
2306 5194 2458 5264 παρὰ
2497 5171 2664 5262 σοιροῧ
2683 5171 2898 5266 άνδρός.
2922 5198 3092 5266 Σοφὸν
3119 5198 3175 5251 δὲ
3205 5171 3326 5265 νῦν,
3466 5171 3718 5269 τεένίτην

447 5296 633 5337 vocem
664 5279 1093 5345 incantantium,
1125 5288 1181 5336 et
1218 5296 1328 5336 non
1360 5280 1615 5336 exaudiet
1641 5296 1827 5335 vocem
1865 5295 2026 5335 vene-

2135 5282 2385 5338 ὲκάλεσε.
2419 5284 2724 5353 Προσφυῶς
2755 5285 2812 5338 δὲ
2851 5288 2944 5339 καὶ
2997 5288 3088 5341 τὸν
3110 5287 3233 5357 ὄφιν
3260 5290 3355 5343 καὶ
3384 5291 3487 5361 τὴν
3514 5290 3717 5343 ἀσπίδα

448 5374 560 5439 lici,
602 5377 816 5431 tametsi
853 5376 1128 5429 incantata
1170 5374 1284 5439 sit,
1318 5387 1382 5427 ac
1438 5371 1728 5442 praestigiis
1776 5371 1951 5425 illecta
1996 5386 2025 5425 a

2136 5374 2384 5429 τέθεικεν
2419 5377 2501 5439 είς
2532 5376 2889 5448 παράδειγμα
2912 5395 2925 5408 ’
2954 5381 2981 5432 ὁ
3003 5381 3177 5435 Σαοὺλ
3212 5382 3324 5453 γὰρ
3353 5388 3449 5438 καὶ
3476 5385 3717 5437 ὲνεκότει

448 5467 678 5535 sapienti
708 5468 846 5523 viro.
900 5464 1216 5536 Sapientem
1246 5465 1447 5535 quippe
1496 5464 1585 5519 hic
1636 5464 1815 5534 ipsum
1849 5464 2027 5519 artili—

2136 5466 2211 5531 ὡς
2244 5467 2393 5536 ὄφις,
2426 5468 2522 5521 καὶ
2560 5469 2822 5533 πολλάκις
2864 5472 3313 5542 κατεπᾳδόμενος
3348 5474 3531 5544 λόγοις
3571 5476 3715 5542 ἀγα-

451 5573 567 5612 cem
626 5574 690 5613 ac
736 5558 1041 5616 veneﬁcum
1088 5558 1327 5629 appellat
1376 5600 1388 5615 .
1452 5556 1617 5614 veluti
1682 5556 1832 5612 illius
1892 5559 2029 5613 artis

2140 5558 2252 5622 θοῖς
2280 5556 2432 5629 παρὰ
2462 5556 2558 5611 τοῦ
2611 5559 2796 5628 Δαὸὶδ,
2827 5562 2910 5615 ὅτι
2941 5560 3106 5626 αὐτὸς
3135 5561 3236 5633 μέν
3266 5546 3596 5635 ἐστι’κύριος
3618 5562 3717 5617 καὶ

521 5742 567 5777 ³⁵
592 5740 794 5800 Jercm.
834 5760 873 5812 ι,
905 5748 960 5803 5.
