  <div class='ocr_page' id='page_1' title='image "/cluster/home/n/w/nwhite01/storage/ocr_20150623/128/hvd.32044073502403/306.png"; bbox 0 0 4070 6224; ppageno 0'>
   <div class='ocr_carea' id='block_1_1' title="bbox 357 287 3624 377">
    <p class='ocr_par' dir='ltr' id='par_1_1' title="bbox 357 287 3624 377">
     <span class='ocr_line' id='line_1_1' title="bbox 357 287 3624 377; baseline 0.006 -20"><span class='ocrx_word' id='word_1_1' title='bbox 357 287 462 357; x_wconf 82' lang='grc'><strong>601</strong></span> <span class='ocrx_word' id='word_1_2' title='bbox 1539 297 1933 362; x_wconf 80' lang='lat' dir='ltr'><strong>COMMENT.</strong></span> <span class='ocrx_word' id='word_1_3' title='bbox 1974 299 2062 361; x_wconf 78' lang='lat' dir='ltr'><strong>IN</strong></span> <span class='ocrx_word' id='word_1_4' title='bbox 2098 302 2467 369; x_wconf 85' lang='lat' dir='ltr'><strong>PSALMOS.</strong></span> <span class='ocrx_word' id='word_1_5' title='bbox 2835 334 2862 350; x_wconf 56' lang='grc' dir='ltr'><strong>κ</strong></span> <span class='ocrx_word' id='word_1_6' title='bbox 3514 314 3624 377; x_wconf 81' lang='grc'><strong>602</strong></span> 
     </span>
    </p>
   </div>
   <div class='ocr_carea' id='block_1_2' title="bbox 353 399 1935 499">
    <p class='ocr_par' dir='ltr' id='par_1_2' title="bbox 353 399 1935 475">
     <span class='ocr_line' id='line_1_2' title="bbox 353 399 1935 475; baseline 0.008 -19"><span class='ocrx_word' id='word_1_7' title='bbox 353 402 627 474; x_wconf 73' lang='grc' dir='ltr'><strong>δεσπότης</strong></span> <span class='ocrx_word' id='word_1_8' title='bbox 663 402 760 458; x_wconf 69' lang='grc' dir='ltr'>καὶ</span> <span class='ocrx_word' id='word_1_9' title='bbox 816 403 1072 474; x_wconf 75' lang='grc' dir='ltr'>βασιλεύς</span> <span class='ocrx_word' id='word_1_10' title='bbox 1097 419 1111 435; x_wconf 87' lang='grc'>⁶</span> <span class='ocrx_word' id='word_1_11' title='bbox 1163 399 1319 470; x_wconf 69' lang='grc' dir='ltr'>οὗτος</span> <span class='ocrx_word' id='word_1_12' title='bbox 1345 407 1424 471; x_wconf 75' lang='grc' dir='ltr'>δὲ,</span> <span class='ocrx_word' id='word_1_13' title='bbox 1451 408 1643 475; x_wconf 88' lang='grc' dir='ltr'>δοῦλος</span> <span class='ocrx_word' id='word_1_14' title='bbox 1665 412 1763 466; x_wconf 78' lang='grc' dir='ltr'><strong>καὶ</strong></span> <span class='ocrx_word' id='word_1_15' title='bbox 1795 415 1935 468; x_wconf 86' lang='grc' dir='ltr'>κύων</span> 
     </span>
    </p>
   </div>
   <div class='ocr_carea' id='block_1_3' title="bbox 2034 399 3620 499">
    <p class='ocr_par' dir='ltr' id='par_1_3' title="bbox 2046 416 3620 499">
     <span class='ocr_line' id='line_1_3' title="bbox 2046 416 3620 499; baseline 0.008 -30"><span class='ocrx_word' id='word_1_16' title='bbox 2046 416 2306 485; x_wconf 84' lang='lat' dir='ltr'><strong>peritum.</strong></span> <span class='ocrx_word' id='word_1_17' title='bbox 2338 419 2636 479; x_wconf 84' lang='lat' dir='ltr'><strong>Commode</strong></span> <span class='ocrx_word' id='word_1_18' title='bbox 2661 438 2794 481; x_wconf 80' lang='lat' dir='ltr'><strong>vero</strong></span> <span class='ocrx_word' id='word_1_19' title='bbox 2820 426 3092 497; x_wconf 76' lang='lat' dir='ltr'><strong>serpentis</strong></span> <span class='ocrx_word' id='word_1_20' title='bbox 3121 435 3176 483; x_wconf 89' lang='lat' dir='ltr'><strong>et</strong></span> <span class='ocrx_word' id='word_1_21' title='bbox 3200 425 3408 499; x_wconf 75' lang='lat' dir='ltr'><strong>aspidis</strong></span> <span class='ocrx_word' id='word_1_22' title='bbox 3433 443 3620 482; x_wconf 79' lang='lat' dir='ltr'><strong>exem-</strong></span> 
     </span>
    </p>
   </div>
   <div class='ocr_carea' id='block_1_4' title="bbox 342 495 1935 589">
    <p class='ocr_par' dir='ltr' id='par_1_4' title="bbox 342 495 1828 573">
     <span class='ocr_line' id='line_1_4' title="bbox 342 495 1828 573; baseline 0.008 -25"><span class='ocrx_word' id='word_1_23' title='bbox 342 495 630 564; x_wconf 75' lang='grc' dir='ltr'>’τεθνηκὼς</span> <span class='ocrx_word' id='word_1_24' title='bbox 656 497 745 550; x_wconf 69' lang='grc' dir='ltr'>καὶ</span> <span class='ocrx_word' id='word_1_25' title='bbox 784 498 1004 568; x_wconf 78' lang='grc' dir='ltr'>ψύλλος,</span> <span class='ocrx_word' id='word_1_26' title='bbox 1041 498 1398 570; x_wconf 75' lang='grc' dir='ltr'>ὲθελοκωφῶν</span> <span class='ocrx_word' id='word_1_27' title='bbox 1417 497 1508 573; x_wconf 80' lang='grc' dir='ltr'><strong>ἦν,</strong></span> <span class='ocrx_word' id='word_1_28' title='bbox 1539 504 1615 568; x_wconf 85' lang='grc' dir='ltr'><strong>ὡς</strong></span> <span class='ocrx_word' id='word_1_29' title='bbox 1640 505 1828 569; x_wconf 75' lang='grc' dir='ltr'>ἀσπίς.</span> 
     </span>
    </p>
   </div>
   <div class='ocr_carea' id='block_1_5' title="bbox 2034 495 3618 589">
    <p class='ocr_par' dir='ltr' id='par_1_5' title="bbox 2045 495 3618 589">
     <span class='ocr_line' id='line_1_5' title="bbox 2045 495 3618 589; baseline 0.008 -28"><span class='ocrx_word' id='word_1_30' title='bbox 2045 509 2195 578; x_wconf 92' lang='lat' dir='ltr'><strong>plum</strong></span> <span class='ocrx_word' id='word_1_31' title='bbox 2233 509 2476 577; x_wconf 75' lang='lat' dir='ltr'><strong>adducit,</strong></span> <span class='ocrx_word' id='word_1_32' title='bbox 2515 529 2640 569; x_wconf 90' lang='lat' dir='ltr'><strong>cum</strong></span> <span class='ocrx_word' id='word_1_33' title='bbox 2673 517 2803 573; x_wconf 89' lang='lat' dir='ltr'><strong>Saul</strong></span> <span class='ocrx_word' id='word_1_34' title='bbox 2835 527 2890 574; x_wconf 91' lang='lat' dir='ltr'><strong>et</strong></span> <span class='ocrx_word' id='word_1_35' title='bbox 2912 495 3346 582; x_wconf 53' lang='grc' dir='ltr'>ῖτεεεετειυι-ξιιι</span> <span class='ocrx_word' id='word_1_36' title='bbox 3366 532 3618 589; x_wconf 82' lang='lat' dir='ltr'><strong>serpens,</strong></span> 
     </span>
    </p>
   </div>
   <div class='ocr_carea' id='block_1_6' title="bbox 351 587 3663 682">
    <p class='ocr_par' dir='ltr' id='par_1_6' title="bbox 351 587 3663 682">
     <span class='ocr_line' id='line_1_6' title="bbox 351 587 3663 682; baseline 0.007 -40"><span class='ocrx_word' id='word_1_37' title='bbox 351 596 407 642; x_wconf 87' lang='lat' dir='ltr'><strong>et</strong></span> <span class='ocrx_word' id='word_1_38' title='bbox 442 587 890 655; x_wconf 84' lang='lat' dir='ltr'><strong>obsurdesceret,</strong></span> <span class='ocrx_word' id='word_1_39' title='bbox 924 591 1074 647; x_wconf 88' lang='lat' dir='ltr'><strong>velut</strong></span> <span class='ocrx_word' id='word_1_40' title='bbox 1103 592 1274 662; x_wconf 85' lang='lat' dir='ltr'><strong>aspis,</strong></span> <span class='ocrx_word' id='word_1_41' title='bbox 1305 609 1430 648; x_wconf 92' lang='lat' dir='ltr'><strong>cum</strong></span> <span class='ocrx_word' id='word_1_42' title='bbox 1465 595 1771 652; x_wconf 89' lang='lat' dir='ltr'><strong>blandosac</strong></span> <span class='ocrx_word' id='word_1_43' title='bbox 1794 598 2032 654; x_wconf 90' lang='lat' dir='ltr'><strong>mellitos</strong></span> <span class='ocrx_word' id='word_1_44' title='bbox 2047 600 2204 656; x_wconf 67' lang='lat' dir='ltr'><strong>beati</strong></span> <span class='ocrx_word' id='word_1_45' title='bbox 2269 602 2434 658; x_wconf 86' lang='lat' dir='ltr'><strong>David</strong></span> <span class='ocrx_word' id='word_1_46' title='bbox 2499 621 2784 666; x_wconf 86' lang='lat' dir='ltr'><strong>sermones</strong></span> <span class='ocrx_word' id='word_1_47' title='bbox 2849 619 3172 682; x_wconf 89' lang='lat' dir='ltr'><strong>sperneret,</strong></span> <span class='ocrx_word' id='word_1_48' title='bbox 3223 611 3423 680; x_wconf 85' lang='lat' dir='ltr'><strong>quibus</strong></span> <span class='ocrx_word' id='word_1_49' title='bbox 3460 587 3624 664; x_wconf 17' lang='lat' dir='ltr'><strong>itan-</strong></span> <span class='ocrx_word' id='word_1_50' title='bbox 3655 663 3663 673; x_wconf 73' lang='grc'><strong>,</strong></span> 
     </span>
    </p>
   </div>
   <div class='ocr_carea' id='block_1_7' title="bbox 352 683 3623 772">
    <p class='ocr_par' dir='ltr' id='par_1_7' title="bbox 352 683 3623 772">
     <span class='ocr_line' id='line_1_7' title="bbox 352 683 3623 772; baseline 0.009 -39"><span class='ocrx_word' id='word_1_51' title='bbox 352 696 516 750; x_wconf 88' lang='lat' dir='ltr'><strong>quam</strong></span> <span class='ocrx_word' id='word_1_52' title='bbox 551 683 814 738; x_wconf 81' lang='lat' dir='ltr'><strong>suavibus</strong></span> <span class='ocrx_word' id='word_1_53' title='bbox 846 686 1173 756; x_wconf 82' lang='lat' dir='ltr'><strong>quibusdam</strong></span> <span class='ocrx_word' id='word_1_54' title='bbox 1234 697 1401 759; x_wconf 86' lang='lat' dir='ltr'><strong>atque</strong></span> <span class='ocrx_word' id='word_1_55' title='bbox 1460 688 2157 762; x_wconf 67' lang='lat' dir='ltr'><strong>eﬂicacihuslcarminibus</strong></span> <span class='ocrx_word' id='word_1_56' title='bbox 2227 698 2477 755; x_wconf 85' lang='lat' dir='ltr'><strong>emollire</strong></span> <span class='ocrx_word' id='word_1_57' title='bbox 2558 703 2712 757; x_wconf 91' lang='lat' dir='ltr'><strong>illum</strong></span> <span class='ocrx_word' id='word_1_58' title='bbox 2797 719 2861 758; x_wconf 90' lang='lat' dir='ltr'><strong>ac</strong></span> <span class='ocrx_word' id='word_1_59' title='bbox 2909 705 3143 760; x_wconf 86' lang='lat' dir='ltr'><strong>delinire</strong></span> <span class='ocrx_word' id='word_1_60' title='bbox 3217 703 3623 772; x_wconf 82' lang='lat' dir='ltr'><strong>contenderat:</strong></span> 
     </span>
    </p>
   </div>
   <div class='ocr_carea' id='block_1_8' title="bbox 354 773 3624 927">
    <p class='ocr_par' dir='ltr' id='par_1_8' title="bbox 354 773 3624 927">
     <span class='ocr_line' id='line_1_8' title="bbox 354 773 3624 870; baseline 0.009 -42"><span class='ocrx_word' id='word_1_61' title='bbox 354 773 518 830; x_wconf 89' lang='lat' dir='ltr'><strong>veluti</strong></span> <span class='ocrx_word' id='word_1_62' title='bbox 544 791 670 830; x_wconf 91' lang='lat' dir='ltr'><strong>cum</strong></span> <span class='ocrx_word' id='word_1_63' title='bbox 701 775 917 833; x_wconf 82' lang='lat' dir='ltr'><strong>Saulem</strong></span> <span class='ocrx_word' id='word_1_64' title='bbox 954 779 1254 850; x_wconf 86' lang='lat' dir='ltr'><strong>principem</strong></span> <span class='ocrx_word' id='word_1_65' title='bbox 1287 795 1356 838; x_wconf 85' lang='lat' dir='ltr'><strong>ac</strong></span> <span class='ocrx_word' id='word_1_66' title='bbox 1387 797 1569 853; x_wconf 86' lang='lat' dir='ltr'><strong>regem</strong></span> <span class='ocrx_word' id='word_1_67' title='bbox 1625 801 1789 842; x_wconf 90' lang='lat' dir='ltr'><strong>sttum</strong></span> <span class='ocrx_word' id='word_1_68' title='bbox 1835 789 2172 859; x_wconf 74' lang='lat' dir='ltr'><strong>appellabat,</strong></span> <span class='ocrx_word' id='word_1_69' title='bbox 2201 805 2260 846; x_wconf 89' lang='lat' dir='ltr'><strong>se</strong></span> <span class='ocrx_word' id='word_1_70' title='bbox 2289 807 2418 848; x_wconf 90' lang='lat' dir='ltr'><strong>vero</strong></span> <span class='ocrx_word' id='word_1_71' title='bbox 2443 809 2687 860; x_wconf 87' lang='lat' dir='ltr'><strong>servum,</strong></span> <span class='ocrx_word' id='word_1_72' title='bbox 2750 812 2942 853; x_wconf 86' lang='lat' dir='ltr'><strong>canem</strong></span> <span class='ocrx_word' id='word_1_73' title='bbox 3002 809 3301 863; x_wconf 90' lang='lat' dir='ltr'><strong>mortuum,</strong></span> <span class='ocrx_word' id='word_1_74' title='bbox 3354 811 3406 856; x_wconf 93' lang='lat' dir='ltr'><strong>et</strong></span> <span class='ocrx_word' id='word_1_75' title='bbox 3467 816 3624 870; x_wconf 86' lang='lat' dir='ltr'><strong>pror-</strong></span> 
     </span>
     <span class='ocr_line' id='line_1_9' title="bbox 354 873 769 927; baseline -0.002 0"><span class='ocrx_word' id='word_1_76' title='bbox 354 888 447 927; x_wconf 86' lang='lat' dir='ltr'><strong>sus</strong></span> <span class='ocrx_word' id='word_1_77' title='bbox 475 873 769 927; x_wconf 89' lang='lat' dir='ltr'><strong>abiectum.</strong></span> 
     </span>
    </p>
   </div>
   <div class='ocr_carea' id='block_1_9' title="bbox 352 873 769 940">
    <p class='ocr_par' dir='ltr' id='par_1_9' title="bbox 352 873 769 940">
     <span class='ocr_line' id='line_1_10' title="bbox 352 873 769 940; baseline -0.002 -11"><span class='ocrx_word' id='word_1_78' title='bbox 352 888 447 929; x_wconf 82' lang='lat' dir='ltr'><strong>sus</strong></span> <span class='ocrx_word' id='word_1_79' title='bbox 475 873 769 940; x_wconf 76' lang='lat' dir='ltr'><strong>abiectum.</strong></span> 
     </span>
    </p>
   </div>
   <div class='ocr_carea' id='block_1_10' title="bbox 434 965 1935 1056">
    <p class='ocr_par' dir='ltr' id='par_1_10' title="bbox 434 965 1933 1046">
     <span class='ocr_line' id='line_1_11' title="bbox 434 965 1933 1046; baseline 0.009 -26"><span class='ocrx_word' id='word_1_80' title='bbox 434 965 492 1020; x_wconf 86' lang='lat'><strong>&#39;0</strong></span> <span class='ocrx_word' id='word_1_81' title='bbox 521 968 667 1033; x_wconf 83' lang='grc' dir='ltr'><strong>Θεὸς</strong></span> <span class='ocrx_word' id='word_1_82' title='bbox 713 971 1034 1040; x_wconf 74' lang='grc' dir='ltr'><strong>συντρίψει</strong></span> <span class='ocrx_word' id='word_1_83' title='bbox 1064 972 1208 1040; x_wconf 85' lang='grc' dir='ltr'>τοὺς</span> <span class='ocrx_word' id='word_1_84' title='bbox 1256 975 1511 1042; x_wconf 78' lang='grc' dir='ltr'><strong>ὀδόντας</strong></span> <span class='ocrx_word' id='word_1_85' title='bbox 1536 977 1739 1032; x_wconf 82' lang='grc' dir='ltr'>αὐτῶν</span> <span class='ocrx_word' id='word_1_86' title='bbox 1761 979 1833 1034; x_wconf 78' lang='grc' dir='ltr'>ἐν</span> <span class='ocrx_word' id='word_1_87' title='bbox 1853 979 1933 1046; x_wconf 80' lang='grc' dir='ltr'>τῷ</span> 
     </span>
    </p>
   </div>
   <div class='ocr_carea' id='block_1_11' title="bbox 2034 965 3624 1056">
    <p class='ocr_par' dir='ltr' id='par_1_11' title="bbox 2108 981 3624 1056">
     <span class='ocr_line' id='line_1_12' title="bbox 2108 981 3624 1056; baseline 0.003 -21"><span class='ocrx_word' id='word_1_88' title='bbox 2108 981 2282 1037; x_wconf 73' lang='lat' dir='ltr'><strong>Vens.</strong></span> <span class='ocrx_word' id='word_1_89' title='bbox 2326 984 2378 1038; x_wconf 91' lang='lat'><strong>7.</strong></span> <span class='ocrx_word' id='word_1_90' title='bbox 2419 983 2562 1038; x_wconf 80' lang='lat' dir='ltr'><strong>Deus</strong></span> <span class='ocrx_word' id='word_1_91' title='bbox 2597 992 2829 1038; x_wconf 83' lang='lat' dir='ltr'><strong>conteret</strong></span> <span class='ocrx_word' id='word_1_92' title='bbox 2860 984 3040 1038; x_wconf 76' lang='lat' dir='ltr'><strong>dentes</strong></span> <span class='ocrx_word' id='word_1_93' title='bbox 3070 1000 3252 1038; x_wconf 86' lang='lat' dir='ltr'><strong>eorum</strong></span> <span class='ocrx_word' id='word_1_94' title='bbox 3291 985 3348 1037; x_wconf 89' lang='lat' dir='ltr'><strong>in</strong></span> <span class='ocrx_word' id='word_1_95' title='bbox 3373 1002 3462 1038; x_wconf 85' lang='lat' dir='ltr'><strong>ore</strong></span> <span class='ocrx_word' id='word_1_96' title='bbox 3477 987 3624 1056; x_wconf 82' lang='lat' dir='ltr'><strong>ipso-</strong></span> 
     </span>
    </p>
   </div>
   <div class='ocr_carea' id='block_1_12' title="bbox 351 1060 1935 1162">
    <p class='ocr_par' dir='ltr' id='par_1_12' title="bbox 351 1060 1924 1162">
     <span class='ocr_line' id='line_1_13' title="bbox 351 1060 1924 1162; baseline 0.007 -50"><span class='ocrx_word' id='word_1_97' title='bbox 351 1060 605 1162; x_wconf 57' lang='grc' dir='ltr'>στόματι</span> <span class='ocrx_word' id='word_1_98' title='bbox 629 1060 846 1116; x_wconf 84' lang='grc' dir='ltr'>αὐτῶν.</span> <span class='ocrx_word' id='word_1_99' title='bbox 888 1063 1138 1127; x_wconf 85' lang='grc' dir='ltr'>Ὀδόντας</span> <span class='ocrx_word' id='word_1_100' title='bbox 1171 1065 1430 1137; x_wconf 80' lang='grc' dir='ltr'><strong>ὀνομάζει</strong></span> <span class='ocrx_word' id='word_1_101' title='bbox 1451 1068 1551 1131; x_wconf 79' lang='grc' dir='ltr'><strong>τὰς</strong></span> <span class='ocrx_word' id='word_1_102' title='bbox 1585 1072 1924 1134; x_wconf 81' lang='grc' dir='ltr'>κακυντικάς</span> 
     </span>
    </p>
   </div>
   <div class='ocr_carea' id='block_1_13' title="bbox 2034 1060 3628 1162">
    <p class='ocr_par' dir='ltr' id='par_1_13' title="bbox 2035 1073 3628 1146">
     <span class='ocr_line' id='line_1_14' title="bbox 2035 1073 3628 1146; baseline 0.002 -18"><span class='ocrx_word' id='word_1_103' title='bbox 2035 1091 2170 1128; x_wconf 79' lang='lat' dir='ltr'><strong>rum.</strong></span> <span class='ocrx_word' id='word_1_104' title='bbox 2204 1073 2308 1130; x_wconf 90' lang='lat' dir='ltr'><strong>Per</strong></span> <span class='ocrx_word' id='word_1_105' title='bbox 2338 1075 2531 1131; x_wconf 89' lang='lat' dir='ltr'><strong>dentes</strong></span> <span class='ocrx_word' id='word_1_106' title='bbox 2561 1115 2576 1138; x_wconf 89' lang='lat'><strong>.</strong></span> <span class='ocrx_word' id='word_1_107' title='bbox 2607 1076 2945 1146; x_wconf 90' lang='lat' dir='ltr'><strong>perniciosas</strong></span> <span class='ocrx_word' id='word_1_108' title='bbox 2972 1091 3034 1130; x_wconf 87' lang='lat' dir='ltr'><strong>ac</strong></span> <span class='ocrx_word' id='word_1_109' title='bbox 3079 1077 3290 1132; x_wconf 88' lang='lat' dir='ltr'><strong>validas</strong></span> <span class='ocrx_word' id='word_1_110' title='bbox 3323 1093 3514 1132; x_wconf 91' lang='lat' dir='ltr'><strong>eorum</strong></span> <span class='ocrx_word' id='word_1_111' title='bbox 3548 1079 3628 1131; x_wconf 77' lang='lat' dir='ltr'><strong>vi—</strong></span> 
     </span>
    </p>
   </div>
   <div class='ocr_carea' id='block_1_14' title="bbox 353 1152 1935 1237">
    <p class='ocr_par' dir='ltr' id='par_1_14' title="bbox 353 1152 1934 1224">
     <span class='ocr_line' id='line_1_15' title="bbox 353 1152 1934 1224; baseline 0.007 -22"><span class='ocrx_word' id='word_1_112' title='bbox 353 1152 467 1202; x_wconf 84' lang='grc' dir='ltr'>τῶν</span> <span class='ocrx_word' id='word_1_113' title='bbox 501 1153 759 1206; x_wconf 78' lang='grc' dir='ltr'><strong>τοιούτων</strong></span> <span class='ocrx_word' id='word_1_114' title='bbox 783 1152 1049 1224; x_wconf 87' lang='grc' dir='ltr'>δυνάμεις</span> <span class='ocrx_word' id='word_1_115' title='bbox 1069 1172 1082 1186; x_wconf 93' lang='grc'><strong>·</strong></span> <span class='ocrx_word' id='word_1_116' title='bbox 1117 1155 1340 1220; x_wconf 83' lang='grc' dir='ltr'><strong>ὀδόντας</strong></span> <span class='ocrx_word' id='word_1_117' title='bbox 1363 1158 1419 1211; x_wconf 85' lang='grc' dir='ltr'>δὲ</span> <span class='ocrx_word' id='word_1_118' title='bbox 1453 1158 1650 1224; x_wconf 82' lang='grc' dir='ltr'>εἰπὼν,</span> <span class='ocrx_word' id='word_1_119' title='bbox 1684 1161 1780 1214; x_wconf 76' lang='grc' dir='ltr'><strong>καὶ</strong></span> <span class='ocrx_word' id='word_1_120' title='bbox 1811 1160 1934 1213; x_wconf 80' lang='grc' dir='ltr'>στό-</span> 
     </span>
    </p>
   </div>
   <div class='ocr_carea' id='block_1_15' title="bbox 2034 1152 3627 1237">
    <p class='ocr_par' dir='ltr' id='par_1_15' title="bbox 2034 1166 3627 1237">
     <span class='ocr_line' id='line_1_16' title="bbox 2034 1166 3627 1237; baseline 0.001 -16"><span class='ocrx_word' id='word_1_121' title='bbox 2034 1181 2123 1221; x_wconf 86' lang='lat' dir='ltr'><strong>res</strong></span> <span class='ocrx_word' id='word_1_122' title='bbox 2158 1166 2435 1237; x_wconf 73' lang='lat' dir='ltr'><strong>intelligit,</strong></span> <span class='ocrx_word' id='word_1_123' title='bbox 2464 1175 2519 1221; x_wconf 88' lang='lat' dir='ltr'><strong>et</strong></span> <span class='ocrx_word' id='word_1_124' title='bbox 2557 1167 2839 1234; x_wconf 77' lang='lat' dir='ltr'><strong>expositas</strong></span> <span class='ocrx_word' id='word_1_125' title='bbox 2867 1167 2934 1220; x_wconf 87' lang='lat' dir='ltr'><strong>ad</strong></span> <span class='ocrx_word' id='word_1_126' title='bbox 2970 1168 3238 1237; x_wconf 84' lang='lat' dir='ltr'><strong>patranda</strong></span> <span class='ocrx_word' id='word_1_127' title='bbox 3289 1168 3518 1222; x_wconf 89' lang='lat' dir='ltr'><strong>scelera.</strong></span> <span class='ocrx_word' id='word_1_128' title='bbox 3563 1169 3627 1223; x_wconf 86' lang='lat' dir='ltr'><strong>Et</strong></span> 
     </span>
    </p>
   </div>
   <div class='ocr_carea' id='block_1_16' title="bbox 359 1243 1935 1350">
    <p class='ocr_par' dir='ltr' id='par_1_16' title="bbox 359 1243 1933 1350">
     <span class='ocr_line' id='line_1_17' title="bbox 359 1243 1933 1350; baseline 0.006 -56"><span class='ocrx_word' id='word_1_129' title='bbox 359 1258 550 1350; x_wconf 68' lang='grc' dir='ltr'><strong>ματος⁸</strong></span> <span class='ocrx_word' id='word_1_130' title='bbox 583 1243 1015 1314; x_wconf 77' lang='grc' dir='ltr'><strong>ἐμνημόνευσεν,</strong></span> <span class='ocrx_word' id='word_1_131' title='bbox 1068 1246 1098 1301; x_wconf 81' lang='grc' dir='ltr'><strong>δ</strong></span> <span class='ocrx_word' id='word_1_132' title='bbox 1150 1249 1367 1319; x_wconf 84' lang='grc' dir='ltr'><strong>νοήσεις</strong></span> <span class='ocrx_word' id='word_1_133' title='bbox 1421 1249 1522 1322; x_wconf 77' lang='grc' dir='ltr'>τὴν</span> <span class='ocrx_word' id='word_1_134' title='bbox 1578 1250 1933 1324; x_wconf 79' lang='grc' dir='ltr'>περιεκτικήν</span> 
     </span>
    </p>
   </div>
   <div class='ocr_carea' id='block_1_17' title="bbox 2034 1243 3625 1350">
    <p class='ocr_par' dir='ltr' id='par_1_17' title="bbox 2034 1258 3625 1331">
     <span class='ocr_line' id='line_1_18' title="bbox 2034 1258 3625 1331; baseline 0 -17"><span class='ocrx_word' id='word_1_135' title='bbox 2034 1274 2156 1314; x_wconf 88' lang='lat' dir='ltr'><strong>cum</strong></span> <span class='ocrx_word' id='word_1_136' title='bbox 2188 1258 2434 1312; x_wconf 89' lang='lat' dir='ltr'><strong>dentium</strong></span> <span class='ocrx_word' id='word_1_137' title='bbox 2466 1258 2798 1324; x_wconf 90' lang='lat' dir='ltr'><strong>meminerit,</strong></span> <span class='ocrx_word' id='word_1_138' title='bbox 2849 1259 3027 1331; x_wconf 89' lang='lat' dir='ltr'><strong>ipsum</strong></span> <span class='ocrx_word' id='word_1_139' title='bbox 3085 1261 3249 1314; x_wconf 81' lang='lat' dir='ltr'><strong>etiam</strong></span> <span class='ocrx_word' id='word_1_140' title='bbox 3281 1276 3344 1316; x_wconf 88' lang='lat' dir='ltr'><strong>os</strong></span> <span class='ocrx_word' id='word_1_141' title='bbox 3376 1261 3625 1325; x_wconf 88' lang='lat' dir='ltr'><strong>addidit,</strong></span> 
     </span>
    </p>
   </div>
   <div class='ocr_carea' id='block_1_18' title="bbox 353 1350 3626 1422">
    <p class='ocr_par' dir='ltr' id='par_1_18' title="bbox 353 1350 3626 1422">
     <span class='ocr_line' id='line_1_19' title="bbox 353 1350 3626 1422; baseline 0.002 -19"><span class='ocrx_word' id='word_1_142' title='bbox 353 1350 638 1404; x_wconf 75' lang='grc' dir='ltr'>πονηριανο</span> <span class='ocrx_word' id='word_1_143' title='bbox 1065 1388 1068 1390; x_wconf 58' lang='grc' dir='ltr'><em>η</em></span> <span class='ocrx_word' id='word_1_144' title='bbox 2045 1367 2156 1422; x_wconf 93' lang='lat' dir='ltr'><strong>quo</strong></span> <span class='ocrx_word' id='word_1_145' title='bbox 2181 1351 2582 1422; x_wconf 89' lang='lat' dir='ltr'><strong>complectendi</strong></span> <span class='ocrx_word' id='word_1_146' title='bbox 2629 1360 2799 1422; x_wconf 91' lang='lat' dir='ltr'><strong>atque</strong></span> <span class='ocrx_word' id='word_1_147' title='bbox 2841 1352 3345 1409; x_wconf 86' lang='lat' dir='ltr'><strong>comorehendendi</strong></span> <span class='ocrx_word' id='word_1_148' title='bbox 3395 1354 3626 1410; x_wconf 81' lang='lat' dir='ltr'><strong>facultas</strong></span> 
     </span>
    </p>
   </div>
   <div class='ocr_carea' id='block_1_19' title="bbox 2046 1443 2346 1499">
    <p class='ocr_par' dir='ltr' id='par_1_19' title="bbox 2046 1443 2346 1499">
     <span class='ocr_line' id='line_1_20' title="bbox 2046 1443 2346 1499; baseline 0 0"><span class='ocrx_word' id='word_1_149' title='bbox 2046 1443 2346 1499; x_wconf 81' lang='lat' dir='ltr'><strong>indicatur.</strong></span> 
     </span>
    </p>
   </div>
   <div class='ocr_carea' id='block_1_20' title="bbox 422 1509 1935 1621">
    <p class='ocr_par' dir='ltr' id='par_1_20' title="bbox 422 1509 1932 1621">
     <span class='ocr_line' id='line_1_21' title="bbox 422 1509 1932 1621; baseline 0.011 -56"><span class='ocrx_word' id='word_1_150' title='bbox 422 1509 751 1621; x_wconf 52' lang='grc' dir='ltr'><strong>Τὰεμύλας</strong></span> <span class='ocrx_word' id='word_1_151' title='bbox 777 1513 900 1570; x_wconf 80' lang='grc' dir='ltr'><strong>τῶν</strong></span> <span class='ocrx_word' id='word_1_152' title='bbox 932 1518 1201 1573; x_wconf 71' lang='grc' dir='ltr'>λεόντων</span> <span class='ocrx_word' id='word_1_153' title='bbox 1229 1521 1620 1577; x_wconf 61' lang='lat' dir='ltr'><strong>avrea/lacer</strong></span> <span class='ocrx_word' id='word_1_154' title='bbox 1637 1526 1673 1579; x_wconf 83' lang='grc' dir='ltr'><strong>δ</strong></span> <span class='ocrx_word' id='word_1_155' title='bbox 1697 1526 1932 1594; x_wconf 82' lang='grc' dir='ltr'>Κύριος.</span> 
     </span>
    </p>
   </div>
   <div class='ocr_carea' id='block_1_21' title="bbox 2034 1509 3625 1621">
    <p class='ocr_par' dir='ltr' id='par_1_21' title="bbox 2113 1534 3625 1607">
     <span class='ocr_line' id='line_1_22' title="bbox 2113 1534 3625 1607; baseline -0.001 -17"><span class='ocrx_word' id='word_1_156' title='bbox 2113 1536 2284 1591; x_wconf 71' lang='lat' dir='ltr'><strong>Malas</strong></span> <span class='ocrx_word' id='word_1_157' title='bbox 2327 1536 2536 1591; x_wconf 85' lang='lat' dir='ltr'><strong>leonum</strong></span> <span class='ocrx_word' id='word_1_158' title='bbox 2581 1536 2838 1607; x_wconf 76' lang='lat' dir='ltr'><strong>confregit</strong></span> <span class='ocrx_word' id='word_1_159' title='bbox 2890 1534 3171 1590; x_wconf 79' lang='lat' dir='ltr'><strong>Dominus.</strong></span> <span class='ocrx_word' id='word_1_160' title='bbox 3236 1535 3297 1590; x_wconf 87' lang='lat' dir='ltr'><strong>In</strong></span> <span class='ocrx_word' id='word_1_161' title='bbox 3351 1536 3625 1604; x_wconf 87' lang='lat' dir='ltr'><strong>superiori</strong></span> 
     </span>
    </p>
   </div>
   <div class='ocr_carea' id='block_1_22' title="bbox 360 1605 1935 1712">
    <p class='ocr_par' dir='ltr' id='par_1_22' title="bbox 360 1605 1930 1712">
     <span class='ocr_line' id='line_1_23' title="bbox 360 1605 1930 1712; baseline 0.012 -54"><span class='ocrx_word' id='word_1_162' title='bbox 360 1605 454 1712; x_wconf 44' lang='lat' dir='ltr'><strong>I’Ev</strong></span> <span class='ocrx_word' id='word_1_163' title='bbox 592 1611 921 1681; x_wconf 75' lang='grc' dir='ltr'>προλαϐόντι</span> <span class='ocrx_word' id='word_1_164' title='bbox 940 1613 1142 1685; x_wconf 83' lang='grc' dir='ltr'>ψαλμῷ</span> <span class='ocrx_word' id='word_1_165' title='bbox 1161 1616 1438 1687; x_wconf 81' lang='grc' dir='ltr'><strong>σκύμνους</strong></span> <span class='ocrx_word' id='word_1_166' title='bbox 1463 1620 1634 1684; x_wconf 67' lang='grc' dir='ltr'>αὑτὰς</span> <span class='ocrx_word' id='word_1_167' title='bbox 1667 1621 1930 1687; x_wconf 86' lang='grc' dir='ltr'>καλέσας.</span> 
     </span>
    </p>
   </div>
   <div class='ocr_carea' id='block_1_23' title="bbox 2034 1605 3623 1712">
    <p class='ocr_par' dir='ltr' id='par_1_23' title="bbox 2046 1605 3623 1699">
     <span class='ocr_line' id='line_1_24' title="bbox 2046 1605 3623 1699; baseline -0.001 -15"><span class='ocrx_word' id='word_1_168' title='bbox 2046 1628 2260 1698; x_wconf 89' lang='lat' dir='ltr'><strong>psalmo</strong></span> <span class='ocrx_word' id='word_1_169' title='bbox 2285 1628 2501 1684; x_wconf 90' lang='lat' dir='ltr'><strong>catulos</strong></span> <span class='ocrx_word' id='word_1_170' title='bbox 2524 1605 2742 1684; x_wconf 91' lang='lat' dir='ltr'><strong>leonum</strong></span> <span class='ocrx_word' id='word_1_171' title='bbox 2768 1605 2871 1684; x_wconf 83' lang='lat' dir='ltr'><strong>eos</strong></span> <span class='ocrx_word' id='word_1_172' title='bbox 2899 1629 3193 1699; x_wconf 82' lang='lat' dir='ltr'><strong>appellavit</strong></span> <span class='ocrx_word' id='word_1_173' title='bbox 3225 1644 3240 1682; x_wconf 90' lang='lat'>:</span> <span class='ocrx_word' id='word_1_174' title='bbox 3272 1629 3328 1682; x_wconf 86' lang='lat' dir='ltr'><strong>in</strong></span> <span class='ocrx_word' id='word_1_175' title='bbox 3366 1629 3623 1696; x_wconf 81' lang='lat' dir='ltr'><strong>praesenti</strong></span> 
     </span>
    </p>
   </div>
   <div class='ocr_carea' id='block_1_24' title="bbox 347 1700 1935 1816">
    <p class='ocr_par' dir='ltr' id='par_1_24' title="bbox 347 1700 1934 1816">
     <span class='ocr_line' id='line_1_25' title="bbox 347 1700 1934 1816; baseline 0.011 -65"><span class='ocrx_word' id='word_1_176' title='bbox 347 1700 406 1751; x_wconf 74' lang='grc' dir='ltr'>ἐν</span> <span class='ocrx_word' id='word_1_177' title='bbox 440 1700 522 1770; x_wconf 84' lang='grc' dir='ltr'>τῷ</span> <span class='ocrx_word' id='word_1_178' title='bbox 551 1703 804 1816; x_wconf 46' lang='grc' dir='ltr'>παρόντι,</span> <span class='ocrx_word' id='word_1_179' title='bbox 852 1706 953 1759; x_wconf 78' lang='grc' dir='ltr'>καὶ</span> <span class='ocrx_word' id='word_1_180' title='bbox 981 1708 1111 1777; x_wconf 76' lang='grc' dir='ltr'>περὶ</span> <span class='ocrx_word' id='word_1_181' title='bbox 1141 1707 1372 1763; x_wconf 85' lang='grc' dir='ltr'><strong>ὀδόντων</strong></span> <span class='ocrx_word' id='word_1_182' title='bbox 1400 1710 1590 1780; x_wconf 81' lang='grc' dir='ltr'>φησιν.</span> <span class='ocrx_word' id='word_1_183' title='bbox 1627 1711 1784 1768; x_wconf 84' lang='grc' dir='ltr'>Ἐστι</span> <span class='ocrx_word' id='word_1_184' title='bbox 1823 1714 1879 1767; x_wconf 82' lang='grc' dir='ltr'>δὲ</span> <span class='ocrx_word' id='word_1_185' title='bbox 1906 1716 1934 1768; x_wconf 86' lang='grc' dir='ltr'><strong>ό</strong></span> 
     </span>
    </p>
   </div>
   <div class='ocr_carea' id='block_1_25' title="bbox 2034 1700 3622 1816">
    <p class='ocr_par' dir='ltr' id='par_1_25' title="bbox 2042 1721 3622 1782">
     <span class='ocr_line' id='line_1_26' title="bbox 2042 1721 3622 1782; baseline -0.002 -5"><span class='ocrx_word' id='word_1_186' title='bbox 2042 1737 2174 1778; x_wconf 83' lang='lat' dir='ltr'><strong>vero</strong></span> <span class='ocrx_word' id='word_1_187' title='bbox 2213 1723 2435 1778; x_wconf 90' lang='lat' dir='ltr'><strong>leonum</strong></span> <span class='ocrx_word' id='word_1_188' title='bbox 2487 1721 2682 1777; x_wconf 88' lang='lat' dir='ltr'><strong>dentes</strong></span> <span class='ocrx_word' id='word_1_189' title='bbox 2708 1721 2929 1782; x_wconf 57' lang='lat' dir='ltr'><strong>ihabere</strong></span> <span class='ocrx_word' id='word_1_190' title='bbox 2980 1722 3106 1778; x_wconf 86' lang='lat' dir='ltr'><strong>illos</strong></span> <span class='ocrx_word' id='word_1_191' title='bbox 3154 1721 3308 1776; x_wconf 91' lang='lat' dir='ltr'><strong>dicit.</strong></span> <span class='ocrx_word' id='word_1_192' title='bbox 3353 1721 3622 1776; x_wconf 68' lang='lat' dir='ltr'><strong>Caeterum</strong></span> 
     </span>
    </p>
   </div>
   <div class='ocr_carea' id='block_1_26' title="bbox 351 1797 1935 1883">
    <p class='ocr_par' dir='ltr' id='par_1_26' title="bbox 351 1797 1930 1870">
     <span class='ocr_line' id='line_1_27' title="bbox 351 1797 1930 1870; baseline 0.006 -22"><span class='ocrx_word' id='word_1_193' title='bbox 351 1797 534 1867; x_wconf 79' lang='grc' dir='ltr'>στίχος</span> <span class='ocrx_word' id='word_1_194' title='bbox 584 1797 740 1861; x_wconf 72' lang='grc' dir='ltr'>οὗτος</span> <span class='ocrx_word' id='word_1_195' title='bbox 781 1798 1188 1866; x_wconf 75' lang='grc' dir='ltr'><strong>διπλασιασμὸς</strong></span> <span class='ocrx_word' id='word_1_196' title='bbox 1236 1801 1334 1854; x_wconf 85' lang='grc' dir='ltr'><strong>τοῦ</strong></span> <span class='ocrx_word' id='word_1_197' title='bbox 1374 1801 1484 1870; x_wconf 77' lang='grc' dir='ltr'>πρὸ</span> <span class='ocrx_word' id='word_1_198' title='bbox 1514 1801 1705 1868; x_wconf 80' lang='grc' dir='ltr'>αὐτοῦ,</span> <span class='ocrx_word' id='word_1_199' title='bbox 1746 1803 1930 1867; x_wconf 81' lang='grc' dir='ltr'>καθὼς</span> 
     </span>
    </p>
   </div>
   <div class='ocr_carea' id='block_1_27' title="bbox 2034 1797 3622 1883">
    <p class='ocr_par' dir='ltr' id='par_1_27' title="bbox 2035 1813 3622 1883">
     <span class='ocr_line' id='line_1_28' title="bbox 2035 1813 3622 1883; baseline -0.001 -15"><span class='ocrx_word' id='word_1_200' title='bbox 2035 1814 2090 1868; x_wconf 84' lang='grc' dir='ltr'>ἰη</span> <span class='ocrx_word' id='word_1_201' title='bbox 2125 1814 2228 1870; x_wconf 91' lang='lat' dir='ltr'><strong>hoc</strong></span> <span class='ocrx_word' id='word_1_202' title='bbox 2252 1813 2523 1870; x_wconf 80' lang='lat' dir='ltr'><strong>versiculo</strong></span> <span class='ocrx_word' id='word_1_203' title='bbox 2549 1813 2797 1869; x_wconf 84' lang='lat' dir='ltr'><strong>eamdem</strong></span> <span class='ocrx_word' id='word_1_204' title='bbox 2821 1813 3021 1883; x_wconf 87' lang='lat' dir='ltr'><strong>repetit</strong></span> <span class='ocrx_word' id='word_1_205' title='bbox 3071 1813 3404 1868; x_wconf 88' lang='lat' dir='ltr'><strong>sententiam</strong></span> <span class='ocrx_word' id='word_1_206' title='bbox 3455 1827 3622 1883; x_wconf 84' lang='lat' dir='ltr'><strong>quam</strong></span> 
     </span>
    </p>
   </div>
   <div class='ocr_carea' id='block_1_28' title="bbox 347 1887 1935 1975">
    <p class='ocr_par' dir='ltr' id='par_1_28' title="bbox 347 1887 1927 1960">
     <span class='ocr_line' id='line_1_29' title="bbox 347 1887 1927 1960; baseline 0.006 -22"><span class='ocrx_word' id='word_1_207' title='bbox 347 1888 407 1940; x_wconf 78' lang='grc' dir='ltr'>ἐν</span> <span class='ocrx_word' id='word_1_208' title='bbox 437 1887 653 1951; x_wconf 77' lang='grc' dir='ltr'>πολλοῖς</span> <span class='ocrx_word' id='word_1_209' title='bbox 708 1888 1034 1960; x_wconf 71' lang='grc' dir='ltr'>εἰρήκαμεν.</span> <span class='ocrx_word' id='word_1_210' title='bbox 1080 1890 1232 1944; x_wconf 71' lang='grc' dir='ltr'>Ἐπεὶ</span> <span class='ocrx_word' id='word_1_211' title='bbox 1265 1892 1360 1945; x_wconf 74' lang='grc' dir='ltr'>καὶ</span> <span class='ocrx_word' id='word_1_212' title='bbox 1393 1892 1450 1946; x_wconf 76' lang='grc' dir='ltr'>αἱ</span> <span class='ocrx_word' id='word_1_213' title='bbox 1494 1891 1682 1960; x_wconf 82' lang='grc' dir='ltr'><strong>μύλαι,</strong></span> <span class='ocrx_word' id='word_1_214' title='bbox 1713 1894 1927 1958; x_wconf 82' lang='grc' dir='ltr'>ὀδόντες</span> 
     </span>
    </p>
   </div>
   <div class='ocr_carea' id='block_1_29' title="bbox 2034 1887 3622 1975">
    <p class='ocr_par' dir='ltr' id='par_1_29' title="bbox 2037 1905 3622 1975">
     <span class='ocr_line' id='line_1_30' title="bbox 2037 1905 3622 1975; baseline -0.004 -13"><span class='ocrx_word' id='word_1_215' title='bbox 2037 1908 2092 1962; x_wconf 86' lang='lat' dir='ltr'><strong>in</strong></span> <span class='ocrx_word' id='word_1_216' title='bbox 2126 1905 2455 1975; x_wconf 69' lang='lat' dir='ltr'><strong>praecedenti</strong></span> <span class='ocrx_word' id='word_1_217' title='bbox 2505 1905 2782 1959; x_wconf 85' lang='lat' dir='ltr'><strong>vidimus:</strong></span> <span class='ocrx_word' id='word_1_218' title='bbox 2842 1905 3304 1974; x_wconf 83' lang='lat' dir='ltr'><strong>quemadmodum</strong></span> <span class='ocrx_word' id='word_1_219' title='bbox 3369 1919 3622 1972; x_wconf 63' lang='grc' dir='ltr'>στεροπα-</span> 
     </span>
    </p>
   </div>
   <div class='ocr_carea' id='block_1_30' title="bbox 347 1979 1935 2064">
    <p class='ocr_par' dir='ltr' id='par_1_30' title="bbox 347 1979 1924 2054">
     <span class='ocr_line' id='line_1_31' title="bbox 347 1979 1924 2054; baseline 0.003 -21"><span class='ocrx_word' id='word_1_220' title='bbox 347 1981 512 2034; x_wconf 80' lang='grc' dir='ltr'>εῑστν.</span> <span class='ocrx_word' id='word_1_221' title='bbox 543 1981 637 2042; x_wconf 79' lang='grc' dir='ltr'><strong>Ἰῐ,</strong></span> <span class='ocrx_word' id='word_1_222' title='bbox 663 1981 710 2033; x_wconf 79' lang='grc' dir='ltr'>εἰ</span> <span class='ocrx_word' id='word_1_223' title='bbox 732 1979 936 2050; x_wconf 84' lang='grc' dir='ltr'><strong>βούλει,</strong></span> <span class='ocrx_word' id='word_1_224' title='bbox 959 1980 1181 2045; x_wconf 81' lang='grc' dir='ltr'>ὀδόντας</span> <span class='ocrx_word' id='word_1_225' title='bbox 1206 1982 1328 2048; x_wconf 73' lang='grc' dir='ltr'>μὲν,</span> <span class='ocrx_word' id='word_1_226' title='bbox 1348 1985 1564 2051; x_wconf 84' lang='grc' dir='ltr'><strong>νοήσεις</strong></span> <span class='ocrx_word' id='word_1_227' title='bbox 1579 1987 1924 2054; x_wconf 79' lang='grc' dir='ltr'><strong>τοὺςτομεῖς⁹</strong></span> 
     </span>
    </p>
   </div>
   <div class='ocr_carea' id='block_1_31' title="bbox 2034 1979 3620 2064">
    <p class='ocr_par' dir='ltr' id='par_1_31' title="bbox 2040 1993 3620 2064">
     <span class='ocr_line' id='line_1_32' title="bbox 2040 1993 3620 2064; baseline -0.002 -13"><span class='ocrx_word' id='word_1_228' title='bbox 2040 2011 2192 2051; x_wconf 89' lang='lat' dir='ltr'><strong>mero</strong></span> <span class='ocrx_word' id='word_1_229' title='bbox 2229 1996 2474 2050; x_wconf 74' lang='lat' dir='ltr'><strong>diximus</strong></span> <span class='ocrx_word' id='word_1_230' title='bbox 2525 1995 2844 2064; x_wconf 82' lang='lat' dir='ltr'><strong>prophetam</strong></span> <span class='ocrx_word' id='word_1_231' title='bbox 2891 1995 3089 2050; x_wconf 90' lang='lat' dir='ltr'><strong>facere.</strong></span> <span class='ocrx_word' id='word_1_232' title='bbox 3136 1993 3271 2048; x_wconf 85' lang='lat' dir='ltr'><strong>Nam</strong></span> <span class='ocrx_word' id='word_1_233' title='bbox 3318 2004 3372 2049; x_wconf 89' lang='lat' dir='ltr'><strong>et</strong></span> <span class='ocrx_word' id='word_1_234' title='bbox 3423 1996 3620 2058; x_wconf 61' lang='lat' dir='ltr'><strong>molat,</strong></span> 
     </span>
    </p>
   </div>
   <div class='ocr_carea' id='block_1_32' title="bbox 352 2071 1935 2154">
    <p class='ocr_par' dir='ltr' id='par_1_32' title="bbox 352 2071 1928 2142">
     <span class='ocr_line' id='line_1_33' title="bbox 352 2071 1928 2142; baseline 0.004 -18"><span class='ocrx_word' id='word_1_235' title='bbox 352 2071 530 2141; x_wconf 80' lang='grc' dir='ltr'>μύλας</span> <span class='ocrx_word' id='word_1_236' title='bbox 557 2071 636 2138; x_wconf 84' lang='grc' dir='ltr'>δὲ,</span> <span class='ocrx_word' id='word_1_237' title='bbox 665 2071 794 2136; x_wconf 76' lang='grc' dir='ltr'>τοὺς</span> <span class='ocrx_word' id='word_1_238' title='bbox 849 2073 1129 2142; x_wconf 66' lang='grc' dir='ltr'>ἐνδότερον</span> <span class='ocrx_word' id='word_1_239' title='bbox 1158 2073 1400 2139; x_wconf 80' lang='grc' dir='ltr'>ὀδόντας,</span> <span class='ocrx_word' id='word_1_240' title='bbox 1430 2073 1530 2138; x_wconf 81' lang='grc' dir='ltr'>οὓς</span> <span class='ocrx_word' id='word_1_241' title='bbox 1565 2078 1658 2130; x_wconf 68' lang='grc' dir='ltr'>καὶ</span> <span class='ocrx_word' id='word_1_242' title='bbox 1683 2077 1928 2130; x_wconf 84' lang='grc' dir='ltr'>λεαίνον-</span> 
     </span>
    </p>
   </div>
   <div class='ocr_carea' id='block_1_33' title="bbox 2034 2071 3626 2154">
    <p class='ocr_par' dir='ltr' id='par_1_33' title="bbox 2041 2084 3626 2154">
     <span class='ocr_line' id='line_1_34' title="bbox 2041 2084 3626 2154; baseline -0.001 -15"><span class='ocrx_word' id='word_1_243' title='bbox 2041 2087 2277 2154; x_wconf 84' lang='lat' dir='ltr'><strong>majores</strong></span> <span class='ocrx_word' id='word_1_244' title='bbox 2304 2085 2498 2141; x_wconf 87' lang='lat' dir='ltr'><strong>dentes</strong></span> <span class='ocrx_word' id='word_1_245' title='bbox 2533 2096 2682 2141; x_wconf 89' lang='lat' dir='ltr'><strong>sunt.</strong></span> <span class='ocrx_word' id='word_1_246' title='bbox 2713 2087 2879 2140; x_wconf 90' lang='lat' dir='ltr'><strong>Potes</strong></span> <span class='ocrx_word' id='word_1_247' title='bbox 2903 2086 3066 2140; x_wconf 85' lang='lat' dir='ltr'><strong>etiam</strong></span> <span class='ocrx_word' id='word_1_248' title='bbox 3111 2101 3205 2153; x_wconf 88' lang='lat' dir='ltr'><strong>per</strong></span> <span class='ocrx_word' id='word_1_249' title='bbox 3231 2084 3428 2138; x_wconf 86' lang='lat' dir='ltr'><strong>dentes</strong></span> <span class='ocrx_word' id='word_1_250' title='bbox 3458 2084 3626 2138; x_wconf 86' lang='lat' dir='ltr'><strong>intel-</strong></span> 
     </span>
    </p>
   </div>
   <div class='ocr_carea' id='block_1_34' title="bbox 346 2163 1935 2248">
    <p class='ocr_par' dir='ltr' id='par_1_34' title="bbox 346 2163 1934 2239">
     <span class='ocr_line' id='line_1_35' title="bbox 346 2163 1934 2239; baseline 0.004 -23"><span class='ocrx_word' id='word_1_251' title='bbox 346 2181 450 2226; x_wconf 90' lang='grc' dir='ltr'><strong>τας</strong></span> <span class='ocrx_word' id='word_1_252' title='bbox 488 2163 749 2233; x_wconf 86' lang='grc' dir='ltr'>λέγομεν,</span> <span class='ocrx_word' id='word_1_253' title='bbox 786 2164 862 2227; x_wconf 81' lang='grc' dir='ltr'><strong>ὡς</strong></span> <span class='ocrx_word' id='word_1_254' title='bbox 893 2165 1136 2218; x_wconf 81' lang='grc' dir='ltr'><strong>νοεῖσθαι</strong></span> <span class='ocrx_word' id='word_1_255' title='bbox 1165 2165 1256 2219; x_wconf 81' lang='grc' dir='ltr'>διὰ</span> <span class='ocrx_word' id='word_1_256' title='bbox 1277 2166 1486 2220; x_wconf 75' lang='grc' dir='ltr'>τούτων</span> <span class='ocrx_word' id='word_1_257' title='bbox 1514 2170 1616 2232; x_wconf 82' lang='grc' dir='ltr'><strong>τὰς</strong></span> <span class='ocrx_word' id='word_1_258' title='bbox 1643 2163 1806 2239; x_wconf 84' lang='grc' dir='ltr'>ἦττον</span> <span class='ocrx_word' id='word_1_259' title='bbox 1836 2170 1934 2222; x_wconf 74' lang='grc' dir='ltr'>καὶ</span> 
     </span>
    </p>
   </div>
   <div class='ocr_carea' id='block_1_35' title="bbox 2034 2163 3624 2248">
    <p class='ocr_par' dir='ltr' id='par_1_35' title="bbox 2034 2175 3624 2248">
     <span class='ocr_line' id='line_1_36' title="bbox 2034 2175 3624 2248; baseline -0.003 -18"><span class='ocrx_word' id='word_1_260' title='bbox 2034 2177 2197 2248; x_wconf 89' lang='lat' dir='ltr'><strong>ligere</strong></span> <span class='ocrx_word' id='word_1_261' title='bbox 2227 2192 2322 2232; x_wconf 90' lang='lat' dir='ltr'><strong>eos</strong></span> <span class='ocrx_word' id='word_1_262' title='bbox 2352 2184 2562 2231; x_wconf 91' lang='lat' dir='ltr'><strong>tantum</strong></span> <span class='ocrx_word' id='word_1_263' title='bbox 2596 2176 2685 2230; x_wconf 92' lang='lat' dir='ltr'><strong>hic</strong></span> <span class='ocrx_word' id='word_1_264' title='bbox 2717 2176 2826 2230; x_wconf 89' lang='lat' dir='ltr'><strong>dici</strong></span> <span class='ocrx_word' id='word_1_265' title='bbox 2852 2216 2867 2238; x_wconf 93' lang='lat'><strong>,</strong></span> <span class='ocrx_word' id='word_1_266' title='bbox 2904 2176 2998 2242; x_wconf 88' lang='lat' dir='ltr'><strong>qui</strong></span> <span class='ocrx_word' id='word_1_267' title='bbox 3053 2175 3233 2230; x_wconf 89' lang='lat' dir='ltr'><strong>cibum</strong></span> <span class='ocrx_word' id='word_1_268' title='bbox 3291 2183 3583 2228; x_wconf 85' lang='lat' dir='ltr'><strong>conterunt</strong></span> <span class='ocrx_word' id='word_1_269' title='bbox 3607 2212 3624 2236; x_wconf 91' lang='lat'><strong>,</strong></span> 
     </span>
    </p>
   </div>
   <div class='ocr_carea' id='block_1_36' title="bbox 356 2251 1935 2339">
    <p class='ocr_par' dir='ltr' id='par_1_36' title="bbox 356 2251 1930 2330">
     <span class='ocr_line' id='line_1_37' title="bbox 356 2251 1930 2330; baseline 0.004 -22"><span class='ocrx_word' id='word_1_270' title='bbox 356 2254 559 2324; x_wconf 76' lang='grc' dir='ltr'>μᾶλλον</span> <span class='ocrx_word' id='word_1_271' title='bbox 585 2254 814 2324; x_wconf 75' lang='grc' dir='ltr'>βλάϐας,</span> <span class='ocrx_word' id='word_1_272' title='bbox 843 2251 933 2319; x_wconf 74' lang='grc' dir='ltr'><strong>αἷς</strong></span> <span class='ocrx_word' id='word_1_273' title='bbox 973 2254 1246 2309; x_wconf 77' lang='grc' dir='ltr'>ἔϐλαπτον</span> <span class='ocrx_word' id='word_1_274' title='bbox 1274 2258 1401 2320; x_wconf 85' lang='grc' dir='ltr'>τοὺς</span> <span class='ocrx_word' id='word_1_275' title='bbox 1453 2260 1930 2330; x_wconf 81' lang='grc' dir='ltr'>παραπίπτοντας.</span> 
     </span>
    </p>
   </div>
   <div class='ocr_carea' id='block_1_37' title="bbox 2034 2251 3622 2339">
    <p class='ocr_par' dir='ltr' id='par_1_37' title="bbox 2034 2265 3622 2339">
     <span class='ocr_line' id='line_1_38' title="bbox 2034 2265 3622 2339; baseline -0.003 -16"><span class='ocrx_word' id='word_1_276' title='bbox 2034 2283 2126 2338; x_wconf 88' lang='lat' dir='ltr'><strong>per</strong></span> <span class='ocrx_word' id='word_1_277' title='bbox 2155 2269 2326 2324; x_wconf 92' lang='lat' dir='ltr'><strong>molas</strong></span> <span class='ocrx_word' id='word_1_278' title='bbox 2353 2283 2505 2334; x_wconf 88' lang='lat' dir='ltr'><strong>vero,</strong></span> <span class='ocrx_word' id='word_1_279' title='bbox 2537 2283 2634 2324; x_wconf 91' lang='lat' dir='ltr'><strong>eos</strong></span> <span class='ocrx_word' id='word_1_280' title='bbox 2666 2269 2760 2339; x_wconf 90' lang='lat' dir='ltr'><strong>qui</strong></span> <span class='ocrx_word' id='word_1_281' title='bbox 2795 2269 3091 2323; x_wconf 83' lang='lat' dir='ltr'><strong>interiores</strong></span> <span class='ocrx_word' id='word_1_282' title='bbox 3119 2278 3272 2330; x_wconf 89' lang='lat' dir='ltr'><strong>sunt,</strong></span> <span class='ocrx_word' id='word_1_283' title='bbox 3297 2281 3435 2334; x_wconf 90' lang='lat' dir='ltr'><strong>quos</strong></span> <span class='ocrx_word' id='word_1_284' title='bbox 3455 2265 3622 2318; x_wconf 85' lang='lat' dir='ltr'><strong>etiam</strong></span> 
     </span>
    </p>
   </div>
   <div class='ocr_carea' id='block_1_38' title="bbox 353 2345 1935 2429">
    <p class='ocr_par' dir='ltr' id='par_1_38' title="bbox 353 2345 1934 2418">
     <span class='ocr_line' id='line_1_39' title="bbox 353 2345 1934 2418; baseline 0.005 -20"><span class='ocrx_word' id='word_1_285' title='bbox 353 2346 512 2414; x_wconf 78' lang='grc' dir='ltr'>’θρα</span> <span class='ocrx_word' id='word_1_286' title='bbox 535 2345 592 2398; x_wconf 85' lang='grc' dir='ltr'>δὲ</span> <span class='ocrx_word' id='word_1_287' title='bbox 621 2347 770 2408; x_wconf 83' lang='grc' dir='ltr'>ὅπως</span> <span class='ocrx_word' id='word_1_288' title='bbox 797 2346 927 2399; x_wconf 83' lang='grc' dir='ltr'>ποτὲ</span> <span class='ocrx_word' id='word_1_289' title='bbox 955 2347 1077 2416; x_wconf 84' lang='grc' dir='ltr'>μὲν,</span> <span class='ocrx_word' id='word_1_290' title='bbox 1108 2347 1184 2410; x_wconf 85' lang='grc' dir='ltr'><strong>ὡς</strong></span> <span class='ocrx_word' id='word_1_291' title='bbox 1227 2348 1321 2400; x_wconf 76' lang='grc' dir='ltr'><strong>ἐπὶ</strong></span> <span class='ocrx_word' id='word_1_292' title='bbox 1344 2348 1438 2402; x_wconf 89' lang='grc' dir='ltr'><strong>τοῦ</strong></span> <span class='ocrx_word' id='word_1_293' title='bbox 1471 2350 1760 2417; x_wconf 85' lang='grc' dir='ltr'>μέλλοντος</span> <span class='ocrx_word' id='word_1_294' title='bbox 1781 2350 1934 2418; x_wconf 85' lang='grc' dir='ltr'>λέγει</span> 
     </span>
    </p>
   </div>
   <div class='ocr_carea' id='block_1_39' title="bbox 2034 2345 3624 2429">
    <p class='ocr_par' dir='ltr' id='par_1_39' title="bbox 2034 2356 3624 2429">
     <span class='ocr_line' id='line_1_40' title="bbox 2034 2356 3624 2429; baseline -0.003 -16"><span class='ocrx_word' id='word_1_295' title='bbox 2034 2360 2273 2416; x_wconf 84' lang='lat' dir='ltr'><strong>molares</strong></span> <span class='ocrx_word' id='word_1_296' title='bbox 2337 2369 2434 2415; x_wconf 90' lang='lat' dir='ltr'><strong>aut</strong></span> <span class='ocrx_word' id='word_1_297' title='bbox 2465 2359 2715 2416; x_wconf 87' lang='lat' dir='ltr'><strong>leoninos</strong></span> <span class='ocrx_word' id='word_1_298' title='bbox 2755 2360 3136 2429; x_wconf 85' lang='lat' dir='ltr'><strong>appellamus:</strong></span> <span class='ocrx_word' id='word_1_299' title='bbox 3169 2361 3241 2412; x_wconf 86' lang='lat' dir='ltr'><strong>ita</strong></span> <span class='ocrx_word' id='word_1_300' title='bbox 3283 2367 3342 2412; x_wconf 91' lang='lat' dir='ltr'><strong>ut</strong></span> <span class='ocrx_word' id='word_1_301' title='bbox 3391 2371 3488 2426; x_wconf 86' lang='lat' dir='ltr'><strong>per</strong></span> <span class='ocrx_word' id='word_1_302' title='bbox 3519 2356 3624 2409; x_wconf 92' lang='lat' dir='ltr'><strong>hu-</strong></span> 
     </span>
    </p>
   </div>
   <div class='ocr_carea' id='block_1_40' title="bbox 353 2437 1935 2520">
    <p class='ocr_par' dir='ltr' id='par_1_40' title="bbox 353 2437 1935 2510">
     <span class='ocr_line' id='line_1_41' title="bbox 353 2437 1935 2510; baseline 0.004 -20"><span class='ocrx_word' id='word_1_303' title='bbox 353 2438 680 2505; x_wconf 73' lang='grc' dir='ltr'>Συντρίψει</span> <span class='ocrx_word' id='word_1_304' title='bbox 705 2453 720 2469; x_wconf 77' lang='grc' dir='ltr'><strong>ο</strong></span> <span class='ocrx_word' id='word_1_305' title='bbox 753 2437 882 2491; x_wconf 85' lang='grc' dir='ltr'>ποτὲ</span> <span class='ocrx_word' id='word_1_306' title='bbox 911 2439 990 2502; x_wconf 85' lang='grc' dir='ltr'>δὲ,</span> <span class='ocrx_word' id='word_1_307' title='bbox 1027 2439 1103 2500; x_wconf 83' lang='grc' dir='ltr'><strong>ὡς</strong></span> <span class='ocrx_word' id='word_1_308' title='bbox 1136 2439 1230 2492; x_wconf 75' lang='grc' dir='ltr'>ἐπὶ</span> <span class='ocrx_word' id='word_1_309' title='bbox 1289 2439 1749 2510; x_wconf 84' lang='grc' dir='ltr'>παρεληλυθότος,</span> <span class='ocrx_word' id='word_1_310' title='bbox 1782 2445 1935 2497; x_wconf 86' lang='grc' dir='ltr'>Συν-</span> 
     </span>
    </p>
   </div>
   <div class='ocr_carea' id='block_1_41' title="bbox 2034 2437 3626 2520">
    <p class='ocr_par' dir='ltr' id='par_1_41' title="bbox 2034 2447 3626 2520">
     <span class='ocr_line' id='line_1_42' title="bbox 2034 2447 3626 2520; baseline -0.003 -15"><span class='ocrx_word' id='word_1_311' title='bbox 2034 2452 2266 2520; x_wconf 89' lang='lat' dir='ltr'><strong>iusmodi</strong></span> <span class='ocrx_word' id='word_1_312' title='bbox 2301 2451 2544 2507; x_wconf 87' lang='lat' dir='ltr'><strong>dentium</strong></span> <span class='ocrx_word' id='word_1_313' title='bbox 2581 2452 3019 2514; x_wconf 76' lang='lat' dir='ltr'><strong>distinctionem,</strong></span> <span class='ocrx_word' id='word_1_314' title='bbox 3047 2450 3288 2518; x_wconf 86' lang='lat' dir='ltr'><strong>majores</strong></span> <span class='ocrx_word' id='word_1_315' title='bbox 3341 2457 3396 2503; x_wconf 93' lang='lat' dir='ltr'><strong>et</strong></span> <span class='ocrx_word' id='word_1_316' title='bbox 3444 2447 3626 2502; x_wconf 89' lang='lat' dir='ltr'><strong>mino-</strong></span> 
     </span>
    </p>
   </div>
   <div class='ocr_carea' id='block_1_42' title="bbox 343 2527 1935 2613">
    <p class='ocr_par' dir='ltr' id='par_1_42' title="bbox 343 2527 1932 2606">
     <span class='ocr_line' id='line_1_43' title="bbox 343 2527 1932 2606; baseline 0.004 -25"><span class='ocrx_word' id='word_1_317' title='bbox 343 2527 592 2583; x_wconf 74' lang='grc' dir='ltr'>ἐθλασε.</span> <span class='ocrx_word' id='word_1_318' title='bbox 631 2531 886 2595; x_wconf 88' lang='grc' dir='ltr'>Τοιοῦτος</span> <span class='ocrx_word' id='word_1_319' title='bbox 919 2531 1030 2602; x_wconf 80' lang='grc' dir='ltr'><strong>γὰρ</strong></span> <span class='ocrx_word' id='word_1_320' title='bbox 1054 2533 1083 2584; x_wconf 85' lang='grc' dir='ltr'><strong>ό</strong></span> <span class='ocrx_word' id='word_1_321' title='bbox 1120 2530 1284 2602; x_wconf 87' lang='grc' dir='ltr'>νόμος</span> <span class='ocrx_word' id='word_1_322' title='bbox 1311 2531 1419 2585; x_wconf 85' lang='grc' dir='ltr'><strong>τῶν</strong></span> <span class='ocrx_word' id='word_1_323' title='bbox 1455 2536 1932 2606; x_wconf 78' lang='grc' dir='ltr'>προφητευόντων,</span> 
     </span>
    </p>
   </div>
   <div class='ocr_carea' id='block_1_43' title="bbox 2034 2527 3620 2613">
    <p class='ocr_par' dir='ltr' id='par_1_43' title="bbox 2034 2538 3620 2613">
     <span class='ocr_line' id='line_1_44' title="bbox 2034 2538 3620 2613; baseline -0.004 -17"><span class='ocrx_word' id='word_1_324' title='bbox 2034 2557 2120 2597; x_wconf 76' lang='grc' dir='ltr'><strong>τρε</strong></span> <span class='ocrx_word' id='word_1_325' title='bbox 2146 2541 2490 2598; x_wconf 85' lang='lat' dir='ltr'><strong>otl‘ensiones</strong></span> <span class='ocrx_word' id='word_1_326' title='bbox 2523 2543 2753 2613; x_wconf 81' lang='lat' dir='ltr'><strong>intelligi</strong></span> <span class='ocrx_word' id='word_1_327' title='bbox 2784 2541 3021 2611; x_wconf 88' lang='lat' dir='ltr'><strong>possint.</strong></span> <span class='ocrx_word' id='word_1_328' title='bbox 3054 2539 3192 2594; x_wconf 90' lang='lat' dir='ltr'><strong>lllud</strong></span> <span class='ocrx_word' id='word_1_329' title='bbox 3231 2540 3397 2593; x_wconf 91' lang='lat' dir='ltr'><strong>etiam</strong></span> <span class='ocrx_word' id='word_1_330' title='bbox 3429 2538 3620 2593; x_wconf 85' lang='lat' dir='ltr'><strong>consi-</strong></span> 
     </span>
    </p>
   </div>
   <div class='ocr_carea' id='block_1_44' title="bbox 346 2619 1935 2705">
    <p class='ocr_par' dir='ltr' id='par_1_44' title="bbox 346 2619 986 2693">
     <span class='ocr_line' id='line_1_45' title="bbox 346 2619 986 2693; baseline 0.008 -21"><span class='ocrx_word' id='word_1_331' title='bbox 346 2619 424 2684; x_wconf 85' lang='grc' dir='ltr'><strong>ὡς</strong></span> <span class='ocrx_word' id='word_1_332' title='bbox 452 2621 720 2686; x_wconf 83' lang='grc' dir='ltr'>πολλάκις</span> <span class='ocrx_word' id='word_1_333' title='bbox 743 2622 986 2693; x_wconf 73' lang='grc' dir='ltr'>εἴρηται.</span> 
     </span>
    </p>
   </div>
   <div class='ocr_carea' id='block_1_45' title="bbox 2034 2619 3615 2705">
    <p class='ocr_par' dir='ltr' id='par_1_45' title="bbox 2034 2632 3615 2705">
     <span class='ocr_line' id='line_1_46' title="bbox 2034 2632 3615 2705; baseline -0.001 -18"><span class='ocrx_word' id='word_1_334' title='bbox 2034 2632 2160 2689; x_wconf 89' lang='lat' dir='ltr'><strong>dera</strong></span> <span class='ocrx_word' id='word_1_335' title='bbox 2182 2634 2458 2704; x_wconf 84' lang='lat' dir='ltr'><strong>quomodo</strong></span> <span class='ocrx_word' id='word_1_336' title='bbox 2480 2635 2774 2705; x_wconf 91' lang='lat' dir='ltr'><strong>aliquando</strong></span> <span class='ocrx_word' id='word_1_337' title='bbox 2794 2633 3067 2702; x_wconf 84' lang='lat' dir='ltr'><strong>Propheta</strong></span> <span class='ocrx_word' id='word_1_338' title='bbox 3083 2633 3136 2687; x_wconf 90' lang='lat' dir='ltr'><strong>in</strong></span> <span class='ocrx_word' id='word_1_339' title='bbox 3159 2633 3343 2687; x_wconf 90' lang='lat' dir='ltr'><strong>futuro</strong></span> <span class='ocrx_word' id='word_1_340' title='bbox 3365 2639 3615 2700; x_wconf 89' lang='lat' dir='ltr'><strong>tempore</strong></span> 
     </span>
    </p>
   </div>
   <div class='ocr_carea' id='block_1_46' title="bbox 345 2716 3625 2800">
    <p class='ocr_par' dir='ltr' id='par_1_46' title="bbox 345 2716 3625 2800">
     <span class='ocr_line' id='line_1_47' title="bbox 345 2716 3625 2800; baseline 0.004 -32"><span class='ocrx_word' id='word_1_341' title='bbox 345 2716 541 2770; x_wconf 85' lang='lat' dir='ltr'><strong>dicat:</strong></span> <span class='ocrx_word' id='word_1_342' title='bbox 573 2716 858 2785; x_wconf 85' lang='lat' dir='ltr'><strong>Conteret;</strong></span> <span class='ocrx_word' id='word_1_343' title='bbox 908 2728 964 2775; x_wconf 89' lang='lat' dir='ltr'><strong>et</strong></span> <span class='ocrx_word' id='word_1_344' title='bbox 1011 2718 1305 2790; x_wconf 88' lang='lat' dir='ltr'><strong>aliquando</strong></span> <span class='ocrx_word' id='word_1_345' title='bbox 1327 2721 1384 2777; x_wconf 89' lang='lat' dir='ltr'><strong>in</strong></span> <span class='ocrx_word' id='word_1_346' title='bbox 1414 2723 1722 2792; x_wconf 61' lang='lat' dir='ltr'><strong>praeterito.</strong></span> <span class='ocrx_word' id='word_1_347' title='bbox 1775 2723 2070 2797; x_wconf 79' lang='lat' dir='ltr'><strong>Confregit.</strong></span> <span class='ocrx_word' id='word_1_348' title='bbox 2118 2728 2443 2800; x_wconf 81' lang='lat' dir='ltr'><strong>Hujusmodi</strong></span> <span class='ocrx_word' id='word_1_349' title='bbox 2488 2719 2634 2786; x_wconf 87' lang='lat' dir='ltr'><strong>enim</strong></span> <span class='ocrx_word' id='word_1_350' title='bbox 2707 2739 2794 2786; x_wconf 90' lang='lat' dir='ltr'><strong>est</strong></span> <span class='ocrx_word' id='word_1_351' title='bbox 2869 2729 3264 2800; x_wconf 88' lang='lat' dir='ltr'><strong>prophetarum</strong></span> <span class='ocrx_word' id='word_1_352' title='bbox 3337 2741 3501 2791; x_wconf 87' lang='lat' dir='ltr'><strong>mos,</strong></span> <span class='ocrx_word' id='word_1_353' title='bbox 3564 2733 3625 2782; x_wconf 91' lang='lat' dir='ltr'><strong>ut</strong></span> 
     </span>
    </p>
   </div>
   <div class='ocr_carea' id='block_1_47' title="bbox 346 2811 838 2881">
    <p class='ocr_par' dir='ltr' id='par_1_47' title="bbox 346 2811 838 2881">
     <span class='ocr_line' id='line_1_48' title="bbox 346 2811 838 2881; baseline -0.004 -11"><span class='ocrx_word' id='word_1_354' title='bbox 346 2811 548 2881; x_wconf 68' lang='lat' dir='ltr'><strong>saepius</strong></span> <span class='ocrx_word' id='word_1_355' title='bbox 577 2813 838 2870; x_wconf 83' lang='lat' dir='ltr'><strong>diximus.</strong></span> 
     </span>
    </p>
   </div>
   <div class='ocr_carea' id='block_1_48' title="bbox 403 2906 1933 2979">
    <p class='ocr_par' dir='ltr' id='par_1_48' title="bbox 403 2906 1933 2979">
     <span class='ocr_line' id='line_1_49' title="bbox 403 2906 1933 2979; baseline 0.003 -19"><span class='ocrx_word' id='word_1_356' title='bbox 403 2906 1048 2974; x_wconf 79' lang='grc' dir='ltr'>Ἔξουδενωθήσονται,</span> <span class='ocrx_word' id='word_1_357' title='bbox 1067 2908 1210 2964; x_wconf 78' lang='grc' dir='ltr'>ὡσεὶ</span> <span class='ocrx_word' id='word_1_358' title='bbox 1228 2907 1384 2976; x_wconf 80' lang='grc' dir='ltr'>ὕδωρ</span> <span class='ocrx_word' id='word_1_359' title='bbox 1399 2907 1933 2979; x_wconf 78' lang='grc' dir='ltr'>διαπορευόμενον.</span> 
     </span>
    </p>
   </div>
   <div class='ocr_carea' id='block_1_49' title="bbox 347 2999 1931 3072">
    <p class='ocr_par' dir='ltr' id='par_1_49' title="bbox 347 2999 1931 3072">
     <span class='ocr_line' id='line_1_50' title="bbox 347 2999 1931 3072; baseline 0.003 -21"><span class='ocrx_word' id='word_1_360' title='bbox 347 3001 424 3052; x_wconf 82' lang='grc' dir='ltr'><strong>Οὐ</strong></span> <span class='ocrx_word' id='word_1_361' title='bbox 455 2999 744 3070; x_wconf 85' lang='grc' dir='ltr'>ποτάμιον,</span> <span class='ocrx_word' id='word_1_362' title='bbox 796 3000 920 3054; x_wconf 80' lang='grc' dir='ltr'>οὐδὲ</span> <span class='ocrx_word' id='word_1_363' title='bbox 971 3003 1226 3072; x_wconf 79' lang='grc' dir='ltr'>πηγαῖον,</span> <span class='ocrx_word' id='word_1_364' title='bbox 1264 3000 1392 3054; x_wconf 83' lang='grc' dir='ltr'>ἀλλ’</span> <span class='ocrx_word' id='word_1_365' title='bbox 1421 3001 1528 3054; x_wconf 81' lang='grc' dir='ltr'><strong>ῦπό</strong></span> <span class='ocrx_word' id='word_1_366' title='bbox 1571 3017 1718 3060; x_wconf 81' lang='grc' dir='ltr'>τινος</span> <span class='ocrx_word' id='word_1_367' title='bbox 1744 3001 1931 3072; x_wconf 66' lang='grc' dir='ltr'>χυθὲν,</span> 
     </span>
    </p>
   </div>
   <div class='ocr_carea' id='block_1_50' title="bbox 345 3087 1930 3160">
    <p class='ocr_par' dir='ltr' id='par_1_50' title="bbox 345 3087 1930 3160">
     <span class='ocr_line' id='line_1_51' title="bbox 345 3087 1930 3160; baseline 0.003 -19"><span class='ocrx_word' id='word_1_368' title='bbox 345 3089 446 3142; x_wconf 77' lang='grc' dir='ltr'>καὶ</span> <span class='ocrx_word' id='word_1_369' title='bbox 460 3087 536 3152; x_wconf 82' lang='grc' dir='ltr'><strong>ὡς</strong></span> <span class='ocrx_word' id='word_1_370' title='bbox 572 3088 764 3157; x_wconf 81' lang='grc' dir='ltr'>ἔτυχεν</span> <span class='ocrx_word' id='word_1_371' title='bbox 783 3087 1100 3159; x_wconf 81' lang='grc' dir='ltr'>φερόμενον,</span> <span class='ocrx_word' id='word_1_372' title='bbox 1122 3090 1542 3160; x_wconf 77' lang='grc' dir='ltr'>ἐσκεδασμένον.</span> <span class='ocrx_word' id='word_1_373' title='bbox 1569 3090 1930 3156; x_wconf 78' lang='grc' dir='ltr'>Ἐξουδενω·</span> 
     </span>
    </p>
   </div>
   <div class='ocr_carea' id='block_1_51' title="bbox 347 3180 1680 3256">
    <p class='ocr_par' dir='ltr' id='par_1_51' title="bbox 347 3180 1680 3256">
     <span class='ocr_line' id='line_1_52' title="bbox 347 3180 1680 3256; baseline 0.001 -20"><span class='ocrx_word' id='word_1_374' title='bbox 347 3180 640 3249; x_wconf 77' lang='grc' dir='ltr'>θήσονται</span> <span class='ocrx_word' id='word_1_375' title='bbox 673 3181 750 3244; x_wconf 76' lang='grc' dir='ltr'>δὲ,</span> <span class='ocrx_word' id='word_1_376' title='bbox 786 3181 908 3235; x_wconf 80' lang='grc' dir='ltr'>ἀντὶ</span> <span class='ocrx_word' id='word_1_377' title='bbox 935 3181 1034 3235; x_wconf 89' lang='grc' dir='ltr'><strong>τοῦ</strong></span> <span class='ocrx_word' id='word_1_378' title='bbox 1058 3183 1680 3256; x_wconf 76' lang='grc' dir='ltr'>Καταφρονηθήσονται.</span> 
     </span>
    </p>
   </div>
   <div class='ocr_carea' id='block_1_52' title="bbox 2114 2903 3625 2972">
    <p class='ocr_par' dir='ltr' id='par_1_52' title="bbox 2114 2903 3625 2972">
     <span class='ocr_line' id='line_1_53' title="bbox 2114 2903 3625 2972; baseline -0.005 -9"><span class='ocrx_word' id='word_1_379' title='bbox 2114 2906 2278 2963; x_wconf 71' lang='lat' dir='ltr'><strong>Vens.</strong></span> <span class='ocrx_word' id='word_1_380' title='bbox 2320 2907 2375 2962; x_wconf 94' lang='lat'><strong>8.</strong></span> <span class='ocrx_word' id='word_1_381' title='bbox 2424 2907 2507 2961; x_wconf 77' lang='lat' dir='ltr'><strong>Ad</strong></span> <span class='ocrx_word' id='word_1_382' title='bbox 2553 2905 2778 2960; x_wconf 82' lang='lat' dir='ltr'><strong>nihilum</strong></span> <span class='ocrx_word' id='word_1_383' title='bbox 2819 2903 3122 2966; x_wconf 77' lang='lat' dir='ltr'><strong>devenient,</strong></span> <span class='ocrx_word' id='word_1_384' title='bbox 3175 2911 3433 2972; x_wconf 83' lang='lat' dir='ltr'><strong>tanquam</strong></span> <span class='ocrx_word' id='word_1_385' title='bbox 3483 2918 3625 2970; x_wconf 86' lang='lat' dir='ltr'><strong>aqua</strong></span> 
     </span>
    </p>
   </div>
   <div class='ocr_carea' id='block_1_53' title="bbox 2041 2992 3625 3068">
    <p class='ocr_par' dir='ltr' id='par_1_53' title="bbox 2041 2992 3625 3068">
     <span class='ocr_line' id='line_1_54' title="bbox 2041 2992 3625 3068; baseline -0.004 -15"><span class='ocrx_word' id='word_1_386' title='bbox 2041 3000 2349 3056; x_wconf 78' lang='lat' dir='ltr'><strong>decurrens.</strong></span> <span class='ocrx_word' id='word_1_387' title='bbox 2373 2999 2584 3068; x_wconf 85' lang='lat' dir='ltr'><strong>Aquam</strong></span> <span class='ocrx_word' id='word_1_388' title='bbox 2618 2997 2707 3052; x_wconf 91' lang='lat' dir='ltr'><strong>hic</strong></span> <span class='ocrx_word' id='word_1_389' title='bbox 2740 3012 2848 3051; x_wconf 92' lang='lat' dir='ltr'><strong>non</strong></span> <span class='ocrx_word' id='word_1_390' title='bbox 2869 2995 3114 3049; x_wconf 85' lang='lat' dir='ltr'><strong>ﬂuminis</strong></span> <span class='ocrx_word' id='word_1_391' title='bbox 3137 2993 3290 3056; x_wconf 91' lang='lat' dir='ltr'><strong>dicit,</strong></span> <span class='ocrx_word' id='word_1_392' title='bbox 3311 3001 3406 3046; x_wconf 89' lang='lat' dir='ltr'><strong>aut</strong></span> <span class='ocrx_word' id='word_1_393' title='bbox 3432 2992 3625 3058; x_wconf 87' lang='lat' dir='ltr'><strong>fontis,</strong></span> 
     </span>
    </p>
   </div>
   <div class='ocr_carea' id='block_1_54' title="bbox 2040 3085 3628 3162">
    <p class='ocr_par' dir='ltr' id='par_1_54' title="bbox 2040 3085 3628 3162">
     <span class='ocr_line' id='line_1_55' title="bbox 2040 3085 3628 3162; baseline -0.004 -14"><span class='ocrx_word' id='word_1_394' title='bbox 2040 3093 2133 3148; x_wconf 91' lang='lat' dir='ltr'><strong>sed</strong></span> <span class='ocrx_word' id='word_1_395' title='bbox 2163 3105 2361 3162; x_wconf 83' lang='lat' dir='ltr'><strong>aquam</strong></span> <span class='ocrx_word' id='word_1_396' title='bbox 2387 3090 2638 3159; x_wconf 83' lang='lat' dir='ltr'><strong>intelligit</strong></span> <span class='ocrx_word' id='word_1_397' title='bbox 2661 3105 2691 3144; x_wconf 91' lang='lat' dir='ltr'><strong>a</strong></span> <span class='ocrx_word' id='word_1_398' title='bbox 2719 3088 2976 3159; x_wconf 85' lang='lat' dir='ltr'><strong>qu0piam</strong></span> <span class='ocrx_word' id='word_1_399' title='bbox 2995 3087 3250 3152; x_wconf 72' lang='lat' dir='ltr'><strong>effusam,</strong></span> <span class='ocrx_word' id='word_1_400' title='bbox 3281 3095 3376 3139; x_wconf 87' lang='lat' dir='ltr'><strong>aut</strong></span> <span class='ocrx_word' id='word_1_401' title='bbox 3399 3085 3628 3142; x_wconf 87' lang='lat' dir='ltr'><strong>fortuito</strong></span> 
     </span>
    </p>
   </div>
   <div class='ocr_carea' id='block_1_55' title="bbox 2037 3176 3626 3253">
    <p class='ocr_par' dir='ltr' id='par_1_55' title="bbox 2037 3176 3626 3253">
     <span class='ocr_line' id='line_1_56' title="bbox 2037 3176 3626 3253; baseline -0.005 -15"><span class='ocrx_word' id='word_1_402' title='bbox 2037 3182 2269 3253; x_wconf 74' lang='lat' dir='ltr'><strong>eiectam</strong></span> <span class='ocrx_word' id='word_1_403' title='bbox 2306 3222 2321 3245; x_wconf 95' lang='lat'><strong>,</strong></span> <span class='ocrx_word' id='word_1_404' title='bbox 2355 3197 2421 3237; x_wconf 85' lang='lat' dir='ltr'><strong>ac</strong></span> <span class='ocrx_word' id='word_1_405' title='bbox 2451 3181 2637 3236; x_wconf 92' lang='lat' dir='ltr'><strong>statim</strong></span> <span class='ocrx_word' id='word_1_406' title='bbox 2673 3180 3008 3250; x_wconf 87' lang='lat' dir='ltr'><strong>dispersam.</strong></span> <span class='ocrx_word' id='word_1_407' title='bbox 3077 3176 3143 3231; x_wconf 87' lang='lat' dir='ltr'><strong>Et</strong></span> <span class='ocrx_word' id='word_1_408' title='bbox 3196 3177 3341 3247; x_wconf 90' lang='lat' dir='ltr'><strong>quod</strong></span> <span class='ocrx_word' id='word_1_409' title='bbox 3383 3177 3461 3230; x_wconf 91' lang='lat' dir='ltr'><strong>ait</strong></span> <span class='ocrx_word' id='word_1_410' title='bbox 3491 3196 3504 3232; x_wconf 89' lang='lat'><strong>:</strong></span> <span class='ocrx_word' id='word_1_411' title='bbox 3544 3177 3626 3232; x_wconf 76' lang='lat' dir='ltr'><strong>Ad</strong></span> 
     </span>
    </p>
   </div>
   <div class='ocr_carea' id='block_1_56' title="bbox 347 3258 3628 3348">
    <p class='ocr_par' dir='ltr' id='par_1_56' title="bbox 347 3258 3628 3348">
     <span class='ocr_line' id='line_1_57' title="bbox 347 3258 3628 3348; baseline -0 -20"><span class='ocrx_word' id='word_1_412' title='bbox 347 3273 571 3328; x_wconf 80' lang='lat' dir='ltr'><strong>nihilum</strong></span> <span class='ocrx_word' id='word_1_413' title='bbox 600 3272 865 3328; x_wconf 80' lang='lat' dir='ltr'><strong>devenient</strong></span> <span class='ocrx_word' id='word_1_414' title='bbox 895 3289 993 3329; x_wconf 88' lang='lat' dir='ltr'><strong>seu</strong></span> <span class='ocrx_word' id='word_1_415' title='bbox 1035 3273 1132 3346; x_wconf 91' lang='lat' dir='ltr'><strong>[ut</strong></span> <span class='ocrx_word' id='word_1_416' title='bbox 1161 3275 1348 3332; x_wconf 58' lang='lat' dir='ltr'><strong>Graece</strong></span> <span class='ocrx_word' id='word_1_417' title='bbox 1379 3277 1544 3332; x_wconf 90' lang='lat' dir='ltr'><strong>unico</strong></span> <span class='ocrx_word' id='word_1_418' title='bbox 1572 3258 1739 3333; x_wconf 82' lang='lat' dir='ltr'><strong>verbo</strong></span> <span class='ocrx_word' id='word_1_419' title='bbox 1773 3275 2023 3348; x_wconf 87' lang='lat' dir='ltr'><strong>dicitur]</strong></span> <span class='ocrx_word' id='word_1_420' title='bbox 2082 3275 2572 3342; x_wconf 77' lang='lat' dir='ltr'><strong>Adnihilabunlur,</strong></span> <span class='ocrx_word' id='word_1_421' title='bbox 2649 3288 2886 3344; x_wconf 80' lang='lat' dir='ltr'><strong>expone,</strong></span> <span class='ocrx_word' id='word_1_422' title='bbox 2938 3289 3037 3344; x_wconf 90' lang='lat' dir='ltr'><strong>pro</strong></span> <span class='ocrx_word' id='word_1_423' title='bbox 3116 3271 3462 3343; x_wconf 88' lang='lat' dir='ltr'><strong>Spernentur</strong></span> <span class='ocrx_word' id='word_1_424' title='bbox 3483 3313 3498 3336; x_wconf 94' lang='lat'><strong>,</strong></span> <span class='ocrx_word' id='word_1_425' title='bbox 3570 3282 3628 3330; x_wconf 87' lang='lat' dir='ltr'><strong>et</strong></span> 
     </span>
    </p>
   </div>
   <div class='ocr_carea' id='block_1_57' title="bbox 347 3366 693 3424">
    <p class='ocr_par' dir='ltr' id='par_1_57' title="bbox 347 3366 693 3424">
     <span class='ocr_line' id='line_1_58' title="bbox 347 3366 693 3424; baseline -0.006 0"><span class='ocrx_word' id='word_1_426' title='bbox 347 3368 505 3424; x_wconf 84' lang='lat' dir='ltr'><strong>nihili</strong></span> <span class='ocrx_word' id='word_1_427' title='bbox 541 3366 693 3422; x_wconf 81' lang='lat' dir='ltr'><strong>ﬁent.</strong></span> 
     </span>
    </p>
   </div>
   <div class='ocr_carea' id='block_1_58' title="bbox 416 3453 1935 3537">
    <p class='ocr_par' dir='ltr' id='par_1_58' title="bbox 416 3462 1917 3537">
     <span class='ocr_line' id='line_1_59' title="bbox 416 3462 1917 3537; baseline 0.004 -19"><span class='ocrx_word' id='word_1_428' title='bbox 416 3462 687 3519; x_wconf 81' lang='grc' dir='ltr'>Ἐντενεῖ</span> <span class='ocrx_word' id='word_1_429' title='bbox 697 3466 763 3518; x_wconf 88' lang='grc' dir='ltr'>τὸ</span> <span class='ocrx_word' id='word_1_430' title='bbox 781 3463 960 3530; x_wconf 80' lang='grc' dir='ltr'>τόξον</span> <span class='ocrx_word' id='word_1_431' title='bbox 978 3466 1190 3531; x_wconf 85' lang='grc' dir='ltr'>αὐτοῦ,</span> <span class='ocrx_word' id='word_1_432' title='bbox 1208 3465 1320 3534; x_wconf 81' lang='grc' dir='ltr'>ἕως</span> <span class='ocrx_word' id='word_1_433' title='bbox 1343 3462 1416 3524; x_wconf 83' lang='grc' dir='ltr'>οὗ</span> <span class='ocrx_word' id='word_1_434' title='bbox 1434 3468 1917 3537; x_wconf 81' lang='grc' dir='ltr'>ἀσθενήσουσιν.</span> 
     </span>
    </p>
   </div>
   <div class='ocr_carea' id='block_1_59' title="bbox 2034 3453 3627 3537">
    <p class='ocr_par' dir='ltr' id='par_1_59' title="bbox 2111 3453 3627 3529">
     <span class='ocr_line' id='line_1_60' title="bbox 2111 3453 3627 3529; baseline -0.005 -11"><span class='ocrx_word' id='word_1_435' title='bbox 2111 3464 2352 3518; x_wconf 73' lang='lat' dir='ltr'><strong>Intende!</strong></span> <span class='ocrx_word' id='word_1_436' title='bbox 2375 3477 2556 3516; x_wconf 87' lang='lat' dir='ltr'><strong>arcum</strong></span> <span class='ocrx_word' id='word_1_437' title='bbox 2580 3477 2734 3515; x_wconf 78' lang='lat' dir='ltr'><strong>suum</strong></span> <span class='ocrx_word' id='word_1_438' title='bbox 2770 3459 2936 3516; x_wconf 88' lang='lat' dir='ltr'><strong>donec</strong></span> <span class='ocrx_word' id='word_1_439' title='bbox 2975 3460 3338 3529; x_wconf 79' lang='lat' dir='ltr'><strong>iufirmentur.</strong></span> <span class='ocrx_word' id='word_1_440' title='bbox 3371 3453 3627 3511; x_wconf 69' lang='lat' dir='ltr'><strong>lntendcl</strong></span> 
     </span>
    </p>
   </div>
   <div class='ocr_carea' id='block_1_60' title="bbox 361 3554 1929 3630">
    <p class='ocr_par' dir='ltr' id='par_1_60' title="bbox 361 3554 1929 3630">
     <span class='ocr_line' id='line_1_61' title="bbox 361 3554 1929 3630; baseline 0.003 -22"><span class='ocrx_word' id='word_1_441' title='bbox 361 3555 604 3609; x_wconf 78' lang='grc' dir='ltr'>Ἐντενεῖ</span> <span class='ocrx_word' id='word_1_442' title='bbox 633 3554 734 3626; x_wconf 79' lang='grc' dir='ltr'><strong>τὴν</strong></span> <span class='ocrx_word' id='word_1_443' title='bbox 759 3556 1088 3629; x_wconf 76' lang='grc' dir='ltr'>κολαστικὴν</span> <span class='ocrx_word' id='word_1_444' title='bbox 1123 3557 1290 3612; x_wconf 78' lang='grc' dir='ltr'>αὐτοῦ</span> <span class='ocrx_word' id='word_1_445' title='bbox 1320 3558 1554 3630; x_wconf 78' lang='grc' dir='ltr'>δύναμιν</span> <span class='ocrx_word' id='word_1_446' title='bbox 1579 3560 1700 3614; x_wconf 82' lang='grc' dir='ltr'>κατ’</span> <span class='ocrx_word' id='word_1_447' title='bbox 1727 3559 1929 3626; x_wconf 81' lang='grc' dir='ltr'>αὐτῶν,</span> 
     </span>
    </p>
   </div>
   <div class='ocr_carea' id='block_1_61' title="bbox 345 3648 660 3718">
    <p class='ocr_par' dir='ltr' id='par_1_61' title="bbox 345 3648 660 3718">
     <span class='ocr_line' id='line_1_62' title="bbox 345 3648 660 3718; baseline 0 -16"><span class='ocrx_word' id='word_1_448' title='bbox 345 3651 448 3704; x_wconf 74' lang='grc' dir='ltr'>καὶ</span> <span class='ocrx_word' id='word_1_449' title='bbox 484 3648 660 3718; x_wconf 82' lang='grc' dir='ltr'>βαλεῖ.</span> 
     </span>
    </p>
   </div>
   <div class='ocr_carea' id='block_1_62' title="bbox 429 3742 1936 3812">
    <p class='ocr_par' dir='ltr' id='par_1_62' title="bbox 429 3742 1936 3812">
     <span class='ocr_line' id='line_1_63' title="bbox 429 3742 1936 3812; baseline -0.001 -15"><span class='ocrx_word' id='word_1_450' title='bbox 429 3743 593 3797; x_wconf 75' lang='grc' dir='ltr'>Ὠσεὶ</span> <span class='ocrx_word' id='word_1_451' title='bbox 620 3742 806 3811; x_wconf 79' lang='grc' dir='ltr'>κηρὸς</span> <span class='ocrx_word' id='word_1_452' title='bbox 834 3743 1040 3808; x_wconf 77' lang='grc' dir='ltr'>τακεὶς</span> <span class='ocrx_word' id='word_1_453' title='bbox 1064 3743 1712 3812; x_wconf 73' lang='grc' dir='ltr'>ἀνταναιρεθήσονται.</span> <span class='ocrx_word' id='word_1_454' title='bbox 1777 3744 1936 3797; x_wconf 82' lang='grc' dir='ltr'>Ἀντο</span> 
     </span>
    </p>
   </div>
   <div class='ocr_carea' id='block_1_63' title="bbox 345 3832 1938 3904">
    <p class='ocr_par' dir='ltr' id='par_1_63' title="bbox 345 3832 1938 3904">
     <span class='ocr_line' id='line_1_64' title="bbox 345 3832 1938 3904; baseline -0.004 -15"><span class='ocrx_word' id='word_1_455' title='bbox 345 3833 516 3898; x_wconf 75' lang='grc' dir='ltr'>αξίως</span> <span class='ocrx_word' id='word_1_456' title='bbox 561 3834 660 3902; x_wconf 86' lang='grc' dir='ltr'>τῆς</span> <span class='ocrx_word' id='word_1_457' title='bbox 708 3833 934 3903; x_wconf 81' lang='grc' dir='ltr'>φονικῆς</span> <span class='ocrx_word' id='word_1_458' title='bbox 986 3832 1168 3887; x_wconf 84' lang='grc' dir='ltr'>αὐτῶν</span> <span class='ocrx_word' id='word_1_459' title='bbox 1199 3833 1425 3902; x_wconf 80' lang='grc' dir='ltr'>γνώμης</span> <span class='ocrx_word' id='word_1_460' title='bbox 1483 3832 1938 3904; x_wconf 81' lang='grc' dir='ltr'>ἀναιρεθήσονται</span> 
     </span>
    </p>
   </div>
   <div class='ocr_carea' id='block_1_64' title="bbox 347 3914 1928 3996">
    <p class='ocr_par' dir='ltr' id='par_1_64' title="bbox 347 3914 1928 3996">
     <span class='ocr_line' id='line_1_65' title="bbox 347 3914 1928 3996; baseline -0.002 -16"><span class='ocrx_word' id='word_1_461' title='bbox 347 3926 612 3990; x_wconf 83' lang='grc' dir='ltr'>εὐκόλως,</span> <span class='ocrx_word' id='word_1_462' title='bbox 674 3927 834 3996; x_wconf 74' lang='grc' dir='ltr'>δίκην</span> <span class='ocrx_word' id='word_1_463' title='bbox 895 3925 1071 3996; x_wconf 80' lang='grc' dir='ltr'>κηροῦ</span> <span class='ocrx_word' id='word_1_464' title='bbox 1097 3925 1379 3988; x_wconf 76' lang='grc' dir='ltr'>τακέντος.</span> <span class='ocrx_word' id='word_1_465' title='bbox 1435 3914 1592 3996; x_wconf 79' lang='grc' dir='ltr'>Ἀμα</span> <span class='ocrx_word' id='word_1_466' title='bbox 1626 3925 1738 3996; x_wconf 84' lang='grc' dir='ltr'><strong>γὰρ</strong></span> <span class='ocrx_word' id='word_1_467' title='bbox 1771 3920 1928 3989; x_wconf 75' lang='grc' dir='ltr'>οὗτος</span> 
     </span>
    </p>
   </div>
   <div class='ocr_carea' id='block_1_65' title="bbox 351 4019 1387 4092">
    <p class='ocr_par' dir='ltr' id='par_1_65' title="bbox 351 4019 1387 4092">
     <span class='ocr_line' id='line_1_66' title="bbox 351 4019 1387 4092; baseline -0.001 -17"><span class='ocrx_word' id='word_1_468' title='bbox 351 4019 650 4092; x_wconf 81' lang='grc' dir='ltr'>πλησιάζει</span> <span class='ocrx_word' id='word_1_469' title='bbox 679 4022 841 4092; x_wconf 75' lang='grc' dir='ltr'>πυρὶ,</span> <span class='ocrx_word' id='word_1_470' title='bbox 872 4022 970 4075; x_wconf 69' lang='grc' dir='ltr'>καὶ</span> <span class='ocrx_word' id='word_1_471' title='bbox 987 4020 1104 4091; x_wconf 70' lang='grc' dir='ltr'>ἅμα</span> <span class='ocrx_word' id='word_1_472' title='bbox 1133 4021 1387 4092; x_wconf 86' lang='grc' dir='ltr'>τήκεται.</span> 
     </span>
    </p>
   </div>
   <div class='ocr_carea' id='block_1_66' title="bbox 429 4195 1938 4269">
    <p class='ocr_par' dir='ltr' id='par_1_66' title="bbox 429 4195 1938 4269">
     <span class='ocr_line' id='line_1_67' title="bbox 429 4195 1938 4269; baseline -0.003 -13"><span class='ocrx_word' id='word_1_473' title='bbox 429 4203 662 4256; x_wconf 78' lang='grc' dir='ltr'>Ἐπεσε</span> <span class='ocrx_word' id='word_1_474' title='bbox 713 4200 834 4269; x_wconf 80' lang='grc' dir='ltr'><strong>πῦρ</strong></span> <span class='ocrx_word' id='word_1_475' title='bbox 877 4199 973 4255; x_wconf 77' lang='grc' dir='ltr'><strong>ἐπ’</strong></span> <span class='ocrx_word' id='word_1_476' title='bbox 1025 4199 1272 4269; x_wconf 81' lang='grc' dir='ltr'>αὐτοὺς,</span> <span class='ocrx_word' id='word_1_477' title='bbox 1336 4200 1434 4256; x_wconf 71' lang='grc' dir='ltr'>καὶ</span> <span class='ocrx_word' id='word_1_478' title='bbox 1465 4201 1578 4255; x_wconf 83' lang='grc' dir='ltr'>οὐκ</span> <span class='ocrx_word' id='word_1_479' title='bbox 1613 4195 1779 4256; x_wconf 68' lang='lat' dir='ltr'><strong>elder</strong></span> <span class='ocrx_word' id='word_1_480' title='bbox 1827 4199 1938 4253; x_wconf 77' lang='grc' dir='ltr'>τὸν</span> 
     </span>
    </p>
   </div>
   <div class='ocr_carea' id='block_1_67' title="bbox 349 4287 1935 4364">
    <p class='ocr_par' dir='ltr' id='par_1_67' title="bbox 349 4287 1935 4364">
     <span class='ocr_line' id='line_1_68' title="bbox 349 4287 1935 4364; baseline -0.003 -17"><span class='ocrx_word' id='word_1_481' title='bbox 349 4293 548 4361; x_wconf 66' lang='grc' dir='ltr'>ἣλιον.</span> <span class='ocrx_word' id='word_1_482' title='bbox 606 4291 797 4364; x_wconf 79' lang='grc' dir='ltr'>Κηροῦ</span> <span class='ocrx_word' id='word_1_483' title='bbox 847 4291 1132 4363; x_wconf 79' lang='grc' dir='ltr'>μνησθεὶς,</span> <span class='ocrx_word' id='word_1_484' title='bbox 1159 4292 1255 4346; x_wconf 78' lang='grc' dir='ltr'>καὶ</span> <span class='ocrx_word' id='word_1_485' title='bbox 1297 4292 1412 4362; x_wconf 85' lang='grc' dir='ltr'><strong>πῦρ</strong></span> <span class='ocrx_word' id='word_1_486' title='bbox 1459 4291 1791 4362; x_wconf 83' lang='grc' dir='ltr'>προσέθηκε,</span> <span class='ocrx_word' id='word_1_487' title='bbox 1821 4287 1935 4358; x_wconf 91' lang='grc' dir='ltr'><strong>πῦρ</strong></span> 
     </span>
    </p>
   </div>
   <div class='ocr_carea' id='block_1_68' title="bbox 348 4383 1933 4456">
    <p class='ocr_par' dir='ltr' id='par_1_68' title="bbox 348 4383 1933 4456">
     <span class='ocr_line' id='line_1_69' title="bbox 348 4383 1933 4456; baseline -0.003 -17"><span class='ocrx_word' id='word_1_488' title='bbox 348 4386 526 4453; x_wconf 84' lang='grc' dir='ltr'>λέγων</span> <span class='ocrx_word' id='word_1_489' title='bbox 558 4385 650 4439; x_wconf 77' lang='grc' dir='ltr'>τὸν</span> <span class='ocrx_word' id='word_1_490' title='bbox 695 4385 960 4456; x_wconf 85' lang='grc' dir='ltr'>θεήλατον</span> <span class='ocrx_word' id='word_1_491' title='bbox 1015 4384 1208 4454; x_wconf 86' lang='grc' dir='ltr'>θυμδν,</span> <span class='ocrx_word' id='word_1_492' title='bbox 1247 4385 1343 4439; x_wconf 73' lang='grc' dir='ltr'><strong>καὶ</strong></span> <span class='ocrx_word' id='word_1_493' title='bbox 1370 4385 1532 4449; x_wconf 80' lang='grc' dir='ltr'>εὐθὺς</span> <span class='ocrx_word' id='word_1_494' title='bbox 1570 4385 1654 4448; x_wconf 83' lang='grc' dir='ltr'><strong>εἰς</strong></span> <span class='ocrx_word' id='word_1_495' title='bbox 1679 4383 1780 4454; x_wconf 82' lang='grc' dir='ltr'>τὴν</span> <span class='ocrx_word' id='word_1_496' title='bbox 1805 4383 1933 4436; x_wconf 80' lang='grc' dir='ltr'>ἐπι-</span> 
     </span>
    </p>
   </div>
   <div class='ocr_carea' id='block_1_69' title="bbox 353 4473 1185 4547">
    <p class='ocr_par' dir='ltr' id='par_1_69' title="bbox 353 4473 1185 4547">
     <span class='ocr_line' id='line_1_70' title="bbox 353 4473 1185 4547; baseline -0.001 -17"><span class='ocrx_word' id='word_1_497' title='bbox 353 4476 521 4530; x_wconf 90' lang='grc' dir='ltr'>οῦσαν</span> <span class='ocrx_word' id='word_1_498' title='bbox 546 4476 766 4547; x_wconf 78' lang='grc' dir='ltr'>ἡμέραν</span> <span class='ocrx_word' id='word_1_499' title='bbox 792 4475 892 4528; x_wconf 78' lang='grc' dir='ltr'>οὐκ</span> <span class='ocrx_word' id='word_1_500' title='bbox 918 4473 1185 4543; x_wconf 79' lang='grc' dir='ltr'>ἔφθασαν.</span> 
     </span>
    </p>
   </div>
   <div class='ocr_carea' id='block_1_70' title="bbox 421 4652 1936 4724">
    <p class='ocr_par' dir='ltr' id='par_1_70' title="bbox 421 4652 1936 4724">
     <span class='ocr_line' id='line_1_71' title="bbox 421 4652 1936 4724; baseline -0.001 -14"><span class='ocrx_word' id='word_1_501' title='bbox 421 4655 542 4724; x_wconf 85' lang='grc' dir='ltr'><strong>Πρὸ</strong></span> <span class='ocrx_word' id='word_1_502' title='bbox 572 4656 682 4710; x_wconf 85' lang='grc' dir='ltr'><strong>τοῦ</strong></span> <span class='ocrx_word' id='word_1_503' title='bbox 723 4656 998 4710; x_wconf 76' lang='grc' dir='ltr'><strong>συνιέναι</strong></span> <span class='ocrx_word' id='word_1_504' title='bbox 1019 4654 1127 4721; x_wconf 77' lang='grc' dir='ltr'>τὰς</span> <span class='ocrx_word' id='word_1_505' title='bbox 1150 4655 1420 4721; x_wconf 81' lang='grc' dir='ltr'>ἀκάνθας</span> <span class='ocrx_word' id='word_1_506' title='bbox 1451 4653 1622 4724; x_wconf 79' lang='grc' dir='ltr'>ὑμῶν</span> <span class='ocrx_word' id='word_1_507' title='bbox 1659 4652 1777 4721; x_wconf 75' lang='grc' dir='ltr'>τὴν</span> <span class='ocrx_word' id='word_1_508' title='bbox 1826 4653 1936 4722; x_wconf 76' lang='grc' dir='ltr'><strong>ῥά-</strong></span> 
     </span>
    </p>
   </div>
   <div class='ocr_carea' id='block_1_71' title="bbox 346 4745 1933 4816">
    <p class='ocr_par' dir='ltr' id='par_1_71' title="bbox 346 4745 1933 4816">
     <span class='ocr_line' id='line_1_72' title="bbox 346 4745 1933 4816; baseline 0 -18"><span class='ocrx_word' id='word_1_509' title='bbox 346 4762 527 4816; x_wconf 82' lang='grc' dir='ltr'>μνον.</span> <span class='ocrx_word' id='word_1_510' title='bbox 551 4746 694 4816; x_wconf 72' lang='grc' dir='ltr'>Πρὸς</span> <span class='ocrx_word' id='word_1_511' title='bbox 715 4745 805 4799; x_wconf 70' lang='grc' dir='ltr'><strong>τὸν</strong></span> <span class='ocrx_word' id='word_1_512' title='bbox 828 4745 1001 4800; x_wconf 77' lang='grc' dir='ltr'>Σαοὺλ</span> <span class='ocrx_word' id='word_1_513' title='bbox 1017 4745 1158 4799; x_wconf 82' lang='grc' dir='ltr'>κατὰ</span> <span class='ocrx_word' id='word_1_514' title='bbox 1179 4746 1534 4816; x_wconf 81' lang='grc' dir='ltr'>ἀποστροφὴν</span> <span class='ocrx_word' id='word_1_515' title='bbox 1563 4749 1591 4800; x_wconf 82' lang='grc' dir='ltr'>ὁ</span> <span class='ocrx_word' id='word_1_516' title='bbox 1622 4746 1780 4813; x_wconf 82' lang='grc' dir='ltr'>λόγος</span> <span class='ocrx_word' id='word_1_517' title='bbox 1796 4763 1811 4775; x_wconf 77' lang='grc'><em>³</em></span> <span class='ocrx_word' id='word_1_518' title='bbox 1852 4745 1933 4798; x_wconf 79' lang='grc' dir='ltr'>ὅτι</span> 
     </span>
    </p>
   </div>
   <div class='ocr_carea' id='block_1_72' title="bbox 351 4813 2008 4908">
    <p class='ocr_par' dir='ltr' id='par_1_72' title="bbox 351 4813 2008 4908">
     <span class='ocr_line' id='line_1_73' title="bbox 351 4813 2008 4908; baseline -0.002 -16"><span class='ocrx_word' id='word_1_519' title='bbox 351 4813 515 4892; x_wconf 79' lang='grc' dir='ltr'>τοῦτο</span> <span class='ocrx_word' id='word_1_520' title='bbox 547 4813 795 4891; x_wconf 70' lang='grc' dir='ltr'>πεσεῖται</span> <span class='ocrx_word' id='word_1_521' title='bbox 811 4837 872 4890; x_wconf 78' lang='grc' dir='ltr'><strong>τὺ</strong></span> <span class='ocrx_word' id='word_1_522' title='bbox 901 4837 1033 4907; x_wconf 87' lang='grc' dir='ltr'>πῦρ,</span> <span class='ocrx_word' id='word_1_523' title='bbox 1067 4839 1175 4908; x_wconf 80' lang='grc' dir='ltr'><strong>πρὸ</strong></span> <span class='ocrx_word' id='word_1_524' title='bbox 1190 4837 1284 4891; x_wconf 85' lang='grc' dir='ltr'><strong>τοῦ</strong></span> <span class='ocrx_word' id='word_1_525' title='bbox 1307 4813 1609 4907; x_wconf 68' lang='grc' dir='ltr'>αῦξηθῆναι</span> <span class='ocrx_word' id='word_1_526' title='bbox 1636 4838 1736 4902; x_wconf 75' lang='grc' dir='ltr'><strong>τὰς</strong></span> <span class='ocrx_word' id='word_1_527' title='bbox 1758 4839 1931 4907; x_wconf 82' lang='grc' dir='ltr'>ἁμαρ·</span> <span class='ocrx_word' id='word_1_528' title='bbox 1963 4813 2008 4868; x_wconf 76' lang='lat' dir='ltr'><strong>D</strong></span> 
     </span>
    </p>
   </div>
   <div class='ocr_carea' id='block_1_73' title="bbox 352 4929 1934 5001">
    <p class='ocr_par' dir='ltr' id='par_1_73' title="bbox 352 4929 1934 5001">
     <span class='ocr_line' id='line_1_74' title="bbox 352 4929 1934 5001; baseline -0.001 -17"><span class='ocrx_word' id='word_1_529' title='bbox 352 4932 474 4993; x_wconf 80' lang='grc' dir='ltr'>τίας</span> <span class='ocrx_word' id='word_1_530' title='bbox 503 4931 680 4996; x_wconf 82' lang='grc' dir='ltr'>ὑμῶν.</span> <span class='ocrx_word' id='word_1_531' title='bbox 714 4930 830 4983; x_wconf 77' lang='grc' dir='ltr'><strong>’ἶνα</strong></span> <span class='ocrx_word' id='word_1_532' title='bbox 855 4931 910 4983; x_wconf 80' lang='grc' dir='ltr'>δὲ</span> <span class='ocrx_word' id='word_1_533' title='bbox 943 4930 1110 4993; x_wconf 81' lang='grc' dir='ltr'>σαφὲς</span> <span class='ocrx_word' id='word_1_534' title='bbox 1137 4933 1221 5001; x_wconf 81' lang='grc' dir='ltr'><strong>εῐη</strong></span> <span class='ocrx_word' id='word_1_535' title='bbox 1251 4930 1312 4983; x_wconf 80' lang='grc' dir='ltr'><strong>τὸ</strong></span> <span class='ocrx_word' id='word_1_536' title='bbox 1350 4929 1663 4999; x_wconf 83' lang='grc' dir='ltr'>λεγόμενον,</span> <span class='ocrx_word' id='word_1_537' title='bbox 1688 4930 1934 4999; x_wconf 76' lang='grc' dir='ltr'>ἄκανθαν</span> 
     </span>
    </p>
   </div>
   <div class='ocr_carea' id='block_1_74' title="bbox 357 5020 1933 5093">
    <p class='ocr_par' dir='ltr' id='par_1_74' title="bbox 357 5020 1933 5093">
     <span class='ocr_line' id='line_1_75' title="bbox 357 5020 1933 5093; baseline -0.001 -18"><span class='ocrx_word' id='word_1_538' title='bbox 357 5021 458 5093; x_wconf 67' lang='grc' dir='ltr'>μὲν</span> <span class='ocrx_word' id='word_1_539' title='bbox 485 5022 642 5076; x_wconf 87' lang='grc' dir='ltr'>καλεῖ</span> <span class='ocrx_word' id='word_1_540' title='bbox 691 5023 724 5091; x_wconf 88' lang='grc' dir='ltr'><strong>ή</strong></span> <span class='ocrx_word' id='word_1_541' title='bbox 765 5022 956 5092; x_wconf 79' lang='grc' dir='ltr'>Γραφὴ</span> <span class='ocrx_word' id='word_1_542' title='bbox 985 5022 1085 5091; x_wconf 77' lang='grc' dir='ltr'>τὴν</span> <span class='ocrx_word' id='word_1_543' title='bbox 1113 5020 1391 5092; x_wconf 79' lang='grc' dir='ltr'>ἁμαρτίαν</span> <span class='ocrx_word' id='word_1_544' title='bbox 1416 5037 1430 5053; x_wconf 77' lang='grc' dir='ltr'><strong>ο</strong></span> <span class='ocrx_word' id='word_1_545' title='bbox 1466 5021 1669 5090; x_wconf 78' lang='grc' dir='ltr'>ῥάμνος</span> <span class='ocrx_word' id='word_1_546' title='bbox 1701 5021 1759 5074; x_wconf 83' lang='grc' dir='ltr'><strong>δέ</strong></span> <span class='ocrx_word' id='word_1_547' title='bbox 1783 5022 1933 5073; x_wconf 83' lang='grc' dir='ltr'>ἐστιν</span> 
     </span>
    </p>
   </div>
   <div class='ocr_carea' id='block_1_75' title="bbox 354 5111 1921 5183">
    <p class='ocr_par' dir='ltr' id='par_1_75' title="bbox 354 5111 1921 5183">
     <span class='ocr_line' id='line_1_76' title="bbox 354 5111 1921 5183; baseline -0.002 -15"><span class='ocrx_word' id='word_1_548' title='bbox 354 5111 497 5177; x_wconf 77' lang='grc' dir='ltr'>εἶδος</span> <span class='ocrx_word' id='word_1_549' title='bbox 534 5114 781 5182; x_wconf 82' lang='grc' dir='ltr'>ἀκάνθης</span> <span class='ocrx_word' id='word_1_550' title='bbox 841 5114 1099 5183; x_wconf 82' lang='grc' dir='ltr'>μέγιστον</span> <span class='ocrx_word' id='word_1_551' title='bbox 1173 5111 1267 5165; x_wconf 80' lang='grc' dir='ltr'><strong>καὶ</strong></span> <span class='ocrx_word' id='word_1_552' title='bbox 1311 5113 1702 5183; x_wconf 78' lang='grc' dir='ltr'>σκληρότατον.</span> <span class='ocrx_word' id='word_1_553' title='bbox 1749 5114 1921 5182; x_wconf 71' lang='grc' dir='ltr'>Φησὶν</span> 
     </span>
    </p>
   </div>
   <div class='ocr_carea' id='block_1_76' title="bbox 355 5204 1931 5276">
    <p class='ocr_par' dir='ltr' id='par_1_76' title="bbox 355 5204 1931 5276">
     <span class='ocr_line' id='line_1_77' title="bbox 355 5204 1931 5276; baseline -0.001 -16"><span class='ocrx_word' id='word_1_554' title='bbox 355 5205 472 5270; x_wconf 59' lang='grc' dir='ltr'>οὖν,</span> <span class='ocrx_word' id='word_1_555' title='bbox 514 5206 598 5260; x_wconf 83' lang='grc' dir='ltr'><strong>ὅτι</strong></span> <span class='ocrx_word' id='word_1_556' title='bbox 662 5207 737 5258; x_wconf 74' lang='grc' dir='ltr'><strong>Τὸ</strong></span> <span class='ocrx_word' id='word_1_557' title='bbox 778 5205 1019 5275; x_wconf 75' lang='grc' dir='ltr'>δηλωθὲν</span> <span class='ocrx_word' id='word_1_558' title='bbox 1052 5204 1161 5276; x_wconf 88' lang='grc' dir='ltr'><strong>πῦρ</strong></span> <span class='ocrx_word' id='word_1_559' title='bbox 1220 5207 1499 5268; x_wconf 81' lang='grc' dir='ltr'>πεσεῖται,</span> <span class='ocrx_word' id='word_1_560' title='bbox 1547 5207 1654 5272; x_wconf 78' lang='grc' dir='ltr'>πρὸ</span> <span class='ocrx_word' id='word_1_561' title='bbox 1698 5205 1791 5258; x_wconf 88' lang='grc' dir='ltr'><strong>τοῦ</strong></span> <span class='ocrx_word' id='word_1_562' title='bbox 1833 5207 1931 5268; x_wconf 87' lang='grc' dir='ltr'><strong>τὰς</strong></span> 
     </span>
    </p>
   </div>
   <div class='ocr_carea' id='block_1_77' title="bbox 354 5297 1931 5369">
    <p class='ocr_par' dir='ltr' id='par_1_77' title="bbox 354 5297 1931 5369">
     <span class='ocr_line' id='line_1_78' title="bbox 354 5297 1931 5369; baseline -0.004 -14"><span class='ocrx_word' id='word_1_563' title='bbox 354 5299 604 5364; x_wconf 76' lang='grc' dir='ltr'>ἀκάνθας</span> <span class='ocrx_word' id='word_1_564' title='bbox 645 5299 822 5369; x_wconf 81' lang='grc' dir='ltr'>ὑμῶν,</span> <span class='ocrx_word' id='word_1_565' title='bbox 863 5300 984 5369; x_wconf 83' lang='grc' dir='ltr'>ήτοι</span> <span class='ocrx_word' id='word_1_566' title='bbox 1058 5298 1157 5361; x_wconf 85' lang='grc' dir='ltr'><strong>τὰς</strong></span> <span class='ocrx_word' id='word_1_567' title='bbox 1204 5297 1505 5367; x_wconf 74' lang='grc' dir='ltr'>ἁμαρτίας,</span> <span class='ocrx_word' id='word_1_568' title='bbox 1557 5298 1798 5351; x_wconf 84' lang='grc' dir='ltr'>συνιέναι</span> <span class='ocrx_word' id='word_1_569' title='bbox 1833 5298 1931 5368; x_wconf 78' lang='grc' dir='ltr'><strong>τὴν</strong></span> 
     </span>
    </p>
   </div>
   <div class='ocr_carea' id='block_1_78' title="bbox 359 5387 1929 5462">
    <p class='ocr_par' dir='ltr' id='par_1_78' title="bbox 359 5387 1929 5462">
     <span class='ocr_line' id='line_1_79' title="bbox 359 5387 1929 5462; baseline -0.003 -17"><span class='ocrx_word' id='word_1_570' title='bbox 359 5394 590 5462; x_wconf 80' lang='grc' dir='ltr'>ῥάμνον,</span> <span class='ocrx_word' id='word_1_571' title='bbox 628 5391 876 5444; x_wconf 83' lang='grc' dir='ltr'>τουτέστι</span> <span class='ocrx_word' id='word_1_572' title='bbox 932 5389 1124 5460; x_wconf 85' lang='grc' dir='ltr'>μαθεῖν</span> <span class='ocrx_word' id='word_1_573' title='bbox 1175 5389 1274 5444; x_wconf 82' lang='grc' dir='ltr'>καὶ</span> <span class='ocrx_word' id='word_1_574' title='bbox 1321 5391 1402 5452; x_wconf 73' lang='grc' dir='ltr'>εἰς</span> <span class='ocrx_word' id='word_1_575' title='bbox 1457 5389 1533 5458; x_wconf 72' lang='grc'><strong>(4)</strong></span> <span class='ocrx_word' id='word_1_576' title='bbox 1589 5387 1704 5454; x_wconf 73' lang='grc' dir='ltr'><strong>ἕξιν</strong></span> <span class='ocrx_word' id='word_1_577' title='bbox 1754 5388 1929 5442; x_wconf 85' lang='grc' dir='ltr'>ὲλθεῖν</span> 
     </span>
    </p>
   </div>
   <div class='ocr_carea' id='block_1_79' title="bbox 360 5479 1929 5554">
    <p class='ocr_par' dir='ltr' id='par_1_79' title="bbox 360 5479 1929 5554">
     <span class='ocr_line' id='line_1_80' title="bbox 360 5479 1929 5554; baseline -0.003 -17"><span class='ocrx_word' id='word_1_578' title='bbox 360 5483 650 5554; x_wconf 82' lang='grc' dir='ltr'>μεγέθους,</span> <span class='ocrx_word' id='word_1_579' title='bbox 685 5482 781 5536; x_wconf 79' lang='grc' dir='ltr'><strong>καὶ</strong></span> <span class='ocrx_word' id='word_1_580' title='bbox 822 5482 924 5551; x_wconf 81' lang='grc' dir='ltr'>τῆς</span> <span class='ocrx_word' id='word_1_581' title='bbox 956 5480 1325 5553; x_wconf 85' lang='grc' dir='ltr'>σκληρότητος</span> <span class='ocrx_word' id='word_1_582' title='bbox 1362 5479 1465 5552; x_wconf 86' lang='grc' dir='ltr'>τῆς</span> <span class='ocrx_word' id='word_1_583' title='bbox 1490 5479 1720 5551; x_wconf 78' lang='grc' dir='ltr'>ῥάμνον,</span> <span class='ocrx_word' id='word_1_584' title='bbox 1751 5481 1780 5534; x_wconf 86' lang='grc' dir='ltr'><strong><em>ὃ</em></strong></span> <span class='ocrx_word' id='word_1_585' title='bbox 1810 5481 1929 5534; x_wconf 79' lang='grc' dir='ltr'>ἐστι</span> 
     </span>
    </p>
   </div>
   <div class='ocr_carea' id='block_1_80' title="bbox 431 5681 848 5827">
    <p class='ocr_par' dir='ltr' id='par_1_80' title="bbox 431 5681 848 5827">
     <span class='ocr_line' id='line_1_81' title="bbox 431 5681 848 5827; baseline 0.005 -16"><span class='ocrx_word' id='word_1_586' title='bbox 431 5756 511 5827; x_wconf 71' lang='grc' dir='ltr'><strong>(ι)</strong></span> <span class='ocrx_word' id='word_1_587' title='bbox 545 5756 629 5812; x_wconf 80' lang='lat' dir='ltr'><strong>Al.</strong></span> <span class='ocrx_word' id='word_1_588' title='bbox 678 5681 848 5826; x_wconf 57' lang='grc' dir='ltr'>ἄξιον.</span> 
     </span>
    </p>
   </div>
   <div class='ocr_carea' id='block_1_81' title="bbox 2035 3552 3621 3620">
    <p class='ocr_par' dir='ltr' id='par_1_81' title="bbox 2035 3552 3621 3620">
     <span class='ocr_line' id='line_1_82' title="bbox 2035 3552 3621 3620; baseline -0.007 -7"><span class='ocrx_word' id='word_1_589' title='bbox 2035 3565 2227 3614; x_wconf 90' lang='lat' dir='ltr'><strong>contra</strong></span> <span class='ocrx_word' id='word_1_590' title='bbox 2261 3572 2357 3610; x_wconf 89' lang='lat' dir='ltr'><strong>eos</strong></span> <span class='ocrx_word' id='word_1_591' title='bbox 2385 3555 2528 3609; x_wconf 85' lang='lat' dir='ltr'><strong>Deus</strong></span> <span class='ocrx_word' id='word_1_592' title='bbox 2557 3568 2712 3607; x_wconf 88' lang='lat' dir='ltr'><strong>suam</strong></span> <span class='ocrx_word' id='word_1_593' title='bbox 2739 3553 2793 3606; x_wconf 91' lang='lat' dir='ltr'><strong>in</strong></span> <span class='ocrx_word' id='word_1_594' title='bbox 2827 3552 3046 3606; x_wconf 84' lang='lat' dir='ltr'><strong>inferno</strong></span> <span class='ocrx_word' id='word_1_595' title='bbox 3078 3552 3406 3620; x_wconf 85' lang='lat' dir='ltr'><strong>potentiam,</strong></span> <span class='ocrx_word' id='word_1_596' title='bbox 3451 3559 3621 3618; x_wconf 84' lang='lat' dir='ltr'><strong>atque</strong></span> 
     </span>
    </p>
   </div>
   <div class='ocr_carea' id='block_1_82' title="bbox 2035 3647 2453 3716">
    <p class='ocr_par' dir='ltr' id='par_1_82' title="bbox 2035 3647 2453 3716">
     <span class='ocr_line' id='line_1_83' title="bbox 2035 3647 2453 3716; baseline -0.01 -13"><span class='ocrx_word' id='word_1_597' title='bbox 2035 3647 2453 3716; x_wconf 84' lang='lat' dir='ltr'><strong>eos‘percutiet.</strong></span> 
     </span>
    </p>
   </div>
   <div class='ocr_carea' id='block_1_83' title="bbox 2110 3730 3626 3803">
    <p class='ocr_par' dir='ltr' id='par_1_83' title="bbox 2110 3730 3626 3803">
     <span class='ocr_line' id='line_1_84' title="bbox 2110 3730 3626 3803; baseline -0.004 -13"><span class='ocrx_word' id='word_1_598' title='bbox 2110 3736 2278 3791; x_wconf 72' lang='lat' dir='ltr'><strong>Vens.</strong></span> <span class='ocrx_word' id='word_1_599' title='bbox 2311 3736 2366 3790; x_wconf 90' lang='lat'><strong>9.</strong></span> <span class='ocrx_word' id='word_1_600' title='bbox 2396 3735 2566 3799; x_wconf 81' lang='lat' dir='ltr'><strong>Quasi</strong></span> <span class='ocrx_word' id='word_1_601' title='bbox 2588 3752 2707 3789; x_wconf 84' lang='lat' dir='ltr'><strong>cara</strong></span> <span class='ocrx_word' id='word_1_602' title='bbox 2747 3735 3032 3803; x_wconf 74' lang='lat' dir='ltr'><strong>liquefacta</strong></span> <span class='ocrx_word' id='word_1_603' title='bbox 3075 3731 3406 3800; x_wconf 79' lang='lat' dir='ltr'><strong>auferentur.</strong></span> <span class='ocrx_word' id='word_1_604' title='bbox 3457 3730 3626 3784; x_wconf 80' lang='lat' dir='ltr'><strong>Aufe-</strong></span> 
     </span>
    </p>
   </div>
   <div class='ocr_carea' id='block_1_84' title="bbox 2036 3821 3624 3898">
    <p class='ocr_par' dir='ltr' id='par_1_84' title="bbox 2036 3821 3624 3898">
     <span class='ocr_line' id='line_1_85' title="bbox 2036 3821 3624 3898; baseline -0.005 -14"><span class='ocrx_word' id='word_1_605' title='bbox 2036 3840 2250 3895; x_wconf 87' lang='lat' dir='ltr'><strong>rentur,</strong></span> <span class='ocrx_word' id='word_1_606' title='bbox 2288 3828 2578 3898; x_wconf 89' lang='lat' dir='ltr'><strong>inquit,de</strong></span> <span class='ocrx_word' id='word_1_607' title='bbox 2608 3828 2776 3890; x_wconf 80' lang='lat' dir='ltr'><strong>facili,</strong></span> <span class='ocrx_word' id='word_1_608' title='bbox 2803 3828 2980 3881; x_wconf 88' lang='lat' dir='ltr'><strong>instar</strong></span> <span class='ocrx_word' id='word_1_609' title='bbox 3020 3826 3287 3894; x_wconf 86' lang='lat' dir='ltr'><strong>liquantis</strong></span> <span class='ocrx_word' id='word_1_610' title='bbox 3329 3839 3491 3879; x_wconf 66' lang='lat' dir='ltr'><strong>certe.</strong></span> <span class='ocrx_word' id='word_1_611' title='bbox 3547 3821 3624 3877; x_wconf 89' lang='lat' dir='ltr'><strong>Ita</strong></span> 
     </span>
    </p>
   </div>
   <div class='ocr_carea' id='block_1_85' title="bbox 2037 3913 3622 3975">
    <p class='ocr_par' dir='ltr' id='par_1_85' title="bbox 2037 3913 3622 3975">
     <span class='ocr_line' id='line_1_86' title="bbox 2037 3913 3622 3975; baseline -0.004 0"><span class='ocrx_word' id='word_1_612' title='bbox 2037 3919 2182 3975; x_wconf 88' lang='lat' dir='ltr'><strong>enim</strong></span> <span class='ocrx_word' id='word_1_613' title='bbox 2219 3927 2461 3974; x_wconf 89' lang='lat' dir='ltr'><strong>meretur</strong></span> <span class='ocrx_word' id='word_1_614' title='bbox 2513 3918 2742 3971; x_wconf 92' lang='lat' dir='ltr'><strong>immitis</strong></span> <span class='ocrx_word' id='word_1_615' title='bbox 2792 3931 2858 3970; x_wconf 89' lang='lat' dir='ltr'><strong>ac</strong></span> <span class='ocrx_word' id='word_1_616' title='bbox 2905 3929 3086 3969; x_wconf 78' lang='lat' dir='ltr'><strong>szevus</strong></span> <span class='ocrx_word' id='word_1_617' title='bbox 3138 3929 3330 3968; x_wconf 92' lang='lat' dir='ltr'><strong>eorum</strong></span> <span class='ocrx_word' id='word_1_618' title='bbox 3380 3913 3622 3968; x_wconf 82' lang='lat' dir='ltr'><strong>animus.</strong></span> 
     </span>
    </p>
   </div>
   <div class='ocr_carea' id='block_1_86' title="bbox 2039 4003 3626 4077">
    <p class='ocr_par' dir='ltr' id='par_1_86' title="bbox 2039 4003 3626 4077">
     <span class='ocr_line' id='line_1_87' title="bbox 2039 4003 3626 4077; baseline -0.004 -12"><span class='ocrx_word' id='word_1_619' title='bbox 2039 4011 2175 4065; x_wconf 84' lang='lat' dir='ltr'><strong>Nam</strong></span> <span class='ocrx_word' id='word_1_620' title='bbox 2211 4009 2375 4066; x_wconf 90' lang='lat' dir='ltr'><strong>simul</strong></span> <span class='ocrx_word' id='word_1_621' title='bbox 2417 4024 2482 4064; x_wconf 92' lang='lat' dir='ltr'><strong>ac</strong></span> <span class='ocrx_word' id='word_1_622' title='bbox 2527 4023 2648 4064; x_wconf 86' lang='lat' dir='ltr'><strong>cera</strong></span> <span class='ocrx_word' id='word_1_623' title='bbox 2695 4007 2806 4077; x_wconf 89' lang='lat' dir='ltr'><strong>igni</strong></span> <span class='ocrx_word' id='word_1_624' title='bbox 2845 4005 3066 4059; x_wconf 86' lang='lat' dir='ltr'><strong>admota</strong></span> <span class='ocrx_word' id='word_1_625' title='bbox 3117 4003 3326 4069; x_wconf 91' lang='lat' dir='ltr'><strong>fuerit,</strong></span> <span class='ocrx_word' id='word_1_626' title='bbox 3364 4004 3626 4058; x_wconf 90' lang='lat' dir='ltr'><strong>continuo</strong></span> 
     </span>
    </p>
   </div>
   <div class='ocr_carea' id='block_1_87' title="bbox 2038 4101 2316 4172">
    <p class='ocr_par' dir='ltr' id='par_1_87' title="bbox 2038 4101 2316 4172">
     <span class='ocr_line' id='line_1_88' title="bbox 2038 4101 2316 4172; baseline -0.007 -15"><span class='ocrx_word' id='word_1_627' title='bbox 2038 4101 2316 4172; x_wconf 89' lang='lat' dir='ltr'><strong>liquescit.</strong></span> 
     </span>
    </p>
   </div>
   <div class='ocr_carea' id='block_1_88' title="bbox 2109 4186 3625 4263">
    <p class='ocr_par' dir='ltr' id='par_1_88' title="bbox 2109 4186 3625 4263">
     <span class='ocr_line' id='line_1_89' title="bbox 2109 4186 3625 4263; baseline -0.007 -11"><span class='ocrx_word' id='word_1_628' title='bbox 2109 4195 2310 4251; x_wconf 83' lang='lat' dir='ltr'><strong>Cecidit</strong></span> <span class='ocrx_word' id='word_1_629' title='bbox 2344 4195 2478 4263; x_wconf 76' lang='lat' dir='ltr'><strong>ignis</strong></span> <span class='ocrx_word' id='word_1_630' title='bbox 2502 4210 2661 4262; x_wconf 77' lang='lat' dir='ltr'><strong>super</strong></span> <span class='ocrx_word' id='word_1_631' title='bbox 2677 4209 2786 4256; x_wconf 79' lang='lat' dir='ltr'><strong>eos,</strong></span> <span class='ocrx_word' id='word_1_632' title='bbox 2808 4201 2977 4246; x_wconf 85' lang='lat' dir='ltr'><strong>etnon</strong></span> <span class='ocrx_word' id='word_1_633' title='bbox 3001 4190 3246 4245; x_wconf 81' lang='lat' dir='ltr'><strong>uiderunt</strong></span> <span class='ocrx_word' id='word_1_634' title='bbox 3270 4188 3456 4244; x_wconf 75' lang='lat' dir='ltr'><strong>solem.</strong></span> <span class='ocrx_word' id='word_1_635' title='bbox 3471 4186 3625 4242; x_wconf 68' lang='lat' dir='ltr'><strong>Cerae</strong></span> 
     </span>
    </p>
   </div>
   <div class='ocr_carea' id='block_1_89' title="bbox 2039 4277 3623 4354">
    <p class='ocr_par' dir='ltr' id='par_1_89' title="bbox 2039 4277 3623 4354">
     <span class='ocr_line' id='line_1_90' title="bbox 2039 4277 3623 4354; baseline -0.005 -16"><span class='ocrx_word' id='word_1_636' title='bbox 2039 4286 2308 4351; x_wconf 87' lang='lat' dir='ltr'><strong>meminit,</strong></span> <span class='ocrx_word' id='word_1_637' title='bbox 2340 4285 2502 4339; x_wconf 89' lang='lat' dir='ltr'><strong>modo</strong></span> <span class='ocrx_word' id='word_1_638' title='bbox 2543 4287 2720 4354; x_wconf 88' lang='lat' dir='ltr'><strong>ignem</strong></span> <span class='ocrx_word' id='word_1_639' title='bbox 2750 4281 2900 4336; x_wconf 91' lang='lat' dir='ltr'><strong>addit</strong></span> <span class='ocrx_word' id='word_1_640' title='bbox 2929 4321 2944 4344; x_wconf 91' lang='lat'><strong>,</strong></span> <span class='ocrx_word' id='word_1_641' title='bbox 2975 4281 3157 4352; x_wconf 83' lang='lat' dir='ltr'><strong>ignem</strong></span> <span class='ocrx_word' id='word_1_642' title='bbox 3205 4279 3486 4349; x_wconf 77' lang='lat' dir='ltr'><strong>appellans</strong></span> <span class='ocrx_word' id='word_1_643' title='bbox 3533 4277 3623 4332; x_wconf 85' lang='lat' dir='ltr'><strong>ul-</strong></span> 
     </span>
    </p>
   </div>
   <div class='ocr_carea' id='block_1_90' title="bbox 2037 4373 3622 4444">
    <p class='ocr_par' dir='ltr' id='par_1_90' title="bbox 2037 4373 3622 4444">
     <span class='ocr_line' id='line_1_91' title="bbox 2037 4373 3622 4444; baseline -0.003 -14"><span class='ocrx_word' id='word_1_644' title='bbox 2037 4377 2242 4432; x_wconf 87' lang='lat' dir='ltr'><strong>tionem</strong></span> <span class='ocrx_word' id='word_1_645' title='bbox 2274 4392 2303 4430; x_wconf 92' lang='lat' dir='ltr'><strong>a</strong></span> <span class='ocrx_word' id='word_1_646' title='bbox 2331 4377 2441 4431; x_wconf 90' lang='lat' dir='ltr'><strong>Deo</strong></span> <span class='ocrx_word' id='word_1_647' title='bbox 2473 4375 2700 4430; x_wconf 82' lang='lat' dir='ltr'><strong>illatam.</strong></span> <span class='ocrx_word' id='word_1_648' title='bbox 2720 4373 3022 4430; x_wconf 88' lang='lat' dir='ltr'><strong>Confestim</strong></span> <span class='ocrx_word' id='word_1_649' title='bbox 3056 4374 3227 4444; x_wconf 89' lang='lat' dir='ltr'><strong>igitur</strong></span> <span class='ocrx_word' id='word_1_650' title='bbox 3257 4388 3287 4426; x_wconf 90' lang='lat' dir='ltr'><strong>a</strong></span> <span class='ocrx_word' id='word_1_651' title='bbox 3320 4383 3622 4442; x_wconf 87' lang='lat' dir='ltr'><strong>conspectu</strong></span> 
     </span>
    </p>
   </div>
   <div class='ocr_carea' id='block_1_91' title="bbox 2037 4465 3623 4539">
    <p class='ocr_par' dir='ltr' id='par_1_91' title="bbox 2037 4465 3623 4539">
     <span class='ocr_line' id='line_1_92' title="bbox 2037 4465 3623 4539; baseline -0.003 -16"><span class='ocrx_word' id='word_1_652' title='bbox 2037 4470 2183 4539; x_wconf 89' lang='lat' dir='ltr'><strong>ignis</strong></span> <span class='ocrx_word' id='word_1_653' title='bbox 2213 4470 2528 4537; x_wconf 88' lang='lat' dir='ltr'><strong>perierunt,</strong></span> <span class='ocrx_word' id='word_1_654' title='bbox 2587 4470 2658 4522; x_wconf 85' lang='lat' dir='ltr'><strong>ita</strong></span> <span class='ocrx_word' id='word_1_655' title='bbox 2713 4478 2772 4523; x_wconf 92' lang='lat' dir='ltr'><strong>ut</strong></span> <span class='ocrx_word' id='word_1_656' title='bbox 2825 4469 2892 4523; x_wconf 91' lang='lat' dir='ltr'><strong>ad</strong></span> <span class='ocrx_word' id='word_1_657' title='bbox 2936 4475 3254 4537; x_wconf 83' lang='lat' dir='ltr'><strong>sequentem</strong></span> <span class='ocrx_word' id='word_1_658' title='bbox 3319 4465 3623 4520; x_wconf 77' lang='lat' dir='ltr'><strong>diem‘non</strong></span> 
     </span>
    </p>
   </div>
   <div class='ocr_carea' id='block_1_92' title="bbox 2036 4557 3416 4632">
    <p class='ocr_par' dir='ltr' id='par_1_92' title="bbox 2036 4557 3416 4632">
     <span class='ocr_line' id='line_1_93' title="bbox 2036 4557 3416 4632; baseline -0.004 -16"><span class='ocrx_word' id='word_1_659' title='bbox 2036 4563 2408 4632; x_wconf 83' lang='lat' dir='ltr'><strong>pervenerint.</strong></span> <span class='ocrx_word' id='word_1_660' title='bbox 2445 4563 2549 4617; x_wconf 91' lang='lat' dir='ltr'><strong>Per</strong></span> <span class='ocrx_word' id='word_1_661' title='bbox 2572 4562 2740 4616; x_wconf 90' lang='lat' dir='ltr'><strong>solem</strong></span> <span class='ocrx_word' id='word_1_662' title='bbox 2778 4561 2925 4616; x_wconf 90' lang='lat' dir='ltr'><strong>enim</strong></span> <span class='ocrx_word' id='word_1_663' title='bbox 2963 4560 3107 4616; x_wconf 85' lang='lat' dir='ltr'><strong>diem</strong></span> <span class='ocrx_word' id='word_1_664' title='bbox 3139 4557 3416 4624; x_wconf 77' lang='lat' dir='ltr'><strong>intelligit.</strong></span> 
     </span>
    </p>
   </div>
   <div class='ocr_carea' id='block_1_93' title="bbox 2113 4651 3624 4725">
    <p class='ocr_par' dir='ltr' id='par_1_93' title="bbox 2113 4651 3624 4725">
     <span class='ocr_line' id='line_1_94' title="bbox 2113 4651 3624 4725; baseline -0.007 -13"><span class='ocrx_word' id='word_1_665' title='bbox 2113 4657 2281 4712; x_wconf 74' lang='lat' dir='ltr'><strong>Vens.</strong></span> <span class='ocrx_word' id='word_1_666' title='bbox 2337 4655 2424 4710; x_wconf 79' lang='grc'><strong>10.</strong></span> <span class='ocrx_word' id='word_1_667' title='bbox 2487 4654 2811 4725; x_wconf 82' lang='lat' dir='ltr'><strong>Priusquam</strong></span> <span class='ocrx_word' id='word_1_668' title='bbox 2883 4653 3181 4725; x_wconf 86' lang='lat' dir='ltr'><strong>intelligant</strong></span> <span class='ocrx_word' id='word_1_669' title='bbox 3229 4651 3395 4718; x_wconf 74' lang='lat' dir='ltr'><strong>spinae</strong></span> <span class='ocrx_word' id='word_1_670' title='bbox 3441 4655 3624 4703; x_wconf 71' lang='lat' dir='ltr'><strong>vestrm</strong></span> 
     </span>
    </p>
   </div>
   <div class='ocr_carea' id='block_1_94' title="bbox 2039 4740 3625 4818">
    <p class='ocr_par' dir='ltr' id='par_1_94' title="bbox 2039 4740 3625 4818">
     <span class='ocr_line' id='line_1_95' title="bbox 2039 4740 3625 4818; baseline -0.006 -15"><span class='ocrx_word' id='word_1_671' title='bbox 2039 4749 2341 4804; x_wconf 83' lang='lat' dir='ltr'><strong>rhamnum.</strong></span> <span class='ocrx_word' id='word_1_672' title='bbox 2396 4747 2743 4818; x_wconf 80' lang='lat' dir='ltr'><strong>Apostrophe</strong></span> <span class='ocrx_word' id='word_1_673' title='bbox 2773 4745 2943 4800; x_wconf 92' lang='lat' dir='ltr'><strong>utitur</strong></span> <span class='ocrx_word' id='word_1_674' title='bbox 2991 4743 3285 4813; x_wconf 84' lang='lat' dir='ltr'><strong>Propheta.</strong></span> <span class='ocrx_word' id='word_1_675' title='bbox 3336 4740 3625 4797; x_wconf 86' lang='lat' dir='ltr'><strong>Convertit</strong></span> 
     </span>
    </p>
   </div>
   <div class='ocr_carea' id='block_1_95' title="bbox 2035 4833 3620 4905">
    <p class='ocr_par' dir='ltr' id='par_1_95' title="bbox 2035 4833 3620 4905">
     <span class='ocr_line' id='line_1_96' title="bbox 2035 4833 3620 4905; baseline -0.008 -9"><span class='ocrx_word' id='word_1_676' title='bbox 2035 4841 2179 4896; x_wconf 86' lang='lat' dir='ltr'><strong>enim</strong></span> <span class='ocrx_word' id='word_1_677' title='bbox 2215 4855 2524 4896; x_wconf 90' lang='lat' dir='ltr'><strong>sermonem</strong></span> <span class='ocrx_word' id='word_1_678' title='bbox 2560 4855 2720 4896; x_wconf 86' lang='lat' dir='ltr'><strong>suum</strong></span> <span class='ocrx_word' id='word_1_679' title='bbox 2748 4838 2813 4892; x_wconf 88' lang='lat' dir='ltr'><strong>ad</strong></span> <span class='ocrx_word' id='word_1_680' title='bbox 2842 4837 3084 4891; x_wconf 87' lang='lat' dir='ltr'><strong>Saulem.</strong></span> <span class='ocrx_word' id='word_1_681' title='bbox 3110 4833 3620 4905; x_wconf 82' lang='lat' dir='ltr'><strong>lgnisiste,inquit,</strong></span> 
     </span>
    </p>
   </div>
   <div class='ocr_carea' id='block_1_96' title="bbox 2037 4923 3620 5003">
    <p class='ocr_par' dir='ltr' id='par_1_96' title="bbox 2037 4923 3620 5003">
     <span class='ocr_line' id='line_1_97' title="bbox 2037 4923 3620 5003; baseline -0.008 -15"><span class='ocrx_word' id='word_1_682' title='bbox 2037 4948 2202 5003; x_wconf 83' lang='lat' dir='ltr'><strong>Super</strong></span> <span class='ocrx_word' id='word_1_683' title='bbox 2235 4947 2334 4986; x_wconf 86' lang='lat' dir='ltr'><strong>vos</strong></span> <span class='ocrx_word' id='word_1_684' title='bbox 2384 4931 2632 4992; x_wconf 88' lang='lat' dir='ltr'><strong>decidet,</strong></span> <span class='ocrx_word' id='word_1_685' title='bbox 2679 4931 3004 5000; x_wconf 85' lang='lat' dir='ltr'><strong>priusquam</strong></span> <span class='ocrx_word' id='word_1_686' title='bbox 3058 4938 3279 4999; x_wconf 86' lang='lat' dir='ltr'><strong>peccata</strong></span> <span class='ocrx_word' id='word_1_687' title='bbox 3337 4937 3515 4981; x_wconf 83' lang='lat' dir='ltr'><strong>vestra</strong></span> <span class='ocrx_word' id='word_1_688' title='bbox 3565 4923 3620 4975; x_wconf 91' lang='lat' dir='ltr'><strong>iu</strong></span> 
     </span>
    </p>
   </div>
   <div class='ocr_carea' id='block_1_97' title="bbox 2004 5019 3622 5086">
    <p class='ocr_par' dir='ltr' id='par_1_97' title="bbox 2004 5019 3622 5086">
     <span class='ocr_line' id='line_1_98' title="bbox 2004 5019 3622 5086; baseline -0.007 -8"><span class='ocrx_word' id='word_1_689' title='bbox 2004 5024 2363 5086; x_wconf 78' lang='lat' dir='ltr'><strong>immensum</strong></span> <span class='ocrx_word' id='word_1_690' title='bbox 2388 5024 2682 5078; x_wconf 86' lang='lat' dir='ltr'><strong>creverint.</strong></span> <span class='ocrx_word' id='word_1_691' title='bbox 2724 5021 2794 5076; x_wconf 90' lang='lat' dir='ltr'><strong>Ut</strong></span> <span class='ocrx_word' id='word_1_692' title='bbox 2827 5030 3008 5076; x_wconf 84' lang='lat' dir='ltr'><strong>autem</strong></span> <span class='ocrx_word' id='word_1_693' title='bbox 3055 5021 3256 5076; x_wconf 91' lang='lat' dir='ltr'><strong>clarior</strong></span> <span class='ocrx_word' id='word_1_694' title='bbox 3294 5019 3384 5072; x_wconf 88' lang='lat' dir='ltr'><strong>flat</strong></span> <span class='ocrx_word' id='word_1_695' title='bbox 3427 5029 3622 5070; x_wconf 84' lang='lat' dir='ltr'><strong>sensus</strong></span> 
     </span>
    </p>
   </div>
   <div class='ocr_carea' id='block_1_98' title="bbox 2034 5109 3618 5186">
    <p class='ocr_par' dir='ltr' id='par_1_98' title="bbox 2034 5109 3618 5186">
     <span class='ocr_line' id='line_1_99' title="bbox 2034 5109 3618 5186; baseline -0.007 -17"><span class='ocrx_word' id='word_1_696' title='bbox 2034 5132 2194 5186; x_wconf 92' lang='lat' dir='ltr'><strong>quem</strong></span> <span class='ocrx_word' id='word_1_697' title='bbox 2225 5116 2482 5180; x_wconf 91' lang='lat' dir='ltr'><strong>dicimus,</strong></span> <span class='ocrx_word' id='word_1_698' title='bbox 2519 5115 2652 5171; x_wconf 92' lang='lat' dir='ltr'><strong>illud</strong></span> <span class='ocrx_word' id='word_1_699' title='bbox 2703 5114 3100 5179; x_wconf 86' lang='lat' dir='ltr'><strong>animadverte,</strong></span> <span class='ocrx_word' id='word_1_700' title='bbox 3154 5112 3298 5182; x_wconf 89' lang='lat' dir='ltr'><strong>quod</strong></span> <span class='ocrx_word' id='word_1_701' title='bbox 3334 5109 3618 5175; x_wconf 87' lang='lat' dir='ltr'><strong>Scriptura</strong></span> 
     </span>
    </p>
   </div>
   <div class='ocr_carea' id='block_1_99' title="bbox 2033 5199 3616 5278">
    <p class='ocr_par' dir='ltr' id='par_1_99' title="bbox 2033 5199 3616 5278">
     <span class='ocr_line' id='line_1_100' title="bbox 2033 5199 3616 5278; baseline -0.011 -13"><span class='ocrx_word' id='word_1_702' title='bbox 2033 5223 2178 5278; x_wconf 63' lang='lat' dir='ltr'><strong>saepe</strong></span> <span class='ocrx_word' id='word_1_703' title='bbox 2217 5223 2312 5278; x_wconf 85' lang='lat' dir='ltr'><strong>per</strong></span> <span class='ocrx_word' id='word_1_704' title='bbox 2336 5209 2582 5276; x_wconf 81' lang='lat' dir='ltr'><strong>spinam,</strong></span> <span class='ocrx_word' id='word_1_705' title='bbox 2609 5209 2918 5276; x_wconf 87' lang='lat' dir='ltr'><strong>&#39;peccatum</strong></span> <span class='ocrx_word' id='word_1_706' title='bbox 2971 5204 3244 5273; x_wconf 90' lang='lat' dir='ltr'><strong>intelligit.</strong></span> <span class='ocrx_word' id='word_1_707' title='bbox 3305 5199 3616 5253; x_wconf 81' lang='lat' dir='ltr'><strong>Rhamnum</strong></span> 
     </span>
    </p>
   </div>
   <div class='ocr_carea' id='block_1_100' title="bbox 2035 5288 3618 5371">
    <p class='ocr_par' dir='ltr' id='par_1_100' title="bbox 2035 5288 3618 5371">
     <span class='ocr_line' id='line_1_101' title="bbox 2035 5288 3618 5371; baseline -0.008 -16"><span class='ocrx_word' id='word_1_708' title='bbox 2035 5309 2212 5356; x_wconf 92' lang='lat' dir='ltr'><strong>autem</strong></span> <span class='ocrx_word' id='word_1_709' title='bbox 2242 5301 2526 5356; x_wconf 92' lang='lat' dir='ltr'><strong>dumorum</strong></span> <span class='ocrx_word' id='word_1_710' title='bbox 2549 5299 2820 5371; x_wconf 89' lang='lat' dir='ltr'><strong>quoddam</strong></span> <span class='ocrx_word' id='word_1_711' title='bbox 2846 5315 3019 5370; x_wconf 85' lang='lat' dir='ltr'><strong>genus</strong></span> <span class='ocrx_word' id='word_1_712' title='bbox 3041 5305 3145 5359; x_wconf 89' lang='lat' dir='ltr'><strong>est,</strong></span> <span class='ocrx_word' id='word_1_713' title='bbox 3169 5293 3312 5364; x_wconf 87' lang='lat' dir='ltr'><strong>quod</strong></span> <span class='ocrx_word' id='word_1_714' title='bbox 3364 5288 3618 5344; x_wconf 79' lang='lat' dir='ltr'><strong>maximis</strong></span> 
     </span>
    </p>
   </div>
   <div class='ocr_carea' id='block_1_101' title="bbox 2033 5381 3616 5461">
    <p class='ocr_par' dir='ltr' id='par_1_101' title="bbox 2033 5381 3616 5461">
     <span class='ocr_line' id='line_1_102' title="bbox 2033 5381 3616 5461; baseline -0.005 -17"><span class='ocrx_word' id='word_1_715' title='bbox 2033 5399 2196 5461; x_wconf 83' lang='lat' dir='ltr'><strong>atque</strong></span> <span class='ocrx_word' id='word_1_716' title='bbox 2224 5393 2562 5447; x_wconf 87' lang='lat' dir='ltr'><strong>acutissimis</strong></span> <span class='ocrx_word' id='word_1_717' title='bbox 2594 5389 2853 5446; x_wconf 84' lang='lat' dir='ltr'><strong>refertum</strong></span> <span class='ocrx_word' id='word_1_718' title='bbox 2884 5397 2969 5443; x_wconf 89' lang='lat' dir='ltr'><strong>est</strong></span> <span class='ocrx_word' id='word_1_719' title='bbox 3002 5385 3224 5441; x_wconf 88' lang='lat' dir='ltr'><strong>aculeis.</strong></span> <span class='ocrx_word' id='word_1_720' title='bbox 3287 5382 3376 5436; x_wconf 83' lang='lat' dir='ltr'><strong>Ait</strong></span> <span class='ocrx_word' id='word_1_721' title='bbox 3409 5381 3616 5451; x_wconf 77' lang='lat' dir='ltr'><strong>igitur:</strong></span> 
     </span>
    </p>
   </div>
   <div class='ocr_carea' id='block_1_102' title="bbox 2033 5473 3620 5556">
    <p class='ocr_par' dir='ltr' id='par_1_102' title="bbox 2033 5473 3620 5556">
     <span class='ocr_line' id='line_1_103' title="bbox 2033 5473 3620 5556; baseline -0.005 -20"><span class='ocrx_word' id='word_1_722' title='bbox 2033 5483 2183 5553; x_wconf 89' lang='lat' dir='ltr'><strong>Ignis</strong></span> <span class='ocrx_word' id='word_1_723' title='bbox 2208 5484 2322 5549; x_wconf 90' lang='lat' dir='ltr'><strong>ille,</strong></span> <span class='ocrx_word' id='word_1_724' title='bbox 2352 5500 2513 5556; x_wconf 92' lang='lat' dir='ltr'><strong>quem</strong></span> <span class='ocrx_word' id='word_1_725' title='bbox 2548 5484 2817 5549; x_wconf 82' lang='lat' dir='ltr'><strong>diximus,</strong></span> <span class='ocrx_word' id='word_1_726' title='bbox 2844 5481 2996 5553; x_wconf 90' lang='lat' dir='ltr'><strong>prius</strong></span> <span class='ocrx_word' id='word_1_727' title='bbox 3025 5479 3221 5543; x_wconf 89' lang='lat' dir='ltr'><strong>irruet,</strong></span> <span class='ocrx_word' id='word_1_728' title='bbox 3252 5489 3415 5546; x_wconf 89' lang='lat' dir='ltr'><strong>quam</strong></span> <span class='ocrx_word' id='word_1_729' title='bbox 3446 5473 3620 5545; x_wconf 74' lang='lat' dir='ltr'><strong>spina:</strong></span> 
     </span>
    </p>
   </div>
   <div class='ocr_carea' id='block_1_103' title="bbox 1718 5655 2302 5722">
    <p class='ocr_par' dir='ltr' id='par_1_103' title="bbox 1718 5655 2302 5722">
     <span class='ocr_line' id='line_1_104' title="bbox 1718 5655 2302 5722; baseline 0.01 -6"><span class='ocrx_word' id='word_1_730' title='bbox 1718 5655 1922 5718; x_wconf 65' lang='lat' dir='ltr'><strong>Variis</strong></span> <span class='ocrx_word' id='word_1_731' title='bbox 1964 5657 2302 5722; x_wconf 85' lang='lat' dir='ltr'><strong>lectiones.</strong></span> 
     </span>
    </p>
   </div>
  </div>
