4020 6218
404 316 510 380 ίίο3

1563 313 1568 316 ’
1640 299 2033 362 EUTHYMII
2077 298 2446 361 ZiGABENi

3549 283 3666 353 ’6οι

405 439 618 489 vestrae,
653 425 760 480 h'oc
785 430 894 488 est,
934 428 1155 490 peccata
1183 425 1387 481 vestra,
1452 414 1759 483 intelligam
1799 413 1986 467 rham—

2117 413 2187 480 ῆς
2219 409 2640 483 ὑπερϐαλούσης
2699 398 2920 471 κακίας.
2973 404 3164 468 Οὕτως
3196 398 3307 476 γάρ
3347 403 3445 458 καὶ
3475 399 3670 465 Σαοὺλ,

337 520 346 540 ’
405 520 644 582 nmn;id
677 526 805 582 est,
852 515 1173 586 priusquam
1232 512 1300 566 ad
1364 523 1638 566 summum
1690 506 1981 560 devenient

2121 503 2268 572 λίγον
2297 504 2489 574 καιρὸν
2519 503 2752 572 ἐπέζησε
2787 503 2853 572 τῇ
2884 499 3077 571 κακίᾳ.

403 613 676 668 cumulum
721 628 734 662 :
768 625 834 664 eo
875 592 1058 670 modo,
1101 621 1210 676 quo
1246 605 1520 659 tenuiores
1557 602 1726 671 spinae
1751 599 1968 654 tandem
2011 598 2278 664 adauctze,
2333 599 2552 654 rhamni
2590 599 2826 669 speciem
2856 602 3095 666 gerunt:
3137 592 3306 662 “quod
3336 601 3390 648 et
3427 605 3508 647 .re
3555 593 3674 662 ipsa

384 707 629 761 accidit.
665 703 799 757 Nam
833 702 962 755 Saul
1003 702 1346 771 postmodum
1379 714 1485 752 non
1524 697 1615 750 diu
1650 696 1808 749 vixit.

468 800 638 866 Quasi
674 799 920 857 viventes,
941 796 1097 864 quasi
1126 795 1180 847 in
1213 794 1292 846 ira
1324 789 1862 857 absorbcteongnis
1895 785 1986 840 ille

2166 785 2328 840 Ὠσει
2353 784 2597 850 ζῶντας,
2617 781 2762 836 ὡσεί
2789 781 2860 834 ἐν
2885 778 3033 847 ὀργῇ
3062 776 3671 841 καταπίεταιαύτούς.

405 893 683 952 nimirum,
719 905 878 956 quem
906 888 1145 942 diximus
1179 904 1192 938 :
1231 886 1638 951 Quasiviventes
1663 890 1841 936 autem
1864 880 1987 934 ideo

2117 878 2160 929 ῗὸ
2183 877 2350 947 ῥηθὲν
2379 876 2509 948 πῦρ·
2537 875 2677 928 ὡσεὶ
2700 871 2924 938 ζῶντας
2947 872 3024 935 δὲ,
3059 870 3144 923 διὰ
3173 869 3253 934 τὸ,
3285 869 3376 921 τὸν
3395 867 3568 920 Σαοὺλ
3597 868 3675 938 μὴ

403 983 563 1045 dixit,
598 979 745 1049 quod
785 980 853 1033 ab
895 993 961 1033 eo
995 974 1240 1046 tempore
1285 992 1394 1045 quo
1425 975 1553 1030 Saul
1589 991 1617 1027 a
1662 973 1988 1044 pythonissa

2117 969 2300 1040 ιυρίως
2330 969 2454 1038 ζῇν,
2477 967 2677 1034 ἀφότου
2702 965 2856 1035 παρὰ
2880 963 2977 1033 τῆς
3009 961 3456 1031 ἐγγαστριμύθου
3489 963 3676 1030 μεμά-
3741 988 3745 991 -

405 1074 684 1129 interitum
722 1087 881 1127 suum
917 1079 1283 1140 praesenserat
1319 1087 1332 1123 :
1383 1067 1712 1139 praec03nita
1773 1073 1948 1120 morte
1973 1105 1987 1128 ,

405 1165 563 1236 quasi
598 1179 705 1219 non
739 1164 924 1218 vivere
950 1161 1260 1216 videbatur.
1296 1160 1366 1214 Et
1393 1159 1550 1228 quasi
1571 1160 1622 1211 in
1645 1157 1745 1220 ira,
1773 1161 1995 1224 propter

2087 1064 2229 1133 ὒηκε
2275 1062 2376 1132 τὴν
2423 1057 2805 1128 πανωλεθρίαν
2840 1055 3061 1112 ἑαυτοῦ.
3097 1052 3258 1109 Ὠσεὶ
3303 1051 3526 1118 ζῶντας
3555 1053 3675 1116 οὖν,

2093 1157 2218 1212 ἀντὶ
2248 1155 2368 1216 τοῦ.
2401 1154 2492 1224 Μὴ
2551 1153 2756 1222 κυρίως
2789 1150 3022 1214 ζῶντας.
3068 1147 3229 1204 Ὠσεὶ
3269 1147 3340 1198 ἐν
3381 1145 3549 1215 ὁρτῇ,
3589 1146 3680 1198 διὰ

405 1259 700 1314 violentum
735 1270 905 1326 genus
939 1251 1497 1309 mortis.Absorbetur
1523 1251 1685 1304 etiam
1715 1249 1875 1311 dixit,
1911 1248 1993 1300 in—

2117 1253 2155 1306 τὺ
2181 1251 2459 1319 ἀπότομον
2485 1247 2578 1300 καὶ
2610 1243 2940 1314 ἀσυμπαθὲς
2970 1241 3066 1296 τοῦ
3096 1240 3322 1309 ὀλέθρου
3345 1255 3360 1269 ·
3388 1241 3680 1294 Καταπίε-

405 1353 596 1407 dicans
631 1353 777 1421 quod
812 1351 972 1405 facile
1017 1350 1126 1404 Deo
1154 1351 1315 1418 Iesset
1354 1361 1453 1418 pro
1487 1346 1644 1400 libito
1699 1344 1822 1400 illos
1871 1357 1995 1414 per—

406 1445 560 1499 dere.
665 1459 670 1464 ‘

473 1535 641 1590 Vens.
666 1535 750 1590 ll.
774 1534 1070 1590 Ltetabitur
1091 1535 1293 1604 justus,
1325 1551 1440 1588 cum
1471 1535 1658 1588 viderit
1683 1532 1984 1587 vindictam.

2091 1362 2184 1399 ται
2236 1344 2291 1396 δὲ
2325 1337 2469 1404 εἷπε,
2499 1340 2587 1392 διὰ
2614 1338 2674 1390 τὺ
2697 1336 2945 1407 εὐχερές.

2163 1517 2662 1589 Εὑφρανθήσεται
2717 1515 2970 1578 δίκαιος,
3016 1512 3162 1565 ὅταν
3207 1512 3305 1578 ἴδῃ
3333 1511 3678 1578 ἐκδίκησιν,

403 1628 632 1684 Iustum.
661 1629 750 1682 hic
796 1645 916 1682 eum
955 1630 1189 1698 appellat
1223 1669 1239 1691 ,
1299 1630 1386 1682 cui
1451 1628 1646 1696 injuria
1695 1634 1988 1680 nectuntur

2117 1619 2312 1672 δίκαιον
2342 1615 2492 1682 λέγει
2529 1612 2621 1666 τὸν
2658 1611 2857 1671 ἀδίκως
2887 1607 3396 1676 ἐπιϐουλευόμενον.
3433 1605 3684 1672 Εὐφραν-

406 1720 645 1774 insidiae.
692 1695 1218 1784 Lwtabiturﬁautem,
1254 1737 1362 1774 non
1400 1721 1452 1774 in
1485 1695 1666 1789 lapsu,
1703 1726 1795 1772 aut
1832 1719 1986 1771 ruina

2117 1713 2318 1781 lﬁasut
2353 1709 2431 1772 δὲ,
2485 1706 2587 1758 οὐκ
2645 1705 2737 1757 ἐπὶ
2770 1706 2836 1774 τῇ
2870 1700 3076 1754 πτώσει
3114 1698 3203 1752 τοῦ
3244 1697 3505 1768 πονηροῦ,
3561 1695 3680 1748 am

407 1825 699 1881 pravorum
734 1811 1035 1874 hominum,
1056 1811 1149 1867 sed
1183 1815 1234 1864 in
1268 1811 1577 1880 aequissima
1621 1810 1713 1862 Dei
1745 1808 1985 1878 justitia,

405 1900 495 1970 qui
524 1901 778 1968 iniuriam
812 1915 1005 1971 passos
1039 1901 1286 1954 homines
1315 1916 1426 1956 non
1452 1900 1699 1969 despexit
1728 1939 1742 1961 ,
1781 1914 1846 1952 ne
1889 1899 1992 1952 im-

391 1993 514 2061 .piis
544 1993 764 2064 impune
787 1993 1143 2062 peccantibus
1165 2033 1178 2057 ,
1213 1991 1558 2046 inﬁrmorum
1606 1990 1796 2044 animi
1829 1990 1992 2043 laede-

409 2093 622 2139 runtur.

482 2181 675 2231 Manus
708 2194 836 2232 sua:
871 2178 1074 2232 lauabit
1116 2179 1168 2232 in
1207 2178 1464 2249 sanguine
1507 2179 1821 2246 peccatoris.
1871 2175 1993 2230 Non

412 2270 616 2323 iuvabit
648 2285 845 2325 manus
869 2271 1146 2342 intingens
1177 2285 1271 2325 eas
1295 2271 1349 2324 in
1381 2269 1802 2339 sanguine,sed,
1830 2269 1994 2323 veluti

410 2363 680 2418 innocens
721 2363 776 2416 in
828 2363 948 2430 ipso
993 2363 1300 2433 sanguine,
1348 2378 1546 2415 manus
1597 2377 1727 2415 suas
1771 2363 1994 2416 lavabit.

410 2453 566 2506 llunc
604 2461 783 2507 autem
841 2453 1097 2522 loquendi
1136 2455 1356 2508 modum
1420 2453 1548 2506 alibi
1605 2453 1885 2516 vidimus,
1944 2454 1997 2506 in

409 2544 621 2612 psalmo
669 2559 811 2608 xxv,
848 2544 920 2597 ibi
967 2544 1234 2598 :Lavabo
1287 2548 1338 2598 in
1385 2546 1750 2598 innocentibus
1807 2563 1998 2600 manus

411 2648 578 2687 meas.
611 2633 715 2688 Alii
752 2635 942 2688 dicunt
977 2634 1052 2688 ita
1086 2635 1315 2704 intelligi
1369 2635 1568 2690 debere
1597 2677 1612 2701 ,
1669 2637 1817 2707 quod
1868 2636 1996 2691 dum

411 2727 714 2794 peccatoris
743 2731 978 2796 sanguis
1003 2727 1332 2794 eﬂ‘undelur,
1360 2717 1541 2798 j'ustus
1569 2732 1778 2786 lavabit
1807 2747 2002 2788 manus

413 2831 562 2882 suas,
595 2817 697 2872 hoc
737 2827 841 2884 est,
878 2820 1166 2873 mundabit
1195 2822 1444 2877 actiones
1477 2839 1606 2878 suas
1628 2865 1641 2885 .
1679 2824 1860 2878 factus
1915 2825 2003 2879 ni-

411 2909 612 2963 mirum
680 2911 896 2964 cautior
943 2926 1007 2964 ex
1070 2913 1410 2968 cruciatibus
1464 2917 1733 2984 peccatori
1785 2916 1998 2971 illatis:

2093 1807 2188 1858 ὲπὶ
2233 1807 2300 1874 τῇ
2351 1799 2674 1871 δικαιοσύνῃ
2709 1797 2806 1850 τοῦ
2837 1793 2994 1861 Θεοῦ,
3055 1795 3137 1847 ὅτι
3182 1792 3242 1846 ού
3286 1792 3526 1862 περιορᾷ
3554 1789 3684 1852 τοὺς

2095 1895 2511 1965 ἀδικουμένους,
2545 1891 2632 1946 ἵνα
2669 1889 2744 1962 μὴ
2774 1887 3027 1958 βλάϐειεν
3058 1888 3109 1939 oi
3145 1883 3502 1955 μικρόψυχοι.

2175 2165 2287 2230 Τὰς
2324 2161 2531 2231 χεῖρας
2580 2157 2768 2212 αὐτοῦ
2822 2157 3062 2224 rid-erat
3120 2153 3190 2206 ἐν
3234 2152 3313 2217 τῷ
3349 2153 3548 2220 αἵματι
3579 2149 3686 2202 τοῦ

2099 2253 2476 2328 ἀμαρτωλοῦ.
2527 2252 2604 2306 Ού
2639 2250 2862 2320 βάπτων
2913 2246 3085 2308 αὐτὰς
3126 2246 3185 2300 ἐν
3218 2245 3295 2314 τῷ
3323 2245 3538 2312 αἵματι,
3569 2239 3687 2294 ἀλλ’

2101 2351 2194 2404 ἐπὶ
2223 2349 2300 2419 τῷ
2328 2348 2526 2416 αἵματι
2562 2342 2732 2398 αὑτοῦ
2763 2341 2980 2410 νίψεται
3012 2338 3088 2402 ὡς
3112 2338 3289 2400 eoeo;
3313 2336 3408 2390 τοῦ
3435 2337 3685 2390 τοιούτου

2103 2443 2354 2512 αἵματος.
2387 2438 2622 2508 Εἴρηται
2649 2435 2706 2489 δὲ
2732 2434 2861 2504 περ).
2885 2431 2978 2485 τοῦ
3001 2431 3207 2502 τρόπου
3241 2431 3341 2498 τῆς
3375 2429 3688 2500 ἀπονίψεως

2099 2535 2329 2601 ταύτης,
2379 2533 2438 2584 ὲν
2491 2529 2569 2598 τῷ
2611 2535 2688 2581 κε’
2744 2525 2973 2596 ψαλμῷ,
3030 2526 3111 2586 et;
3139 2523 3241 2576 τό·
3312 2524 3578 2591 Nini-opai
3618 2523 3692 2576 ἐν

2101 2627 2311 2692 ἀθώοις
2344 2624 2450 2689 τὰς
2476 2621 2679 2690 χεῖράς
2704 2637 2849 2689 μου.
2875 2617 3037 2680 Τινὲς
3069 2617 3126 2670 δὲ
3167 2617 3420 2685 λέγουσιν
3463 2614 3598 2687 [ὅτι]
3631 2617 3689 2667 ἐν

2102 2717 2452 2790 τιῖίχυθῆναι
2483 2715 2547 2768 τὸ
2586 2708 2730 2781 αἷμα
2751 2710 2846 2765 τοῦ
2898 2707 3254 2780 ἁμαρτωλοῦ,
3282 2710 3310 2761 ὁ
3347 2707 3560 2770 δίκαιος
3591 2724 3694 2760 κα·

2107 2811 2324 2883 θαρίσει
2347 2809 2446 2870 τὰς
2481 2805 2674 2860 ἑαυτοῦ
2706 2805 2918 2874 χεῖρας,
2941 2803 3113 2872 ἠγουν
3178 2798 3428 2870 πράξεις,
3458 2797 3692 2851 εὐλαϐέ-

2109 2917 2300 2973 στερος
2338 2899 2426 2952 διὰ
2455 2897 2548 2950 τὸν
2581 2895 2745 2964 φόϐον
2778 2892 3096 2962 γενόμενος.
3125 2889 3577 2960 Εὑφρανθήσεται
3607 2889 3689 2941 δί-

413 2999 812 3069 Ιιυιοὺὶῑυνιιιιθ,
841 3017 946 3056 non
979 3001 1124 3072 quod
1173 3004 1406 3071 gaudeat
1444 2983 1570 3060 eum
1605 3007 1784 3076 pinnis
1819 3007 1955 3062 adici
1987 3041 2000 3068 ,

2117 3013 2290 3058 καιος.
2323 2994 2421 3063 οὐχ
2443 2991 2731 3062 ἡδόμενος,
2764 2989 2845 3040 ὅτι
2886 2988 3096 3050 ἐκεῖνος
3125 2984 3436 3049 κολάζεται,
3465 2983 3579 3036 ἀλλ’
3607 2984 3692 3036 ὅτι

413 3094 506 3148 sed
537 3095 663 3162 quia
703 3096 849 3150 illius
884 3097 1136 3165 exemplo
1169 3097 1287 3166 ipse
1331 3099 1390 3152 ﬁt
1443 3101 1769 3168 prudentior
1807 3116 1870 3154 ac
1909 3116 1999 3156 se-

412 3187 618 3241 curior.
659 3185 924 3241 Similiter
961 3200 1014 3242 et
1046 3191 1250 3245 lavabit
1281 3207 1474 3246 manus
1499 3208 1648 3258 suas,
1676 3195 1804 3263 quia
1830 3197 2003 3252 actio-

414 3294 515 3332 nes
545 3293 673 3333 suas
704 3282 1010 3343 mundabit,
1045 3283 1174 3336 dum
1233 3292 1490 3352 peccator
1538 3283 1628 3339 ille
1679 3285 1952 3342 occiditur
1983 3328 1998 3354 ,

420 3370 520 3422 hoc
549 3378 654 3435 est,
690 3372 818 3424 dum
857 3373 1107 3440 punitur.

490 3545 658 3600 Vens.
695 3547 783 3604 12.
818 3546 883 3602 Et
918 3549 1056 3602 dicet
1092 3549 1246 3603 homo
1275 3549 1382 3605 :Si
1439 3555 1618 3620 utique
1668 3563 1747 3607 est
1795 3553 2003 3622 [ructus

417 3634 586 3701 justo.
621 3637 800 3706 utique
832 3648 908 3691 est
944 3638 1083 3693 Deus
1106 3641 1358 3710 judicans
1390 3659 1477 3698 eos
1539 3645 1593 3698 in
1622 3654 1788 3699 terra.
1828 3647 1890 3700 Et
1915 3662 2006 3701 sa-

424 3727 600 3795 piens,
625 3727 834 3798 inquit,
866 3729 952 3783 vir
981 3731 1207 3802 aliquis,
1240 3749 1364 3787 eum
1408 3737 1672 3790 victorem
1720 3753 1840 3792 esse
1873 3753 2008 3792 con-

422 3821 686 3889 spiciens,
712 3821 805 3890 qui
838 3830 1001 3877 antea
1030 3826 1463 3894 opprimebatur,
1497 3829 1810 3898 hujusmodi
1843 3845 2005 3900 argu-

423 3923 607 3968 mento
643 3916 746 3970 iter
790 3916 894 3972 sibi
929 3917 999 3972 ad
1035 3919 1294 3974 virtutem
1331 3921 1546 3989 parabit
1599 3939 1613 3976 :
1654 3922 1709 3976 Si
1761 3923 1966 3993 aliquis
1991 3962 2007 3986 ,

425 4007 698 4076 inquiens,
718 4017 802 4066 est
843 4010 1060 4066 fructus
1086 4013 1238 4082 justo
1279 4016 1374 4069 :si
1423 4015 1530 4067 ulla
1581 4017 1729 4083 justo
1787 4016 2008 4084 praemia

425 4109 552 4154 sunt
585 4103 821 4170 reposita
867 4103 1098 4176 [clarum
1131 4115 1215 4161 est
1237 4117 1417 4161 autem
1442 4107 1587 4176 quod
1623 4107 1860 4162 vindicta
1891 4109 2007 4175 illa,

426 4211 588 4264 quam
632 4195 775 4252 Deus
809 4199 876 4251 de
906 4196 1180 4266 iustorum
1222 4199 1460 4254 inimicis
1495 4198 1700 4264 sumit,
1741 4199 1862 4253 loco
1890 4199 2002 4253 tru-

426 4299 553 4344 ctus
581 4290 746 4358 justis
787 4293 922 4345 viris
967 4291 1338 4364 reputatur],
1397 4293 1714 4348 necessario
1769 4301 1824 4346 et
1873 4291 2007 4346 illud

2104 3086 2269 3147 αὐτὸς
2300 3084 2512 3152 γίνεται
2546 3077 2992 3148 σωφρονέστερός
3048 3092 3108 3128 τε
3148 3074 3247 3128 καὶ
3279 3072 3690 3142 ἀσφαλέστερος

2105 3179 2212 3233 ἀπὸ
2257 3179 2355 3246 τῆς
2410 3176 2624 3229 ἐκείνου
2675 3171 2975 3232 κολάσεως.
3050 3168 3286 3238 Ὁμοίως
3337 3169 3433 3220 καὶ
3456 3167 3536 3232 τὸ,
3580 3167 3692 3230 Τὰς

2106 3271 2309 3340 χεῖρας
2337 3267 2524 3323 αὐτοῦ
2551 3268 2815 3334 νίψει-αι,
2849 3262 3122 3332 Καθαριεῖ
3147 3260 3396 3331 δηλονότι
3427 3260 3526 3317 τὰς
3550 3258 3692 3327 πρᾶο

2107 3365 2217 3431 ξεις
2239 3361 2428 3425 αὑτοῦ,
2471 3363 2529 3414 ὲν
2582 3359 2658 3430 τῷ
2687 3356 3022 3427 σφάττεσθαι
3066 3357 3296 3420 ἐκεῖνον,
3327 3354 3496 3424 ἤγουν
3527 3352 3691 3406 κολά-

2107 3457 2320 3520 ζεσθαι.

2179 3549 2283 3603 Καὶ
2313 3545 2438 3615 ἐρεῖ
2455 3544 2760 3610 ἄνθρωπος
2789 3558 2802 3571 ·
2831 3542 2898 3592 Et
2927 3538 3041 3605 ἄρα
3074 3537 3205 3591 ἐστὶ
3229 3536 3458 3605 καρπὸς
3486 3535 3566 3601 τῷ
3606 3535 3692 3588 δι-

2108 3642 2276 3707 καίῳ,
2306 3639 2420 3707 ἄρα
2449 3637 2624 3690 ἐστὶν
2653 3638 2684 3688 ὁ
2716 3632 2858 3698 Θεὸς
2885 3632 3107 3700 κρίνων
3135 3631 3360 3696 αὐτοὺς
3389 3631 3459 3684 ἐν
3486 3629 3560 3698 τῇ
3592 3627 3688 3698 .

2109 3735 2222 3791 Καὶ
2272 3735 2300 3786 ὁ
2360 3729 2582 3793 συνετδς
2631 3727 2927 3796 ἄνθρωπος
2971 3725 3098 3778 ίδὼν
3157 3727 3253 3778 τὸν
3303 3724 3688 3793 ἀδικούμενον.

2114 3827 2351 3896 μάλιστα
2403 3824 2728 3894 νικήσαντα,
2786 3824 2903 3891 ὲρεί
2951 3819 3416 3890 συλλογιστιὶιῷς⁹
3473 3820 3534 3872 Εἰ
3586 3820 3695 3887 ἄρα

2110 3918 2230 3972 ἐστὶ
2263 3917 2476 3987 καρπὸς
2515 3915 2595 3984 τῷ
2626 3914 2843 3979 δικαίῳ,
2876 3913 2972 3967 καὶ
2998 3915 3048 3966 εἰ
3085 3913 3147 3966 ού
3195 3912 3371 3980 μάτην
3402 3909 3695 3980 ἐργάζεται

2110 4011 2211 4082 τὴν
2225 4009 2449 4081 ἀρετὴν,
2474 4009 2634 4077 δῆλον
2656 4008 2713 4061 δὲ
2729 4007 2810 4060 ὅτι
2827 4006 3039 4073 καρπός
3060 4008 3210 4059 ἐστιν
3223 4004 3374 4073 αὐτῷ
3389 4003 3694 4072 ἐκδίκησις

2113 4102 2223 4174 ἄρα
2251 4103 2400 4155 ἐστὶν
2433 4102 2460 4153 ὁ
2496 4099 2628 4164 Θεὸς
2649 4099 2742 4152 καὶ
2767 4096 3001 4150 ἐνταῦθα
3031 4096 3232 4166 κρίνων
3256 4096 3475 4157 αὐτοὺς,
3495 4093 3698 4165 δηλαδὴ

2114 4196 2276 4250 αὑτὸν
2315 4192 2406 4248 τδν
2439 4191 2614 4255 οὕτως
2662 4190 3138 4259 συλλογιζόμενον,
3202 4186 3457 4250 καὶτοὺς
3505 4187 3698 4248 ἄλλους

2115 4287 2464 4360 ἀνθρώπους.
2501 4286 2610 4338 Καὶ
2634 4284 2822 4337 λοιπὸν
2864 4281 3097 4352 βελτίων
3124 4281 3377 4336 ἐντεῦθεν
3393 4281 3474 4342 εἰς
3497 4279 3700 4350 ἀρετὴν

427 4381 719 4436 dicendum
748 4391 832 4438 est
875 4384 1042 4438 Deum
1075 4400 1219 4448 esse,
1251 4388 1343 4456 qui
1375 4389 1430 4441 in
1460 4389 1563 4442 hac
1595 4387 1706 4441 vita
1762 4395 1874 4440 tam
1915 4386 2000 4438 in-

2117 4381 2430 4450 γενήσεται.

423 4473 602 4538 juslos
627 4474 838 4542 judicat
865 4490 1027 4544 quam
1056 4477 1453 4545 justos;unde
1487 4478 1808 4547 hujusmodi
1841 4479 2108 4533 rationem
2166 4470 2550 4531 considerans,
2625 4463 2907 4520 ardentior
2961 4463 3052 4517 fiet
3102 4462 3166 4516 ad
3230 4462 3525 4518 sectandas
3589 4465 3722 4544 vir:

428 4581 593 4626 tutes.

429 4663 496 4720 In
525 4665 682 4733 ﬁnem
718 4681 780 4719 ne
811 4681 1142 4734 corrumpas,
1173 4666 1410 4733 psalmus
1445 4668 1544 4736 ipsi
1575 4667 1837 4731 David,in
1862 4667 2007 4720 tituli

499 4759 933 4824 inscriptionem,
974 4759 1183 4828 quando
1231 4759 1376 4812 misit
1423 4758 1556 4814 Saui
1613 4769 1660 4812 et
1724 4758 2004 4813 custodiuit

385 4853 392 4873 ‘
498 4853 714 4906 domum
741 4851 855 4914 eius
894 4861 952 4905 ut
1001 4852 1317 4919 interﬁceret
1355 4869 1494 4907 eum.

951 4943 1273 5000 PSALMUS
1306 4945 1488 5000 LVIII.

502 5039 632 5096 Saul
673 5041 842 5094 livore
881 5053 1183 5093 succensus
1210 5037 1477 5093 adversus
1522 5040 1740 5094 beatum
1799 5037 2009 5103 David,

431 5134 906 5204 frequentissimas
933 5133 981 5188 ei
1013 5133 1268 5189 tendebat
1331 5133 1584 5188 insidias.
1610 5134 1768 5198 {Cum
1831 5138 2011 5184 autem

430 5247 536 5285 una
572 5229 782 5284 dierum
821 5236 1099 5298 arreptum
1131 5227 1259 5283 Saul
1293 5228 1537 5296 iaculum
1604 5227 1658 5280 in
1716 5225 1867 5280 illum
1912 5225 2015 5276 im-

432 5325 698 5387 misisset,
737 5320 1010 5376 declinato
1045 5321 1151 5375 ictu
1181 5319 1354 5374 evasit
1379 5319 1568 5373 beatus
1603 5316 1774 5370 David
1805 5354 1820 5379 ,
1855 5323 1908 5368 et
1961 5314 2014 5366 in

435 5413 659 5468 domum
703 5428 858 5468 suam
896 5412 1054 5467 abiit.
1081 5411 1466 5466 Perseverante
1495 5417 1675 5464 autem
1733 5408 1878 5475 regis
1907 5407 2013 5470 ira,

2109 4662 2209 4725 Εἰς
2229 4658 2289 4710 τὸ
2304 4654 2472 4715 τέλος
2482 4651 2566 4720 μὴ
2579 4649 2928 4718 διαφθείρῃς
2941 4647 3050 4700 τὸν
3065 4645 3242 4700 Δαόὶδ
3259 4647 3346 4711 εις
3363 4649 3702 4715 anulo-ma-

2188 4751 2356 4820 ρίαν,
2375 4747 2555 4799 ὁπότε
2581 4741 2906 4797 ἀπέστειλε
2929 4739 3153 4799 Σαοὺλ,
3177 4740 3273 4791 καὶ
3302 4738 3576 4807 ἐφύλαξε
3599 4740 3706 4793 τεν

2189 4841 2361 4900 οἷκον
2390 4837 2601 4903 αὐτοῦ,
2633 4837 2743 4890 τοῦ
2773 4833 3115 4888 θανατῶσαι
3145 4833 3356 4887 αὐτόν.

2666 4929 2961 4983 ΨΑΛΜΟΣ
3000 4924 3134 4982 NH'.

2161 5073 2171 5076 -
2200 5031 2262 5083 '0
2286 5027 2461 5082 Σαοὺλ
2489 5021 2796 5092 διαφθονῶν
2823 5019 2899 5089 τῷ
2923 5018 3110 5084 Δαεὶδ,
3161 5018 3526 5072 ἐπεϐούλευεν
3554 5022 3710 5093 αὐτῷ

2123 5123 2536 5193 συνεχέστερον,
2572 5117 2669 5170 καί
2716 5131 2844 5168 ποτε
2885 5112 3325 5181 συνεστιώμενος
3369 5114 3541 5183 αὐτῷ,
3574 5114 3709 5186 δόρυ

2117 5215 2321 5279 λαϐὼν,
2370 5209 2682 5280 ἐπαφῆκεν.
2731 5205 3116 5267 Ἐκκλίναντος
3160 5204 3241 5266 δὲ,
3283 5207 3377 5259 καὶ
3419 5207 3712 5278 ἀναχωρή-

2122 5321 2340 5368 σαντος,
2396 5301 2761 5371 περιέστησεν
2793 5295 3063 5366 φρουρὰν,
3101 5297 3182 5358 είς
3217 5295 3308 5349 τὸν
3343 5291 3494 5348 οἷκον
3515 5298 3710 5352 αὑτοῦ.

2121 5397 2293 5451 Τοῦτο
2357 5394 2413 5449 δὲ
2456 5397 2487 5463 ἡ
2521 5389 2722 5460 Μελχὼ
2758 5391 2788 5458 ἡ
2823 5388 3078 5458 θηγάτηρ
3115 5387 3214 5457 μὲν
3244 5386 3439 5452 Σαοὺλ,
3484 5390 3622 5455 γυνὴ
3653 5390 3709 5442 δὲ

441 5506 756 5560 mandatum
786 5511 892 5567 est,
925 5512 984 5556 ut
1015 5503 1258 5572 diligenti
1311 5503 1543 5555 militum
1603 5499 1848 5553 custodia
1876 5498 2000 5550 illius

2121 5487 2307 5548 Δαῆἱδ,
2365 5481 2807 5554 καταμηνύσασα
2856 5479 2933 5544 τῷ
2959 5479 3135 5550 ἀνδρὶ,
3181 5479 3570 5546 παρεσκεύασε
3622 5480 3710 5533 διὰ

439 5595 636 5649 domus
687 5596 1094 5657 observaretur,
1137 5609 1204 5648 ne
1266 5592 1473 5646 scilicet
1520 5589 1804 5658 elingcret.
1858 5595 2000 5652 υιιοι

2125 5575 2468 5650 φωταγωγοῦ
2499 5591 2642 5636 τινος
2665 5572 2994 5642 ἀποδρᾶναι,
3024 5568 3209 5631 καθὼς
3234 5571 3266 5638 ἡ
3301 5568 3492 5639 πρώτη
3524 5569 3709 5639 βίσλης

441 5698 676 5738 cernens
699 5684 908 5740 Melcho
950 5685 1068 5754 ejus
1100 5700 1237 5738 uxor
1267 5693 1320 5736 et
1340 5682 1520 5736 Saulis
1545 5680 1675 5743 ﬁlia,
1707 5681 1820 5734 viro
1835 5678 2000 5732 omni:

2125 5673 2234 5726 τῶν
2285 5665 2586 5722 Βασιλειῶν
2641 5665 2844 5733 ἱστορεῖ
2885 5660 3241 5731 πλατύτερον¹¹
3306 5659 3600 5744 Διαφυγὼν
3651 5660 3708 5712 δὲ

444 5775 804 5844 renuntiavit,
833 5783 996 5845 atquc
1027 5775 1074 5831 ei
1105 5790 1197 5845 per
1235 5772 1529 5829 fenestram
1566 5771 1824 5842 eﬂugium
1859 5782 2020 5839 para-

2129 5759 2390 5825 συνέταξε
2429 5758 2522 5812 τὸν
2555 5753 2921 5828 προκείμενον
2964 5750 3217 5821 ψαλμόν·
3261 5751 3353 5805 ἐπὶ
3383 5749 3478 5806 τοῦ
3507 5742 3709 5820 παρόν-
