4020 6218
349 318 457 381 605
1532 321 1744 380 ΟΟΜΜ
1757 321 1925 383 ΕΝΤ.

2018 323 2046 382 Ψ
2088 322 2460 386 PSALMOS.
3495 327 3605 390 606

340 448 432 494 τος
459 428 577 496 οὖν,
596 429 774 493 ἄλλως
800 429 1098 500 ἐξηγητέον
1120 429 1221 501 τὴν
1243 430 1339 484 τοῦ
1369 429 1469 496 Εις
1487 431 1664 497 τέλος
1684 432 1760 504 (5)
1783 449 1888 504 προ

2024 433 2135 498 vit,
2165 433 2627 502 quemadmodqu
2665 433 2723 487 in
2759 431 2959 504 pt-imo‘.
2982 432 3189 502 Regum
3245 434 3391 490 libro
3439 437 3609 494 latine

339 523 585 595 γραφήν.
621 525 920 594 Παρεγγυᾷ
949 523 1058 594 γὰρ
1089 524 1169 586 εἰς
1194 523 1254 576 τὸ
1276 524 1429 587 τέλος
1462 524 1570 576 τῶν
1596 527 1923 596 πειρασμῶν

2025 527 2360 580 continetur.
2385 525 2522 580 Cum
2543 525 2706 597 igitur
2729 535 2861 581 tunc
2886 511 3186 596 aufugisset
3213 525 3402 583 beatus
3435 527 3601 587 David

337 618 492 688 ὁρᾷν,
545 617 640 669 καὶ
687 615 764 686 μὴ
815 616 1152 688 διαφθείρειν
1207 617 1305 688 τὴν
1352 616 1657 686 ὑπομονήν.
1701 612 1834 668 Εἶτα
1861 617 1922 670 τὸ

2026 624 2349 684 praesentem
2385 617 2655 684 psalmum
2703 616 3035 686 composuit.
3090 617 3154 670 Et
3201 619 3344 685 quod
3397 622 3607 688 psalmo

336 708 460 779 ἑξῆς
493 711 592 778 τῆς
631 711 968 780 ἐπιγραφῆς.
999 708 1079 775 τῷ
1101 709 1300 772 Δαϐὶδ,
1328 710 1484 778 φησὶ,
1521 707 1816 777 πεποίηται
1841 711 1922 772 εὶς

2025 709 2330 778 inscripsit,
2360 710 2412 761 in
2447 710 2602 777 ﬁnem
2633 749 2646 772 ,
2675 725 2736 762 ne
2777 724 3087 773 corrumpas
3116 751 3130 770 ,
3162 709 3268 762 alio
3309 711 3472 765 modo
3512 729 3608 767 ex-

335 800 722 866 ἀνεξάλειπτον
754 802 980 872 μνήμην
1014 802 1123 854 τῶν
1155 803 1564 872 γεγενημένιυνι
1625 826 1631 832 ·

2025 800 2337 869 ponendum
2379 809 2462 854 est
2492 841 2506 862 ,
2550 815 2712 870 quam
2761 801 2888 854 alibi
2941 802 3382 870 exposuerimus.
3441 801 3602 858 Juhet

335 895 480 951 enim
503 910 604 949 nos
634 896 909 965 Propheta
936 895 1005 950 ad
1027 898 1388 951 tontationum
1423 897 1580 952 linem
1615 898 1913 965 respicere,
1955 891 2540 963 longanimitatemque
2639 909 2702 947 ac
2749 893 3071 962 patientiam
3143 909 3250 947 non
3341 895 3602 964 abjicere.

336 991 400 1045 Et
435 992 579 1062 quod
608 991 882 1061 sequitur,
913 993 1014 1062 ipsi
1037 992 1202 1048 David
1227 996 1281 1048 in
1306 995 1450 1048 tituli
1483 994 1898 1061 inscriptionem;
1940 986 2184 1058 intellige
2240 990 2362 1043 ideo
2411 989 2612 1042 dictum
2682 1005 2804 1045 esse
2832 1030 2848 1055 ,
2890 990 3016 1059 quia
3048 989 3363 1046 elaboratus
3393 1033 3406 1056 ,
3442 1001 3605 1064 atque

330 1087 669 1156 compositus
690 1085 855 1138 fuerit
881 1087 970 1139 hic
994 1087 1259 1156 psalmus,
1286 1087 1340 1140 in
1375 1095 1693 1157 perpetuam
1733 1100 1912 1138 rerum
1955 1080 2297 1140 memoriam,
2330 1095 2450 1149 quae
2487 1088 2618 1134 tunc
2651 1081 2698 1134 ei
2727 1080 3098 1149 contigerunt.

398 1180 654 1244 Ἕξελοῦ
683 1197 758 1248 με
797 1180 864 1234 ἐκ
887 1179 1006 1234 τῶν
1030 1181 1263 1250 ἐχθρῶν
1285 1201 1427 1250 μου,
1456 1185 1488 1236 ὁ
1513 1181 1680 1246 Θεὸς,
1717 1181 1812 1234 καὶ
1839 1181 1908 1233 ἐκ

2090 1175 2255 1228 Vitas.
2289 1175 2343 1235 2,
2375 1176 2425 1227 ’5.
2471 1174 2625 1240 Eripe
2669 1190 2746 1227 me
2784 1174 2848 1227 de
2875 1176 3102 1229 inimicis
3150 1178 3298 1237 meis,
3344 1177 3508 1240 Deus,
3556 1188 3603 1242 et

331 1270 448 1324 τῶν
467 1271 968 1339 ἐπανισταμένων·
996 1274 1090 1326 ἐπ’
1113 1273 1237 1340 ἐμὲ,
1275 1275 1592 1339 ,λύτρωσαί
1614 1290 1709 1343 με’
1720 1274 1910 1340 ρύσαι

2017 1271 2082 1319 ab
2116 1267 2507 1335 imurgentibus
2539 1267 2591 1318 in
2614 1282 2694 1318 me
2726 1266 2884 1319 libera
2912 1282 3028 1329 me;
3069 1269 3211 1335 eripe
3261 1285 3340 1321 me
3376 1269 3440 1321 ab
3483 1286 3598 1334 ope-

329 1380 401 1425 με
424 1364 491 1416 ὲκ
521 1361 640 1416 τῶν
678 1363 1090 1433 ἐργαζομένων
1119 1365 1236 1433 τὴν
1265 1366 1546 1433 ἀνομίαν.
1572 1365 1668 1419 καὶ
1698 1366 1769 1430 ἐξ
1807 1366 1912 1419 ἀν·-

2018 1360 2261 1414 rantibus
2291 1361 2649 1428 iniquitatem,
2673 1367 2721 1411 et
2749 1359 2812 1412 de
2830 1360 2954 1412 viris
2981 1361 3297 1428 sanguinunt
3328 1361 3475 1413 salvo
3500 1376 3599 1414 me.

329 1454 486 1520 δρῶν
525 1455 790 1522 αἱμάτων
818 1455 1030 1510 σῶσόν
1056 1475 1146 1524 με.
1198 1458 1697 1528 Ἐπανισταμένους
1741 1457 1911 1524 λέγει,

2019 1455 2378 1522 lnsurgentes
2404 1451 2524 1504 illos
2553 1451 2808 1520 appellat,
2835 1451 2927 1519 qui
2949 1463 3136 1504 contra
3173 1465 3297 1504 eum
3335 1453 3596 1520 impetum

329 1547 455 1609 τοὺς
490 1545 906 1615 ἐπιτιθεμένους
945 1549 1038 1601 καὶ
1084 1549 1447 1617 ὲφορμῶντας
1495 1549 1665 1616 αὐτῷ,
1715 1548 1914 1618 δηλαδὴ

2021 1543 2286 1604 fect-rant,
2325 1542 2542 1597 Saulem
2577 1543 2806 1607 scilicet,
2841 1550 2892 1596 et
2927 1541 3044 1609 ejus
3073 1542 3269 1598 milites
3308 1559 3324 1598 :
3357 1545 3437 1598 vel
3490 1543 3601 1598 dae-

331 1640 425 1692 τόν
459 1639 656 1703 Σαοὺλ,
709 1639 804 1694 καὶ
855 1641 978 1704 τοὺς
1037 1643 1168 1710 περὶ
1217 1642 1382 1695 αὐτὸν
1424 1641 1784 1714 στρατιώτας,
1819 1642 1915 1695 καὶ

2017 1653 2206 1692 mones
2241 1638 2443 1699 etiam,
2505 1636 2596 1704 qui
2641 1635 3064 1689 commissorum
3117 1635 3382 1688 scelerum
3443 1641 3601 1687 erant

333 1734 458 1794 τοὺς
511 1732 929 1802 ὑπουργοῦντας
981 1735 1164 1796 αὐτοῖς
1210 1734 1494 1804 δαίμονας.
1543 1734 1682 1797 Τοὺς
1713 1736 1914 1796 αὐτοὺς

2017 1728 2332 1799 participes.
2375 1727 2608 1782 Eosdem
2654 1728 2818 1781 etiam
2867 1727 3103 1796 appellat
3155 1735 3447 1795 operantes
3486 1724 3599 1777 ini-

330 1826 387 1878 δέ
406 1842 540 1894 φησι
575 1827 670 1878 καὶ
715 1824 1128 1894 ἐργαζομένους
1161 1827 1260 1894 τὴν
1295 1829 1552 1898 ἀνομίαν.
1576 1828 1674 1882 καὶ
1706 1828 1908 1898 ἄνδρας

2016 1823 2279 1891 quitatem
2309 1829 2363 1875 et
2394 1821 2540 1875 viros
2575 1821 2926 1888 sanguinum,
2965 1834 3030 1872 eo
3060 1818 3205 1887 quod
3238 1818 3484 1887 iniquum
3525 1817 3600 1871 sit

329 1887 618 1984 αἱμάτων·
667 1887 941 1987 τότε-
1007 1887 1553 1980 ἔπιδουλεύεινδτοῖς
1609 1887 1908 1981 ἀναιτίοιςί

2017 1897 2248 1969 insidias
2283 1915 2503 1968 tendere
2535 1913 2802 1968 adversus
2835 1915 3202 1966 innocentem.
3253 1911 3594 1976 Sanguinnm

329 2009 532 2084 ᾄννιμος
562 2009 654 2062 καὶ
674 2009 816 2080 ἀνὴρ
850 2007 1121 2080 αἱμάτων,
1155 2012 1409 2082 ὁχαίρων
1442 2011 1696 2082 αϊμασιν.

2015 2019 2194 2062 autem
2238 2007 2320 2062 vir
2352 2008 2440 2060 ille
2471 2006 2707 2071 dicitur,
2755 2007 2847 2075 qui
2903 2006 2959 2059 in
3005 2004 3288 2075 sanguinis
3333 2002 3601 2058 effusione

2017 2101 2255 2154 ltetatur.

399 2185 527 2239 Ὅτι
547 2184 680 2240 ιδοὺ
703 2184 1044 2252 ἐθήρευσαν
1073 2186 1188 2253 τὴν
1220 2187 1426 2256 ψυχήν
1444 2205 1584 2256 μου.
1621 2189 1746 2242 ’Ὀτι
1773 2188 1907 2250 ἰδοὺ,

2087 2191 2252 2246 Vnus.
2283 2191 2337 2245 ι.
2363 2191 2629 2256 Quoniam
2650 2205 2764 2243 ecce
2789 2189 2965 2242 cenati
2993 2195 3114 2240 sunt
3141 2185 3376 2239 animam
3403 2199 3596 2236 meam.

324 2274 400 2337 ὡς
435 2275 590 2347 ὁρᾷς,
651 2277 713 2330 τὸ
744 2265 831 2330 ἔπ’
863 2278 1053 2342 αὐτοῖς
1099 2278 1398 2331 συνέλαὸόν
1429 2296 1520 2349 με,
1557 2278 1906 2349 περικυκλώ-

2013 2283 2305 2350 Quoniam,
2349 2283 2550 2354 inquit,
2589 2290 2648 2335 ut
2679 2281 3030 2351 perspicuum
3056 2287 3159 2341 est,
3191 2291 3408 2331 omnem
3444 2275 3599 2330 adhi-

329 2385 525 2432 σαντες
553 2369 644 2423 τὸν
676 2363 828 2423 οἶκόν
853 2387 981 2440 μου,
1015 2372 1066 2424 εἰ
1091 2370 1186 2424 καὶ
1212 2370 1302 2424 διὰ
1327 2370 1423 2424 σοῦ
1455 2374 1762 2442 σέσωσμαι.

2013 2375 2248 2429 buerunt
2279 2389 2532 2443 operam,
2559 2380 2620 2427 ιιι
2647 2387 2735 2427 me
2764 2372 2910 2426 domi
2943 2369 3211 2422 inclusum
3241 2366 3598 2433 comprehen-

899 2472 901 2475 ’
2011 2467 2228 2529 deri-nt,
2266 2467 2479 2520 tametsi
2517 2474 2611 2520 tuo
2647 2465 2870 2533 adjutus
2911 2461 3156 2515 subsidio
3179 2460 3466 2513 evaserim.

407 2552 727 2608 Ἐ’πέθεντο
767 2552 863 2607 ἐπ’
907 2552 1015 2621 ἐμὲ
1049 2554 1338 2623 κραταιοί.
1385 2554 1663 2625 ’ἰσχυροὺς
1709 2554 1908 2616 αὐτοὺς

2081 2558 2359 2612 Irruerunt
2397 2549 2451 2612 in
2505 2575 2585 2612 me
2623 2558 2807 2627 fortes.
2853 2553 3049 2608 Fortes
3098 2552 3335 2622 appellat
3386 2565 3483 2604 eos
3526 2548 3596 2601 ob

326 2643 604 2713 ὀνομάζει,
633 2645 721 2699 διά
764 2657 825 2698 τε
871 2645 966 2700 τὸν
1007 2645 1238 2702 πλοῦτον
1304 2647 1402 2700 καὶ
1449 2649 1511 2702 τὸ
1537 2646 1766 2717 πλῆθος,
1812 2647 1907 2700 καὶ

2009 2649 2324 2702 divitiarum
2356 2649 2745 2703 abundantiam
2800 2655 2854 2701 et
2886 2645 3122 2698 militum
3183 2643 3390 2712 copias.
3421 2639 3477 2694 In
3510 2640 3595 2694 his

327 2737 429 2804 τὴν
466 2737 724 2793 ἐντεῦθεν
756 2738 931 2811 ἰσχύν.

2009 2743 2207 2797 etenim
2237 2740 2407 2795 robur
2458 2757 2523 2794 ac
2553 2741 2698 2795 vires
2749 2738 3112 2809 pugnantium
3163 2735 3468 2791 consistere
3527 2733 3596 2786 ab

2009 2833 2267 2888 omnibus
2298 2833 2671 2886 existimatur.

398 2915 552 2969 οὔτε
577 2917 616 2984 ἠ
657 2917 880 2986 ἀνομία
916 2933 1057 2987 μου,
1082 2917 1220 2972 οὔτε
1259 2918 1296 2986 ἡ
1335 2918 1592 2986 ἁμαρτία
1618 2936 1759 2987 μου,
1790 2920 1907 2972 Κύ-

2081 2922 2249 2980 Vens.
2280 2924 2332 2979 5.
2369 2923 2550 2993 Neque
2597 2922 2851 2990 iniquitas
2895 2937 3006 2974 mea
3038 2959 3053 2982 ,
3107 2927 3268 2986 neque
3321 2924 3592 2986 peccatum

310 3025 432 3076 ριε.
476 3008 670 3062 Δείπει
728 3011 810 3072 τὸ,
873 3012 1066 3064 αἰτία·
1113 3009 1236 3064 οὔτε
1293 3011 1404 3078 γὰρ
1457 3011 1737 3081 ὴνόμησα,
1781 3010 1897 3063 οὔτε

2011 3033 2206 3079 meum,
2265 3017 2506 3070 Domine.
2543 3013 2901 3083 Subintellige
2957 3013 3013 3066 in
3067 3025 3232 3064 causa
3264 3017 3363 3062 est.
3411 3007 3595 3077 Neque

321 3101 626 3171 ἡμάρτηκα
664 3103 745 3164 εἰς
790 3103 1012 3166 αὐτοὺς,
1056 3103 1146 3156 ῐνα
1189 3103 1376 3173 ’ἔχοιεν
1415 3104 1509 3158 καὶ
1557 3103 1738 3156 αἰτίαν
1789 3103 1908 3156 κατ’

2013 3110 2160 3162 enim
2194 3109 2381 3177 inique
2419 3106 2524 3174 egi,
2555 3120 2732 3174 neque
2791 3102 3015 3174 peccavi
3065 3107 3253 3156 contra
3315 3098 3442 3154 illos
3468 3137 3483 3164 ,
3534 3106 3593 3152 ut

319 3192 460 3260 ἐμοῦ
523 3193 744 3262 μανίας.
788 3195 850 3246 Et
877 3195 934 3248 δὲ
970 3197 1065 3249 καὶ
1112 3194 1382 3264 διαφορὰν
1427 3195 1663 3249 ἐνταῦθα
1697 3198 1902 3266 ζητεῖς⁸

2015 3213 2236 3253 causam
2274 3197 2509 3263 aliquam
2547 3195 2826 3256 haberent,
2867 3207 2968 3246 cur
3003 3193 3053 3245 in
3084 3206 3170 3245 me
3201 3199 3408 3245 tantum
3443 3191 3596 3246 saevi-

317 3283 556 3353 ἀνομίαν
582 3285 700 3356 μὲν,
725 3287 836 3340 νόει
867 3287 966 3357 τὴν
995 3287 1241 3358 μεγάλην
1272 3288 1655 3360 πλημμέλειαν
1681 3305 1695 3319 ⁸
1724 3290 1904 3360 ἁμαρε

2011 3298 2151 3341 rent.
2186 3287 2342 3354 Quod
2377 3287 2420 3342 si
2459 3287 2583 3355 quis
2604 3285 2826 3340 diﬂ’erre
2855 3283 3134 3338 existimet
3168 3284 3518 3352 iniquitatem
3554 3297 3582 3337 a

316 3373 445 3428 τίαν
470 3373 546 3437 δὲ,
583 3375 682 3446 τὴν
720 3377 947 3446 μικράν.

2011 3389 2256 3446 peccato,
2281 3393 2374 3447 per
2407 3378 2556 3432 illam
2595 3377 2816 3447 gravius
2841 3375 3124 3438 delictum,
3151 3390 3249 3444 per
3273 3375 3395 3440 hoc,
3419 3375 3591 3430 levius

2008 3479 2252 3524 erratum
2287 3469 2574 3538 intelliget.

398 3556 573 3610 Ἄνευ
595 3556 851 3627 ἀνομίας
869 3555 1153 3625 ἔδραμον,
1177 3560 1276 3610 καὶ
1321 3558 1682 3612 κατεύθυνα.
1719 3557 1906 3628 Χωρὶς

2081 3561 2207 3616 Sine
2241 3563 2517 3631 iniquitate
2542 3561 2758 3614 cucurri
2805 3568 2856 3614 et
2878 3559 3070 3613 direxi.
3103 3557 3324 3628 Absque
3366 3567 3591 3628 peccato

319 3645 676 3716 πταίσμασος
708 3646 1152 3718 ἑπολιτευσάμην
1181 3649 1240 3700 ὲν
1273 3649 1482 3711 αὐτοῖς,
1519 3649 1611 3701 καὶ
1631 3647 1718 3701 διὰ
1747 3649 1906 3701 τοῦτο

2010 3669 2134 3709 cum
2166 3654 2246 3708 eis
2281 3661 2638 3707 conversatus
2669 3666 2813 3714 sum,
2846 3658 3014 3720 atque
3061 3650 3186 3704 ideo
3225 3650 3440 3714 direxi,
3489 3650 3589 3703 hoc

323 3737 546 3806 μεγάλα
592 3736 935 3808 κατώρθωσα
959 3751 974 3767 ⁸
1003 3738 1036 3808 ἢ
1061 3739 1233 3809 χωρὶς
1264 3739 1495 3808 ἀνομίας
1539 3738 1904 3808 κατώρθωσα,

2009 3758 2114 3809 est,
2173 3746 2421 3800 actiones
2455 3760 2604 3798 meas
2636 3745 2702 3798 ad
2734 3745 2991 3798 virtutem
3022 3743 3306 3810 dirigendo
3338 3757 3425 3796 me
3468 3757 3590 3793 om-

317 3831 424 3881 ὅσα
443 3825 811 3898 κατώρθωσα.
846 3829 1135 3901 Ἀρμόσεις
1160 3830 1205 3884 δ’
1231 3831 1296 3884 ἂν
1323 3831 1562 3900 μάλιστα
1586 3830 1666 3900 τῷ
1683 3829 1904 3900 Χριστῷ

2008 3839 2175 3892 nibus
2210 3852 2426 3906 aequum
2469 3836 2697 3905 prazbui.
2743 3835 2863 3899 Vel,
2903 3837 3022 3890 sine
3052 3834 3343 3903 iniquitate
3368 3832 3541 3886 direxi
3572 3872 3586 3893 ,

317 3920 388 3973 τό
415 3937 428 3951 ο
489 3920 638 3975 Οὔτε
674 3920 712 3987 ή
754 3921 972 3991 ἀνομία
1034 3941 1171 3990 μου,
1231 3922 1370 3978 οὔτε
1405 3923 1438 3989 ἡ
1472 3924 1726 3992 ἁμαρτία
1762 3941 1904 3992 μου,

2009 3927 2114 3980 hoc
2146 3934 2268 3990 est,
2303 3925 2504 3980 virtute
2530 3926 2669 3979 duce
2697 3963 2714 3988 ,
2761 3933 2909 3979 recta
2969 3939 3137 3994 opera
3195 3923 3308 3992 egi.
3371 3923 3589 3976 Christo

318 4014 423 4066 καὶ
455 4014 524 4067 τὰ
546 4013 694 4086 ἑξῆς.
719 4015 920 4080 ἀδίκως
949 4014 1424 4085 ὲπιὸουλευομένῳ
1453 4014 1607 4086 παρὰ
1621 4015 1731 4069 τῶν
1773 4014 1905 4069 ’1ου-

2005 4019 2170 4073 etiam
2220 4016 2740 4072 convenientissime
2781 4015 2967 4070 omnia
3008 4018 3123 4069 hazc
3153 4023 3386 4084 possunt
3421 4015 3587 4068 verba

313 4102 512 4158 δαίων.
2009 4109 2184 4178 aptari
2219 4127 2232 4162 :
2269 4107 2451 4178 Neque
2469 4107 2718 4176 iniquitas
2744 4123 2879 4168 mea,
2909 4121 3071 4173 neque
3099 4115 3370 4173 peccatum
3394 4119 3586 4168 meum,

2008 4203 2120 4254 sine
2153 4200 2430 4269 iniquitate
2461 4201 2675 4252 cucurri
2726 4207 2775 4252 et
2803 4197 3019 4263 direxi,
3049 4209 3105 4253 et
3161 4198 3418 4253 similiter
3467 4212 3589 4267 qua:

2001 4297 2334 4358 sequuntur.

411 4374 886 4442 Ἐεεγέρθητιεὶς
909 4373 1303 4440 συνάντησίν
1321 4392 1465 4444 μου,
1492 4375 1718 4431 nullos.
1753 4376 1905 4429 Ἐλοὲ

2081 4385 2247 4438 Vens.
2281 4383 2334 4438 6.
2393 4383 2632 4452 Exsurge
2685 4384 2741 4437 in
2779 4399 3057 4437 oceanum
3119 4398 3312 4445 meum,
3355 4391 3405 4436 et
3450 4383 3583 4438 vide.

316 4471 407 4532 εἰς
429 4469 490 4521 τὸ
520 4467 858 4536 συναντῆσαί
886 4485 977 4536 μοι
1009 4468 1292 4536 φεύγοντι,
1326 4470 1419 4522 καὶ
1447 4469 1776 4540 ὲπιρῤὦσαι,
1812 4471 1903 4524 καὶ

2012 4476 2166 4539 Veni,
2207 4476 2401 4544 inquit,
2443 4484 2760 4532 et‘occnrre
2813 4478 2948 4532 mihi
3011 4475 3282 4545 fugienti,
3332 4481 3387 4528 et
3441 4476 3586 4531 vires

313 4561 402 4614 [δε
433 4555 520 4613 οἷα
552 4560 770 4631 πάσχω.
806 4559 992 4614 Ταῦτα
1033 4561 1088 4612 δὲ
1135 4520 1627 4631 ἁνθρωποπρεπιιῖις
1658 4562 1900 4631 εἴρηται¹

2207 4520 2401 4544 ....,...-,
2443 4520 2494 4530 ν.
2531 4520 2760 4532 me...”
3268 4520 3282 4537 ,
3337 4520 3387 4528 ν-
3452 4520 3583 4531 ...η

2005 4580 2227 4637 ιιι-ωειο,
2257 4579 2310 4623 et
2339 4565 2459 4622 vide
2488 4584 2739 4639 quaenam
2779 4570 2976 4640 patiar.
3012 4568 3136 4622 llaec
3183 4576 3360 4622 autem
3397 4569 3502 4622 dici
3555 4584 3583 4623 a

313 4651 510 4714 καθὼς
541 4652 803 4714 πολλάκις
836 4653 1141 4724 εἰρήκαμεν
1167 4667 1182 4682 ⁶
1212 4653 1470 4722 ἁκίνητον
1502 4653 1612 4724 γὰρ
1638 4655 1698 4707 τὸ
1721 4656 1897 4717 Dei-av,

2003 4659 2248 4722 Christo,
2278 4660 2518 4714 humano
2541 4675 2692 4714 more
2715 4660 2984 4730 Propheta
3017 4659 3340 4722 introducit,
3371 4667 3429 4713 ut
3453 4659 3582 4713 alibi

311 4744 424 4797 καὶ
454 4743 678 4796 πάντων
704 4741 1029 4797 ἐπίσκοπον.

2007 4767 2152 4820 szrpe
2175 4752 2434 4806 diximus.
2470 4753 2736 4808 Divinitas
2761 4753 2907 4806 enim
2941 4755 3126 4808 omnia
3155 4752 3348 4817 cernit,
3375 4761 3429 4806 et
3459 4765 3585 4804 mu-

2005 4843 2118 4896 tari
2141 4859 2249 4896 non
2283 4851 2484 4911 potest.

392 4930 499 4986 Kal
534 4929 635 4992 σὺ,
671 4930 848 4998 Κύριε
885 4932 918 4983 ὀ
949 4928 1095 4994 Θεὸς
1148 4927 1268 4981 τῶν
1311 4928 1646 4997 δυνάμεων.
1684 4932 1717 4983 ὀ
1757 4930 1902 4996 Galle

2075 4933 2142 4988 Et
2163 4945 2242 4997 tu,
2269 4933 2485 4988 Domine
2507 4935 2784 4997 virtutum,
2809 4934 2951 4988 Deus
2982 4933 3176 5001 Israel,
3202 4935 3413 4989 intende
3431 4935 3500 4989 ad
3517 4935 3589 4989 vi-

304 5021 432 5076 τοῦ
475 5021 748 5089 Ἰσραὴλ,
792 5021 1057 5090 πρόσχες
1091 5021 1197 5076 τοῦ
1228 5021 1682 5088 ἐπισκέψασθαι
1705 5021 1891 5074 πάντα

2003 5025 2243 5080 sitandas
2277 5043 2454 5080 omnes
2483 5037 2676 5097 gentes.
2725 5029 2967 5083 Virtutes
3011 5029 3247 5098 appellat
3305 5029 3584 5098 angelicos

308 5115 400 5168 τὰ
422 5115 591 5180 ἔθνη.
627 5114 894 5184 Δυνάμεις
922 5114 1092 5182 λέγει,
1126 5115 1192 5167 τὰ
1217 5113 1486 5182 ἀγγελικὰ
1520 5114 1797 5182 τάγματα.
1829 5117 1895 5168 Ἦ

2002 5117 2247 5171 ordines.
2283 5115 2378 5170 Vel
2409 5117 2575 5173 Deum
2605 5119 2867 5174 virtutum
2895 5160 2912 5186 ,
2945 5120 3050 5173 hoc
3079 5131 3190 5184 est,
3227 5121 3396 5173 Deum
3432 5127 3581 5188 pote-

305 5205 341 5256 ὁ
363 5203 504 5268 Θεὸς
533 5203 646 5256 τῶν
670 5203 979 5274 δυνάμεων,
1017 5205 1138 5258 ἀντὶ
1168 5204 1262 5258 τοῦ
1291 5207 1318 5258 ὁ
1337 5205 1584 5267 δυνατὸς,
1686 5207 1713 5258 ὁ
1741 5206 1892 5260 δυνά-

1989 5215 2205 5262 statum
2239 5223 2335 5263 seu
2372 5211 2738 5278 potentiarum
2771 5226 2869 5281 pro
2906 5227 2971 5265 eo
3002 5210 3179 5274 dixit,
3244 5209 3388 5277 quod
3444 5218 3529 5262 est
3559 5224 3575 5260 :

312 5312 477 5365 μεως
516 5294 750 5365 χορηγός
780 5313 792 5325 ·
827 5291 946 5348 εἶτα
965 5296 1276 5365 παρακαλεῖ
1310 5297 1472 5348 αὐτὸν
1502 5296 1899 5365 ἐπισκέψασθαι

2007 5301 2142 5354 Deus
2167 5309 2380 5371 potens,
2406 5305 2489 5358 vel
2514 5304 2654 5359 Deus
2677 5307 2928 5374 potentiae
2954 5306 3198 5374 largitor.
3228 5301 3432 5358 Deinde
3452 5317 3575 5356 eum

309 5385 510 5438 πάντα
537 5387 605 5438 τὰ
637 5384 789 5453 ἔθνη,
820 5385 910 5438 διὰ
927 5384 1021 5438 τοῦ
1060 5385 1502 5458 ὲνανθρωπῆσαι,
1534 5386 1896 5458 προεγνωκὼς

2005 5400 2204 5462 rogat,
2241 5401 2301 5448 ut
2348 5398 2580 5451 adventu
2619 5407 2783 5468 atque
2824 5400 3200 5452 incarnatione
3251 5410 3350 5451 sua
3389 5396 3580 5451 visitet

305 5477 480 5530 τουτὶ
512 5475 574 5528 τὸ
609 5479 928 5547 μυστήριον.

2007 5499 2198 5541 omnes
2227 5495 2416 5556 gentes
2441 5527 2456 5551 ,
2491 5491 2946 5560 quemadmodum
2975 5489 3218 5544 futurum
3271 5503 3394 5545 esse
3434 5503 3579 5558 prae-

2011 5575 2249 5633 videbat.

1669 5683 1862 5746 Varite
1918 5683 2243 5758 lectiones.

407 5780 483 5851 (5)
515 5781 597 5836 Al.
633 5782 980 5855 Συγγραφήν.
