4020 6218
422 253 523 319 607

1663 255 2053 337 EUTHXMII
2099 255 2465 316 ZIGABENI

3558 250 3669 313 638
3716 200 3721 203 -

498 377 579 432 Ne
612 376 907 431 miserearis
931 374 1172 431 erunibus
1209 377 1298 446 qui
1318 384 1609 445 operantur
1635 376 1999 444 iniquitatem.

2168 375 2264 443 Μὴ
2330 371 2711 442 οὶκτειρήσῃς
2767 372 2999 436 πάντας
3048 369 3189 435 τοὺς
3249 367 3677 437 ἐργαζομένους

430 470 505 525 lis
534 469 817 534 nimirum,
852 468 946 538 qui
996 468 1309 537 pertinaces
1353 476 1480 523 sunt
1512 468 1566 522 in
1604 467 1773 531 malo,
1808 466 2000 536 quales

431 568 588 616 erant
613 559 742 614 Saul
790 570 844 614 et
895 560 1056 624 socii,
1085 560 1265 626 Anna,
1303 561 1539 630 Caiphas
1603 570 1659 615 et
1705 559 2000 623 daemones,

430 663 598 722 atque
640 652 756 705 lues
782 650 974 716 facito,
1005 661 1064 705 ut
1108 652 1289 707 caeteri
1334 652 1585 708 homines
1616 651 1720 707 hoc
1751 652 2003 721 exemplo

432 742 814 814 prudentiores
847 743 1000 797 ﬁant.
1648 746 1651 747 ⁷

504 830 669 889 Vens.
706 835 761 887 7.
798 834 1177 889 Convertentur
1208 835 1277 888 ad
1302 851 1587 900 vesperam,
1619 844 1668 889 et
1694 837 1889 904 [autem
1909 850 2007 903 pa-

431 930 631 982 tientur
659 937 715 981 ut
745 944 920 989 canes.
968 937 1017 982 et
1044 928 1343 982 circuibunt
1384 929 1666 983 civitatem.
1702 927 1783 981 Ad
1817 943 2008 997 vespe-

435 1036 574 1087 ram,
614 1020 716 1073 hoc
744 1028 848 1083 est,
890 1036 1012 1075 sero
1047 1020 1364 1089 aliquando.
1401 1018 1657 1074 Prazdicit
1686 1019 1828 1074 enim
1861 1019 2010 1074 futu—

436 1128 558 1166 rum
613 1127 738 1167 esse
790 1119 1026 1181 tempus,
1078 1111 1300 1180 quando
1347 1110 1658 1166 Judaeorum
1711 1112 1878 1181 aliqui
1940 1126 2006 1166 ex

436 1202 785 1272 dispersione
818 1218 914 1256 sua
946 1210 1293 1258 revertentur
1324 1205 1378 1257 in
1404 1200 1730 1265 Jerusalem,
1755 1212 1809 1256 et
1844 1201 2009 1257 nullis

438 1294 492 1349 in
539 1308 601 1348 ea
635 1295 873 1349 inventis
905 1294 1065 1358 cibis,
1105 1296 1231 1364 quia
1264 1295 1463 1349 civitas
1510 1295 1614 1349 sub
1656 1303 2007 1349 externorum

439 1388 548 1441 erit
581 1387 829 1457 imperio,
874 1388 1075 1441 misere
1124 1386 1393 1442 esurient.
1446 1387 1704 1452 Quinimo
1756 1401 1853 1441 nec
1900 1387 2011 1441 illic

440 1479 737 1548 persistere
765 1488 1045 1549 poterunt,
1080 1479 1173 1533 sed
1212 1487 1270 1532 ut
1307 1479 1542 1550 profani,
1570 1488 1735 1547 atque
1769 1479 1891 1534 ideo
1922 1494 2010 1532 re-

434 1570 591 1638 iecti,
624 1579 777 1624 extra
824 1584 1013 1624 muros
1061 1570 1306 1625 civitatis
1352 1572 1601 1640 jacentes
1648 1572 2007 1627 mmrebunt:

442 1660 587 1728 quod
617 1661 779 1714 etiam
811 1661 1288 1727 inprmscntiarum
1328 1663 1408 1716 eis
1456 1662 1705 1718 accidere
1738 1662 2007 1717 videmus.

441 1751 610 1823 Canis
638 1766 771 1805 vero
811 1751 1175 1809 similitudine
1207 1770 1341 1810 usus
1376 1764 1479 1817 cst,
1516 1755 1663 1824 quod
1697 1753 2011 1810 famelicum

444 1842 649 1895 animal
679 1842 771 1907 sit,
800 1852 850 1897 et
884 1842 1197 1913 impudens.

514 2024 679 2079 Vens.
708 2025 761 2079 8.
790 2025 923 2079 Ecce
949 2027 1227 2095 loquentur
1271 2031 1325 2081 in
1372 2044 1461 2081 ore
1505 2046 1623 2084 suo.
1674 2029 2014 2086 Sententiam

445 2115 705 2170 nimirum
749 2118 983 2173 ferentes
1016 2119 1305 2172 adversum
1342 2118 1619 2174 Christum
1649 2139 1662 2173 :
1698 2121 1865 2175 veluti
1892 2136 2016 2175 cum

2104 471 2218 538 τὴν
2247 468 2525 539 ἀνομίαν.
2561 468 2700 528 Τοὺς
2736 464 3156 534 ἀνεπιστρὸφως
3191 462 3431 533 ἔχοντας,
3469 459 3545 529 (6)
3598 459 3677 521 ὡς

2104 564 2154 617 οἱ
2195 562 2322 631 περὶ
2351 563 2442 616 τὸν
2470 560 2664 623 Σαοὺλ,
2694 560 2787 613 καὶ
2830 560 2921 611 τὸν
2956 558 3179 618 Ἀνναν,
3235 557 3329 607 καὶ
3398 555 3674 622 Καϊάφαν,

2107 656 2201 708 καὶ
2238 655 2366 716 τοὺς
2408 654 2694 721 δαίμονας,
2724 654 2809 707 ἵνα
2833 654 3266 723 σωφρονέστεροι
3295 649 3389 702 διὰ
3414 646 3509 701 τοῦ
3547 648 3681 701 ὑπο-

2105 750 2398 817 δείγματος
2429 750 2479 801 οἱ
2513 747 2790 818 ἄνθρωποι
2819 747 3083 813 γένωνται

2187 842 2697 909 Ἐπιστρέψ-ουσιν
2716 840 2804 905 εἰς
2836 836 3121 905 ἑσπέραν,
3154 835 3247 890 καὶ
3306 832 3682 902 λιμώξουσιν

2106 935 2185 1001 ὡς
2216 936 2397 1000 κύων,
2446 934 2545 987 καὶ
2592 934 2982 987 κυκλώσουσι
3028 932 3231 984 πόλιν.
3279 927 3355 980 Tb
3414 925 3680 994 ἑσπέρας,

2108 1028 2170 1082 τὸ
2192 1029 2287 1094 ὀψέ
2314 1044 2443 1083 ποτε
2467 1027 2745 1096 σημαίνει.
2769 1022 3111 1095 Προφητεύει
3135 1022 3214 1086 δὲ,
3259 1022 3342 1073 ὅτι
3376 1019 3529 1073 ἔσται
3553 1036 3684 1072 και-

2113 1120 2226 1193 ρδςν
2256 1122 2345 1173 ὅτε
2384 1118 2531 1183 τινὲς
2551 1118 2659 1172 τῶν
2698 1116 2967 1170 Ἰουδαίων
2990 1113 3411 1183 ἐπιστρέφουσιν
3463 1112 3543 1172 εἰς
3585 1109 3685 1161 Ὶεο

2115 1212 2416 1284 ρουσαλὴμ,
2443 1212 2552 1264 ἀπὸ
2580 1214 2677 1280 τῆς
2701 1210 3028 1277 διασπορᾶς,
3067 1207 3164 1259 καὶ
3210 1205 3283 1275 μὴ
3325 1204 3578 1273 εὑρόντες
3622 1203 3687 1255 ὲν

2110 1308 2248 1377 αὐτῇ
2309 1303 2517 1375 τροφὰς
2575 1304 2661 1356 διὰ
2716 1302 2777 1354 τὸ
2826 1299 3125 1368 ἀλλόφυλον
3154 1298 3262 1351 τῶν
3318 1297 3688 1365 κυριευόντων

2112 1402 2305 1470 αὐτῆς,
2344 1397 2643 1468 λιμώξουσι
2671 1394 2941 1466 σφοδρῶς,
2978 1395 3072 1447 καὶ
3102 1392 3222 1447 οὐδὲ
3270 1392 3329 1443 ἐν
3359 1393 3425 1459 τῇ
3484 1387 3691 1456 Ἰερου-

2116 1497 2299 1565 σαλὴμ
2326 1494 2517 1563 στῆναι
2571 1492 3113 1562 συγχωρηθήσονται,
3166 1487 3280 1543 ἀλλ’
3313 1485 3696 1552 ἀπελαυνόμεο

2113 1586 2288 1647 νοιὼς
2320 1585 2394 1653 (7)
2425 1584 2617 1651 ἄγγος,
2659 1582 2844 1652 κύκλῳ
2898 1584 2999 1651 τῆς
3062 1578 3193 1632 ποτὲ
3235 1578 3439 1638 πόλεως
3506 1575 3694 1628 αὐτῶν

2115 1678 2555 1748 αὑλισθήσονται.
2579 1676 2607 1728 ὃ
2632 1677 2726 1729 καὶ
2761 1675 2922 1745 μέχρι
2962 1672 3055 1726 τοῦ
3082 1672 3176 1725 νῦν
3226 1672 3421 1741 δρᾶται
3466 1668 3699 1735 γινόμεο

2119 1784 2229 1822 νον.
2264 1767 2354 1828 Εἰς
2382 1763 2731 1834 παράδειγμα
2758 1763 2815 1816 δὲ
2846 1763 2936 1816 τὸν
2983 1763 3123 1817 κύνα
3150 1760 3448 1829 παρέλαϐε,
3505 1759 3594 1812 διὰ
3628 1758 3700 1810 τὸ

2056 1875 2060 1879 ’
2117 1855 2412 1926 λιμώττειν
2440 1856 2580 1924 ἄγαν
2609 1854 2762 1909 τουτὶ
2818 1856 2879 1907 τὸ
2916 1855 3075 1919 ζῶον,
3126 1855 3218 1907 καὶ
3252 1853 3340 1907 διὰ
3400 1851 3497 1921 τὴν
3537 1850 3703 1903 ἀναε-

2116 1949 2170 2002 δε
2179 1965 2286 2005 ιαν.

2203 2043 2360 2096 Ἰδοὺ
2398 2040 2877 2111 ἀποφθέγεονται
2921 2041 2991 2094 ἐν
3043 2040 3123 2105 τῷ
3167 2041 3416 2108 στόματι
3472 2035 3701 2091 αὐτῶν.

2134 2135 2433 2201 Ἀπόφασιν
2496 2132 2827 2200 ἐξενέγκωσι
2882 2131 3024 2185 κατὰ
3082 2131 3177 2184 τοῦ
3251 2130 3526 2201 Χριστοῦ,
3596 2129 3703 2182 τοῦ

444 2207 595 2277 cruci
632 2208 784 2261 illum
817 2208 957 2278 afﬁgi
994 2210 1395 2265 instantissime
1424 2213 1863 2280 postulaverunt.
1905 2212 2020 2267 0b-

2137 2226 2544 2294 Σταισρωθήτω.
2597 2227 3021 2296 Παρατηρητέον
3070 2224 3148 2287 δὲ,
3203 2226 3276 2286 ὡς
3334 2223 3704 2293 προείπομεν,

444 2299 776 2353 servandum
810 2316 939 2356 vero
972 2309 1080 2368 est,
1129 2311 1189 2356 ut
1222 2305 1603 2373 praediximus,
1649 2307 1792 2375 quod
1826 2306 2017 2371 dictio,

454 2392 603 2454 Ecce,
629 2393 870 2448 abundat
899 2410 1041 2464 saepe
1064 2396 1207 2465 apud
1240 2396 1519 2463 Hebraeos,
1553 2407 1718 2469 atque
1749 2409 1807 2453 ut
1840 2400 2012 2470 pluri-

451 2487 597 2538 mum
622 2493 704 2539 est
733 2486 1026 2555 superﬂua.
1590 2497 1598 2503 '

522 2575 592 2629 Et
637 2578 849 2645 gladius
903 2581 955 2632 in
1010 2580 1170 2635 labiis
1216 2599 1422 2637 eorum.
1476 2582 1725 2637 Gladium
1780 2583 2019 2653 appellat

449 2669 864 2725 acerbissimum
892 2687 1202 2727 sermonem
1251 2675 1477 2730 nefarie
1523 2675 1669 2730 illius
1714 2676 2021 2742 sententiae,

453 2777 615 2832 quam
647 2765 807 2832 paulo
829 2776 953 2820 ante
988 2767 1365 2835 praediximus.

525 2857 796 2923 Quoniam
838 2860 955 2931 quis
1007 2861 1260 2917 audivit?
1309 2860 1661 2929 Hujusmodi,
1711 2863 1908 2932 inquit,
1960 2864 2029 2918 ab

2124 2319 2205 2372 δτι
2257 2319 2337 2381 τὸ,
2410 2318 2565 2373 Ἰδοὺ
2626 2317 2922 2380 πλεονάζον
2969 2315 3123 2387 παρὰ
3174 2319 3239 2385 τῇ
3287 2314 3549 2383 διαλέκτῳ
3590 2314 3705 2365 τῶν

2136 2411 2527 2481 Ἐϐραίων,ὡς
2550 2409 2646 2464 ἐπὶ
2701 2410 2761 2462 τὸ
2789 2409 3065 2473 πλεῖστον,
3118 2407 3371 2479 περιττὸν
3437 2405 3707 2459 τέθειται.

2197 2589 2249 2643 Κ
2252 2590 2311 2643 at
2335 2588 2601 2666 ῥομφαία
2627 2589 2698 2642 ἐν
2728 2588 2851 2653 τοῖς
2872 2587 3145 2657 χείλεσιν
3162 2586 3378 2641 αὐτῶν.
3395 2584 3713 2654 Ῥομφαίσιν

2128 2681 2284 2735 καλεί
2315 2680 2408 2732 τὸν
2438 2678 2815 2750 θανατηφόρον
2843 2678 3028 2748 λόγον,
3063 2678 3123 2741 ὃς
3155 2679 3303 2731 ἐστιν
3338 2679 3369 2748 ή
3397 2675 3711 2745 δηλωθεῖσα

2130 2776 2425 2843 ἀπόφασις.

2202 2866 2331 2918 Ὅτι
2371 2865 2466 2931 τίς
2493 2864 2770 2932 ἤκουσες
2821 2864 3059 2919 Τοιαῦτα
3093 2864 3148 2918 δὲ
3180 2864 3430 2929 λέγουσιν
3469 2865 3575 2927 ὅτι,
3634 2866 3713 2928 ὡς

455 2948 539 3005 eis
572 2950 931 3018 proferuntur
964 2952 1153 3007 verba.
1205 2952 1343 3018 Quia
1373 2969 1559 3007 eorum
1605 2954 1813 3024 judicio
1846 2955 2020 3011 nullus

2137 2960 2279 3012 δοκεῖ
2310 2958 2512 3020 αὐτοῖς,
2544 2958 2719 3019 οὐδεὶς
2748 2958 3005 3029 ⁸Ῐγιιουσεν,
3060 2957 3296 3009 ἐκδικεῖν
3356 2956 3445 3009 τὸν
3480 2957 3715 3010 ἐπιϐου-

458 3041 708 3109 audivit;
768 3044 975 3106 nullus,
1030 3046 1277 3115 iuquam,
1332 3046 1425 3112 qui
1478 3046 1756 3100 Christum
1808 3047 2020 3116 injuriis

2137 3052 2422 3120 λευόμενον
2469 3049 2789 3119 δυνάμενος.
2837 3050 2986 3103 Ἀντὶ
3046 3048 3155 3117 γὰρ
3192 3048 3282 3101 τοῦ
3346 3050 3461 3114 Τίς,
3495 3049 3719 3114 οὐδεὶς

462 3148 783 3203 Oppressum
821 3146 1011 3204 posset
1039 3141 1299 3193 eximere.
1330 3137 1488 3193 Unde
1537 3140 1901 3210 Symmachus
1935 3156 2020 3209 prc

2138 3144 2401 3208 ἐξέδωκεν
2429 3144 2458 3196 δ
2505 3143 2802 3213 Σύμμαχος
2830 3158 2845 3173 ·
2875 3141 3078 3195 οἴονται
3128 3138 3261 3211 γὰρ,
3297 3140 3488 3210 φησὶν,
3546 3139 3717 3193 αὐτὸν

459 3231 600 3299 quis.
632 3247 781 3285 nemo
833 3233 1133 3287 transtulit.
1165 3233 1383 3287 Putavit
1426 3234 1596 3299 enim,
1637 3234 1837 3303 inquit,
1875 3233 2033 3288 Chri-
2137 3235 2461 3306 ἀϐοήθητον.

461 3332 605 3379 stum
637 3338 667 3377 a
697 3324 913 3379 nemine
942 3326 1187 3394 adjuvari
1217 3327 1435 3381 debere.

538 3413 707 3470 Vens.
761 3415 815 3469 9.
846 3414 917 3469 Et
949 3426 1027 3482 tu,
1062 3417 1314 3482 Domine,
1344 3416 1605 3472 deridebis
1637 3433 1746 3471 eos.
1784 3416 1898 3471 Hoc
1954 3424 2039 3471 est

465 3504 647 3558 simile
692 3504 765 3568 ei,
794 3506 939 3574 quod
974 3507 1098 3562 alibi
1147 3507 1375 3576 legimus
1408 3508 1462 3561 in
1510 3506 1752 3562 secundo
1779 3505 1988 3576 psalmo
2022 3524 2037 3565 :

467 3596 572 3662 Qui
594 3597 798 3652 habitat
824 3600 880 3653 in
909 3599 1077 3665 cwlis,
1112 3600 1353 3655 irridebit
1379 3617 1490 3656 eos.

2211 3416 2289 3485 (8)
2342 3414 2425 3469 Σὺ
2466 3414 2554 3477 δὲ,
2616 3414 2809 3481 Κύριε,
2860 3411 3213 3479 ἐκγελάσας
3267 3411 3511 3475 αὐτούς.
3540 3408 3723 3463 Τοῦτο

2141 3507 2327 3578 ὅμοιόν
2360 3509 2477 3558 ἐστι
2498 3504 2600 3574 τῷ,
2660 3504 2714 3556 Ὀ
2749 3503 3043 3558 κατοικῶν
3065 3504 3133 3557 ἐν
3169 3500 3448 3569 οὐρανοῖς
3468 3500 3723 3568 ἐκτελά-

2142 3616 2312 3654 σεται
2367 3598 2607 3662 αὐτοὺς,
2675 3598 2803 3667 περὶ
2849 3593 2910 3650 οὗ
2964 3599 3021 3651 ὲν
3068 3596 3145 3667 τῷ
3185 3596 3230 3667 β’
3283 3594 3486 3666 ψαλμῷ
3534 3595 3731 3665 προεί-

2220 3708 2329 3744 ται.
2442 3732 2455 3744 ς

538 3778 621 3834 Ad
654 3780 878 3833 nihilum
910 3779 1133 3835 deduces
1165 3797 1343 3835 omnes
1373 3789 1567 3851 gentes.
1609 3780 1743 3846 Quae
1764 3778 2019 3848 Evangeli

2220 3709 2329 3744 ται.
2442 3732 2455 3744 .

2149 3709 2681 3848 ρηἘξουδενώσεις
2706 3779 2902 3834 πάντα
2961 3782 3033 3834 τὰ
3085 3779 3254 3845 ἔθνη.
3316 3776 3399 3830 τὰ
3452 3776 3526 3846 μὴ
3570 3777 3729 3846 δεχό-

471 3871 917 3942 prazdicationem
961 3889 1071 3928 non
1104 3875 1437 3944 suscipiunt.
1475 3889 1596 3943 quae
1625 3872 1734 3926 tuis
1780 3872 2019 3926 resistun

2152 3894 2292 3948 μενα
2319 3875 2379 3928 τὸ
2411 3876 2675 3944 κήρυγμα
2702 3872 2797 3925 τοῦ
2831 3870 3191 3938 Εὐαγγελῖου,
3245 3872 3311 3922 τὰ
3379 3868 3735 3936 πολεμοῦντα

462 3964 668 4020 servis.
697 3964 816 4029 Vel,
866 3979 963 4035 per
1002 3972 1214 4036 gentes,
1251 3965 1560 4020 daemonum
1602 3970 1855 4017 catervas
1888 3962 2020 4016 intel

2149 3972 2262 4032 τοῖς
2292 3968 2500 4030 δούλοις
2531 3984 2645 4021 σου.
2674 3966 2836 4033 Λέγει
2870 3964 2925 4017 δὲ
2960 3964 3055 4017 καὶ
3083 3963 3259 4025 ἄλλως
3282 3962 3370 4032 τὰ]
3396 3960 3732 4030 συστήματα

474 4057 610 4112 linit.

552 4075 610 4109 ιι.

517 4075 711 4203 th-zas.
751 4149 833 4203 ιο.
872 4147 1160 4218 Imperium
1203 4164 1375 4202 meum
1427 4146 1497 4200 ad
1532 4156 1580 4200 te
1635 4147 1875 4201 servabo.
1924 4145 2051 4202 Haec

477 4241 633 4294 aiunt
677 4242 893 4295 beatum
947 4239 1116 4295 David
1165 4240 1349 4295 dicere
1392 4238 1460 4294 de
1518 4239 1720 4309 seipso.
1777 4238 2051 4309 Regnum,

478 4332 673 4401 inquit,
708 4332 853 4401 quod
895 4339 1111 4385 mortuo
1156 4329 1343 4395 Saule,
1388 4330 1523 4384 mihi
1559 4329 1813 4395 debetur,
1844 4338 2052 4384 temere

477 4440 586 4479 non
618 4423 904 4489 invadam;
932 4438 1105 4492 neque
1133 4437 1232 4493 ego
1264 4422 1386 4477 ideo
1412 4422 1563 4477 illum
1592 4421 1863 4485 occidam,
1888 4422 2020 4489 quin

2158 4388 2352 4501 ἓαοίῗλ,
2391 4433 2527 4488 ἀλλὰ
2580 4433 2661 4485 σοὶ
2701 4388 2906 4499 ταύτην
2935 4388 3102 4492 ἐασω,
3152 4388 3329 4479 τοῦτο,
3356 4426 3464 4494 γὰρ
3506 4424 3589 4487 τὸ,
3622 4427 3739 4477 Φυ-

481 4518 590 4571 imo
641 4515 775 4570 illud
821 4522 997 4569 totum
1036 4524 1133 4567 tuo
1162 4514 1472 4584 relinquam
1505 4512 1761 4567 arbitrio.
1792 4512 1868 4567 lta
1901 4512 2020 4566 enin

2157 4529 2343 4594 λάξω,
2363 4524 2619 4597 σημαίνει
2648 4522 2763 4584 νῦν,
2787 4521 3180 4589 δοθησομένην,
3208 4519 3337 4571 ὅταν
3363 4512 3627 4589 θελήσῃς.
3667 4514 3742 4568 Tb

480 4607 586 4660 hoc
621 4606 672 4659 in
702 4604 844 4667 loco,
880 4602 983 4658 sibi
1008 4602 1123 4656 vult
1154 4602 1375 4658 verbum
1409 4620 1421 4655 :
1456 4600 1709 4656 Servabo.
1741 4599 1897 4665 Quod
1920 4614 2020 4654 veri

2157 4623 2236 4686 δὲ,
2264 4620 2418 4688 Πρὸς
2445 4616 2539 4682 σὲ,
2565 4614 2684 4668 ἀντὶ
2703 4614 2819 4679 τοῦ,
2852 4611 3009 4683 Παρὰ
3031 4614 3135 4666 σοι.

479 4700 556 4754 ait
592 4716 604 4751 :
642 4698 711 4752 ad
743 4708 810 4761 te,
837 4696 1047 4751 dictum
1072 4705 1156 4750 est
1208 4710 1307 4765 pro
1339 4695 1492 4765 Apud
1522 4706 1587 4749 te.

434 4792 450 4858 ξ
557 4790 823 4855 Quoniam
868 4799 945 4855 tu,
974 4788 1137 4854 Deus,
1166 4788 1381 4857 adjutor
1408 4804 1551 4841 meus
1567 4804 1641 4841 es.
1668 4785 1937 4852 Quoniam
1969 4793 2054 4850 tu,

482 4885 681 4951 inquit,
716 4886 806 4952 qui
833 4885 1015 4938 omnia
1040 4882 1366 4945 moderaris,
1403 4882 1604 4934 auxilio
1629 4879 1758 4933 mihi
1790 4894 1871 4933 es.

555 4976 723 5031 Vens.
759 4977 842 5030 ll.
880 4976 1020 5031 Deus
1047 4992 1214 5035 meus.
1246 4972 1612 5028 misericordia
1635 4971 1748 5040 ejus
1774 4971 2020 5039 praevenit

2248 4975 2302 5029 '0
2354 4975 2498 5038 Θεός
2527 4989 2644 5040 μου
2700 4968 2766 5023 τὸ
2806 4968 2980 5033 ἕλεος
3032 4963 3220 5021 αὐτοῦ
3260 4960 3598 5030 προφθάσει
3645 4976 3740 5029 με.

488 5084 590 5123 me.
647 5066 800 5132 Vide,
853 5067 1052 5136 inquit,
1104 5066 1248 5135 quali
1302 5064 1553 5133 perfruar
1608 5063 1737 5126 Dea,
1799 5064 1890 5131 qui
1947 5071 2018 5115 tat

2154 5069 2237 5134 ,Ὅ
2284 5066 2418 5129 Θεός
2458 5079 2559 5133 μου
2613 5056 2722 5123 οἷός
2760 5062 2877 5113 ἐστι
2908 5074 2921 5088 ’
2968 5058 3028 5109 τὸ
3073 5056 3226 5117 ἔλεος
3271 5052 3438 5107 αὑτοῦ
3490 5049 3746 5119 προλιπῃ

489 5168 691 5231 praesto
724 5174 941 5227 semper
971 5157 1101 5210 mihi
1132 5165 1234 5218 est.
1269 5166 1325 5210 ut
1365 5170 1579 5210 summa
1615 5167 1713 5210 sua
1746 5152 2020 5207 misericm

2166 5160 2266 5229 τὴν
2284 5159 2423 5228 ἐμὴν
2453 5158 2688 5226 αἴτησιν.
2718 5151 2877 5205 Οὕτω
2898 5148 3064 5219 ταχύς
3097 5151 3215 5201 ἐστι
3241 5147 3321 5209 εἰς
3356 5144 3633 5214 βοήθειαν.

490 5255 579 5308 dia
615 5267 775 5308 meas
797 5251 957 5318 longe
998 5250 1296 5320 praeveniat
1317 5263 1527 5317 preces.

565 5342 734 5397 Vsus.
768 5340 853 5397 12.
878 5339 1016 5394 Deus
1065 5356 1209 5393 meus
1256 5336 1492 5392 ostendet
1565 5336 1696 5390 mihi
1738 5336 1792 5389 in
1839 5333 2069 5390 inimicis

500 5439 651 5492 meis.
686 5433 1217 5506 Subintelligendum
1264 5440 1349 5488 est
1382 5429 1611 5502 aliquid,
1644 5429 1798 5486 verbi
1835 5428 2009 5499 gratia
2048 5446 2063 5483 :

1866 5540 2065 5605 Varias
2124 5540 2449 5603 lectiones.

2252 5637 2329 5708 (8)
2353 5634 2436 5689 Al.
2462 5632 2569 5687 Καὶ
2600 5629 2681 5685 σύ.
2722 5628 2888 5684 ldcnt.

2150 4067 2258 4121 τῶν
2286 4065 2580 4133 δαιμόνων.

2226 4160 2296 4213 Τὸ
2322 4157 2535 4225 κράτος
2565 4171 2684 4225 μου
2718 4153 2867 4221 πρὸς
2895 4153 2970 4205 σὲ
3016 4150 3283 4220 φυλάξω,
3322 4147 3542 4225 ἓΤοῦτο,
3604 4147 3736 4218 περὶ

2155 4250 2351 4306 ἑαυτοῦ
2386 4266 2550 4317 φασιν
2573 4248 2749 4300 εἰπεῖν
2786 4244 2873 4298 τὸν
2901 4244 3085 4305 Δαϐἰδ,
3120 4243 3201 4295 ὅτι
3224 4242 3337 4310 Τὴν
3367 4240 3738 4309 ὀφειλομένην

2161 4363 2249 4413 μοι
2274 4342 2551 4412 βασιλείαν
2583 4339 2683 4393 οὐκ
2715 4338 2878 4400 αὐτὸς
2914 4335 3330 4403 σφετερίσομαι,
3376 4331 3586 4384 ἀνελὼν
3645 4332 3739 4384 τὸν

2234 4793 2364 4843 Ὀτι
2402 4787 2482 4842 σὺ
2507 4786 2890 4853 ἀντιλήπτωρ
2919 4798 3037 4851 μου
3062 4776 3135 4834 εἴ.
3168 4778 3310 4831 Διότι
3348 4775 3413 4830 σύ
3470 4793 3562 4844 μοι
3614 4776 3745 4845 βοη-

2166 4884 2301 4949 θεῖς,
2337 4884 2365 4935 ὁ
2399 4881 2579 4935 πάντα
2606 4877 2924 4944 δυνάμενος.

2262 5335 2327 5389 '0
2361 5332 2506 5397 Θεός
2540 5348 2659 5399 μου
2696 5327 2879 5390 δείξει
2900 5344 3000 5396 μοι
3048 5323 3117 5376 ἐν
3148 5321 3270 5387 τοῖς
3314 5317 3551 5388 ἐχθροῖς
3598 5332 3744 5414 μου.

2174 5427 2365 5482 Asina
2399 5427 2457 5479 τὸ
2494 5426 2631 5478 Ὅσα
2668 5421 2954 5491 βούλομαι,
2985 5418 3017 5488 ἦ
3050 5417 3191 5470 Ὅσα
3223 5412 3368 5475 εἰκός
3397 5413 3547 5464 ἐστι’
3574 5412 3748 5461 τοιοῦ-

573 5652 651 5720 (6)
693 5650 778 5705 Al.
818 5651 933 5703 ὅσοι

573 5724 649 5796 (7)
673 5723 757 5778 Al.
782 5723 931 5792 ἄγος.
