4070 6224
275 279 288 288 ⁸
329 252 438 318 609

1494 237 1892 303 COMMENT.
1928 238 2012 302 IN
2052 235 2419 300 PSALMOS.

3487 231 3598 297 610

326 382 422 421 τον
461 361 530 436 ῆν
593 363 654 418 τό
684 378 698 394 ’
739 361 850 416 Kal
907 360 978 415 ἐν
1022 357 1146 425 τοῖς
1189 353 1429 426 ἐχθροῖς
1470 370 1590 424 μου
1622 351 1859 407 ἐπεῖδεν
1889 353 1922 406 ὁ

2041 351 2293 408 Ostendet
2319 349 2453 405 mihi
2493 362 2842 420 quacunque
2873 360 3157 421 optavero,
3176 353 3263 406 vel
3294 349 3592 418 Quodcun-

328 455 640 529 ὀφθαλμός
659 471 801 525 μου,
835 457 895 508 ἐν
916 452 993 523 τῷ
1030 467 1098 521 νγ
1135 448 1337 522 ψαλμῷ
1368 445 1649 517 κείμενον.

401 723 500 790 Μὴ
528 720 894 788 ἀποκτείνῃς
929 717 1174 784 αὐτοὺς,
1209 714 1288 785 μή
1343 727 1490 768 ποτε
1517 707 1920 765 ἐπιλάθωνται

331 817 439 871 τοῦ
465 818 656 884 νόμου
687 829 805 867 σου
827 828 840 841 ·
877 811 1312 880 διασκάρπισον
1358 804 1584 870 αὐτοὺς
1606 801 1772 869 ὲντῇ
1815 800 1918 854 δυ-

333 909 509 978 νάμει
539 922 680 969 σου,
739 905 832 958 καί
867 901 1163 973 κατάφαγε
1201 898 1447 963 αὐτοὺς,
1508 899 1542 950 ό
1586 898 1921 962 ὑπερασπι-

332 1000 489 1066 στής
510 1015 651 1069 μου,
676 998 870 1064 Κύριε.
893 996 1036 1064 Ὅρα
1065 995 1161 1046 τοῦ
1188 995 1481 1063 Προφήτου
1530 989 1630 1060 τὴν
1659 989 1916 1052 ἀνεξικα-

335 1094 482 1155 κίαν,
534 1093 602 1160 ἥν
645 1090 728 1143 δεῖ
787 1089 1074 1156 μιμεῖσθαι
1117 1086 1211 1138 καὶ
1243 1086 1410 1154 ἡμᾶς.
1459 1080 1920 1150 Παρακαλεῖγᾶρ

343 1186 420 1256 μὴ
437 1182 792 1251 ἀναιρεθῆναι
817 1181 944 1241 τοὺς
967 1178 1196 1248 ἐχθροὺς
1213 1175 1402 1238 αὑτοῦ,
1425 1175 1514 1227 ἵνα
1546 1175 1621 1243 μὴ
1655 1187 1920 1242 προαναι-

344 1278 613 1349 ρεθέντες,
647 1271 1013 1325 ἐπιλάθωνται
1046 1270 1154 1322 τῶν
1186 1267 1348 1320 θείων
1378 1265 1611 1319 ἐντολῶν
1671 1262 1769 1316 τοῦ
1809 1261 1920 1314 λοι-

340 1369 469 1422 ποῦ.
527 1367 586 1420 ὐ
618 1367 729 1435 γὰρ
767 1362 1079 1423 ἀποθανὼν,
1113 1357 1535 1412 ἐπιλανθάνεται
1566 1357 1668 1427 ἥδη
1698 1353 1792 1408 τοῦ
1833 1355 1919 1407 νό-

338 1479 466 1532 μου.
498 1460 638 1529 Φησὶ
663 1459 773 1528 γάρ
803 1472 819 1488 ⁸
857 1456 987 1508 ’Ὅτι
1018 1455 1130 1506 οὐκ
1176 1451 1351 1505 ἐστιν
1381 1450 1452 1504 ἐν
1485 1449 1564 1515 τῷ
1601 1448 1836 1515 θανάτῳ
1885 1448 1920 1500 ὁ

331 1551 732 1620 μνημονεύων
783 1562 922 1603 σου.
957 1543 1121 1599 Ἀλλὰ
1159 1542 1656 1614 διασκορπισθῆναι
1695 1541 1918 1604 αὐτοὺς,

336 1642 695 1714 ἡττηθέντας,
731 1642 827 1694 καὶ
857 1637 1287 1707 ταπεινωθῆναι,
1334 1637 1433 1689 καὶ
1496 1634 1642 1688 οὕτω
1697 1631 1920 1704 βελτιω-

2023 458 2132 512 que
2162 441 2370 496 decens
2402 439 2592 508 fuerit,
2631 451 2690 496 ut
2721 441 2962 497 videam.
3007 439 3330 510 Huiusmodi
3361 445 3592 514 ﬁguram

2023 533 2284 602 loquendi
2321 533 2562 588 vidimus
2592 533 2646 587 in
2681 534 2890 603 psalmo
2922 549 3015 588 Llll
3044 535 3118 589 ibi
3156 550 3171 588 τ
3200 534 3264 586 Et
3288 536 3343 589 in
3367 538 3594 593 inimicis

2028 627 2157 679 meis
2194 625 2437 692 despexit
2469 626 2666 679 oculus
2689 642 2856 680 mens.

2102 718 2185 772 Ne
2215 719 2428 773 occidas
2464 735 2579 782 eos,
2612 721 2887 788 nequando
2919 719 3299 776 obliviscantur
3322 721 3450 790 legis
3473 732 3598 778 tute.

2024 809 2282 880 Disperge
2313 827 2402 865 eos
2425 813 2482 864 in
2511 812 2708 866 virtute
2741 822 2856 878 tua,
2891 822 2938 866 et
2963 812 3164 881 depone
3192 830 3304 878 eos,
3334 825 3600 879 protector

2028 921 2197 969 meus,
2236 903 2478 960 Domine.
2515 902 2651 958 Vide
2696 905 2890 958 miram
2927 904 3213 974 Propheta:
3245 906 3594 975 patientiam,

2027 1009 2191 1066 quam
2227 1003 2282 1048 et
2313 1009 2415 1048 nos
2447 992 2652 1047 imitari
2685 992 2862 1049 decet.
2895 993 3073 1064 Rogat
3098 997 3244 1049 enim
3287 1011 3388 1064 pro
3415 997 3603 1049 inimi-

2025 1088 2108 1143 cis
2147 1102 2218 1141 ne
2258 1086 2609 1150 occidantur,
2647 1101 2713 1140 ne
2742 1094 2922 1139 morte
2955 1087 3242 1156 praeventi,
3264 1087 3602 1142 obliviscan-

2026 1189 2116 1233 tur
2161 1182 2546 1232 mandatorum
2603 1177 2723 1232 Dei.
2771 1176 2904 1231 Nam
2955 1179 3050 1248 qui
3100 1181 3352 1243 moritur,
3403 1179 3602 1234 divina:

2025 1272 2163 1342 legis
2195 1271 2587 1336 obliviscitur;
2622 1270 2768 1324 unde
2801 1271 2930 1325 alibi
2957 1287 2972 1326 :
3005 1270 3273 1338 Quoniam
3304 1289 3408 1326 non
3441 1283 3520 1326 est
3545 1273 3600 1326 in

2027 1375 2197 1419 morte
2229 1365 2318 1434 qui
2345 1381 2544 1419 memor
2574 1366 2644 1417 sit
2678 1365 2790 1429 tui;
2821 1365 2915 1419 sed
2949 1365 3124 1420 victos
3152 1365 3218 1420 ad
3257 1366 3359 1420 hoc
3389 1375 3600 1419 tantum

2026 1458 2292 1528 dispergi,
2313 1456 2477 1524 deiici
2519 1464 2684 1526 atque
2724 1457 3000 1512 humiliari
3035 1467 3214 1528 rogat,
3237 1465 3299 1512 ut
3320 1459 3603 1527 probim-es

2029 1548 2354 1603 reddantur.
2387 1546 2444 1602 Ei
2470 1550 2590 1620 ipse
2631 1548 2851 1618 quidem
2884 1547 3055 1603 David
3093 1551 3165 1602 ita
3193 1549 3439 1619 Optabat,
3462 1550 3606 1605 Deus

2029 1651 2208 1696 autem
2231 1641 2442 1712 justum
2480 1642 2715 1711 protulit
2742 1641 3040 1711 judicium,
3065 1651 3123 1696 et
3143 1657 3239 1697 eos
3267 1642 3358 1711 qui
3380 1641 3607 1697 insana-

338 1735 520 1804 θῆναι.
599 1733 657 1788 ’0
701 1734 798 1804 μὲν
847 1730 944 1786 οὖν
979 1731 1146 1785 Δαδὶδ
1205 1729 1383 1792 οὕτως
1435 1729 1740 1799 ἐζήτησενο
1777 1725 1807 1777 ὁ
1864 1724 1924 1776 δὲ

2041 1733 2167 1788 biles
2218 1740 2401 1799 erant,
2450 1733 2698 1788 occidit:
2741 1733 2882 1788 alios
2937 1749 3089 1799 vero,
3154 1733 3248 1801 qui
3305 1733 3608 1802 aliquando

338 1829 473 1890 Θεὸς
533 1827 782 1880 ἐδίκασεν
841 1824 1096 1888 δικαίως,
1158 1824 1254 1876 καὶ
1314 1823 1444 1882 τοὺς
1519 1819 1618 1889 μὲν
1665 1818 1922 1879 ἀνιάτους

2041 1825 2273 1880 ῗιιιιιιιιιιιι
2305 1835 2424 1880 erat
2455 1833 2515 1879 ut
2562 1824 2818 1880 meliores
2869 1825 3087 1887 tierent,
3129 1825 3368 1894 etl'ugere
3403 1827 3608 1894 permi-

341 1917 520 1972 ὰνείλε
557 1934 572 1948 ο
617 1919 745 1980 τοὺς
803 1915 862 1969 δὲ
929 1913 1292 1985 βελτιωθῆναι
1343 1909 1657 1980 μέλλοντας,
1731 1907 1924 1976 φυγεῖν

344 2010 752 2081 παρεσκεύασε,
785 2011 881 2062 καὶ
912 2007 1087 2070 οὕτως
1142 2005 1431 2076 ἐπλήρωσε
1499 2001 1594 2054 τοῦ
1643 1999 1928 2070 δεηθέντος

343 2103 442 2172 τὴν
486 2101 724 2172 αἴτησιν.
757 2099 1065 2168 Κατάγαγε
1088 2098 1164 2164 δὲ,
1183 2095 1420 2152 ἀντὶ,τοῦ
1451 2093 1822 2148 Ταπείνωσον.

429 2194 493 2248 Ἠ
523 2194 782 2262 ἁμαρτία
812 2192 1114 2261 στόματος
1142 2188 1362 2245 αὐτῶν.
1395 2189 1428 2241 ὁ
1469 2187 1653 2256 λόγος
1683 2182 1934 2254 χειλέων

349 2282 570 2337 αὐτῶν.
641 2281 766 2335 Ἐπὶ
813 2281 906 2334 τὸν
952 2281 1114 2348 λόγον
1167 2280 1329 2333 πάλιν
1366 2277 1476 2332 τῶν
1527 2275 1932 2347 χριστοκτόνων

350 2373 736 2442 ἑπανατρὲχει,
767 2371 964 2440 λέγων,
992 2371 1073 2424 ὅτι
1097 2370 1344 2441 ἁμαρτία
1371 2367 1465 2422 τοῦ
1500 2368 1775 2436 στόματος
1831 2366 1931 2418 αὐο

347 2460 458 2513 τῶν
479 2463 630 2513 ἐστιν
658 2463 686 2513 ό
732 2460 916 2522 ἄδικος
947 2458 1106 2527 λόγος
1162 2458 1271 2512 τῶν
1333 2459 1561 2528 χειλέων
1605 2457 1808 2524 αὐτῶν,
1875 2455 1934 2509 ὃν

346 2547 524 2619 εἷπον,
566 2551 990 2621 Σταυρωθήτω,
1027 2552 1120 2604 καὶ
1153 2551 1207 2604 ετ
1228 2567 1280 2606 τι
1311 2549 1576 2604 τοιοῦτον.

414 2728 525 2785 Kal
551 2725 1170 2796 συλληφθήτωσανὲν
1199 2723 1273 2793 τῇ
1304 2725 1683 2793 ὑπερηφανίᾳ
1715 2722 1936 2778 αὐτῶν.

347 2855 418 2866 -
441 2821 603 2878 Μετὰ
631 2820 742 2889 τῆς
779 2803 1193 2887 ὑπερηφανίας
1223 2817 1422 2872 αὐτῶν
1444 2817 1709 2880 ἐξέδωκεν
1739 2818 1767 2868 ὁ
1796 2816 1868 2868 Σύ
1879 2834 1944 2886 μ-

354 2934 526 2988 μαχος
559 2931 577 2947 ο
635 2913 1036 2984 ἠλαζονεύοντο
1096 2911 1228 2981 γὰρ,
1266 2910 1342 2973 ὡς
1411 2909 1666 2980 ’Δϐραὰμ
1703 2909 1945 2995 ἔκγονοι⁹

347 3010 450 3064 καὶ
480 3007 554 3071 ὡς
581 3005 676 3060 τοῦ
695 3004 860 3074 νόμου
893 3002 1153 3072 φύλακες.
1192 3000 1666 3072 Συλληφθήτωσαν
1708 3000 1767 3053 δὲ
1822 3001 1932 3054 ὑπὸ

353 3103 466 3156 τῶν
519 3098 832 3169 Ῥωμαίων.

425 3193 539 3248 Keil
567 3192 637 3256 ἐξ
675 3181 824 3258 ἀρᾶς
846 3189 944 3242 καὶ
982 3188 1250 3257 ψεύδους
1316 3185 1818 3256 διαηελιὶσονται
1874 3200 1944 3240 εν

357 3284 703 3350 συντελείᾳ.
747 3281 918 3352 Ἀρέιν
976 3279 1216 3334 ἐνταῦθα
1243 3278 1342 3350 τὴν
1378 3277 1734 3349 βλασφημίαν
1760 3277 1938 3346 λέγει,

360 3379 430 3449 ῆν
456 3376 719 3446 κατέχεον
741 3373 837 3427 τοῦ
879 3371 1120 3444 Χριστοῦ
1147 3387 1163 3402 ·
1206 3371 1401 3442 ψεῦδος
1439 3370 1518 3436 δὲ,
1575 3371 1604 3422 ὃ
1663 3386 1946 3440 κατεμαρ-

360 3471 609 3541 τύρησαν
648 3467 840 3532 αὑτοῦ,
874 3467 956 3519 ὅτι
986 3464 1202 3518 κελεύει
1251 3465 1326 3535 μὴ
1383 3462 1569 3516 δοῦναι
1607 3463 1812 3532 κῆνσον
1867 3459 1945 3531 τῷ

365 3563 632 3634 Καίσαρι,
695 3561 874 3614 καίτοι
928 3559 1115 3627 σαφῶς
1171 3557 1462 3619 εἰπόντος⁹
1499 3554 1808 3618 ¹Ἀπόδοτε
1873 3552 1948 3606 τὰ

365 3658 671 3723 Καίσαρος
697 3654 969 3720 Καίσαρι.
1012 3650 1113 3703 Διὰ
1128 3649 1228 3719 τὴν
1259 3648 1614 3718 βλασφημίαν
1643 3643 1758 3712 οὖν,
1787 3647 1944 3716 φησὶ,

367 3749 466 3803 καὶ
488 3749 549 3801 τὸ
577 3745 794 3818 ψεῦδος,
820 3743 1126 3812 διάγγελμα
1162 3743 1257 3794 καὶ⁵
1284 3738 1639 3810 περιλάλημα
1686 3738 1822 3790 πᾶσι
1858 3753 1953 3804 γε·

369 3842 648 3913 νήσονται,
681 3841 782 3892 οὐκ
816 3836 908 3890 ἐπί
933 3851 1044 3889 τινι
1065 3830 1486 3903 κατορθώματι,
1515 3829 1631 3882 ἀλλ’
1658 3829 1751 3881 ἐπὶ
1781 3843 1952 3880 κατα-

371 3934 606 4005 στροφῇ,
644 3930 763 3986 καθ’
802 3931 870 4002 ῆν
907 3928 1190 3984 ἀπώλοντο
1215 3941 1230 3958 ο
1253 3924 1464 3996 ταύτην
1506 3922 1620 3993 γὰρ
1677 3919 1795 3976 εἶπε
1827 3937 1953 3973 συν-

369 4025 611 4081 τέλειαν.

458 4321 564 4376 Ἕν
593 4321 738 4390 ὀργῃ
782 4315 1175 4381 συντελείας,
1212 4313 1310 4367 καί
1366 4313 1439 4366 οὐ
1477 4328 1565 4381 μη
1617 4309 1955 4378 ὑπάρξωσι.
1987 4355 2050 4390 _.

2033 1919 2128 1985 sit,
2151 1927 2318 1988 atque
2349 1919 2455 1972 hoc
2483 1925 2647 1988 pacto
2699 1917 3035 1986 supplicanti
3065 1916 3358 1987 Prophetze
3387 1919 3610 1975 annuit.

2031 2014 2095 2069 Et
2126 2015 2269 2084 quod
2323 2013 2450 2065 ait:
2502 2011 2750 2081 Depone,
2792 2009 2999 2064 dictum
3047 2017 3151 2075 est,
3198 2023 3298 2078 pro
3345 2007 3612 2075 Deprjme,

2032 2120 2199 2181 atque
2237 2108 2503 2162 Humilia.

2104 2203 2269 2258 Vens.
2298 2201 2386 2255 l5.
2428 2199 2694 2254 Delictum
2742 2197 2851 2252 oris
2902 2213 3110 2260 eorum,
3140 2211 3311 2250 sermo
3348 2194 3616 2248 labiorum

2035 2309 2273 2348 suorum.
2306 2291 2548 2347 Rursum
2585 2292 2650 2344 ad
2684 2303 2992 2344 sermonem
3022 2286 3163 2342 redit
3191 2287 3260 2341 de
3289 2285 3495 2340 Christi
3527 2286 3614 2338 in-
3691 2297 3694 2300 ‘

2037 2385 2454 2447 terfectoribus,
2484 2384 2700 2441 dicens.
2731 2381 2880 2451 quod
2936 2390 3220 2449 peccatum
3252 2379 3367 2432 oris
3395 2391 3612 2441 eorum,

2037 2477 2144 2537 fuit
2176 2475 2380 2544 impius
2420 2473 2514 2528 ille
2564 2485 2773 2536 sermo,
2815 2485 2980 2540 quem
3025 2469 3297 2524 adversus
3323 2467 3613 2524 Christum

2039 2569 2412 2640 protulerunt,
2444 2567 2694 2621 dicentes
2738 2580 2753 2617 :
2795 2562 3182 2630 Cruciﬁgatur,
3232 2571 3330 2616 aut
3385 2561 3431 2615 si
3481 2561 3618 2631 quid

2012 2679 2017 2687 ‘
2040 2663 2189 2718 aliud
2219 2661 2490 2731 ejusmodi
2517 2668 2627 2715 est.

2119 2753 2187 2807 Et
2226 2752 2740 2819 comprehendantur
2781 2750 2836 2804 in
2893 2749 3144 2818 superbia
3194 2765 3317 2803 sua.
3367 2747 3624 2816 Symma-

2047 2847 2185 2901 chus
2217 2845 2524 2908 transtulit,
2554 2860 2672 2896 cnm
2711 2843 2958 2911 superbia
3003 2859 3126 2896 sua.
3155 2839 3444 2895 Jactabant
3472 2838 3620 2892 enim

2050 2944 2214 3004 atque
2247 2934 2488 2988 inaniter
2517 2931 2922 3002 gloriabantur,
2973 2931 3128 3000 quod
3171 2936 3402 2997 nepotes
3433 2930 3623 2978 essent

1965 3055 2010 3114 ε
2051 3024 2352 3088 Abraham,
2381 3029 2436 3076 et
2466 3023 2559 3091 qui
2595 3020 2698 3075 soli
2739 3019 2983 3072 divinam
3021 3017 3196 3088 legem
3230 3015 3499 3069 haberent
3532 3027 3549 3066 :
3585 3024 3618 3064 a

2045 3117 2308 3174 Romanis
2340 3126 2472 3169 tunc
2501 3113 2823 3184 expugnati,
2855 3126 3046 3182 ptenas
3087 3111 3312 3165 dedere.

2119 3209 2284 3266 Vens.
2314 3209 2399 3263 14.
2437 3207 2506 3262 Εί
2545 3208 2609 3262 de
2629 3207 2991 3261 exsecratione
3013 3213 3064 3259 et
3093 3204 3369 3258 mendacio
3402 3219 3616 3256 annun—

2047 3303 2326 3359 tiabuntur
2382 3303 2437 3356 in
2493 3300 2974 3355 consummatione.
3028 3297 3133 3353 Per
3185 3299 3624 3353 exsecrationem

2047 3415 2194 3454 nunc
2227 3396 2627 3467 blasphemiam
2673 3393 3146 3463 intelligit,'quam
3180 3392 3344 3460 impie
3379 3392 3431 3442 in
3458 3388 3624 3444 Chri-

2048 3496 2194 3545 stum
2227 3501 2560 3551 evomuere;
2595 3485 2948 3539 mendacium
2981 3496 3110 3536 vero
3133 3480 3264 3534 illud
3293 3478 3451 3538 dicit,
3475 3477 3623 3547 quod

2049 3580 2280 3643 ﬁnxere,
2317 3585 2648 3632 attestantes
2697 3575 2994 3645 prohibere
3023 3571 3311 3626 Christum
3347 3570 3466 3622 dari
3493 3583 3627 3622 cen-

2051 3685 2171 3726 sum
2213 3668 2439 3723 Caesari.
2473 3665 2664 3720 Palam
2695 3665 2898 3719 etenim
2942 3662 3302 3716 mandaverat
3362 3658 3629 3720 Dominus

2053 3764 2242 3818 dicens
2275 3775 2294 3813 :
2325 3757 2546 3812 Reddite
2584 3773 2702 3826 qua:
2733 3754 2966 3810 Cwsaris
3001 3763 3147 3814 sunt,
3173 3751 3397 3808 Cazsari.
3425 3748 3633 3803 Sensus

2053 3861 2138 3907 est
2172 3850 2362 3920 igitur,
2395 3847 2544 3918 quod
2572 3852 2800 3916 propter
2847 3841 3252 3913 blaSphemiam
3301 3848 3356 3894 et
3402 3839 3630 3894 menda-

2055 3943 2204 3996 cium
2231 3937 2405 3994 Judmi
2428 3936 2689 3992 omnibus
2718 3947 2899 3989 sermo
2921 3941 3084 3988 erunt
3129 3942 3184 3986 et
3215 3929 3418 3985 falmla.
3445 3926 3633 3999 Neque

2055 4034 2199 4090 enim
2232 4031 2470 4102 amplius
2506 4028 2770 4100 praeclara
2802 4040 2994 4081 eorum
3037 4033 3192 4095 gesta
3231 4023 3634 4086 narrabuntur,

2057 4124 2151 4183 sed
2174 4138 2362 4179 eorum
2392 4119 2718 4185 destructio,
2757 4131 2924 4189 quam
2954 4116 3044 4171 hic
3073 4114 3623 4170 consummationem

2057 4218 2385 4290 appellavit.

2134 4312 2202 4366 In
2233 4313 2317 4366 ira
2365 4306 2868 4371 consummationis,
2905 4313 2955 4360 et
2989 4321 3090 4359 non
3144 4311 3319 4359 erunt.
3352 4303 3474 4358 Non
3507 4302 3637 4356 sim-

378 4415 494 4469 Kal.
523 4384 748 4467 οὐκ.
790 4407 1073 4479 συντελείᾳ
1120 4407 1291 4478 ἁπλῇ,
1327 4404 1443 4458 ἀλλ’
1476 4406 1567 4457 ἐπὶ
1621 4404 1761 4476 ὀργῇ
1826 4421 1941 4457 συν·

2065 4405 2280 4476 pliciter
2295 4403 2434 4458 dixit
2459 4401 2518 4456 In
2532 4397 3033 4466 consummatione,
3061 4399 3158 4452 sed
3185 4398 3245 4450 ln
3272 4397 3350 4449 ira
3374 4409 3638 4450 consum-

375 4507 589 4569 τελείας
617 4521 632 4535 ⁸
671 4504 763 4558 καὶ
790 4503 1000 4568 λοιπὸν,
1037 4501 1222 4554 οὐκέτι
1250 4497 1758 4568 πολιτευθήσονται.

2068 4495 2357 4552 mationis.
2394 4496 2460 4550 Et
2486 4496 2656 4565 quod,
2708 4493 2786 4547 ait
2821 4509 2837 4546 :
2875 4491 3002 4547 Non
3049 4499 3226 4555 erunt,
3276 4489 3401 4544 ideo
3431 4487 3636 4542 dictum

377 4613 484 4666 est,
521 4602 649 4672 quia
676 4600 934 4668 deinceps
961 4595 1196 4665 amplius
1221 4592 1605 4648 conversaturi
1633 4607 1742 4646 non
1769 4575 1926 4647 erant
1965 4599 2028 4648 ut
2080 4599 2267 4658 antea,
2333 4606 2512 4662 neque
2557 4603 2909 4646 communem
2999 4586 3395 4656 rempublicam
3481 4583 3636 4642 habi-

380 4696 513 4751 turi.

446 4714 513 4750 rt.

407 4714 564 4842 uKal
599 4783 954 4855 γνώσονται,
989 4780 1075 4834 ὅτι
1106 4781 1138 4833 ὀ
1167 4779 1313 4844 Θεὸς
1351 4776 1628 4839 δεσπόζει
1685 4778 1792 4832 τοῦ
1837 4778 1956 4832 Ἰα-

381 4880 524 4945 κὼσ,
570 4877 666 4931 καί
688 4875 806 4928 τῶν
833 4873 1104 4942 περάτων
1136 4869 1244 4940 τῆς
1271 4870 1404 4942 τῆς.
1438 4869 1572 4924 Θεὸν
1609 4869 1842 4923 ἐνταῦθα
1864 4869 1959 4923 τὸν

381 4971 620 5044 Χριστόν
649 4985 832 5038 φησιν.

455 5063 973 5131 Ἐπιστρέψουσιν
991 5059 1077 5123 είς
1117 5055 1408 5123 ἑσπέραν,
1440 5052 1540 5108 καί
1584 5051 1961 5123 λιμώξουσιν

385 5157 466 5222 ὡς
495 5157 678 5217 κύων,
714 5149 1260 5208 καίκυκλὼσουσιν
1281 5149 1486 5201 πόλιν.
1537 5145 1650 5216 Τὴν
1711 5145 1822 5199 ἄνω
1864 5147 1963 5213 ρη-

391 5252 578 5305 θεῖσαν
611 5247 942 5318 πρόρρησιν,
974 5243 1305 5307 ὲπιόεὸαιοῖ,
1359 5240 1449 5294 διὰ
1481 5243 1578 5311 τῆς
1627 5238 1737 5292 τῶν
1777 5237 1962 5310 ρημάο

391 5361 502 5397 των
529 5337 972 5400 ἀναδιπλὼσεως,

462 5435 644 5490 Αὐτοὶ
701 5428 1358 5499 διασκορπισθήσονται
1395 5466 1412 5492 ,
1455 5426 1563 5481 τοῦ
1622 5424 1858 5495 φαγεῖν.
1902 5423 1967 5475 Ol

403 5526 849 5600 περιλειφθέντες
902 5523 1104 5588 αὐτῶν,
1138 5522 1215 5592 μὴ
1255 5521 1472 5592 ἔχοντες
1507 5518 1641 5571 ίδὶαν
1669 5519 1749 5570 ἐτι
1791 5515 1965 5578 πόλιν,

400 5618 906 5688 διασπαρῆσονται,
961 5614 1204 5692 στροφὴν
1255 5613 1471 5676 ἑαυτοῖς
1533 5608 1843 5681 ζητοῦντες,
1891 5606 1968 5672 ὡς

403 5716 716 5786 «poenitet.

2139 4774 2208 4828 Et
2239 4783 2552 4844 cognoscent
2594 4772 2846 4842 quoniam
2883 4768 3025 4823 Deus
3057 4769 3371 4823 dominatur
3394 4765 3566 4822 Jacob
3591 4778 3642 4822 et

2066 4867 2254 4935 ﬁnium
2287 4874 2464 4917 terrae.
2502 4862 2604 4916 Per
2635 4859 2804 4915 Deum
2856 4860 2959 4915 hoc
3000 4858 3057 4913 in
3088 4860 3212 4914 loco
3248 4857 3530 4914 Christum
3560 4857 3643 4910 in-

2067 4957 2283 5027 telligit.

2141 5050 2314 5106 Vens.
2352 5051 2442 5106 15.
2478 5048 2861 5105 Convertentur
2915 5047 2985 5104 ad
3035 5063 3328 5115 vesperam,
3371 5053 3420 5097 et
3451 5043 3646 5112 fantem

2071 5146 2343 5214 patientur
2369 5151 2428 5196 ut
2454 5158 2634 5204 canes,
2659 5150 2708 5195 et
2736 5141 3033 5195 circuibunt
3079 5140 3366 5192 civitatem.
3401 5133 3646 5200 Prophe-

2067 5240 2201 5293 tiam
2235 5235 2493 5306 Superius
2539 5234 2742 5288 dictam
2779 5233 3098 5303 hujusmodi
3157 5231 3449 5283 verborum
3491 5237 3651 5292 repe-

2072 5333 2272 5388 titione
2305 5329 2619 5386 conﬁrmat.

2137 5422 2302 5478 Vens.
2350 5421 2434 5476 16.
2471 5419 2588 5486 Ipsi
2618 5419 2986 5488 dispergentnr
3019 5415 3088 5470 ad
3118 5408 3566 5467 manducandum.
3608 5405 3652 5460 li

2067 5515 2165 5587 qui
2209 5531 2276 5569 ex
2310 5514 2392 5570 eis
2444 5514 2627 5568 relicti
2684 5511 2908 5573 fuerint,
2940 5507 3216 5580 prepriam
3253 5518 3358 5557 non
3392 5501 3655 5553 habentes

2079 5610 2377 5674 civitatem,
2412 5607 2818 5676 dispergentur,
2849 5611 2904 5657 et
2944 5603 3273 5657 miserorum
3309 5598 3510 5662 instar,
3539 5595 3658 5665 ipsa

2000 5715 2003 5720 ‘
2079 5702 2244 5759 etiam
2276 5701 2542 5758 alimenta
2567 5695 2986 5754 mendicabunt.
