4070 6224
407 253 509 318 611

462 365 619 435 Quod
653 364 700 419 si
724 363 956 419 saturati
989 377 1094 415 non
1122 359 1321 429 fuerint
1350 368 1401 413 et
1424 358 1859 414 murmurabunt.
1883 357 1989 414 Rc-
2019 368 2064 420 Α

394 460 617 530 darguit
647 473 765 524 eos,
801 455 948 525 quod
984 454 1258 520 majorum
1311 468 1464 507 more
1517 451 1701 508 adhuc
1739 468 1990 507 murmu-

394 563 518 610 rent
567 551 728 603 etiam
776 556 900 618 post
954 546 1322 617 dispersionis
1367 544 1802 615 castigationem.
1844 544 1992 600 Mur-

397 645 695 698 murabunt
725 641 895 704 enim,
933 640 1134 708 inquit,
1170 648 1224 692 et
1262 647 1393 692 tunc
1425 650 1616 693 contra
1668 637 1860 692 Deum.

470 735 629 791 Vens.
675 733 760 788 17.
827 733 938 802 Ego
979 743 1156 785 autem
1207 731 1432 784 cantabo
1494 732 1739 784 virtutem
1809 741 1981 785 tuam.

399 826 674 888 Cantabo,
713 825 762 878 id
793 833 899 886 est,
932 825 1170 878 canticis
1207 822 1466 876 laudabo.

472 917 539 970 Et
572 917 852 971 exsultabo
887 933 1042 970 mane
1077 915 1497 970 misericordiam
1551 925 1722 969 tuam.
1786 916 1987 971 Exsul-

400 1010 551 1071 tabo,
611 1009 814 1074 inquit,
867 1009 921 1061 in
974 1017 1066 1061 tua
1120 1007 1520 1071 misericordia,
1584 1007 1689 1072 vel,
1749 1007 1800 1060 in
1838 1016 1989 1060 tuam

396 1101 852 1156 misericordiam.
908 1099 1070 1154 Mane
1117 1101 1494 1167 autemdixit,
1531 1115 1650 1170 pro,
1685 1100 1832 1156 Cito.
1882 1099 1990 1155 Ne-

395 1209 506 1262 que
553 1195 699 1248 enim
754 1210 879 1248 sero
931 1195 1038 1246 mei
1074 1193 1449 1248 misereberis.
1508 1193 1664 1258 Quod
1699 1208 1834 1247 vero
1867 1193 1986 1246 ait:

397 1283 701 1339 Exsultabo
740 1286 1166 1339 misericordiam
1215 1294 1382 1350 tuam,
1438 1285 1752 1354 promiscua
1787 1294 1872 1340 est
1902 1297 1989 1339 at-

394 1397 503 1451 que
537 1380 856 1435 indifferens
883 1381 1246 1437 constructio.

468 1473 631 1528 Vens.
679 1474 765 1538 18,
815 1473 904 1527 19.
951 1474 1220 1538 Quoniam
1277 1473 1450 1542 [actus
1480 1488 1534 1526 es
1567 1471 1782 1540 adjutor
1820 1488 1986 1535 meus,

393 1577 442 1620 et
485 1566 746 1636 refugium
776 1583 969 1631 meum,
1012 1569 1064 1618 in
1093 1567 1178 1618 die
1214 1564 1577 1618 tribulationis
1631 1581 1778 1629 metu,
1832 1565 1992 1634 adja-

1661 245 2047 305 EU'I‘IIYMII
2095 245 2470 306 ZIGABENI'

3561 243 3674 306 (ἱὶέ

2177 351 2312 412 Ἐὰν
2340 357 2408 410 δὲ
2433 354 2520 425 μὴ
2565 352 2971 426 χορτασθῶσι,
3012 354 3509 424 xuii-anticum.
3547 369 3684 410 Δια·-

2096 451 2248 520 σύρει
2302 451 2524 513 αὐτοὺς,
2581 449 2657 511 ὡς
2718 449 2809 502 τδν
2843 448 3190 518 προγονικὸν»
3229 449 3574 520 γογγυσμὸν,
3605 451 3684 522 (9)

2097 543 2233 614 μηδὲ
2263 543 2322 594 ὲν
2347 544 2411 612 τῇ
2447 541 2720 610 διασπορᾷ
2753 523 3152 603 καταλιπόντας
3184 555 3200 570 ο
3222 539 3556 616 γογγύζουσι
3575 541 3686 612 γὰρ

2093 637 2186 690 καὶ
2217 637 2340 688 τότε
2377 634 2520 688 κατὰ
2547 632 2640 686 τοῦ
2673 633 2830 686 Θεοῦ.
3420 627 3428 635 ’

2164 728 2316 797 Ἐγὼ
2339 727 2407 781 δὲ
2425 727 2647 796 ᾄσομαι
2676 725 2747 794 τῇ
2788 725 3034 796 δυνάμει
3066 741 3208 782 σου.
3244 727 3526 796 ’ᾼσομαι,
3561 727 3684 782 ἀντὶ

2091 821 2184 873 τοῦ
2233 820 2499 890 ’Υμνήσω
2527 822 2585 871 ἐν
2612 820 2748 890 ᾠδῇ.

2163 916 2278 968 Καὶ
2310 915 2765 984 ἀγαλλιάσομαι
2809 913 2876 968 τὸ
2919 914 3072 982 πρωῒ
3101 913 3168 967 τὸ
3201 914 3378 980 ἔλεός
3397 932 3540 971 σου.
3571 917 3682 972 Καὶ

2092 1007 2501 1078 ἀγαλλιὰσομαι
2543 1007 2620 1076 τῷ
2657 1007 2804 1060 ἐλέει
2836 1023 2935 1060 σου
2959 1022 2974 1038 ·
3011 1007 3043 1077 ἢ
3072 1009 3154 1070 είς
3187 1007 3248 1060 τὸ
3273 1006 3427 1070 ἔλεός
3457 1025 3576 1061 σου.
3606 1009 3682 1060 T'o

2103 1100 2278 1166 ΙΙρωῒ,
2313 1101 2434 1169 ἢτοι
2476 1101 2700 1168 Ταχέως
2727 1117 2741 1130 ·
2771 1099 2874 1153 οὐκ
2893 1102 2972 1163 είς
3007 1102 3228 1172 μακρὰν
3252 1101 3362 1170 γὰρ
3387 1100 3685 1170 ἐλεηθήσο-

2098 1206 2216 1257 μαι.
2241 1190 2313 1241 Τὸ
2341 1191 2397 1242 δὲ
2439 1189 2930 1260 Ἀγαλλιάσομαι,
2974 1191 3270 1261 ἀδιάφορον
3297 1190 3399 1261 τὴν
3425 1191 3682 1254 σύνταξιν

2092 1277 2278 1350 ἔσχεν.

2166 1459 2296 1512 Ὅτι
2328 1458 2621 1528 arsi-qam;
2646 1458 3030 1527 ἀντιλήπτωρ
3049 1478 3170 1529 μου
3223 1461 3323 1516 καὶ
3358 1463 3680 1533 καταφυτή

2087 1571 2206 1623 μου
2231 1554 2302 1606 ἐν
2332 1553 2523 1622 ἡμέρῃ
2552 1552 2813 1621 θλίψεως
2834 1569 2978 1621 μου.
3020 1555 3251 1622 Βοηθός
3282 1572 3403 1624 μου
3450 1551 3512 1610 εἴ
3531 1573 3546 1588 ·
3579 1556 3680 1612 σοι

396 1669 479 1713 tor
512 1676 656 1712 ineas
683 1676 759 1718 es.
783 1658 880 1713 tibi
899 1658 1148 1728 psallam,
1166 1661 1418 1728 quoniam
1439 1659 1578 1714 Deus
1601 1659 1816 1728 adjutor
1845 1676 1988 1714 meus

2094 1644 2292 1714 ψαλῶ.
2317 1645 2407 1698 ὅτι
2427 1649 2459 1698 ό
2479 1645 2624 1711 Θεὸς
2654 1645 3038 1714 ἀντιλήπτωρ
3047 1663 3168 1716 μου
3199 1643 3273 1712 εἴ,
3299 1651 3333 1702 ό
3367 1650 3514 1714 Θεός
3535 1667 3676 1719 μου,

393 1766 470 1813 es,
508 1751 880 1803 misericordia
911 1767 1048 1806 mea.
1083 1750 1210 1805 llaec
1232 1753 1414 1805 omnia
1445 1767 1544 1821 per
1567 1767 1627 1808 sc
1656 1752 1804 1806 clara
1837 1760 1988 1808 sunt.

2096 1734 2160 1786 τὸ
2194 1732 2370 1798 ἔλεός
2399 1750 2541 1802 μου.
2573 1734 2762 1786 Ταῦτα.
2793 1735 2975 1789 πάντα
3005 1738 3189 1807 σαφῆ·
3229 1737 3548 1808 εὐχαριστεῖ
3570 1739 3682 1810 γὰρ

397 1840 618 1896 Gratias
649 1846 793 1897 enim
829 1841 940 1896 Deo
973 1844 1082 1912 agit
1111 1853 1168 1896 ut
1197 1842 1556 1898 benefactori.

401 1974 460 2028 In
489 1977 645 2045 ﬁnem
677 1978 745 2030 iis
774 1978 864 2046 qui
901 1977 1394 2041 commutabuntar,
1421 1978 1476 2031 in
1510 1978 1654 2031 tituli
1680 1978 1989 2049 inscriptio-

409 2099 414 2104 -
468 2083 606 2134 nem,
654 2069 756 2136 ipsi
807 2069 982 2122 David
1036 2069 1090 2121 in
1144 2069 1470 2131 doctrinam,
1507 2071 1722 2140 quando
1752 2071 1986 2126 incendit

469 2158 916 2227 Mesopotamiam
951 2160 1150 2230 Syriae,
1181 2171 1230 2216 et
1257 2160 1472 2230 Syriam
1527 2161 1711 2228 Sobal,
1761 2173 1809 2218 et
1858 2181 1988 2217 con-

461 2253 620 2308 uertit
650 2252 812 2319 Joab,
869 2262 920 2306 et
945 2253 1206 2320 percussit
1237 2253 1405 2323 juxta
1445 2251 1632 2308 vallem
1665 2253 1986 2310 Salinarum

468 2349 745 2402 duodecim
771 2347 968 2401 millia.

928 2435 1248 2492 PSALMUS
1308 2435 1448 2492 LIX.

469 2533 534 2586 In
568 2534 724 2601 ﬁnem
783 2530 1029 2600 quidem,
1068 2529 1328 2598 quoniam
1372 2528 1436 2582 ad
1485 2543 1674 2583 eorum
1715 2528 1875 2583 linem
1905 2545 1991 2585 rc-

397 2627 613 2694 Spit:ch
667 2623 821 2692 jubet
867 2621 1148 2690 Propheta
1195 2636 1315 2690 qua:
1365 2621 1417 2672 in
1467 2621 1678 2689 psalmo
1725 2623 1987 2692 praedicta

398 2725 552 2771 sunt.
605 2715 862 2767 Praedicit
893 2713 1040 2766 enim
1097 2713 1333 2781 posteris
1380 2712 1722 2782 captivorum
1772 2713 1989 2769 Judaeo—

398 2823 519 2862 rum
571 2807 807 2862 reditum
845 2821 910 2860 ex
961 2803 1263 2875 Babylone,
1299 2813 1354 2858 et
1392 2803 1875 2860 reaediﬁcationem
1909 2807 1987 2860 ci-

399 2901 585 2955 vitatis
613 2898 949 2954 Jerusalem.
987 2895 1144 2960 Quod
1186 2911 1318 2950 vero
1345 2895 1463 2950 ait:
1501 2895 1578 2949 Iis
1617 2897 1709 2966 qui
1751 2913 1987 2952 commu-

401 2993 551 3047 tantli
580 3001 726 3053 sunt,
766 2991 907 3044 idem
943 2998 1048 3054 est,
1110 3003 1175 3042 ac
1205 2987 1252 3044 si
1313 2989 1562 3042 diceret:
1621 2987 1718 3053 lis,
1773 2989 1865 3059 qui
1919 3004 1984 3044 ex

2097 1825 2174 1895 τῷ
2194 1825 2466 1896 εὐεργέτῃ
2496 1825 2637 1893 Θεῷ.

2091 1960 2195 2026 Εὶς
2223 1960 2290 2013 τὸ
2338 1959 2514 2025 τέλος
2545 1960 2672 2027 τοῖς
2724 1960 3314 2035 ἀλλοιωθησομένοις
3344 1970 3433 2035 εἰς
3458 1973 3684 2037 στηλο-

2169 2054 2433 2123 τροφίην
2462 2053 2541 2120 τῷ
2570 2054 2751 2108 Δαὸίδ
2788 2057 2876 2120 είς
2905 2056 3182 2128 διδαχήν.
3231 2061 3436 2115 Ὁπότε
3470 2062 3681 2118 eremi.

2159 2163 2298 2216 ρισε
2320 2146 2434 2216 τὴν
2449 2151 2917 2218 Μεσοποταμίαν
2942 2153 3181 2220 Συρίας,
3207 2153 3305 2207 καί
3319 2155 3434 2224 τὴν
3454 2157 3680 2226 Συρίαν

2167 2239 2396 2302 manu.
2457 2240 2560 2294 καὶ
2612 2239 2992 2311 ἐπέστρεψεν
3049 2245 3228 2312 Ἰωὰ6,
3264 2245 3365 2300 καί
3413 2247 3677 2314 ἐπάταξε

2165 2328 2280 2398 τὴν
2299 2331 2574 2403 φάραγγα
2623 2334 2740 2388 τῶν
2761 2335 2944 2400 ἀλῶν,
2978 2336 3210 2391 δώδεκα
3237 2340 3538 2408 χιλιάδας.

2338 2459 2359 2472 .
2660 2426 2954 2479 ΨΑΛΜΟΣ
2979 2427 3107 2484 ΝΘ’.
3277 2482 3283 2488 .
3392 2435 3404 2456 ‘

2168 2515 2272 2581 Είς
2301 2517 2365 2569 τό
2390 2516 2564 2583 τέλος
2615 2519 2712 2587 μὲν
2749 2561 2763 2586 ,
2796 2522 2878 2574 ὅτι
2932 2524 3228 2594 παρεγγυᾷ
3261 2521 3480 2593 βλέπειν
3509 2527 3590 2590 είς
3619 2527 3678 2580 τὸ

2090 2608 2244 2671 τέλος
2305 2607 2415 2661 τῶν
2477 2612 2891 2681 περιεχομένων
2964 2614 3348 2686 προρρήσεων,
3430 2632 3676 2686 προαγο-

2091 2702 2244 2772 ρεύει
2277 2702 2386 2773 γὰρ
2428 2702 2528 2772 τὴν
2583 2705 2647 2756 ἐκ
2674 2704 2995 2769 Βαϐυλῶνος
3018 2706 3280 2761 ἐπάνοδον
3311 2708 3419 2762 τῶν
3449 2709 3676 2781 ὕστερον

2093 2795 2647 2866 αἰχμαλωτισθέντων
2684 2797 2976 2863 Ἰουδαίων,
3011 2800 3104 2853 καὶ
3134 2800 3233 2871 τὴν
3264 2801 3363 2872 τῆς
3403 2800 3676 2874 Ἰερουσα-

2091 2889 2203 2959 λὴμ
2232 2889 2610 2959 ἐπανόρθωσιν
2633 2906 2647 2920 ο
2677 2893 2790 2954 τοῖς
2838 2891 3363 2964 ἀλλοιωθησομένοις
3407 2895 3466 2952 δὲ
3514 2893 3674 2948 τοῦτο

2091 2981 2406 3052 παρεγγυᾷ,
2441 2981 2690 3035 τουτέστι
2724 2985 2837 3046 τοῖς
2869 2984 2930 3036 ἐκ
2962 2983 3210 3048 δουλείας
3251 2986 3332 3050 είς
3360 2986 3671 3057 ἐλευθερίαν

401 3089 672 3142 servitute
706 3085 770 3136 ad
810 3075 1120 3136 libertatém
1176 3080 1412 3135 redituri
1459 3089 1609 3134 sunt.
1654 3079 1718 3133 Et
1749 3081 1802 3134 in
1844 3081 1988 3134 tituli

2096 3075 2638 3144 ἐπανελευσομένοις.
2705 3079 2813 3132 Καὶ
2877 3080 2956 3141 είς
3016 3082 3472 3152 στηλοτραφίαν
3551 3082 3670 3152 μὲν⁹

399 3176 819 3243 inscriptionem,
855 3175 958 3226 hoc
976 3180 1085 3236 est,
1115 3173 1170 3225 in
1200 3170 1548 3226 indelebilem
1575 3187 1639 3225 ac
1667 3180 1988 3242 perpetuam

401 3271 540 3321 tanti
569 3265 814 3321 beneﬁcii
851 3266 1195 3318 memoriam.
1241 3263 1304 3316 Et
1339 3263 1488 3334 quod
1523 3264 1600 3316 ait
1635 3281 1648 3318 :
1717 3263 1836 3332 Ipsi
1873 3264 1986 3318 Da-

400 3361 508 3426 vid,
543 3359 788 3414 auctoris
835 3372 1038 3411 nomen
1075 3357 1304 3423 indicat,
1362 3371 1424 3411 ac
1452 3357 1498 3411 si
1528 3355 1697 3411 dicat.
1737 3355 1991 3412 Psalmus

402 3456 723 3508 elaboratus
773 3452 878 3520 ipsi
936 3450 1126 3504 David.
1167 3448 1232 3502 In
1268 3449 1596 3514 doctrinam,
1657 3451 1764 3502 hoc
1813 3458 1898 3504 cst
1929 3457 1991 3504 ut

403 3546 620 3609 doceat,
659 3545 868 3614 gratias
900 3543 1160 3596 nimirum
1208 3556 1401 3611 agere,
1450 3550 1545 3594 aut
1577 3540 1987 3610 pmnitentiam.

402 3639 468 3692 Et
500 3653 622 3707 qua:
654 3643 985 3706 sequuntur,
1026 3643 1242 3703 tempus
1278 3633 1546 3699 indicant,
1589 3631 1813 3702 quando
1836 3648 1989 3686 com-

403 3730 617 3798 positus
652 3736 736 3782 est
771 3727 1038 3796 psalmus.
1075 3722 1279 3779 Verum
1311 3739 1435 3794 quae
1469 3725 1559 3778 hic
1609 3723 1687 3779 de
1733 3723 1988 3794 Mesopo-

405 3820 570 3873 tamia
601 3816 776 3888 Syriae
807 3826 862 3870 et
893 3816 960 3871 de
1001 3814 1160 3884 Syria
1225 3812 1392 3868 Sobal
1422 3820 1472 3867 et
1503 3812 1572 3868 de
1603 3814 1746 3869 valle
1778 3811 1992 3867 Salina-

405 3926 524 3964 rum
551 3911 696 3964 dicta
733 3919 884 3971 sunt,
915 3909 968 3960 in
1002 3907 1152 3960 nulla
1181 3905 1412 3962 bistm-ia
1445 3915 1637 3973 aperte
1661 3906 1985 3968 traduntur,

403 4001 512 4056 nisi
544 4002 780 4054 fortasse
814 3999 1000 4066 aliqua
1037 3998 1275 4052 obscura
1311 3997 1617 4051 habeantur
1649 3997 1704 4050 in
1738 3999 1988 4052 secumlo

404 4092 613 4162 Regum
649 4092 833 4156 libro;
865 4100 1108 4143 attamen
1140 4089 1448 4142 verisimile
1476 4096 1560 4143 est
1589 4099 1642 4141 et
1674 4098 1827 4158 gesta
1876 4090 1991 4141 haec

406 4186 582 4241 fuisse
614 4185 820 4246 omnia.
875 4192 929 4238 et
960 4184 1168 4238 omissa
1220 4197 1346 4235 cum
1399 4180 1589 4233 multis
1626 4180 1768 4234 aliis.
1821 4177 1992 4234 Vallis

407 4287 587 4332 autem
625 4275 941 4330 Salinarum
973 4274 1130 4328 locus
1163 4280 1271 4338 est,
1319 4271 1415 4326 sed
1469 4271 1572 4325 loci
1622 4270 1990 4340 appellatione

2092 3169 2262 3239 ἤγουν
2295 3169 2704 3236 ἀνεξάλειπτον,
2728 3173 2822 3224 καὶ
2850 3173 2983 3225 πᾶσι
3009 3173 3291 3243 γνώριμον
3326 3175 3545 3244 μνήμην
3572 3175 3672 3244 τῆς

2093 3261 2355 3331 τοιαύτης
2413 3264 2740 3333 εὐεργεσίας
2777 3262 2872 3318 τοῦ
2901 3264 3040 3318 Θεοῦ
3096 3267 3414 3338 συνεγράφη
3463 3265 3547 3333 Τῷ
3568 3271 3672 3321 Δα-

2092 3355 2208 3407 ϐίδ.
2239 3357 2344 3421 Είς
2374 3355 2636 3424 διδαχὴν
2661 3355 2740 3420 δὲ,
2775 3357 3150 3428 εὐχαριστίας,
3199 3358 3230 3430 ἢ
3269 3361 3567 3432 ὑπομονῆς.
3600 3363 3672 3415 Τὸ

2091 3445 2136 3499 δ’
2163 3447 2314 3517 ἑξῆς,
2349 3448 2588 3501 διδάσκει
2631 3449 2723 3502 καὶ
2747 3451 2838 3502 τὸν
2865 3450 2978 3521 (10)
3005 3451 3216 3522 καιρὸν,
3244 3452 3335 3505 ὅτε
3367 3452 3540 3507 ταῦτα
3554 3455 3673 3524 ἐντο-

2092 3539 2278 3608 mea;
2333 3539 2436 3592 ὑπὸ
2481 3538 2575 3592 τοῦ
2600 3541 2756 3608 ἁγίου
2793 3542 3132 3612 Πνεύματος.
3175 3545 3538 3618 συνέγραψεν.
3584 3547 3672 3601 Ἐν

2092 3631 2318 3701 οὐδεμιᾷ
2345 3632 2400 3683 δὲ
2437 3633 2651 3703 ἱστορίᾳ
2695 3633 2762 3688 τὰ
2808 3634 3060 3704 περὶτῆς
3098 3637 3528 3708 Μεσοποταμίας
3567 3639 3670 3690 Συ-

2095 3723 2238 3794 ρίας,
2277 3725 2370 3776 καὶ
2402 3724 2499 3794 τῆς
2533 3725 2732 3796 Συρίας
2756 3726 2966 3792 Σωϐὰλ,
2998 3727 3092 3782 καὶ
3124 3732 3224 3799 τῆς
3257 3731 3542 3801 Φάραγγος
3565 3731 3673 3784 τῶν

2093 3813 2260 3880 ἀλῶν,
2316 3816 2566 3885 φανερῶς
2613 3817 2882 3889 εἴρηνται,
2936 3819 2983 3870 εί
3012 3819 3088 3892 μὴ
3117 3823 3172 3873 ἐν
3214 3825 3280 3892 τῇ
3303 3821 3532 3893 δευτέρᾳ
3561 3823 3671 3876 τῶν

2093 3903 2394 3957 Βασιλειῶν
2423 3924 2542 3958 τινα
2580 3907 2786 3960 τούτων
2822 3909 3102 3978 ἀμυδρῶς.
3131 3910 3291 3973 Εἰκὸς
3325 3910 3382 3964 δὲ
3421 3912 3671 3983 πραχθῆ·

2093 4013 2180 4048 ναι
2212 3997 2308 4050 καὶ
2338 3992 2531 4061 ταῦτα,
2572 4000 2667 4052 καὶ
2701 4001 3136 4072 παραλειφθῆναι
3183 4001 3323 4071 μετὰ
3367 4002 3462 4056 καὶ
3493 4003 3671 4058 ἄλλων

2098 4087 2315 4141 πολλῶν
2345 4104 2359 4118 '
2407 4091 2572 4153 τόπος
2630 4092 2662 4158 ὴ
2714 4092 2932 4162 φάραγξ
2987 4094 3097 4148 τῶν
3144 4096 3326 4149 ἁλῶνο
3367 4081 3456 4150 διὰ
3486 4098 3543 4151 δὲ
3569 4099 3670 4169 τῆς

2095 4181 2340 4252 κλήσεως
2367 4183 2460 4236 τοῦ
2480 4184 2667 4250 τόπου,
2695 4188 2820 4248 τοὺς
2854 4187 3245 4251 κατοικοῦντας
3279 4191 3428 4261 αὐτῷ
3468 4191 3673 4257 ἐδήλω-

2095 4290 2186 4324 σεν
2232 4274 2263 4343 ἡ
2315 4275 2625 4345 ἐπιγραφὴ,
2684 4275 2988 4346 προσθεῖσα
3033 4281 3126 4332 καὶ
3162 4283 3254 4333 τὸν
3295 4281 3530 4352 ἀριθμὸν
3562 4283 3670 4338 τῶν

407 4370 748 4425 habitatores
798 4368 903 4420 loci
944 4365 1235 4435 intelligit;
1291 4371 1341 4416 et
1386 4378 1676 4417 numerum
1735 4363 1990 4417 interem-

2094 4364 2424 4433 εἰρημένων.
2485 4366 2542 4419 Ὀ
2565 4366 2622 4418 δὲ
2671 4368 2846 4438 μέγας
2903 4369 3205 4435 Βασίλειος,
3253 4373 3668 4442 ἀλλοιωθησο-

410 4473 626 4536 ptorum
656 4463 828 4531 ponit.
856 4459 1087 4528 Magnus
1118 4471 1248 4512 vero
1281 4456 1516 4510 Basilius
1551 4457 1712 4509 verba
1747 4456 1838 4509 illa
1865 4471 1878 4510 :
1910 4454 1987 4511 Iis

406 4560 494 4626 qui
524 4555 1016 4615 commutabuntur,
1049 4551 1116 4604 de
1148 4547 1486 4603 Christianis
1534 4548 1789 4619 intelligit
1841 4547 1985 4602 dicta

407 4664 549 4708 csse,
605 4655 831 4715 propter
886 4641 1326 4696 immutationem
1377 4639 1588 4694 scilicet
1640 4656 1762 4710 qua:
1829 4642 1888 4694 lit
1933 4641 1986 4694 iu

410 4739 712 4806 baptismo,
777 4747 825 4788 et
895 4744 1118 4805 propter
1174 4732 1548 4787 liberationem
1597 4748 1627 4786 a
1680 4737 1985 4786 daemonum

410 4829 696 4882 servitute.
754 4827 907 4881 lianc
953 4822 1358 4896 expositiOnem
1395 4826 1588 4877 ultimo
1635 4824 1755 4878 loco
1787 4832 1989 4877 tracta-

2093 4458 2318 4525 μένους
2351 4458 2475 4522 τοὺς
2511 4460 2874 4530 Χριστιανοὺς
2902 4463 3136 4531 μάλιστα
3165 4463 3331 4532 λέγει,
3365 4465 3455 4519 διά
3478 4484 3537 4519 τε
3569 4467 3670 4538 τὴν

2098 4547 2207 4601 ἀπὸ
2251 4548 2346 4601 τοῦ
2406 4549 2785 4621 βαπτίσματος
2816 4554 3200 4624 μεταποίησιν,
3233 4557 3327 4608 καὶ
3354 4555 3452 4628 τὴν
3483 4557 3546 4608 ἐκ
3571 4557 3668 4624 τῆς

2097 4637 2344 4701 δουλείας
2383 4639 2494 4692 τῶν
2553 4635 2843 4711 δαιμόνων
2870 4643 3207 4713 ἐλευθερίαν,
3250 4645 3378 4715 περὶ
3411 4640 3471 4700 οὗ
3506 4643 3665 4699 ὓστε-

2099 4747 2192 4802 ρον
2221 4731 2476 4803 ἐροῦμεν.
2504 4733 2618 4786 Νῡν
2654 4734 2710 4787 δὲ
2761 4737 2874 4798 τοῖς
2903 4736 2961 4788 ὲν
2992 4736 3273 4790 Βαϐυλῶνι
3305 4737 3669 4808 αἰχμαλώτοις

2098 4823 2390 4878 ἀναθετέον
2412 4827 2502 4878 τὸν
2523 4825 2760 4896 ψαλμόν.

413 4922 625 4986 bimus;
661 4921 714 4974 in
749 4920 1040 4990 prasentia
1084 4927 1267 4972 autem
1303 4917 1540 4987 priorem
1577 4929 1980 4988 prosequemur
2007 4914 2162 4986 juxta
2236 4933 2398 4986 quam
2447 4920 2718 4988 psalmum
2773 4921 2918 4975 hunc
2965 4923 3242 4990 pertinere
3297 4923 3537 4978 diximus
3601 4920 3668 4975 ad

408 5016 656 5084 captivos
687 5015 780 5083 qui
829 5021 987 5067 erant
1023 5013 1076 5066 in
1119 5011 1418 5080 Babylone.

482 5105 646 5161 Vens.
689 5109 745 5161 2.
793 5107 951 5173 Deus,
1009 5105 1254 5175 repulisti
1282 5120 1398 5166 nos,
1448 5112 1498 5156 et
1529 5102 1840 5156 destruxisti
1871 5119 1988 5156 nos.

412 5198 704 5269 Repulisti,
736 5200 862 5268 quia
891 5205 945 5251 te
983 5197 1362 5260 irritavimus;
1398 5202 1453 5248 et
1481 5193 1827 5254 destruxisti,
1875 5204 1988 5246 tra-

413 5293 551 5346 dens
587 5306 690 5346 nos
721 5293 774 5344 in
801 5289 1178 5359 captivitatem
1203 5286 1541 5356 Babyloniis.
1577 5284 1806 5355 Spoliati
1832 5287 1980 5340 enim

413 5396 543 5442 st'nt
573 5385 747 5442 Judaai
786 5393 917 5439 tunc
948 5397 1137 5453 regno,
1170 5388 1224 5436 et
1260 5381 1495 5435 viribus.

483 5477 669 5534 Iratus
699 5495 778 5544 es,
813 5486 863 5531 et
911 5478 1158 5531 misertus
1211 5489 1263 5526 es
1305 5472 1475 5528 nobis.
1521 5470 1697 5526 Iratus
1731 5486 1815 5533 es,
1863 5471 1992 5540 quia

2175 5100 2239 5156 '0
2279 5101 2443 5167 Θεὸς,
2463 5100 2683 5155 ἀπώσω
2720 5101 2899 5169 ἡμᾶς,
2933 5102 3031 5156 καὶ
3069 5101 3346 5164 καθεῖλες
3374 5102 3550 5172 ἡμᾶς.
3583 5105 3671 5157 Ἀ-

2095 5195 2265 5248 πώσω
2316 5195 2434 5264 μὲν,
2490 5193 2564 5258 ὡς
2618 5194 3061 5264 παροργίσαντάς
3113 5209 3169 5244 σε
3205 5205 3219 5220 ⁸
3281 5193 3526 5256 καθεῖλες
3588 5193 3664 5259 δὲ,

2096 5287 2376 5357 παραδοὺς
2423 5287 2504 5348 είς
2565 5286 2892 5357 πολιορκίαν
2921 5288 3030 5348 τοῖς
3061 5285 3438 5348 Βαϐυλωνίοις.
3485 5285 3672 5355 Καθῃ-

2099 5380 2338 5450 ρέθησαν
2366 5378 2474 5448 γὰρ
2502 5377 2599 5430 καὶ¹
2627 5377 2728 5447 τῆς
2756 5378 3057 5448 βασιλείας,
3095 5379 3189 5431 καὶ
3217 5378 3319 5448 τῆς
3367 5377 3665 5448 δυνάμεως.

2168 5471 2504 5538 Ὠργίσθης,
2554 5469 2648 5522 καὶ
2714 5468 3087 5536 ᾠκτείρησας
3132 5467 3310 5538 ἡμᾶς.
3378 5468 3668 5540 Ὠργίσθης

1741 5612 1941 5674 Varite
1971 5611 2312 5676 lectiones.

489 5713 570 5784 (9)
601 5717 684 5769 Μ.
721 5716 885 5784 μηδὲν
917 5719 973 5786 τῇ
1013 5714 1308 5788 διασπορᾷ,

2168 5711 2279 5780 (I0)
2299 5709 2545 5781 Καρπόν.
2564 5707 2732 5764 Idem.
