4070 6224
335 274 440 338 613
1530 253 1918 319 COMMENT.
1964 249 2048 311 IN
2087 247 2451 310 PSALMOS.
3486 231 3594 296 (J4

321 391 405 462 ἐφ’
443 383 524 448 οἷς
567 385 982 458 ἡμαρτάνομεν,
1037 379 1128 435 καὶ
1161 377 1206 449 ᾠ
1231 374 1529 447 κτείρησας
1571 372 1707 434 τέως
1735 370 1906 440 ἡμᾶς,

2029 365 2399 436 peccavimus;
2432 371 2485 418 et
2516 361 2726 416 interea
2773 365 2955 415 tamen
2995 357 3258 414 misertus
3309 371 3371 414 es
3403 360 3588 425 nobis,

317 451 407 540 σία
436 483 512 554 μὴ
539 451 701 541 εύθὺς
728 480 842 540 τοῖς
862 451 1042 535 διλλοις
1066 469 1482 532 συναπωλέσας,
1507 465 1644 519 ἀλλὰ
1668 463 1904 532 θελήσας

2029 457 2134 509 lum
2171 471 2278 511 non
2313 453 2597 525 perdidisti
2631 467 2736 508 nos
2763 452 2927 507 simul
2959 466 3081 506 cum
3117 451 3307 508 multis
3339 451 3480 511 aliis.
3530 451 3586 506 in

320 576 409 629 διὰ
436 545 517 627 ’τδ
557 570 832 628 δουλεύειν
889 571 1003 633 τοῖς
1057 563 1426 624 Βαϐυλωνίοις
1468 555 1906 629 σωφρονισθῆναι

2029 566 2149 621 μιος
2183 549 2419 618 amplius
2459 548 2612 603 saevit
2656 547 2809 600 furor
2849 557 3015 612 tuus;
3067 546 3317 615 quinimo
3376 561 3404 598 a
3434 545 3587 615 gravi

319 666 491 736 ἡμᾶς,
2012 644 2298 698 servitutis
2329 641 2463 711 iugo
2495 642 2767 705 liberasti,
2799 643 3034 710 cupiens
3069 639 3173 694 hoc
3203 648 3368 709 pacto
3399 641 3589 694 melio-

2012 753 2100 790 rcs
2136 751 2236 790 nos
2270 749 2332 787 ac
2365 735 2754 803 prudentiores
2783 735 2921 787 ﬁeri.

309 841 313 862 ⁵
395 840 771 903 Συνέσεισας
804 836 920 904 τὴν
939 835 1076 905 γῆν,
1120 835 1217 888 καὶ
1251 831 1667 900 συνετάραξας
1691 829 1906 894 αὐτὴν.

2088 829 2248 884 Vsus.
2275 829 2328 881 5.
2355 826 2742 896 Conquassasti
2771 836 2993 890 terram,
3017 834 3065 878 et
3091 825 3420 878 conturbasti
3448 840 3589 878 eam.

329 934 564 1001 Σεισμὸν
591 931 688 984 καὶ
735 930 972 999 τάραχον
997 928 1100 998 τῆς
1131 928 1255 997 γῆς,
1286 925 1397 978 τῶν
1452 923 1720 977 Ἰουδαίων
1763 922 1912 989 λέγει

2029 921 2118 977 Per
2175 921 2698 991 conquassationem
2759 929 2812 973 et
2864 920 3344 972 conturbationem
3409 926 3592 986 terrm,

330 1027 430 1094 τὴν
457 1023 864 1092 καταστροφὴν,
893 1022 1001 1073 τῶν
1032 1024 1090 1074 ὲν
1117 1021 1254 1090 αὐτῇ
1277 1019 1506 1084 πόλεων,
1540 1016 1636 1070 καὶ
1663 1018 1762 1087 τὴν
1785 1015 1911 1086 λεη-

2029 1013 2330 1068 Iudaeorum
2389 1012 2827 1067 destructionem
2889 1013 3170 1082 intelligit,
3231 1012 3324 1080 qui
3370 1012 3423 1064 in
3476 1011 3595 1080 ipsa

333 1116 550 1177 λασίαν,
588 1117 681 1166 καὶ
712 1113 813 1183 τὴν
843 1111 1111 1181 σύγχυσιν
1134 1113 1243 1164 τῶν
1275 1109 1602 1181 ἀνθρώπων.

2029 1118 2149 1160 ιυηο
2179 1113 2337 1160 erant
2370 1106 2620 1173 civitate,
2674 1105 3165 1176 captivitatemque
3199 1118 3262 1158 ac
3295 1104 3597 1174 dispersio-

298 1193 306 1250 !
2017 1211 2140 1250 nem
2171 1195 2476 1250 hominum.

296 1241 304 1282 ι
415 1296 610 1346 Ἰιισαι
647 1291 718 1345 τὰ
757 1293 1175 1361 συντρίμματα
1211 1289 1426 1367 αὐτῆς,
1462 1289 1552 1342 ὅτι
1584 1287 1910 1355 ἐσαλεύθη.

337 1384 569 1454 Σεισμὸν
605 1383 798 1446 εἰπὼν,
835 1384 1146 1446 ἀκολούθως
1181 1383 1450 1450 ἐπήγαγε,
1493 1379 1587 1432 καὶ
1642 1377 1910 1449 συντρίμ-

339 1495 485 1549 ματα
525 1478 620 1530 καὶ
673 1476 928 1530 σαλευσιν
956 1494 970 1508 ·
1024 1476 1164 1546 ἔργα
1209 1474 1385 1528 ταῦτα
1430 1472 1658 1544 σεισμοῦ
1690 1487 1706 1504 ⁶
1738 1473 1914 1525 αἰνίτ-

333 1586 486 1622 τεται
513 1568 570 1620 δὲ
601 1568 701 1637 τὴν
727 1570 937 1620 πτῶσιν
977 1569 1077 1637 τῆς
1116 1566 1500 1637 Ἰερουσαλήμ.

2091 1287 2241 1342 Sana
2290 1289 2631 1341 contritiones
2679 1289 2816 1358 ejus,
2857 1289 2982 1357 quia
3015 1296 3281 1343 commota
3315 1296 3412 1342 est.
3452 1286 3592 1341 Cum

2022 1389 2181 1438 terra:
2209 1384 2730 1451 conquassationem
2758 1383 2983 1446 dixerit,
3014 1393 3423 1452 consequenter
3461 1398 3600 1436 con-

2020 1474 2296 1530 tritiouem
2330 1484 2382 1528 et
2418 1474 2846 1529 commotionem
2878 1475 3052 1540 addit,
3083 1490 3221 1544 quas
3254 1484 3600 1530 terrzemotus

2020 1569 2158 1624 solet
2201 1567 2433 1623 ellicere.
2493 1566 2561 1621 Et
2617 1568 2931 1638 signiﬁcare
2967 1570 3184 1623 videtur
3252 1570 3598 1625 eversionem

2019 1661 2347 1718 Jerusalem.

408 1747 688 1814 Ἕδειξας
709 1747 788 1813 τῷ
842 1746 968 1812 λαῷ
998 1763 1118 1801 σου
1158 1748 1429 1814 σκληρά.
1464 1746 1683 1818 Σκληρὰ
1705 1747 1815 1801 νόει
1847 1745 1918 1799 τὰ

2093 1753 2260 1809 Vsus.
2303 1754 2356 1808 4.
2403 1754 2698 1810 Ostendisti
2725 1755 2918 1826 populo
2955 1766 3053 1821 tuo,
3077 1757 3240 1810 dura.
3281 1756 3449 1823 Dura,
3498 1756 3603 1811 hoc

337 1841 601 1905 ἐπίπονα,
656 1841 724 1894 τά
769 1857 828 1893 τε
871 1841 971 1910 τῆς
1001 1840 1342 1912 πολιορκίας,
1379 1840 1472 1892 καὶ
1510 1840 1610 1910 τῆς
1640 1839 1922 1910 αἰχμαλω-

336 1933 483 1998 σίας,
516 1933 612 1986 καὶ
642 1933 713 1986 τὰ
734 1933 833 2002 τῆς
861 1932 1137 1994 δουλείας.

419 2023 736 2089 Ἐπότισας
759 2021 918 2092 ἡμᾶς
932 2020 1104 2077 οἶνον
1133 2023 1537 2090 κατανύξεως.
1571 2018 1728 2078 Οἶνον
1754 2040 1925 2076 κατα-

338 2116 548 2179 νύξεως
602 2119 738 2187 φησι
785 2116 883 2176 τὰς
916 2116 1149 2186 θλίψεις,
1193 2116 1291 2178 τὰς
1321 2118 1597 2187 φερούσας
1631 2116 1925 2181 κατὰνυξιν

309 2259 312 2264 .
338 2208 436 2261 καὶ
478 2207 772 2278 μετάνοιαν
801 2203 878 2261 ὧν
913 2208 1307 2280 ἡμαρτήκασιν
1339 2208 1418 2279 τῷ
1443 2207 1586 2280 Θεῷ.

418 2481 692 2546 Ἕδωκας
722 2481 845 2547 τοῖς
884 2481 1285 2551 φοϐουμένοις
1314 2499 1388 2536 σε
1415 2486 1766 2552 σημείωσιν,
1819 2487 1925 2541 τοῦ

340 2571 560 2643 φυγεῖν
614 2572 734 2626 ἀπὸ
796 2573 1123 2642 προσώπου
1165 2575 1366 2638 τόξου.
1429 2578 1492 2628 Ol
1545 2577 1925 2646 διαφυγόντες,

345 2665 505 2735 φησι,
544 2665 644 2735 τὴν
683 2665 988 2736 ἀναίρεσιν,
1030 2670 1260 2737 σημεῖον
1293 2665 1440 2739 εἶχον
1473 2668 1618 2739 ζωῆς
1652 2672 1803 2742 παρὰ
1831 2672 1924 2725 σοῦ

347 2758 692 2829 ὲνσημανθὲν
749 2759 937 2820 αὐτοῖς
987 2759 1234 2829 ἀφανῶς,
1294 2761 1370 2825 ὡς
1423 2763 1633 2826 δούλοις
1662 2781 1778 2820 σου.
1817 2767 1928 2820 Καὶ

348 2850 440 2903 διὰ
466 2850 628 2904 τοῦτο
669 2853 947 2923 συμϐολῆς
979 2855 1196 2924 περὶτὰ
1243 2855 1396 2926 τείχη
1427 2859 1526 2927 τῆς
1568 2857 1930 2929 Ἰερουσαλὴμ

347 2945 668 3014 γενομένης,
685 2947 784 2999 οὐκ
801 2944 1169 3018 ἀνῃρέθησαν,
1188 2947 1288 3002 ἀλλ
1302 2947 1775 3020 ’ὲγεωργήθησαν.
1798 2952 1934 3023 Περὶ

2022 1855 2108 1902 est
2142 1847 2444 1901 laboriosa.
2516 1847 2711 1902 Omnia
2750 1856 2933 1902 autem
2972 1864 3032 1903 ea
3069 1848 3326 1919 intelligit
3372 1865 3494 1920 qua:
3536 1851 3605 1904 ad

2025 1939 2394 2002 obsidionem,
2436 1949 2491 1994 et
2531 1939 2597 1992 ad
2630 1941 2956 1994 servitutem
2995 1940 3373 2009 pertinebant.

2096 2029 2314 2085 Potasti
2343 2047 2438 2086 nos
2476 2033 2596 2086 vino
2625 2034 3067 2100 compunctionis.
3107 2033 3209 2089 Per
3237 2034 3420 2087 vinum
3456 2049 3608 2088 com-

2027 2124 2370 2193 punctionis,
2399 2125 2740 2180 calamitates
2769 2126 3060 2196 intelligit:
3106 2137 3271 2196 atque
3298 2127 3606 2196 angustias,

2029 2229 2154 2284 qua:
2190 2216 2677 2284 compunctioncm
2709 2215 2971 2282 aﬂ'erunt,
3002 2224 3056 2271 et
3101 2217 3481 2287 pmnitentiam
3510 2233 3609 2272 co-

2030 2323 2151 2362 rum
2189 2307 2545 2374 delictorum,
2583 2309 2652 2362 ob
2683 2325 2803 2378 qua:
2855 2307 3023 2362 Deum
3066 2317 3256 2363 contra
3301 2325 3362 2364 se
3410 2324 3608 2379 provo-

2029 2412 2316 2457 caverunt.

2100 2494 2265 2549 Vsus.
2307 2495 2359 2547 5.
2403 2493 2613 2547 Dedisti
2654 2493 3003 2547 metuentibus
3045 2502 3094 2546 te
3140 2493 3607 2564 signiﬁcationem,

2027 2598 2083 2641 ut
2119 2587 2326 2658 fugiant
2362 2603 2394 2640 a
2421 2586 2560 2656 facie
2593 2603 2775 2640 arcus.
2807 2586 2910 2652 Illi,
2951 2585 3154 2655 inquit,
3185 2588 3278 2658 qui
3303 2588 3613 2660 effugerunt

2028 2678 2337 2743 interitum,
2393 2678 2611 2749 signum
2665 2693 2694 2732 a
2749 2691 2798 2734 te
2845 2679 3118 2746 quoddam
3167 2679 3292 2734 vita:
3339 2681 3616 2736 habebant

2030 2771 2137 2826 sibi
2189 2771 2445 2837 latenter,
2512 2772 2680 2825 veluti
2735 2773 2910 2826 servis
2964 2772 3075 2825 tuis
3129 2771 3450 2842 insignitum
3495 2774 3612 2829 :ob

2032 2864 2198 2933 quod,
2230 2879 2354 2917 cum
2382 2863 2573 2918 hostes
2604 2879 2802 2918 manus
2826 2871 3186 2919 consererent
3207 2864 3354 2917 circa
3389 2869 3614 2931 moenia,

2036 2951 2206 3006 occisi
2247 2965 2354 3004 non
2388 2961 2540 3014 sunt,
2578 2951 2674 3006 sed
2708 2953 2936 3006 servati.
2991 2951 3067 3006 De
3115 2953 3218 3006 hoc
3251 2954 3410 3020 signo
3448 2956 3613 3008 etiam

349 3038 546 3091 τούτου
565 3037 621 3090 δὲ
644 3039 741 3091 τοῦ
768 3039 1019 3109 σημείου,
1043 3041 1271 3110 προεῖπε
1291 3041 1385 3095 καὶ
1427 3040 1690 3113 Ἰεζεκιήλ
1714 3058 1726 3071 ·
1767 3046 1926 3096 Ἀπο-

2039 3045 2241 3114 legitur
2280 3041 2558 3110 Ezechiel,
2592 3045 2816 3113 quando
2841 3045 2953 3099 ait:
3011 3044 3246 3100 Occidite
3277 3046 3345 3098 ad
3372 3048 3618 3100 extermio

349 3133 624 3185 κτείνατε
651 3134 739 3198 εὶς
761 3131 1108 3202 ἐξάλειψιν·
1149 3133 1249 3187 ἐπὶ
1279 3134 1348 3187 δὲ
1375 3133 1607 3201 πάντας
1635 3136 1728 3206 ἐφ’
1763 3137 1933 3203 ὅσοις

349 3224 483 3278 ἐστὶ
513 3225 579 3280 τὸ
606 3225 883 3308 σημεῖον,
905 3226 1003 3280 ἐπὶ
1033 3226 1151 3280 τῶν
1157 3227 1468 3296 μετώπιον,
1493 3228 1581 3298 μὴ
1611 3231 1929 3300 ἐγγύσητε.

353 3318 660 3386 Ιιρόσωπον
721 3318 778 3371 δὲ
829 3317 1008 3385 τόξου,
1043 3319 1104 3372 τὸ
1151 3319 1330 3390 βέλος,
1365 3321 1441 3383 ὡς
1487 3321 1933 3392 προϐεϐλημένον

353 3410 524 3463 αὐτοῦ
549 3426 564 3441 ⁸
598 3409 630 3481 ἢ
667 3410 810 3463 κατὰ
842 3413 1201 3483 περίφρασιν,
1246 3413 1379 3467 αὐτὸ
1403 3412 1466 3467 τὸ
1495 3414 1668 3480 τόξον.
1702 3416 1799 3469 Διὰ
1824 3416 1934 3488 γὰρ

2039 3127 2353 3200 nationem}
2393 3134 2500 3188 illis
2530 3145 2729 3203 autent,
2761 3134 2949 3204 quibus
2987 3144 3063 3189 est
3095 3137 3306 3203 signum
3333 3137 3385 3190 in
3424 3135 3617 3204 fronte,

2037 3227 2200 3282 nolite
2222 3229 2671 3298 appropinquare.
2705 3227 2808 3281 Per
2837 3227 3032 3283 faciem
3069 3243 3197 3282 vero
3223 3244 3406 3294 arcus,
3444 3228 3618 3298 ipsam

2039 3320 2295 3390 sagittam
2347 3319 2628 3389 intelligit,
2703 3318 2870 3374 veluti
2903 3335 3028 3389 qua:
3077 3320 3229 3374 arcui
3265 3321 3618 3392 praeminet;

2037 3413 2121 3467 vel
2156 3413 2676 3482 circumloqueudo,
2719 3411 3048 3483 perfaciem
3089 3428 3276 3480 arcus,
3312 3414 3494 3484 ipsum
3533 3427 3623 3464 ar-

2021 3493 2161 3561 ‘cum
2198 3506 2471 3574 intelligit.
2506 3503 2572 3559 Et
2619 3506 2752 3558 dum
2800 3522 2989 3561 arcum
3025 3505 3189 3569 dixit,
3245 3521 3408 3560 omne
3442 3519 3624 3558 armo-

2041 3616 2160 3655 rum
2195 3615 2368 3669 genus
2395 3599 2744 3668 signiﬁcavit,
2767 3600 2923 3668 quasi
2959 3609 3130 3652 totum
3160 3613 3189 3650 a
3225 3609 3404 3668 parte.

2113 3692 2276 3746 Vens.
2321 3693 2373 3746 6.
2409 3690 2473 3744 Ut
2504 3692 2790 3744 liberentur
2812 3692 2991 3744 dilecti
3024 3691 3124 3744 tui.
3154 3689 3277 3744 Haec
3304 3690 3406 3744 luit
3429 3705 3620 3759 causa,

2044 3800 2144 3841 cur
2171 3786 2386 3854 signum
2420 3785 2607 3836 datum
2637 3783 2732 3836 sit.

2113 3875 2278 3930 Salva
2321 3875 2510 3928 dextra
2560 3883 2674 3936 tua,
2728 3883 2777 3926 et
2804 3874 2998 3926 exaudi
3052 3889 3154 3926 me.
3187 3871 3292 3927 Per
3316 3871 3622 3933 dexteram.

2043 3968 2344 4040 potentiam
2411 3966 2693 4036 intelligit.
2751 3964 2966 4018 Exaudi
3017 3967 3182 4019 etiam
3243 3981 3320 4019 me
3358 3965 3619 4036 populum

2051 4069 2204 4118 tuum
2239 4061 2290 4114 in
2323 4059 2642 4129 captivitate
2673 4059 3066 4112 constitutum.

2122 4154 2286 4209 Vsus.
2328 4154 2378 4208 7.
2428 4151 2565 4206 Deus
2604 4150 2810 4206 loeutus
2841 4151 2998 4203 estin
3051 4159 3237 4204 sancto
3283 4167 3399 4207 suo.
3438 4150 3620 4220 Supe-

352 3501 452 3554 τοῦ
482 3501 661 3569 τόξου,
694 3504 803 3557 πᾶν
833 3504 996 3557 ὅπλον
1028 3505 1350 3576 δεδήλωται,
1385 3505 1460 3569 ὠς
1495 3507 1603 3560 ἀπὸ
1633 3509 1836 3578 μέρους
1872 3509 1934 3562 τὸ

353 3612 399 3647 ’π
404 3611 485 3650 αν.

459 3691 633 3754 οπως
678 3687 755 3742 ἂν
787 3689 1106 3756 ρυσθῶσιν
1132 3693 1187 3745 οἱ
1225 3691 1522 3761 ἀγαπητοί
1549 3707 1688 3750 σου.
1743 3693 1936 3761 Τοῦτο,

354 3781 392 3848 ἡ
444 3779 597 3832 αἰτία
630 3779 730 3852 τῆς
763 3782 1146 3850 σημειώσεως.

447 3872 651 3928 Σῶσον
669 3873 742 3941 τῇ
771 3872 933 3942 δεξιᾷ
949 3891 1088 3940 σου,
1119 3875 1218 3928 καὶ
1242 3875 1596 3930 ἐπάκουσόν
1611 3893 1754 3946 μου.
1781 3875 1941 3941 Δεξιὰ

362 3965 460 4020 νῦν
486 4006 502 4029 ,
537 3967 570 4035 ἠ
606 3965 857 4036 δύναμις.
917 3965 1295 4022 Ἐπὰκουσον
1330 3968 1389 4021 δὲ
1422 3968 1592 4038 ἐμοῦ,
1635 3968 1730 4023 τοῦ
1769 3971 1828 4022 ὲν
1852 3971 1940 4023 al-

361 4057 657 4129 χμαλωσίᾳ
686 4057 844 4112 λαοῦ.

444 4152 508 4204 '0
540 4153 684 4217 Θεὸς
724 4150 1034 4218 ἐλάλησεν
1069 4151 1142 4204 ἐν
1176 4150 1255 4217 τῷ
1283 4153 1428 4222 ἁγίῳ
1458 4154 1666 4210 αὐτοῦ.
1713 4154 1793 4208 Τὰ
1841 4159 1944 4227 μὲν

361 4245 524 4307 ἄλλα,
559 4241 836 4315 προσώπῳ
875 4243 982 4296 τῶν
1024 4244 1388 4319 αίχμαλὼτων
1421 4248 1642 4318 είρηκεν
1670 4249 1698 4301 ό
1739 4251 1903 4302 Δαϐίδ

2047 4247 2192 4302 riora
2224 4245 2440 4315 quidem
2477 4261 2540 4299 ex
2593 4242 2933 4312 captivorum
2975 4256 3204 4310 persona
3258 4242 3406 4298 dicta
3453 4252 3626 4307 sunt;

364 4335 529 4389 τοῦτο
552 4336 608 4388 δὲ
635 4337 696 4388 τὸ
721 4337 907 4406 ῥητὸν,
941 4338 1152 4390 οἴκοθεν
1188 4341 1420 4410 προάγει
1454 4341 1610 4408 ἅγιον
1645 4343 1744 4412 μὲν
1767 4345 1926 4413 λέγωη

2050 4342 2213 4412 hujus
2257 4349 2442 4393 autem
2491 4334 2750 4391 versiculi
2801 4333 2966 4388 verba
3015 4333 3082 4386 ab
3121 4333 3240 4403 ipso
3273 4335 3627 4404 prol’eruotur

367 4430 402 4497 ἢ
468 4429 681 4495 ἑαυτὸν,
737 4429 812 4491 ὡς
871 4429 1266 4500 ἀφιυσιωμένον
1317 4430 1396 4501 τῷ
1439 4431 1581 4501 Θεῷ,
1706 4435 1766 4485 τὸ
1801 4410 1926 4488 θεῖοι

2055 4410 2322 4504 Propheta
2353 4450 2366 4486 :
2401 4431 2492 4500 qui
2530 4429 2771 4497 seipsum
2811 4427 2900 4480 hic
2935 4438 3206 4492 sanctum,
3240 4427 3344 4480 hoc
3383 4436 3489 4490 est,
3517 4426 3631 4480 Deo

372 4522 636 4590 Ιινεῦμαι
675 4521 944 4575 διδάσκων
967 4521 1046 4585 δὲ,
1093 4523 1177 4576 ὅτι
1230 4523 1259 4574 ὁ
1304 4525 1434 4586 Θεὸς
1488 4525 1754 4598 ἐλάλησεν
1794 4527 1926 4600 αὖτις

2053 4525 2457 4580 sanctiﬁcatum
2503 4535 2565 4574 ac
2609 4518 2920 4572 dedicatum
2976 4518 3234 4587 appellat.
3287 4513 3426 4580 Vel,
3486 4515 3626 4569 Deus

370 4617 464 4666 xui
493 4614 530 4667 ἃ.
567 4615 698 4684 ἐρεῖ.
725 4613 859 4666 Τίνα
896 4615 954 4666 δέ
985 4617 1146 4679 εἰσιν,
1173 4615 1424 4670 ἄκουσον.

2055 4619 2260 4673 locutus
2291 4623 2368 4668 est
2401 4621 2583 4666 sancto
2612 4627 2729 4675 suo,
2764 4625 2860 4679 pro
2898 4610 3061 4673 Deus,
3091 4625 3187 4678 per
3217 4618 3465 4661 sanctum
3506 4605 3633 4678 Spi-

373 4720 542 4766 rtum
571 4726 730 4766 suum
761 4712 895 4765 mihi
927 4711 1144 4766 locutus
1171 4721 1255 4766 est
1287 4730 1300 4767 :
1333 4718 1388 4766 et
1438 4712 1492 4766 in
1546 4730 1760 4770 summa
1803 4717 1940 4775 illud
1991 4717 2244 4780 aiiirmat,
2275 4709 2422 4783 quod
2456 4725 2484 4762 ιι
2534 4709 2644 4762 Deo
2699 4722 2762 4761 ea
2811 4707 2916 4760 sibi
2955 4705 3179 4761 luerunt
3210 4707 3466 4772 revelata,
3508 4722 3631 4778 qua:

373 4808 538 4861 modo
597 4806 848 4861 dicturus
884 4815 986 4861 est.
1029 4806 1159 4872 Quae
1190 4817 1370 4861 autem
1402 4824 1464 4864 ea
1494 4811 1623 4874 sint,
1648 4813 1801 4867 audi.

457 4899 952 4968 ‘AraJJtda’opat.
981 4901 1058 4970 Τῇ
1087 4899 1444 4970 εύαρεστήσει
1470 4901 1671 4972 δηλαδὴ
1706 4903 1812 4956 τῶν
1838 4904 1951 4973 (li)

372 4993 466 5061 αἰχ
474 4991 758 5059 μαλώτων.

2051 5001 2202 5054 sunt,
2238 4987 2370 5044 mibi
2400 4983 2699 5055 aliquando
2726 4981 3054 5037 conciliandi
3086 4987 3235 5034 sunt.

446 5082 556 5136 Kal
571 5081 848 5151 διαμεριῶ
862 5083 1112 5151 Σίκημα.
1131 5081 1349 5154 Σίκημα
1369 5083 1521 5147 πόλις
1540 5085 1640 5155 τῆς
1671 5086 1916 5159 Ἐφραῒμ

2123 5084 2191 5138 Ει
2239 5081 2450 5152 partiar
2506 5077 2726 5132 Sicima.
2787 5075 2991 5130 Sicima
3052 5074 3245 5129 civitas
3316 5080 3401 5126 est
3454 5070 3631 5123 tribus

376 5177 582 5246 ταύτην
633 5173 748 5241 οὖν,
807 5176 1002 5246 φησὶν,
1047 5175 1155 5230 ἀπὸ
1196 5175 1306 5229 τῶν
1362 5178 1698 5248 κατεχόντων
1741 5180 1926 5249 ὲχΘρῶ

2049 5175 2332 5247 Epltraim.
2355 5169 2529 5234 lianc,
2566 5167 2766 5238 inquit,
2797 5167 3099 5231 civitatem,
3130 5167 3198 5220 ab
3230 5160 3488 5222 inimicis,
3506 5173 3628 5212 eam

375 5270 780 5341 ἀναρῤύσομαι,
807 5270 903 5322 καὶ
934 5267 1202 5339 διαμεριῶ
1231 5266 1308 5338 τῷ
1339 5267 1451 5339 λαῷ
1493 5286 1596 5339 μου
1651 5271 1730 5333 είς
1763 5287 1926 5325 κατοιη

2057 5265 2480 5336 occupantibus,
2509 5262 2774 5328 liberabo,
2798 5269 2852 5316 et
2870 5261 3080 5332 partiar
3113 5273 3232 5313 eam
3269 5252 3471 5324 populo
3503 5261 3631 5304 meo

379 5361 528 5418 γεὲν.

2061 5360 2127 5414 ad
2158 5353 2532 5412 habitandum.

2124 4897 2392 4954 Lwtabor.
2420 4891 2573 4958 Quod
2609 4889 2985 4959 scilicetiiqui
3024 4889 3076 4942 in
3108 4888 3401 4959 praesentia
3429 4885 3628 4954 captivi

494 5545 537 5574 "
568 5542 766 5597 Ezech.
787 5557 863 5604 ix,
895 5541 948 5596 6.

1715 5629 1918 5689 Varia?
1945 5627 2273 5688 lectiones.

462 5739 569 5811 (ll)
610 5739 693 5794 Al.
725 5734 1291 5808 αἰχμαλωτισθέντων.
