4020 6218
434 252 546 317 615

1700 244 2058 306 EUTHYMI
2098 242 2465 305 ZIGABENI

3606 238 3715 305 616

505 364 577 419 Et
608 362 799 419 uallem
832 360 1293 417 tabernaculorum
1325 356 1537 412 metiar.
1570 351 1742 411 Vallis
1770 356 2023 410 taberna-

2197 353 2306 408 Kal
2342 353 2457 423 τὴν
2488 349 2743 407 κοιλάδα
2768 349 2891 406 τῶν
2909 351 3161 419 σκηνῶν
3187 352 3581 422 ὃιαμετρήσω.
3607 351 3718 409 Καὶ

436 455 691 509 cnlornm
747 453 902 507 locus
951 461 1034 506 est
1083 450 1278 519 jacens
1326 456 1455 503 ante
1501 445 1730 511 Sicima,
1764 460 1926 515 quem
1970 459 2030 499 se

440 545 586 602 Deus
617 544 848 613 captivis
873 557 1131 597 mensura
1162 542 1365 611 pariter
1385 541 1692 595 divisurum
1718 538 2027 608 pollicetur.

443 636 507 690 Et
538 636 754 723 duoljus
787 635 873 688 his
906 634 1063 696 locis,
1094 633 1407 687 universam
1451 628 1697 685 Judaeum
1740 630 2027 701 signiﬁca-

442 730 538 792 vit,
572 726 740 781 veluti
775 741 806 780 a
848 734 1002 796 parte
1034 734 1234 779 totum.

514 904 682 961 Vens.
718 905 771 962 8.
805 909 954 960 Meus
990 916 1065 959 est
1097 905 1333 972 Galaad,
1364 914 1411 960 et
1444 922 1589 960 meus
1622 915 1697 960 est
1722 903 2028 959 Monaeses.

445 1002 490 1052 Α
523 1000 725 1052 minori
763 1000 829 1053 ad
864 998 1124 1067 majorem
1157 998 1429 1060 ascendit.
1467 1006 1635 1068 atque
1664 1013 1694 1052 a
1732 998 2032 1068 posteriori

446 1093 512 1144 ad
567 1091 857 1161 priorem:
907 1092 1113 1158 quippe
1158 1106 1283 1143 cum
1345 1089 1551 1145 Galaad
1618 1089 2030 1160 progenitorem

445 1200 603 1238 suum
644 1185 873 1237 haberet
907 1183 1241 1237 Manassen].
1276 1181 1381 1237 Per
1412 1183 1703 1237 Manassen
1732 1197 1861 1237 vero
1906 1180 2030 1235 uni-

443 1293 660 1331 versam
712 1276 995 1331 Manasses
1025 1276 1228 1329 tribum
1270 1274 1547 1341 intelligit,
1580 1281 1635 1329 et
1680 1288 1775 1343 per
1804 1273 1909 1326 alia
1936 1288 2034 1343 pa-

445 1368 818 1423 triarcharum
853 1368 1101 1433 nomina,
1147 1367 1280 1421 alias
1316 1367 1649 1437 insigniores
1697 1366 1899 1430 tribus,
1937 1380 2034 1434 per

446 1478 585 1532 quas
620 1463 848 1530 reliquze
877 1461 1040 1515 etiam
1087 1459 1657 1530 comprehenduntur.
1698 1459 1788 1510 Ait
1819 1459 1984 1527 igitur
2011 1475 2027 1514 :

458 1552 609 1606 Meus
655 1568 804 1604 nunc
835 1558 917 1603 est
967 1560 1117 1604 totus
1159 1550 1414 1619 populus,
1470 1547 1688 1603 tametsi
1734 1548 2033 1618 aliquando

448 1660 574 1699 eum
605 1644 928 1712 repulerim,
963 1642 1187 1710 quando
1215 1658 1298 1695 me
1335 1640 1595 1694 irritavit.

2132 447 2166 517 ἡ
2196 428 2381 510 κοιλὰς
2404 446 2514 500 τῶν
2552 444 2767 516 σκηνῶν
2791 444 3009 517 χωρίων
3042 440 3131 515 ἦν,
3180 446 3288 516 πρὸ
3322 446 3432 499 τῶν
3461 448 3721 519 Σικήμων

2133 538 2409 608 κείμενον,
2430 538 2458 590 ὃ
2489 539 2584 592 κοιλ⁸
2612 538 2746 592 αὐτὸ
2775 540 2960 611 μέτρῳ
2990 541 3267 611 διανεῖμαι
3296 543 3408 605 τοῖς
3435 541 3720 613 αἰχμαλὼο

2132 646 2249 691 τοις
2278 630 2648 700 ὑπισχνεῖται.
2694 629 2796 683 Διὰ
2819 630 2876 683 δὲ
2908 630 3114 685 τούτων
3134 631 3244 685 τῶν
3269 633 3473 700 τόπων,
3504 634 3600 688 καὶ
3621 633 3720 705 τὴν

2134 719 2434 789 σύμπασαν
2503 721 2763 777 Ἰουδαίαν
2791 762 2807 788 ,
2861 723 2937 786 ὼς
2982 725 3049 778 ἐκ
3094 724 3297 795 μέρους
3346 724 3407 777 τὸ
3444 726 3553 779 πᾶν
3597 725 3723 797 ἐδή-

2135 810 2330 867 λωσεν.

2218 905 2396 973 Ἐμός
2425 906 2557 960 ἐστι
2585 906 2856 973 Γαλαὰδ,
2883 909 2978 960 καί
3010 908 3156 976 ἐμός
3190 908 3324 962 ἐστι
3351 908 3719 977 Μανασσῆς.

2146 995 2282 1049 Ἀπὸ
2307 996 2401 1050 τοῦ
2432 998 2728 1067 ἀπογόνου,
2760 1000 2854 1053 ἐπὶ
2878 998 2968 1053 τδν
2997 999 3266 1071 πρόγονον
3292 1000 3493 1071 ἀνῆλθε
3526 1017 3542 1034 ο
3582 1002 3721 1072 πρόο

2134 1104 2293 1155 γονος
2338 1091 2446 1159 γὰρ
2475 1089 2505 1142 ό
2552 1089 2857 1158 Μανασσῆς
2908 1092 3002 1143 τοῦ
3061 1091 3282 1145 Γαλαὰδ
3320 1109 3336 1123 ⁶
3392 1094 3481 1149 διὰ
3520 1094 3580 1147 δὲ
3624 1097 3721 1150 τοῦ

2136 1180 2438 1251 Μανασσῆ,
2488 1181 2587 1251 τὴν
2626 1181 2803 1253 φυλὴν
2834 1181 3003 1235 αὑτοῦ
3070 1183 3309 1254 ἐδήλωσε
3336 1203 3350 1215 ο
3381 1187 3475 1240 καί
3500 1187 3590 1241 διὰ
3612 1189 3724 1243 τῶν
3830 1170 3844 1185 ’

2136 1272 2314 1327 ἄλλων
2338 1274 2747 1343 ὀνομάτων,τὰς
2769 1274 2934 1339 ἄλλοις
2958 1277 3152 1345 φυλὰς,
3172 1279 3269 1341 τὰς
3288 1278 3453 1349 ἐπιση
3464 1281 3722 1350 μοτέρας,

2136 1359 2225 1427 αῖς
2268 1365 2363 1418 καὶ
2433 1367 2490 1418 αἰ
2555 1369 2743 1420 λοιπαὶ
2798 1368 3447 1438 συμπεριλαμϐάνονται.
3543 1373 3715 1441 Λέγει

2135 1455 2216 1523 δὲ,
2270 1456 2357 1510 ὅτι
2418 1457 2582 1528 Ἐμός
2615 1459 2732 1512 ἐστι
2781 1458 2900 1526 νῦν,
2946 1461 3040 1514 καὶ
3083 1464 3135 1515 εί
3171 1463 3486 1536 ἀπωσάμην
3513 1466 3724 1533 αὐτὸν,

2136 1548 2227 1600 ὅτε
2258 1565 2326 1619 με
2376 1549 2720 1621 παρώργισε.

524 1734 593 1786 Ει
625 1734 884 1803 Epitraim
919 1732 1185 1801 fortitudo
1216 1732 1408 1800 capiti:
1440 1733 1561 1785 mei.
1591 1730 1694 1787 Per
1727 1740 1891 1801 caput
1932 1732 2035 1787 hoc

2213 1734 2325 1787 Καὶ
2370 1734 2649 1804 Ἐφραῒμ,
2708 1737 3070 1805 κραταίωσις
3119 1735 3231 1804 τῆς
3264 1738 3539 1806 κεφαλῆς
3581 1755 3725 1807 μου.

448 1823 571 1877 loco
604 1824 892 1891 imperium
928 1824 1209 1893 intelliibit,
1241 1824 1704 1893 quemadmodum
1736 1825 1849 1894 ipse
1867 1826 2034 1880 etiam

450 1915 816 1986 Symmachus
848 1916 1154 1981 transtulit,
1185 1928 1239 1970 et
1279 1932 1479 1971 sensus
1507 1925 1591 1971 est
1624 1934 1637 1971 :
1673 1919 1817 1987 quod
1846 1929 2040 1988 poten-

449 2011 665 2063 tissima
706 2024 829 2077 pars
868 2009 1021 2077 regni
1064 2006 1404 2075 Judaeorum,
1440 2009 1494 2062 in
1532 2009 1599 2064 iis
1646 2011 1902 2065 consistit
1945 2013 2044 2065 mi-

448 2102 665 2164 litibus,
706 2104 798 2171 qui
832 2111 963 2156 sunt
999 2103 1065 2155 de
1106 2117 1307 2171 genere
1355 2101 1638 2172 Ephraim.
1686 2102 1799 2159 Hoc
1853 2113 2036 2160 autem

449 2195 799 2264 pronomine,
867 2211 1033 2258 meus,
1098 2195 1381 2248 vindicare
1454 2195 1558 2248 sibi
1619 2196 1839 2250 videtur
1895 2197 2040 2254 Deus

449 2303 643 2341 eorum
675 2302 926 2357 regnum,
961 2298 1223 2355 tanquam
1273 2286 1530 2355 proprius
1564 2285 1656 2339 ille
1691 2286 1795 2340 sibi
1832 2286 1905 2339 sit
1937 2302 2041 2355 po-

451 2380 616 2448 pulus
649 2418 664 2443 ,
716 2393 783 2432 ex
831 2393 941 2446 quo
996 2376 1263 2445 majorem
1326 2376 1476 2431 illius
1536 2376 1704 2430 etiam
1770 2376 2034 2433 ﬁduciam

450 2477 697 2543 praestat.

528 2560 693 2616 Vens.
730 2560 785 2614 9.
816 2558 990 2612 ludas
1043 2558 1157 2611 Rea:
1196 2576 1363 2613 meus.
1421 2558 1497 2613 Ex
1542 2560 1687 2614 tribu
1748 2559 1884 2615 Juda
1936 2561 2043 2618 erit

453 2650 570 2707 Rex
637 2655 836 2721 pOpulo
897 2651 1088 2706 Israel.
1153 2649 1289 2705 Nam
1349 2660 1405 2705 et
1461 2659 1585 2722 post
1642 2653 2041 2722 captivitatem,

453 2747 761 2801 Zorobabel
791 2748 880 2817 qui
913 2746 980 2800 de
1018 2746 1165 2799 tribu
1205 2742 1347 2799 Juda
1376 2752 1519 2811 erat,
1559 2743 1669 2799 ltex
1698 2744 2040 2800 constitutus

453 2852 557 2895 est.
594 2839 705 2894 lloc
736 2840 901 2893 etiam
928 2840 983 2891 in
1024 2840 1167 2902 loco,
1202 2852 1503 2906 pronomen
1540 2852 1553 2889 :
1594 2853 1761 2903 meus,
1811 2851 2040 2906 regnum

457 2933 593 2987 illud
684 2932 970 3002 pi-Oprium
1038 2931 1447 3000 quodammodo
1514 2930 1691 3000 ipsius
1756 2927 1850 2984 Dei
1917 2942 2041 2983 esse

453 3026 719 3082 ostendit.

530 3118 687 3171 Moab
727 3117 863 3171 tebes
903 3118 1013 3187 spei
1061 3132 1210 3171 mete.
1250 3115 1425 3170 Lebes
1462 3130 1637 3185 genus
1666 3124 1752 3170 est
1790 3114 1940 3171 vasis
1972 3114 2041 3169 ad

457 3211 765 3264 ministeria
802 3227 815 3263 :
845 3226 942 3280 per
973 3211 1119 3280 quod
1153 3210 1396 3263 indicare
1426 3209 1667 3273 videtur,
1713 3209 1860 3277 quod
1887 3207 2040 3262 Moa-

461 3304 700 3357 bitarum
740 3303 975 3371 populus
1022 3301 1127 3356 sibi
1175 3300 1554 3370 subjiciendus
1584 3309 1751 3364 esset,
1786 3311 1840 3355 et
1887 3301 2044 3355 mini-

460 3402 761 3448 atraturus.
794 3392 915 3461 Spei
950 3409 1097 3461 τηεσε,
1128 3393 1232 3447 hoc
1257 3400 1365 3459 est,
1396 3392 1814 3447 ministraturus
1843 3392 1913 3447 iis
1948 3393 2042 3463 qui

459 3485 515 3538 in
566 3501 649 3538 me
701 3486 1069 3552 speraverint,
1119 3485 1204 3538 vel
1252 3484 1321 3539 iis
1368 3483 1422 3537 in
1461 3482 1661 3552 quibus
1709 3498 1812 3554 ego
1858 3498 2057 3554 spero,‘

384 3566 391 3571 ’
466 3577 614 3646 quod
648 3579 751 3631 mei
787 3577 960 3631 futuri
985 3586 1135 3631 sunt.

533 3671 596 3724 In
670 3668 972 3725 Idumwam
1029 3672 1311 3725 extendam
1370 3670 1790 3725 calceamentum
1846 3689 2040 3729 meum.

459 3762 563 3816 Per
618 3766 1054 3819 calceatnentum
1109 3766 1214 3819 iter
1269 3764 1544 3834 intelligit.
1591 3763 1784 3829 Hanc,
1834 3766 2037 3837 inquit,

460 3850 753 3907 Idumaeam
816 3856 1020 3923 populo
1067 3868 1188 3907 meo
1220 3856 1429 3923 pariter
1463 3854 1781 3924 subjiciam,
1816 3871 1941 3911 cum
1974 3870 2040 3912 eo

460 3945 527 3998 ad
554 3945 751 4000 bellum
782 3945 944 3999 simul
979 3944 1297 4015 proficiens.

533 4031 669 4086 Mihi
702 4034 1007 4104 alienigena:
1039 4034 1235 4087 subditi
1258 4048 1401 4088 sunt.
1429 4033 1700 4101 Moabitae,
1721 4045 1775 4091 et
1795 4034 2038 4104 ldumaei,

462 4126 530 4178 de
561 4126 761 4194 quibus
793 4125 1060 4189 diximus,
1091 4133 1145 4179 et
1178 4126 1268 4179 alii
1299 4126 1685 4181 circumvicini
1724 4130 1935 4198 populi.
1975 4130 2042 4184 Et

466 4216 616 4287 quod
658 4217 774 4271 ait:
843 4217 1060 4272 Subditi
1110 4226 1257 4281 sunt,
1301 4216 1631 4287 PrOpbetico
1681 4232 1836 4273 more
1881 4218 2040 4288 dixit,

462 4311 799 4380 praeteritum
833 4325 931 4380 pro
961 4310 1150 4363 luturo
1178 4318 1395 4379 tempus
1423 4324 1660 4380 ponens.

2142 1824 2401 1894 Κεφαλὴν
2424 1827 2683 1889 ἐνταῦθα,
2713 1826 2814 1897 τὴν
2844 1827 3019 1899 ἀρχὴν
3046 1827 3304 1898 ὀνομάζει
3331 1843 3345 1859 °
3376 1829 3518 1883 οὕτω
3551 1830 3661 1901 γὰρ
3697 1831 3728 1882 ὁ

2141 1916 2441 1988 Σύμμαχος
2481 1917 2738 1983 ἐξέδωκε.
2770 1920 2939 1988 Φησὶν
2987 1918 3102 1984 οὖν,
3156 1922 3239 1974 ὃτι
3267 1921 3529 1991 κραταιὸν
3559 1923 3729 1993 μέρος

2140 2012 2238 2079 τῆς
2312 2009 2582 2082 Ἐϐραίων
2644 2010 2923 2081 βασιλείας
2981 2012 3198 2068 ἔσονται
3264 2014 3314 2067 οἰ
3377 2013 3485 2068 ἀπὸ
3536 2016 3729 2084 γένους

2159 2106 2425 2176 Ἐφραῖμ.
2458 2106 2560 2159 Διὰ
2583 2106 2639 2160 δὲ
2660 2107 2760 2177 τῆς
2777 2124 2897 2177 μου
2929 2109 3277 2181 ἁντωνυμίας
3308 2111 3601 2166 οἰκειοῦται
3626 2111 3726 2182 τὴν

2146 2197 2433 2269 βασιλείαν
2465 2200 2647 2255 αὐτῶν
2674 2203 2701 2254 ὁ
2726 2200 2884 2270 Θεὸς,
2906 2200 2982 2267 ὡς
3009 2205 3210 2258 οἰκεῖον
3254 2204 3403 2273 λαὸν,
3438 2204 3725 2277 θαρρύνων

2142 2291 2367 2357 αὐτούς.

2229 2562 2461 2630 Ἰούδας
2480 2563 2782 2632 ,ϐασιλεύς
2803 2582 2941 2635 μου.
2966 2568 3075 2621 Καὶ
3095 2568 3203 2624 ἀπὸ
3226 2569 3324 2641 τῆς
3354 2569 3521 2625 ’ἰούδα
3548 2571 3728 2641 φυλῆς

2144 2654 2297 2707 ἐσται
2331 2657 2359 2709 ό
2388 2654 2643 2724 βασιλεὺς
2674 2657 2876 2712 αὐτῶν.
2913 2655 2970 2712 Ὀ
3007 2660 3316 2730 Ζοροϐάϐελ
3338 2663 3447 2733 γὰρ
3479 2663 3587 2716 ἀπὸ
3612 2663 3719 2731 τῆς

2144 2746 2527 2817 αἰχμαλωσίαν
2575 2747 2927 2803 ἐϐασίλευσεν
2978 2752 3160 2805 αὐτῶν
3212 2755 3278 2807 ὲκ
3316 2755 3413 2824 τῆς
3468 2754 3729 2825 τοιαύτης

2147 2842 2319 2913 φυλῆς
2342 2841 2743 2913 καταγόμενος,
2796 2845 3093 2900 Κάνταῦθα
3114 2846 3170 2900 δὲ
3191 2848 3251 2901 τὸ
3278 2868 3422 2919 μου,
3451 2849 3729 2904 οἰκείωσιν

2146 2932 2407 3003 ἐμφαίνει
2439 2933 2538 3003 τῆς
2559 2933 2821 3007 τοιαύτης
2853 2934 3155 3005 βασιλείας.

2219 3114 2403 3169 Μωὰϐ
2422 3114 2607 3182 λέϐης
2635 3114 2744 3183 τῆς
2774 3115 3020 3182 ἐλπίδος
3038 3134 3181 3185 μου.
3220 3117 3578 3188 ’Υπηρετικόν
3610 3121 3729 3173 ἐστι

2149 3205 2342 3270 σκεῦος
2390 3207 2420 3259 ό
2467 3205 2632 3276 λέϐης
2668 3223 2683 3237 ’
2725 3206 3021 3262 αἰνίττεται
3059 3209 3138 3273 δὲ,
3186 3209 3269 3262 ὅτι
3313 3209 3375 3263 τὸ
3422 3211 3731 3266 Μωαϐιτῶν

2149 3299 2302 3363 ἔθνος
2338 3299 2749 3369 ὑποταγήσεται
2803 3300 3012 3365 αὐτοῖς,
3053 3302 3150 3355 καὶ
3194 3302 3503 3373 ὑπηρετοῦν
3546 3304 3727 3360 ἔσται.

2152 3391 2269 3459 Τῆς
2312 3390 2565 3459 ἐλπίδος
2593 3409 2737 3460 μου,
2788 3393 2911 3447 ἀντί
2948 3392 3068 3459 τοῦ,
3118 3393 3228 3447 τῶν
3263 3395 3594 3459 ἐλπιζόντων
3648 3398 3732 3462 εἰς

2148 3483 2253 3553 ἐμέ
2280 3500 2294 3516 ν
2327 3484 2361 3555 ἢ
2386 3485 2444 3537 ὲν
2474 3478 2556 3549 οἷς
2585 3484 2815 3551 ἐλπίζω,
2850 3486 2935 3540 ὅτι
2962 3487 3086 3556 ἐμοὶ
3118 3486 3357 3541 ἔσονται.

2229 3664 2354 3717 Ἑπί
2380 3663 2496 3732 τὴν
2532 3664 2881 3733 Ἰδουμαίαν
2918 3665 3143 3720 ἐκτενῶ
3170 3666 3237 3720 τὸ
3272 3668 3554 3737 ὑπόδημὰ
3586 3688 3727 3739 μου.

2161 3756 2451 3829 ’Υπόδημα
2475 3758 2576 3829 τὴν
2622 3759 2852 3830 πορείαν
2896 3760 3067 3829 λέγει,
3097 3761 3346 3815 τουτέστι
3394 3764 3492 3816 καὶ
3523 3764 3731 3837 ταύτην

2148 3851 2404 3919 ὑποτάξω
2431 3850 2550 3922 λαῷ
2582 3869 2709 3923 μου,
2740 3855 3247 3924 συνεκστρατεύσας
3277 3854 3449 3926 αὐτῷ.

2235 4030 2393 4100 Ἐμοί
2427 4031 2774 4100 ἀλλόφυλοι
2814 4030 3232 4101 ὑπετάγησαν.
3265 4032 3333 4085 Οἴ
3372 4049 3431 4085 τε
3474 4032 3734 4105 ῥηθέντες

2146 4124 2443 4180 Μωαϐῖται
2471 4124 2567 4176 καὶ
2599 4122 2912 4195 Ἰδουμαῖοι,
2940 4125 3036 4178 καὶ
3067 4124 3116 4177 οἰ
3150 4124 3328 4195 πέριξ.
3364 4124 3436 4176 Τὸ
3460 4125 3517 4178 δὲ
3588 4126 3735 4179 ’Υπο

2148 4217 2475 4288 ετάγιησαν,
2511 4217 2654 4270 κατὰ
2681 4215 3023 4287 προφητικὸν
3074 4215 3271 4287 ἰδίωμα
3306 4217 3540 4287 εἴρηται,
3562 4218 3650 4272 διὰ
3671 4220 3736 4273 τδ

2158 4309 2376 4380 μέλλον.
3034 4307 3041 4314 ’

540 4401 701 4456 Vens.
733 4403 821 4455 10.
858 4400 990 4466 Quis
1021 4401 1242 4454 deducet
1271 4417 1351 4453 me
1391 4402 1444 4453 in
1488 4402 1752 4455 ciuitatem
1783 4404 2037 4459 munitio-

2227 4400 2326 4467 Τίς
2354 4400 2570 4464 ἀπάξει
2591 4417 2669 4470 με
2704 4402 2792 4467 εἰς
2833 4402 3018 4456 πόλιν
3060 4402 3353 4471 περιοχῆς
3385 4420 3406 4468 ;
3442 4405 3733 4477 Προσὼπῳ

462 4494 592 4547 nis?
624 4492 817 4547 Sermo
845 4502 927 4546 est
959 4508 1026 4546 ex
1060 4494 1397 4562 captivorum
1436 4506 1690 4562 persona.
1714 4491 2040 4549 Munitionis

405 4620 409 4637 ι
464 4596 645 4641 autem
665 4589 859 4640 civitas
892 4586 1175 4640 dicebatur
1197 4582 1528 4649 Jerusalem,
1562 4586 1688 4654 quia
1725 4584 2043 4641 fortissimis

465 4686 585 4731 erat
614 4673 1344 4739 mmnibuscircumdata,et
1369 4672 1611 4742 undique
1643 4674 1779 4726 bene
1812 4673 2043 4728 munita.

462 4767 581 4824 Prae
612 4784 824 4823 summa
849 4776 1031 4823 autem
1057 4767 1243 4821 laetitia
1293 4767 1407 4821 haec
1448 4764 1611 4820 verba
1647 4764 1896 4834 proferre
1950 4765 2046 4820 in-

465 4862 849 4925 troducuntur,
879 4876 1003 4915 cum
1039 4868 1197 4915 antea
1223 4860 1277 4914 in
1301 4858 1613 4929 captivitate
1636 4856 2037 4925 detinerentur,

464 4954 612 5009 unde
642 4953 789 5007 nulla
826 4953 965 5023 fuga:
993 4968 1121 5022 spes
1153 4960 1504 5023 apparuerat.

543 5046 677 5109 Quis
713 5044 931 5097 deducet
970 5058 1049 5095 me
1072 5058 1234 5111 usque
1257 5042 1310 5095 in
1345 5040 1642 5095 Idumteam
1675 5040 1701 5093 ?
1736 5038 1811 5094 Ita
1844 5048 1903 5095 ut
1938 5055 2043 5094 non

465 5144 678 5190 tantum
710 5138 763 5189 in
792 5137 1028 5205 patriam
1057 5138 1439 5197 restituamur,
1461 5135 1556 5187 sed
1577 5132 1860 5203 proximos
1877 5132 2039 5185 etiam

466 5228 901 5295 circumquaque
932 5227 1144 5280 vicinos
1181 5226 1413 5295 populos
1460 5224 1839 5292 subjugemus.

538 5318 704 5375 Vens.
736 5322 821 5375 H.
846 5317 1036 5373 Nonne
1074 5328 1152 5382 tu,
1191 5318 1348 5381 Dem,
1371 5318 1459 5386 qui
1488 5315 1724 5382 repuliui
1759 5330 1853 5366 nos
1884 5312 1909 5366 Ρ
1940 5310 2044 5366 Per

469 5412 956 5484 interrogationem
993 5412 1097 5466 hoc
1131 5408 1420 5479 legendum
1458 5416 1565 5472 est,
1600 5415 1653 5461 et
1689 5404 1855 5459 simili
1880 5402 2041 5457 modo

2151 4492 2260 4544 τῶν
2306 4490 2668 4561 αἰχμαλώτων
2712 4491 2741 4544 ὀ
2788 4492 2946 4561 λόγος
2978 4510 2994 4526 ο
3042 4493 3199 4556 πόλις
3250 4494 3307 4546 δὲ
3368 4495 3649 4566 περιοχῆς,
3696 4498 3728 4567 ἡ

2162 4580 2520 4652 Ἰερουσαλὴμ
2546 4580 2814 4644 ἐκαλεῖτο,
2847 4582 2936 4634 διὰ
2958 4581 3018 4634 τὸ
3044 4580 3377 4651 εὐτείχιστον
3407 4581 3599 4650 αὐτῆς,
3635 4587 3733 4636 καὶ

2151 4672 2539 4744 ὠχυρωμένον.
2591 4673 2729 4726 Ὑπὸ
2779 4673 3136 4745 περιχαρείας
3174 4673 3231 4725 δὲ
3261 4672 3419 4725 τοῦτο
3459 4672 3732 4742 λέγουσιν,

2153 4762 2240 4815 δτι
2280 4763 2520 4833 nauli)
2552 4764 2610 4816 ὲν
2645 4762 2874 4833 ἀφύκτῳ
2901 4764 3217 4835 κατείχοντο
3240 4762 3393 4832 παρὰ
3428 4766 3497 4835 τῇ
3530 4767 3737 4836 αἰχμα-

2152 4853 2348 4906 λωσία.

2227 5028 2323 5092 Ὶίς
2360 5030 2653 5101 ὁδηγήσει
2676 5049 2755 5103 με
2782 5033 2894 5101 ἕως
2933 5033 3045 5103 τῆς
3096 5034 3486 5106 Ἰδουμαίας;
3535 5035 3624 5099 Ὠς
3655 5016 3738 5104 μὴ

2156 5123 2317 5195 μόνον
2346 5126 2442 5197 τὴν
2473 5125 2711 5197 πατρίδα
2741 5127 3058 5195 ἀπολαϐεῖν,
3110 5128 3246 5182 ἀλλὰ
3278 5128 3374 5183 καὶ
3412 5131 3537 5193 τοὺς
3569 5130 3740 5200 πέριξ

2152 5216 2380 5287 ἐχθροὺς
2404 5217 2798 5273 δουλώσασθαι.

2228 5308 2375 5375 Οὐχί
2412 5308 2515 5373 σὺ,
2547 5311 2578 5362 ό
2612 5310 2776 5375 Θεὸς,
2826 5311 2859 5362 ὁ
2896 5309 3293 5380 ἀπωσάμενος
3327 5308 3483 5379 ἡμᾶς
3510 5328 3530 5375 ;
3563 5309 3741 5365 Τοῦτο

2154 5402 2280 5454 κατ’
2314 5399 2582 5472 ἐρώτησιν
2611 5402 2986 5481 ἀναγνωστέον
3017 5421 3030 5434 ·
3059 5405 3259 5475 ὁμοίως
3298 5403 3354 5457 δὲ
3385 5404 3481 5455 καὶ
3510 5402 3571 5455 τὸ
3602 5402 3738 5472 ἑξῆς
3842 5470 3853 5475 Α

1815 5583 2015 5646 Variae
2058 5580 2390 5647 lectiones.

551 5690 667 5759 (12)
691 5692 772 5746 AI.
804 5693 914 5746 Καὶ
940 5695 998 5749 ὲν
1025 5692 1250 5763 ἀφύκτῳ
1282 5693 1539 5760 λέγοντες
1565 5687 1900 5757 κατείχοντο.
