4020 6218
356 294 474 359 οιε)

1583 290 1793 349 EUTH
1806 290 1936 350 ΥΜΙ
1955 290 1973 346 ι
2009 287 2370 348 ZlGABENl

3518 282 3622 345 κ’ῗο

362 417 663 473 accedebat
715 414 860 478 loca,
896 420 949 466 et
982 407 1053 462 ad
1099 405 1285 462 varias
1329 413 1520 479 gentes
1549 407 1713 461 etiam
1743 405 1936 459 aiieni-

2048 403 2467 469 5ιδασκὰλοις,ἧ
2525 403 2618 456 καὶ
2671 403 2767 471 τὴν
2822 400 3182 472 περιέχουσαν
3236 399 3375 468 αὐτῇ
3431 400 3614 452 πᾶσαν

361 525 561 580 genas,
597 505 900 574 subjiciens
938 515 1035 556 eos
1083 515 1149 555 ac
1169 499 1376 555 ducens
1398 499 1463 554 ad
1497 497 1680 553 ﬁdem.
1707 498 1945 566 Cupiens

363 601 561 656 deinde
601 597 871 665 Pmpheta
903 608 965 648 ea
1005 594 1182 648 oculis
1206 602 1370 661 atque
1400 592 1522 660 ipso
1551 606 1715 646 sensu
1750 603 1944 643 cerne-

366 710 451 755 re.
491 708 612 762 quae
645 691 697 744 in
733 689 929 759 spiritu
961 687 1216 742 viderat:
1255 683 1425 750 Quis,
1464 682 1663 751 inquit,
1712 680 1947 736 deducet

364 803 452 844 me
492 786 545 839 in
596 782 899 838 Ecclesium
947 779 1189 834 ﬁdelium
1226 774 1507 844 Evangelii
1552 774 1762 844 legibus
1805 774 1943 827 bene

363 879 742 941 moderatam,
816 875 1135 942 Christique
1202 869 1513 938 sanguine,
1582 864 1939 935 baptismate,

360 987 545 1033 cruce,
569 970 776 1038 angelis
800 976 854 1020 et
883 966 1135 1020 doctrina
1157 962 1419 1016 munitam
1465 960 1574 1031 (l3)
1609 957 1631 1012 ’ἓ
1669 955 1801 1022 Quae
1855 972 1944 1010 ec-

2049 497 2256 566 ἀρετήν
2291 495 2423 561 ;καὶ
2457 496 2540 556 τίς
2569 495 2827 564 ὁδηγήσει
2874 513 2962 563 με.
3001 493 3092 546 καὶ
3118 495 3378 561 ἀπαγάγῃ
3413 493 3491 554 είς
3519 492 3619 561 τὴν

2048 589 2151 656 γῆν
2172 587 2283 639 τῶν
2309 587 2574 647 ἀπίστων,
2617 586 2700 639 ἴνα
2731 586 2824 639 ἴδω
2850 585 3020 655 αὐτὴν
3052 584 3421 637 πιστεύσασαν
3449 601 3464 648 ;
3490 583 3622 650 Οὐχὶ

2049 682 2136 743 σὺ,
2184 675 2228 733 ὦ
2250 680 2403 743 Θεὸς,
2434 682 2461 733 ὁ
2483 679 2848 749 ἀπωσάμενος
2878 679 3026 747 ἡμᾶς
3052 694 3067 742 ;
3125 677 3316 746 ῆγουν,
3348 678 3374 728 ὁ
3407 675 3532 736 τοὺς
3563 673 3622 737 ἐξ

2051 773 2185 843 ἐμοῦ
2222 776 2630 842 καταγομένους
2672 774 3084 841 χριστοκτονους
3151 769 3438 830 Ἰουδαίους
3485 769 3619 820 ἀπο-

2054 864 2255 918 ϐαλών.
2296 865 2368 917 Τὸ
2433 866 2488 917 δὲ
2521 865 2668 936 ἑξῆς,
2703 860 2980 934 προσώπῳ
3009 863 3116 914 τῶν
3147 860 3354 914 πιστῶν
3373 853 3447 914 ὧν
3485 859 3624 928 πλὴν

2052 955 2126 1017 ὡς
2171 955 2627 1026 προαποδέδοται.

362 1063 528 1118 clesia
561 1059 886 1117 munitionis
923 1055 1139 1117 civitas,
1184 1069 1279 1107 seu
1323 1066 1414 1122 [ιιι
1482 1050 1707 1120 propius
1765 1048 1945 1118 poscit
1984 1045 2171 1100 Grmca
2228 1048 2450 1119 dictio]
2488 1048 2684 1102 civitas
2719 1048 3036 1116 complexus
3105 1043 3212 1099 dici
3263 1052 3438 1112 potest
3472 1083 3485 1103 ,
3559 1060 3625 1094 eo

361 1156 506 1229 quod
527 1168 716 1209 omnes
743 1151 1140 1219 complectatur
1161 1146 1413 1200 virtutes.
1461 1145 1525 1198 Et
1554 1143 1677 1208 quis
1709 1142 1941 1196 deducet
1981 1154 2067 1191 me
2093 1140 2146 1193 in
2187 1151 2386 1195 terram
2414 1140 2738 1202 inﬁdelium,
2805 1150 2863 1192 ut
2925 1154 2993 1191 ex
3029 1137 3230 1190 inﬁdeli
3265 1135 3474 1187 videam
3511 1127 3621 1187 εἰθιὶ

362 1252 622 1310 ﬁdelem?
654 1250 844 1304 Nonne
905 1245 1178 1311 tu,Deus,
1232 1244 1322 1313 qui
1381 1243 1630 1310 repulisti
1657 1256 1758 1294 nos
1791 1239 1813 1291 ?
1844 1243 1947 1292 hoc
1984 1249 2089 1300 est,
2127 1241 2218 1308 qui
2275 1249 2540 1309 cognatos
2593 1251 2658 1292 ac
2702 1245 2954 1307 posteros
3041 1246 3190 1286 meos
3269 1230 3510 1294 Judaeos,
3566 1245 3624 1289 υι

358 1343 975 1402 Cbristiintcrfcctores
1009 1336 1312 1405 projecisti.
1341 1333 1571 1402 Reliqua
1637 1347 1702 1386 ex
1777 1330 2013 1384 ﬁdelium
2059 1346 2294 1398 persona
2361 1330 2507 1384 dicta
2569 1339 2720 1393 sunt,
2778 1329 3027 1394 exceptis
3081 1323 3292 1394 paucis,
3352 1331 3409 1374 ut
3461 1336 3622 1391 supra

359 1439 625 1493 diximus.

522 1533 587 1586 In
620 1532 798 1600 liuent,
837 1529 887 1578 in
926 1524 1154 1595 hymnis,
1184 1523 1421 1590 psalmus
1452 1521 1549 1586 ipsi
1576 1519 1768 1571 David.

910 1611 1230 1670 [‘SALMUS
1268 1611 1380 1664 LX.

414 1719 494 1772 -Ιη
529 1718 690 1770 ﬁnem
724 1713 886 1766 etiam
939 1710 1027 1761 hic
1078 1706 1320 1774 Psalmus
1359 1718 1456 1756 nos
1488 1702 1640 1770 jubet
1669 1702 1938 1769 aspicere.

2173 1514 2272 1578 Εἰς
2299 1513 2363 1565 τὸ
2392 1511 2565 1576 τέλος
2597 1511 2664 1563 ἐν
2696 1509 2905 1576 ὕμνοις
2935 1497 3176 1574 deinde
3206 1501 3284 1568 τῷ
3312 1467 3508 1554 λαϐίό.

2633 1602 2928 1656 ΨΑΛΜΟΣ
2964 1599 3037 1655 Ξ’.

2120 1699 2213 1760 Εἰς
2241 1698 2302 1749 τὸ
2333 1699 2488 1759 τέλος
2524 1697 2618 1749 καὶ
2648 1697 2674 1748 ὁ
2697 1694 2888 1764 παρὼν
2933 1692 3152 1762 enim;
3180 1691 3473 1761 παρεγγυᾷ
3511 1688 3622 1759 βλέ-

363 1807 438 1861 ub
485 1803 802 1876 prophetias
861 1813 983 1868 qua:
1033 1797 1086 1849 in
1127 1810 1192 1848 eo
1229 1792 1524 1846 traduntur
1557 1809 1570 1843 :
1604 1791 1941 1858 ell‘erlurque

2050 1807 2172 1842 πειν
2199 1791 2297 1852 τῆς
2325 1793 2382 1841 ἐν
2416 1789 2592 1858 τούτῳ
2621 1787 2979 1857 προφητείας.
3009 1786 3240 1854 Εἴρηται
3280 1785 3386 1852 γὰρ
3411 1784 3506 1833 καὶ
3537 1774 3627 1832 οὗ-

363 1917 426 1954 ex
465 1897 648 1966 populi
687 1906 946 1964 persona,
1003 1888 1094 1958 qui
1157 1887 1408 1955 captivus
1457 1887 1713 1938 detentus
1755 1892 1836 1937 eSt
1889 1883 1940 1933 in

367 1992 662 2060 Babylone.
699 1988 919 2040 Illorum
952 1984 1096 2038 enim
1133 1983 1368 2036 reditum
1399 1980 1451 2032 in
1487 1978 1718 2047 patriam
1743 1973 1944 2045 praedi-

363 2089 460 2141 cit.
502 2080 845 2141 Inhabilabo,
897 2076 1097 2146 inquit,
1131 2076 1184 2127 in
1221 2073 1566 2128 tabernaculo
1623 2081 1710 2123 tuo
1758 2071 1812 2122 in
1842 2084 1942 2121 ste—

364 2176 507 2229 cula.
541 2176 720 2242 Atque
751 2171 874 2225 ideo
906 2181 1122 2224 sunima
1172 2165 1569 2233 consequentia
1607 2171 1731 2232 post
1781 2175 1945 2228 supe-

369 2269 575 2320 riorem
635 2262 944 2318 collocatus
1005 2265 1111 2313 est.
1155 2256 1477 2311 Chrisﬁano
1512 2258 1677 2308 etiam
1747 2253 1946 2322 populo

366 2367 516 2412 recte
563 2353 1032 2411 accommodatur.
1071 2349 1134 2403 In
1164 2350 1371 2419 hymnis
1422 2348 1766 2408 inscribitur,
1815 2345 1944 2415 quia

364 2447 774 2506 benelactorem
812 2445 980 2499 Deum
1010 2441 1215 2507 laudat,
1240 2453 1294 2496 et
1325 2441 1473 2494 illius
1499 2438 1758 2493 beneﬁcia
1791 2452 1944 2490 como

366 2548 658 2596 memorat.
727 2533 1145 2592 Observandum
1202 2547 1330 2587 vero
1381 2540 1488 2597 est,
1544 2530 1688 2600 quod
1723 2526 1942 2598 psalmi,

367 2634 570 2702 quibus
598 2628 929 2696 inscriptum
961 2633 1068 2685 est.
1096 2626 1151 2677 in
1178 2624 1388 2693 hymnis
1418 2629 1655 2686 tantum,
1689 2620 1808 2690 ipso
1844 2620 1945 2672 hu-

372 2739 532 2778 mano
566 2738 661 2776 ore
691 2719 1056 2778 canebantur,
1093 2716 1302 2784 absque
1334 2730 1664 2782 organorum
1698 2713 1948 2767 modula-

369 2820 519 2872 tione
556 2833 571 2870 :
613 2815 687 2868 illi
736 2825 918 2866 autem
983 2809 1186 2880 quibus
1246 2806 1565 2861 inscribitur
1593 2825 1605 2860 :
1637 2804 1703 2858 In
1735 2806 1943 2874 hymnis

368 2908 606 2977 psalmi,
677 2919 784 2958 una
839 2917 966 2957 cum
1029 2901 1244 2954 musico
1317 2898 1661 2953 canebantur
1737 2896 1946 2948 instru-

370 3013 574 3058 mento.

437 3095 606 3149 Vens.
641 3093 945 3157 2.Ea:aud5,
975 3091 1140 3152 Deus,
1174 3089 1590 3156 deprecationem
1627 3101 1816 3149 meam,
1857 3086 1945 3138 in-

2047 1901 2136 1946 τος
2171 1883 2454 1953 προσώπῳ
2516 1881 2609 1934 τοῦ
2642 1884 2698 1933 ἐν
2731 1880 3016 1934 Βαϐυλῶνι
3061 1876 3416 1948 αἰχμαλώτου
3472 1874 3624 1928 λαοῦ.

2050 1975 2429 2046 Προαγορεύει
2471 1975 2582 2044 γὰρ
2625 1975 2723 2043 τὴν
2764 1973 3045 2025 ἐπάνοδον.
3101 1970 3457 2036 Παροικήσω
3497 1971 3622 2036 γὰρ,

2049 2068 2236 2134 φησιν,
2267 2065 2337 2117 ἐν
2368 2063 2454 2129 τῷ
2485 2063 2839 2131 σκηνώματί
2897 2079 3014 2116 σου
3044 2065 3132 2125 εὶς
3184 2059 3323 2124 τοὺς
3387 2057 3623 2120 αἰῶνας.

2049 2158 2142 2210 Διὸ
2162 2159 2254 2210 καὶ
2273 2157 2588 2218 ἀκολούθως
2615 2157 2691 2225 τῷ
2719 2155 3048 2226 προλαΰόντι
3069 2155 3346 2206 τέτακται.
3369 2149 3623 2219 Ἀρμὸζει

2049 2251 2105 2303 δὲ
2137 2252 2230 2303 καὶ
2259 2251 2336 2319 τῷ
2364 2251 2478 2320 λαῷ
2513 2250 2625 2302 τῶν
2655 2247 3020 2320 Χριστιανῶν,
3047 2247 3248 2316 ὁμοίως
3270 2244 3483 2312 ἐκείνῳ.
3534 2243 3626 2293 Ἐν

2048 2343 2260 2410 ὕμνοις
2287 2343 2343 2396 δὲ
2380 2343 2830 2413 ἐπιγέγραπται,
2866 2342 2948 2393 ὅτι
2978 2340 3137 2409 ὑμνεῖ
3169 2339 3260 2391 τὸν
3305 2336 3621 2406 εὐεργέτην,

2049 2436 2106 2486 ὲν
2138 2430 2217 2498 οἷς
2245 2435 2519 2505 διηγεῖται
2563 2436 2664 2498 τὰς
2715 2433 3037 2505 εὐεργεσίας
3070 2432 3257 2485 αὐτοῦ.
3290 2431 3625 2499 Παρατηρη-

2049 2529 2169 2580 τέον
2203 2528 2281 2588 δὲ,
2337 2530 2418 2582 ὅτι
2455 2527 2582 2581 ἔνθα
2623 2528 2722 2598 μὲν
2755 2527 3167 2595 ἐπιγέγραπται
3227 2523 3287 2576 τὸ
3314 2523 3382 2575 ὲν
3415 2521 3623 2590 ὕμνοις

2051 2621 2212 2690 μόνον
2238 2661 2252 2682 ,
2297 2621 2405 2672 ἀπὸ
2441 2622 2710 2690 στόματος
2742 2622 2950 2682 ἐκεῖνος
2988 2620 3014 2670 ὁ
3049 2619 3216 2689 ὕμνος
3245 2617 3424 2686 ᾔδετο,
3456 2613 3622 2683 χωρὶς

2047 2713 2348 2783 ὀργανικῆς
2383 2713 2654 2783 μελῳδίας
2685 2756 2700 2780 ,
2729 2713 2856 2767 ἔνθα
2912 2713 2967 2766 δὲ
3016 2713 3076 2765 τὸ
3106 2713 3175 2764 ἐν
3213 2711 3420 2779 ὕμνοις
3470 2709 3622 2775 ψαλ-

2045 2806 2188 2873 μοῦ,
2235 2809 2351 2876 μετ’
2388 2809 2623 2877 ὀργάνου
2659 2809 2803 2870 τινος
2840 2801 2994 2870 οὗτος
3027 2805 3369 2876 ἐμελῳδεῖτο.

2128 3087 2539 3150 Εἱσὰκουσοϊ,
2585 3088 2616 3139 ὀ
2652 3085 2818 3150 Θεὸς,
2863 3083 2972 3150 τῆς
3013 3081 3280 3147 ὃεήσεὼς
3299 3097 3438 3148 μου,
3475 3078 3619 3145 πρῦο

369 3186 520 3240 lende
541 3185 772 3237 orationi
801 3199 948 3234 mere.
980 3181 1052 3235 De
1077 3181 1161 3234 his
1191 3181 1395 3242 verbis,
1419 3177 1685 3231 exumliet
1709 3178 1939 3241 intende,

2049 3196 2198 3247 σχες
2237 3177 2312 3244 τῇ
2342 3177 2658 3244 προσευχῇ
2713 3194 2847 3240 μου.
2915 3177 3042 3242 Περὶ
3113 3173 3207 3225 τοῦ
3253 3170 3618 3226 εζσάκοιοσογ

368 3276 606 3330 diximus
634 3273 686 3325 in
714 3271 925 3341 psalmo
951 3287 1058 3324 xw.

445 3365 607 3421 Vens.
640 3365 693 3419 5.
720 3364 758 3417 Α
793 3363 989 3433 ﬁnibus
1041 3372 1196 3415 terra:
1220 3360 1289 3414 ad
1317 3373 1365 3415 te
1394 3359 1642 3414 clamavi.
1674 3358 1778 3412 Per
1812 3359 1948 3413 lines

370 3471 533 3516 terra:
563 3461 719 3530 juxta
756 3457 1000 3511 historia:
1031 3471 1256 3510 sensum
1306 3453 1633 3523 Babylonem
1667 3452 1944 3522 intelligit,

367 3569 492 3624 quae
526 3553 582 3606 in
611 3552 824 3606 ultimis
857 3548 1250 3603 mansuetioris
1273 3547 1442 3616 hujus
1471 3545 1709 3615 regionis
1742 3554 1946 3598 nostra!

369 3645 621 3715 partibus
681 3645 788 3698 sita
845 3649 927 3695 est
961 3657 977 3707 ;
1007 3640 1164 3709 juxta
1199 3653 1497 3709 anagogem
1567 3651 1694 3690 vero
1745 3635 1948 3703 cogita-

365 3742 547 3793 tiones
589 3745 856 3799 terrenas,
886 3748 1008 3804 quae
1049 3731 1291 3786 eﬁiciuut
1321 3739 1378 3784 ut
1409 3730 1599 3800 procul
1626 3731 1946 3797 elongemur

365 3845 395 3881 a
425 3827 557 3882 Deo.

385 3963 387 3966 .
442 3919 576 3972 Dum
607 3917 756 3969 triste
781 3924 912 3968 esset
946 3929 1038 3966 cor
1061 3927 1253 3979 meum,
1283 3912 1336 3964 in
1370 3924 1517 3975 petra
1560 3911 1809 3964 exaltasti
1845 3926 1942 3963 uie.

365 4013 472 4067 l’er
501 4020 710 4081 petram
769 4009 926 4062 ﬁdem
962 4006 1237 4076 intelligit,
1277 4020 1436 4074 quam
1466 4007 1518 4057 in
1547 4004 1706 4058 Deum
1749 4004 1941 4056 habet:

369 4115 592 4173 promer
626 4102 772 4155 illius
815 4099 1070 4152 nimirum
1115 4096 1449 4152 soliditatem
1485 4096 1945 4161 securitatemque

366 4214 431 4251 ac
460 4195 876 4250 sublimitatem.
911 4191 1142 4256 Quoties
1167 4189 1337 4254 enim,
1366 4188 1568 4257 inquit,
1603 4189 1674 4240 ob
1700 4201 1944 4256 praesen-

370 4301 454 4344 tes
510 4287 794 4358 angustias
849 4283 1112 4353 l‘atigatus
1142 4291 1236 4336 aut
1288 4281 1649 4335 contristatus
1699 4295 1844 4342 sum,
1876 4277 1944 4330 ad

365 4393 637 4432 summam
662 4374 953 4446 quamdam
975 4389 1004 4428 a
1026 4373 1137 4428 Deo
1159 4373 1289 4426 mihi
1321 4372 1618 4426 immissum
1640 4386 1790 4438 spem
1817 4384 1947 4424 cve-

365 4469 556 4532 hebar,
586 4467 751 4521 veluti
777 4466 842 4520 ad
867 4466 1258 4520 solidissimum
1287 4465 1580 4534 quamdam
1609 4472 1839 4532 petram,
1867 4473 1946 4514 at-

363 4579 472 4631 que
496 4563 560 4614 ad
597 4560 930 4613 tutissimutn
971 4557 1262 4626 reiuginm.

437 4652 604 4706 Vens.
638 4651 693 4705 4.
727 4651 954 4704 Deduxit
985 4666 1065 4702 me
1089 4650 1212 4718 quia
1235 4648 1408 4715 [actus
1441 4661 1494 4700 es
1518 4661 1630 4713 spes
1661 4662 1795 4698 mea.
1832 4645 1941 4696 Dux

369 4745 502 4798 mihi
537 4745 666 4796 olim
702 4740 855 4795 fuisti
885 4742 950 4794 ad
985 4743 1150 4795 bona.
1180 4739 1254 4792 'l'e
1300 4739 1444 4792 enim
1479 4739 1701 4791 unicum
1751 4736 1943 4790 salutis

367 4852 502 4890 mete
537 4844 817 4890 auctorem
855 4836 1100 4887 futurum
1131 4832 1444 4902 sperabam.

439 4929 618 4982 Turris
665 4926 994 4995 fortitudinis
1045 4941 1076 4976 a
1112 4925 1246 4993 facie
1300 4924 1521 4976 inimici.
1575 4925 1616 4976 A
1665 4921 1939 4976 communi

363 5036 528 5075 sensu
559 5017 888 5074 sumendum
917 5024 1001 5069 est
1036 5017 1282 5078 verbum,
1325 5017 1501 5083 fartus
1549 5031 1622 5068 es.
1657 5045 1724 5054 —
1749 5013 1936 5066 Turris

367 5123 550 5167 autem
588 5109 920 5180 fortitudinis
951 5125 983 5161 a
1007 5107 1144 5176 [acie
1191 5110 1413 5170 inimici,
1465 5109 1605 5159 dixit
1663 5122 1782 5175 pro,
1820 5118 1938 5158 tur-

370 5210 446 5261 ris
505 5205 666 5261 fortis
717 5218 901 5258 coram
953 5203 1199 5265 inimico,
1256 5203 1394 5256 adeo
1451 5211 1508 5253 ut
1560 5202 1708 5253 illum
1751 5214 1941 5251 arcere

367 5298 561 5365 possit.

441 5390 605 5444 Vens.
643 5390 696 5444 5.
731 5389 1045 5445 htltabimbo
1071 5391 1121 5441 in
1147 5387 1484 5440 tabernaculo
1510 5398 1597 5438 tuo
1627 5388 1681 5439 in
1711 5385 1936 5438 sa'cula.

363 5479 482 5534 Jam
529 5480 768 5532 diximus
798 5483 849 5532 in
887 5482 970 5534 his
1003 5479 1182 5533 verbis
1208 5479 1544 5547 prophetiam
1575 5479 1847 5532 contineri
1874 5479 1940 5532 de

1977 4523 2024 4578 Ι)

2055 3272 2147 3324 καὶ
2179 3273 2480 3336 πρόσχες,
2515 3271 2730 3338 εἴρηται
2765 3272 2820 3321 ἐν
2845 3267 2922 3336 τῷ
2956 3265 3032 3330 ις’
3050 3265 3271 3334 ψαλμῷ.

2135 3363 2270 3416 Ἀπὸ
2298 3361 2418 3416 τῶν
2444 3362 2713 3430 περάτων
2738 3360 2839 3428 τῆς
2877 3359 2989 3429 γῆς
3023 3359 3172 3426 πρὸς
3216 3357 3291 3410 σὲ
3310 3353 3620 3421 ἐκέκραξα.

2052 3454 2273 3522 Πέρατα
2301 3457 2398 3524 τῆς
2425 3454 2528 3521 γῆς
2557 3454 2848 3522 ἱστορικιῖς
2879 3451 3044 3518 λέγει.
3073 3450 3171 3519 τὴν
3203 3446 3515 3506 Βαϐυλῶνα,
3538 3443 3621 3496 διὰ

2048 3544 2110 3597 τὸ
2143 3545 2381 3616 ἐσχάτην
2413 3544 2583 3614 αὐτὴν
2615 3543 2830 3596 κεῖσθαι
2857 3541 2955 3610 τῆς
2988 3540 3344 3612 ἡμερωτέρας
3371 3535 3622 3601 οἰκουμέσ

2050 3653 2170 3704 νης.
2209 3631 2333 3689 Εἶεν
2375 3635 2420 3689 δ’
2452 3636 2517 3688 ἂν
2548 3635 2753 3703 ἔσχατα
2798 3634 2901 3703 γῆς
2931 3629 3292 3698 ἁναγωγικῶς
3319 3629 3371 3681 αἱ
3411 3625 3617 3696 μακρό-

2050 3746 2236 3784 νουσαι
2261 3728 2368 3781 ἀπὸ
2391 3727 2484 3780 τοῦ
2515 3726 2650 3780 Θεοῦ
2679 3728 2858 3797 γήϊνοι
2892 3723 3190 3796 φροντίδες.

2132 3913 2235 3965 Ἐν
2274 3909 2354 3976 τῷ
2380 3911 2708 3978 ἀκηδιάσιιι
2741 3911 2859 3978 τῆν’
2888 3910 3143 3979 καρδίαν
3162 3927 3302 3979 μου.
3339 3909 3409 3962 ἐν
3437 3908 3621 3975 πέτρᾳ

2048 4003 2305 4072 ὒψωσάς
2332 4020 2424 4072 με.
2461 4004 2674 4075 Πέτραν
2706 4002 2966 4073 ὀνομάζει
3022 4003 3123 4073 τὴν
3178 4002 3316 4072 πρὸς
3352 4001 3512 4054 αὐτὸν
3543 4001 3619 4053 ἐλ-

2048 4098 2196 4159 πίδα,
2235 4096 2322 4150 διὰ
2373 4113 2434 4149 τε
2493 4096 2554 4148 τὸ
2591 4096 2817 4167 στερρὸν
2878 4095 2973 4149 καὶ
3007 4095 3268 4164 ἀσφαλὲς,
3319 4096 3409 4146 καὶ
3442 4093 3527 4145 διὰ
3564 4093 3623 4144 τδ

2049 4187 2253 4258 ὑψηλὸν
2313 4189 2407 4242 καὶ
2466 4189 2796 4260 μετεωρίζον
2876 4188 3064 4258 αὐτῆς.
3130 4188 3376 4251 Ὁσάκις,
3437 4186 3620 4256 φησιν,

2047 4282 2335 4351 ὴκεδιασα,
2363 4281 2670 4351 ἁποκαμὼν
2711 4285 2827 4344 ταῖς
2879 4281 3141 4350 θλίψεσιν,
3195 4280 3395 4350 ἀνῆγες
3432 4296 3499 4345 με
3531 4277 3622 4330 ἐπὶ

2047 4378 2146 4446 τὴν
2180 4375 2370 4428 ἐλπίδα
2403 4392 2519 4440 σου,
2545 4375 2619 4439 ὡς
2652 4378 2731 4439 εἰς
2761 4376 2968 4429 πέτοαν
3004 4377 3143 4428 τινά.

2134 4647 2475 4718 Ὧδήγησᾰς
2506 4666 2600 4717 με,
2637 4649 2724 4700 ὅτι
2748 4647 3042 4714 ἑγενήθης
3069 4648 3245 4712 ἐλπίς
3275 4664 3416 4716 μου.
3468 4647 3622 4716 Ὠιῖή-

2049 4740 2226 4809 γησάς
2283 4757 2350 4810 με
2400 4741 2567 4793 πάλαι
2617 4740 2706 4792 ἐπὶ
2750 4742 2818 4792 τὰ
2872 4741 3029 4791 καλά.
3068 4740 3177 4791 Καὶ
3222 4740 3332 4808 γὰρ
3364 4739 3422 4790 σὲ
3459 4738 3623 4808 μόνον

2048 4831 2208 4901 ἔσχον
2245 4831 2438 4884 ἐλπίδα
2467 4833 2765 4902 σωτηρίας.

2117 4925 2351 4992 {him-or;
2389 4927 2626 4993 ἰσχύος,
2676 4925 2791 4978 ἀπὸ
2834 4925 3160 4992 προσώπου
3188 4923 3431 4992 ἐχθροῦ.
3487 4923 3620 4974 Ἀπὺ

2045 5015 2225 5068 κοινοῦ
2266 5016 2502 5085 ληπτέον
2550 5017 2610 5067 τὸ
2653 5016 2963 5085 ἐγενήθης.
3008 5017 3241 5084 "tim-oc
3273 5017 3327 5066 δὲ
3380 5015 3618 5080 ἰσχύος,

2049 5110 2168 5162 ἀντὶ
2223 5110 2341 5173 τοῦ,
2395 5109 2604 5178 πύργος
2661 5113 2897 5180 ἰσχυρός.
2937 5109 3197 5163 Ἐνὼπιον
3224 5109 3441 5179 ἐχθροῦ,
3476 5108 3617 5161 ὥστε

2049 5202 2280 5254 κωλύειν
2307 5203 2486 5254 αὐτόν.

2121 5386 2475 5454 Παροικήσω
2519 5385 2590 5436 ἐν
2648 5383 2727 5446 τῷ
2775 5381 3129 5450 σκηνώματί
3159 5397 3273 5435 σου
3338 5385 3426 5446 εις
3477 5381 3616 5444 τοὺς

2048 5479 2287 5542 αἰῶνας.
2348 5476 2516 5528 Τοῦτο
2555 5476 2862 5546 προφητεία
2897 5478 3023 5544 περὶ
3059 5474 3157 5543 τῆς
3196 5475 3460 5527 ἐπανόδου
3520 5490 3614 5526 και

1695 5650 1897 5710 Vat-ite
1924 5649 2258 5711 lectiones.‘

436 5759 545 5828 (15)
600 5758 913 5828 Simplicius
939 5769 991 5812 ct
1035 5756 1267 5819 lidclius,
1309 5766 1355 5807 et
1411 5754 1686 5822 omnigena
1731 5753 1916 5806 rirtute
1980 5754 2394 5820 circumseptam.
