4070 6224
498 429 606 490 627

1696 423 2081 485 EU'I‘IIYMH
2123 424 2486 484 ZIGABENI

3646 419 3753 481 638

568 547 678 614 Ipsi
706 561 770 599 ex
808 554 1039 600 ramtute
1067 546 1119 598 in
1151 545 1402 615 idipsum.
1443 546 1522 600 Ex
1554 543 1825 619 vanitate,
1859 542 2062 616 inquit,

2217 544 2394 611 Αὐτοὶ
2425 545 2493 596 ἐκ
2523 546 2916 611 ματαιότητος
2949 543 3046 596 ἐπὶ
3075 541 3138 595 τὸ
3158 541 3327 594 αὐτό.
3386 539 3481 590 Ἐκ
3528 553 3751 608 ματαιο-

495 641 597 692 Iinc
643 647 726 691 est
778 636 848 690 ob
896 637 1220 701 vanitatem,
1289 637 1390 706 ipsi
1441 634 1629 690 eadem
1685 629 1956 697 sentiunt,
2013 643 2071 688 ut

496 726 748 794 injuriam
783 725 1042 782 inferant.
1089 725 1178 793 (in
1211 726 1447 800 idipsum
1480 727 1625 782 enim
1662 741 1854 783 omnes
1885 725 2070 782 lerun-

497 827 605 879 tur,
648 815 840 870 eadem
871 817 1017 870 ducti
1048 817 1345 886 vanitate.)

566 907 732 962 Vens.
754 908 838 962 Η.
855 908 1035 962 Nolite
1055 925 1268 976 sperare
1300 911 1348 962 in
1384 911 1680 982 injustitia,
1713 921 1760 964 et
1779 912 1832 964 in
1852 911 2068 977 rapinas

499 1002 663 1055 nolite
706 1004 1095 1069 concupiscere.
1147 1003 1414 1057 Admouet
1451 1005 1641 1058 beatus
1672 1003 1842 1074 David
1878 1020 2070 1058 omnes

499 1095 744 1148 homines
774 1096 826 1148 in
861 1097 1268 1162 universutn.et
1290 1096 1511 1151 divitias
1542 1096 1861 1177 injustitium
1887 1099 2069 1165 appel-

497 1188 572 1239 lat
624 1186 759 1257 (H),
795 1202 861 1241 eo
915 1187 1066 1257 quod
1125 1197 1186 1240 ut
1219 1188 1512 1266 plurimum
1552 1204 1616 1242 ex
1653 1188 1919 1256 injustitia
1943 1204 2070 1254 pro-

497 1279 737 1334 veniant.
763 1278 918 1344 Quod
941 1295 1073 1334 vero
1105 1279 1180 1333 ait
1217 1296 1231 1331 :
1266 1295 1312 1332 ei
1340 1281 1392 1333 in
1438 1283 1656 1344 rapinas
1683 1322 1695 1342 ,
1734 1281 2066 1352 piarpositio,

497 1370 577 1435 iu,
611 1380 692 1424 est
725 1369 1023 1442 superﬂua,
1055 1381 1112 1425 ut
1148 1387 1348 1427 sensus
1389 1374 1462 1424 sit
1504 1391 1516 1424 :
1562 1371 1804 1442 Iiapiuas
1840 1389 1906 1426 ne
1933 1387 2067 1426 con-

495 1461 811 1528 cupiscatis.

564 1551 777 1607 Divitiae
799 1555 846 1607 si
876 1554 1073 1622 ﬂuant,
1113 1555 1274 1608 nolite
1307 1571 1398 1608 cor
1428 1571 1708 1624 opponere.
1749 1555 1802 1610 Si
1842 1556 2066 1621 divitia},

494 1643 692 1712 inquit,
727 1635 915 1699 abhis
956 1646 1022 1700 ad
1064 1645 1190 1700 illos
1227 1646 1658 1707 transferantur,
1717 1654 1775 1698 ut
1825 1662 2069 1720 persaepe

492 1733 718 1798 accidit,
755 1749 879 1789 cum
925 1735 1239 1812 instabilem
1287 1746 1340 1789 et
1374 1721 1590 1789 ﬂuxam
1625 1735 1860 1790 habeant
1913 1725 2070 1790 natu-

492 1840 630 1891 ram,
668 1827 751 1880 vel
787 1828 831 1881 si
872 1829 940 1882 ab
971 1829 1094 1882 aliis
1125 1811 1301 1882 ﬂuant
1324 1829 1376 1882 in
1413 1844 1529 1888 vos,
1559 1829 1726 1882 nolite
1765 1829 1875 1882 ullo
1905 1830 2068 1883 modo

493 1919 710 1988 alligare
739 1920 818 1975 eis
857 1935 952 1975 cor
987 1931 1261 1986 vestrum,
1296 1932 1352 1973 ut
1381 1921 1633 1974 studiose
1666 1919 1746 1974 eis
1781 1921 2070 1995 incumba-

493 2012 582 2066 tis.
613 2003 878 2078 Quzedam'
899 2000 1030 2068 vero
1056 2007 1389 2082 exemplaria
1425 2011 1629 2066 habent
1658 2030 1670 2065 :
1701 2010 1883 2067 Nolite
1913 2015 2071 2068 corde

493 2107 706 2172 apponi,
743 2121 806 2161 ac
841 2105 886 2160 si
929 2105 1330 2160 dicatzNolite
1383 2121 1449 2160 ex
1499 2113 1612 2168 toto
1689 2106 1855 2160 corde
1907 2095 2071 2178 atque

492 2199 679 2251 animo
707 2199 788 2254 eis
820 2215 1052 2276 prorsus
1077 2201 1373 2256 inhaerere.

563 2285 728 2341 Vsus.
755 2277 1264 2345 12.'Semel-locutus
1283 2302 1358 2344 est
1391 2291 1530 2347 Deus
1559 2311 1577 2355 ;
1606 2295 1710 2348 duo
1733 2295 1845 2349 Iure
1866 2295 2068 2358 audivi,

491 2381 630 2443 quod
650 2389 882 2445 potestas
909 2383 1005 2436 Dei
1036 2394 1134 2449 est,
1165 2394 1213 2437 et
1240 2395 1355 2448 tua,
1394 2385 1638 2455 Domine,
1675 2389 2062 2443 misericordia.

500 2468 678 2526 Verba
719 2471 835 2528 haec
883 2475 1139 2552 nonnulli
1186 2476 1253 2530 de
1292 2475 1384 2531 Dei
1440 2481 1713 2534 sententia
1761 2481 1905 2534 dicta
1948 2495 2071 2534 esse.

497 2562 909 2630 intellexerunt,
942 2550 997 2620 et
1023 2549 1245 2646 sensium
1295 2581 1424 2644 esse
1461 2609 1474 2634 ,
1517 2573 1663 2648 quod
1726 2572 1888 2638 simul
1947 2587 2068 2626 cum

497 2654 787 2710 minatoria
832 2655 924 2712 Dei
962 2659 1234 2713 sententia
1274 2675 1378 2713 una
1413 2676 1633 2731 semper
1673 2663 1896 2714 auditur
1924 2661 2070 2718 illius

497 2747 942 2804 romminationis
978 2751 1203 2831 solutio.
1264 2751 1377 2826 liae
1417 2754 1620 2812 etenim
1675 2754 1887 2808 ratione
1930 2755 2073 2808 Deus

495 2841 885 2906 comminatur,
924 2851 984 2897 ut
1015 2854 1352 2899 commutato
1403 2846 1840 2915 delinquentium
1868 2862 2069 2917 propo-

494 2932 601 2986 sito
629 2933 811 2988 nullus
849 2919 1018 2990 minis
1076 2937 1310 3006 amplius
1352 2937 1702 3007 relinquatur
1749 2939 1899 2993 locus
1933 2938 2068 3006 (l5).

495 3023 602 3076 Aut
622 3025 735 3079 iia‘c
758 3013 938 3108 potest
965 3043 1088 3082 esse
1121 3028 1532 3094 interpretatio;
1555 3028 1743 3084 Potest
1768 3040 1951 3085 autem
1974 3031 2068 3098 qui

497 3115 664 3168 semel
699 3117 948 3192 loquitur
985 3119 1140 3187 plura
1175 3120 1370 3174 eodem
1424 3135 1685 3176 sermone
1714 3123 1983 3190 proferre.
2017 3132 2070 3177 et

2171 655 2339 708 τητος
2367 636 2706 707 ὁμονοοῦσιν,
2740 635 2881 696 ὥστε
2911 636 3134 692 ἀδικεῖν.

2241 915 2335 980 Μὴ
2367 913 2636 974 ἐλπίζετε
2663 913 2756 966 ἐπ’
2791 913 3056 975 ἀδικίαν,
3089 913 3188 964 καὶ
3221 910 3317 963 ἐπὶ
3362 911 3647 978 ᾶρπιιτμα
3665 908 3751 978 μὴ

2169 1009 2527 1066 ἑπιποθεῖτε.
2577 1007 2720 1077 Πρὸς
2775 1006 2987 1068 πάντας
3043 1002 3621 1073 ἀνθρώπουςποιεῖται
3654 1001 3754 1069 τὴν

2171 1101 2495 1172 παραίνεσιν
2543 1098 2743 1152 Δαδίδ·
2787 1097 3001 1150 ἀδικίαν
3048 1096 3156 1165 γὰρ
3220 1094 3370 1162 λέγει
3424 1092 3515 1145 τὸν
3553 1090 3614 1155 ἐξ
3642 1091 3753 1144 ἀδι-

2171 1193 2295 1256 κίας
2352 1193 2603 1246 πλοῦτον.
2640 1189 2731 1260 Τῷ
2787 1190 2842 1242 δὲ
2904 1187 3004 1243 ἐπὶ
3068 1187 3394 1257 ἅρπαγμα,
3443 1183 3674 1256 περιττὴ
3720 1185 3755 1251 ἡ

2174 1287 2451 1356 πρόθεσις,
2490 1278 2669 1354 ῖναῇο
2703 1281 3097 1350 Καὶᾶρπαγμα
3133 1279 3210 1349 μὴ
3234 1278 3556 1346 ἐπιποθῆτε.

2235 1559 2509 1628 Πλοῦτος
2533 1558 2788 1626 ἐὰνρἐῃ,
2816 1556 2902 1626 μὴ
2927 1555 3326 1625 προστίθεσθε
3354 1551 3759 1622 καρδίαν.’-Εέιν

2177 1649 2701 1725 μεταφέρηταιάπὸ
2725 1649 2932 1702 τούτων
3000 1648 3082 1710 εἰς
3133 1645 3382 1707 ἐκείνους
3442 1644 3516 1707 ὡς
3581 1643 3756 1715 ῥοώδη

2175 1741 2337 1810 φύσιν
2369 1740 2513 1810 ἔχων
2537 1739 2633 1792 καὶ
2653 1737 2964 1807 ἄστατον,ῆ
2999 1737 3097 1790 ἀπ’
3143 1736 3318 1790 ἄλλων
3356 1735 3434 1798 εἰς
3471 1735 3646 1812 ὑμᾶς,
3678 1733 3757 1802 μὴ

2174 1830 2514 1904 προσηλοῦτε
2532 1829 2679 1900 αὑτῷ
2703 1829 2800 1900 τὴν
2819 1829 3071 1899 καρδίαν,
3093 1827 3236 1880 ὥστε
3262 1828 3356 1880 καὶ
3374 1826 3757 1896 προσπάσχειν

2174 1926 2324 1996 αὑτῷ
2359 1941 2372 1955 ·
2409 1925 2531 1978 τινὰ
2555 1923 2613 1976 δὲ
2641 1923 2751 1976 τῶν
2772 1924 3127 1992 ἁντιγρὰςςων
3144 1920 3401 1989 καρδίας
3432 1919 3757 1987 γράφουσιν,

2174 2019 2201 2070 ὃ
2224 2019 2374 2090 δηλοῖ
2407 2019 2491 2071 ὅτι
2521 2017 2614 2091 Μὴ
2646 2013 2978 2086 πρόσκεισθε
3012 2011 3163 2082 αὐτῷ
3194 2013 3259 2065 ὲκ
3309 2010 3562 2082 καρδίας,
3589 2009 3759 2079 ἤγουν

2173 2110 2396 2174 ὑλικῶς.

2251 2296 2440 2358 ’Άπαξ
2465 2296 2777 2358 ἐλάλησεν
2821 2296 2852 2346 ό
2898 2293 3067 2354 Θεὸς.
3111 2289 3222 2358 δύο
3263 2287 3452 2347 ταῦτα
3496 2287 3759 2353 ἤκουσα,

2175 2389 2264 2442 ὅτι
2293 2389 2361 2442 τὸ
2396 2387 2614 2454 κράτος
2638 2388 2746 2441 τοῦ
2776 2386 2950 2450 Θεοῦ,
2977 2383 3075 2438 καὶ
3098 2381 3237 2447 σοῦ,
3263 2381 3461 2449 Κύριε,
3480 2379 3758 2441 τὸὲλεος.

2174 2480 2346 2533 Τοῦτό
2368 2496 2511 2541 τινες
2533 2479 2662 2548 περὶ
2691 2478 2790 2548 τῆς
2821 2477 2972 2540 Θείας
2990 2475 3319 2540 ἁποςάσεως
3343 2472 3655 2541 ὲνενόησαν,
3676 2471 3763 2522 ὅτι

2175 2573 2240 2642 τῇ
2275 2571 2607 2641 ἀπειλητικῇ
2657 2569 2934 2639 ἀποφάσει
2995 2568 3091 2621 τοῦ
3146 2566 3283 2620 Θεοῦ
3343 2564 3762 2618 συνδιακούεται

2177 2662 2412 2716 πάντοτε
2446 2663 2542 2716 καὶ
2569 2661 2722 2724 λύσις
2746 2663 2938 2731 αὐτῆς.
2969 2661 3070 2713 Διά
3126 2658 3290 2712 τοῦτο
3350 2657 3460 2726 γὰρ
3522 2656 3760 2714 ἀπειλεῖ,

2177 2755 2264 2806 ἵνα
2325 2751 2779 2823 μεταϐληθέντων
2830 2752 2939 2804 τῶν
3002 2749 3431 2820 ἁμαρτανόντων
3467 2748 3541 2817 μὴ
3595 2746 3764 2815 γένη-

2176 2863 2266 2898 ται
2307 2845 2376 2900 τὰ
2411 2846 2510 2916 τῆς
2548 2844 2798 2912 ἀπειλῆς.
2839 2843 2901 2896 'H
2932 2843 2988 2901 δὲ
3031 2844 3294 2912 ἐξήγησις
3324 2840 3530 2894 τούτων
3576 2836 3717 2910 αὕτη
3745 2853 3760 2866 ·

2181 2940 2338 2992 ’Ἐστι
2407 2937 2505 2991 καὶ
2579 2936 2728 3002 ἅπαξ
2779 2936 3088 3004 λαλήσαντα
3144 2935 3275 3004 περὶ
3339 2932 3603 2985 πλειόνων
3681 2932 3762 2982 εί-

2177 3035 2322 3086 πεῖν.
2355 3032 2428 3085 Τὸ
2475 3031 2572 3101 μὲν
2604 3029 2713 3098 γὰρ
2759 3027 2923 3091 ἅπαξ
2960 3027 3056 3080 ἐπὶ
3117 3027 3219 3093 τῆς
3278 3024 3492 3094 ὁμιλίας
3523 3023 3650 3090 ὅλης
3674 3038 3688 3052 ·
3723 3023 3757 3090 ἡ

2175 3125 2232 3178 δὲ
2257 3124 2465 3193 ὁμιλία,
2490 3121 2765 3190 διαφόρων
2795 3119 3146 3189 περιεκτική.
3176 3117 3398 3169 Βέλτιον
3423 3115 3480 3168 δὲ
3535 3114 3633 3167 νῦν
3695 3115 3760 3165 τὸ

498 3207 771 3261 sermOuis
793 3210 966 3288 series
1001 3211 1155 3277 plura
1180 3211 1464 3284 continere
1499 3209 1634 3282 (16)..
1657 3212 1944 3280 (Quocirca
1964 3213 2072 3266 duo

2181 3216 2368 3278 ἅπαξ.
2401 3215 2522 3267 ἀντὶ
2565 3212 2658 3266 τοῦ
2703 3211 2965 3276 ,ϐεϐαίως
2995 3210 3204 3260 λαϐεῖν.
3239 3207 3508 3271 Βεϐαἰως,
3565 3205 3759 3268 φησὶν.

502 3298 636 3362 haec,
671 3313 792 3366 qua:
824 3315 884 3378 se
913 3299 1134 3378 audisse
1165 3303 1368 3360 asserit
1399 3299 1694 3370 Propheta,
1732 3304 1796 3354 ait
1820 3303 2072 3357 eumdem

499 3389 702 3462 debent
753 3406 1064 3466 sermonem
1096 3372 1327 3462 referri,
1372 3409 1536 3463 quem
1573 3396 1765 3459 semel,
1810 3395 1913 3448 hoc
1970 3407 2074 3458 est,

499 3494 607 3534 una
639 3481 874 3550 quadam
928 3482 1043 3537 vice
1075 3484 1220 3538 Deus
1254 3484 1469 3539 locutus
1513 3482 1658 3555 est.)
1691 3483 1928 3550 Tametsi
1961 3485 2076 3538 hac

499 3559 676 3628 dictio‘
697 3559 856 3628 semel
895 3575 996 3629 hoc
1043 3576 1096 3630 in
1139 3577 1262 3630 locn
1288 3576 1484 3632 melius
1515 3579 1715 3649 exponi
1752 3577 1950 3646 possit,
1978 3592 2075 3646 pro

497 3653 852 3725 constanter.
888 3666 1051 3731 Deus,
1089 3668 1287 3744 inquit,
1330 3654 1782 3745 constantissime
1814 3649 1943 3722 mihi
1976 3685 2072 3738 per

499 3771 750 3814 sanctum
791 3759 1054 3832 Spiritum
1094 3761 1311 3814 locutus
1338 3770 1441 3816 est.
1469 3761 1726 3828 Quaenam
1753 3772 1931 3817 autem
1965 3764 2074 3822 sint

499 3853 608 3904 duo
637 3851 772 3926 haec,
815 3851 1167 3928 postmodum
1202 3851 1445 3906 declarat
1473 3852 1662 3924 dicens
1717 3853 1859 3922 quod
1920 3855 2073 3926 solus

503 3941 652 4022 Deus
688 3952 884 4024 potens
925 3957 1028 4008 est,
1071 3955 1126 4000 et
1182 3943 1328 4015 quod
1381 3945 1531 3999 solus
1567 3946 1906 4000 misericors.
1959 3946 2078 4010 Quo

2188 3305 2419 3374 ἑλάλησέ
2456 3321 2546 3371 μοι
2568 3303 2656 3356 διὰ
2687 3301 2781 3354 τοῦ
2810 3302 2968 3370 ἁγίου
3022 3299 3336 3368 [ινεύματος
3367 3299 3394 3350 ὀ
3429 3297 3580 3358 Θεὸς.
3629 3296 3763 3361 Τίνα

2185 3397 2243 3449 δέ
2272 3400 2377 3449 εἰσι
2420 3396 2486 3447 τὰ
2516 3395 2610 3447 δύο
2645 3411 2661 3459 ;
2709 3395 2830 3447 Ὅτι
2863 3394 3025 3464 μόνος
3064 3391 3332 3462 κραταιὸς
3378 3391 3409 3442 ὁ
3456 3389 3610 3453 Θεὸς,
3665 3391 3762 3447 καὶ

2183 3488 2266 3540 ὅτι
2305 3487 2465 3557 μόνος
2499 3486 2770 3556 ἐλεήμων.
2804 3485 2869 3538 Τί
2900 3485 2957 3538 δὲ
2993 3483 3138 3537 Θέλει
3175 3483 3350 3535 ταῦτα
3380 3479 3607 3551 δηλοῦνς
3641 3480 3762 3533 Ὅτι

2185 3578 2412 3639 δυνατός
2455 3581 2603 3630 ἐστιν
2633 3576 2960 3630 ἀπώσασθαι
2987 3577 3086 3644 μὲν
3137 3576 3263 3638 τοὺς
3308 3573 3534 3644 ἐχθροὺς
3553 3571 3710 3642 ἡμῶν
3745 3609 3760 3627 .

2185 3671 2408 3740 ἐλεῆσαι
2434 3671 2489 3722 δὲ
2520 3671 2690 3739 ἡμᾶς.
2733 3670 2842 3723 Καὶ
2871 3669 2984 3728 ἴνα,
3018 3668 3093 3731 ὡς
3142 3669 3240 3735 μὲν
3275 3665 3552 3737 κραταιὸς,
3590 3661 3760 3732 φοϐη-

2187 3763 2404 3831 θῶμεν·
2429 3762 2504 3824 ὡς
2535 3761 2787 3832 ἐλεήμων
2826 3760 2903 3822 δὲ,
2950 3760 3356 3830 προδράμωμεν
3381 3776 3394 3790 υ
3450 3759 3656 3811 νοεῖται
3701 3755 3761 3812 δὲ

2187 3855 2280 3907 καὶ
2301 3854 2488 3916 ἁπλῶς
2520 3855 2601 3916 τὸ,
2672 3851 2998 3918 Ἐλάλησε.
3054 3851 3322 3913 Πολλάκις
3377 3851 3484 3921 γὰρ
3535 3848 3758 3906 τοιαῦτα

2189 3945 2323 4014 πρὸς
2348 3947 2552 4013 Μωσῆν
2582 3946 2824 4014 εἴρηκεν,
2864 3945 3006 3996 ὥστε
3036 3943 3357 4009 ἀναγγεῖλαι
3385 3941 3462 4011 τῷ
3482 3939 3616 4010 λαῷ.

497 4053 752 4096 sermone
777 4039 880 4092 hoc
911 4038 1158 4092 indicare
1190 4037 1350 4092 nobis
1377 4038 1550 4092 voluit
1592 4037 1887 4105 Pmpheta.
1918 4037 2067 4106 quod
2116 4037 2260 4092 Dens
2294 4048 2490 4107 potens
2523 4047 2627 4102 est,
2671 4037 2764 4105 qui
2795 4036 3046 4091 inimicos
3096 4043 3316 4090 nostros
3381 4034 3630 4104 repellat,
3707 4039 3762 4086 et

499 4133 590 4202 qui
651 4132 824 4187 nostri
858 4131 1187 4186 misereatur
1219 4150 1234 4187 :
1268 4140 1323 4187 et
1351 4132 1512 4186 docet
1566 4130 1792 4200 pariter,
1825 4130 1972 4200 quod
2005 4131 2169 4185 veluti
2213 4143 2484 4202 potentem
2525 4146 2649 4185 eum
2683 4131 2875 4184 timere
2903 4129 3186 4192 debemus,
3215 4138 3269 4184 et
3298 4129 3362 4183 ad
3430 4143 3553 4183 eum
3629 4141 3764 4181 con-

499 4228 693 4299 fugere
729 4235 996 4297 tanquam
1049 4227 1117 4282 ad
1150 4225 1592 4282 misericordem.
1634 4226 1943 4294 Intelligere
1968 4226 2132 4279 etiam
2209 4242 2501 4294 possumus
2553 4225 2913 4295 simpliciter,
2957 4223 3123 4280 Deum
3167 4225 3276 4278 duo
3353 4225 3465 4277 haec
3522 4227 3762 4277 locutum

496 4337 622 4378 esse
641 4321 1008 4392 ad'Moysem;
1043 4319 1363 4398 hujusmodi
1386 4320 1532 4375 enim
1558 4321 1887 4375 sententiain
1917 4333 2291 4391 saepenumero
2319 4321 2384 4374 ab
2408 4335 2473 4374 eo
2505 4319 2672 4390 Moysi
2701 4318 2901 4375 dictam
2972 4317 3220 4388 legimus,
3265 4325 3322 4371 ut
3379 4330 3499 4370 eam
3567 4313 3764 4384 populo

499 4416 873 4493 annuntiaret.

2253 4521 2382 4580 Ὅτι
2411 4517 2846 4581 σὺάποδὼσεις
2898 4515 3138 4580 ἑκάστῳ
3189 4513 3340 4566 κατὰ
3375 4509 3606 4578 τὰὲρτα
3663 4511 3763 4562 αὑ-

2185 4612 2310 4666 τοῦ.
2391 4609 2461 4661 Σὺ
2531 4608 2641 4678 γὰρ
2703 4609 2761 4660 ἐν
2829 4607 2909 4676 τῷ
2956 4607 3210 4677 μέλλοντι
3281 4603 3554 4674 κριτηρῐῳ
3632 4603 3766 4654 ἀπο-

2187 4706 2380 4776 νείμῃς
2419 4705 2640 4771 ἑκάστῳ
2666 4701 2736 4754 τὰ
2771 4701 2908 4770 πρὸς
2939 4699 3120 4767 ἀξίαν,
3147 4692 3223 4753 ὧν
3256 4698 3462 4767 ἔπραξε
3516 4695 3699 4750 καλῶν
3731 4694 3762 4762 ῆ

2187 4794 2395 4848 κακῶν.

2191 4885 2436 4958 Ψαλμὸς
2455 4883 2540 4950 τῷ
2569 4883 2746 4940 Δαὸὶδ
2766 4885 2837 4938 ἐν
2857 4884 2938 4949 τῷ
2977 4881 3128 4938 εἶναι
3151 4881 3338 4938 αὐτὸν
3377 4883 3448 4935 ἐν
3479 4879 3551 4948 τῇ
3573 4878 3772 4947 ἐρήμῳ

2747 4973 2854 5042 τῆς
2883 4976 3204 5041 Ἰουδαίας.

2760 5087 3054 5142 ΨΔΛΜΟΣ
3080 5086 3199 5140 EB’.

2249 5183 2472 5252 Φεύγων
2499 5185 2528 5235 ὁ
2559 5181 2724 5236 Δαϐὶδ
2753 5181 2845 5234 τὸν
2865 5181 3064 5246 Σαοὺλ,
3095 5177 3367 5232 κατέλαϐε
3406 5181 3505 5248 τὴν
3528 5179 3761 5249 ἔρημον,

2179 5276 2280 5346 τὴν
2309 5275 2616 5346 λεγομένην
2643 5272 2938 5345 Αῠχμώδη,
2972 5277 3028 5325 ἐν
3158 5273 3250 5323 τὸν
3309 5270 3559 5342 παρόντα
3617 5271 3770 5322 συνέ-

2179 5368 2309 5432 ταξε
2338 5368 2575 5438 ψαλμὸν,
2605 5367 2894 5430 διδάσκων,
2925 5365 3108 5419 ὁποῖον
3126 5360 3240 5432 εἶχε
3254 5362 3390 5431 πρὸς
3415 5363 3550 5416 Θεὶν
3567 5362 3769 5434 ἔρωτα,

574 4529 842 4596 Quoniam
887 4536 943 4578 tu
999 4525 1182 4579 reddes
1234 4526 1514 4596 unicuique
1570 4529 1856 4580 secundum
1915 4542 2071 4591 opera
2103 4525 2154 4584 D

503 4637 623 4674 sua.
659 4599 740 4672 Tu
767 4618 913 4674 enim
971 4616 1160 4669 futuro
1193 4615 1406 4684 judicio
1458 4616 1731 4688 condigna
1784 4617 2080 4687 unicuique

504 4727 602 4780 pro
645 4710 908 4780 operibus
945 4708 1246 4772 retribues,
1288 4708 1404 4763 sive
1444 4707 1586 4764 bona
1625 4724 1690 4764 ea
1722 4709 1942 4774 fuerint,
1980 4724 2076 4764 seu

503 4804 664 4858 mala.

544 4894 794 4974 Psalmus
828 4898 928 4967 ipsi
972 4896 1144 4951 David
1176 4915 1293 4966 cum
1323 4906 1456 4950 esset
1485 4897 1538 4960 in
1578 4895 1785 4965 deserto
1813 4893 2040 4967 Juda'tc.

1037 5095 1357 5153 PSAIJIUS
1400 5094 1563 5150 LXII.

572 5190 814 5261 Fugiens
859 5191 1079 5245 Saulem
1121 5189 1316 5243 beatus
1354 5185 1543 5251 David,
1568 5185 1862 5255 occupavit
1893 5183 2081 5238 deser-

504 5297 617 5338 tum
677 5285 820 5354 quod
860 5282 1140 5338 Siccitatis
1183 5281 1410 5341 dicitur,
1469 5293 1564 5332 seu
1621 5275 1948 5345 Squailoris,
1990 5274 2079 5329 ubi

506 5380 652 5432 hunc
680 5377 948 5448 psalmum
985 5373 1297 5444 coauposuit
1323 5389 1336 5425 :
1362 5385 1471 5438 quo
1507 5379 1560 5424 et
1585 5383 1862 5428 summum
1895 5365 2078 5420 omni-

1829 5543 2024 5604 Varia:
2057 5543 2387 5608 lectiones.

2176 5681 2385 5805 ω’(ῗῧ
2411 5743 2485 5794 Aul
2529 5741 2752 5795 vcrbunt
2788 5757 2800 5791 ε
2844 5738 3027 5792 Potest
3055 5755 3108 5800 α.
3133 5753 3235 5806 q.s.
3271 5736 3307 5790 Ι.
3337 5737 3400 5789 de
3418 5733 3663 5806 pluribus
3684 5733 3775 5784 di-

2177 5804 2304 5866 cere.
2343 5813 2520 5866 Semel
2554 5813 2697 5864 enim
2727 5811 2794 5862 ml
2823 5810 3124 5861 universum
3147 5804 3453 5861 sermonem
3484 5804 3718 5873 refertur
3752 5820 3771 5856 :

2175 5900 2344 5937 sermo
2370 5899 2484 5936 vero
2515 5883 2664 5936 varia
2710 5878 3072 5949 complectitur
3105 5894 3122 5939 ;
3189 5875 3387 5932 ρατιονε
3425 5875 3767 5944 interpretis.

578 5677 690 5744 (M)
715 5677 895 5731 Minus
948 5683 1116 5744 recte.
1170 5669 1358 5729 Grmce
1391 5694 1403 5731 :
1440 5671 1766 5742 lnjustitiam
1828 5670 2062 5739 appellat

505 5739 720 5804 diuitias
744 5739 1009 5814 injustitiri
1039 5755 1241 5814 partas.
1497 5739 1510 5742 ⁷
1996 5744 2002 5748 ’

574 5817 689 5888 (15)
713 5814 1083 5888 Non__videtur
1115 5816 1421 5888 interpres
1450 5815 1558 5866 vim
1600 5823 1779 5888 textus
1837 5829 2064 5888 assecu-

506 5883 593 5962 tus
640 5901 785 5942 esse.
819 5885 1006 5939 (innec
1044 5885 1277 5938 habetur
1305 5903 1318 5938 :
1372 5883 1452 5938 Nc
1482 5885 1716 5938 eveniant
1750 5901 1866 5953 qua:
1897 5886 2065 5941 mina.
