4020 6218
359 299 472 362 629

1521 293 1668 355 (ῘΟΜ
1681 295 1728 352 Μ
1744 292 1912 352 ENT.
1959 291 2034 349 1N
2092 293 2451 365 l'SALMOS,

3503 302 3609 363 r3)

356 412 452 465 καὶ
474 409 869 479 προαγορεύων
902 408 995 462 τδν
1026 408 1252 478 δλεθρον
1308 408 1417 460 τῶν
1476 407 1926 462 καταδιωκὸντων

2032 401 2131 455 bus
2172 416 2416 457 amorem
2443 404 2762 465 declaravit.
2791 422 2949 475 quem
2986 422 3111 476 erga
3153 408 3322 460 Deum
3350 409 3606 470 habebat,

360 500 523 554 αὐτόν
556 515 569 529 ⁸
610 499 701 553 ἶνα
732 500 828 553 καὶ
852 501 1009 569 ἡμῶν
1038 500 1176 570 πρὸς
1197 499 1332 551 Θεὸν
1382 498 1526 552 οὕτω
1564 498 1934 567 διακειμένων

361 593 420 644 ὲν
448 592 515 660 τῇ
554 590 766 660 ἐρημίᾳ.
797 590 904 641 τῶν
933 589 1124 659 ἡδέων,
1158 588 1557 659 ὀλοθρεύωνται
1581 587 1635 640 οἵ
1663 605 1723 640 τε
1744 588 1935 657 oportet

360 683 457 735 καὶ
492 682 718 750 ἀόρατοι
749 680 1301 752 ἐχθροὶήμῶν.,Τινὰ
1329 682 1388 735 δὲ
1422 682 1530 735 τῶν
1553 680 1933 752 ἀντιγράφων,

358 775 429 827 ἐν
463 771 540 840 τῇ
588 773 787 842 ἐρήμῳ
844 771 955 841 τῆς
1012 773 1360 842 Ἰδουμαίας
1449 778 1773 843 γράψωσιν.
1844 775 1934 826 El-

361 865 454 927 κὸς
504 864 563 917 δὲ
618 864 720 933 τὴν
769 863 978 933 ἔρημον
1048 866 1289 935 ἐκείνην,
1330 866 1438 935 πρὸ
1484 866 1581 919 τοῦ
1632 866 1732 936 τῆς
1772 867 1933 920 ’ἰδουσ

363 956 528 1025 μαίας
567 956 671 1025 γῆς
744 956 934 1021 οὖσαν,
986 955 1218 1029 ὕστερον
1253 958 1506 1026 γενέσθαι
1587 960 1758 1029 μέρος
1831 960 1933 1027 τῆς

376 1047 658 1109 Ἰουδαίας.

423 1227 486 1282 Ὀ
519 1229 684 1295 Θεὸς,
717 1232 750 1284 ό
773 1233 919 1297 Θεός
933 1250 1076 1302 μου,
1109 1236 1259 1305 πρὸς
1289 1237 1365 1291 σὲ
1399 1240 1524 1306 όρθί
1543 1238 1660 1299 (tot.
1692 1241 1836 1311 Πρὸς
1871 1242 1930 1295 σὲ

359 1322 450 1374 τὴν
479 1321 678 1392 ὄρθρον
697 1324 800 1393 τῆς
826 1327 1039 1395 ἡμέρας
1076 1329 1269 1399 διάγω.
1303 1334 1768 1404 Ἀφυπνιζόμενος
1799 1337 1928 1405 γὰρ,

364 1413 497 1483 πρὸς
517 1413 577 1467 σὲ
599 1415 827 1485 γίνομαι
849 1422 962 1482 τοῖς
1005 1420 1308 1492 λογισμοῖς,
1367 1428 1476 1495 πρὸ
1514 1430 1714 1491 παντὸς
1767 1430 1929 1499 λόγου

360 1505 451 1555 καὶ
487 1503 653 1573 ἔργου
714 1506 814 1578 τὴν
859 1510 998 1579 πρὸς
1054 1510 1116 1563 σὲ
1154 1514 1481 1584 ποιούμενος
1538 1518 1780 1585 ὁμιλίαν,
1835 1522 1931 1573 καὶ

358 1595 532 1739 ἓρὲίήν
556 1612 638 1650 σοι
667 1597 766 1668 τῆς
794 1600 1006 1671 ἡμέρας
1038 1604 1138 1673 τὴν
1190 1606 1449 1678 τοιαύτην
1489 1610 1707 1679 ὁμιλίαν
1741 1613 1931 1666 ἀνατι-

395 1704 495 1739 sic.
742 1732 753 1739 .

395 1704 495 1751 εις.

406 1873 703 1945 Ἐδίψησέ
753 1894 852 1935 σοι
905 1884 943 1950 ὴ
1000 1885 1171 1954 ψυχή
1221 1903 1362 1955 μου.
1423 1888 1523 1942 Διὰ
1575 1891 1669 1943 τοῦ
1719 1891 1931 1960 δίψους,

355 1965 455 2035 τὴν
513 1970 888 2058 Δσφοδρότητα
961 1977 1060 2046 τῆς
1153 1977 1377 2050 ἀγάπης
1462 1981 1705 2051 ᾐνίξατο·
1763 1986 1933 2058 ΕτρτΓ

356 2070 446 2148 ται
507 2054 564 2148 δὲ
622 2060 752 2129 περὶ
800 2061 993 2116 τούτου
1037 2066 1096 2119 ὲν
1149 2067 1227 2138 τῷ
1277 2070 1445 2141 τρίτῳ
1507 2074 1675 2144 στίχῳ
1714 2075 1810 2129 τοῦ
1838 2054 1933 2148 μα’

352 2146 460 2214 th).
468 2147 591 2217 μοῦ.

425 2239 765 2309 Ποσιιπλῶς
788 2244 827 2311 ἡ
858 2246 1014 2314 σάρξ
1032 2265 1171 2317 μου.
1209 2250 1285 2305 Τὸ
1340 2258 1704 2325 ποσαπλῶς,
1737 2277 1932 2315 ποσα-

357 2328 476 2396 χῶς
507 2331 775 2397 ιξέδωκεν
807 2338 834 2388 ὁ
855 2337 1175 2397 Θεοδοτίων.
1201 2344 1373 2416 Φησῑν
1400 2345 1493 2401 οὖν
1518 2390 1533 2415 ,
1590 2353 1672 2405 ὅτι
1732 2356 1931 2407 Ποσα-

358 2419 477 2486 χῶς
499 2437 598 2476 σοι
618 2427 708 2492 εις
746 2428 990 2496 ἀγάπην
1015 2432 1151 2503 ἐγώ.
1190 2435 1384 2510 Ψυχὴν
1434 2441 1543 2512 γὰρ
1590 2444 1788 2498 ἑαυτοῦ
1836 2448 1930 2500 καὶ

358 2514 536 2582 σάρκα
596 2517 791 2573 ἑαυτοῦ
828 2523 1152 2593 ἀδιαιρέτως
1181 2530 1374 2585 ἑαυτὸν
1428 2532 1599 2602 λέγει,
1651 2537 1791 2591 κατὰ
1833 2556 1929 2592 πε-

277 2678 281 2680 7
360 2604 647 2676 ρίφρασινο
675 2610 763 2665 διὰ
805 2613 862 2667 δὲ
902 2615 1001 2701 ,τοῦ
1054 2623 1341 2691 ποσαχῶς
1361 2625 1422 2678 τὸ
1465 2628 1808 2698 πολλαπλῶς,
1834 2635 1927 2686 καὶ

354 2700 412 2750 c‘r
436 2701 886 2770 ὑπερϐαλλόντως
912 2710 1213 2779 εἰσάγεται.

425 2883 527 2938 Ἔν
551 2885 626 2955 γῇ
650 2887 867 2959 ἐρήμῳ,
896 2894 991 2947 καὶ
1021 2895 1235 2965 ἀϐάτῳ,
1272 2900 1372 2955 καὶ
1401 2902 1654 2974 ἀνύδρῳ.
1689 2909 1846 2966 Οὕτω
1870 2913 1926 2968 δὲ

358 2975 461 3045 ἔχω
505 2980 564 3076 ἐν
599 2981 774 3054 ταύτῃ
813 2987 878 3053 τῇ
930 2986 1124 3059 ἐρήμῳ
1155 2990 1251 3056 ὢν,
1285 2993 1426 3048 ὥστε
1453 2998 1514 3051 τὸ
1562 3001 1925 3076 ἀπαρηγόρη-

2037 504 2092 548 et
2125 504 2536 562 persecutornm
2578 512 2803 552 suorum
2850 500 3053 567 pariter
3092 501 3303 553 ruinam
3334 499 3609 569 przrdixit,

2037 588 2242 642 docens
2272 628 2286 652 ,
2320 589 2465 658 quod
2501 590 2792 644 nobishoc
2829 602 2987 658 pacto
3016 592 3066 644 in
3098 593 3315 647 deserto
3346 609 3409 647 ac
3441 594 3609 651 steri-

2037 677 2191 731 litate
2219 678 2556 747 voluptatum
2591 696 2717 749 erga
2760 680 2927 735 Deum
2974 682 3211 744 allectis,
3250 685 3609 738 destruentur

2038 785 2100 823 ac
2150 768 2486 839 fugabuntur
2537 773 2795 827 similiter
2821 783 2927 828 tam
2966 774 3269 830 invisibiles
3315 790 3478 844 quam
3528 777 3608 828 vi-

2037 863 2226 918 sibiles
2284 862 2517 917 inimici.
2568 865 2823 930 Quaedam
2856 881 2982 920 vero
3012 867 3341 937 exemplaria
3374 867 3598 933 habent,

2036 959 2089 1012 in
2137 959 2344 1013 deserto
2394 957 2691 1026 Idumaeas;
2732 962 3034 1017 verisimile
3085 972 3171 1017 est
3204 972 3387 1017 autem
3418 963 3607 1017 deser-

2036 1060 2148 1102 tum
2178 1051 2309 1104 illud
2344 1060 2501 1105 antea
2539 1050 2787 1107 ldumazae
2839 1054 3079 1122 regionis
3115 1054 3304 1120 fuisse,
3331 1062 3386 1108 et
3413 1055 3609 1108 deinde

2033 1138 2231 1195 Jndazte
2262 1151 2468 1209 partem
2517 1142 2765 1198 effectum
2797 1160 2944 1200 esse.
2990 1173 3001 1182 ο

2107 1231 2271 1284 Vens.
2295 1232 2352 1285 2.
2388 1231 2547 1295 Deus,
2582 1231 2718 1287 Deus
2750 1249 2919 1296 meus,
2956 1233 3025 1286 ad
3068 1243 3116 1287 te
3143 1234 3207 1287 de
3250 1248 3402 1287 mane
3426 1249 3606 1300 surgo.

2034 1320 2113 1377 Ad
2149 1331 2218 1387 te,
2255 1321 2450 1389 inquit,
2476 1324 2831 1392 tempestivus
2862 1323 3083 1389 festino,
3109 1325 3200 1394 qui
3233 1333 3286 1378 et
3311 1323 3606 1379 diluculum

2034 1422 2090 1467 et
2136 1428 2298 1469 mane
2350 1413 2461 1469 diei
2508 1413 2732 1469 diceris.
2773 1415 3135 1480 Experrectus
3167 1416 3313 1470 enim
3349 1430 3378 1469 a
3412 1428 3608 1469 somno

2033 1507 2219 1561 statim
2251 1507 2685 1578 cogitationibus
2734 1508 2870 1563 meis
2908 1507 3004 1561 tibi
3039 1508 3257 1572 adsunt,
3313 1522 3609 1562 conversa-

2028 1599 2354 1668 tionemque
2385 1600 2524 1653 hanc
2550 1607 2604 1653 et
2631 1613 2966 1663 sermonem,
3007 1614 3171 1668 quem
3204 1607 3382 1653 tecum
3409 1597 3607 1659 habeo,

2035 1692 2462 1761 quihuscnnque
2508 1693 2631 1747 aliis
2683 1692 2848 1747 rebus
2880 1701 2933 1747 et
2964 1690 3201 1761 negotiis
3231 1704 3516 1760 praepono,
3556 1698 3611 1743 et

2039 1798 2137 1848 pro
2166 1784 2335 1838 totius
2358 1783 2463 1839 diei
2506 1783 2762 1853 primitiis
2786 1784 2883 1839 tibi
2918 1783 3111 1839 oliero.

2106 1874 2282 1930 Sitivit
2322 1877 2375 1930 in
2420 1885 2469 1931 te
2510 1877 2692 1930 anima
2744 1893 2883 1932 mea.
2937 1876 3039 1931 Per
3084 1876 3256 1940 sitim,
3297 1871 3609 1929 dilectionis

2033 1967 2438 2022 vehementiam
2493 1967 2788 2038 signiﬁcat,
2840 1969 2912 2022 do
2967 1983 3075 2037 qua
3136 1968 3345 2022 dictum
3404 1972 3492 2021 est
3553 1965 3607 2019 in

2036 2059 2249 2129 psalttto
2282 2074 2371 2112 xu
2400 2058 2478 2128 (in
2505 2059 2667 2114 tertio
2702 2059 3030 2130 versiculo).

2104 2243 2277 2306 Quam
2334 2242 2698 2312 multipliciter
2747 2242 2841 2297 tibi
2894 2259 3021 2298 caro
3084 2259 3219 2298 mea.
3278 2241 3407 2308 Pro,
3448 2259 3609 2315 quam

2034 2333 2422 2403 multipliciter,
2458 2332 2803 2390 Theodotion
2844 2335 3129 2390 transtulit
3153 2374 3168 2397 ,
3203 2351 3363 2405 quam
3417 2336 3608 2399 δωρίτ-

2032 2425 2181 2485 εἱηιο,
2213 2423 2316 2477 hoc
2341 2430 2427 2478 est
2449 2461 2463 2487 ,
2492 2423 2730 2479 assidue.
2765 2422 2912 2490 Tibi,
2948 2426 3147 2494 inquit,
3180 2425 3403 2478 assidue
3428 2424 3608 2478 inten-

2032 2522 2120 2568 tus
2161 2515 2214 2568 in
2250 2514 2327 2568 tui
2374 2515 2725 2569 dilectionem
2795 2515 2966 2571 feror.
3028 2513 3133 2570 Per
3181 2530 3399 2568 carnem
3462 2515 3607 2569 enim

2034 2600 2194 2659 suam
2276 2613 2330 2659 et
2399 2620 2497 2675 per
2558 2605 2794 2660 animam
2890 2620 3044 2660 suam
3121 2604 3609 2673 circumloqnendo

2032 2698 2276 2768 seipsum
2336 2699 2544 2769 passim
2597 2697 2872 2768 intelligit.
2934 2697 3116 2753 Dictio
3174 2706 3398 2760 autem,
3448 2712 3609 2765 quam

2030 2790 2414 2859 multipliciter,
2443 2790 2877 2845 immensitatem
2913 2790 3252 2844 demonstrat
3275 2788 3607 2843 dilectionis.

2103 2881 2267 2936 Vens.
2311 2881 2364 2934 5.
2400 2878 2467 2933 1η
2501 2888 2645 2934 terra
2676 2879 2911 2947 deserta,
2942 2888 2992 2935 et
3025 2881 3192 2941 invia.
3230 2890 3279 2939 et
3325 2881 3604 2947 inaqucsa.

2029 2973 2088 3028 ιιι
2122 2974 2248 3038 hoc,
2290 2972 2498 3044 inquit,
2552 2973 2795 3037 deserto,
2829 2972 2922 3028 ubi
2967 2987 3114 3027 nunc
3160 2985 3367 3032 moror,
3409 2970 3484 3023 ita
3522 2984 3608 3023 me

355 3084 446 3120 τον
468 3069 564 3124 τοῦ
597 3075 869 3144 παρόντος
918 3081 1087 3135 τόπου
1114 3084 1204 3137 τὸν
1231 3087 1366 3154 πρὸς
1394 3089 1454 3142 σέ
1489 3107 1595 3160 μου
1636 3064 1802 3150 πύθον
1824 3064 1927 3153 ούκ

2032 3081 2186 3139 gero,
2238 3075 2297 3121 ut
2334 3066 2493 3122 locus
2548 3066 2641 3136 qui
2702 3065 2906 3136 alioqui
2962 3064 3127 3120 omni
3172 3078 3401 3133 prorsus
3453 3071 3611 3117 vacat

356 3161 612 3232 ἡμειψενο

416 3344 616 3439 Ούτως
643 3347 712 3401 ἐν
733 3348 813 3415 τῷ
828 3352 974 3421 ἁγίῳ
999 3352 1208 3423 ὤφθην
1222 3373 1341 3413 σοι.
1368 3361 1556 3426 Οὕτως
1578 3364 1718 3435 ἔχων
1734 3366 1925 3439 ὤφθην

353 3452 435 3490 σοι
468 3437 525 3490 ὲν
550 3441 616 3510 τῇ
657 3444 855 3513 σκηνῇ,
890 3444 977 3497 ὅτε
1010 3445 1320 3518 ὲλάτρευον,
1353 3451 1428 3514 ὼς
1466 3457 1494 3507 ό
1521 3456 1699 3526 ’νόμος
1760 3437 1926 3515 πᾶσιν

351 3530 604 3623 ἐξέλευεν
627 3549 641 3563 ο
689 3535 895 3607 ταύτην
931 3538 1040 3608 γὰρ
1088 3539 1245 3609 ἅγιον
1277 3544 1462 3599 καλεῖ·
1493 3548 1665 3615 οὕτως
1697 3551 1771 3616 ὡς
1818 3553 1928 3623 ἔχω

349 3621 467 3676 νῦν.
506 3624 667 3691 Λέγει
696 3627 752 3679 δὲ
781 3628 861 3681 ὃτι
889 3630 1000 3683 Καὶ
1024 3633 1142 3686 ἐκεῖ
1165 3633 1459 3708 εὐχόμενος
1520 3640 1617 3695 καὶ
1667 3621 1924 3711 ἐνταῦθα,

352 3710 476 3781 ἴσην
515 3715 771 3782 φυλάττω
803 3719 904 3790 τὴν
926 3721 1191 3779 διάθεσιν.

424 3983 537 4038 Τοῦ
559 3984 710 4042 ιόεἴν
739 3989 854 4055 τὴν
881 3989 1141 4061 δύναμιν
1162 4008 1279 4050 σου
1311 3997 1409 4051 καὶ
1429 3998 1547 4066 τὴν
1570 4001 1762 4067 δόξαν
1804 4021 1922 4059 σου

346 4074 526 4131 Τοῦτο
554 4078 610 4131 δὲ
649 4081 807 4143 ποιῶ,
825 4080 966 4136 ὥστε
999 4085 1128 4138 ἰδεῖν
1162 4087 1262 4159 τὴν
1291 4090 1523 4160 δύναμίν
1548 4111 1665 4159 σου,
1726 4099 1786 4149 ὲν
1845 4098 1923 4168 τῷ

341 4168 700 4239 τῳπωθῆναι
726 4173 858 4234 τοὺς
886 4175 1112 4244 ἐχθρούς
1145 4197 1249 4247 μου
1278 4197 1294 4212 '
1325 4181 1423 4252 τὴν
1442 4183 1498 4236 δὲ
1528 4185 1684 4251 δόξαν
1720 4205 1840 4248 σου.
1867 4191 1925 4243 ἐν

340 4258 427 4328 τῷ
453 4260 666 4324 πάντας
696 4262 1050 4336 δοξολογῆσαί
1081 4287 1141 4322 σε
1197 4273 1286 4325 τὸν
1323 4274 1622 4345 βοηθοῦντα
1676 4282 1788 4342 τοῖς
1845 4284 1924 4344 εἰς

342 4352 405 4403 σὲ
424 4351 756 4417 ἐλπίζουσιν.

354 4606 359 4611 ο
423 4530 554 4585 Ὀτι
589 4533 883 4599 κρεῖσσον
916 4534 984 4589 τὸ
1025 4536 1202 4603 ἔλεός
1229 4555 1346 4595 σου
1376 4543 1526 4610 ὑπὲρ
1552 4542 1717 4611 (atde.
1767 4548 1923 4612 Ζωὰς

336 4620 496 4688 λέγει
520 4625 649 4685 τοὺς
674 4628 987 4698 τρυφηλοὺς
1033 4630 1186 4701 βίους
1216 4634 1310 4687 καὶ
1364 4636 1461 4699 τὰς
1517 4628 1923 4704 ἀπολαυστικὰς

333 4710 592 4775 διαίτας.
634 4716 904 4785 Κρείσσόν
957 4736 1069 4790 μοι,
1101 4724 1367 4794 φησὶν,ὲν
1409 4728 1603 4799 ἐρήμῳ
1653 4730 1922 4786 ἐλεεῖσθαι

332 4805 503 4875 παρὰ
526 4806 644 4871 σοῦ,
675 4808 707 4878 ἥ
749 4812 806 4862 ὲν
825 4814 1003 4883 τρυφῇ
1036 4816 1134 4868 καὶ
1152 4816 1451 4872 ἀπολαύσει
1479 4822 1588 4874 τῶν
1641 4824 1923 4895 ἀνθρωπί-

331 4915 456 4950 νων
489 4900 661 4968 ἡδέων
693 4902 921 4972 διάγειν.

413 4988 496 5041 Τὰ
525 4992 700 5060 χείλη
726 5011 846 5062 μου
878 4996 1280 5054 ἐπαινέσουσι
1306 5015 1400 5054 σε.
1450 5002 1550 5056 Διὰ
1612 5004 1770 5059 τοῦτο
1826 5011 1921 5061 καὶ

329 5079 580 5151 ὑμνήσω
613 5099 696 5137 σε.

400 5172 615 5239 Οὕτως
636 5177 954 5268 εὐλογήσω
983 5195 1058 5234 σε
1080 5180 1152 5235 ἐν
1175 5179 1250 5249 τῇ
1276 5181 1390 5249 ζωῇ
1413 5200 1555 5251 μου.
1605 5183 1791 5248 Οὕτως
1846 5189 1921 5250 ὡς

328 5264 463 5329 νῦν,
483 5267 763 5323 τουτέστιν
792 5264 1122 5341 εἱλιὶιρινῶς,
1145 5275 1447 5340 τουτέστιν,
1479 5278 1538 5345 ἐξ
1569 5278 1699 5348 ὅλης
1718 5279 1918 5351 ψυχῆς.

421 5447 536 5503 Ἐν
557 5450 639 5515 τῷ
666 5451 914 5519 ὀνόματί
933 5468 1049 5506 σου
1089 5452 1211 5522 apt?)
1237 5454 1344 5521 τὰς
1373 5455 1578 5523 χεῖράς
1632 5476 1772 5526 μου.
1826 5459 1919 5519 El;

325 5544 392 5597 σὲ
428 5542 601 5612 μόνον
633 5544 839 5599 ἐκτενῶ
865 5545 963 5607 τὰς
995 5547 1184 5617 χεῖράς
1222 5566 1344 5619 μου.
1373 5553 1443 5603 Ἢ
1482 5552 1543 5603 τὸ
1595 5550 1688 5603 σὺν
1747 5553 1917 5621 ὄνομα

324 5634 776 5706 ἑπικαλούμενος
801 5637 1006 5693 ἐκτενῶ
1032 5640 1224 5706 αὑτὰς,
1259 5643 1352 5695 καὶ
1402 5644 1501 5714 οὐχ
1550 5642 1738 5715 ἕτερον
1792 5661 1916 5699 τινα

323 5727 448 5783 τῶν
485 5726 763 5785 ἁπάντων.

2034 3159 2260 3225 solatio,
2299 3175 2481 3216 meum
2523 3175 2653 3231 erga
2695 3168 2749 3216 te
2789 3159 3123 3216 desiderium
3175 3157 3398 3210 minime
3426 3154 3609 3208 immic

2029 3266 2187 3311 nuat.

2098 3346 2185 3402 Sic
2216 3348 2269 3401 in
2308 3355 2492 3401 sancto
2528 3345 2758 3416 apparui
2796 3344 2913 3397 tibi.
2954 3341 3069 3397 Hoc
3099 3349 3261 3411 pacto
3293 3341 3604 3409 dispositus

2030 3439 2257 3510 apparni
2294 3439 2392 3493 tibi
2443 3441 2496 3493 in
2552 3437 2911 3493 tabernaculo
2942 3450 3095 3502 cum,
3143 3444 3205 3489 ut
3235 3435 3321 3489 lex
3354 3433 3606 3498 mandat,

2029 3536 2267 3591 colerent
2327 3543 2379 3588 te
2408 3534 2526 3606 (per
2558 3544 2803 3588 sanctum
2834 3532 2979 3588 enim
3019 3533 3196 3600 ipsum
3234 3529 3494 3601 intelligit
3523 3535 3609 3584 ta-

2031 3625 2438 3695 bernaculum),
2475 3634 2534 3678 ut
2558 3640 2706 3679 nunc
2738 3623 2969 3678 allectus
3001 3637 3144 3684 sum,
3177 3629 3230 3675 et
3255 3635 3450 3675 sensus
3476 3628 3562 3676 est
3589 3638 3604 3674 :

2026 3719 2172 3788 quod
2199 3717 2252 3769 in
2277 3717 2655 3779 tabernaculo,
2684 3726 2738 3771 et
2772 3729 2921 3769 nunc
2973 3713 3027 3767 in
3061 3714 3305 3776 deserto,
3335 3712 3604 3781 aequalem

2028 3822 2155 3877 erga
2189 3805 2357 3861 Deum
2387 3805 2736 3861 all‘ectionem
2795 3814 2850 3859 et
2898 3803 3341 3859 benevolentiam
3380 3816 3608 3858 conser—

2027 3899 2195 3955 vavit.

2103 3988 2168 4044 Ut
2194 3990 2419 4045 viderem
2464 3992 2709 4045 virtutem
2740 4001 2886 4044 tuam
2931 3998 2981 4044 et
3015 3988 3245 4059 gloriam
3276 3995 3447 4041 tuam.
3488 3985 3607 4042 lloe

2028 4090 2209 4137 autem
2251 4082 2396 4137 facio
2454 4092 2514 4137 ut
2557 4082 2821 4138 virtutem
2871 4097 2936 4136 ac
2980 4082 3283 4149 potentiam
3336 4088 3484 4133 tuam
3523 4080 3609 4133 vi-

2027 4173 2184 4227 deam
2212 4174 2474 4228 adversus
2509 4173 2765 4226 inimicos
2798 4187 2968 4234 meos,
3002 4188 3143 4241 quos
3175 4186 3204 4225 a
3244 4181 3295 4226 te
3334 4168 3606 4242 iugandos

2027 4281 2188 4335 spero
2225 4284 2239 4321 :
2268 4274 2322 4321 et
2347 4266 2622 4326 similiter,
2661 4274 2720 4319 ut
2747 4265 2960 4320 videant
2993 4264 3225 4336 gloriam
3258 4271 3433 4327 tuam,
3473 4265 3603 4318 dum

2029 4373 2222 4412 omnes
2274 4365 2327 4412 te
2382 4357 2733 4427 gloriﬁcant,
2796 4358 2957 4428 quod
3021 4358 3255 4427 adiuves
3312 4364 3606 4427 sperantes

2034 4452 2086 4505 in
2112 4459 2184 4505 te.

2103 4542 2268 4597 Vens.
2311 4543 2368 4598 4.
2410 4544 2680 4609 Quoniam
2729 4543 2916 4599 melior
2966 4552 3048 4599 est
3096 4542 3464 4598 misericordia
3512 4552 3604 4596 tua

2030 4650 2185 4703 super
2218 4635 2381 4693 vitas.
2411 4634 2562 4690 Vitas
2593 4635 2804 4691 deliciis
2825 4635 3040 4692 deditas
3074 4636 3207 4691 dicit
3266 4644 3320 4690 et
3348 4636 3605 4706 volupta-

2029 4726 2197 4781 tibus.
2225 4724 2479 4792 Praestat,
2504 4726 2707 4795 inquit,
2746 4737 2805 4782 nt
2839 4728 2892 4781 in
2944 4728 3169 4783 deserto
3222 4724 3368 4781 tuam
3404 4742 3597 4781 conse-

2026 4836 2165 4889 quar
2196 4822 2841 4891 misericordiam,q_nam
2871 4823 2914 4878 si
2951 4823 3007 4881 in
3051 4822 3265 4881 deliciis
3319 4839 3383 4878 ac
3442 4823 3599 4877 volu-

2026 4912 2270 4979 ptatibus
2309 4913 2566 4966 humanis
2600 4912 2816 4982 degam.

2097 5003 2266 5058 Labia
2302 5020 2418 5057 mea
2454 5004 2749 5058 laudabunt
2786 5013 2855 5059 te.
2886 5003 2950 5059 Et
2988 5005 3137 5071 ideo,
3176 5007 3376 5077 inquit,
3416 5022 3515 5077 ego
3548 5014 3599 5060 te

2026 5094 2283 5148 laudabo.
2569 5099 2576 5107 '

2096 5183 2263 5236 Vens.
2306 5183 2359 5238 5.
2403 5180 2493 5239 Sic
2542 5182 2845 5238 benedicam
2893 5193 2943 5238 te
2990 5199 3043 5236 ιη
3085 5183 3195 5236 vita
3246 5179 3504 5246 mea.Sic,
3537 5189 3597 5233 ut

2026 5291 2171 5330 nunc
2230 5275 2419 5339 l'acio,
2479 5276 2696 5331 sincere
2789 5276 3049 5328 nimirum
3134 5283 3298 5343 atque
3360 5288 3422 5326 ex
3482 5281 3593 5328 tota

2025 5366 2230 5421 anima.

2064 5478 2069 5481 -
2099 5456 2161 5510 In
2193 5459 2402 5511 nomine
2427 5469 2516 5512 tuo
2548 5458 2728 5514 levabo
2768 5474 2955 5511 manus
2989 5472 3151 5511 meas.
3191 5457 3271 5510 Ad
3308 5465 3358 5509 tu
3398 5471 3591 5521 unum,

2025 5551 2224 5618 inquit,
2268 5567 2463 5607 manus
2509 5567 2660 5606 meas
2713 5551 3028 5606 extendam.
3058 5548 3176 5613 Vel,
3214 5549 3468 5603 invocato
3498 5560 3592 5601 tuo

2025 5646 2248 5700 nomine
2298 5659 2391 5701 eas
2436 5646 2756 5709 extendam;
2807 5655 2859 5701 et
2908 5644 3120 5699 nullum
3167 5642 3317 5698 aliud
3370 5656 3591 5713 poscam

2024 5738 2316 5793 auxilium.
2966 5746 2971 5749 Ἴ
