4070 6224
399 313 508 375 635

477 423 639 476 Vens.
673 423 724 476 5.
755 421 940 477 Subito
972 421 1297 490 sagittabunt
1329 436 1469 486 eum,
1492 432 1539 474 et
1565 439 1669 476 non
1697 423 1972 476 timebunt.
2009 428 2052 481 Α

406 513 624 576 Statim,
659 514 859 582 inquit.
894 527 993 565 nec
1027 521 1425 580 prtecaventem
1451 529 1573 566 eum
1625 514 1974 582 sagittabunt,

404 603 636 663 nullam.
673 612 768 656 aut
801 601 894 657 Dei
932 602 1092 664 iram,
1144 611 1238 655 aut
1272 602 1494 656 humani
1524 602 1666 670 juris
1699 605 1876 672 legem
1910 604 1979 657 ti—

408 704 638 749 tuentes.

478 870 854 926 Stabiliverunt
889 873 990 928 sibi
1024 891 1312 928 sermonem
1349 891 1590 943 pravum.
1619 875 1857 929 Pravum
1894 875 1981 928 in-

411 964 682 1017 sidiarum
725 966 1018 1020 consilium
1050 968 1204 1037 sequi
1242 968 1630 1030 decreverunt,
1666 980 1723 1021 ut
1755 969 1983 1022 omnino

412 1054 827 1120 perliciendum.

483 1146 652 1200 Vens.
684 1147 736 1201 6.
768 1147 1135 1203 Nan-averunt
1199 1159 1258 1203 ut
1304 1151 1682 1205 abscondet-ent
1743 1153 1980 1220 laqueos.

414 1237 777 1308 Symmachus
807 1242 1046 1296 reddidit
1077 1259 1090 1295 :
1126 1242 1534 1297 Censuluerunt.
1575 1245 1986 1297 Consuluerunt

381 1331 724 1403 ¹ιιιθιιὶιιι,ιιῑ
767 1332 993 1400 laqueos
1044 1334 1448 1388 absconderem.
1502 1345 1556 1388 et
1590 1335 1798 1404 plagas,
1851 1335 1984 1390 dum

414 1421 745 1474 collocarent
783 1425 1028 1478 insidias.

491 1514 747 1566 Dixerunt
775 1532 793 1568 :
829 1514 958 1578 Qui:
985 1516 1175 1570 videbit
1205 1521 1336 1572 eos?
1364 1517 1496 1582 Quis
1523 1519 1668 1572 ultor
1701 1520 1986 1588 nimirum,

417 1591 735 1656 autvimlex'
771 1605 917 1659 illius
966 1607 1092 1670 erit,
1153 1625 1313 1676 quem
1363 1611 1616 1664 occidere
1669 1614 1989 1667 conantur?

419 1710 481 1746 ac
534 1695 577 1746 si
629 1695 820 1748 dicant
861 1714 874 1750 :
919 1695 1112 1754 Nullus
1159 1700 1470 1768 lmjusmodi
1522 1703 1716 1756 vindex
1770 1719 1865 1757 eos
1905 1705 1988 1757 vi-

418 1786 584 1838 ticlttl.

490 1875 652 1931 Vens.
687 1880 732 1933 7.
757 1879 997 1934 Scrutati
1020 1894 1141 1936 sunt
1165 1885 1515 1951 iniquitatem.
1547 1886 1992 1955 Perquisivcrunt

422 1970 789 2035 iniquitatem,
830 1983 979 2028 utea
1018 1982 1325 2030 uterentur.

496 2063 805 2129 Defecerunt
829 2075 1126 2120 scrutantes
1159 2071 1436 2123 scrutinia.
1502 2069 1615 2122 Hoc
1650 2080 1756 2133 est,
1798 2072 1994 2125 defati-

421 2148 528 2218 gati
565 2165 716 2222 sunt,
742 2167 1049 2227 quaerentes
1081 2159 1300 2217 dolosas
1334 2175 1482 2218 artes
1518 2173 1570 2215 (οι
1595 2173 1874 2219 struentes
1910 2166 1996 2216 in—

422 2247 614 2303 ﬁdius.

496 2340 657 2396 Vens.
703 2345 756 2399 8.
814 2343 1036 2398 Accedet
1087 2348 1267 2410 homo,
1321 2364 1366 2402 et
1421 2367 1510 2401 cor
1549 2351 1894 2416 profundum,
1947 2361 1996 2406 et

421 2433 748 2485 exaltabitnr
802 2435 958 2489 Deus.
1004 2437 1080 2489 Ad
1123 2453 1321 2503 pravos
1362 2441 1500 2493 istos
1532 2445 1659 2492 talia
1708 2443 1996 2498 molientes

424 2521 644 2575 accedet
680 2523 840 2578 homo
867 2526 1090 2594 aliquis,
1122 2528 1339 2579 illorum
1407 2530 1663 2596 pravitati
1701 2531 1993 2584 adversum

425 2630 510 2666 mc
538 2613 905 2671 inserviturus
928 2635 941 2669 :
966 2627 1020 2671 et
1046 2618 1208 2671 homo
1243 2619 1345 2672 iste
1398 2621 1498 2672 erit
1527 2637 1619 2672 cor
1651 2622 1995 2688 profundum,

428 2705 528 2758 hoc
549 2713 656 2770 est,
683 2711 864 2777 magni
907 2724 969 2760 ac
1004 2708 1261 2778 profundi
1290 2712 1504 2765 consilii
1540 2721 1592 2766 et
1622 2715 1896 2781 vergentis
1932 2714 1998 2767 ad

428 2798 650 2852 malum.
685 2797 818 2851 Nam
871 2809 923 2854 et
967 2802 1236 2869 profunda
1297 2803 1656 2858 inveniuntur
1689 2804 1754 2858 ad
1787 2807 1996 2858 malum

425 2889 675 2943 consilia.
707 2889 844 2944 Cum
874 2906 1004 2944 vero
1036 2893 1353 2962 apparuerit
1383 2895 1698 2963 liujusmodi
1727 2895 1998 2948 hominem

425 2983 719 3037 consilium
759 2999 920 3038 suum
958 3001 1066 3039 non
1113 3001 1276 3054 posse
1338 2988 1624 3056 perlicere,
1689 2999 1820 3042 tunc
1882 3005 2000 3042 ma-

426 3071 776 3139 gnificaliitur
807 3071 972 3136 Deus,
1011 3075 1103 3143 qui
1147 3077 1560 3143 comprehendit
1611 3077 1886 3146 sapientes
1946 3078 1998 3130 in

429 3162 627 3214 a~tntia
682 3178 873 3215 eorum
911 3165 978 3226 ",
1029 3163 1122 3231 qui
1175 3163 1482 3219 inellicaccs
1522 3165 1691 3220 fuisse
1747 3167 2000 3221 ostendet

426 3267 618 3306 eormn
683 3253 939 3307 insidias.
1019 3252 1327 3308 Verisimile
1385 3265 1470 3309 est
1542 3265 1723 3310 autem
1785 3258 2001 3328 aliquos

430 3340 718 3411 fuisse-qui
767 3353 824 3397 ut
858 3343 1095 3400 inimicis
1147 3345 1607 3412 gratificarentur,
1645 3351 2001 3416 accesserint,

429 3439 483 3485 et
512 3447 731 3499 operam
760 3447 914 3485 suam
951 3432 1217 3490 adversus
1244 3433 1456 3502 justum
1481 3436 1711 3503 polliciti
1747 3434 1881 3492 sint.

500 3519 667 3577 Vens.
705 3525 764 3578 9.
791 3522 1400 3594 Sagittarparvulorum.
1431 3529 1576 3596 facta
1628 3540 1750 3583 sunt
1791 3532 2004 3585 verrem

428 3631 632 3668 eorum.
663 3615 976 3671 inefﬁcaces
1005 3618 1293 3674 nimirum.
1332 3619 1662 3688 Hnjusmodi
1701 3624 1844 3676 enim
1877 3633 2004 3678 sunt

431 3707 780 3776 parvulorum
815 3709 976 3764 ictus.
1014 3708 1106 3764 Vel
1171 3711 1361 3778 etiam,
1414 3721 1640 3782 propter
1696 3716 2005 3783 percutien-

351 3833 354 3835 λ
430 3799 564 3852 tium
603 3799 996 3856 infirmitatem.
1031 3801 1134 3856 Per
1163 3805 1387 3858 verbera
1418 3815 1597 3859 autem
1631 3806 1716 3860 hic
1761 3807 2008 3860 amictio—

430 3905 525 3945 nes
556 3891 820 3961 intellige.

502 3981 571 4034 Et
603 3984 888 4052 inﬁrmata:
920 3996 1043 4040 sunt
1085 3999 1270 4042 contra
1318 4007 1405 4044 eos
1440 3991 1638 4061 lingua:
1668 4010 1868 4046 eorum.
1907 3994 2008 4048 Per

430 4074 644 4144 linguas
693 4076 842 4144 ipsas
884 4077 1139 4146 intelligit
1189 4082 1493 4137 calumnias
1536 4091 1590 4136 et
1640 4086 2009 4154 conspiratio.

434 4169 552 4227 nes,
605 4181 723 4233 qua:
781 4183 876 4234 per
912 4169 1148 4238 linguam
1205 4181 1600 4226 contexuntur.
1647 4173 1768 4226 llaec
1807 4177 2006 4229 etenim

433 4266 562 4308 sunt
606 4257 802 4326 linguae
845 4275 1038 4329 opera.
1093 4262 1386 4316 lnﬁrniatze
1436 4263 1600 4332 igitur
1642 4275 1771 4319 sunt
1813 4266 2008 4333 linguae

432 4361 622 4399 eorum
660 4348 712 4400 in
747 4363 828 4402 eis
864 4365 878 4401 :
916 4355 1254 4418 nequeuntes
1282 4350 1492 4403 scilicet
1529 4351 1743 4417 aliquod
1774 4352 2007 4420 amplius

433 4435 634 4490 facere.

503 4528 668 4582 VEns.
703 4529 786 4582 10.
819 4528 1039 4582 Turbati
1064 4541 1187 4584 sunt
1233 4548 1410 4586 omnes
1453 4535 1544 4600 qui
1593 4533 1836 4587 videbant
1895 4551 2004 4589 eos.

433 4619 495 4683 li,
533 4623 734 4689 inquit,
772 4623 866 4690 qui
899 4623 1034 4675 tales
1090 4637 1155 4677 ac
1199 4632 1380 4677 tantos
1431 4626 1682 4680 homines
1714 4628 2009 4682 conatibus

435 4714 555 4767 suis
577 4713 838 4769 omnibus
873 4714 1170 4770 frustratos
1202 4717 1478 4781 viderunt,
1511 4734 1617 4771 non
1654 4720 2009 4774 mediocriter

435 4806 741 4874 perturbati
786 4815 937 4862 sunt.

508 4897 577 4953 Et
611 4901 786 4953 timuit
816 4902 984 4956 omnis
1015 4903 1190 4956 homo.
1223 4901 1414 4958 Omnis
1445 4903 1606 4959 homo
1647 4905 1738 4974 qui
1785 4920 1882 4959 eos
1930 4905 2011 4958 vi-

434 4990 614 5050 derat.
653 4993 706 5047 in
737 5009 797 5049 se
823 4996 943 5063 ipso
973 4997 1310 5050 conterritus
1343 5006 1449 5059 est,
1481 5013 1825 5066 cognoscens
1860 4996 2006 5066 quod

440 5084 582 5140 Deus
610 5100 799 5141 eorum
837 5086 1081 5141 omnium
1115 5087 1311 5142 vindex
1343 5099 1512 5151 esset,
1542 5091 1636 5160 qui
1674 5090 1876 5160 injuria
1903 5107 2006 5162 op-

434 5179 830 5246 primerentnr.

501 5268 570 5324 Et
619 5272 1069 5326 annuntiaverunt
1123 5289 1282 5342 opera
1339 5273 1451 5326 Dei.
1493 5273 1556 5329 Et
1589 5275 1682 5329 alii
1743 5274 2008 5329 miracula

434 5361 616 5415 omnia
647 5365 1139 5428 annuntiaverunt,
1172 5382 1293 5436 qua:
1321 5376 1547 5436 propter
1587 5384 1673 5424 me
1705 5367 1846 5424 Deus
1874 5383 2008 5437 0pc-

437 5463 589 5508 ratus
619 5467 724 5509 est.

503 5565 548 5595 "
578 5564 702 5619 Joh.
740 5583 791 5630 ν,
825 5568 926 5634 l5;
976 5569 992 5621 l
1025 5567 1151 5624 Cor.
1185 5585 1267 5635 Ill,
1313 5570 1394 5624 l9.

1595 307 1978 368 EUTHYMH
2012 305 2377 367 ZIGABENI

3548 286 3658 350 6‘36

2165 416 2450 480 Ἐξὰπινα
2481 411 3044 474 κιιτατοεεύοόυσιν
3071 406 3279 468 αὐτδν,
3319 405 3412 457 καὶ
3445 405 3516 457 οὐ
3545 423 3654 472 φο-

2091 507 2476 576 ϐηθήσονται.
2507 533 2575 544 -ο
2601 503 2886 567 Ἐξάπὶνα
2917 501 3036 569 μὲν,
3065 500 3187 550 dmi.
3209 496 3655 562 τοῦηαίφνιδίως,

2090 600 2164 668 μὴ
2227 598 2678 669 προῃσθημένου·
2723 595 2786 647 οὐ
2823 592 3227 661 φοόηθήσονται
3277 589 3355 649 δὲ,
3390 586 3514 640 οὔτε
3561 587 3660 656 τὴν

2088 691 2239 761 παρὰ
2265 689 2399 742 Θεοῦ
2432 689 2625 759 ὀργὴν,
2681 685 2804 740 οὔτε
2827 687 2928 754 τὴν
2963 684 3112 753 παρὰ
3151 681 3456 751 ἀνθρώπων
3486 679 3658 734 κατά-

2088 799 2311 852 γνωσιν.

2161 871 2610 940 Ἐκραταίωσαν
2628 866 2862 932 ἑαυτοῖς
2882 866 3069 934 λόγον
3097 879 3385 930 πονηρον.
3429 859 3667 929 Ἐκύρω-

2093 983 2193 1021 σαν
2218 968 2365 1036 παρ’
2423 964 2609 1024 αὐτοῖς
2643 961 2732 1012 τὸν
2783 960 2942 1026 λόγον
2984 956 3084 1025 τῆς
3122 955 3438 1023 ἐπιϐουλῆς,
3474 954 3544 1014 ὼς
3579 951 3665 1020 βε-

2091 1058 2262 1121 ϐαίως
2290 1053 2889 1122 ἀποτελεσϐησόμενον.

2163 1142 2542 1211 Διηγήσαντο
2597 1141 2702 1194 τοῦ
2749 1141 2974 1207 κρύψαι
3019 1131 3668 1207 παγι’ὃας.-Εὶση·)ιήο

2091 1253 2304 1300 σαντο,
2345 1235 2657 1300 ἐξέδωκενὸ
2703 1233 3019 1302 Σύμμαχος.
3075 1231 3511 1284 Συνεὸού).ευσαν
3536 1230 3667 1300 γὰρ,

2092 1327 2234 1381 ὥστε
2270 1326 2480 1398 κρύψαι
2505 1328 2776 1396 θήρατρα,
2807 1327 2866 1378 ὲν
2898 1324 2976 1395 τῷ
3001 1325 3224 1377 καθίσαι
3250 1323 3463 1392 λόχους.

2161 1502 2355 1559 Εἶπαν
2384 1521 2398 1534 ο
2435 1505 2530 1570 Τίς
2569 1505 2777 1571 ὄψεται
2821 1503 3082 1568 adrade;
3114 1501 3209 1564 Τίς
3229 1501 3423 1570 ὄψεται
3451 1499 3669 1563 αὐτοὺς,

2096 1597 2310 1661 ἔκδικος
2343 1596 2439 1649 τοῦ
2479 1595 3005 1664 ὲπιϐουλευομὲνου;
3039 1595 3066 1646 ὃ
3090 1595 3259 1659 ἐστιν,
3283 1593 3480 1654 οὐδείς.

2176 1885 2636 1952 Ἐξηρεύνησαν
2675 1886 2956 1955 ἀνομίαν.

2101 1977 2297 2031 σασθαι
2331 1979 2492 2048 αὐτῇ.

2178 2071 2498 2134 Ἐξέ.1ιπον
2514 2069 2949 2136 ἐξερευνῶντες
2971 2067 3417 2134 ἐξερευνήσας.
3452 2065 3676 2134 Ὴτόνη-

2099 2181 2198 2217 σαν
2229 2162 2527 2232 ζητοῦντες
2571 2163 2830 2230 ζητήσεις
2879 2160 3124 2232 δολερὰς,
3161 2159 3255 2212 καὶ
3287 2157 3678 2229 μηχανώμενοι

2101 2255 2370 2325 μηχανάς.
3011 2326 3016 2333 ,

2169 2345 2650 2412 Προσελεύσεται
2691 2342 3021 2409 ἄνθρωπος,
3055 2345 3153 2396 καὶ
3202 2342 3416 2410 καρδιά
3435 2341 3676 2406 βαθεῖα,

2099 2437 2195 2489 καὶ
2254 2435 2644 2503 ὑψωθήσεται
2703 2437 2736 2487 d
2783 2435 2948 2501 Θεός.
3004 2434 3447 2504 Προσελεύσεται
3494 2435 3682 2494 αὐτοῖς

2104 2526 2524 2597 μηχανωμένοις
2550 2526 2859 2594 ἄνθρωπος,
2900 2526 3268 2595 ὑπηρετήσων
3291 2525 3409 2577 κατ’
3440 2522 3575 2593 ἐμοῦ
3612 2527 3678 2593 τῇ

2100 2616 2336 2687 ποηρίᾳ
2392 2615 2593 2669 αὐτῶν.
2648 2616 2756 2668 Καὶ
2802 2609 2958 2678 οὗτος
3012 2615 3164 2670 ἔσται
3192 2615 3405 2682 καρδία
3437 2614 3680 2678 βαθεῖα.

2101 2709 2406 2772 τουτέστιν,
2445 2706 2844 2776 βαθυγνώμων,
2881 2705 2998 2759 ἀλλ’
3033 2707 3129 2759 ἐπὶ
3171 2706 3346 2775 κακῷ.
3385 2707 3538 2759 Ἐστι
3572 2706 3682 2775 γὰρ

2102 2802 2200 2854 καὶ
2241 2801 2333 2853 ἐπὶ
2375 2799 2526 2869 καλῷ
2558 2799 2670 2870 (20)
2703 2799 3084 2869 βαθυγνώμων
3107 2816 3119 2832 ·
3169 2801 3278 2853 καὶ
3323 2797 3460 2868 μηδὲ
3489 2799 3678 2851 τούτου

2102 2894 2387 2956 ἀνύοντος,
2433 2892 2516 2946 ἔτι
2574 2892 3049 2962 μεγαλυνθήσεται
3085 2892 3113 2944 ὀ
3151 2888 3524 2961 δρασσόμενος
3555 2887 3680 2948 τοὺς

2105 2987 2301 3055 σοφοὺς
2336 2987 2393 3038 ἐν
2423 2989 2488 3058 τῇ
2524 2985 2832 3057 πανουργίᾳ
2862 2983 3064 3048 αὐτῶν,
3095 2983 3190 3037 καὶ
3214 2981 3473 3036 δεικνύων
3499 2980 3680 3050 ἁπράο

2103 3097 2268 3144 κτους
2357 3079 2456 3143 τὰς
2523 3078 2817 3141 ἐπιϐουλὰς
2873 3078 3076 3132 αὐτῶν.
3114 3076 3274 3139 Εἰκὸς
3333 3076 3442 3146 γάρ
3498 3090 3676 3138 τινας.

2126 3171 2530 3243 χαριζομένους
2581 3174 2696 3233 τοῖς
2755 3171 2990 3242 ἐχθροῖς,
3024 3172 3313 3240 προσιέναι
3379 3168 3470 3221 καὶ
3492 3170 3676 3234 ἑπαγ-

2104 3265 2391 3334 γέλλεσθαι
2419 3268 2559 3318 κατὰ
2584 3263 2678 3316 τοῦ
2709 3263 2945 3318 δικαίου.

3018 1885 3325 1955 Ἐζήτησαν
3362 1884 3503 1936 ὥστε
3538 1885 3675 1953 χρή-

2177 3555 2363 3621 Βέλος
2419 3555 2653 3615 νηπίων
2685 3555 3068 3626 ἐγενήθησαν
3105 3560 3166 3610 αἱ
3200 3560 3427 3624 πληγαί
3461 3557 3682 3611 αὐτῶν.

2108 3647 2485 3716 Ἀνενὲργητοι
2542 3662 2556 3677 ⁸
2583 3648 2833 3701 τοιαῦται
2877 3653 2985 3718 γὰρ
3042 3651 3098 3702 αἱ
3135 3650 3286 3720 παρᾶ
3327 3650 3436 3703 τῶν
3473 3652 3684 3721 νηπὲων

2110 3738 2282 3806 βολαί.
2319 3740 2390 3790 ’Ἠ
2404 3739 2492 3791 διὰ
2519 3739 2618 3808 τὴν
2644 3739 2927 3793 ἀσθένειαν
2957 3742 3067 3793 τῶν
3100 3741 3426 3810 βαλλόντων.
3461 3742 3686 3810 Πληγᾶς

2106 3831 2163 3883 δὲ
2199 3831 2369 3897 λέγει,
2397 3831 2497 3893 τὰς
2522 3830 2822 3894 κακώσεις.

2169 4009 2277 4065 Καὶ
2303 4007 2733 4076 ἐξησθένησαν
2758 4009 2852 4061 ἐπ’
2902 4008 3124 4075 αὐτοὺς
3155 4013 3215 4063 at
3252 4010 3527 4078 γλῶσσαι
3566 4014 3674 4064 αὐ·-

2110 4102 2246 4158 τῶν.
2276 4102 2536 4165 Γλώσσας
2565 4102 2723 4154 καλεῖ
2773 4102 2870 4166 τὰς
2890 4104 3260 4172 συκοφαντίας
3279 4103 3378 4155 καὶ
3394 4104 3682 4168 συσκευάς,

2109 4198 2166 4250 αἶ
2191 4196 2280 4249 διὰ
2297 4196 2550 4265 γλώσσης
2579 4195 2900 4267 ρἀτονται,
2922 4198 3016 4249 καὶ
3043 4195 3302 4264 γλώσσης
3327 4197 3468 4249 εἰσὶν
3493 4199 3688 4249 ἀποτε-

2109 4287 2381 4357 λέσματα.
2435 4287 2840 4359 Ἐξησοένησαν
2892 4289 2985 4342 οὖν
3037 4289 3124 4341 ἐπ’
3177 4291 3382 4352 αὐτοῖς,
3436 4290 3603 4359 μηδέν
3636 4307 3687 4341 τι

2113 4376 2273 4430 πλέον
2303 4377 2497 4431 ἀνῦσαι
2529 4379 2849 4448 δυνάμεναι.

2190 4469 2646 4538 Ἐταράχθησαν
2675 4471 2896 4536 πάντες
2925 4473 2978 4523 οι
3030 4471 3391 4538 θεωροῦντες
3445 4471 3686 4534 αὐτούς.

2122 4562 2567 4634 Ἐοορυὸήοησαν
2619 4564 2668 4615 οἱ
2727 4563 3060 4633 Θεωροῦντες
3119 4564 3244 4625 τοὺς
3290 4563 3565 4624 τοιούτους
3592 4563 3689 4615 καὶ

2108 4656 2396 4720 τοσούτους
2416 4656 2525 4710 τῶν
2549 4656 3001 4727 ἐπιχειρημάτων
3035 4656 3546 4724 ἀποτυγχάνοντας.

2184 4916 2292 4971 Kal
2322 4916 2584 4986 ἐφοϐήθη
2617 4915 2738 4983 πᾶς
2776 4916 3109 4984 ἅνθρωπος.
3135 4917 3252 4978 Πᾶς
3274 4915 3389 4969 τῶν
3415 4915 3686 4984 Θεωροῦν-

2113 5026 2221 5062 των
2253 5008 2454 5071 αὐτοὺς
2479 5007 2726 5077 ἐφοϐήθη
2756 5008 2878 5060 καθ’
2910 5007 3127 5070 ἑαυτὸν,
3175 5008 3362 5075 γνοὺς,
3394 5007 3477 5059 ὅτι
3497 5007 3526 5058 ὁ
3553 5007 3687 5071 Θεδς

2114 5101 2410 5171 ἐκδικητής
2439 5102 2558 5154 ἐστι
2576 5099 2688 5154 τῶν
2723 5101 3125 5170 ἀδικουμένων.

2184 5279 2292 5334 Kal
2316 5281 2687 5350 ἁνήγγειλαν
2715 5281 2789 5335 τὰ
2823 5279 2967 5350 ἔργα
3006 5280 3114 5334 τοῦ
3141 5280 3310 5334 Θεοῦ.
3342 5280 3454 5348 (ει)
3509 5277 3690 5345 Aviu-

2111 5373 2256 5441 γει).ε
2291 5374 2426 5444 πρὸς
2455 5375 2645 5446 ἕτερον
2683 5374 2756 5434 τὰ
2780 5374 2848 5436 δι’
2878 5373 2979 5444 ἐμὲ
3005 5374 3271 5444 γενόμενα
3295 5373 3525 5438 τέρατα.

1755 5641 1957 5703 Varia:
1989 5641 2317 5704 lectiones.

653 5735 885 5812 apparet
918 5736 1270 5812 interpretem
1327 5737 1526 5812 legisse
1557 5738 1649 5794 ἐπὶ
1690 5739 1843 5808 κακῷ
1877 5755 1974 5810 pro

2103 5786 2104 5791 η
2133 5742 2282 5812 καλῷ
2318 5741 2385 5796 ad
2415 5741 2626 5797 bonum.

506 5801 618 5873 (21)
657 5802 884 5858 Videtur
914 5801 1338 5875 prrcponendum
1363 5807 1572 5876 ἕτερος.
