4020 6218
403 371 507 433 637

1565 387 1958 448 COMMENT.
1992 386 2072 447 ΙΝ
2099 394 2456 460 PSALMOS.

3539 409 3645 471 038

470 484 578 539 Καὶ
595 484 666 538 τὰ
690 485 993 556 ποιήματα
1023 491 1213 545 αὑτοῦ
1246 494 1551 563 συνῆκαν.
1584 500 1699 553 Καὶ
1727 500 1953 567 ἔγνωσαε

2157 507 2220 561 Et
2255 512 2404 577 facta
2441 512 2555 580 ejus
2583 511 2973 566 intellexerunt.
3011 514 3075 567 Et
3108 524 3483 583 cognoverunt
3506 533 3643 587 qua-

384 572 479 643 οἷα
505 579 654 631 ποιεῖ
685 576 897 645 βοηθῶν
918 582 1031 644 τοῖς
1049 580 1257 648 δούλοις
1281 585 1447 639 αὐτοῦ
1467 604 1482 619 ο
1510 588 1587 652 ὠς
1610 591 1880 661 γενόμενα
1910 591 1968 643 δὲ

386 667 510 726 εἷπε
537 672 604 725 τα
636 672 1008 743 γενησόμενα,
1050 675 1203 750 νόμῳ
1244 680 1608 751 προφητείας.

457 878 1194 947 Εὐφρανθήσεταιδίκαιος
1214 880 1286 934 ἐν
1303 881 1384 948 τῷ
1403 883 1618 953 Κυρίῳ,
1646 885 1745 937 καὶ
1769 884 1972 941 ἐλπιοῖ

380 973 476 1040 ἐπ’
508 973 718 1026 αὐτόν.
757 972 1211 1044 Εὐφρανθήσεται
1246 974 1342 1028 καὶ
1381 974 1583 1041 ὲλπιεῖ,
1617 975 1831 1047 βλέπων
1861 978 1961 1047 τὴν

381 1065 470 1119 ἐπ’
504 1067 631 1135 ἐμοὶ
665 1065 999 1135 κηδεμονίαν
1018 1066 1209 1121 αὐτοῦ.

450 1157 561 1212 Καὶ
603 1158 1108 1231 ἐπαινεθήσονται
1140 1160 1367 1229 πάντες
1397 1164 1455 1217 οἱ
1483 1160 1682 1226 εὐθεῒς
1712 1159 1789 1228 τῇ
1814 1177 1958 1228 καρ-

376 1253 498 1319 δίᾳ.
535 1250 1026 1319 Ἐπαινεθήσονται
1062 1253 1214 1322 παρὰ
1239 1252 1349 1307 τῶν
1374 1252 1678 1324 ἀνθρώπων
1698 1254 1746 1305 οἱ
1790 1251 1961 1323 μηδὲν

376 1343 590 1397 σκολιὸν
627 1345 684 1396 ἐν
724 1347 791 1414 τῇ
822 1344 1022 1417 καρδίᾳ
1084 1344 1368 1415 φέροντες,
1394 1339 1506 1408 οἷος
1553 1341 1622 1415 ἦν
1662 1343 1846 1407 αὐτὸς,
1882 1343 1960 1406 ὡς

371 1438 482 1500 τοῖς
511 1434 779 1498 τοιούτοις
806 1434 1130 1505 βοηθοῦντος
1170 1434 1337 1488 αὑτοῦ
1364 1434 1459 1488 τοῦ
1494 1434 1654 1488 Θεοῦ.
1701 1434 1796 1499 Ὠς
1811 1433 1957 1502 ἀγα-

372 1528 476 1597 θὸς
516 1527 647 1597 γὰρ.
688 1525 875 1597 φησὶν,
926 1529 959 1580 ό
1008 1526 1152 1593 Θεὸς
1201 1527 1327 1594 τοῖς
1371 1528 1577 1582 suam
1606 1526 1679 1596 τῇ
1716 1525 1954 1595 καρδίᾳ.

370 1617 526 1681 Τινὲς
582 1617 637 1670 δὲ
692 1619 820 1688 περὶ
876 1617 970 1670 τοῦ
1046 1618 1216 1671 Ἰούδα
1270 1620 1633 1691 προειρῆσθαι
1677 1635 1843 1687 φασιν
1871 1618 1954 1683 τὸ,

374 1710 851 1780 Προσελεύσεται
921 1709 1260 1777 ἅνθρωπος.
1309 1711 1390 1776 ὃς,
1436 1712 1802 1782 παμπόνηρος
1855 1710 1954 1776 ὣν,

374 1802 679 1873 προσῆλθεν
728 1805 840 1866 τοῖς
874 1804 1093 1873 ἐχθροῖς
1118 1802 1210 1856 τοῦ
1246 1803 1511 1874 Χριστοῦ,
1539 1805 1634 1857 καὶ
1686 1805 1954 1874 ὑπέσχετο

367 1878 665 1965 προδοῦναι
688 1894 873 1965 αὐτόν.
918 1895 1297 1965 Ἐμεγαλύνθη
1328 1896 1386 1949 δὲ
1413 1896 1615 1966 μᾶλλον
1638 1898 1665 1949 ὁ
1693 1897 1950 1965 Χριστὸς,

366 1985 572 2056 φοϐερά
599 2002 657 2037 τε
693 1986 844 2056 παρᾶ
877 1986 968 2037 τὸν
994 1987 1189 2056 καιρὸν
1212 1986 1310 2057 τῆς
1348 1986 1708 2056 σταυρώσεως
1742 1986 1958 2056 θαυμα-

365 2079 700 2149 τουργήσας,
749 2079 843 2133 καὶ
889 2080 1130 2142 ἀναστὰς
1155 2082 1221 2133 ὲκ
1267 2080 1378 2133 τῶν
1409 2080 1643 2151 νεκρῶν.
1677 2081 1747 2133 Αἵ
1764 2098 1826 2134 τε
1865 2097 1951 2134 τιν

368 2173 570 2242 μωρίαι
606 2171 672 2236 ἃς
704 2172 994 2242 ἐπήγαγον
1051 2173 1224 2241 αὐτῷ,
1261 2175 1342 2237 είς
1363 2174 1520 2251 οθδὲν
1557 2175 1951 2244 ἐλογίσθησαν,

365 2264 452 2339 διᾴ
478 2280 539 2315 τε
565 2264 626 2316 τὸ
658 2263 756 2333 τῆς
787 2264 1042 2333 θεότητος
1073 2264 1302 2330 ἀπαθὲς,
1348 2266 1442 2318 καὶ
1471 2266 1560 2320 διὰ
1588 2267 1647 2321 τὸ
1683 2267 1757 2337 μὴ
1791 2267 1955 2337 δυνη·

366 2354 524 2420 θῆναι
574 2354 840 2422 ἀφανίσαι
879 2355 1066 2418 αὑτὸν,
1100 2354 1175 2418 ὡς
1209 2356 1410 2409 ἐκεῖνοι
1432 2355 1620 2427 ᾤοντο.
1657 2358 1864 2421 Πάντες
1896 2357 1955 2411 δὲ

365 2450 413 2512 oi
453 2450 513 2514 ἐν
565 2453 682 2513 τοῖς
731 2449 914 2513 ἔθνεσι
950 2450 1289 2521 θεωροῦντες
1337 2453 1465 2514 τοὺς
1513 2453 1953 2522 χριστοκτόνους,

364 2540 779 2610 παραδοθέντας
815 2545 929 2604 τοῖς
972 2543 1266 2612 Ῥωμαίοις
1296 2545 1377 2607 είς
1414 2542 1659 2615 ὄλεθρον,
1686 2543 1955 2614 ἐθορυϐή-

363 2634 536 2701 θησαν
563 2675 579 2698 ,
636 2636 729 2689 καὶ
765 2636 1115 2707 ἐφοϐήθησαν
1144 2637 1236 2690 τὸν
1292 2637 1549 2708 Χριστὸν,
1582 2637 1651 2689 δι’
1696 2637 1755 2690 ὃν
1810 2632 1956 2693 οὗτοι

370 2725 703 2787 πεπόνθασι.
757 2729 1014 2791 Δικαίονς
1043 2728 1099 2782 δὲ
1128 2729 1345 2799 νοήσεις
1379 2731 1509 2791 τοὺς
1546 2726 1606 2795 ἐξ
1653 2727 1844 2793 ἐθνῶν,
1878 2745 1957 2791 ως

363 2816 753 2889 δικαιωθέντας
790 2820 882 2874 διὰ
931 2822 1171 2884 πίστεως
1197 2838 1213 2854 ’
1248 2821 1298 2875 οἳ
1354 2821 1448 2874 καὶ
1486 2821 1957 2892 εὐφρανθήσονται

365 2910 459 2962 ἐπὶ
486 2910 565 2981 τῷ
582 2912 806 2983 Χριστῷ
832 2926 846 2940 ·
872 2912 1000 2976 τοὺς
1022 2912 1220 2976 αὐτοὺς
1241 2912 1288 2965 δ’
1318 2912 1386 2966 ἂν
1413 2911 1614 2977 είποις,
1643 2913 1739 2966 καὶ
1774 2912 1958 2976 εὐθεῖς

365 3004 431 3072 τῇ
459 3002 681 3073 καρδίᾳ,
713 3004 791 3067 ὡς
822 3005 880 3056 ἐν
906 3005 973 3074 τῇ
1015 3003 1216 3075 καρδίᾳ
1260 3002 1337 3075 μὴ
1367 3004 1861 3075 παρεγκλίναντας,
1888 2999 1958 3077 ἧς

377 3095 628 3164 μετέχον,
654 3094 820 3166 ὀρθῆς
849 3097 1108 3159 πίστεως.

2070 602 2139 656 lia
2187 601 2349 656 faciat
2402 602 2672 657 Dominus
2709 601 2976 669 adiuvans
3017 617 3208 658 servos
3239 619 3394 663 suos.
3431 603 3640 661 Futura

2070 700 2254 747 autem
2303 693 2462 757 dixit,
2502 700 2560 746 ut
2598 693 2713 763 jam
2755 692 2895 748 iacta
2924 731 2940 757 ,
2983 692 3099 762 lege
3153 694 3368 749 scilicet
3410 697 3642 766 prophe-

2067 785 2175 839 tiae.

2136 876 2304 935 Vens.
2338 881 2425 935 il.
2456 880 2755 934 Lwtabitur
2789 879 2968 948 justus
2999 879 3051 931 iu
3091 877 3334 937 Domino.
3365 887 3412 931 et
3450 893 3638 946 spera-

2063 972 2137 1024 bit
2168 972 2220 1024 in
2257 989 2337 1026 eo.
2377 972 2679 1027 Ltclabitnr
2711 983 2765 1027 et
2801 972 3071 1042 sperabit,
3117 970 3212 1026 ubi
3248 985 3505 1040 magnum
3542 971 3635 1025 Del

2061 1063 2303 1117 studium
2339 1066 2391 1118 in
2424 1080 2509 1120 me
2535 1065 2752 1119 viderit.

2136 1154 2203 1209 Et
2233 1155 2598 1209 laudabuntur
2636 1171 2813 1210 omnes
2849 1156 2979 1209 recti
3007 1153 3183 1208 corde.
3210 1152 3270 1220 ii,
3312 1153 3515 1223 inquit,
3540 1153 3638 1223 qtti

2061 1248 2351 1316 obliquum
2410 1249 2566 1310 nihil,
2626 1260 2722 1302 aut
2774 1256 3086 1301 tortuosum
3122 1246 3304 1301 ferunt
3356 1246 3410 1299 in
3447 1245 3635 1307 corde,

2061 1342 2243 1411 qualis
2275 1351 2393 1396 erat
2433 1342 2628 1396 beatus
2659 1338 2851 1402 David,
2885 1341 2954 1395 ab
2978 1342 3238 1395 omnibus
3278 1353 3494 1410 semper
3519 1337 3641 1391 lau-

2060 1434 2366 1499 dabuntur,
2420 1433 2589 1488 veluti
2623 1435 2704 1486 eis
2747 1434 2894 1488 Deus
2927 1441 3128 1502 praesto
3168 1448 3385 1502 semper
3416 1432 3638 1485 futurus

2056 1526 2147 1580 sit.
2187 1524 2356 1591 Quum
2393 1524 2563 1577 bonus
2623 1525 2799 1584 enim.
2833 1521 3032 1591 inquit,
3063 1523 3200 1577 Deus
3233 1522 3408 1577 Israel
3434 1522 3521 1587 iis,
3547 1521 3637 1591 qui

2058 1623 2197 1669 recto
2236 1624 2371 1685 sunt
2424 1613 2581 1669 corde
2614 1615 2706 1667 “l
2773 1611 3007 1679 Quidam
3061 1627 3123 1666 ea
3176 1612 3338 1666 verba
3373 1631 3385 1666 :
3418 1611 3638 1665 Accedet

2057 1709 2235 1770 homo,
2286 1708 2607 1778 intelligunt
2654 1707 2801 1760 dit-ta
2853 1720 2979 1761 esse
3025 1705 3092 1759 de
3117 1703 3255 1759 Juda
3294 1722 3307 1758 :
3346 1704 3463 1771 qui,
3510 1717 3636 1757 cum

2058 1804 2357 1870 tlepravato
2414 1809 2563 1855 esset
2623 1798 2833 1859 animo,
2896 1797 2962 1852 ad
3018 1796 3227 1851 Christi
3288 1794 3637 1849 adversarios

2059 1893 2336 1964 proiectus
2386 1900 2472 1948 est
2512 1903 2566 1948 et
2594 1892 2877 1962 pollicitus
2910 1906 2970 1945 se
3001 1891 3154 1945 illum
3191 1890 3271 1945 eis
3304 1888 3635 1942 traditurum

2057 2002 2204 2041 esse.
2242 1987 2444 2039 Verum
2474 1983 2733 2039 Christus
2781 1999 2847 2037 ex
2898 1998 2964 2037 eo
3020 1984 3195 2052 magis
3251 1982 3636 2051 magniﬁcatus

2058 2087 2220 2144 atque
2245 2077 2517 2132 exaltatus
2549 2085 2655 2131 est.
2689 2075 2856 2129 Multa
2884 2076 3157 2144 siquidem
3209 2082 3263 2128 et
3295 2088 3511 2129 summa
3538 2070 3634 2124 ad-

2060 2171 2355 2226 miratione
2391 2170 2556 2241 digna
2584 2168 2849 2223 miracula
2885 2175 2995 2221 tam
3047 2166 3308 2229 moriens,
3344 2180 3508 2234 quam
3543 2177 3635 2217 re-

2058 2278 2317 2329 surgens,
2360 2268 2624 2331 operatus
2675 2266 2781 2322 est,
2824 2272 2945 2327 quae
2982 2255 3129 2310 illius
3161 2254 3396 2325 gloriam
3434 2250 3637 2322 praedi-

2057 2363 2206 2413 cant.
2245 2354 2377 2408 Nam
2412 2353 2555 2423 quod
2591 2351 2856 2421 supplicia
2888 2349 3242 2411 sustinuerit,
3284 2346 3404 2416 ejus
3457 2343 3634 2416 gloria

2059 2463 2166 2502 non
2200 2447 2486 2508 minuitur,
2513 2460 2635 2500 cum
2686 2454 2740 2499 et
2767 2443 3029 2497 divinitas
3063 2442 3177 2510 ipsa
3234 2438 3460 2493 minime
3507 2436 3635 2490 laesa

2060 2540 2154 2602 sit,
2181 2547 2239 2591 et
2275 2535 2638 2591 humanitatis
2663 2534 2989 2589 excellentia
3024 2548 3088 2585 ac
3123 2546 3321 2584 nomen
3365 2527 3485 2594 ejus
3515 2527 3636 2581 tolli

2059 2630 2184 2687 ideo
2237 2643 2345 2683 non
2398 2627 2660 2697 potuerit,
2695 2633 2749 2678 ut
2781 2631 3062 2692 putarant.
3097 2619 3219 2675 llaec
3246 2628 3423 2672 autem
3452 2615 3636 2669 omnia

2058 2738 2183 2778 cum
2211 2729 2503 2776 cernerent
2532 2719 2782 2790 gentiles,
2839 2725 2893 2770 et
2940 2715 3169 2781 insuper
3221 2713 3370 2780 ipsos
3426 2707 3635 2763 Christi

2058 2815 2413 2873 cruciﬂxores
2503 2812 2642 2866 tradi
2730 2811 2978 2866 viderent
3047 2804 3312 2861 Romanis
3411 2801 3467 2857 in
3554 2799 3640 2853 in-

2060 2912 2306 2975 teritum,
2349 2908 2554 2963 turbati
2602 2887 2758 2970 sunt,
2789 2912 2843 2959 et
2874 2903 3176 2957 timtterunt
3207 2897 3491 2954 Christum
3528 2894 3637 2948 Do-

2061 3004 2291 3061 minum,
2322 2999 2394 3054 ob
2430 3013 2591 3070 quem
2624 2995 2941 3051 Judzeorum
2975 3003 3147 3061 genus
3176 2985 3344 3041 tantis
3378 2984 3632 3039 aﬂ‘ectum

2063 3104 2148 3152 est
2178 3092 2490 3162 suppliciis.
2516 3088 2763 3158 Etjnxta
2810 3087 2958 3139 hunc
3011 3095 3236 3137 sensum
3278 3094 3375 3148 per
3427 3075 3629 3146 iustos.

368 3184 554 3257 ﬁdeles
587 3199 779 3240 omnes
805 3200 868 3240 ex
896 3187 1149 3256 gentibus
1183 3186 1477 3259 intelliges,
1507 3187 1599 3257 qui
1635 3202 1732 3257 per
1763 3187 1925 3242 fidem
1959 3184 2245 3256 iustiﬁcati
2305 3191 2457 3245 sunt,
2496 3178 2590 3250 qui
2633 3177 2797 3232 etiam
2827 3181 2888 3230 ut
2954 3173 3090 3229 recti
3140 3170 3307 3226 corde
3376 3166 3638 3223 laetabun-

370 3289 455 3331 tur
481 3278 534 3333 in
574 3276 817 3343 Christo,
875 3293 943 3334 eo
973 3281 1118 3350 quod
1175 3282 1226 3333 in
1262 3279 1427 3339 corde
1470 3295 1573 3336 suo
1623 3295 1904 3351 nunquam
1944 3293 1975 3333 a
2032 3289 2184 3338 recta
2230 3276 2318 3331 illa
2345 3274 2450 3332 ﬁde
2496 3270 2926 3331 declinaverunt,
2954 3278 3118 3337 quam
3159 3263 3323 3318 semel
3397 3259 3630 3332 trofcssi

368 3378 513 3444 sunt.

651 3468 755 3533 Εὶς
791 3465 857 3520 τὸ
882 3466 1058 3532 τέλος
1075 3466 1321 3536 Ψαλμὸς
1350 3466 1432 3533 τῷ
1461 3468 1664 3523 Δαϐίδ.

933 3556 1227 3610 ΨΑΛΜΟΣ
1253 3557 1371 3613 SA’.

437 3651 543 3719 Εἰς
582 3648 650 3703 τὸ
694 3646 872 3715 τέλος
902 3649 999 3703 καὶ
1029 3645 1204 3711 οὗτος,
1245 3650 1330 3703 ὃτι
1365 3647 1703 3719 προφητεύει
1734 3649 1863 3718 περί
1887 3667 1947 3701 τε

371 3742 467 3810 τῆς
500 3740 769 3794 ἐπανόδου
803 3740 913 3793 τῶν
938 3742 996 3792 ἐν
1019 3740 1302 3795 Βαϐυλῶνι
1330 3740 1713 3810 αἰχμαλώτων,
1747 3733 1823 3792 ὧν
1854 3740 1950 3793 καὶ

373 3831 649 3903 προσώπῳ
681 3832 1065 3893 συντέτακται,
1102 3834 1199 3885 καὶ
1241 3833 1366 3902 περὶ
1402 3831 1502 3898 τῆς
1535 3831 1818 3894 εὐσεϐείας
1841 3830 1949 3883 τῶν

370 3920 558 3975 ἐθνῶν.
591 3921 656 3974 Τί
686 3921 743 3975 δέ
769 3924 886 3974 ἐστι
919 3921 1164 3991 ψαλμός
1189 3910 1372 3989 ᾠδῆς,
1396 3920 1753 3992 παραδέδοται
1784 3920 1843 3977 ὲν
1869 3919 1949 3994 τῷ

373 4013 645 4088 προοιμίῳ
672 4015 775 4085 τῆς
805 4014 991 4086 βίϐλον
1021 4014 1131 4079 τῶν
1160 4014 1431 4085 ι1¹ἀλμῶιμ

436 4292 539 4346 Σοὶ
568 4292 781 4361 πρέπει
814 4291 1025 4361 ὕμνος,
1063 4293 1096 4345 ὀ
1129 4290 1296 4357 Θεὸς,
1340 4291 1413 4345 ἐν
1460 4289 1631 4345 Σιών.
1678 4291 1767 4344 Ἐν
1808 4291 1948 4355 Σιών

372 4400 454 4461 σοι
504 4384 730 4454 πρέπει,
789 4384 976 4453 φησὶν,
1005 4383 1032 4434 ὁ
1074 4381 1244 4453 ὕμνος
1274 4400 1287 4427 ι
1341 4384 1460 4445 ἐκεῖ
1507 4383 1616 4455 γὰρ
1661 4383 1948 4453 λατρεύειν

370 4474 740 4545 προσέταξας.

437 4567 545 4622 Kal
593 4567 692 4622 σοι
732 4566 1177 4635 ἀποδοθήσεται
1216 4567 1369 4635 εὐχὴ
1407 4569 1479 4621 ἐν
1525 4553 1945 4639 Ἰερουσαλήμ.

371 4659 515 4731 Ὅρα
542 4661 644 4731 τὴν
690 4660 821 4731 περὶ
869 4660 971 4731 τῆς
1000 4659 1260 4715 ἐπανόδου
1296 4661 1624 4734 πρόρρησιν.
1659 4659 1760 4730 Εῖη
1799 4659 1845 4712 δ’
1881 4658 1948 4713 ἂν

368 4750 465 4803 καὶ
517 4753 657 4804 κατὰ
701 4750 863 4820 λόγον
915 4750 1211 4820 ἀναγωγῆς
1252 4750 1391 4803 Σιὼν
1422 4751 1518 4805 καὶ
1567 4750 1945 4823 Ἰερουσαλὴμ,

2285 3454 2350 3513 In
2383 3453 2541 3525 ﬁnem
2573 3448 2819 3533 psalmus
2846 3444 3047 3497 cantici
3076 3442 3180 3505 ipsi
3229 3439 3424 3495 David.

2576 3536 2901 3598 PSALMUS
2933 3533 3118 3589 LXIV.

2133 3643 2194 3698 1η
2232 3642 2388 3711 ﬁnem
2420 3638 2582 3692 etiam
2618 3631 2947 3687 inscribitur
2972 3628 3060 3682 hic
3089 3627 3353 3697 psalmus.
3390 3624 3517 3695 quia
3539 3636 3632 3679 ca-
3671 3617 3674 3621 ’

2055 3739 2324 3809 ptivornm
2354 3730 2589 3787 reditum
2630 3723 2901 3796 praedicit.
2941 3721 3031 3792 qui
3061 3720 3115 3774 in
3155 3718 3429 3791 Babylone
3452 3727 3632 3778 erant.

2052 3843 2118 3881 ex
2152 3837 2390 3891 quorum
2432 3832 2669 3891 persoua
2726 3816 2832 3869 fuit
2873 3828 2902 3866 a
2943 3813 3215 3879 Propheta
3252 3809 3629 3879 conscriptus.

2052 3916 2316 3971 Futuram
2347 3911 2511 3967 etiam
2549 3908 2831 3979 gentilium
2874 3904 3195 3975 religionem
3228 3917 3292 3955 ac
3346 3898 3506 3954 ﬁdem
3545 3900 3635 3952 in-

2060 4008 2285 4062 terserit
2343 4012 2484 4076 (qnae
2518 4000 2700 4056 omnia
2746 3997 2812 4053 ad
2854 3996 3014 4051 tinem
3076 4008 3238 4047 suum
3292 3990 3631 4059 tendebant).

2051 4100 2192 4168 Quid
2225 4096 2406 4156 autem
2440 4096 2509 4151 sit
2539 4092 2779 4164 psalmus
2830 4089 3029 4144 cantici
3061 4088 3115 4141 in
3145 4084 3415 4157 prooemio
3444 4083 3630 4154 operis

2051 4195 2256 4248 dictum
2289 4200 2393 4245 est.

2121 4285 2286 4340 Vens.
2318 4282 2374 4335 2.
2402 4280 2472 4335 Te
2502 4280 2644 4332 decet
2678 4277 2924 4346 hymnus,
2960 4271 3116 4335 Deus,
3146 4272 3201 4325 in
3230 4268 3379 4326 Sion.
3411 4267 3525 4324 Illic
3552 4277 3636 4324 ct-

2048 4377 2194 4437 enim
2236 4386 2287 4429 tc
2324 4372 2427 4427 coli
2460 4370 2660 4425 debere
2696 4364 2988 4422 mandasti.

2126 4557 2193 4613 Et
2226 4557 2321 4611 tibi
2374 4552 2622 4609 reddetur
2674 4559 2847 4605 votum
2882 4549 2937 4602 in
2969 4545 3292 4601 Jerusalem.
3328 4543 3463 4599 Vide
3497 4559 3634 4614 pro-

2053 4648 2294 4719 phetiam
2330 4647 2398 4701 de
2440 4644 2637 4699 reditu.
2670 4641 2833 4696 Juxta
2864 4644 3146 4709 anagogen
3174 4652 3270 4707 per
3304 4633 3435 4691 Sion
3457 4645 3511 4690 et
3538 4650 3634 4706 per

2050 4740 2380 4804 Jerusalem,
2422 4735 2753 4791 universalis
2809 4732 3050 4787 fidelium
3084 4729 3333 4785 Ecclesia
3369 4726 3633 4797 intelligi-

367 4843 401 4911 ἦ
437 4859 495 4894 τε
526 4841 792 4914 καθολικὴ
832 4842 1131 4910 Ἐκκλησία
1165 4842 1277 4901 τῶν
1321 4842 1663 4907 πιστῶν,καὶ
1703 4844 1752 4897 οἱ
1804 4843 1950 4907 κατὰ

2063 4842 2170 4893 tur.
2198 4837 2252 4885 et
2278 4828 2482 4896 templa
2507 4824 2695 4885 etiam.
2716 4830 2849 4893 qua:
2895 4817 3151 4891 priiatim
3181 4825 3367 4875 erecta
3412 4829 3543 4874 sunt
3576 4818 3630 4871 in

380 4933 442 4987 μέ
452 4950 545 4987 ρος
578 4934 722 4987 ναοί.

380 4951 390 4971 ο
419 4950 442 4984 ε
485 4951 545 4997 ος
578 4950 722 4987 ναοι.

377 4952 416 4999 μ
440 4950 832 5083 ἕὶσὰκουσον
860 5021 967 5090 τῆς
1006 5022 1358 5093 προσευχῆς
1396 5041 1536 5093 μου.
1573 5025 1684 5095 Τῆς
1715 5025 1843 5095 περὶ
1871 5017 1947 5079 ὧν

371 5113 457 5166 ἀεὶ
478 5113 811 5183 παρακαλῶ.
1509 5121 1514 5125 ’

440 5293 595 5361 Πρὸς
609 5292 685 5347 σὲ
708 5292 882 5359 πᾶσα.
905 5292 1062 5363 σὰρξ
1089 5294 1240 5361 ἣξει.
1270 5295 1440 5349 Τοῦτο
1490 5297 1794 5369 προφητεία
1822 5299 1953 5369 περὶ

372 5386 478 5439 τῶν
531 5388 721 5441 ἐθνῶν.
759 5388 948 5456 mpm
979 5387 1037 5440 δὲ
1086 5388 1285 5451 αὐτοὺς
1315 5387 1599 5456 ἐκάλεσεν,
1640 5388 1674 5460 ἢ
1722 5388 1797 5453 ὡς
1837 5388 1947 5443 ἀπὺ

374 5479 571 5549 μέρους
592 5478 656 5532 τὸ
686 5477 869 5557 πᾶν,ῆ
906 5478 979 5541 ὡς
1006 5478 1286 5549 σαρκικῶς
1317 5478 1549 5544 ζῶντας.
1591 5481 1663 5557 "H_
1699 5481 1793 5557 xui
1818 5470 1949 5555 περὶ

370 5568 466 5638 τῆς
493 5560 789 5638 καθολικῆς
819 5568 1176 5633 ἀναστάσεως
1205 5571 1231 5624 ό
1261 5569 1443 5638 λόγος.

452 5834 498 5895 i‘
534 5834 680 5921 fsai.
725 5850 892 5921 tuti,
935 5835 988 5916 ι.

2053 4923 2224 4989 variis
2251 4919 2437 4973 mundi
2468 4916 2737 4986 partibus.

2129 5014 2295 5085 Vens.
2329 5014 2383 5066 5.
2422 5010 2639 5065 Exaudi
2701 5012 2999 5065 orationem
3058 5024 3251 5063 meam.
3312 5004 3629 5061 Orationem

2055 5108 2124 5163 de
2164 5098 2253 5160 hi's
2292 5103 2479 5167 rebus,
2533 5116 2631 5172 pro
2683 5100 2884 5170 quibus
2937 5114 3157 5171 semper
3209 5096 3278 5153 ad
3320 5104 3375 5152 te
3421 5108 3623 5166 preces

2057 5198 2250 5256 fundo.

2124 5290 2206 5357 Ad
2241 5300 2290 5344 te
2321 5304 2490 5343 omnis
2537 5303 2662 5341 caro
2696 5286 2882 5341 veniet.
2919 5282 3211 5354 Prophetia
3263 5282 3354 5337 hic
3396 5282 3630 5338 traditur

2050 5384 2118 5440 de
2145 5383 2324 5438 salute
2364 5379 2605 5448 gentium
2633 5394 2649 5445 ;
2677 5394 2773 5447 per
2816 5391 3039 5431 carnem
3080 5374 3285 5430 etenim
3317 5375 3467 5444 ipsas
3496 5389 3617 5445 gen-

2047 5488 2133 5531 tes
2164 5474 2449 5544 intelligit,
2496 5480 2555 5525 ut
2586 5478 2759 5525 totum
2794 5483 2822 5520 a
2858 5478 3010 5537 parte
3058 5483 3074 5521 :
3108 5467 3189 5522 vel
3223 5466 3352 5538 quia
3390 5467 3519 5522 olim
3546 5465 3628 5520 vi-

2048 5567 2252 5621 vebant
2280 5561 2601 5620 carnaliter.
2642 5556 2743 5614 Vel
2795 5555 3049 5612 fortassis
3076 5570 3260 5612 sermo
3291 5567 3379 5614 cst
3404 5556 3473 5615 de
3496 5557 3623 5613 uni-

2050 5655 2249 5721 versali
2277 5666 2569 5725 corporum
2603 5646 3032 5706 resurrectione.
