4070 6224
368 295 475 357 (ibi!)

1556 285 1939 347 EUTHYMII
1981 283 2342 343 ZlGABENl

3503 275 3610 335 Gil)

445 403 602 457 Vsus.
639 402 690 454 ιι.
754 399 920 452 Verba
974 399 1274 465 iniquorum
1329 399 1718 464 prwvaluer-unt
1774 413 1928 464 super

2085 396 2259 464 Λόγοι
2281 393 2518 461 ἀνόμων
2539 387 3086 458 ὑπερεδιννιὶμωσιιν
3108 387 3354 456 ῆμᾶςΑί
3377 389 3450 448 εἰς
3479 387 3610 438 Θεῆν

372 507 484 544 nos.
537 490 893 558 Blasphemize
941 488 1288 542 inimicorum
1345 505 1481 555 quas
1513 489 1800 543 adversum
1837 502 1934 539 nos

370 591 533 651 atque
583 581 847 635 adversus
895 581 1071 650 ipsum
1121 580 1286 633 Deum
1335 579 1588 643 fundunt,
1636 580 1933 650 prmvaltie-

374 683 497 727 runt
538 689 702 740 super
755 687 876 737 nos,
911 673 1012 726 hoc
1057 680 1164 733 est,
1209 681 1596 740 oppresserunt
1632 687 1752 734 nos,
1809 684 1934 722 cum

371 778 480 817 non
523 763 854 817 auderemus
885 764 1281 828 contradicere,
1315 762 1477 815 veluti
1528 763 1668 816 servi
1731 759 1933 814 eli'ccti.

369 857 471 923 (Et
504 856 631 925 quia
668 855 722 908 in
756 855 967 920 Graeco,
1003 871 1099 924 pro
1147 856 1313 910 verbo
1338 895 1353 918 ,
1406 854 1822 923 pra’vaIuerunt,
1862 853 1938 905 lc—

369 949 567 1014 gimus.
615 947 1163 1017 ὑπερεδυνὰμωσαν)
1201 956 1378 1016 potest
1411 947 1463 1000 id
1513 945 1738 1000 verbum
1783 945 1941 996 aliter

367 1041 589 1107 exponi,
647 1049 706 1093 ut
755 1055 976 1094 sensum
1035 1040 1195 1094 etiam
1253 1041 1592 1093 contrarium
1648 1038 1831 1099 faciat,
1886 1042 1940 1090 et

2043 486 2134 538 καὶ
2172 487 2251 546 εἰς
2294 485 2437 553 ἡμᾶς
2476 481 2815 551 βλασφημίαι
2860 479 2970 532 τῶν
3005 479 3216 549 ἐχθρῶν
3269 476 3407 545 ὑπὲρ
3466 478 3609 546 ἡμᾶς

2042 575 2398 643 ἐδυνήθησαν,
2454 572 2722 634 τουτέστι,
2767 570 3274 623 κατεδυνάστευσαν
3321 566 3499 634 ἡμῶν,
3539 567 3613 635 μὴ

2041 667 2366 737 τολμώντων
2397 667 2693 726 ἀντειπεῖν,
2718 659 2804 716 οἶα
2831 661 3266 728 δεδουλωμένων.
3297 660 3369 711 Ἦ
3394 659 3616 710 τούναν-

2044 762 2156 816 τίον
2179 777 2190 790 ·
2224 761 2357 814 Λίαν
2390 756 2817 827 ἰσχυροποίησαν
2847 755 2994 824 ἡμᾶς
3020 752 3426 822 θαρρήσαντας,
3445 749 3525 800 ὅτι
3552 746 3613 798 οὐ

2047 850 2295 920 περιόψει
2343 847 2543 909 ταύτας
2605 845 3013 914 ἁνεκδικήτους.
3047 841 3182 896 Τινᾶ
3227 839 3284 893 δὲ
3314 838 3422 892 τῶν
3465 837 3617 890 ἀντι-

2046 941 2274 1010 γράφων
2327 935 2886 1004 ὑπερηδυνάμωσαν
2949 932 3253 1000 γράφουσιν
3285 971 3299 994 ,
3361 929 3390 982 ὅ
3444 931 3612 989 ἐστιν,

2050 1031 2298 1093 ἀσθενεῖς
2328 1029 2592 1094 ἐποίησαν
2621 1027 2766 1096 ἡμᾶς
2780 1065 2795 1080 .

369 1131 638 1184 sententia
678 1131 748 1183 sit
790 1130 1014 1186 :Verba
1081 1131 1394 1200 iniquorum
1437 1129 1593 1182 vatde
1651 1125 1822 1181 fortes
1893 1139 1992 1179 nos
2049 1125 2420 1188 reddiderunt,
2467 1127 2539 1178 ita
2593 1134 2652 1178 ut
2707 1123 2960 1177 ﬁduciam
3025 1117 3402 1190 praestiterint,
3470 1114 3615 1184 quod

371 1226 514 1280 Deus
579 1224 893 1294 huiusmodi
964 1225 1197 1294 injurias
1247 1225 1450 1278 inultas
1507 1237 1618 1277 non
1674 1220 1935 1274 dimittet.
1979 1219 2236 1284 Quaedam
2268 1228 2451 1274 autem
2488 1218 2822 1288 exemplaria
2849 1217 3099 1272 habent:

370 1334 486 1371 rum
514 1317 663 1371 valde
690 1317 928 1386 infirmos
956 1332 1048 1369 nos
1072 1315 1427 1370 reddiderunt.

443 1409 512 1463 Et
540 1408 898 1474 impietatibus
930 1409 1128 1461 nostris
1157 1419 1213 1460 tu
1260 1404 1658 1477 propitiaberis.
1705 1404 1812 1464 Tu.
1864 1404 1942 1457 in-

372 1501 508 1572 quit,
545 1501 612 1555 iis
639 1502 891 1570 ignosces
923 1504 1185 1569 peccatis,
1231 1510 1456 1569 propter
1483 1515 1604 1566 qum
1634 1512 1733 1551 nos
1758 1495 1939 1552 effecti

373 1606 568 1649 sumus
602 1590 828 1658 captivi,
858 1592 1005 1643 unde
1044 1590 1204 1644 etiam
1237 1590 1496 1644 liberabis
1531 1605 1654 1644 nos.

442 1682 607 1736 Vens.
632 1683 694 1736 5.‘
721 1682 915 1735 Beatus
945 1699 1094 1750 quem
1119 1682 1318 1752 elegisti
1351 1691 1397 1736 et
1433 1683 1766 1750 assumpsisti
1803 1697 1819 1736 :
1847 1681 1945 1735 Ita-

376 1775 566 1829 bitabit
613 1777 666 1828 in
717 1777 855 1828 aulis
902 1776 1026 1827 luis.
1080 1773 1238 1828 Juxta
1293 1790 1512 1829 sensum
1569 1773 1886 1828 historicum
1928 1791 1942 1827 :

3183 1215 3350 1288 Verba
3413 1212 3623 1280 iniquo-

2121 1399 2228 1454 Kal
2260 1397 2390 1463 ταῖς
2417 1395 2760 1458 ἀσθενείαις
2794 1391 2962 1462 ἡμῶν
2991 1391 3072 1445 σὺ
3118 1391 3322 1459 ἱλάσῃ.
3357 1389 3467 1443 Καὶ
3498 1390 3621 1448 ταῖς

2049 1490 2347 1560 ἁμαρτίαις
2384 1486 2563 1556 ἡμῶν,
2585 1486 2652 1537 δι’
2677 1483 2742 1547 ἃς
2772 1482 3290 1554 ᾑχμαλωτίσθημεν,
3326 1479 3389 1532 σὺ
3413 1495 3623 1545 συγνω-

2053 1584 2329 1652 μονήσεις,
2355 1578 2447 1629 καὶ
2483 1574 2877 1644 ἐλευθερώσεις
2913 1575 3080 1642 ἡμᾶς.

2120 1672 2422 1740 Μακάριος
2449 1670 2523 1723 ὃν
2561 1669 2823 1732 ἐξελέξω
2854 1666 2948 1719 καὶ
2983 1665 3385 1732 προσελάϐου.
3436 1666 3627 1715 Κατα-

2050 1763 2356 1833 σκηνὼσει
2388 1763 2457 1815 ἐν
2480 1761 2606 1825 ταῖς
2637 1758 2853 1822 αὐλαῖς
2885 1774 3020 1811 σου.
3061 1756 3196 1809 Καθ’
3223 1755 3462 1824 ἱστορίαν
3507 1753 3630 1821 μὲν,

379 1868 596 1929 Beatus,
629 1867 828 1935 inquit,
863 1866 1174 1920 Judreorum
1209 1867 1438 1934 populus
1465 1866 1555 1936 qui
1589 1881 1655 1919 ex
1686 1866 1942 1918 omnibus

2062 1858 2292 1927 ζηλωτὸς
2318 1897 2332 1919 ,
2365 1853 2552 1925 φησὶν,
2589 1855 2616 1906 ὁ
2640 1853 2749 1904 τῶν
2783 1853 2958 1906 ἄλλων
2982 1851 3151 1902 ἐθνῶν
3186 1848 3470 1915 ἑκκλεγεὶς
3500 1844 3629 1908 λαὲς

375 1959 632 2026 gentibus
663 1975 691 2012 a
733 1969 783 2013 te
809 1959 1017 2014 electus
1044 1966 1147 2024 est,
1177 1967 1229 2013 et
1257 1970 1384 2014 tuus
1438 1959 1675 2028 populus
1703 1959 1950 2028 appella-

379 2063 487 2105 tur.
526 2051 601 2103 Ex
631 2051 945 2119 captivitate
982 2051 1184 2105 etenim
1230 2060 1540 2115 revocatus,
1575 2067 1793 2105 rursum
1826 2065 1948 2104 cum

381 2143 592 2196 honore
631 2141 904 2195 habitabit
959 2142 1012 2196 in
1056 2141 1408 2198 Jerusalem:
1445 2157 1607 2212 quam
1658 2141 1812 2196 aulas
1856 2139 1948 2194 Dci

380 2246 502 2285 esse
533 2231 694 2293 dixit,
746 2239 970 2299 propter
1007 2233 1426 2286 celeberrimum
1488 2232 1748 2298 templum
1807 2229 1950 2297 quod

382 2321 436 2373 in
467 2336 530 2374 ea
573 2321 686 2374 Deo
722 2323 962 2376 dicatum
1009 2330 1146 2376 erat.
1182 2321 1348 2376 Juxta
1390 2338 1670 2391 anagogen
1703 2333 1854 2379 vero.
1887 2321 1953 2371 de

379 2427 524 2467 novo
569 2412 814 2480 loquitur
842 2413 1062 2481 papulo,
1092 2428 1255 2481 quem
1293 2413 1554 2466 Dominus
1585 2429 1650 2466 ex
1699 2413 1954 2482 gentibus

381 2502 484 2557 sibi
516 2503 570 2555 in
597 2503 964 2556 ha‘reditatem
999 2505 1204 2573 elegit;
1257 2513 1309 2556 et
1335 2520 1429 2573 per
1465 2506 1618 2557 aulas
1645 2544 1659 2567 ,
1691 2504 1953 2556 ecclesias

385 2593 664 2662 intelligit,
724 2608 846 2661 qua:
881 2592 1110 2662 ,ubique
1169 2593 1417 2646 locorum
1481 2593 1704 2646 Christo
1759 2601 1955 2645 erectae

386 2695 535 2738 sunt.
568 2684 798 2754 ltttelligi
827 2685 987 2738 etiam
1025 2695 1254 2754 possunt
1283 2686 1395 2740 luec
1425 2687 1611 2747 verba,
1644 2694 1700 2738 ut
1727 2685 1951 2738 unicui-

382 2784 490 2838 que
525 2779 783 2839 aptentur
816 2771 983 2836 fideli,
1021 2774 1114 2842 qui
1150 2773 1235 2842 pie
1260 2789 1323 2827 ac
1366 2775 1619 2844 religiose
1649 2775 1814 2839 vivat,
1865 2775 1952 2842 qui

381 2863 591 2919 electus
646 2864 859 2919 dicetur
894 2875 948 2919 et
979 2875 1296 2936 assumptus
1321 2866 1385 2919 ad
1411 2867 1688 2920 caelestem
1729 2865 1956 2921 lerusa-

381 2954 509 3018 lem,
545 2957 634 3010 ubi
667 2958 803 3011 aula
833 2958 920 3011 Dei
957 2968 1086 3013 sunt
1115 2960 1425 3013 mansiones
1449 2959 1746 3029 justorum.

456 3045 628 3103 Vens.
669 3050 722 3101 6.
779 3048 1110 3117 Replebimur
1147 3052 1209 3103 .iu
1250 3051 1398 3104 bonis
1445 3053 1632 3104 domus
1674 3061 1797 3105 tua).
1853 3052 1958 3104 Per

383 3136 605 3191 domum
643 3139 731 3192 Dei
767 3149 819 3192 et
849 3140 1164 3196 inferiorem
1201 3144 1360 3206 hanc,
1399 3152 1450 3196 et
1475 3157 1766 3210 supernam
1794 3139 1956 3193 Jeru-

2056 1949 2165 2002 τῶν
2202 1946 2498 2004 Ἰουδαίων.
2536 1945 2631 1998 καὶ
2664 1944 2753 2006 σὸς
2782 1941 3130 2012 χρηματίσας
3157 1957 3168 1970 ο
3199 1943 3262 1992 ἐκ
3290 1941 3388 2008 τῆς
3423 1941 3629 2007 αἰχμα-

2055 2039 2258 2101 λωσίας
2288 2038 2396 2106 γὰρ
2427 2037 2660 2106 ἐντίμως
2696 2034 2967 2102 ἀναχθεὶς,
3005 2032 3421 2101 κατασκηνώσει
3464 2029 3627 2082 πάλιν

2058 2134 2116 2185 ἐν
2158 2133 2223 2200 τῇ
2273 2129 2424 2182 πόλει
2482 2146 2576 2181 σου
2637 2123 3016 2196 Ἰερουσαλήμ.
3067 2124 3284 2193 Ταύτην
3313 2123 3421 2193 γὰρ
3458 2120 3629 2183 αὐλὰς

2056 2225 2153 2280 τοῦ
2194 2225 2329 2277 Θεοῦ
2363 2225 2537 2288 καλεῖ,
2572 2221 2660 2276 διὰ
2707 2225 2797 2275 τὶν
2830 2224 2885 2273 ἐν
2930 2222 3067 2290 αὐτῇ
3099 2220 3445 2290 περιώνυμον
3481 2218 3630 2270 ναόν.

2070 2317 2456 2384 Ἀναγωγικῶς
2507 2315 2564 2368 δὲ
2609 2313 2903 2368 αἰνίττεται
2945 2312 3035 2364 τὸν
3070 2312 3186 2364 νέον
3236 2310 3382 2370 λαὸν,
3425 2309 3514 2360 τὸν
3575 2309 3635 2373 ἐξ

2060 2411 2230 2463 ἐθνῶν
2301 2409 2595 2474 ὲκλεγέντα
2667 2406 2745 2476 τῷ
2812 2404 3032 2474 Χριστῷ
3097 2405 3178 2466 είς
3247 2403 3631 2473 κληρονεμίαν.

2057 2503 2236 2566 Abiit;
2261 2502 2314 2555 δὲ
2342 2499 2505 2555 αὑτοῦ
2555 2499 2652 2562 τὰς
2691 2499 2831 2552 κατὰ
2854 2498 3062 2570 χώραν,
3115 2497 3410 2567 ἐκκλησίας
3439 2495 3639 2558 ὑπολη-

2063 2597 2247 2651 πτέον.
2277 2595 2500 2647 Νοεῖται
2532 2593 2589 2645 δὲ
2627 2591 2721 2644 καὶ
2767 2591 2899 2660 περὶ
2931 2590 3133 2653 παντὸς
3167 2591 3226 2641 ἐν
3260 2587 3514 2658 εὐσεϐείᾳ
3546 2603 3634 2638 τε-

2057 2687 2328 2750 λειοῦντος
2352 2688 2453 2756 τὴν
2496 2686 2664 2754 ζωήν.
2706 2683 2985 2751 Ἐκλεγεὶς
3017 2684 3126 2752 γὰρ
3158 2681 3636 2752 προσλαμὸἀνεται

2059 2785 2138 2843 εἰς
2185 2779 2281 2850 τὴν
2323 2780 2433 2833 ἄνω
2477 2775 2856 2846 Ἰερουσαλὴμ,
2895 2777 3028 2829 ὅπου
3070 2776 3127 2830 αἱ
3175 2773 3332 2828 αὖλαί
3375 2773 3532 2834 εἰσιν,
3578 2771 3636 2823 αἱ

2062 2874 2223 2944 μοναὶ
2253 2871 2360 2924 τῶν
2394 2870 2642 2923 δικαίων.

2132 3055 2611 3123 Πλησθησιτμεθα
2646 3055 2716 3107 ἐν
2752 3054 2878 3118 τοῖς
2906 3053 3147 3122 ἀγαθοῖς
3176 3051 3281 3106 τοῦ
3307 3051 3476 3104 οἴκου
3496 3063 3630 3102 σου.

2063 3145 2223 3211 Οἶκος
2254 3147 2389 3199 Θεοῦ
2422 3149 2454 3215 ὴ
2482 3145 2860 3216 Ἰερουσαλὴμ,
2885 3146 2997 3215 ἦτε
3029 3146 3179 3199 κάτω
3210 3144 3301 3197 καὶ
3337 3147 3365 3213 ἡ
3392 3145 3522 3200 ἄνω.
3543 3141 3638 3194 καὶ

380 3229 554 3284 salem
594 3230 857 3300 intellige,
905 3240 957 3286 et
1014 3233 1238 3302 templa,
1291 3251 1412 3302 quae
1453 3234 1657 3300 ubique
1707 3234 1954 3286 locormn

2063 3241 2112 3292 οἱ
2144 3239 2285 3291 κατὰ
2317 3240 2481 3291 τόπον
2510 3239 2652 3291 ναοί.
2683 3237 2888 3305 Ἀγαθὰ
2919 3237 2974 3290 δὲ
3001 3237 3267 3300 αὐτοῦ,τὰ
3301 3236 3416 3288 θεῖα
3441 3234 3641 3304 δόγμα·

386 3331 531 3374 Stult.
569 3320 712 3375 Bona
743 3332 924 3376 autem
966 3325 1160 3390 domus
1194 3324 1284 3378 Dei
1321 3339 1476 3379 sacra
1524 3331 1654 3378 sunt
1679 3325 1954 3393 dogmata,

387 3426 451 3465 ac
501 3421 696 3467 etetera
749 3415 1057 3483 spiritualia
1092 3433 1154 3471 ac
1185 3419 1509 3484 temporalia
1538 3419 1700 3480 bona,
1754 3419 1954 3486 quibus

387 3503 494 3558 irui
523 3522 586 3560 ac
626 3506 882 3562 delectari
931 3508 1070 3563 Deus
1108 3510 1423 3565 hominibus
1470 3510 1686 3564 tribuit.
1729 3508 1822 3564 llis
1854 3524 1954 3562 au-

2064 3345 2154 3387 τα,
2195 3327 2287 3378 καὶ
2315 3328 2413 3378 ὅσα
2453 3327 2589 3396 πρὸς
2623 3327 2924 3380 ἀπόλαυσιν
2959 3326 3052 3380 καὶ
3082 3327 3295 3396 τέρψιν,
3339 3321 3434 3390 ὧν,
3482 3324 3639 3392 φησί.

2069 3417 2532 3486 πλησθησόμεοα,
2591 3417 3052 3486 ἐλευθερωθέντες
3100 3417 3198 3486 τῆς
3249 3416 3494 3477 δευλείας
3533 3413 3641 3467 τῶν

2060 3507 2154 3580 ἐχο
2164 3511 2292 3576 ρῶν.

384 3609 492 3652 tein
544 3599 701 3655 bonis
763 3601 1084 3671 replendum
1139 3603 1303 3657 etiam
1357 3603 1618 3674 populum
1671 3601 1948 3672 Propheta
1990 3605 2212 3667 asserit,
2251 3604 2412 3655 simul
2456 3620 2518 3656 ac
2596 3603 2666 3657 ab
2718 3603 3066 3656 inimicorum
3126 3603 3390 3658 servitute
3479 3601 3640 3655 fuerit

384 3694 667 3752 liberatus.

457 3789 716 3844 Sanctum
739 3797 817 3843 est
859 3791 1105 3860 templum
1144 3801 1314 3858 tuum,
1344 3789 1588 3844 mirabile
1620 3791 1673 3843 iu
1713 3791 1958 3859 justitia.

386 3878 490 3934 Per
521 3880 781 3950 templum
816 3881 1072 3936 similiter
1115 3892 1169 3937 et
1202 3881 1336 3937 illud
1389 3882 1654 3952 intellige,
1687 3881 1834 3950 quod
1882 3889 1966 3935 est

388 3967 444 4020 in
474 3964 722 4020 inferiori
744 3965 1078 4033 Jerusalem,
1112 3977 1167 4024 et
1199 3971 1344 4039 quod
1377 3971 1430 4024 in
1459 3985 1696 4040 superna
1735 3988 1747 4023 :
1783 3979 1836 4023 et
1861 3970 1964 4023 alia

386 4056 549 4110 etiam
587 4057 784 4126 templa
821 4073 941 4128 qua:
973 4060 1138 4114 variis
1174 4062 1361 4115 mundi
1401 4061 1536 4116 locis
1565 4071 1699 4115 sunt
1742 4059 1965 4115 Christo

390 4145 590 4202 dicata.
644 4147 906 4201 Sanctum
966 4157 1148 4203 autem
1205 4151 1461 4220 templum
1515 4151 1771 4220 appellat,
1821 4153 1966 4222 quod

390 4237 538 4292 illius
563 4254 683 4294 esse
715 4238 940 4303 dicitur,
973 4241 1066 4307 qui
1103 4251 1329 4296 sanctus
1354 4251 1454 4303 est,
1494 4249 1546 4296 et
1577 4243 1705 4310 quia
1743 4244 1962 4312 plenum

391 4336 477 4382 est
521 4331 905 4387 sanctimonia.
948 4330 1010 4384 Et
1067 4333 1315 4410 mirabile
1365 4333 1418 4385 in
1454 4334 1690 4403 justitia,
1746 4344 1968 4405 propter

387 4421 572 4492 justos
607 4427 779 4488 viros,
834 4427 927 4492 qui
979 4427 1030 4478 in
1086 4441 1150 4477 eo
1188 4434 1500 4480 versantur.
1560 4425 1656 4480 Vel
1703 4430 1965 4498 templum

391 4514 482 4569 Dei
515 4530 639 4571 esse
688 4516 942 4585 intelligit
977 4515 1124 4576 viros
1155 4531 1348 4571 omnes
1421 4517 1621 4572 virtute
1683 4521 1961 4589 praeditos,

391 4605 489 4673 qui
539 4605 912 4660 habitaculum
984 4604 1075 4659 Dei
1125 4606 1322 4659 merito
1379 4607 1484 4661 dici
1551 4621 1780 4678 possunt

1834 4626 1848 4664 :
1914 4621 1966 4666 et
2008 4613 2183 4665 sancti
2241 4612 2456 4680 quidem
2512 4619 2662 4677 sunt,
2704 4611 2774 4667 ob
2815 4612 2938 4666 vitae
3007 4612 3351 4676 munditiam,

2143 3790 2273 3841 Ὅτι
2326 3792 2358 3842 ό
2399 3790 2546 3852 ναός
2577 3805 2695 3841 σου
2735 3787 2897 3855 ἅγιος
2931 3787 3275 3856 θαυμαστὸς
3321 3788 3391 3839 ἐν
3425 3787 3644 3840 δικαιο-

2064 3879 2254 3947 σύνῃ.
2294 3881 2439 3941 Nato;
2469 3879 2605 3932 Θεοῦ
2639 3881 2822 3943 πάλιν,
2847 3881 2875 3932 ὁ
2907 3883 2964 3932 ὲν
2991 3883 3056 3950 τῇ
3086 3880 3235 3932 κάτω
3266 3878 3644 3947 Ἰερουσαλὴμ.

2065 3971 2160 4024 καὶ
2199 3973 2254 4023 ὲν
2289 3974 2352 4041 τῇ
2392 3972 2503 4025 ἄνω
2531 4013 2545 4035 ,
2588 3973 2683 4025 καὶ
2715 3975 2742 4026 ό
2789 3971 2929 4026 κατὰ
2972 3972 3138 4024 τόπον
3171 3966 3319 4032 οἶκος
3357 3971 3451 4024 τοῦ
3486 3970 3642 4023 Θεοῦ.

2069 4063 2254 4126 ’Ἄγιος
2289 4062 2386 4130 μὲν
2419 4057 2534 4124 οὖν,
2565 4061 2640 4122 ὡς
2661 4060 2754 4114 τοῦ
2778 4059 2935 4127 ἁγίου
2968 4058 3112 4120 ναὸς.
3142 4059 3233 4110 καὶ
3262 4059 3336 4115 ὡς
3367 4057 3641 4124 ἁγιασμοῦ

2065 4151 2300 4222 πλήρης.
2333 4151 2658 4221 Θαυμαστὸς
2686 4150 2738 4203 δὲ
2773 4151 2830 4201 ὲν
2874 4154 2938 4220 τῇ
2987 4149 3301 4219 δικαιοσύνῃ
3339 4150 3448 4202 τῶν
3481 4151 3650 4216 ἐμπο-

2075 4243 2439 4312 λιτευομένων
2492 4243 2628 4312 αὐτῇ
2688 4242 2914 4295 δικαίων
2965 4241 3196 4311 ἀνδρῶν.
3239 4242 3306 4292 Ἥ
3357 4241 3482 4292 ναὸν
3511 4238 3648 4292 Θεοῦ

2076 4336 2225 4404 λέγει
2259 4335 2351 4387 τὸν
2404 4336 2680 4404 ἐνάρετον,
2713 4336 2772 4397 ὅς
2805 4336 2952 4388 ἐστιν
2989 4334 3308 4402 οἰκητήριον
3342 4333 3499 4386 Θεοῦ.
3538 4331 3646 4383 Καὶ

2077 4429 2232 4497 ἅγιος
2272 4429 2394 4497 μὲν,
2427 4425 2515 4480 διὰ
2543 4427 2642 4498 τὴν
2670 4427 2894 4494 ἁγνείαν
2929 4427 3039 4480 τῶν
3069 4425 3258 4478 παθῶν
3287 4442 3300 4456 ·
3336 4425 3648 4493 θαυμαστὸς

2075 4520 2152 4583 δὲ,
2187 4521 2276 4571 ἐπὶ
2303 4523 2367 4589 τῇ
2400 4518 2740 4589 δικαιοσύνῃ.

3430 4608 3649 4661 mirabi-

391 4697 470 4752 les
504 4711 632 4750 vero
684 4698 752 4751 ob
782 4711 1050 4751 summam
1093 4698 1458 4766 integritatem
1496 4714 1558 4753 ac
1589 4701 2166 4770 sununamjustitiatu.

465 4789 635 4845 Vens.
670 4793 724 4844 '1.
757 4790 970 4844 Exaudi
1004 4808 1120 4852 nos.
1165 4791 1323 4857 Deus,
1349 4791 1597 4845 Salvator
1627 4801 1827 4856 noster,
1857 4809 1970 4860 spes
2006 4799 2048 4852 D

391 4885 628 4939 omnium
673 4885 859 4938 ﬁnium
910 4894 1084 4950 territt,
1120 4894 1401 4949 eteorum,
1438 4885 1528 4954 qui
1573 4885 1629 4938 in
1673 4886 1810 4938 mari
1850 4894 1970 4938 sunt

395 4977 603 5048 procul.
668 4975 765 5029 Est
810 4984 863 5030 et
915 4975 1029 5030 haec
1078 4975 1360 5046 prophetia
1413 4976 1478 5030 (le
1523 4977 1800 5045 gentibus,
1856 4991 1978 5045 qum

395 5069 774 5124 crediderunt.
801 5068 1033 5133 Exaudi,
1070 5069 1266 5137 inquit,
1308 5079 1360 5122 tu
1416 5084 1538 5134 nos,
1573 5071 1666 5138 qui
1701 5069 1754 5122 in
1786 5079 1973 5139 postc-

395 5177 518 5216 rum
551 5160 773 5215 futurus
809 5175 868 5214 es
907 5159 1150 5212 omnium
1181 5175 1327 5229 spes.
1372 5157 1537 5214 Fines
1581 5170 1760 5214 autem
1819 5170 1978 5214 teme

398 5251 648 5306 homines
682 5253 918 5320 appellat
949 5251 1039 5320 qui
1074 5260 1232 5304 terrae
1265 5251 1400 5304 lines
1433 5251 1708 5304 incolunt.
1747 5249 1854 5302 Per
1879 5264 1976 5305 eos

398 5359 528 5398 vero
578 5359 718 5414 quos
776 5343 829 5396 in
891 5344 1027 5397 mari
1091 5343 1281 5414 procul
1331 5359 1456 5398 esse
1491 5343 1646 5404 dicit.
1695 5344 1986 5398 insulanos

408 5436 690 5505 intelligit.
746 5435 923 5490 Dictio
969 5443 1148 5489 autem
1185 5433 1372 5500 procul
1431 5435 1746 5490 distantiam
1781 5451 1874 5489 seu
1906 5435 1988 5487 in-

400 5527 688 5581 tervailum
718 5542 747 5580 a
777 5534 925 5580 terra
975 5528 1222 5580 denotat.
1285 5524 1632 5597 [Disjunctze
1671 5527 1813 5582 enim
1859 5535 1987 5581 sunt

401 5619 598 5686 insube
633 5633 661 5672 a
691 5629 836 5674 terra
877 5615 1237 5688 continenti.)

469 5707 635 5776 Vens.
669 5711 723 5765 8.
758 5709 1081 5777 Praeparatis
1124 5718 1326 5763 montes
1383 5710 1437 5764 in
1484 5709 1796 5785 {ortitudine
1850 5727 1972 5766 sua.

2148 4796 2532 4848 Ἔπάκουσον
2587 4793 2774 4863 ἡμῶν,
2822 4797 2854 4847 ό
2898 4793 3120 4856 Θεὸς.ό
3146 4793 3347 4860 Σωτὴρ
3376 4791 3565 4861 ἡμῶν,
3614 4794 3651 4859 ἡ

2074 4889 2249 4954 ἐλπὶς
2280 4887 2526 4940 πάντων
2555 4885 2672 4938 τῶν
2703 4885 2975 4953 περάτων
3015 4883 3123 4951 τῆς
3149 4883 3282 4952 τῆς,
3317 4883 3410 4936 καὶ
3442 4884 3559 4936 τῶν
3584 4883 3653 4936 ἐν

2079 4979 2364 5047 θαλάσσῃ
2388 4979 2642 5046 μακράν.
2666 4978 2773 5032 Καὶ
2795 4978 2952 5030 τοῦτο
2975 4977 3279 5047 πρόρρησις
3298 4975 3398 5044 τῆς
3421 4977 3653 5038 πίστεως

2080 5073 2172 5125 τοῦ
2226 5073 2283 5138 ἐξ
2335 5072 2504 5124 ἐθνῶν
2555 5071 2707 5123 λαοῦ.
2759 5070 3115 5131 Ἐπάκουσον,
3169 5070 3355 5139 φησὶν,
3420 5067 3597 5136 ἡμῶν,
3628 5069 3655 5118 ὁ

2083 5164 2312 5235 ὕστερον
2366 5165 2623 5233 ἐσόμενος
2675 5162 2829 5224 ἐλπὶς
2873 5160 3114 5214 πάντων.
3162 5160 3382 5226 Πέρατα
3433 5159 3531 5225 μὲν
3562 5159 3656 5211 οὖν

2084 5259 2182 5325 τῆς
2204 5259 2306 5327 γῆς
2333 5258 2380 5309 οἰ
2404 5256 2470 5308 τὰ
2498 5257 2711 5324 πέρατα
2733 5254 2831 5322 τῆς
2854 5251 2958 5322 γῆς
2986 5250 3262 5314 οἰκοῦντες
3287 5270 3303 5284 ο
3329 5254 3386 5304 ὲν
3411 5251 3655 5320 θαλάσσῃ

2085 5349 2165 5411 δὲ,
2196 5350 2290 5401 καὶ
2321 5348 2371 5400 οἰ
2400 5349 2457 5399 ὲν
2493 5349 2612 5408 ταῖς
2643 5348 2829 5414 νήσοις
2849 5362 2862 5376 ο
2895 5345 2955 5397 τὸ
2988 5345 3042 5397 δὲ
3067 5345 3310 5414 μακρὰν
3371 5343 3655 5414 ἐπίρρημά

2084 5441 2222 5503 ἐστι,
2253 5442 2517 5510 σημαῖνον
2548 5439 2609 5492 τὸ
2639 5439 2828 5514 πόρρω
2991 5437 3242 5508 ἠπείρου.

2187 5703 2637 5776 Ετοιμάζὶυνὸρη
2661 5705 2728 5758 ἐν
2760 5721 2828 5772 τῃ
2861 5702 3029 5770 (tr/,6?
3054 5699 3260 5754 αὐτοῦ.
3284 5696 3414 5768 Περὶ
3445 5697 3538 5762 τῆς
3563 5695 3654 5750 τοδ
