4020 6218
345 302 449 368 641

1502 302 1891 373 COMMENT.
1940 308 2019 373 ΙΝ
2061 312 2423 374 PSALMOS.

3485 309 3594 374 642

344 421 482 475 Θεοῦ
541 417 766 484 διέξεισι
814 421 1120 494 δυνάμεως,
1175 424 1431 497 ἀνυμνῶν
1486 426 1679 496 αὐτήν.
1729 427 1803 479 Τὸ
1853 424 1907 479 δῖ·

2022 423 2090 479 De
2144 426 2332 481 divina
2377 439 2525 481 nunc
2574 430 2877 495 pertractat
2957 424 3217 496 potentia,
3274 424 3594 483 collaudatis

345 513 686 584 ἐτοιμάζων,
712 514 967 583 ἑδράζων
1015 516 1278 583 ἐξέδωκεν
1332 518 1360 570 δ
1412 517 1727 589 Σύμμαχος.
1786 518 1923 569 Συν-

344 605 670 672 εξακούεται
717 605 774 659 δὲ
816 606 896 672 τὸ,
920 607 1111 663 ἔστιν.
1171 607 1416 679 Ἐδράζει
1448 608 1516 662 τά
1548 608 1650 679 ὅρη
1679 648 1693 673 ,
1732 609 1919 678 φησιν,

342 696 518 761 οὕτως
570 697 865 766 ἀσφαλῶς,
918 698 995 763 ὡς
1048 699 1183 770 μηδέ
1245 717 1374 754 ποτε
1418 699 1743 772 σαλευθῆναι
1801 703 1923 765 ταῖς

350 787 748 858 σφοδροτάταις
791 791 884 842 καὶ
910 790 1214 861 διηνεκέσιν
1259 791 1516 864 ἑμὸολαῖς
1548 790 1658 845 τῶν
1711 790 1920 861 ἀγρίων

344 881 581 951 ἀνέμων.

413 1057 885 1128 Περιεζωσμένος
957 1060 1029 1114 ἐν
1090 1062 1440 1130 ovi-turrem.
1498 1080 1667 1133 utxqv
1738 1062 1959 1148 ζώνης.

345 1151 759 1221 κεκυκλωμένος
778 1154 835 1203 ἑν
862 1152 1174 1223 δυναστείᾳ,
1197 1155 1313 1224 ἦτοι
1342 1155 1400 1207 ὲν
1426 1154 1654 1223 δυνάμει
1676 1154 1917 1224 ἀπείρων

346 1244 490 1297 κατὰ
520 1246 704 1298 πάντα
730 1243 991 1301 κτιστῶν.
1025 1246 1116 1297 καὶ
1139 1247 1197 1298 ἐν
1242 1248 1405 1299 παντὶ
1442 1248 1753 1318 πράγματι.
1799 1246 1919 1299 Ἀλ-

342 1332 510 1403 λαχοῦ
558 1333 615 1386 δέ
646 1348 814 1401 φησιν
842 1346 858 1362 ⁸
883 1331 1240 1388 Ἐνεδύσατο
1284 1336 1502 1403 Κύριος
1532 1334 1790 1405 δύναμιν
1818 1335 1917 1389 καὶ

345 1424 760 1495 περιεζώσατο.

412 1607 862 1677 Συηαράσσωγ
887 1609 955 1664 τὸ
989 1610 1169 1675 κύτος
1194 1610 1304 1678 τῆς
1335 1611 1680 1678 θαλάσσης.
1707 1610 1781 1663 Τὸ
1817 1610 1913 1680 βά-

344 1698 458 1763 θος,
490 1698 629 1751 ὥστε
654 1698 901 1752 κάτωθεν
923 1700 1154 1771 ψάμμον
1182 1701 1560 1773 ἀναφέρεσθαι
1595 1701 1691 1754 τοῦ
1724 1700 1912 1754 τοσού-

345 1806 439 1841 του
462 1788 630 1859 χάους
662 1790 931 1859 αἰφνίδιον
971 1793 1470 1864 ἑκμοχλευομένου.
1498 1793 1698 1846 Σκόπει
1727 1793 1784 1846 δὲ
1828 1793 1909 1846 ὅτι

345 1880 735 1950 προστάγματι
795 1885 890 1937 τοῦ
954 1884 1092 1938 Θεοῦ
1139 1884 1243 1956 τὴν
1289 1885 1566 1940 θάλασσαν
1618 1885 1669 1938 οἱ
1719 1884 1912 1954 ἄνεμοι

341 1974 828 2043 συνταράσσουσιν.

414 2156 638 2225 Ἦχους
691 2156 970 2226 κυμάτων
1025 2157 1218 2226 αὐτῆς
1294 2159 1388 2224 τίς
1437 2158 1851 2228 ὐποστήσεται
1892 2175 1912 2223 ;

338 2244 536 2315 Βαρεῖς
567 2247 728 2310 ὄντας
768 2248 864 2301 καὶ
891 2249 1183 2318 φοϐεροὺς,
1205 2259 1300 2303 καὶ
1334 2253 1673 2322 ἀφορήτους.

415 2363 905 2431 Ταραχθήσονται
931 2365 1002 2417 τὰ
1022 2365 1186 2431 ἔθνη.
1223 2365 1320 2419 Διά
1351 2365 1411 2419 τὸ
1442 2367 1597 2433 ξένον
1621 2369 1715 2422 καὶ
1746 2371 1914 2441 ἄηθες

333 2448 436 2503 τοῦ
467 2449 849 2519 κηρύγματος,
882 2453 978 2505 καὶ
1019 2452 1109 2507 διὰ
1168 2454 1231 2508 τὸ
1276 2456 1646 2512 καταλύεσθαι
1696 2460 1754 2514 τὸ
1805 2479 1912 2515 πα-

333 2539 703 2611 τρῷονσέδας
761 2542 967 2608 αὐτῶν,
1025 2546 1121 2598 καὶ
1200 2547 1299 2616 τὴν
1362 2550 1642 2605 πολιτείαν
1705 2555 1912 2607 τούτων

349 2634 706 2703 ἀμείϐεσθαι.
1226 2626 1235 2635 ⁷

408 2748 518 2800 Kal
552 2748 997 2816 φοϐηθήσονται
1020 2754 1076 2806 οι
1110 2756 1529 2824 κατοικοῦντες
1558 2758 1629 2812 τὰ
1691 2758 1915 2828 πέρατα

333 2834 460 2888 ἀπὸ
487 2833 605 2887 τῶν
635 2838 921 2905 σημείων.
956 2840 1121 2895 Αὐτοὶ
1150 2845 1198 2895 οἱ
1232 2850 1291 2897 ἐν
1317 2849 1438 2909 ταῖς
1495 2848 1774 2919 ἐσχατιαῖς,
1813 2850 1914 2919 τῆς

339 2927 449 2993 γῆς
516 2927 920 3000 φοϐηθήσονται
971 2932 1079 2987 ἀπὸ
1134 2934 1245 2988 τῶν
1290 2939 1548 2993 ἑκάστοτε
1608 2942 1915 3011 γινομένων

334 3018 797 3088 θαυματουργιῶν
831 3037 948 3077 σου.
1004 3023 1069 3076 Εἰ
1100 3023 1157 3078 δὲ
1206 3027 1254 3078 οί
1316 3028 1377 3079 ὲν
1441 3031 1562 3092 ταῖς
1611 3031 1914 3100 ἐσχατιαῖς,

335 3110 522 3179 πολλῷ
554 3112 755 3180 μᾶλλον
789 3116 836 3167 οἱ
871 3115 930 3167 ἑν
961 3117 1038 3187 τῷ
1080 3118 1231 3187 μέσῳ
1261 3120 1360 3189 τῆς
1390 3120 1517 3189 γῆς.
1586 3122 1776 3193 Ἡμεῖς
1817 3125 1916 3193 μὲν
1943 3106 1988 3164 c

334 3198 437 3256 οὖν
499 3204 631 3274 περὶ
679 3206 789 3257 τῶν
837 3207 981 3260 κατά
1020 3208 1257 3278 Χριστὸν
1316 3209 1611 3279 θαυμάτων
1663 3213 1916 3282 εἰρῆσθαι

333 3295 520 3349 ταῦτά
555 3312 740 3364 φαμεν
772 3312 788 3325 ·
828 3297 1077 3363 Ἐὄραῖοι
1104 3300 1159 3354 δὲ
1193 3302 1321 3372 περὶ
1356 3302 1465 3355 τῶν
1497 3303 1637 3357 κατά
1671 3305 1910 3376 Μωσῆν⁸

328 3388 702 3459 εἴργονταιῐὲ
730 3389 819 3443 διὰ
846 3390 957 3446 τῶν
982 3391 1128 3462 ἑξῆς.

402 3611 695 3678 Ἐξόδους
729 3613 948 3679 aptata;
975 3612 1073 3665 καὶ
1096 3613 1360 3682 ἑσπέρας
1388 3615 1643 3685 τέρψεις.
1678 3618 1911 3688 Τὲρψεις

323 3705 424 3758 τδν
458 3704 589 3756 λαόν
623 3720 717 3757 σου
756 3705 856 3757 καὶ
920 3704 1061 3758 κατά
1105 3706 1204 3768 τὰς
1264 3706 1479 3770 ἐξόδους
1519 3708 1621 3777 τῆς
1673 3710 1911 3778 πρωΐας,

324 3799 468 3852 ὅταν
493 3798 731 3866 ἄρχηται
750 3796 965 3867 τρέχειν
997 3798 1029 3867 ἡ
1060 3798 1243 3868 πρωΐα
1274 3798 1372 3869 τῆς
1421 3800 1659 3870 ἡμέρας,
1686 3802 1779 3855 καὶ
1811 3801 1913 3854 πά.

322 3891 418 3944 λιν
451 3890 716 3961 ἑσπέρας,
754 3890 920 3960 ἤγουν
948 3893 1005 3944 ὲν
1031 3893 1096 3963 τῇ
1125 3890 1356 3963 ἑσπέρᾳ.
1431 3891 1679 3946 Ἀττικὸν
1724 3892 1782 3946 δὲ
1850 3892 1912 3947 τὸ

321 3977 623 4047 ἑσπέρας,
676 3977 869 4050 γενικὴ
927 3980 1048 4033 ἀντὶ
1093 3979 1334 4051 δοτικῆς.
1396 3980 1738 4052 Προφητεύει
1790 3983 1846 4051 δὲ
1884 3986 1914 4039 ὁ

319 4071 520 4140 λόγος,
551 4071 635 4125 δτι
659 4071 1064 4141 τερφθήσονται
1096 4074 1191 4126 καὶ⁵
1219 4073 1278 4126 ὲν
1306 4076 1377 4144 τῇ
1438 4075 1579 4144 ἀρχῇ
1632 4078 1732 4146 τῆς
1771 4077 1909 4147 ὴμέ-

325 4180 461 4233 ρας,
490 4162 587 4216 καὶ
609 4163 669 4217 ἑν
698 4162 776 4232 τῷ
798 4163 942 4216 τέλει
979 4162 1157 4233 αὐτῆς
1179 4179 1193 4194 ο
1224 4163 1629 4234 τερφθήσονται
1656 4166 1715 4219 δὲ
1746 4166 1913 4232 θείοις

320 4254 532 4323 ὕμνοις
560 4255 655 4306 καὶ
681 4255 847 4323 ἱεροῖς
908 4254 1280 4326 μελῳδήμασι.
1331 4255 1490 4319 Τινὲς
1540 4255 1601 4310 δὲ
1651 4257 1910 4313 καλοῦσιν

317 4345 554 4411 ἐξόδους
590 4343 690 4412 μὲν
731 4343 945 4412 πρωϊας
972 4344 1042 4397 τὰ
1079 4345 1372 4398 ἀνατολικὰ
1427 4346 1569 4416 μέρη
1625 4346 1726 4415 τῆς
1786 4349 1911 4417 γῆς.

2023 531 2142 571 eam
2178 524 2343 588 atque
2380 515 2668 571 extollens.
2725 514 2880 581 Quod
2912 530 3039 569 vero
3085 516 3161 569 ait
3191 532 3206 569 :
3237 532 3547 583 prteparans
3574 556 3590 579 ,

2025 607 2390 678 Symmachus
2414 608 2553 664 dixit
2576 650 2592 674 ,
2625 607 2917 662 stabilieus.
2950 606 3385 678 Subintelligitur
3408 618 3589 664 autem

2023 698 2434 755 substantivum
2477 700 2731 765 verbum,
2768 710 2866 754 est.
2900 699 3063 765 Deus,
3091 699 3293 769 inquit,
3342 700 3434 755 ille
3481 711 3589 764 est,

2023 790 2118 861 qui
2151 790 2379 847 stabiles
2411 789 2591 848 reddit
2633 804 2866 853 montes,
2926 791 3001 845 ita
3054 798 3113 844 ut
3150 790 3339 854 nullis,
3372 793 3591 846 tametsi

2021 884 2405 948 validissimis,
2441 893 2727 939 ventorum
2786 882 3005 939 ﬂatibus
3045 884 3309 938 dimoveri
3356 883 3588 953 possint,

2021 983 2114 1029 aut
2145 975 2433 1031 ﬂuctuare.

2091 1065 2374 1119 Accinctus
2401 1068 2453 1119 in
2486 1074 2780 1135 potentatu.
2814 1066 2977 1121 Zona:
2999 1068 3198 1128 instar,
3239 1067 3443 1135 inquit,
3477 1066 3590 1120 cir-

2021 1156 2314 1214 cumdatus
2345 1172 2425 1220 es,
2459 1160 2511 1211 in
2560 1168 2870 1228 potentatu,
2937 1158 3043 1212 hoc
3089 1165 3201 1221 est,
3239 1157 3290 1211 in
3327 1158 3590 1212 immensa

2022 1248 2289 1317 potentia,
2330 1260 2440 1302 tam
2470 1250 2523 1302 in
2558 1249 2625 1303 iis
2664 1266 2785 1318 quae
2818 1250 2883 1302 ad
2914 1258 3130 1304 creatas
3169 1263 3259 1303 res
3291 1252 3590 1317 pertinent,

2018 1357 2188 1411 quam
2218 1342 2284 1396 ad
2332 1357 2697 1412 quacumque
2730 1344 2856 1399 alia.
2914 1343 3055 1399 Alibi
3083 1344 3247 1398 etiam
3278 1342 3593 1412 bujusmodi

2020 1435 2135 1490 fere
2168 1436 2339 1489 utitur
2366 1451 2645 1497 sermone.
2671 1452 2794 1489 cum
2818 1437 2950 1490 dicit
2985 1452 2998 1488 :
3041 1436 3270 1490 lndutus
3295 1444 3373 1490 est
3408 1434 3591 1489 Domi-

2020 1541 2118 1579 nus
2146 1524 2511 1593 fortitudinem
2546 1534 2594 1579 et
2621 1527 2897 1594 prwciuxit
2921 1542 2975 1579 se
3004 1526 3072 1580 ".
3353 1516 3365 1532 ’

2090 1617 2195 1683 Qui
2215 1621 2497 1672 conturbas
2520 1616 3045 1687 profundummaris.
3063 1615 3229 1672 Maris
3254 1616 3595 1686 profundum

2018 1706 2092 1760 ita
2123 1707 2433 1769 conturbat,
2472 1712 2531 1760 ut
2576 1720 2739 1761 arena
2767 1745 2781 1768 ,
2834 1721 2954 1777 qua:
2994 1705 3102 1760 illic
3149 1705 3335 1775 jacet,
3370 1719 3586 1760 sursum

2023 1794 2251 1861 feratur,
2289 1803 2435 1849 tanta
2466 1795 2874 1865 perturbatione
2905 1801 3194 1850 commota.
3232 1792 3368 1848 Illud
3428 1793 3593 1865 igitur

2021 1899 2087 1938 ex
2116 1883 2431 1951 huiusmodi
2464 1884 2753 1953 Pmplieta‘.
2784 1884 2956 1940 nostri
2998 1883 3179 1941 verbis
3235 1884 3596 1939 considerana

2020 1973 2150 2030 dum
2180 1985 2265 2031 cst
2298 1992 2314 2030 :
2344 1975 2486 2045 quod
2517 1973 2663 2029 venti
2696 1972 2881 2045 [nulla
2917 1973 3139 2043 propria
3193 1971 3589 2043 vutute,,sed]

2020 2063 2279 2119 mandato
2315 2063 2407 2117 Dei
2465 2077 2613 2116 mare
2643 2071 2804 2132 atque
2828 2062 2933 2116 alia
2954 2062 3221 2117 elementa
3238 2061 3586 2117 conturbant.

2095 2155 2266 2210 Sanos
2295 2155 2547 2224 ﬂuetuum
2580 2155 2693 2223 ejus
2723 2154 2838 2222 quis
2863 2153 3138 2208 sustinebit
3164 2153 3191 2207 Ρ
3225 2152 3360 2207 Cum
3398 2166 3590 2221 graves

2024 2247 2278 2302 videlicet
2306 2248 2438 2310 sint,
2470 2245 2848 2315 terribilesque
2881 2252 2936 2300 et
2971 2243 3104 2299 ferri
3142 2252 3443 2316 nequeant.

2095 2375 2258 2431 Vens.
2305 2376 2358 2432 9.
2417 2373 2796 2429 Turbabuntur
2852 2382 3053 2443 gentes.
3104 2371 3331 2442 Propter
3386 2384 3589 2424 novum

2022 2477 2187 2537 atque
2217 2468 2490 2522 insuetum
2524 2464 2928 2535 praedicationis
2959 2479 3155 2534 genus,
3181 2478 3290 2533 quo
3323 2462 3587 2529 majorum

2020 2557 2215 2627 religio
2247 2565 2300 2611 et
2331 2558 2554 2625 antiqua
2590 2555 2779 2624 patrias
2831 2553 3174 2609 consuetudo
3227 2553 3546 2609 destruetur
3570 2590 3584 2613 ,

2023 2656 2185 2716 atque
2216 2646 2268 2699 in
2299 2645 2404 2699 alia
2438 2644 2843 2699 immutabitur.

2092 2766 2163 2817 Et
2199 2761 2451 2815 timebunt
2483 2760 2571 2830 qui
2602 2758 2842 2813 habitant
2874 2759 3006 2826 fines
3051 2774 3086 2811 α
3121 2756 3287 2827 signis
3327 2756 3450 2810 tuis.
3503 2753 3543 2809 li
3574 2795 3590 2819 ,

2023 2856 2221 2925 inquit,
2250 2855 2341 2924 qui
2366 2837 2641 2907 extremos
2674 2862 2833 2906 terra:
2861 2852 2995 2906 lines
3025 2849 3293 2913 incolunt,
3318 2847 3594 2903 timebunt

2022 2962 2135 3019 prte
2168 2944 2516 3001 multitudine
2548 2941 2936 2996 miraculorum
2970 2978 2987 3004 ,
3023 2955 3144 3011 quae
3176 2940 3378 3010 passim
3411 2939 3466 2993 in
3500 2949 3593 2992 tuo

2033 3040 2165 3093 licnt
2198 3036 2441 3090 nomine.
2476 3032 2631 3097 Quod
2672 3033 2717 3087 si
2754 3032 2788 3085 ii
2815 3029 3124 3095 timebunt,
3174 3029 3264 3100 qui
3316 3038 3601 3083 extremas

2021 3132 2170 3188 orbis
2197 3139 2379 3198 partes
2408 3128 2676 3189 habitant.
2707 3133 2913 3195 quanto
2945 3123 3023 3178 illi
3055 3123 3247 3194 magis,
3280 3122 3369 3192 qui
3404 3123 3454 3175 in
3482 3136 3594 3177 nte—

2022 3224 2114 3278 dio
2149 3221 2271 3286 eius
2305 3218 2634 3275 versantur?
2663 3215 2728 3272 Et
2757 3230 2857 3270 nos
2902 3214 3117 3285 quidem
3152 3215 3266 3268 bzec
3311 3213 3379 3268 de
3421 3211 3594 3267 admi-

2023 3315 2210 3369 randis
2230 3311 2435 3368 Christi
2459 3309 2718 3379 operibus
2739 3308 2999 3380 prtedicta
3032 3307 3059 3360 Γ
3059 3306 3206 3361 uisse
3231 3304 3588 3360 afﬁrmamus:

2024 3408 2233 3464 Hebnei
2260 3420 2388 3461 vero
2412 3404 2480 3460 de
2506 3404 2572 3460 iis
2594 3417 2715 3474 qua:
2746 3417 2776 3456 a
2807 3402 2990 3472 Moyse
3021 3408 3172 3471 gesta
3204 3407 3369 3464 sunt;
3402 3411 3588 3452 verum

2023 3500 2392 3570 reprobantur
2453 3507 2617 3568 atque
2651 3495 3055 3551 convincuntur
3087 3506 3152 3547 ex
3185 3490 3592 3561 sequentibus,
3698 3534 3703 3539 .

2093 3613 2283 3669 Exitus
2321 3610 2567 3664 matutini
2596 3618 2647 3661 et
2677 3622 2902 3677 vesperae
2944 3603 3240 3659 delectabis.
3280 3601 3600 3673 Populum,

2022 3705 2223 3775 inquit,
2256 3712 2408 3758 tuum
2434 3698 2755 3761 delectabis,
2778 3705 2886 3750 tam
2913 3697 2969 3750 in
2999 3695 3144 3750 exitu
3176 3692 3427 3748 matutini
3456 3699 3593 3745 tem-

2025 3797 2193 3869 poris,
2220 3792 2442 3865 quando
2470 3799 2522 3845 et
2557 3803 2719 3845 tuane
2743 3788 2851 3845 diei
2882 3786 3084 3843 dicitur
3109 3795 3164 3841 et
3193 3784 3312 3839 dies
3340 3782 3590 3854 progredi

2025 3886 2234 3957 incipit,
2260 3898 2424 3954 quam
2448 3881 2612 3937 etiam
2647 3879 2700 3934 in
2733 3879 2883 3935 exitu
2927 3890 3170 3946 vesperte
3196 3915 3212 3941 ,
3239 3874 3343 3929 hoc
3399 3884 3484 3931 est
3536 3874 3601 3927 in'

2025 3980 2149 4049 ipso
2183 3989 2430 4044 vespere.
2463 3974 2560 4027 Est
2585 3977 2767 4026 autem
2821 3967 3059 4039 ἑσπέρας
3087 3965 3269 4019 Attice
3306 3963 3541 4033 posltum
3571 4002 3597 4027 τ

2022 4071 2290 4141 genitivus
2312 4081 2408 4137 pro
2430 4063 2651 4128 dativo;
2676 4059 2988 4131 praedicitur
3010 4064 3191 4112 autem
3212 4056 3313 4110 hoc
3342 4069 3595 4141 sermone

2020 4139 2169 4233 quod
2201 4156 2619 4214 delectabttntur
2648 4163 2759 4206 tam
2795 4151 2848 4205 in
2895 4146 3165 4220 principio
3191 4159 3352 4216 quam
3389 4143 3442 4198 in
3487 4139 3599 4198 line

2018 4255 2147 4310 diei.
2180 4249 2609 4306 Delectabuntur
2647 4252 2827 4300 autem
2857 4243 2910 4295 in
2947 4240 3150 4296 divinis
3204 4237 3477 4303 laudibus,
3506 4245 3599 4289 ιιι-ι

2020 4360 2128 4416 que
2157 4344 2210 4397 in
2242 4339 2416 4396 sacris
2445 4336 2693 4392 canticis.
2730 4330 2911 4403 Aliqui
2953 4345 3050 4401 per
3076 4331 3259 4384 exitus
3313 4328 3601 4389 matutini,r

317 4435 588 4500 Ἐξόδους
619 4435 673 4488 δὲ
716 4435 953 4502 ἑσπέρας
976 4435 1044 4487 τὰ
1074 4435 1290 4498 δυτικά,
1353 4437 1513 4489 ὃτιὲν
1547 4437 1780 4502 ἐκείνοις
1808 4440 1911 4509 μὲν

2022 4446 2073 4494 et
2106 4451 2202 4506 per
2227 4432 2407 4488 exitus
2438 4442 2701 4499 vesperae,
2738 4422 3035 4480 orientales
3076 4428 3238 4491 atque
3270 4420 3601 4474 occidenta-r

315 4528 487 4582 δοχεῖ
516 4527 815 4595 γεννᾶσθαι
843 4530 875 4596 ἡ
905 4527 1091 4599 πρωῖα
1119 4567 1133 4590 ,
1167 4528 1296 4581 ὲνδὲ
1334 4528 1550 4592 τούτοις
1582 4531 1614 4600 ἡ
1650 4530 1768 4597 νύξ.
1811 4533 1914 4585 Εὑ-

317 4622 569 4690 ςρανεῖς
600 4618 716 4682 οὖν,
751 4621 906 4690 φησὶ,
936 4622 1030 4673 καὶ
1057 4621 1183 4683 τοὺς
1233 4622 1330 4673 ἐπὶ
1375 4621 1474 4692 τῆς
1520 4623 1787 4693 ἀνατολῆς
1842 4627 1914 4678 ol-

312 4714 594 4777 κοίντας,
616 4714 710 4765 καὶ
739 4714 868 4777 τοὺς
900 4714 996 4766 ἐπὶ
1029 4713 1130 4782 τῆς
1186 4713 1418 4777 δύσεως,
1477 4714 1911 4787 ἑνανθρωπήσας

309 4808 424 4858 καὶ
453 4804 928 4874 πολιτευσάμενος
960 4806 1052 4859 ἐπὶ
1080 4804 1182 4874 τῆς
1216 4805 1341 4874 γῆς.
1368 4805 1450 4860 Τὰ
1468 4805 1526 4860 δὲ
1581 4807 1708 4878 ἑξῆς
1768 4809 1912 4879 ῥητὰ

308 4898 561 4967 πρῶτον
595 4896 886 4966 ἱστορικῶς
911 4896 1301 4966 ἑρμηνευτέον,
1333 4892 1455 4950 εἶτα
1512 4899 1873 4967 ἀναγωγικῶς
1893 4916 1910 4931 ’

311 4986 725 5057 ἀρμοδιώτερα
750 4986 963 5051 τούτοις
996 4986 1065 5040 τὰ
1086 4987 1185 5057 τῆς
1229 4987 1551 5057 ἀναγωγῆς,
1577 4986 1653 5052 ὥς
1712 4991 1911 5044 αὐτίκα

303 5075 701 5149 δειχθήσεται.
1832 5072 1839 5078 ’

400 5279 770 5348 Ἐπεσκέψω
823 5277 938 5347 τὴν
1000 5277 1138 5349 γῆν,
1191 5278 1291 5333 καὶ
1348 5278 1646 5347 ἐμέθυσας
1698 5278 1912 5345 αὑτήν.

300 5373 495 5429 Μετὰ
524 5372 622 5441 τὴν
649 5374 714 5425 ἑκ
742 5371 1084 5439 Βαϐυλῶνος,
1116 5372 1301 5441 φησιν,
1328 5370 1586 5425 ἐπάνοδον
1616 5370 1912 5424 ἁντελάὁου

302 5469 415 5536 τῆς
467 5466 763 5532 Ἰουδαίας,
806 5466 1272 5537 ἀποχερσωμένης
1320 5464 1448 5536 ἠδη,
1486 5462 1583 5518 καὶ
1636 5462 1914 5535 ἑμέθυσας

300 5558 510 5629 αὐτὴν
546 5557 708 5629 ύετῷ.

403 5737 460 5769 ’π
504 5733 651 5790 Psul.
694 5754 822 5801 καί,
858 5739 921 5794 ἓν

2020 4532 2100 4585 les
2132 4540 2290 4582 terra:
2320 4532 2503 4592 partes
2531 4519 2862 4590 intelligunt.
2918 4515 2974 4571 In
3021 4515 3192 4569 altera
3240 4512 3387 4567 enim
3440 4518 3605 4580 parte

2021 4635 2183 4678 mane
2209 4617 2342 4673 oriri
2375 4614 2613 4679 videtur,
2654 4611 2710 4666 in
2761 4609 2929 4664 altera
2976 4606 3199 4678 prodire
3247 4618 3374 4660 nox.
3409 4600 3603 4656 locare

2020 4716 2243 4771 natione
2268 4718 2429 4781 atque
2472 4704 2888 4762 conversatione
2925 4706 3017 4754 tua
3044 4741 3059 4765 ,
3102 4697 3281 4769 inquit
3310 4733 3327 4765 ,
3360 4704 3468 4752 tam
3496 4708 3605 4749 eos

2020 4804 2383 4863 delectatione
2413 4798 2636 4861 aﬂicies,
2665 4795 2757 4866 qui
2785 4792 3062 4847 Orientem
3092 4790 3341 4845 habitant
3371 4829 3387 4855 ,
3423 4801 3603 4859 quam

2020 4915 2117 4957 eos
2145 4898 2239 4969 qui
2270 4893 2642 4950 Occidentem.
2680 4886 2813 4952 Quae
2844 4891 3155 4954 sequuntur
3206 4882 3391 4951 primo
3438 4877 3602 4946 juxta

2023 4987 2268 5046 historia!
2285 4997 2506 5040 sensum
2528 4991 2893 5049 exponemus,
2912 4972 3272 5041 deindejuxta
3294 4983 3590 5039 anagogenr.

1970 5123 1974 5126 ‹
2024 5078 2248 5149 Aptiora
2284 5074 2406 5135 bis,
2436 5083 2558 5141 quae
2599 5081 2694 5138 per
2741 5077 3020 5134 anagogen
3060 5078 3077 5125 ;
3131 5056 3605 5130 quemadmodum

2024 5167 2171 5224 brevi
2206 5161 2544 5219 ostendetur.

2100 5278 2263 5333 Vens.
2293 5275 2379 5330 i0.
2423 5270 2665 5326 Visitasti
2689 5278 2885 5321 terram
2913 5275 2963 5319 et
2993 5260 3263 5317 iuebriasti
3288 5272 3425 5311 eam.
3460 5254 3597 5310 Post

2019 5372 2275 5432 reditum,
2304 5366 2506 5434 inquit,
2535 5377 2564 5416 e
2596 5359 2891 5430 Babylone,
2913 5368 2970 5412 tu
3007 5350 3458 5426 regionisludaca‘.
3496 5359 3591 5403 ctr-

2021 5478 2135 5518 ram
2187 5456 2478 5528 suscepisti
2507 5495 2521 5518 ,
2571 5466 2692 5523 quae
2725 5451 2838 5519 jam
2887 5464 3024 5518 pene
3068 5452 3383 5504 exaruerat.
3435 5440 3592 5512 Aqua

2023 5553 2219 5610 ctenim
2255 5559 2307 5604 ct
2342 5547 2525 5619 pluvia
2553 5558 2671 5599 eam
2704 5539 3010 5595 inebriasti.
