4070 6224
383 313 490 377 645

1537 317 1684 379 COM
1698 318 1746 376 Μ
1760 313 1925 375 EN'l‘.
1972 307 2054 369 ἸΝ
2091 309 2432 372 ΡΞΑΜῙΟΞ

3501 317 3610 381 646

382 429 571 500 φησιν,
616 428 767 497 ἡμᾶς
806 431 1071 511 ἀνατολὴ
1103 433 1170 496 ἐξ
1221 434 1474 502 ὕψουςγ
1504 433 1602 486 καὶ
1654 431 1952 499 ἐμέθυσας

2069 428 2108 470 3t
2139 434 2332 477 omnes
2369 431 2558 492 gentes
2587 422 2638 477 in
2668 437 2730 478 ea
2763 424 3069 482 habitantes
3107 428 3346 483 visitavit
3373 468 3388 494 ,
3441 440 3494 482 et
3548 431 3614 485 de

381 519 577 584 αὐτὴν
613 519 686 587 τῷ
711 520 837 587 οῖνῳ
857 522 955 589 τῆς
983 524 1348 588 κατανύξεως,
1386 524 1460 586 ὼς
1495 527 1552 576 ἐν
1585 523 1662 592 τῷ
1691 527 1744 585 ς’
1780 523 1948 588 στίχῳ

383 611 488 679 τοῦ,
515 611 599 685 ’νϐ’
629 611 850 680 ψαλμοῦ
882 615 1025 668 κατὰ
1052 615 1348 686 ἀναγωγὴν
1391 613 1806 685 ἐξηγησάμεθα.
1865 611 1952 662 Ἐ-

390 702 668 771 πλήθυνας
693 707 793 774 τὴν
835 707 1197 776 εύαγγελικὴν
1237 707 1480 777 ἀρδείαν,
1511 708 1597 759 ἶνα
1653 705 1950 773 πλουτίσῃς

385 793 485 864 τὴν
524 794 823 866 εἰρημένην
854 797 960 867 γῆν
994 799 1241 868 ἀρεταῖς.
1279 798 1531 866 Ποταμὸς
1578 796 1634 850 δὲ
1665 796 1760 850 τοῦ
1815 794 1948 847 Θεοῦ

385 886 413 936 ό
445 885 637 952 Σωτὴρ
669 885 826 953 ἡμῶν
872 885 1098 956 Ἰησοῦς.
1143 887 1354 941 ’Ύδατα
1402 887 1460 939 δὲ
1503 888 1558 939 αἱ
1617 883 1952 938 διδασκαλίαι

389 975 576 1028 αὐτοῦ.
607 973 721 1029 Τοῦ
739 978 1006 1046 ποταμοῦ
1035 979 1164 1048 γὰρ,
1193 979 1348 1047 φησι,
1391 977 1462 1031 τὰ
1513 980 1821 1047 ὀρμὴματα
1857 979 1953 1030 εὐ-

388 1065 710 1134 φραίνουσι
751 1067 864 1135 τὴν
895 1071 1080 1123 πόλιν
1107 1071 1214 1124 τοῦ
1244 1069 1412 1135 Θεοῦ,
1434 1069 1508 1131 ὼς
1531 1071 1590 1124 ὲν
1616 1069 1693 1138 τῷ
1717 1067 1761 1133 ζ’
1789 1067 1953 1137 στίχῳ

391 1159 486 1209 τοῦ
517 1165 598 1227 με’
625 1159 843 1228 ψαλμοῦ
878 1161 1306 1232 προδιελάόομεν
1333 1178 1347 1193 ο
1380 1162 1488 1214 ἀπὸ
1523 1161 1713 1214 τούτου
1776 1161 1831 1214 δὲ
1858 1158 1952 1213 τοῦ

395 1249 643 1317 ποταμοῦ
677 1250 854 1319 όχετο)⁸
905 1252 1204 1322 ἐρρύησαν,
1239 1253 1290 1306 οἱ
1327 1252 1654 1313 ἀπόστολοι,
1702 1251 1796 1306 καὶ.
1856 1253 1954 1320 ἦρ’

391 1339 588 1392 δευσαν
622 1341 750 1410 ὃλην
775 1340 871 1411 τὴν
888 1343 1236 1412 οίκουμένην.
1281 1342 1621 1414 Ἠτοίμασας
1654 1342 1709 1395 δὲ
1736 1342 1834 1412 τὴν
1867 1341 1956 1392 λου

389 1427 549 1500 γικὴν
575 1429 782 1500 τροφὴν
817 1431 996 1485 αὐτῶν
1031 1433 1139 1487 τῶν
1187 1433 1375 1490 ἐθνῶν.
1444 1433 1611 1496 Αὐτὸς
1650 1434 1758 1501 γὰρ
1787 1431 1956 1502 αὑτὴν

392 1521 686 1586 σκευάσας,
710 1523 796 1576 διὰ
820 1523 927 1576 τῶν
960 1524 1278 1594 θεοπρεπῶν
1293 1525 1600 1596 δογμάτων,
1631 1525 1956 1596 παρέδωκας

389 1615 503 1675 τοῖς
530 1613 850 1679 ἀποστόλοις
871 1615 1271 1684 ἐντειλάμενος,
1307 1617 1422 1680 πῶς
1449 1617 1530 1669 δεῖ
1572 1617 1796 1686 τρέφειν
1834 1634 1955 1668 πει-

391 1704 569 1766 νὼσας
604 1701 780 1774 ψυχάς
813 1723 828 1736 ο
858 1706 938 1758 ὃτι
962 1705 1136 1768 οὓτως
1165 1707 1314 1758 ἐστὶν
1341 1709 1372 1775 ἡ
1416 1707 1622 1776 ἀληθὴς
1669 1706 1956 1775 ἐτοιμασία

394 1796 494 1865 τῆς
524 1795 783 1866 ἀληθινῆς
827 1796 1056 1867 τροφῆς,
1084 1796 1159 1860 ὡς
1186 1797 1348 1858 αὐτὸς
1374 1799 1700 1867 ἡτοίμασας,
1735 1799 1826 1849 καὶ
1857 1799 1955 1848 οὐκ

391 1888 588 1949 ἄλλως.
618 1886 860 1949 Δῦλακες
890 1888 945 1939 δὲ
967 1888 1067 1956 τῆς
1083 1887 1417 1958 δηλωθείσης
1439 1892 1561 1956 γῆς,
1596 1890 1661 1940 τὰ
1686 1888 1819 1955 βάθη
1847 1889 1955 1941 τῶν

392 1966 631 2050 καρδιῶν
657 1979 767 2031 τῶν
797 1978 1124 2048 όνθρώπων,
1158 1979 1223 2042 ἃς
1258 1979 1399 2046 ἄγαν
1433 1979 1959 2048 ἁρδευθῆναιπαρα-

393 2069 572 2133 καλεῖ,
604 2069 679 2132 ὡς
713 2069 1152 2139 ἐκϐακχευθῆναι
1183 2071 1319 2139 πρὸς
1346 2070 1435 2123 τὸν
1463 2071 1543 2133 είς
1565 2069 1700 2122 Θεὸν
1756 2071 1954 2138 ἔρωτα,

395 2162 489 2214 καὶ
513 2163 770 2231 ἐκστῆναι
806 2163 906 2230 μὲν
944 2162 1126 2234 πάσης
1154 2162 1521 2232 σκληρότητος
1547 2203 1561 2226 ,
1590 2163 1960 2232 ἁπαλυνθῆναι

394 2253 451 2306 δὲ
474 2253 610 2324 πρὸς
645 2253 976 2324 ἡμερότητα.
1005 2255 1326 2324 Γεννήματα
1357 2237 1414 2307 δὲ
1451 2255 1620 2324 αὐτῆς
1652 2256 1707 2306 αἱ
1745 2256 1958 2324 ἀρεταὶ,

399 2346 473 2408 ὡς
511 2344 723 2416 καρπὸς
784 2346 886 2414 τῆς
933 2349 1190 2409 πίστεως.
1239 2347 1508 2413 Σταγόνες
1553 2347 1607 2399 δὲ
1655 2348 1849 2415 αὐτῆς,
1904 2351 1958 2401 αἱ

397 2436 504 2491 ἀπὸ
540 2438 1024 2491 τῶνδιδασκαλιῶν
1053 2439 1346 2502 στάζουσαι
1369 2439 1606 2506 ψεκάδες
1659 2443 1758 2509 τῆς
1811 2440 1960 2493 διδα-

395 2532 496 2599 χῆς
520 2547 533 2560 ·
568 2530 598 2598 ἢ
629 2529 721 2581 καὶ
750 2528 817 2581 τὰ
849 2529 958 2581 ἀπὸ
1007 2529 1116 2582 τῶν
1141 2530 1302 2582 θείων
1327 2530 1558 2598 Γραφῶν
1585 2531 1960 2600 ὲκσταζόμενα

393 2621 664 2690 νοήματα,
695 2617 730 2672 ἃ
764 2623 855 2672 καὶ
892 2619 967 2682 ὡς
1011 2618 1198 2689 δρόσος
1242 2621 1539 2685 πιαίνουσι,
1590 2621 1680 2689 ὑφ’
1741 2617 1814 2676 ὧν
1868 2623 1959 2676 εὑ·-

395 2711 769 2783 φρανθήσεται
811 2710 1082 2764 θάλλουσα
1106 2711 1198 2762 καὶ
1237 2711 1578 2784 αὐξανομένη
1600 2729 1614 2743 ’
1656 2713 1751 2765 καὶ
1783 2717 1964 2766 ἐνιαυο

393 2808 485 2870 τὸς
513 2807 611 2876 μὲν
639 2805 1025 2876 χρηστότητος,
1063 2805 1091 2857 ὁ
1129 2804 1496 2875 χρηστότατος
1526 2805 1718 2876 καιρὸς
1749 2807 1843 2858 τοῦ
1870 2822 1963 2877 κη-

396 2899 698 2969 ρύγματος.
733 2898 1007 2965 Στέφανος
1030 2897 1087 2949 δὲ
1111 2896 1280 2950 αὑτοῦ
1307 2899 1334 2950 ό
1357 2897 1620 2968 Χριστὸς,
1647 2897 1723 2960 ὡς
1755 2898 1964 2967 κοσμή-

399 3010 499 3056 σας
527 2993 620 3044 καὶ
653 2991 1004 3060 καθωραῖσας
1032 2989 1195 3043 αὑτὸν
1222 2991 1279 3043 ὲν
1315 2989 1462 3062 ἔργῳ
1495 2991 1590 3042 καὶ
1619 2989 1783 3060 λόγῳ.
1822 2990 1966 3060 Πρὸς

2053 526 2162 579 quo
2191 512 2396 567 dictum
2429 524 2514 568 est
2541 519 2682 585 quod
2720 515 2960 571 Visitat'it
2992 536 3084 572 nos
3107 522 3277 574 oriens
3304 538 3368 576 ex
3405 521 3517 577 alto
3546 523 3613 588 "';

2054 604 2146 671 qui
2173 605 2334 658 etiam
2363 605 2653 662 inebriavit
2673 618 2872 662 terram
2906 609 3032 664 vino
3051 611 3142 662 illo
3158 614 3616 680 eompunctionis.

2054 692 2264 762 dequo
2328 697 2383 751 in
2442 711 2598 753 sexto
2658 701 2930 755 versiculo
2989 703 3232 756 diximus
3280 704 3470 770 psalmi
3501 721 3610 767 th,

2056 801 2280 842 sensum
2317 790 2594 845 tradentes
2660 793 3035 863 anagogicnm.
3081 795 3451 864 Multiplicavit
3480 814 3618 867 pra-

2057 889 2202 936 terea
2253 885 2624 956 irrigationetn
2656 887 3020 954 evangelicam
3045 925 3059 948 ,
3095 897 3156 940 ut
3191 896 3390 941 terram
3444 889 3619 948 illam,

2057 987 2221 1039 quam
2275 975 2568 1041 diximus,
2629 977 2887 1028 virtutum
2954 976 3225 1030 fructibus
3283 976 3620 1032 fecundarct.

2057 1062 2286 1118 Flumen
2323 1075 2505 1120 autem
2571 1068 2659 1120 Dei
2716 1066 2968 1120 Salvator
3003 1077 3189 1121 noster
3226 1077 3304 1121 est
3331 1067 3490 1122 Jesus
3517 1108 3532 1132 ,
3569 1079 3624 1122 et

2059 1171 2214 1224 aqua:
2269 1157 2510 1214 ﬂuminis
2581 1159 2911 1228 multiplices
2961 1168 3092 1214 sunt
3168 1159 3290 1228 ejus
3339 1159 3622 1214 doctrinae.

2060 1245 2324 1302 Fluminis
2360 1251 2504 1304 enim
2527 1290 2542 1314 ,
2577 1251 2788 1320 inquit,
2835 1252 3052 1318 impetus
3084 1251 3320 1322 lwtiﬁcat
3365 1253 3625 1306 civitatem

2058 1335 2174 1402 Dei,
2207 1339 2664 1406 quemadmodum
2705 1341 2757 1393 in
2812 1356 2914 1394 διν
2972 1341 3219 1410 psalmo,
3263 1341 3533 1396 versiculo
3570 1340 3624 1406 7,

2058 1428 2478 1485 declamvimus.
2517 1431 2602 1484 Ab
2635 1432 2736 1484 hoc
2764 1431 2990 1487 ﬂumine
3027 1433 3187 1488 rivuli
3223 1434 3440 1503 quidam
3463 1434 3630 1488 denu-

2059 1534 2289 1588 xerunt,
2322 1527 2493 1580 sancti
2534 1525 2793 1580 nimirum
2843 1527 3108 1595 apostoli,
3163 1528 3257 1598 qui
3315 1529 3625 1583 universam

2059 1619 2406 1686 postmodum
2427 1629 2625 1672 terram
2649 1619 2968 1689 irrigarunt.
2993 1617 3072 1672 Tu
3095 1621 3257 1672 etiam
3289 1621 3626 1688 praeparasti,

2060 1709 2256 1777 inquit,
2294 1709 2612 1764 rationalem
2648 1710 2866 1771 cibum,
2939 1710 3114 1766 sacris
3162 1724 3226 1764 ac
3283 1709 3483 1763 divinis
3530 1709 3629 1763 do—

2059 1800 2334 1870 gmatibus
2352 1802 2459 1854 tuis
2482 1800 2816 1867 confectum,
2839 1810 2888 1855 et
2905 1801 3179 1856 tradidisti
3203 1817 3326 1855 cum
3345 1802 3628 1870 apostolis.

2061 1892 2280 1944 modum
2315 1892 2569 1944 nimirum
2606 1906 2668 1944 ac
2698 1893 2961 1946 rationem
2995 1891 3196 1946 docens
3223 1934 3235 1953 ,
3270 1892 3470 1958 quibus
3496 1908 3627 1946 esu-

2063 1984 2262 2036 rientes
2297 1997 2517 2051 pascere
2569 1983 2780 2036 animas
2825 1991 3146 2050 oporteret:
3201 1985 3460 2050 quoniam
3516 1987 3628 2037 veri
3669 2043 3675 2048 ,

2063 2077 2174 2129 cibi
2209 2077 2536 2142 prmparatio
2592 2074 2905 2141 hujusmodi
2965 2085 3089 2138 est,
3150 2082 3207 2126 ut
3263 2089 3327 2126 eo
3373 2075 3628 2126 nimirum

2065 2169 2226 2220 modu
2267 2167 2611 2231 coaﬁciatur,
2643 2180 2752 2234 quo
2779 2175 2834 2220 tu
2873 2166 3191 2236 praeparasti
3220 2175 3272 2218 ct
3315 2180 3421 2218 non
3457 2165 3631 2218 aliter.

2063 2257 2165 2311 Per
2194 2258 2378 2312 sulcos
2407 2258 2568 2310 etiam
2614 2257 2760 2309 illius
2791 2264 2949 2309 terra:
2974 2293 2988 2317 ,
3028 2254 3295 2325 profunda
3352 2254 3630 2307 hominum

2064 2349 2227 2402 corda
2267 2349 2619 2416 intelligimus
2657 2365 2670 2401 :
2696 2362 2836 2416 quos
2857 2347 3043 2400 sulcos
3072 2345 3206 2399 adeo
3235 2345 3449 2414 irrigari
3479 2346 3634 2414 jubet

2063 2437 2354 2506 Propheta,
2387 2448 2443 2490 ut
2478 2438 2665 2490 divino
2695 2451 2881 2490 amore
2914 2436 3286 2496 inebrientur,
3338 2444 3506 2503 utque
3563 2435 3630 2488 ah

2061 2530 2208 2582 omni
2243 2527 2499 2582 recedant
2537 2528 2764 2590 duritie,
2789 2537 2843 2580 et
2873 2526 2939 2580 ad
2976 2525 3449 2580 mansuetudinem
3496 2525 3657 2578 ωσι--

2061 2620 2284 2674 liantur.
2315 2618 2569 2688 Ejusdem
2609 2627 2872 2688 praeterea
2905 2619 3149 2687 germina
3213 2619 3445 2674 virtutes
3479 2627 3630 2682 sunt,

2063 2712 2228 2766 veluti
2259 2711 2650 2780 elegantissimi
2704 2710 2826 2765 ﬁdei
2877 2709 3131 2775 fructus;
3184 2718 3238 2764 ct
3282 2722 3464 2780 guttas
3512 2711 3636 2778 ejus

2063 2817 2158 2857 eas
2191 2818 2313 2857 esse
2355 2802 2728 2872 intelligimus,
2755 2818 2875 2870 (lll'JB
2909 2816 2938 2853 a
2969 2801 3218 2855 doctrina
3275 2816 3445 2854 sacra:
3501 2800 3630 2854 stil-

2068 2895 2180 2948 lant
2212 2895 2516 2962 disciplinze
2541 2932 2556 2955 ,
2587 2893 2669 2945 vel
2697 2893 3048 2947 sublimiorcs
3103 2907 3295 2947 sensus
3348 2908 3376 2944 a
3436 2892 3638 2945 divinis

2067 2991 2384 3037 emanautes
2433 2981 2776 3050 Scripturis,
2819 2982 2910 3050 qui
2968 2980 3109 3035 roris
3163 2981 3338 3035 instar
3394 2980 3635 3034 ﬁdelium

397 3085 490 3137 τὸν
521 3081 743 3151 Πατέρα
768 3081 824 3134 δὲ
847 3080 938 3133 τὸν
969 3080 1128 3148 λόγον
1185 3080 1442 3144 ἀνοίσεις.
1484 3081 1566 3134 ὅτι
1625 3080 1964 3150 εὐλογήσεις,

2070 3071 2283 3126 animas
2319 3071 2686 3142 impinguant,
2719 3081 2771 3126 ct
2801 3079 3062 3140 praeterea
3092 3071 3295 3141 quibus
3328 3080 3470 3126 terra
3506 3071 3596 3125 illa
3618 3109 3636 3136 ,

400 3175 428 3228 ό
485 3173 659 3237 ἐστιν,
714 3173 1058 3242 εύφημήσεις
1113 3173 1208 3224 καὶ
1265 3171 1595 3234 ἐπαινέσεις.
1651 3171 1805 3223 Οῦτω
1859 3171 1966 3240 γὰρ

401 3271 496 3320 καὶ
571 3266 876 3332 πεποίηκεν
939 3265 1152 3316 εἰπών’
1219 3259 1408 3329 Οὗτός
1467 3263 1639 3316 ἐστιν
1723 3267 1756 3316 ὀ
1837 3263 1967 3328 Υἱός

396 3377 515 3428 μου
576 3361 609 3413 ό
673 3356 1000 3427 ἀγαπητὸς,
1056 3357 1125 3409 ἐν
1187 3350 1236 3423 ᾧ
1300 3355 1640 3424 ηὑὸόκησα.
1701 3359 1834 3428 Περὶ
1910 3358 1967 3412 δὲ

401 3451 514 3503 τῶν
545 3449 767 3514 πεδίων,
797 3449 892 3502 καὶ
924 3448 1031 3502 τῶν
1086 3448 1313 3517 βουνῶν,
1352 3448 1446 3500 καὶ
1515 3449 1625 3500 τῶν
1706 3449 1967 3503 κοιλάδων

403 3542 560 3611 ἁπλῷ
593 3541 742 3611 λόγῳ
794 3539 994 3608 φαμὲν,
1051 3541 1134 3594 ὅτι
1193 3540 1555 3611 προαγορεύει
1623 3540 1684 3592 τὸ
1744 3540 1968 3609 Πνεῦμα

405 3637 466 3687 τὸ
537 3634 695 3701 ἅγιον
733 3634 808 3695 ὡς
861 3632 968 3700 ἄρα
1033 3633 1141 3693 πᾶς
1221 3632 1387 3694 τόπος
1457 3630 1777 3694 ὑποδέξεται
1842 3632 1971 3692 τοῦς

406 3727 656 3788 πιστούς.
690 3725 771 3778 Τὰ
813 3723 970 3776 πεδία
1015 3723 1134 3792 μὲν,
1185 3724 1314 3786 τοὺς
1368 3724 1662 3792 κληρικοῦς
1715 3723 1820 3775 τῶν
1877 3725 1971 3774 ὲκ-

411 3817 656 3887 κλησιῶν
689 3832 704 3848 ·
735 3815 806 3869 τὰ
829 3815 934 3884 ὅρη
955 3815 1034 3877 δὲ,
1064 3815 1189 3876 τοὺς
1261 3815 1626 3884 άναχωρητάς
1652 3832 1666 3845 ·
1729 3815 1786 3866 αἱ
1865 3830 1978 3866 κοι-

406 3909 562 3970 λάδες
609 3907 689 3969 δὲ.
736 3907 860 3970 τοῦς
907 3904 1290 3973 σπηλαιὼτας·
1352 3905 1400 3958 οἳ
1464 3905 1560 3959 καὶ
1607 3906 1798 3974 πιότης
1861 3908 1974 3968 τοῖς

407 3999 670 4062 τοιούτοις
698 3997 912 4050 ἔσονται
947 3997 1156 4060 τόποις,
1192 3998 1286 4050 καὶ
1310 3996 1650 4064 ἀγαλλίασις,
1681 3996 1776 4048 καὶ
1804 3999 1972 4058 σῖτος·

410 4087 534 4144 Εἶεν
563 4091 608 4143 δ’
640 4090 705 4144 ἃν
732 4091 826 4142 καὶ
844 4088 1019 4151 ἄλλως
1049 4089 1206 4141 πεδία
1238 4089 1356 4159 μὲν,
1389 4091 1442 4142 αἱ
1473 4089 1734 4142 ταπειναὶ
1781 4088 1973 4157 ψυχαὶ,

409 4185 486 4253 τῷ
515 4183 686 4253 μηδὲν
717 4183 937 4250 φρονεῖν
967 4179 1170 4250 ὑψηλόν
1207 4195 1220 4210 ο
1268 4181 1370 4252 ὅρη
1429 4181 1508 4245 δὲ,
1561 4181 1617 4234 αἱ
1663 4181 1976 4251 ἐπηρμέναι

407 4278 474 4343 τῇ
515 4274 717 4344 ματαίᾳ
745 4272 906 4342 σοφίᾳ
931 4289 944 4302 ·
980 4271 1224 4334 κοιλάδες
1252 4271 1328 4338 δὲ,
1359 4273 1415 4325 αἱ
1439 4273 1519 4336 είς
1573 4271 1734 4342 βάθος
1793 4273 1976 4342 ἁμαρ-

408 4366 540 4419 τιῶν
569 4365 1032 4436 κατολισθήσασαι
1065 4382 1080 4396 °
1117 4364 1296 4435 ὡραῖα
1321 4364 1377 4417 δὲ
1431 4365 1528 4434 τῆς
1594 4368 1718 4418 κατ’
1773 4367 1975 4436 ἀρετὴν

409 4458 620 4528 ἐρήμου
657 4457 786 4527 γῆς,
809 4457 863 4510 αἱ
895 4457 1192 4527 ἐπιτήδειοι
1217 4455 1390 4525 ψυχαὶ
1415 4456 1549 4526 πρὸς
1574 4457 1972 4528 καρποφορίαν·

409 4548 556 4611 κριοὶ
586 4547 642 4600 δὲ
676 4548 786 4599 τῶν
811 4546 1126 4616 προϐάτων,
1171 4547 1221 4598 οἱ
1271 4547 1580 4612 ἀπόστολοι,
1635 4548 1709 4610 ὡς
1761 4548 1978 4618 ἐξιρχοι

412 4638 519 4690 τῶν
583 4636 821 4706 λογικῶν
889 4637 984 4689 τοῦ
1045 4636 1286 4704 Χριστοῦ
1366 4637 1724 4708 θρεμμάτων,
1787 4640 1836 4692 οἳ
1887 4641 1980 4692 καὶ

409 4728 734 4782 ἐνεδύσαντο
780 4726 878 4797 τὴν
905 4725 1067 4797 χάριν
1107 4724 1199 4778 τοῦ
1227 4725 1385 4792 ἁγίου
1447 4727 1779 4798 Πνεύματος,
1814 4731 1870 4780 ὲν
1904 4728 1982 4797 τῷ

409 4818 589 4888 καιρῷ
609 4819 705 4887 τῆς
735 4817 1138 4884 Πεντηκοστῆς,
1183 4815 1324 4869 κατὰ
1347 4816 1441 4868 τό⁹
1488 4816 1686 4886 ’Υμεῖς
1723 4816 1792 4870 δὲ
1831 4822 1974 4874 καθ-

409 4913 580 4963 wars
629 4909 699 4961 ἐν
735 4906 810 4975 τῇ
854 4908 1028 4961 πόλει
1070 4905 1479 4975 Ἰερουσαλὴμ,
1507 4906 1617 4972 ἕως
1657 4906 1734 4960 ἂν
1796 4907 1972 4963 ἐνδύ-

408 4999 604 5064 σησθε
634 4995 892 5064 δύναμιν
925 4995 992 5058 ἐξ
1042 4995 1238 5062 ὕψους
1258 5011 1272 5024 ο
1303 4994 1339 5064 ἢ
1366 4997 1457 5046 καὶ
1489 4995 1538 5046 οῖ
1586 4995 1727 5048 κατὰ
1775 4996 1974 5061 τόπους

411 5086 699 5138 ἐπίσκοποι
719 5085 814 5136 καὶ
840 5084 1026 5153 ἱερεῖς,
1062 5083 1112 5135 οἳ
1145 5082 1462 5135 ὲνεδύσαντο
1511 5083 1602 5136 διὰ
1655 5083 1748 5136 τοῦ
1778 5084 1972 5153 βαπτί-

413 5193 622 5245 σματος
653 5178 744 5228 τὸν
775 5174 1010 5230 Χριστόν
1034 5190 1047 5204 ⁸
1083 5173 1257 5227 Ὀσοι
1286 5176 1414 5244 γὰρ,
1450 5176 1642 5244 φησιν,
1701 5178 1789 5241 εἰς
1835 5178 1970 5242 Χρι-

412 5265 565 5320 στόν
595 5267 1018 5332 ἐϐαπτίσθητε,
1043 5263 1300 5331 Χριστὸν
1319 5264 1715 5320 ἐνεδύσασθε.
1748 5267 1868 5338 Χρὴ
1919 5266 1975 5318 δὲ

408 5360 506 5431 ,καὶ
546 5356 703 5410 τοῦτο
735 5359 932 5419 εἰπεῖν,
962 5355 1044 5408 ὅτι
1075 5354 1176 5424 οὐχ
1208 5355 1534 5424 εὑρίσκομεν
1570 5357 1691 5409 καθ’
1731 5359 1975 5428 ἱστορίαν

413 5451 668 5520 τοιαύτης
695 5449 1025 5516 ἀξιωθέντας
1055 5447 1341 5516 εὐετηρίας
1393 5449 1517 5511 τοὺς
1578 5450 1974 5523 ἐπανελθόντας

514 5716 558 5746 ⁸⁸
590 5715 723 5770 Luc.
778 5731 820 5781 ι,
865 5714 952 5771 78.
1030 5718 1073 5748 ¹⁹
1114 5715 1302 5769 Matth.
1367 5732 1447 5780 ιιι,
1490 5715 1570 5770 Π.

2073 3177 2237 3231 quam
2267 3157 2500 3217 dicimus
2527 3207 2542 3230 ,
2573 3163 2886 3230 germinans
2920 3163 3212 3218 laetabitur.
3265 3163 3456 3218 Annus
3507 3161 3634 3216 item

2072 3252 2420 3323 benignitatis
2475 3257 2742 3324 optimum
2781 3254 3186 3326 praedicationis
3223 3262 3437 3322 tempus
3467 3251 3640 3322 signi-

2072 3356 2220 3417 licat,
2255 3350 2414 3419 cujus
2449 3348 2576 3402 anni
2634 3363 2836 3402 corona
2891 3345 3144 3401 Christus
3196 3353 3319 3408 est,
3374 3359 3443 3400 eo
3489 3343 3634 3413 quod

2072 3443 2244 3512 ipsius
2282 3449 2490 3494 tantum
2521 3438 2725 3493 Christi
2755 3439 3104 3493 sermonibus
3161 3445 3323 3506 atque
3360 3437 3637 3506 operatio-

2071 3535 2234 3588 nibus
2264 3530 2666 3601 praedicationis
2698 3539 2911 3598 tempus
2941 3537 3192 3589 ornatur,
3223 3543 3285 3582 ac
3313 3526 3639 3582 decentissi-

2075 3643 2220 3679 mum
2261 3625 2524 3677 redditur.
2571 3622 2692 3676 llzcc
2726 3630 2904 3674 autem
2936 3621 3097 3674 verba
3130 3621 3195 3673 ad
3229 3619 3442 3672 Patrem
3495 3617 3640 3672 refe-

2074 3715 2242 3768 renda
2273 3722 2400 3768 sunt
2443 3729 2456 3764 :
2495 3711 2597 3774 Tu,
2632 3712 2827 3778 inquit.
2863 3709 3040 3772 Pa'er,
3073 3709 3122 3761 ei
3167 3707 3456 3762 benedices
3485 3745 3498 3763 .
3540 3707 3644 3760 hoc

2075 3815 2184 3870 est,
2216 3805 2469 3857 laudabis
2499 3819 2644 3867 eum,
2681 3803 2826 3856 sicut
2871 3809 2924 3854 et
2959 3799 3151 3854 fecisse
3188 3813 3312 3852 eum
3369 3797 3598 3867 legimus
3622 3835 3643 3864 ,

2075 3897 2293 3968 quando
2334 3895 2409 3949 ait
2439 3912 2453 3948 :
2489 3896 2592 3948 Hic
2624 3903 2699 3947 est
2736 3890 2912 3946 Filius
2965 3907 3109 3945 meus
3164 3891 3418 3954 dilectus,
3448 3891 3503 3943 in
3542 3907 3644 3959 quo

2079 3989 2208 4042 mihi
2233 3986 2527 4054 complacui
2559 3987 2625 4038 η.
2667 3983 2740 4038 De
2773 3984 2982 4051 campis
3021 3991 3199 4036 autem
3226 4021 3242 4046 ,
3275 3982 3640 4050 collibusque,

2077 4088 2131 4136 et
2171 4079 2424 4141 vallibus,
2459 4078 2510 4131 in
2548 4092 2760 4132 summa
2795 4075 2844 4128 id
2897 4074 3187 4129 dicendum
3216 4073 3428 4127 videtur
3450 4112 3466 4137 ,
3500 4075 3644 4142 quod

2081 4171 2341 4225 universo
2377 4169 2468 4222 illo
2499 4183 2750 4223 sermone
2779 4166 2957 4222 sancti
2995 4164 3232 4234 Spiritus
3287 4165 3647 4218 annuutiatur

2079 4264 2368 4326 adventus,
2401 4276 2466 4316 eo
2499 4249 2684 4331 quod’,
2711 4259 3032 4315 adveniente
3063 4258 3290 4328 Spiritu,
3318 4259 3435 4313 loca
3456 4258 3638 4311 omnia

2083 4356 2332 4410 ﬁdelibus
2350 4355 2604 4423 replenda
2627 4361 2784 4406 erant
2804 4369 2817 4404 :
2837 4352 3014 4419 campi
3046 4349 3264 4419 quidem
3290 4349 3642 4403 ecclesiarum

2080 4448 2384 4512 ministris;
2417 4455 2632 4500 montes
2663 4451 2863 4508 autem,
2894 4442 3242 4496 anachoretis
3268 4460 3282 4507 ;
3319 4442 3488 4494 valles
3518 4454 3648 4492 vero

2079 4541 2146 4596 iis
2169 4541 2374 4595 sanctis
2400 4540 2493 4610 qui
2529 4539 2776 4592 habitant
2800 4537 2854 4590 in
2905 4535 3202 4606 speluncis.
3235 4533 3437 4588 Omnes
3469 4539 3643 4584 autem

2081 4633 2396 4702 hujusmodi
2429 4632 2613 4686 ﬁdeles
2643 4629 2916 4701 pinguedo
2933 4626 3181 4697 quadam
3203 4634 3257 4681 et
3284 4625 3540 4679 fertilitas
3563 4623 3647 4677 his

2084 4725 2221 4782 locis
2255 4725 2417 4780 futuri
2449 4732 2624 4792 erant,
2655 4733 2709 4778 et
2730 4720 3154 4776 exsultationem
3179 4726 3342 4788 atque
3367 4716 3649 4772 abundan-

2090 4819 2220 4872 tiam
2257 4816 2574 4885 prwstituri.
2619 4813 2715 4868 Vel
2756 4813 2914 4867 aliter
2940 4853 2954 4878 ,
2982 4827 3077 4881 per
3109 4825 3333 4880 campos
3364 4850 3381 4876 ,
3416 4809 3651 4863 humiles

2081 4910 2292 4963 animas
2325 4907 2626 4975 intelligere
2657 4919 2973 4974 possumus,
3000 4919 3120 4972 qua:
3141 4903 3376 4957 sublime
3399 4901 3533 4954 nihil
3559 4914 3655 4954 (ιο-ι

2082 4999 2252 5068 gitant
2311 5014 2326 5053 :
2377 5007 2432 5049 et
2487 5011 2582 5064 per
2613 5003 2826 5048 montes
2861 5034 2876 5059 ,
2909 4993 3166 5048 elatiores
3203 4993 3340 5046 alias
3368 5031 3383 5054 ,
3420 5006 3540 5059 quae
3579 4989 3648 5040 ad

2083 5091 2275 5145 inanes
2301 5088 2581 5142 doctrinas
2608 5095 2663 5140 et
2709 5087 2774 5139 ad
2809 5086 3138 5141 exteriorem
3171 5084 3310 5138 hanc
3343 5081 3527 5134 mundi
3561 5097 3654 5131 sa-

2083 5181 2338 5250 pientiam
2372 5180 2594 5233 elevatae
2616 5185 2745 5232 sunt
2775 5193 2790 5242 ;
2829 5192 2924 5245 per
2950 5177 3119 5229 valles
3146 5188 3297 5234 vero,
3322 5170 3652 5237 dejectiones

2084 5273 2346 5343 quasdam
2381 5272 2594 5324 animas
2621 5310 2636 5333 ,
2663 5284 2782 5336 quae
2842 5269 2895 5321 in
2929 5264 3257 5337 profundum
3300 5270 3649 5330 peccatorum

2084 5366 2351 5434 prolapsa:
2388 5371 2535 5417 sunt.
2587 5361 2842 5431 Speciosa
2884 5369 3061 5412 autem
3109 5356 3251 5409 illius
3303 5363 3498 5415 terrae,
3529 5367 3652 5419 qua:

2085 5456 2300 5511 deserta
2332 5470 2452 5510 esse
2483 5453 2684 5509 dicitur
2717 5451 3011 5505 virtutibus
3045 5487 3060 5512 ,
3099 5445 3295 5499 animm
3334 5443 3439 5497 illa:
3470 5452 3595 5499 sunt
3629 5480 3650 5507 ,
