4020 6218
465 306 571 370 647

1685 295 2063 356 EUTHYMII
2100 292 2461 360 ZIGABENI

3602 287 3696 353 618

465 431 608 488 quas
640 422 796 487 aptus
829 422 992 484 atque
1028 412 1252 466 idoneas
1279 424 1401 466 esse
1432 409 1668 464 dicimus
1701 406 1765 460 ad
1787 406 2040 461 ferendos

2167 427 2208 461 νκ
2266 408 2605 469 Βαϐυλῶνος.
2663 407 2772 460 Καὶ
2817 404 3002 458 λοιπδν
3082 401 3311 474 ἁρμόζει
3351 401 3426 469 τῷ
3455 401 3547 469 τῆς
3579 403 3699 454 ἀνα-

466 509 702 562 fructus.
739 507 951 559 Arietes
981 505 1144 559 etiam
1178 505 1385 566 ovium,
1419 501 1650 572 apostoli
1680 509 1830 561 sunt,
1872 500 2040 554 veluti

2148 499 2358 568 γωγῆς-

463 599 639 653 duces
692 595 912 664 quidam
965 609 1029 648 ac
1082 589 1383 664 principes:
1434 589 1781 643 rationalium
1838 587 2044 642 Christi
2087 603 2312 657 gregum
2355 607 2368 642 :
2411 589 2505 656 qui
2553 587 2755 642 arietes
2799 586 2974 640 induti
3048 592 3179 641 sunt
3257 585 3430 639 sancti
3482 584 3701 655 Spiritus

467 693 718 764 gratiam,
749 704 871 758 quae
911 688 966 740 in
997 687 1085 741 die
1152 686 1504 740 Pentecostes
1553 683 1607 738 in
1677 697 1875 738 omnes
1926 682 2113 738 fideles
2152 681 2350 736 diffusa
2385 691 2515 742 est;
2561 680 2716 750 juxta
2764 681 2908 750 quod
2961 680 3196 750 legimus
3254 678 3320 730 ad
3362 693 3455 733 eos
3503 678 3698 731 dictum

467 783 637 838 fuisse
682 797 712 835 a
761 781 992 834 Domino
1037 797 1050 831 :

1121 776 1220 830 Vos
1267 787 1442 830 autem
1491 775 1663 829 sedete
1709 777 1763 827 in
1811 777 2020 829 civitate
2058 774 2384 840 Jerusalem,
2449 775 2614 828 donec
2664 775 2965 827 induamini
3012 773 3300 840 potentiam
3340 787 3405 824 ex
3453 775 3556 822 alto
3620 769 3702 808 "'-

473 876 566 928 νει
603 874 846 942 episcopi
873 881 926 925 cl
953 872 1266 926 sacerdotes
1297 912 1312 933 ,
1367 869 1461 938 qui
1507 867 1711 939 ubique
1767 875 2038 923 terrarum
2081 880 2209 924 sunt
2238 910 2254 936 ,
2295 870 2500 940 quique
2571 870 2870 923 induerunt
2947 869 3230 923 Christum
3286 882 3381 935 per
3428 865 3709 934 baptisma.

473 965 780 1033 Quicunque
801 964 969 1024 enim,
1003 961 1200 1029 inquit,
1230 962 1283 1014 in
1305 959 1578 1014 Christum
1632 957 1897 1026 ‘baptizali
1967 960 2116 1020 estis,
2159 958 2430 1014 Christum
2475 961 2724 1012 induistis
2771 961 2843 1012 ³⁸.
2881 959 3016 1012 illud
3051 960 3212 1012 etiam
3261 957 3441 1010 dicere
3477 966 3708 1030 Oportet.

473 1055 618 1125 quod
658 1053 845 1108 nullibi
881 1055 932 1106 in
980 1052 1208 1106 hiszoria
1255 1053 1560 1119 reperimus
1587 1090 1602 1114 ,
1635 1051 1782 1118 quod
1822 1052 2056 1120 populus
2094 1053 2188 1118 qui
2216 1067 2278 1106 ex
2322 1050 2594 1123 Babylone
2664 1067 2918 1106 reversus
2984 1059 3090 1112 est,
3154 1049 3466 1119 huiusmodi
3543 1051 3708 1104 abun-

470 1155 713 1209 dantiam
750 1151 1002 1205 habuerit
1037 1166 1051 1202 :
1089 1166 1151 1202 ex
1187 1165 1295 1217 quo
1325 1151 1610 1217 sequitur,
1658 1150 1800 1218 quod
1849 1153 2180 1220 anagogicus
2211 1166 2407 1207 sensus
2441 1153 2564 1206 huic
2597 1152 2810 1222 psalmo
2836 1153 3008 1220 magis
3032 1165 3330 1219 congruere
3355 1149 3579 1203 videtur.

601 1244 666 1298 In
705 1244 861 1312 ﬁnem
901 1244 1164 1296 canticum
1202 1242 1391 1310 psalmi
1428 1241 1853 1303 resurrectionis.

1011 1333 1337 1388 PSALMUS
1361 1333 1523 1388 LXV.

528 1430 593 1482 In
621 1429 776 1497 ﬁnem
810 1427 1132 1480 inscribitur
1166 1436 1389 1495 pr0pter
1425 1426 1740 1495 prophetias
1769 1452 1786 1490 -,
1830 1441 1954 1495 quae
1995 1427 2048 1480 in

478 1538 546 1576 eo
577 1522 948 1583 cautineutur,
984 1535 1105 1588 qua:
1127 1519 1192 1572 ad
1231 1519 1392 1573 finem
1426 1518 1721 1574 tendebant
1749 1559 1764 1584 ,
1801 1528 1863 1574 ut
1917 1520 2051 1576 alibi

2291 1246 2392 1310 Εἰς
2425 1243 2494 1298 τύ
2531 1245 2708 1311 τέλος
2730 1244 2854 1311 erat,
2887 1240 3140 1308 Ψαλμοῦ
3161 1240 3576 1304 ἀναστάσεως.

2714 1332 3010 1386 ΨΛΛΜΟΣ
3037 1329 3154 1386 EE’.

2212 1429 2315 1493 Εις
2340 1424 2406 1480 τὸ
2447 1424 2624 1490 τέλος
2655 1426 2772 1496 μὲν,
2802 1424 2889 1477 διὰ
2921 1425 3020 1492 τὴν
3044 1425 3101 1475 ὲν
3147 1421 3323 1492 τούτῳ
3371 1423 3715 1494 προφητείαν,

2153 1522 2232 1586 Ib;
2253 1525 2344 1575 καὶ
2377 1521 2470 1574 ἐπὶ
2500 1519 2676 1573 ἄλλων
2709 1517 2817 1571 τῶν
2841 1517 3017 1582 οὕτως
3048 1518 3545 1587 ἐπιγεγραμμένων
3574 1521 3720 1590 εἰρή-

471 1614 736 1667 diximus.
787 1611 1037 1666 Prmdicit
1088 1619 1270 1666 autem
1327 1620 1382 1668 et
1428 1613 1669 1681 gentium
1737 1613 1942 1676 fidem,
1997 1622 2054 1667 et

2167 1629 2338 1678 καμεν
2372 1629 2388 1645 ·
2431 1610 2771 1681 προφητεύει
2829 1609 2940 1679 γὰρ
2986 1611 3117 1681 περὶ
3163 1612 3261 1681 τῆς
3321 1612 3556 1675 πίστεως
3622 1611 3720 1664 τῶν

475 1705 732 1774 martyris
763 1719 883 1772 qua:
913 1718 1011 1772 pro
1060 1701 1284 1758 Christo
1318 1703 1475 1757 multi
1533 1703 1777 1758 fidelium
1840 1706 2061 1773 passuri

471 1805 652 1850 erant.
674 1793 820 1862 Quid
853 1804 1034 1849 autem
1066 1796 1136 1848 sit
1165 1797 1444 1852 canticum
1485 1797 1702 1865 psalmi,
1734 1798 1941 1852 dictum
1975 1806 2061 1854 est

473 1887 528 1940 in
559 1889 824 1956 promntio
852 1887 1036 1955 aperis
1069 1924 1084 1940 .
1123 1886 1545 1941 Resurrectiouis
1599 1904 1729 1943 vero
1781 1889 1917 1942 dixit
1964 1905 2063 1960 pro

475 1978 1091 2046 transmutationis(‘23).
1119 1978 1178 2032 in
1208 1993 1396 2033 eorum
1426 1980 1570 2034 enim
1606 1995 1896 2049 personam
1929 1997 2060 2036 con-

477 2070 712 2136 scriptus
737 2079 843 2133 est,
874 2068 970 2139 qui
1001 2084 1028 2120 τι
1059 2069 1389 2140 Babylonica
1418 2074 1756 2127 servitutein
1784 2075 2059 2145 propriqu

479 2159 708 2226 patriam
760 2157 1014 2212 translati
1063 2157 1311 2220 fuerant,
1347 2159 1422 2212 ita
1487 2169 1545 2213 ut
1593 2165 1661 2215 ab
1721 2179 2060 2235 unoquoque

477 2264 666 2303 eorum
692 2251 781 2318 qui
805 2250 1010 2302 reversi
1041 2261 1172 2305 sunt
1204 2251 1432 2319 proferri
1465 2254 1656 2321 possit.
1684 2253 1750 2308 Et
1779 2257 2060 2311 nihilomi-

478 2355 584 2397 nus
625 2343 882 2410 congruit
920 2341 1086 2396 ctiam
1123 2343 1425 2413 unicuique
1465 2349 1796 2414 rcsurgenti,
1828 2349 1928 2402 hoc
1955 2365 2058 2414 est,

480 2442 815 2487 commutato
844 2449 872 2486 a
903 2434 1164 2503 peccatis,
1209 2436 1264 2488 in
1299 2435 1502 2505 quibus
1538 2437 1689 2501 olim,
1734 2441 1898 2494 veluti
1927 2456 2054 2510 pas-

484 2527 700 2579 sionum
733 2526 947 2595 sagittis
975 2525 1266 2582 confossus
1294 2567 1309 2591 ,
1345 2529 1608 2599 captivus
1655 2530 2004 2586 detinebatur
2032 2549 2060 2586 a

484 2614 752 2668 daemone.

559 2708 718 2764 Vsus.
753 2707 807 2762 2.
845 2707 1082 2762 Jubilate
1115 2709 1250 2772 Deo,
1287 2713 1454 2766 omnis
1499 2724 1664 2768 terra.
1705 2712 1843 2778 Quid
1873 2715 1944 2769 sit
1973 2717 2059 2782 ju-

486 2801 678 2855 bilatio
705 2801 946 2854 diximus
982 2801 1034 2852 in
1071 2803 1314 2857 secundo
1347 2803 1616 2858 versiculo
1682 2806 1874 2873 psalmi
1920 2822 2058 2861 vat.

487 2890 648 2947 Jubet
679 2901 858 2946 autem
887 2891 1157 2962 Propheta
1210 2895 1449 2949 victoriae
1478 2896 1664 2950 laudes
1703 2896 1812 2951 Deo
1843 2913 2058 2965 canere,

2163 1697 2354 1765 ὲθνῶν,
2381 1703 2460 1756 ἔτι
2491 1703 2550 1756 δὲ
2581 1703 2676 1756 καὶ
2711 1703 2840 1770 περὶ
2872 1702 2980 1756 τῶν
3012 1701 3104 1754 τοῦ
3130 1702 3372 1773 Χριστοῦ
3419 1705 3719 1775 μαρτύρων.

2163 1792 2309 1847 Τίδὲ
2341 1795 2490 1845 ἐστιν
2519 1792 2628 1863 ᾠδὴ
2661 1791 2905 1861 ψαλμοῦ,
2943 1793 3482 1863 προαποδεδὼκαμεν
3545 1795 3600 1846 ἐν
3653 1794 3723 1862 τῷ

2163 1887 2438 1955 ἂτροοιμίῳ
2461 1887 2559 1955 τῆς
2599 1883 2785 1954 βίϐλου
2830 1884 2940 1937 τῶν
3000 1883 3268 1956 Ψαλμῶν.
3331 1885 3724 1951 Ἀναστάσεως

2163 1977 2256 2044 δὲ,
2295 1980 2416 2033 ἀντὶ
2474 1978 2593 2040 τοῦ,
2622 1980 2749 2049 περὶ
2807 1979 2904 2048 τῆς
2960 1979 3307 2043 ἀναστάσεως
3338 1981 3452 2048 (24)
3493 1981 3596 2034 τῶν
3652 1982 3724 2031 αἰ-

2163 2069 2466 2140 χμαλώτων
2503 2070 2610 2122 ἀπὸ
2657 2068 2758 2139 τῆς
2815 2071 2872 2122 ὲν
2919 2068 3196 2124 Βαϐυλῶνι
3229 2071 3476 2134 δουλείας
3508 2072 3598 2124 ἐπὶ
3641 2072 3725 2140 τὴν

2163 2159 2373 2212 οἰκείαν
2399 2160 2655 2230 πατρίδα.
2693 2159 2788 2222 Εἰς
2818 2159 2916 2229 τὴν
2946 2163 3281 2229 μετάστασιν
3330 2165 3444 2232 γὰρ
3473 2163 3676 2232 ἐκείνην
3702 2164 3724 2214 ὁ

2162 2253 2379 2324 ψαλμδς
2412 2253 2735 2322 πεποίηται,
2791 2250 2906 2309 οἷον
2945 2253 3096 2316 τίνας
3131 2254 3198 2306 ἂν
3218 2254 3368 2307 εἴποι
3401 2255 3525 2317 τοὺς
3551 2255 3726 2322 λόγους

2164 2346 2397 2407 ἕκαστος
2436 2345 2546 2396 τῶν
2579 2346 2880 2416 ἁψαμένων
2908 2347 3008 2417 ἢδη
3043 2347 3140 2415 τῆς
3173 2346 3470 2400 ἐπανόδου.
3535 2345 3724 2415 Πρέπει

2162 2435 2207 2489 δ’
2228 2438 2292 2489 ἂν
2323 2439 2415 2490 καὶ
2443 2439 2609 2491 παντὶ
2683 2438 3090 2510 μεθισταμένῳ,
3148 2439 3180 2508 ἢ
3239 2438 3584 2509 ἀνισταμένῳ
3634 2436 3729 2489 ἀπὸ

2162 2531 2261 2598 τῆς
2285 2532 2581 2602 ἁμαρτίας,
2613 2533 2691 2594 εἰς
2728 2532 2799 2602 ἢν
2829 2531 3108 2601 κατεσύρη
3139 2533 3251 2594 τοῖς
3280 2530 3467 2601 βέλεσι
3496 2530 3600 2582 τῶν
3639 2540 3729 2580 πα-

2165 2605 2295 2688 θῦξν,
2326 2623 2789 2693 αἰχμαλωτισθεὶς
2823 2625 2928 2677 ὑπὸ
2962 2624 3068 2676 τῶν
3099 2625 3400 2693 δαιμόνων.

2231 2713 2606 2778 Ἀλαλάξατε
2635 2715 2716 2779 τῷ
2746 2718 2961 2784 Κυρίῳ,
2995 2714 3165 2769 πᾶσα
3203 2717 3238 2784 ἠ
3265 2715 3370 2785 γῆ.
3403 2715 3467 2769 Τί
3493 2714 3586 2784 μὲν
3601 2715 3730 2765 ἐστιν

2164 2804 2501 2874 ἀλαλαγμὸς,
2527 2807 2830 2877 εἰρήκαμεν
2866 2809 2924 2860 ἐν
2964 2807 3043 2877 τῷ
3081 2807 3251 2876 στίχῳ
3371 2806 3466 2860 τοῦ
3493 2814 3587 2877 μετ’
3613 2806 3733 2875 ψαλ-

2171 2895 2298 2966 μοῦ.
2336 2897 2718 2968 Προτρέπεται
2748 2897 2804 2950 δὲ
2835 2899 3104 2950 ἐπινίκιον
3137 2897 3306 2967 ὕμνον
3357 2895 3486 2970 ᾆσαι
3515 2898 3586 2968 τῷ
3608 2897 3731 2964 Θεῷ,

483 2985 575 3052 qui
641 2993 694 3040 et
754 2986 1004 3039 inimicos
1039 3023 1055 3048 .
1088 2999 1117 3039 a
1149 2986 1346 3054 quibus
1399 2989 1503 3042 acti
1544 2988 1758 3044 fuerant
1793 2991 1846 3044 in
1895 2992 2063 3060 capti-

2172 2994 2248 3063 τῷ
2286 2994 2585 3064 φοϐήσαντι
2641 2995 2767 3056 τοὺς
2827 2992 3375 3061 αἰχμαλωτίσαντας,
3448 2994 3541 3045 καὶ
3581 2994 3734 3062 ῥυσα-

484 3078 728 3140 vitatem,
767 3076 1058 3129 formidine
1089 3077 1295 3143 affecit,
1327 3091 1380 3134 et
1411 3081 1563 3150 ipsos
1609 3081 1829 3154 Judagps
1889 3099 1917 3136 a
1979 3086 2068 3137 dn-

487 3169 702 3220 l'issitlla
737 3166 1000 3220 servitute
1028 3167 1296 3222 liberavit.
1347 3171 1450 3225 Per
1481 3188 1696 3226 onmem
1742 3184 1921 3229 autem
1955 3183 2067 3228 ter-

483 3273 600 3312 ram
639 3273 830 3313 omnes
881 3259 1132 3315 homines
1174 3261 1427 3331 intelligit
1476 3263 1572 3331 qui
1615 3273 1744 3319 sunt
1791 3265 1844 3318 in
1901 3276 2066 3320 terra.

489 3349 552 3401 Et
575 3350 676 3402 hoc
702 3360 858 3418 pacto
896 3349 1272 3421 Symmachus
1322 3353 1584 3411 reddidit.
1637 3356 1695 3409 In
1740 3357 1825 3411 his
1884 3368 2066 3412 autem

489 3439 671 3494 verbis
703 3443 986 3509 prophetia
1014 3444 1323 3499 continezur
1349 3445 1653 3502 vocationis
1683 3450 1950 3517 gentium.

562 3530 791 3586 Psallite
820 3533 1021 3586 nomini
1043 3533 1179 3601 ejus.
1215 3536 1626 3606 Expositionem
1651 3541 1771 3595 vide
1791 3543 1842 3594 itt
1864 3551 2066 3612 quarto

490 3626 765 3679 versiculo
802 3639 851 3678 Ix
881 3625 1100 3696 psalmi.

563 3801 697 3856 Date
723 3803 947 3873 gloriam
1006 3804 1154 3858 laudi
1197 3803 1333 3873 ejus.
1393 3803 1504 3860 Hoc
1555 3815 1636 3860 est
1701 3808 1961 3863 honorem
2017 3817 2071 3864 et

493 3895 975 3964 magnificentiam.
1010 3895 1074 3950 Et
1121 3912 1320 3953 sensus
1358 3907 1482 3962 est,
1526 3899 1669 3968 quod
1718 3900 1956 3969 gloriose
2005 3915 2070 3955 ac

491 3986 778 4057 magniﬁce
816 4003 940 4042 eum
963 3988 1210 4053 laudent,
1245 3999 1298 4044 et
1329 4003 1435 4043 non
1471 3992 1714 4044 lmmauo
1748 4007 1919 4045 more.

562 4167 725 4222 Vsus.
762 4169 816 4223 5.
853 4167 1030 4223 Dicite
1074 4167 1217 4234 Deo,
1255 4169 1427 4234 Quam
1459 4171 1716 4224 terribilia
1744 4179 1868 4226 sunt
1915 4188 2069 4242 opera

494 4265 609 4312 tua.
641 4257 771 4324 Quae
802 4261 1059 4313 nimirum
1093 4261 1221 4314 olim
1257 4269 1364 4314 tam
1391 4261 1443 4314 iu
1471 4259 1728 4332 Egypto.
1748 4278 1911 4332 quam
1938 4264 2067 4318 alibi

493 4350 733 4419 gentium
765 4357 1029 4416 aper-atus
1057 4366 1140 4405 es.

563 4440 627 4495 In
657 4440 996 4495 multitudine
1025 4442 1235 4498 virtutis
1269 4453 1374 4498 tum
1406 4447 1724 4500 mentiemur
1756 4457 1804 4501 te
1859 4447 2064 4500 inimici

498 4533 598 4585 tui.
635 4534 699 4586 Et
721 4547 917 4588 sensus
946 4542 1050 4598 est,
1075 4534 1220 4604 quod
1255 4536 1566 4605 cognitione
1585 4537 1676 4592 Dei
1713 4540 1914 4607 ubique
1936 4554 2064 4610 gen-

493 4625 634 4678 tium
657 4625 932 4694 divulgata
964 4664 979 4690 ,
1030 4628 1186 4680 multi
1231 4627 1484 4682 veritatis
1537 4628 1744 4684 inimici
1795 4646 2064 4684 summam

495 4717 640 4772 illius
667 4727 992 4788 potestatem
1026 4722 1310 4786 timentes,
1337 4737 1502 4790 quam
1561 4723 1726 4778 habet
1783 4725 1838 4777 in
1901 4739 2067 4791 regno

499 4810 761 4876 fidelium,
791 4814 1146 4881 mentiuntur,
1177 4831 1273 4871 seu
1325 4817 1668 4871 simulabth
1719 4816 1884 4872 Deum
1912 4859 1929 4884 ,
1967 4819 2069 4874 hoc

497 4911 604 4967 est,
637 4902 795 4957 fidem
825 4905 996 4975 ipsam
1031 4905 1234 4977 [quam
1291 4908 1346 4961 in
1404 4922 1469 4962 eo
1528 4909 1729 4964 habere
1803 4926 1862 4966 se
1935 4912 2072 4966 falso

500 5003 748 5050 ussereut
770 4994 812 5067 ].
845 4995 1024 5065 Ipsam
1056 4999 1258 5051 etenim
1290 5000 1622 5069 hypocrisim
1651 5017 1712 5054 ac
1766 5000 2071 5057 simulatio-

503 5100 622 5139 nem
660 5086 760 5141 hoc
799 5089 852 5141 in
902 5088 1023 5142 loco
1077 5086 1425 5142 tttettdacium
1472 5091 1790 5161 appellavit.
1833 5092 1900 5146 Ει
1943 5110 2077 5148 sane

496 5180 933 5250 quamplurimos
967 5179 1284 5250 hujusmodi
1327 5183 1679 5239 simulaturos
1721 5186 1902 5241 videre
1954 5188 2077 5241 licet

501 5281 608 5324 tam
634 5273 868 5340 gentiles
896 5287 1057 5328 auaui
1093 5272 1401 5328 haereticos.

575 5449 642 5480 ²⁹⁶
683 5447 814 5503 Luc.
868 5463 993 5502 ntv
1071 5443 1160 5500 49.
1241 5451 1284 5484 ³⁸
1341 5449 1521 5504 Galat.
1567 5449 1768 5517 tu,9.7.

2174 3087 2324 3155 μένῳ
2357 3087 2483 3145 τοὺς
2533 3084 2925 3155 αἰχμαλώτους
2985 3087 3047 3137 ἐκ
3094 3086 3191 3154 τῆς
3239 3083 3494 3146 δουλείας
3551 3081 3730 3135 αὐτῶν.

2171 3177 2344 3232 Πᾶσα
2371 3178 2429 3230 δὲ
2455 3180 2492 3245 ἡ
2525 3175 2624 3246 γῆ,
2657 3178 2777 3230 ἀντὶ
2804 3177 2924 3246 τοῦ,
2955 3177 3154 3239 πάντες
3185 3177 3234 3229 οἱ
3285 3178 3384 3230 ἐπὶ
3415 3177 3536 3245 γῆς.
3594 3173 3737 3228 Οὕτω

2171 3271 2278 3340 γὰρ
2311 3273 2338 3323 ὁ
2369 3270 2664 3339 Σύμμαχος
2697 3269 2985 3336 ἐξέδωκεν.
3017 3269 3160 3339 ’Όρα
3183 3269 3237 3322 δὲ
3266 3269 3373 3341 τὴν
3405 3268 3594 3338 κλῆσιν
3640 3265 3736 3318 τῶν

2171 3363 2363 3416 ἐθνῶν.

2245 3517 2483 3572 Ψὰλατε
2513 3516 2588 3581 δὴ
2639 3515 2720 3580 τῷ
2780 3517 3026 3584 ὀνόματι
3100 3513 3314 3567 αὑτοῦ.
3385 3515 3516 3584 Περὶ
3564 3506 3738 3564 τούτου

2173 3610 2329 3680 ζήτει
2377 3610 2476 3680 τὴν
2542 3609 2804 3678 ἐξήγησιν
2868 3609 2964 3660 τοῦ
3011 3608 3054 3661 δ’
3115 3607 3305 3678 στίχου
3370 3607 3464 3662 τοῦ
3530 3609 3571 3660 θ’
3618 3607 3741 3675 ψαλ-

2174 3701 2300 3770 μοῦ.

2242 3795 2382 3846 Δότε
2405 3792 2596 3856 δόξαν
2626 3794 2696 3847 ἐν
2733 3793 2962 3847 atreus:
2993 3794 3202 3848 αὐτοῦ.
3259 3796 3394 3848 Δότε
3452 3796 3518 3864 τῇ
3553 3791 3738 3845 αἰνέσει

2171 3885 2337 3939 αὑτοῦ
2367 3885 2546 3950 δόξαν,
2584 3886 2764 3939 εἴτουν
2785 3885 2972 3956 τιμὴν,
3029 3886 3541 3957 μεγαλοπρέπειαν.
3589 3884 3735 3948 Λέγει

2171 3977 2250 4041 δὲ,
2276 3978 2356 4030 ὅτι
2399 3977 2655 4042 Ἐνδόξως
2685 3977 2934 4031 αἱνέσατε
2963 3977 3148 4044 αὐτὸν,
3185 3981 3283 4034 καὶ
3320 3981 3397 4050 μὴ
3447 3979 3522 4042 ὡς
3557 3971 3739 4032 αἰνεῖτε

2172 4071 2299 4132 τοὺς
2331 4068 2677 4141 ἀνθρώπους.

2239 4163 2463 4216 Εἴπατε
2492 4162 2572 4225 τῷ
2607 4163 2731 4228 Θεῷ
2761 4171 2777 4194 δ
2843 4162 2938 4230 ’.Ως
2988 4165 3212 4234 φοϐερὰ
3278 4169 3353 4220 τὰ
3409 4166 3550 4234 ἔργα
3589 4155 3740 4216 σου]

2177 4254 2320 4308 Ὅσα
2353 4257 2410 4308 ὲν
2465 4255 2728 4326 Αἰγύπτῳ
2779 4256 3284 4328 ἑτερατούργησας,
3348 4262 3442 4313 καὶ
3495 4260 3593 4312 ὅσα
3643 4255 3738 4325 πρὸ

2105 4339 2145 4392 D
2174 4346 2402 4412 τούτων,
2436 4349 2533 4400 καὶ
2564 4349 2666 4401 ὅσα
2702 4348 2841 4418 μετά
2860 4349 3058 4406 ταῦτα.

2239 4437 2346 4492 Ἐν
2369 4439 2447 4504 τῷ
2467 4439 2680 4507 πλήθει
2711 4441 2822 4507 τῆς
2849 4431 3156 4510 δυνάμεώς
3189 4458 3309 4497 σου
3334 4441 3662 4512 ψεύσονται
3675 4447 3742 4489 σε

2173 4533 2225 4583 ol
2252 4531 2457 4598 ἐχθροί
2505 4548 2642 4585 σου.
2693 4531 2948 4584 Τοιοῦτον
2997 4532 3115 4603 ἔχει
3163 4535 3224 4586 τὸ
3271 4536 3440 4606 ῥητὸν
3499 4532 3637 4594 νοῦν,
3667 4531 3741 4582 ὅτι

2176 4621 2466 4692 Πανταχοῦ
2515 4623 2615 4690 ’τῆς
2647 4622 2980 4691 Οεογνωσίας
3011 4626 3387 4690 ἀπλωθεξσης,
3443 4626 3622 4680 πολλοὶ
3652 4623 3738 4688 τῆς

2176 4715 2437 4783 ἀληθείας
2470 4715 2655 4784 ἐχθροὶ
2676 4715 3004 4787 φοϐηθέντες
3036 4717 3132 4789 τὴν
3162 4718 3371 4790 πολλὴν
3409 4737 3504 4773 σου
3527 4719 3737 4785 δύναμιν

2173 4806 2273 4875 τὴν
2302 4806 2360 4856 ὲν
2392 4809 2458 4876 τῇ
2487 4807 2739 4880 βασιλείᾳ
2796 4809 2906 4860 τῶν
2956 4811 3220 4875 εὐσεϐῶν,
3285 4811 3734 4882 ὑποκριοήσονταί

2173 4899 2267 4950 σει
2311 4901 2488 4952 εἷτουν
2517 4899 2615 4970 τὴν
2638 4901 2716 4964 εἰς
2747 4902 2805 4954 σὲ
2836 4901 3036 4957 πίστιν.
3076 4903 3286 4968 Ψεῦδος
3360 4905 3470 4976 γὰρ
3517 4899 3729 4957 ἐνταῦθα

2172 4989 2274 5057 τὴν
2308 4990 2599 5060 ὑπόκρισιν
2625 4993 2879 5064 ὀνομάζει
2921 5013 2934 5025 ο
2967 4998 3062 5049 καὶ
3100 4995 3166 5066 δὴ
3207 4997 3436 5060 πολλοὺς
3483 4995 3734 5050 τοιούτους

2175 5080 2510 5153 εὑρίσκομεν
2545 5084 2813 5156 Ἕλληνας
2835 5087 2928 5140 καὶ
2955 5089 3265 5156 αἱρετικοὺς
3295 5087 3577 5142 ἑκάστοτε.

1849 5563 2049 5626 Vat-ite
2085 5563 2416 5632 lectiones.

705 5657 913 5730 fotius
941 5663 1450 5730 transmigrationis.

573 5725 685 5798 (Ἡ)
705 5725 928 5784 Videtur
955 5725 1244 5804 legendum
1275 5735 1678 5804 μεταστάσεως,
1708 5744 1766 5790 ut
1791 5736 1952 5792 vertit
1979 5738 2058 5793 int

2167 5751 2250 5792 res
2288 5751 2303 5789 ε
2343 5750 2466 5792 Cum
2503 5738 2699 5793 snbdat
2733 5742 2810 5802 si;
2841 5738 2939 5810 τὴν
2967 5740 3320 5809 μετάστασιν.
