4020 6218
320 326 423 390 649

1476 320 1865 381 COMMENT.
1896 314 1978 379 ΙΝ
2013 319 2377 381 PSALMOS.

3456 317 3567 381 650

393 435 564 495 Πᾶσα
590 436 629 503 ἠ
654 433 729 505 γῆ
758 429 1360 502 προσκυνησάτωσάν
1386 444 1505 494 σοι,
1538 430 1634 484 καὶ
1667 427 1896 498 ψαλλὰ·

2071 427 2240 482 Vsns.
2270 427 2324 482 4.
2361 425 2548 480 Omnis
2594 433 2736 479 terra
2769 423 2953 477 adoret
3003 433 3070 488 te,
3119 431 3169 477 et
3210 424 3409 491 psallat
3457 428 3555 482 tibi

320 528 525 586 τωσιὶν
579 544 698 582 σοι.
761 524 1121 595 Ἐκδηλοτέρα
1195 521 1303 575 τῶν
1343 522 1514 574 ἐθνῶν
1580 523 1614 591 ἡ
1674 521 1890 590 κλῆσις,

323 620 579 675 ἐνταῦθα.
599 619 1147 688 Προσκυνησάτωσαν
1168 615 1226 667 δὲ
1254 614 1471 683 πρῶτον
1496 614 1860 679 ὑποταγέντες
1877 626 1894 642 ν

322 709 445 766 εἶτα
467 709 831 779 ψαλλάτωσαν
859 721 884 772 θ,
910 707 1245 776 προστάσσει
1286 704 1343 757 δὲ
1378 703 1539 757 τοῦτο
1579 702 1896 771 θαρσαλέως

323 805 354 855 ὁ
384 801 680 871 Προφήτης
727 793 816 851 οἷα
850 796 1415 868 πεπληροφορημένος
1462 793 1592 865 περὶ
1630 793 1725 847 τοῦ
1760 794 1901 865 πρά-

324 907 361 958 γ
368 907 557 960 ματος.

404 977 822 1035 Ψαλλάτωσαν
878 977 956 1046 δὴ
1000 976 1081 1043 τῷ
1130 976 1375 1046 ὀνόματί
1423 992 1576 1042 σου,
1631 979 1900 1047 “natura.

327 1073 501 1126 Τοῦτο
526 1071 670 1124 ἔοικε
705 1070 782 1140 τῷ
807 1069 855 1121 δ’
881 1054 1050 1141 στίχῳ
1070 1068 1168 1121 τοῦ
1199 1070 1243 1121 θ’
1272 1068 1491 1139 ψαλμοῦ
1517 1084 1533 1100 ·
1581 1069 1686 1123 ὑπὸ
1718 1071 1774 1122 δὲ
1804 1070 1904 1137 τῆς

326 1164 472 1229 ἄγαν
521 1164 906 1230 περιχαρείας,
959 1161 1445 1230 ὑπομιμνήσκεται
1487 1160 1597 1214 τῶν
1640 1160 1734 1214 τοῦ
1767 1161 1903 1215 Θεοῦ

326 1247 656 1317 τεραστίων,
709 1248 803 1300 καὶ
864 1247 1299 1316 παρακελεύεται
1343 1249 1479 1302 πᾶσι
1529 1248 1756 1318 ψάλλειν
1810 1253 1906 1303 καὶ

327 1340 522 1408 ὑμνεῖν
551 1338 642 1391 τὸν
665 1339 944 1409 λυτρωτὴν
968 1338 1124 1392 Θεόν.

398 1429 578 1484 Δεῦτε
638 1431 736 1483 καὶ
769 1431 926 1484 ἴδετε
958 1431 1032 1484 τὰ
1062 1432 1207 1500 ἔργα
1260 1432 1369 1485 τοῦ
1426 1432 1597 1487 Θεοῦ.
1645 1435 1709 1486 Ἀ
1772 1434 1909 1487 καθ-

328 1522 571 1592 εκάστην
629 1525 779 1576 ποιεῖ
834 1523 1177 1595 παραδόξως.
1235 1523 1503 1593 Συγκαλεί
1538 1524 1594 1578 δὲ
1624 1525 1804 1579 πάντα
1844 1527 1910 1579 τὰ

327 1618 457 1688 ἔθνη
472 1658 487 1672 .
1322 1687 1328 1693 π

411 1710 510 1774 Ὠς
533 1711 778 1778 φοϐερὸς
819 1709 888 1762 ἐν
916 1708 1178 1772 βουλαῖς
1220 1709 1373 1778 ὑπὲρ
1406 1710 1548 1776 τοὺς
1585 1710 1755 1776 υἱοὺς
1784 1710 1904 1764 τῶν

327 1801 870 1867 ἀνθρώπωγ.--Ἐν
893 1801 1190 1870 μηχαναῖς
1228 1801 1487 1867 ἐξέδωκεν
1520 1804 1548 1856 ὁ
1578 1802 1893 1872 Σύμμαχος.

326 1892 466 1947 Δίαν
520 1890 616 1947 οὖν
669 1892 904 1963 φοϐερὸς
959 1895 1018 1946 ὲν
1085 1896 1377 1963 μηχαναῖς,
1438 1894 1524 1947 διὰ
1578 1893 1638 1946 τὸ
1693 1894 1901 1964 φοϐερὰ

331 1986 718 2056 μηχανᾶσθαι,
767 1987 896 2039 ὅταν
943 1985 1102 2056 ἐθέλῃ
1186 1985 1357 2039 σῶσαι
1409 1985 1502 2038 τὸν
1548 1985 1676 2039 λαὸν
1714 1985 1899 2039 αὐτοῦ.

340 2079 541 2133 Ὄποῖα
593 2078 702 2149 γὰρ
760 2078 901 2132 κατὰ
948 2078 1059 2131 τῶν
1101 2077 1418 2147 Λίγυπτῖων
1479 2078 1901 2148 ἐμηχανήσατοα
1961 2075 1969 2087 ’

330 2169 505 2222 νικῶν
544 2170 632 2222 ἀεὶ
683 2171 751 2223 τὰ
793 2168 1107 2239 σοφίσματα
1151 2168 1247 2222 καὶ⁸
1282 2169 1382 2232 τὰς
1425 2167 1907 2239 ἀντεπιχειρήσεις

327 2261 444 2315 τῶν
476 2260 804 2330 ἀνθρώπων.
838 2258 973 2316 Εἶτα
1006 2261 1300 2329 καταλέγει
1329 2261 1398 2314 τὰ
1428 2259 1596 2314 πάλαι
1627 2257 1905 2328 θαῦματα.

418 2442 485 2497 '0
538 2442 969 2513 μεταστρέφων
1017 2441 1134 2510 τὴν
1192 2440 1517 2497 θάλασσαν
1568 2443 1655 2506 εις
1696 2440 1909 2508 ξηράν.

331 2534 510 2590 Τοῦτο
537 2535 763 2602 γέγονεν
797 2532 890 2585 ἐπὶ
936 2534 1037 2604 τῆς
1085 2532 1353 2604 Ἐρυθρᾶς
1401 2532 1677 2603 θαλάσσης
1706 2572 1721 2599 ,
1774 2531 1850 2596 ὡς
1879 2533 1913 2602 ή

340 2623 522 2692 βίϐλος
583 2624 683 2694 τῆς
755 2622 968 2688 Ἐξόδου
1023 2622 1289 2676 διδάσκει.
1376 2623 1800 2693 Ἀντιχρονικῶς
1859 2621 1917 2676 δὲ

341 2710 518 2782 εἶπεν,
556 2714 622 2768 '0
647 2712 1095 2783 μεταστρέφων,
1112 2714 1235 2768 ἀντὶ
1262 2713 1380 2779 τοῦ,
1423 2712 1484 2767 Ὀ
1517 2712 1917 2783 μεταστρέψας.

425 2888 530 2944 Ἕν
565 2889 808 2960 ποταμῷ
831 2889 1249 2944 διελεύσογται
1286 2890 1442 2944 ποδί.
1490 2892 1600 2943 Καὶ
1637 2890 1795 2943 τοῦτο
1831 2890 1922 2959 γέ-

329 2998 500 3049 γονεν
529 2984 621 3035 ἐπὶ
649 2982 745 3036 τοῦ
788 2982 1076 3053 Ἰορδάνου,
1113 2981 1499 3052 διαϐαινούσης
1522 2983 1621 3049 τῆς
1653 2980 1924 3036 Κιϐωτοῦ.

2001 521 2216 576 Clarius
2240 528 2404 587 atque
2429 516 2671 587 apertius
2696 515 2785 570 hic
2805 516 3037 569 traditur
3058 516 3296 585 gentium
3330 518 3567 575 vacatio.

2003 612 2249 665 Adorent
2278 618 2460 665 autem
2492 608 2695 678 primo,
2736 605 2842 660 hoc
2873 615 2979 670 est,
3024 605 3125 661 tibi
3175 608 3568 678 subiiciantur,

2003 712 2057 756 et
2085 701 2279 755 driudc
2329 700 2582 769 psallant.
2622 697 2844 753 Summa
2875 705 3054 752 autem
3086 698 3283 753 ﬁducia
3317 699 3430 755 lucc
3456 701 3569 757 fleri

2005 794 2284 848 mandavit
2302 791 2596 862 Propheta,
2621 791 2787 846 veluti
2810 790 2903 860 qui
2926 796 3111 845 certus
3140 798 3258 844 erat
3292 789 3460 846 futuri
3486 793 3573 864 ju-

2004 883 2157 939 dicii.
2959 953 2962 956 ,

2079 975 2327 1047 Psallant
2355 978 2558 1032 nomini
2584 987 2695 1040 tuo,
2744 974 3042 1030 Altissime.
3092 974 3281 1030 Simile
3310 984 3393 1031 est
3426 977 3575 1047 quod

2007 1066 2242 1136 legimus
2295 1067 2349 1120 in
2411 1083 2465 1120 iv
2523 1065 2806 1121 versiculo
2842 1081 2894 1119 lx
2927 1065 3148 1136 psalmi.
3208 1064 3326 1121 Pra:
3377 1067 3573 1137 grandi

2007 1166 2191 1213 autem
2244 1160 2452 1225 laetitia,
2505 1158 2882 1213 reminiscitur
2939 1158 3311 1229 prodigiorum
3355 1157 3489 1222 Dei,‘
3524 1171 3581 1215 et.

2009 1248 2240 1315 psallere
2268 1263 2459 1304 omnes
2493 1249 2669 1319 jubet,
2705 1264 2767 1305 ac
2804 1248 3204 1318 redemptorem
3243 1248 3412 1305 Deum
3462 1252 3579 1306 lau-

2009 1340 2164 1394 daro.
2254 1372 2257 1375 η

2085 1430 2251 1487 Vens.
2291 1432 2347 1487 5.
2396 1431 2573 1486 Venite
2593 1441 2641 1485 et
2664 1432 2830 1486 videte
2865 1449 3020 1499 opera
3062 1430 3176 1485 Dei.
3206 1433 3338 1499 Qua:
3380 1432 3582 1503 ubique

2012 1524 2255 1595 gentium
2288 1532 2550 1592 operatus
2584 1532 2688 1584 est,
2735 1538 2951 1576 summa
2996 1523 3363 1581 admiratione
3392 1523 3581 1595 digna.

2013 1618 2260 1669 Advoeat
2290 1622 2475 1669 autem
2511 1614 2804 1668 universas
2843 1620 3050 1683 gentes.

2087 1706 2262 1771 Quam
2291 1705 2548 1759 terribilis
2580 1706 2635 1758 in
2664 1704 2899 1759 consiliis
2925 1720 3080 1773 super
3106 1705 3246 1776 ﬁlios
3290 1706 3583 1762 hominum.

2002 1795 2367 1867 Symmachus
2415 1796 2656 1852 reddidit
2711 1799 2765 1850 in
2815 1795 3319 1852 machinationibus.
3355 1797 3585 1853 Multum

2005 1889 2169 1957 igitur
2203 1886 2460 1943 terribilis
2489 1886 2545 1941 in
2580 1887 3062 1942 maeliinationbus
3098 1903 3161 1943 co
3191 1888 3335 1957 quod
3377 1891 3589 1959 magnis

2004 1979 2331 2049 quibusdam
2391 1979 2643 2034 artiﬁciis
2700 1979 2895 2040 utitur,
2952 1978 3169 2048 quaties
3222 1980 3271 2034 ei
3321 1981 3591 2049 placuerit

2006 2073 2265 2143 populum
2311 2087 2470 2128 suum
2514 2075 2729 2127 salvare
2764 2090 2778 2127 :
2829 2071 2993 2127 veluti
3046 2085 3109 2126 ea
3144 2081 3273 2127 sunt
3313 2089 3435 2144 qua:
3494 2074 3591 2128 ad-

2009 2179 2209 2220 versus
2250 2162 2537 2235 Egyptios
2568 2161 2874 2229 adinvenit,
2908 2173 3141 2217 conatus
3164 2171 3327 2233 atque
3359 2165 3592 2220 astutias

2009 2270 2202 2311 omnes
2249 2255 2518 2311 humanas
2558 2269 2774 2325 semper
2818 2254 3067 2310 vincens.
3111 2255 3350 2326 Antiqua
3392 2256 3592 2313 deinde

2012 2357 2371 2404 conuumerat
2408 2348 2690 2401 miracula.

2096 2440 2261 2493 Vens.
2291 2439 2344 2493 6.
2393 2436 2498 2504 Qui
2538 2440 2790 2492 ront'ertit
2824 2454 2970 2493 mare
3002 2439 3055 2493 in
3083 2440 3315 2494 aridam.
3355 2441 3468 2497 Hoc
3515 2444 3596 2497 fa-

2025 2539 2171 2584 ctum
2214 2538 2298 2584 est
2334 2531 2387 2583 in
2433 2531 2569 2582 mari
2623 2527 2831 2596 Rubro,
2894 2540 2954 2584 ut
3004 2531 3241 2585 habetur
3294 2534 3346 2587 iu
3386 2532 3595 2589 Exodo.
3642 2545 3646 2548 ‘

2018 2622 2204 2675 Posuit
2229 2631 2407 2675 autem
2434 2631 2649 2691 tempus
2667 2637 2766 2692 pro
2786 2632 3048 2690 tempore.
3070 2621 3205 2676 Nam
3224 2625 3392 2679 dictio
3419 2665 3433 2688 ,
3458 2624 3598 2682 Con-

2022 2716 2197 2779 vertit,
2231 2715 2521 2785 praesentis
2569 2723 2654 2769 est
2720 2714 2983 2784 temporis
3044 2715 3167 2781 hic,
3196 2725 3253 2770 ut
3284 2732 3350 2771 ex
3413 2716 3601 2774 Graeca

2022 2805 2267 2859 dictione
2294 2804 2625 2874 perspicitur
2652 2845 2666 2868 ,
2701 2814 2753 2857 et
2783 2805 2961 2873 posita
2991 2812 3076 2861 est
3110 2821 3205 2874 pro
3236 2809 3533 2876 praeterito.

2099 2895 2163 2948 In
2191 2894 2415 2963 ﬂumine
2436 2893 2833 2962 pertransibunt
2867 2887 3017 2962 pede.
3050 2894 3167 2950 Hoc
3219 2911 3350 2951 vero
3399 2898 3602 2952 accidit

2029 2987 2085 3041 in
2114 2986 2358 3041 Iordane
2401 2998 2525 3038 eum
2560 2984 2829 3038 transiret
2878 2985 3017 3039 Area
3045 3002 3059 3039 :
3089 2993 3143 3040 et
3172 2995 3386 3056 tempus
3435 2988 3599 3041 etiam

348 3076 697 3145 Ἀντιχρονὶα
726 3075 780 3127 δὲ
816 3076 1115 3139 κάνταῦθα,
1149 3076 1270 3128 ἀντὶ
1294 3074 1413 3135 τοῦ,
1442 3075 1671 3145 Διῆλθον
1705 3078 1754 3127 οἱ
1788 3075 1917 3144 πρό-

2031 3078 2134 3132 lioc
2161 3077 2283 3131 loco
2325 3076 2508 3144 posuit
2553 3091 2653 3144 pro
2694 3083 2963 3144 tempore,
3021 3075 3452 3139 Perlransibunt,
3504 3093 3603 3147 pro

333 3184 492 3235 γονοι
540 3168 721 3236 ἡμῶν.
765 3167 909 3221 Ποδὶ
941 3167 1019 3233 δὲ,
1052 3168 1172 3220 ἀντὶ
1197 3166 1290 3219 τοῦ
1318 3210 1332 3232 ,
1364 3169 1531 3239 Πεζῇ.
1566 3167 1819 3231 Πεξεύειν
1844 3166 1921 3233 δὲ,

333 3258 401 3312 τὸ
439 3254 533 3311 διὰ
568 3257 741 3328 ξηρᾶς
767 3260 991 3313 ὁδεύειν.
1021 3261 1135 3329 (25)
1168 3259 1287 3314 Τῶν
1333 3260 1473 3314 κατὰ
1519 3260 1618 3328 τὴν
1651 3260 1837 3313 ἄνοδον
1867 3240 1937 3313 δὲ’

336 3350 682 3421 θαυμασίαν,
722 3353 1137 3424 ὑπομιμνήσκει
1177 3353 1268 3406 τὸν
1300 3352 1434 3405 Θεὸν
1468 3394 1482 3418 ,
1519 3353 1609 3406 διὰ
1643 3353 1741 3421 τὴν
1789 3369 1920 3422 προ·

336 3442 611 3512 κειμένην
640 3443 737 3496 καὶ
762 3445 946 3507 αὐτοῖς
965 3444 1175 3509 ἄνοδον,
1231 3445 1320 3496 ἶνα
1340 3444 1582 3515 συνήθως
1611 3444 1703 3498 καὶ
1738 3444 1925 3505 αὐτοῖς

337 3533 554 3602 ταύτην
599 3535 993 3605 Ἐξευμαρίσῃ.
1045 3536 1102 3589 '0
1127 3540 1313 3604 μέντοι
1345 3536 1640 3607 Σύμμαχος
1683 3536 1924 3606 ἐτήρησε

337 3628 436 3679 ι-δν
450 3626 644 3696 χρόνον
670 3642 684 3657 ’
708 3627 936 3692 ἐξέδωκε
963 3630 1094 3698 γὰρ,
1111 3628 1174 3681 '0
1192 3628 1546 3697 μεταϐαλὼν
1569 3628 1683 3697 τὴν
1703 3628 1931 3683 θάλασ-

339 3725 488 3770 σαν’
525 3716 621 3769 καὶ
651 3716 832 3783 πάλιν,
852 3717 1130 3787 Ποταμὸν
1165 3718 1474 3786 διέϐησαν.

2031 3167 2491 3232 Pertransierunl,
2530 3165 2764 3229 majores
2792 3167 2965 3221 nostri
3013 3167 3291 3221 nimirum.
3326 3168 3465 3222 Pede
3503 3184 3606 3224 au-

2035 3266 2165 3318 tem,
2201 3256 2304 3310 hoc
2331 3265 2434 3319 est,
2468 3256 2775 3325 pedestres.
2806 3254 2869 3308 Et.
2901 3256 3030 3310 dum
3078 3256 3359 3326 pedestres
3418 3259 3596 3316 inces-

2034 3350 2176 3405 sisse
2213 3364 2310 3403 eos
2336 3346 2467 3403 dicit
2510 3364 2605 3417 per
2640 3348 2861 3415 numen,
2905 3364 3001 3418 per
3049 3349 3251 3403 siccam
3296 3366 3391 3406 eos
3418 3354 3609 3408 ambu-

2030 3441 2179 3496 lasse
2226 3440 2523 3512 significat.
2568 3437 2789 3495 Illorum
2835 3449 3018 3495 autem
3068 3441 3457 3497 miraculorum
3490 3461 3606 3501 me-

2032 3532 2213 3597 minit,
2242 3549 2363 3602 quin
2390 3532 2443 3586 in
2464 3547 2529 3587 eo
2559 3532 2739 3587 reditu
2763 3531 2908 3596 facta
2928 3542 3290 3603 sunt,putaus
3322 3545 3601 3606 gestarum

2035 3627 2150 3681 illic
2208 3640 2389 3680 rerum
2426 3626 2747 3679 memoriam
2797 3625 2864 3680 ad
2910 3635 3231 3695 praesentem
3288 3629 3519 3684 reditum
3551 3632 3606 3686 in

1932 3756 1938 3760 -
2040 3719 2270 3787 patriam
2303 3716 2603 3785 p2rtinere,
2639 3715 2768 3769 dum
2805 3717 3054 3785 exemplo
3076 3732 3288 3782 eorum,
3327 3735 3447 3788 qua)
3476 3729 3606 3775 tunc

342 3820 499 3878 geSta
549 3823 699 3876 sunt,
757 3812 1059 3867 faciliorem
1094 3812 1239 3868 hunc
1284 3813 1516 3868 reditum
1557 3812 1917 3868 demonstrat.
1960 3810 2330 3883 Symmachus
2399 3824 2531 3863 vero
2600 3809 2687 3863 hic
2738 3816 2953 3879 tempus
3012 3811 3270 3875 servavit,
3325 3816 3605 3879 transtuli;

343 3904 580 3967 etenim,
623 3904 727 3970 Qui
769 3907 1146 3958 transmutavit
1187 3922 1333 3959 mare
1360 3907 1413 3959 in
1444 3905 1700 3973 aridam;
1733 3907 1861 3960 item
1904 3924 1919 3963 :
1964 3904 2190 3958 Flumen
2232 3903 2682 3972 pcrtransierunt.

427 3996 595 4049 Ἐκεῖ
611 4001 1147 4069 εὐφρανθησόμεθα
1164 4001 1257 4054 ἐπ’
1281 4000 1440 4065 αὐτῷ
1470 3999 1549 4065 τῷ
1573 3999 1922 4059 δεσπόζοντι

341 4089 414 4141 ἐν
454 4087 530 4154 τῇ
564 4088 895 4157 δυναστεία
933 4091 1119 4146 αὐτοῦ
1162 4092 1269 4146 τοῦ
1315 4094 1555 4159 αἰῶνος.
1599 4092 1778 4159 Ἐκεῖ,
1799 4094 1922 4147 ἀντὶ

342 4178 466 4238 τοῦ,
486 4178 575 4229 Ἑν
602 4178 680 4247 τῷ
708 4180 882 4250 τόπῳ.
913 4181 993 4243 είς
1018 4181 1077 4234 ὃν
1109 4182 1466 4250 ἐπειγόμεθα.
1500 4182 1830 4236 Δυναστείαν
1862 4181 1919 4235 δὲ

346 4269 486 4321 Θευῦ
520 4269 771 4338 νοοῦμεν,
807 4271 905 4341 τὴν
932 4273 1162 4341 ἄπειρον
1198 4273 1292 4325 καὶ
1347 4273 1718 4327 ἀνυπόστατον
1754 4273 1919 4326 δύναο

350 4378 468 4429 μιν.
500 4361 767 4425 Δεσπὸζει
799 4361 856 4415 δὲ
898 4364 926 4415 ὁ
963 4362 1096 4426 Θεὸς
1127 4364 1343 4417 καὶτοῦ
1380 4368 1649 4435 παρῧντος
1698 4367 1791 4418 καὶ
1828 4364 1922 4418 τοῦ

354 4453 642 4522 μέλλοντος
671 4453 889 4521 αἰῶνος,
919 4454 993 4517 ὡς
1026 4455 1332 4527 ἀπέραντον
1359 4456 1500 4527 ἔχων
1524 4456 1822 4526 βασιλείαν.

429 4633 492 4683 Oi
530 4631 827 4700 ὀφθαλμοὶ
863 4631 1050 4685 αὐτοῦ
1076 4632 1174 4686 ἐπὶ
1204 4635 1275 4687 τὰ
1298 4636 1443 4702 ἔθνη
1470 4635 1924 4691 ἐπιϐλέπουσιν.

362 4722 456 4783 Ὦς
480 4721 770 4790 μέλλοντος
801 4723 941 4775 αὐτὰ
964 4724 1391 4794 κληρονομῆσαι,
1416 4724 1510 4777 καὶ
1538 4724 1927 4780 οἰκειώσασθαι

351 4811 446 4864 διὰ
471 4813 736 4873 πίστεως.
761 4814 998 4882 Νὸησον,
1047 4814 1291 4876 Ἰουδαίε,
1320 4815 1403 4867 ὅτι
1443 4816 1778 4885 μετέστησεν
1820 4815 1929 4869 ἀπὸ

356 4903 457 4956 σοῦ
490 4903 592 4975 τὴν
631 4905 937 4975 ἐπισκοπὴν
966 4905 1154 4960 αὑτοῦ.

438 5088 500 5138 οι
531 5085 1108 5152 παραπικραίνοντες
1134 5084 1220 5154 μὴ
1249 5084 1662 5152 ὺψούσθωσαν
1691 5084 1762 5137 ἐν
1792 5084 1932 5139 ἐαυ-

355 5175 507 5242 τοῖς.
573 5177 776 5230 Λοιπὸν
825 5179 873 5230 οἱ
952 5178 1217 5239 Ἰουδαῖοι,
1278 5178 1353 5247 μὴ
1400 5175 1822 5246 ὲπαιρέσθωσαν
1875 5178 1932 5230 ὲν

362 5267 573 5331 αὐτοῖς.
638 5269 849 5336 Ἤγουν
909 5270 1043 5338 παρ’
1072 5270 1307 5331 ἑαυτοῖς,
1362 5268 1439 5329 ὡς
1497 5268 1648 5335 μόνοι
1693 5266 1770 5338 τῷ
1814 5267 1934 5335 Θεῷ

359 5360 761 5428 γινωσκόμενοι
784 5378 796 5391 ο
819 5362 1043 5422 τούτους
1058 5361 1167 5428 γὰρ
1189 5360 1336 5427 λέγει
1354 5360 1897 5429 παραπικραίνοντας
1916 5399 1931 5424 ,

358 5449 441 5511 ὡς
466 5450 552 5503 ἀεὶ
594 5452 966 5520 γογγύζοντας
1035 5453 1130 5506 καὶ
1176 5450 1558 5519 ἀντιλέγοντας
1582 5465 1596 5479 ’
1635 5450 1727 5503 καὶ
1784 5451 1935 5504 ἄλλοι

2102 3995 2272 4051 Vens.
2310 3999 2361 4050 7.
2396 3994 2480 4049 Ibi
2531 3994 2854 4050 la'tabuntur
2901 3997 2955 4050 in
3006 3997 3121 4066 ipso
3167 3999 3494 4066 dominante,
3547 4003 3604 4054 in

2026 4096 2301 4157 potentatu
2336 4103 2431 4141 suo
2486 4087 2691 4142 seaculi.
2744 4086 2845 4152 lbi,
2883 4088 2991 4145 hoc
3017 4097 3123 4157 est,
3162 4089 3216 4146 in
3246 4107 3313 4147 eo
3361 4093 3483 4149 loco
3535 4096 3605 4149 ad

2029 4195 2190 4251 quem
2242 4180 2591 4235 festinamus.
2624 4179 2727 4234 Per
2756 4191 3096 4248 potentatum
3132 4198 3264 4239 vero
3309 4185 3429 4251 Dei,
3461 4187 3604 4240 divi-

2030 4289 2158 4327 nam
2208 4273 2469 4342 intelligit
2498 4272 2824 4342 potentiam,
2861 4274 3023 4330 veluti
3062 4274 3414 4341 immensam,
3439 4286 3603 4347 atque

2029 4364 2313 4419 invictam.
2375 4361 2707 4418 Dominatur
2741 4372 2922 4420 autem
2980 4363 3124 4420 Deus
3183 4373 3292 4420 tam
3346 4369 3607 4437 praesenti

2033 4472 2200 4526 quam
2231 4455 2417 4511 futuro
2441 4456 2666 4522 sazculo,
2698 4457 2867 4511 veluti
2919 4457 2990 4523 is,
3021 4458 3181 4528 cujus
3220 4473 3445 4529 regnum
3482 4459 3605 4514 inii-

2037 4549 2209 4603 nilum
2243 4560 2346 4604 est.

2113 4640 2267 4695 Oculi
2299 4641 2415 4710 ejus
2442 4640 2495 4694 in
2519 4649 2696 4711 gentes
2723 4642 3043 4711 respiciunt.
3081 4643 3366 4715 Tanquam
3418 4648 3484 4703 ad
3513 4664 3608 4705 eos

2041 4745 2184 4800 quos
2216 4730 2271 4784 in
2328 4731 2702 4786 limreditatem
2739 4741 2825 4786 est
2852 4749 3236 4803 possessurus,
3275 4748 3329 4792 et
3363 4739 3611 4795 vindica-

2041 4830 2200 4877 turus
2231 4838 2327 4893 per
2362 4824 2546 4878 ﬁdem.
2584 4821 2865 4893 Agnoscas
2922 4825 3112 4894 igitur,
3164 4841 3197 4881 ο
3225 4826 3437 4895 Judme,
3472 4846 3616 4900 quo-

2046 4913 2207 4968 modo
2259 4916 2657 4983 protectionem
2689 4925 2742 4967 et
2768 4915 3078 4970 custodiam
3113 4932 3271 4971 suam
3308 4917 3452 4977 Deus
3490 4937 3520 4976 a
3563 4932 3613 4977 te

2045 5005 2242 5059 avertit
2272 5006 2347 5072 (et
2378 5004 2442 5057 ad
2472 5014 2663 5073 gentes
2690 5006 3016 5075 transtulit).

2117 5095 2220 5159 Qui
2270 5106 2606 5162 exasperant,
2669 5113 2769 5149 non
2830 5099 3134 5152 exaltentur
3188 5103 3239 5154 in
3293 5104 3612 5171 semetipsis.

2048 5184 2204 5252 Quod
2229 5185 2500 5255 reliquum
2538 5195 2645 5252 est,
2699 5188 2899 5257 inquit,
2939 5189 3108 5244 Judaai
3154 5192 3209 5244 in
3238 5193 3458 5261 seipsis,
3509 5195 3614 5248 hoc

2016 5284 2146 5339 est,
2186 5275 2329 5344 apud
2369 5277 2581 5346 seipsos
2612 5292 2721 5331 non
2771 5281 3075 5344 cierentur,
3131 5283 3287 5351 quasi
3348 5285 3451 5337 soli
3502 5284 3605 5354 ipsi

2044 5367 2176 5430 sint,
2217 5368 2309 5436 qui
2343 5382 2371 5419 a
2406 5368 2512 5421 Deo
2561 5370 2673 5422 sint
2722 5373 2948 5439 cogniti.
2983 5373 3387 5428 Exaeerbantes
3423 5385 3608 5431 autem

2045 5472 2141 5512 eos
2168 5458 2427 5527 appellat,
2463 5458 2631 5513 veluti
2662 5461 2761 5540 qui
2814 5475 3033 5529 semper
3058 5464 3480 5519 murmurabant
3511 5467 3613 5523 adu

1702 5566 1899 5627 Variae
1938 5568 2265 5633 lectiones.

447 5667 557 5735 (9.5)
592 5668 669 5719 Ad
703 5668 927 5721 verbum
959 5686 973 5721 :
1008 5666 1085 5719 Ea
1130 5683 1288 5736 porro
1337 5666 1601 5720 miracula
1632 5682 1749 5735 qua:
1800 5669 1852 5719 in
1879 5685 1938 5722 eo

369 5739 548 5793 reditu
572 5741 718 5807 [acta
749 5747 871 5791 sunt
898 5739 951 5790 in
974 5740 1278 5791 memoriam
1307 5747 1513 5792 revocat
1538 5737 1666 5799 Deo,
1699 5738 1761 5789 ob
1800 5740 1941 5791 redi-

615 5839 891 5899 PATROL.
921 5841 1041 5900 Gn.
1072 5837 1167 5899 CX
1182 5835 1408 5899 XVIII.

2053 5683 2163 5755 tum
2191 5680 2239 5725 et
2277 5674 2405 5755 ipsis
2429 5675 2862 5755 propositttirt,_ut
2889 5676 2959 5729 ad
2989 5677 3123 5730 illud
3152 5682 3438 5750 exemptum
3469 5702 3614 5755 pra:-

2049 5752 2244 5796 sentem
2278 5746 2406 5811 ipsis
2430 5747 2655 5799 reditum
2689 5746 2897 5814 facilem
2932 5755 3158 5808 sternet.

3104 5842 3173 5913 21
