4070 6224
488 173 589 238 651

1679 173 2058 232 ΕΗΤΗΥΜΠ
2105 172 2462 232 ZlGABENI

3612 172 3724 234 652

481 303 671 342 versus
709 287 896 347 Deum,
935 293 1093 354 atque
1119 283 1164 337 ci
1193 284 1660 338 contradichant.
1701 283 1961 338 Similiter
1988 294 2040 338 ct

2146 284 2200 337 δὲ
2221 285 2515 354 προφῆται,
2534 278 2698 335 οἷκον
2712 284 3260 349 ,ταρίιπικριιίνοντα
3272 285 3493 347 τούτους
3505 286 3730 356 ὠνόμα-

482 380 569 432 alii
608 379 884 448 prophetae
916 377 1318 429 exacerbautem
1339 376 1548 429 domum
1571 390 1664 430 eos
1692 376 2049 445 appellavere.

485 467 574 521 Vel
603 469 782 530 aliter,
813 466 982 520 διιὼτὶ
1013 467 1087 519 illi
1121 467 1510 521 exacerbantes
1537 466 1641 519 dici
1672 475 1903 535 possunt
1932 468 2048 536 (seu

481 561 686 630 potius,
719 567 778 610 ιιι
807 557 995 612 Graeca
1034 557 1204 611 dictio
1257 557 1430 627 magis
1491 558 1705 626 proprie
1758 556 2049 626 signiﬁcat,

479 647 897 718 amaricantes),
926 650 1018 718 qui
1068 649 1293 703 Christo
1325 649 1378 700 in
1407 649 1587 702 cibum
1641 649 2047 702 amarissimum

476 743 549 797 fel
590 743 884 806 dederunt,
934 751 989 794 et
1031 749 1246 794 acetum
1313 741 1365 793 in
1422 748 1628 808 potum.
1685 739 2050 808 IEnigmatica

478 843 685 895 autem,
718 841 880 900 atque
901 831 1191 890 admodum
1219 831 1450 884 obscura
1480 838 1608 885 sunt
1632 829 1744 884 bare
1766 829 2052 899 PrOphet:e

475 924 667 987 verba,
699 923 776 979 ob
829 938 921 978 eas
981 923 1243 977 .rationes
1301 937 1434 990 quas
1497 922 1621 975 alibi
1683 922 2052 990 prardiximus.

2155 394 2270 429 σαν.
2307 377 2416 427 Καὶ
2454 377 2628 438 ἄλλως
2661 375 2716 428 δὲ
2769 376 3010 442 λέγοιντο
3057 375 3123 428 ἂν
3157 378 3725 448 παραπικραινοντες,

2147 467 2222 529 ὡς
2251 467 2544 528 δεδωκότες
2571 467 2648 529 εἰς
2679 465 2740 518 τὸ
2771 465 2968 536 βρῶμα
2995 468 3087 520 τοῦ
3120 468 3358 537 Χριστοῦ
3394 469 3587 539 χολήν·
3619 474 3726 523 καὶ

2147 562 2227 621 εἰς
2259 559 2357 627 τὴν
2382 559 2538 626 δίψαν
2560 559 2724 612 αὑτοῦ
2758 560 3077 623 ποτεσαντες
3104 562 3265 614 αὑτὸν
3291 562 3432 627 ὅξος.
3452 565 3732 631 Αἰνιγμα-

2147 650 2290 719 τώδη
2315 651 2370 702 δὲ
2406 651 2472 702 τὰ
2490 651 2805 720 προφητικὰ
2832 653 2924 704 καὶ
2953 653 3161 722 ἀσαφῆ,
3186 653 3254 704 δι’
3281 654 3347 716 ἃς
3375 658 3725 723 προέφημεν,

2152 740 2332 802 αἰτίας
2360 757 2372 770 ’
2407 742 2468 793 σὺ
2495 740 2552 792 δὲ
2585 743 3125 812 παραπικραίνοντας
3157 745 3281 810 λέγε
3303 785 3318 809 ,
3353 745 3448 797 καὶ
3473 745 3539 796 τὰ
3571 744 3676 813 βάρ
3699 775 3724 785 ο

2155 833 2298 902 ϐαρα
2329 831 2479 902 ἔθνη,
2517 831 2611 885 καὶ
2640 832 2765 895 τοὺς
2796 833 3234 904 δαίμονας,ἕχων
3257 835 3450 905 ἔφορον
3489 835 3726 888 σεαυτοῦ

2156 922 2246 975 τὸν
2280 924 2434 979 Θεόν.

477 1015 803 1085 Quicunque
833 1009 994 1069 eiiam
1037 1015 1198 1067 fuerit
1233 1013 1429 1078 ﬁdelis,
1459 1015 1550 1082 qui
1595 1012 1764 1067 Deum
1808 1013 1890 1065 sui
1927 1013 2204 1066 custodem
2246 1017 2466 1084 habeat,
2501 1018 2894 1073 exacerbantes
2914 1020 3185 1089 appellare
3217 1028 3398 1090 potest
3437 1034 3546 1073 tam
3571 1021 3726 1090 ipsos

478 1108 769 1171 daemones,
805 1119 968 1173 quam
1005 1104 1248 1157 inimicas
1275 1119 1337 1158 ac
1366 1104 1628 1159 barbaras
1661 1112 1869 1173 gentes.

564 1199 732 1252 Vens.
774 1197 827 1250 8.
893 1195 1231 1260 Benedicite,
1295 1206 1488 1264 gentes,
1559 1193 1720 1247 Deum
1799 1203 2056 1247 nostrum.

461 1291 664 1345 Gentes
714 1287 871 1351 dico,
925 1289 992 1339 ad
1056 1301 1191 1354 quas
1238 1285 1482 1340 custodia
1546 1293 1597 1338 et
1657 1286 1925 1352 protectio
1966 1283 2056 1337 Dei

479 1378 850 1450 pertransivit.

549 1470 618 1524 Et
656 1469 900 1523 auditam
931 1470 1092 1538 facite
1143 1484 1313 1522 vocem
1364 1468 1540 1521 laudis
1599 1468 1734 1536 ejus.
1793 1466 1905 1521 Hoc
1967 1480 2051 1522 est

2228 1196 2568 1264 Εὐλογεῖτε,
2603 1197 2770 1264 ἔθνη,
2813 1197 2919 1250 τὸν
2951 1200 3099 1251 Θεὸν
3129 1197 3317 1267 ἡμῶν.
3353 1196 3522 1266 "Elius;
3563 1197 3649 1266 ἐφ’
3684 1199 3725 1251 ἃ

2158 1289 2391 1356 μετέστη
2435 1290 2466 1358 ἡ
2501 1289 2776 1359 ἐπισκοπὴ
2804 1291 2896 1342 τοῦ
2925 1290 3083 1342 Θεοῦ.

2221 1470 2329 1523 Kal
2408 1470 2770 1523 ἀκουτῖσατε
2843 1469 2957 1534 τὴν
3013 1470 3222 1539 φωνὴν
3262 1470 3368 1539 τῆς
3432 1472 3726 1535 αἰνέσεως

478 1559 670 1627 majori
727 1573 861 1612 voce
896 1557 1164 1612 extollitc.
1221 1557 1317 1610 Vel
1352 1557 1591 1610 eruditam
1647 1559 1806 1610 tacite
1859 1573 2043 1610 vocem

2151 1561 2358 1616 αὑτοῦ.
2390 1562 2688 1631 Ἀκουστὴν
2706 1565 2967 1632 ποιήσατε
2994 1579 3007 1593 ·
3035 1563 3336 1626 τουτέστιν,
3365 1563 3596 1632 ἐξάρατε
3625 1580 3725 1633 με·

475 1647 657 1702 lautlis
692 1647 759 1703 iis
790 1646 1126 1712 hominibus,
1155 1648 1246 1716 qui
1291 1656 1411 1716 post
1445 1663 1540 1701 vos
1575 1647 1748 1700 futuri
1779 1657 1940 1700 sunt.

545 1825 714 1881 Vens.
750 1827 802 1882 9.
834 1825 938 1892 Qui
969 1828 1144 1892 posuit
1174 1829 1406 1880 animum
1441 1845 1607 1881 meam
1631 1828 1699 1880 ad
1730 1830 1911 1881 vitam.
1945 1827 2046 1882 Per

473 1922 638 1972 vitam
687 1918 1002 1972 libertatem
1066 1921 1339 1989 intelligit,
1382 1922 1640 1988 quoniam
1700 1922 1955 1987 servitus,
1990 1929 2047 1974 ut

472 2008 752 2075 sapientes
783 2007 991 2073 dicunt,
1026 2010 1186 2062 morti
1221 2011 1417 2064 similis
1450 2021 1553 2066 est.

543 2097 608 2150 Et
656 2099 748 2168 qui
774 2114 874 2151 non
905 2098 1045 2152 dedit
1076 2101 1128 2152 in
1154 2100 1549 2168 ﬂuctuationem
1576 2103 1730 2170 pedes
1757 2118 1916 2156 meos.
1944 2101 2044 2168 Qui

470 2187 938 2241 conversationem
999 2203 1062 2243 ac
1104 2191 1265 2241 vitam
1303 2206 1478 2242 meam
1507 2206 1534 2242 a
1567 2192 1767 2260 pietate
1827 2206 1888 2244 ac
1917 2190 2046 2244 reli-

471 2281 636 2347 gione
661 2280 728 2333 ad
758 2281 1090 2349 impietatem
1134 2282 1368 2349 perverti
1405 2298 1510 2335 nou
1542 2283 1811 2351 permisit.

543 2369 710 2424 Vsus.
736 2371 821 2423 ιο.
849 2370 1112 2436 Quoniam
1132 2371 1369 2436 probasti
1398 2389 1514 2434 nos,
1542 2371 1698 2424 Deus.
1739 2372 1861 2424 Haec
1885 2369 2045 2423 verba

471 2460 950 2531 praestantissimis
1003 2461 1329 2529 quibusdam
1380 2462 1586 2514 salutis
1647 2459 2044 2514 accommodari

470 2563 730 2626 possunt,
769 2555 964 2624 quales
1014 2555 1166 2608 luere
1199 2553 1410 2618 Daniel,
1452 2563 1506 2606 et
1538 2567 1648 2608 tres
1675 2555 1848 2622 pueri,
1875 2562 1926 2607 et
1955 2551 2043 2604 alii

470 2647 812 2717 huiusmodi.
852 2646 1060 2700 Deinde
1084 2653 1446 2700 connumerat
1479 2661 1677 2715 genera
1717 2645 2043 2714 disciplinae.

467 2737 725 2794 Probasti
782 2753 900 2804 nos,
938 2738 1218 2807 inquiunt,
1255 2738 1308 2790 in
1345 2737 1765 2802 tentationihus,
1805 2739 1905 2790 boc
1938 2746 2042 2802 est,

477 2830 830 2901 Exquisivisti
890 2844 1133 2898 quonam
1200 2829 1361 2884 modo
1406 2829 1566 2882 iidem
1611 2843 1676 2882 ac
1730 2829 2042 2897 patientiam

469 2926 819 2978 haberemus.

546 3013 677 3082 Igne
717 3030 809 3066 nos
845 3014 1165 3066 examinastt
1206 3022 1341 3065 sicut
1374 3014 1712 3066 examinatur
1744 3023 2041 3082 argentum.

473 3107 587 3160 lioc
636 3113 875 3174 propter
929 3107 1206 3158 caminum
1269 3105 1410 3174 ignis
1458 3105 1664 3157 dictum
1715 3114 1819 3167 est,
1855 3105 1904 3156 iu
1940 3120 2045 3171 quo

470 3201 694 3252 luerunt
741 3208 850 3250 tres
887 3194 1064 3264 pueri.
1123 3193 1423 3248 Possumus
1471 3196 1632 3249 etiam
1689 3212 1782 3264 per
1841 3197 2040 3264 ignem,

468 3292 647 3360 ipsam
692 3287 1102 3341 tribulationem
1161 3295 1324 3356 atque
1361 3286 1735 3340 calamitatum
1768 3285 2041 3340 ﬂammam

469 3382 793 3452 intelligere.

540 3471 707 3526 Vens.
740 3472 823 3526 ll.
857 3470 1131 3524 lniiuxisti
1159 3488 1250 3524 nos
1289 3471 1340 3524 in
1370 3471 1634 3540 laqueum.
1678 3469 1789 3523 lloc
1824 3477 2044 3538 propter

467 3565 649 3618 lacum
693 3564 910 3617 leonum
972 3562 1176 3616 dictum
1241 3562 1475 3624 videtur.
1519 3563 1570 3615 in
1631 3578 1793 3632 quem
1859 3562 2042 3615 Daniel

469 3657 758 3710 immissus
791 3665 876 3709 est
912 3673 922 3708 :
967 3655 1183 3709 tametsi
1216 3669 1378 3709 omne
1412 3655 1561 3710 aliud
1613 3654 1929 3710 atllictionis
1954 3671 2042 3725 ge-

470 3764 578 3803 nus
616 3749 846 3818 intelligi
882 3749 1075 3818 possit.

539 3841 782 3895 Posuisti
817 3839 1190 3895 tribulationes
1219 3841 1274 3893 in
1307 3839 1462 3892 dorso
1495 3849 1698 3893 nostro.
1741 3839 1931 3911 Plagas
1965 3842 2044 3894 ui-

465 3934 668 3986 mirum
702 3940 756 3984 et
783 3932 1033 3992 verbera,
1069 3931 1270 3999 quibus
1297 3929 1701 3998 premebamur.
1733 3927 2042 3984 Verisimile

467 4034 550 4077 cst
588 4032 773 4076 autem
811 4037 906 4076 eos
931 4023 1252 4075 verberibus
1289 4036 1436 4091 ειυρο
1462 4021 1633 4074 fuisse
1664 4020 1914 4073 alllictos.
1944 4019 2041 4073 Vel

468 4130 565 4183 per
600 4113 1012 4176 tribulationes,
1050 4127 1213 4166 omne
1245 4111 1624 4166 calamitatum
1660 4122 1836 4177 genus
1872 4107 2042 4175 signi-

467 4207 614 4269 ﬁcat,
658 4221 752 4274 per
789 4205 1014 4259 dorsum
1049 4213 1252 4266 autem,
1309 4210 1484 4255 totum
1520 4199 1822 4262 hominem,
1873 4199 2039 4252 veluti

467 4306 643 4351 totum
669 4311 699 4348 a
733 4305 909 4365 parte.

536 4387 845 4457 Imposuisti
865 4387 1098 4439 homines
1130 4400 1285 4451 super
1309 4384 1482 4451 capita
1509 4392 1716 4437 nostra.
1747 4380 2039 4450 Subjecisti

470 4496 568 4536 nos
597 4479 831 4534 inimicis
863 4478 1092 4542 nostris,
1125 4476 1438 4545 dedistiquc
1499 4476 1601 4541 eis,
1638 4483 1695 4528 ut
1747 4473 2042 4528 conculca--

473 4587 678 4627 remur.
723 4569 1131 4638 Metaphoricus
1169 4569 1310 4622 enim
1363 4581 1544 4622 sermo
1571 4575 1680 4620 est.
1710 4564 1850 4618 Olim
1887 4580 2039 4617 nam-

468 4679 575 4733 que
600 4677 757 4732 reges
778 4661 872 4731 qui
895 4661 1112 4730 aliquos
1137 4660 1477 4723 dcviccrant,
1505 4657 1752 4714 solebant
1777 4657 1832 4711 in
1851 4657 2044 4710 trium-

471 4757 592 4825 phis
627 4757 967 4824 Captivorum
997 4755 1176 4824 capita
1209 4754 1558 4808 conculcarc.

543 4844 706 4899 Vens.
754 4845 839 4898 12.
883 4844 1248 4897 Τι’νιιιδίυἱηιιιε
1280 4860 1372 4912 per
1402 4844 1573 4914 ignem
1605 4852 1654 4895 et
1683 4857 1900 4911 aquam.
1937 4837 2044 4892 Per

472 4940 658 5010 ignem
692 4948 746 4992 ct
781 4954 1004 5008 aquam,
1045 4938 1224 4992 varias
1275 4939 1622 4992 calamitates
1674 4935 1944 5006 intellige,
1991 4943 2042 4987 et

469 5033 599 5102 quia
632 5032 872 5086 animam
902 5031 1223 5092 incendunt,
1249 5038 1302 5084 et
1335 5029 1462 5098 quia
1495 5028 1818 5098 demergunt
1849 5039 1900 5080 et
1926 5025 2042 5080 suf-

470 5123 677 5178 focant.
711 5123 856 5176 lllud
897 5120 1250 5191 qumrendum
1296 5121 1537 5181 videtur,
1588 5135 1686 5173 cur
1716 5119 1883 5172 Deum
1940 5129 2039 5184 po-

470 5218 582 5271 tius
611 5224 875 5271 accusent
921 5211 1117 5280 Judaﬁ,
1173 5213 1333 5282 eique
1389 5212 1760 5267 calamitatum
1813 5222 2033 5260 suarum

470 5322 694 5362 causam
726 5308 1029 5371 aseribant,
1087 5305 1272 5375 potius
1305 5319 1467 5375 quam
1506 5299 1822 5371 Babyloniis
1852 5313 1878 5349 a
1914 5295 2038 5365 qui-

2150 1656 2601 1724 γαλοςρωνότερον
2631 1673 2642 1684 ·
2705 1655 2737 1725 ἢ
2774 1655 3068 1708 ἐνωτίσατε
3098 1656 3304 1724 ταύτην
3337 1658 3419 1718 εἰς
3442 1657 3572 1718 τοὺς
3598 1654 3724 1725 μεθ’

2153 1747 2320 1816 ὑμᾶς.

2225 1838 2333 1891 Τοῦ
2369 1838 2619 1906 θεμένου
2658 1837 2771 1903 τὴν
2799 1838 3011 1905 ψυχήν
3031 1855 3149 1905 μου
3181 1840 3266 1902 εἱς
3300 1837 3470 1903 Cliniae.
3511 1838 3666 1891 Ἐπεὶ
3687 1839 3730 1904 ἦ

2146 1929 2360 1984 δουλεία
2392 1930 2605 2001 Θανάτῳ
2635 1931 2920 1994 ἐοικεν,ὼ;
2953 1933 3000 1982 οἱ
3034 1931 3358 1999 σοφοίφασι,
3411 1930 3558 1998 ζωὴν
3573 1929 3723 1997 λέγει

2147 2022 2262 2085 νῦν,
2291 2023 2391 2093 τὴν
2421 2021 2761 2091 ἐλευθερίαν.

2216 2116 2327 2170 Καὶ
2354 2115 2440 2185 μὴ
2469 2116 2681 2180 δόντος
2712 2118 2797 2180 εὶς
2827 2115 3025 2168 σάλον
3048 2115 3188 2179 τοὺς
3224 2114 3416 2180 πόδας
3449 2133 3592 2183 μου.
3614 2116 3723 2168 Καὶ

2151 2207 2224 2276 μὴ
2252 2208 2756 2277 παραχωρήσαντος
2790 2206 3011 2275 δοθῆναι
3055 2207 3136 2268 εἰς
3183 2207 3543 2276 παρατροπὴν
3569 2209 3725 2260 εὐσεο

2148 2297 2298 2358 Gaia;
2331 2300 2426 2366 τὴν
2463 2297 2738 2350 πολιτείαν
2781 2315 2907 2366 μου.

2219 2387 2348 2438 Ὀτι
2402 2386 2770 2453 ἐδοκίμασας
2828 2386 3004 2456 ἡμᾶς,
3053 2391 3087 2441 ὀ
3127 2389 3292 2454 Bede.
3362 2389 3728 2458 Προηγουμέο

2146 2496 2252 2540 νως
2285 2478 2396 2548 (26)
2431 2477 2538 2528 ἀπὸ
2573 2477 2680 2528 τῶν
2713 2478 2985 2546 ἐναρέτων
3017 2481 3044 2530 ὁ
3073 2478 3253 2545 λόγος,
3271 2475 3382 2530 οἷον
3403 2478 3495 2530 τοῦ
3521 2479 3726 2547 Δανιὴλ

2147 2571 2242 2622 καὶ
2280 2569 2444 2638 τριῶν
2493 2569 2719 2630 παίδων,
2773 2570 2862 2620 καὶ
2915 2568 3024 2620 τῶν
3057 2568 3336 2621 τοιούτων.
3387 2569 3727 2637 Καταλέγων

2097 2689 2106 2696 -
2147 2662 2211 2714 τὰ
2249 2662 2360 2730 εἴδη
2388 2662 2484 2730 τῆς
2516 2660 2768 2722 παιδείας
2794 2677 2807 2690 ο
2843 2661 3204 2730 Ἐδοκίμασας
3239 2663 3408 2731 ἡμᾶς,
3439 2662 3627 2731 φησὶν,
3663 2664 3725 2715 ἐν

2146 2755 2257 2814 τοῖς
2287 2754 2615 2821 πειρασμοῖς
2637 2768 2650 2780 '
2677 2752 2971 2816 τουτέστιν,
3014 2752 3310 2822 Ἐξήτασας
3333 2753 3480 2816 ὅπως
3506 2754 3724 2823 ἔχωμεν

2149 2845 2384 2908 πίστεως
2416 2843 2510 2898 καὶ
2545 2845 2845 2912 ὑπομονῆς.

2230 3025 2578 3091 Ἐπύρωσιις
2600 3024 2754 3092 ἡμᾶς
2787 3024 2980 3089 καθὼς
3009 3025 3301 3092 πιλιροῦται
3329 3025 3392 3078 τὸ
3414 3026 3718 3094 ἀργύριον.

2149 3115 2317 3166 Τοῦτο
2347 3116 2436 3166 διὰ
2469 3115 2567 3185 τὴν
2590 3116 2917 3180 ἐξαφοείταν
2948 3119 3058 3179 τοῖς
3088 3119 3235 3188 τρισὶ
3261 3119 3418 3172 παισὶ
3442 3120 3670 3186 κάμινον
3695 3129 3716 3150 ⁸

2148 3207 2230 3274 εἴη
2261 3204 2410 3259 δι’ἂν
2442 3209 2572 3274 πῦρ,
2602 3209 2694 3259 καὶ
2717 3208 2748 3275 ἡ
2773 3207 2902 3275 φλὸξ
2928 3209 3034 3260 τῶν
3067 3209 3326 3278 θλίψεων.

2215 3470 2551 3541 Εὶσήγαγες
2581 3473 2736 3541 ἡμᾶς
2768 3478 2855 3540 εις
2885 3476 2996 3541 τὴν
3025 3477 3269 3544 παγίδα.
3295 3478 3487 3540 Τοῦτο,
3515 3480 3602 3531 διὰ
3627 3479 3714 3532 τὸν

2145 3563 2349 3616 λάκκον
2385 3565 2493 3617 τῶν
2524 3565 2774 3628 λεόντων,
2807 3569 2885 3625 εὶς
2924 3568 2982 3619 ὃν
3013 3569 3272 3639 ἐνεϐλήθη
3307 3573 3334 3623 ὁ
3361 3571 3559 3641 Δανιήλ
3582 3587 3596 3601 ’
3631 3571 3719 3640 εἴη

2144 3655 2190 3708 δ’
2218 3655 2284 3708 ἂν
2310 3658 2406 3710 καὶ
2433 3659 2580 3710 πᾶσα
2615 3659 2810 3728 συνοχὴ
2837 3661 3155 3722 κακώσεως.

2221 3833 2402 3886 Ἕθου
2431 3832 2670 3899 θλίψεις
2694 3833 2792 3885 ἐπὶ
2829 3833 2936 3885 τὸν
2976 3835 3170 3888 νῶτον
3209 3836 3396 3904 ἡμῶν.
3430 3839 3718 3906 Missi-(at;

2146 3923 2458 3986 ῦλιὸούσας.
2510 3922 2672 3986 Εἰκὸς
2719 3925 2827 3994 γὰρ
2882 3927 3080 3990 αὐτοὺς
3141 3928 3234 3980 καὶ
3283 3929 3610 3986 τύπτεσθαι.
3649 3933 3721 3988 Ἦ

2146 4017 2355 4085 illicita;
2395 4018 2543 4086 λέγει
2570 4018 2637 4072 τὰ
2661 4019 2801 4090 βάρη
2837 4021 2947 4073 τῶν
2994 4025 3316 4092 πειρασμῶν
3343 4041 3358 4055 ·
3387 4024 3498 4095 (27)
3517 4026 3720 4092 νὼτους

2144 4109 2198 4162 δέ
2223 4109 2470 4174 ἑαυτοὺς,
2503 4109 2580 4173 ὡς
2610 4111 2717 4164 ἀπὸ
2753 4110 2954 4180 μέρους
2977 4113 3038 4165 τὸ
3063 4115 3197 4170 πᾶν.

2233 4376 2623 4443 Ἐπεϐίόασας
2643 4379 2992 4447 ἀνθρώπους
3012 4381 3108 4434 ἐπὶ
3124 4383 3229 4448 τὰς
3245 4383 3511 4452 κεφαλὰς
3530 4383 3717 4453 ἡμῶν.

2164 4470 2466 4536 Ὑπέταξας
2496 4472 2642 4540 ἡμᾶς
2669 4474 2782 4534 τοῖς
2812 4474 3026 4542 ἐχθροῖς
3047 4489 3060 4501 ⁸
3098 4474 3380 4528 πατεῖσθαι
3405 4478 3551 4544 ἡμᾶς
3585 4476 3718 4528 ἔδω-

2153 4580 2275 4626 κας.
2319 4563 2707 4633 Μεταφορικὸς
2735 4564 2791 4616 δέ
2819 4568 2846 4618 ὁ
2880 4565 3059 4634 λόγος.
3093 4565 3268 4619 Πάλαι
3299 4566 3406 4636 γὰρ
3430 4568 3538 4620 τῶν
3561 4568 3718 4636 βασι-

2149 4654 2286 4706 λέων
2328 4657 2376 4708 οἱ
2419 4655 2682 4718 νικῶντες
2723 4655 2972 4726 ἐχθροὺς,
3015 4657 3442 4728 Θριαμὸεύοντες
3483 4662 3719 4714 ἐπάτουν

2143 4748 2241 4810 τὰς
2277 4748 2518 4814 κεφαλὰς
2549 4747 2656 4798 τῶν
2681 4747 3106 4818 ἐζωγρημένων.

2213 4835 2545 4904 Διήλθομεν
2593 4836 2691 4888 διὰ
2741 4839 2928 4904 πυρὸς
2989 4841 3085 4891 καὶ
3143 4842 3381 4907 ὕδατος.
3443 4845 3559 4914 Πῦρ
3625 4848 3718 4896 καὶ

2145 4924 2308 4995 ὕδωρ,
2343 4925 2450 4978 νόει
2481 4925 2578 4988 τὰς
2598 4929 2902 4996 συμφοράς.
2932 4930 3103 4982 Τοῦτο
3129 4933 3243 5001 μὲν,
3277 4935 3351 4995 ὡς
3375 4937 3714 5005 ἐμπιμπρῶ-

2149 5035 2248 5080 σας
2301 5017 2398 5088 τὴν
2453 5019 2668 5089 ψυχήν·
2719 5021 2876 5073 τοῦτο
2923 5023 3000 5085 δὲ,
3053 5025 3129 5086 ὡς
3177 5026 3576 5090 ἐπικλυζούσας
3621 5030 3716 5080 xi:

2147 5107 2576 5175 ἀποπνιγούσας.
2612 5109 2793 5176 ’Ἄξιον
2841 5112 2895 5166 δὲ
2948 5113 3181 5184 ζητῆσαι
3217 5117 3355 5178 πῶς,
3388 5119 3499 5171 τῶν
3542 5119 3714 5172 Βαϐυ-

2144 5199 2350 5253 λωνίων
2378 5201 2574 5263 αὐτοὺς
2608 5206 3000 5267 κακωςάντων,
3042 5208 3194 5260 αὐτοὶ
3217 5209 3306 5260 τὸν
3331 5210 3462 5263 Θεὸν
3495 5211 3716 5263 αἰτιῶν-

2143 5309 2231 5344 ται
2267 5292 2468 5361 μᾶλλον
2494 5313 2507 5324 θ
2553 5295 2903 5364 Ἐπύρωσας
2936 5297 3113 5365 ἡμᾶς,
3153 5300 3421 5368 λέγοντες,
3462 5305 3558 5354 καὶ
3595 5305 3714 5356 εισι

1813 5474 2011 5538 V'arize
2037 5471 2366 5536 lectiones.

543 5581 654 5652 (26)
685 5584 765 5639 An
800 5583 905 5636 ἀπὶ
943 5599 1040 5652 pro
1073 5582 1219 5651 περί.

2216 5572 2324 5644 (9.7)
2360 5573 2542 5628 Graece
2582 5574 2952 5628 tcntationmn.
