4020 6218
422 203 548 270 ’655

1645 203 2034 264 EUTIIYMII
2081 205 2443 266 ZlGABENI

3576 213 3681 274 (353

435 335 572 377 vero
607 328 714 384 cst,
753 317 898 390 quod
959 299 1302 389 praepositio,
1363 318 1480 385 sub,
1534 319 1713 388 posita
1775 327 1859 372 cst
1914 333 1985 386 pri

2114 319 2381 389 τηρητέον
2436 319 2494 372 δὲ
2518 319 2617 392 τὴν
2648 320 2767 375 ὑπὸ
2803 319 3078 391 πρόθεσιν,
3100 319 3219 374 ἀντὶ
3247 322 3343 391 τῆς
3367 323 3436 376 ἐν
3469 326 3682 382 πάντως

431 412 832 484 praepositione
882 411 962 477 in,
994 424 1058 464 ac
1085 413 1130 464 si
1165 410 1412 465 diceret:
1461 410 1523 465 In
1549 410 1734 480 lingua
1767 425 1923 477 mea;
1954 425 1983 465 e

2111 409 2390 479 κειμένην,
2446 405 2558 464 οἷον
2618 410 2706 464 Ἐν
2733 415 2799 481 τῇ
2837 412 3057 482 γλώσσῃ
3090 430 3191 481 μιυ
3228 429 3241 443 ⁸
3275 414 3516 468 τοιοῦτόν
3565 420 3678 473 ἐστι

439 505 620 560 simile
645 513 749 568 est,
779 501 922 572 quod
953 503 1082 556 alibi
1113 502 1346 571 legimus
1375 520 1388 556 :
1427 501 1533 556 Sub
1561 503 1746 573 lingua
1777 504 1892 572 ejus
1923 504 2004 556 la-

422 596 534 650 -l’or
585 605 632 650 et
671 595 822 648 dolor
851 594 916 661 ³¹;
957 593 1086 649 item
1115 607 1131 647 :
1165 592 1430 649 Venenum
1462 595 1705 659 aspidum
1724 597 1817 648 sub
1849 595 2005 649 labiis

421 703 615 748 zearum
642 686 707 741 ³³.

508 782 672 835 Vsus.
718 778 802 834 l8.
848 779 1175 848 lnjustitiam
1230 781 1276 833 si
1322 781 1500 848 aspexi
1547 782 1600 835 in
1661 782 1816 836 corde
1867 798 2001 846 meo,

433 889 539 927 non
581 870 834 926 eraudiat
878 888 958 924 me
991 871 1269 926 Dominus.
1307 870 1561 938 Quando,
1601 873 1800 941 inquit,
1835 871 2000 927 Deum

432 963 716 1035 rogabam,
748 963 1017 1032 iniustum
1050 971 1182 1017 tunc
1211 972 1308 1018 aut
1345 963 1592 1034 iniquum
1631 963 1913 1033 quippiam
1948 963 1999 1016 in

431 1053 595 1109 corde
646 1069 770 1108 meo
816 1069 925 1108 non
978 1053 1440 1118 considerabam,
1495 1055 1852 1124 sermonique
1902 1069 2002 1108 suo

432 1144 703 1215 Propheta
757 1143 918 1198 ﬁdem
969 1143 1203 1207 faciens,
1251 1160 1347 1213 per
1378 1144 1852 1214 imprecationem,
1888 1144 1996 1197 ait:

431 1236 488 1290 Si
523 1233 838 1304 hujusmodi
881 1232 1116 1301 alicujus
1149 1234 1226 1287 rei
1257 1234 1388 1286 mihi
1419 1234 1494 1286 fui
1527 1233 1812 1297 conscius,
1854 1249 1998 1287 nun-

426 1340 589 1395 quam
629 1340 714 1380 me
741 1325 1102 1395 imposterum
1140 1321 1281 1378 Deus
1313 1323 1592 1388 exaudiat,
1624 1324 1845 1394 quando
1871 1340 1997 1379 eum

428 1415 718 1472 invocabo.
943 1420 946 1424 ’

497 1507 664 1562 Vsus.
707 1505 795 1560 l9.
855 1505 1146 1576 Propterea
1194 1507 1460 1560 exaudivit
1517 1523 1598 1560 me
1652 1505 1814 1563 Deus.
1856 1506 1998 1572 Quo-

424 1597 574 1652 niam
607 1596 819 1652 scilicet
850 1611 988 1667 puro
1024 1611 1088 1652 ac
1119 1597 1325 1652 mundo
1358 1598 1526 1653 corde
1570 1599 1618 1652 ei
1671 1615 1866 1668 preces
1899 1601 1998 1654 oh-

425 1691 548 1746 tuli.
605 1690 663 1745 Si
709 1689 916 1759 aliquid
966 1691 1033 1744 ab
1086 1704 1150 1744 eo
1185 1691 1353 1760 igitur
1385 1693 1739 1746 consecuturi
1780 1708 1992 1758 sumus,

423 1782 631 1837 munda
665 1797 769 1837 nos
797 1797 921 1836 cum
968 1782 1312 1837 conscientia
1339 1791 1557 1853 oportet
1591 1782 1659 1837 ad
1685 1773 1823 1839 eum
1869 1800 1986 1854 ευρ.

420 1873 690 1942 plicantes
723 1871 1004 1927 accedere.

493 1964 730 2018 Intendit
758 1964 870 2017 voci
929 1963 1186 2016 orationis
1216 1979 1365 2016 mete.
1405 1963 1597 2018 Simile
1626 1975 1711 2019 est
1738 1965 1882 2035 quod
1911 1967 1992 2020 le-

401 2057 602 2126 gimus
636 2056 692 2109 in
727 2055 893 2109 tertio
927 2054 1204 2110 versiculo
1235 2055 1413 2123 quinti
1446 2055 1662 2125 psalmi.

489 2145 660 2200 Vens.
698 2144 788 2199 20.
832 2144 1146 2199 Benedictus
1200 2145 1336 2200 Deus
1385 2147 1475 2216 qui
1509 2164 1611 2200 non
1640 2150 1830 2203 amovit
1864 2167 1990 2203 ora-

407 2239 611 2292 ‘tionem
648 2252 839 2290 meam.
865 2236 906 2288 A
952 2251 1034 2301 se,
1082 2236 1328 2305 inquam,
1363 2251 1482 2290 eam
1519 2252 1629 2292 non
1659 2241 1882 2293 amovit.

490 2325 557 2379 Et
589 2326 1008 2381 misericordiam
1038 2342 1188 2380 suam
1220 2343 1252 2378 a
1283 2342 1381 2380 me.
1429 2328 1472 2378 Α
1503 2330 1779 2382 communi
1820 2345 1986 2384 sensu

414 2419 746 2473 sumendum
779 2427 862 2472 est
891 2417 1118 2472 verbum
1151 2435 1164 2471 :
1196 2417 1316 2471 Non
1349 2421 1567 2485 amovit,

441 2511 710 2582 .Inﬁnem
752 2513 807 2564 in
848 2511 1054 2580 hymnis
1098 2509 1344 2563 Psalmus
1386 2510 1593 2564 Cantici
1625 2513 1726 2582 ipsi
1767 2514 1956 2570 David.

931 2687 1249 2743 PSALMUS
1290 2688 1474 2742 LXVI.

487 2782 553 2835 In
589 2782 744 2850 ﬁnem
781 2779 1129 2843 inscribitur,
1182 2780 1441 2848 quoniam
1492 2780 1582 2833 Dei
1619 2781 1778 2835 Verbi
1808 2783 1988 2837 incar-

416 2872 692 2926 nationem
732 2869 999 2940 praadicit,
1029 2870 1094 2922 ad
1124 2870 1283 2938 cujus
1317 2870 1477 2924 linem
1510 2872 1788 2940 respicere
1819 2875 1985 2929 lecto-

2109 500 2204 553 καὶ
2233 501 2292 553 τό
2314 517 2327 530 ·
2373 501 2508 555 Ὑπὸ
2552 502 2669 570 τὴν
2692 501 2984 572 γλῶσσαν
3014 505 3201 558 αὑτοῦ
3232 506 3420 572 κόπος
3453 509 3552 562 καὶ
3577 514 3682 565 κό-

2107 608 2212 656 νος
2231 608 2244 622 ·
2276 591 2370 644 καὶ
2395 592 2454 645 τό
2479 609 2494 624 ⁸
2538 592 2644 658 ἰὸς
2675 593 2953 647 ἀσπίδων
2981 597 3095 648 ὑπὸ
3124 596 3192 647 τὰ
3221 597 3394 664 χείλη
3416 613 3554 665 σου,
3588 602 3678 653 καὶ

2106 682 2176 734 τὰ
2199 681 2445 736 τοιαῦτα.

2189 774 2518 830 Ἀδικίανει
2566 777 2859 844 ἐθεώρουν
2888 776 2958 828 ἐν
2986 777 3200 844 καρδίᾳ
3245 796 3386 846 μου,
3429 780 3516 848 μὴ
3556 785 3678 837 είσο

2105 863 2421 918 ακουσάτω
2450 865 2685 933 Κύριος.
2737 866 2860 918 ’Ὁτι
2916 865 2994 931 δὲ,
3027 866 3184 935 φησὶ,
3213 868 3407 922 τοῦτον
3434 873 3677 940 παρεκά-

2104 949 2251 1016 λουν,
2279 951 2378 1003 οὐκ
2412 951 2681 1022 ἐθεώρουν
2714 954 2770 1006 ὲν
2800 956 2864 1023 τῇ
2898 954 3093 1026 καρδίᾳ
3121 972 3246 1025 μου,
3277 959 3476 1012 κακίαν
3521 963 3672 1014 τινά·

2103 1043 2197 1094 καὶ
2224 1041 2508 1095 πιστοῦται
2539 1047 2630 1095 τὸν
2655 1044 2810 1113 λόγον
2842 1044 3221 1115 ἐπαρώμενος,
3245 1049 3351 1114 ὅτι,
3372 1052 3432 1104 Ei
3465 1054 3672 1120 συνεγί-

2101 1152 2308 1187 νωσκον
2331 1137 2466 1206 αὐτῇ
2493 1137 2738 1190 τοιοῦτόν
2764 1155 2838 1203 τι,
2873 1136 2952 1208 μὴ
2999 1142 3378 1196 εἰσακουσὰτω
3429 1161 3532 1214 μου
3565 1145 3674 1200 Κύ-

2102 1245 2216 1295 ριος
2247 1229 2338 1282 τοῦ
2370 1227 2584 1295 λοιποῦ,
2613 1229 2803 1294 ὁσάκις
2851 1231 2916 1284 ἂν
2953 1231 3115 1285 αὑτὸν
3161 1232 3600 1306 ἐπικαλέσωμαι.

2173 1502 2277 1555 Διὰ
2308 1501 2484 1555 τοῦτο
2518 1501 2852 1571 είσήκουσέ
2877 1519 2998 1570 μου
3033 1503 3066 1556 ὀ
3119 1504 3283 1568 Θεός.
3336 1505 3482 1557 Διότι
3536 1506 3673 1574 μετὰ

2099 1594 2345 1664 καθαρᾶς
2363 1593 2590 1664 καρδίας
2618 1593 2866 1663 ἐδεόμην.
2906 1595 3026 1664 Χρὴ
3060 1595 3117 1648 δὲ
3144 1598 3240 1650 καὶ
3267 1598 3439 1667 ἡμᾶς,
3464 1598 3513 1649 εί
3548 1598 3672 1667 μὲλ-

2098 1685 2284 1755 λοιμεν
2311 1686 2702 1756 ἐπιτυγχάνειν
2755 1686 2888 1756 (Ξθ),
2926 1687 3063 1757 μετὰ
3095 1688 3340 1760 καθαροῦ
3372 1689 3671 1754 συνειδότος

2096 1776 2438 1845 παρακαλεῖν
2463 1777 2551 1830 τὸν
2585 1777 2718 1830 Θεόν
3650 1791 3658 1799 ·

2165 1962 2481 2028 Προσέσχε
2516 1961 2590 2030 τῇ
2615 1962 2789 2032 φωνῇ
2838 1962 2949 2030 τῆς
2979 1962 3244 2032 δεήσεώς
3268 1981 3410 2032 μου.
3446 1964 3670 2034 Ὅμοιόν

2093 2053 2210 2104 ἐστι
2234 2052 2313 2124 τῷ
2334 2052 2502 2123 τρίτῳ
2530 2054 2697 2123 στίχῳ
2727 2052 2821 2105 τοῦ
2857 2054 3112 2122 πέμπτου
3169 2053 3408 2123 ψαλμοῦ.

2163 2142 2509 2212 Εὐλογητὸς
2562 2146 2594 2197 ὁ
2644 2143 2827 2210 Θεὸς,
2903 2143 2970 2210 ὃς
3025 2147 3136 2199 οὐκ
3187 2144 3498 2213 ἀπέστησε
3555 2143 3668 2211 τὴν

2092 2231 2445 2301 προσευχήν
2470 2249 2609 2300 μου.
2647 2232 2764 2300 Ἀφ’
2792 2233 2983 2286 ἑαυτοῦ
3008 2234 3273 2302 δηλονότι.

2163 2325 2272 2377 Καὶ
2303 2325 2369 2377 τὸ
2399 2325 2573 2388 ἔλεος
2599 2325 2785 2378 αὐτοῦ
2819 2323 2920 2378 ἀπ’
2955 2324 3124 2394 ἐμοῦ.
3167 2325 3300 2378 Ἀπὸ
3328 2326 3511 2379 κοινοῦ
3539 2327 3665 2381 κάν-

2099 2414 2283 2480 ταῦθα,
2312 2415 2395 2480 τὸ,
2433 2416 2532 2481 ’ος
2565 2418 2679 2470 οὐκ
2709 2415 3082 2483 ἀπέστησεν.

2160 2507 2266 2569 Εἰς
2322 2505 2387 2558 τὸ
2416 2506 2592 2570 τέλος
2637 2504 2708 2558 ἐν
2757 2507 2967 2575 ὕμνοις
3024 2508 3270 2578 Ψαλμὸς
3315 2509 3474 2578 ᾠδῆς
3519 2510 3599 2574 τῷ

2789 2599 2986 2653 Δαϐίδ.

2632 2690 2926 2744 ΨΑΛΜΟΣ
2971 2688 3109 2757 squ

2162 2781 2206 2831 E
2232 2796 2258 2841 ς
2289 2780 2353 2832 τὸ
2386 2778 2561 2846 τέλος
2598 2780 2722 2850 μὲν,
2744 2781 2826 2834 ὅτι
2852 2780 3224 2851 προκηρύττει
3247 2783 3340 2834 τοῦ
3369 2783 3543 2851 Λόγου
3571 2789 3663 2838 καὶ

2088 2869 2224 2922 Θεοῦ
2255 2871 2352 2941 τὴν
2387 2872 2803 2942 ὲνανθρώπησιν
2825 2887 2838 2902 °
2875 2867 2943 2944 ἦς
2972 2891 3116 2935 τινος
3154 2876 3232 2936 είς
3255 2874 3314 2925 τὸ
3345 2874 3499 2937 τέλος
3524 2876 3661 2942 ἀφο-

414 2963 744 3032 rcmjubct:
781 2963 834 3015 in
866 2962 1072 3030 hymnis
1099 2975 1252 3023 vero,
1289 2961 1419 3030 quia
1455 2962 1789 3016 laudandum
1829 2965 1977 3017 illum

2091 2962 2189 3030 ρᾷν
2220 2961 2538 3014 ὑποτίθεται
2575 2962 2701 3024 τοὺς
2725 2960 3178 3029 ἐντυγχάνοντας.
3226 2961 3322 3014 Ἐν
3349 2962 3557 3031 ὕμνοις
3583 2961 3659 3025 δὲ,

411 3071 536 3110 esse
565 3054 844 3108 admonet.
877 3052 1016 3116 Quid
1065 3060 1247 3105 autem
1281 3055 1354 3106 sit
1381 3053 1614 3121 psalmus
1641 3057 1858 3119 cantici,
1903 3058 1983 3111 di-

323 3197 342 3218 ί
413 3147 595 3199 ximus
625 3143 678 3196 in
713 3142 976 3212 prominio
1009 3141 1212 3210 operis.
1487 3142 1493 3149 ’

490 3315 730 3376 Vsas.2.
773 3315 911 3375 Deus
933 3316 1243 3373 misereatur
1274 3319 1473 3388 nostri,
1498 3327 1547 3376 et
1586 3318 1862 3377 benedicat
1893 3341 1987 3378 no-

402 3418 513 3469 .bis.
546 3413 861 3468 Praevidens
889 3411 1160 3481 PrOpheta
1191 3411 1388 3466 divina
1427 3414 1836 3468 incarnationis
1870 3431 1986 3484 my-

406 3507 672 3571 s1erium,
704 3504 992 3574 adimpleri
1045 3503 1341 3572 supplicat,
1395 3505 1541 3574 quod
1598 3506 1878 3574 praevidet.
1921 3509 1986 3563 Et

415 3597 590 3667 primo
615 3595 832 3665 quidem
866 3594 1035 3647 Deum
1068 3594 1236 3662 petit;
1275 3604 1334 3648 ut
1373 3595 1627 3648 humanae
1658 3598 1986 3651 misereatur

413 3696 641 3751 naturae,
691 3702 814 3754 qua:
846 3684 948 3739 sub
1001 3699 1142 3738 saeva
1199 3685 1463 3738 daemonis
1499 3684 1848 3741 detinebatur
1903 3697 1984 3758 ty-

410 3777 639 3831 rannide
689 3794 702 3830 :
733 3774 928 3829 deinde
965 3774 1216 3829 benedici
1245 3775 1434 3840 etiam,
1465 3775 1570 3830 hoc
1598 3784 1706 3840 est,
1741 3779 1984 3832 sanctiﬁ-

406 3866 523 3920 cari
551 3881 669 3922 eam
699 3873 875 3935 rogat.
903 3863 1044 3929 Ouid
1071 3872 1252 3917 autem
1279 3865 1350 3918 sit
1379 3863 1733 3931 benedicere,
1764 3863 1890 3921 vide
1921 3868 1975 3921 in

407 3957 600 4026 quinto
632 3955 905 4009 versiculo
942 3953 1136 4022 psalmi
1173 3970 1262 4006 xx.

477 4045 743 4113 Appareat
777 4043 947 4097 vultus
974 4045 1087 4111 ejus
1117 4058 1273 4111 super
1306 4061 1422 4098 nos.
1461 4043 1657 4101 Vultus
1683 4062 1779 4102 seu
1809 4047 1978 4106 facies

373 4176 380 4195 ._
406 4135 609 4201 Patris,
643 4133 818 4190 Filius
846 4143 954 4189 est.
986 4135 1092 4200 Qui
1128 4137 1256 4188 vidit
1289 4137 1458 4204 enim,
1490 4138 1684 4207 inquit,
1719 4156 1822 4205 me,
1850 4143 1979 4196 vidit

403 4237 451 4281 et
482 4225 699 4281 Patrem
727 4244 898 4281 meum
931 4228 994 4280 ³⁵.
1036 4226 1290 4297 Optantis
1323 4229 1490 4300 igitur
1523 4231 1576 4284 in
1610 4235 1981 4289 morem'Pro-

2085 3053 2166 3104 ὅτι
2195 3055 2288 3105 καὶ
2316 3055 2506 3125 ὑμνεῖν
2539 3054 2700 3106 αὑτὸν
2733 3052 3202 3124 παρακελεύεται·
3239 3053 3298 3105 τὸ
3324 3054 3379 3106 δὲ
3418 3055 3661 3123 Ψαλμὸς

2084 3145 2245 3214 ᾠδῆς
2271 3147 2810 3218 προηρμηνεύσαμεν
2838 3148 2896 3199 ἐν)
2921 3145 2998 3217 τῷ
3036 3146 3306 3218 προοιμίῳ
3326 3147 3422 3217 τῆς
3455 3147 3660 3215 παρού-

2089 3258 2186 3310 σης
2224 3240 2430 3308 βίϐλου.

2169 3331 2230 3383 '0
2280 3332 2423 3394 Θεὸς
2489 3330 2859 3398 οἰκτειρήσω
2930 3330 3122 3400 ἡμᾶς,
3183 3332 3279 3386 καὶ
3329 3334 3660 3404 εὐλογῆσαι

2085 3421 2262 3492 ἡμᾶς.
2300 3411 2668 3493 Προεγνωκὼς
2726 3425 2786 3476 τὸ
2838 3425 2936 3493 τῆς
2986 3424 3137 3488 Θείας
3190 3426 3658 3497 ὲνανθρωπήσεως

2089 3517 2408 3584 μυστήριον,
2443 3513 2663 3584 εὔχεται
2712 3515 3072 3584 πληρωθῆναι
3100 3517 3305 3587 ταύτην
3334 3534 3348 3547 ·
3383 3518 3476 3571 καὶ
3511 3520 3658 3587 πρῶ-

2084 3625 2174 3660 τον
2204 3607 2302 3678 μὲν
2356 3607 2766 3676 οἰκτειρηθῆναι
2800 3609 2900 3676 τὴν
2950 3609 3057 3661 τῶν
3114 3609 3420 3678 ἀνθρώπων
3469 3610 3654 3679 φύσιν,

2088 3693 2298 3764 πικρῶς
2324 3695 2766 3765 τυραννουμένην
2801 3697 2903 3748 ὑπὸ
2937 3695 3030 3748 τοῦ
3072 3696 3346 3751 διαϐόλου.
3403 3693 3538 3752 Εἶτα
3565 3701 3661 3750 εὑ-

2085 3785 2403 3854 λογηθῆναι,
2440 3784 2619 3838 εῐτουν
2665 3787 3013 3854 ἁγιασθῆναι.
3050 3789 3210 3856 Ζήτει
3255 3789 3312 3840 δὲ
3351 3789 3422 3841 τὰ
3454 3807 3658 3859 σημαι-

2085 3877 2283 3945 νόμενα
2332 3877 2430 3944 τῆς
2483 3877 2731 3944 εὐλογίας
2781 3879 2838 3929 ὲν
2870 3880 2936 3948 τῇ
2973 3878 3232 3948 ἐξηγήσει
3257 3879 3350 3933 τοῦ
3395 3879 3436 3934 ε’
3470 3882 3656 3952 στίχου

2084 3966 2177 4019 τοῦ
2206 3966 2453 4018 εἰκοστοῦ
2484 3966 2728 4034 ψαλμοῦ.

2171 4057 2482 4125 Ἐπιςρὰναι
2505 4060 2568 4111 τὸ
2593 4060 2921 4126 πρόσωπον
2937 4060 3124 4115 αὐτοῦ
3153 4062 3244 4131 ἐφ’
3273 4061 3450 4132 ἡμᾶς.
3480 4064 3658 4135 Πρόσ-

2083 4163 2233 4198 ωπον
2270 4147 2365 4199 τοῦ
2413 4149 2648 4217 Πατρὸς,
2675 4150 2703 4200 ὁ
2755 4149 2878 4212 Υἱός
2903 4165 2915 4179 ·
2967 4150 3030 4204 '0
3065 4151 3335 4219 ἑωρακώς
3387 4155 3520 4226 γὰρ,
3555 4173 3657 4224 φη-

2086 4235 2327 4305 σὶν,ἑμὲ,
2345 4236 2604 4303 ἑώρακεν
2625 4239 2732 4291 τὸν
2749 4239 2996 4307 Πατέρα.
3027 4239 3307 4305 Εὑκτικῶς
3331 4239 3424 4297 οῦν
3459 4263 3652 4315 φησιν,

376 4317 566 4387 ’pheta
598 4319 710 4372 ait:
756 4319 1022 4387 Appareat
1070 4316 1245 4371 vultus
1296 4325 1435 4386 ejus,
1491 4321 1595 4376 hoc
1626 4332 1730 4386 cst,
1765 4325 1974 4380 utinam

2094 4328 2409 4396 Ἐπιφάναι
2430 4346 2441 4358 ·
2478 4329 2778 4394 τουτέστιν,
2815 4331 3130 4404 Ἐπιφανείη
3156 4332 3217 4386 τὸ
3245 4335 3534 4405 πρόσωπον
3556 4341 3650 4389 τοῦ

403 4407 628 4464 illuceat
674 4407 835 4462 nobis
876 4407 1060 4462 vultus
1098 4406 1296 4472 Patris,
1344 4409 1464 4478 ipse
1518 4412 1736 4467 scilicet
1771 4414 1969 4483 Filius,

405 4516 506 4556 sua
537 4502 796 4556 nimirum
855 4499 1272 4555 incarnatione:
1309 4509 1364 4554 et
1399 4517 1566 4571 super
1603 4519 1702 4559 nos
1729 4505 1972 4571 illuceat,

403 4593 498 4662 qui
528 4593 583 4646 in
614 4600 762 4645 terra
795 4605 1008 4644 sumus.
1038 4587 1157 4652 Vel,
1205 4589 1391 4642 Vultus
1415 4590 1550 4658 ejus,
1585 4591 1686 4644 hoc
1711 4603 1818 4657 est,
1847 4596 1972 4648 vul-

402 4693 492 4738 tus
558 4682 764 4737 Christi
827 4682 1127 4735 secundum
1185 4697 1466 4738 carnem:
1547 4684 1660 4751 ipse
1715 4685 1971 4741 videlicet

400 4771 657 4827 Christus
686 4770 843 4824 nobis
875 4770 1119 4825 illuceat.

473 4861 540 4915 Et
578 4860 891 4913 misereatur
918 4863 1106 4914 nostri.
1140 4861 1232 4916 Bis
1263 4862 1433 4916 Deum
1465 4873 1622 4933 rogat
1653 4873 1710 4918 ut
1739 4865 1826 4919 sui
1865 4866 1969 4919 mi-

402 4962 650 5010 sereatur
680 4969 695 5018 ;
736 4953 904 5006 veluti
939 4963 1137 5022 optata
1168 4954 1242 5006 rei
1277 4954 1433 5009 valde
1465 4957 1721 5025 cupidus.

472 5127 640 5183 'Vt-tas.
676 5128 727 5181 5.
768 5127 827 5182 Ut
857 5137 1171 5197 cognoscant
1205 5129 1257 5179 in
1296 5136 1439 5180 terra
1464 5131 1601 5180 viam
1624 5139 1792 5183 tuam.
1826 5132 1962 5198 Hoc,

405 5218 606 5286 inquit,
641 5226 806 5286 atque
861 5217 993 5271 illud
1035 5217 1148 5270 ﬁeri
1183 5227 1334 5285 opto,
1371 5226 1428 5269 ut
1487 5217 1736 5272 homines
1784 5222 1877 5289 qui
1911 5223 1962 5273 in

450 5361 492 5390 ³³
526 5360 663 5416 Psal.
701 5362 876 5427 x,17.
951 5361 995 5393 ³⁸
1025 5358 1176 5412 Psal.
1215 5371 1338 5420 un,
1367 5357 1436 5423 5;
1469 5357 1586 5419 l59,
1618 5356 1670 5408 4.

2082 4422 2291 4491 Πατρὸς
2318 4458 2335 4484 ,
2387 4422 2561 4474 είτουν
2607 4424 2634 4474 ὁ
2664 4423 2810 4485 Υἱὸς,
2857 4424 2945 4491 ἐφ’
2967 4425 3114 4492 ἡμᾶς
3135 4426 3260 4488 τοὺς
3287 4427 3379 4478 ἐπὶ
3407 4427 3530 4496 γῆς,
3563 4428 3650 4480 διὰ

2082 4515 2432 4583 σαρκώσεως.
2481 4515 2550 4566 Ἦ
2600 4513 2695 4567 καὶ
2738 4513 2831 4566 τοῦ
2883 4516 3124 4584 Χριστοῦ
3179 4517 3238 4569 τὸ
3273 4519 3416 4571 κατὰ
3465 4521 3646 4590 σάρκα

2080 4603 2393 4673 πρόσωπον,
2430 4603 2458 4656 ὅ
2496 4603 2642 4656 ἐστιν
2670 4603 2832 4666 αὐτὸς
2857 4604 2998 4656 κατὰ
3040 4606 3398 4676 περίφρασιν.

2148 4865 2256 4917 Kal
2290 4864 2539 4928 ἐλεῆσαι
2569 4863 2748 4932 ἡμᾶς.
2797 4866 3004 4919 Ταύτὸν
3044 4869 3104 4920 τὺ
3152 4872 3498 4940 οἰκτειρήσαι
3559 4889 3638 4940 τῳ

2078 4955 2332 5018 ἐλεῆσαι
2371 4953 2482 5024 κὸο)
2508 4969 2522 4983 ⁸
2555 4955 2636 5017 δίς
2663 4951 2756 5007 οῦν
2791 4957 2906 5008 τόδε
2965 4958 3135 5026 λέγει,
3188 4960 3510 5031 γλιχόμενος
3552 4978 3645 5013 τυ-

2072 5050 2208 5116 χεῖν,
2244 5041 2304 5098 οὗ
2338 5046 2542 5115 ἐζήτει.
3366 5101 3371 5106 ,

2144 5133 2254 5187 Τοῦ
2283 5135 2501 5204 γνῶναι
2528 5137 2596 5190 ἐν
2634 5135 2708 5204 τῇ
2736 5137 2812 5206 γῇ
2847 5139 2961 5206 τὴν
2989 5139 3134 5193 ὀδόν
3160 5157 3295 5195 σου.
3335 5143 3454 5212 Eii},
3483 5145 3638 5214 φησι,

2069 5228 2211 5294 τόδε,
2242 5228 2338 5280 καὶ
2361 5228 2481 5279 τόδε
2510 5228 2600 5280 ἐπὶ
2624 5227 2701 5298 τῷ
2731 5229 2932 5298 γνῶναι
2987 5231 3114 5294 τοὺς
3173 5233 3232 5285 ὲν
3277 5236 3342 5302 τῇ
3398 5237 3491 5304 γῇ,
3541 5237 3639 5302 τὴν

1760 5358 1807 5388 ³⁸
1837 5356 1997 5413 Joan.
2035 5378 2146 5426 xw,
2173 5363 2226 5416 9.

1722 5449 1919 5509 Variae
1947 5451 2274 5515 lectiones.

472 5552 586 5619 (ἢεῖ)
615 5551 845 5606 Videtur
869 5549 1302 5606 snhamliendum
1333 5547 1500 5608 τινός.

475 5616 586 5690 (50)
620 5620 764 5672 Idem
797 5633 873 5674 es!
927 5621 1068 5676 enim
1113 5619 1450 5686 οἰκτειρήσαι
1509 5635 1570 5671 ac
1617 5616 1858 5689 ἐλεῆσαι,
1901 5626 1959 5670 ιιι

2118 5618 2173 5669 in
2205 5624 2373 5671 textu.
2405 5616 2558 5682 Quod
2593 5617 2843 5674 consulto
2875 5617 3062 5673 omisit
3092 5619 3381 5688 interpres.
