4020 6218
379 379 484 442 657

1534 384 1929 449 COMMENT.
1955 386 2038 447 IN
2067 386 2437 449 PSALMOS.

3512 398 3649 458 658‘

377 495 495 548 ὁδὸν
526 495 624 564 τῆς
644 494 920 561 πολιτείας
944 513 1059 563 δον,
1082 498 1148 569 ἢν
1175 499 1338 564 αὐτὸς
1369 500 1611 572 βαδίσας,
1641 503 1943 569 ὑποδείξεις

2063 517 2192 559 .erra
2214 510 2366 572 sunt,
2394 511 2730 576 cognoscant
2755 504 2893 560 viam
2926 505 3073 572 vitas,
3097 520 3159 560 ac
3184 507 3622 564 conversationis

378 590 489 651 τοῖς
526 587 817 658 μαθηταῖς.

460 768 565 821 Ἐν
596 767 786 822 πᾶσιν
807 769 1051 826 ἔθνεσιν
1085 774 1151 825 τὸ
1187 774 1488 843 σωτήριόν
1518 790 1657 832 σου.
1690 777 1798 830 Καὶ
1825 780 1951 842 τοὺς

380 859 436 909 ἐν
471 859 640 911 πᾶσιν
664 858 873 914 ἔθνεσιν
920 862 1241 934 ἀνθρώπους
1292 865 1405 938 (51)
1441 866 1539 938 τὴν
1570 868 1637 922 δι’
1679 870 1828 939 ἡμᾶς
1860 870 1948 923 ὲν-

382 946 732 1019 ανθρώπησίν
758 968 874 1007 σου.
913 953 1130 1026 Ταύτην
1177 955 1290 1027 γὰρ
1350 956 1512 1010 καλεῖ
1560 943 1951 1029 σῶτήριονβτι

379 1037 447 1091 δι’
472 1039 641 1107 αὐτῆς
670 1040 956 1112 σωζόμεθα
987 1060 1000 1074 ·
1024 1044 1205 1100 λείπει
1237 1047 1293 1100 δὲ
1325 1049 1383 1100 ὲν
1416 1049 1527 1111 τοῖς
1560 1048 1739 1102 ἔθνεσι
1764 1050 1826 1103 τὸ
1850 1049 1952 1120 ἅρ-

380 1130 548 1200 θρον’
594 1131 782 1205 ὥσπερ
805 1137 900 1190 καὶ
927 1122 984 1189 ἐν
1008 1139 1084 1208 τῷ
1135 1129 1365 1194 δπιαθεν
1433 1141 1622 1212 στίχῳ,
1664 1141 1843 1196 λείπει
1893 1142 1955 1195 το

380 1221 602 1292 ἄρθρον.
626 1227 692 1296 τῇ
720 1228 790 1297 τῇ
822 1228 961 1296 (se).

462 1315 1169 1387 Ἐξομολογησάσθωσὰν
1195 1337 1296 1378 σοι
1311 1326 1472 1393 λαοί,
1499 1328 1532 1381 ό
1552 1326 1716 1393 Θεὸς,
1746 1326 1955 1397 ἐξομο-

379 1405 868 1473 λογησάσθωσάν
893 1425 992 1466 σοι
1022 1413 1161 1469 λαοὶ
1185 1414 1433 1484 πάντες.
1466 1417 1602 1471 Δαοὶ
1634 1416 1734 1488 μὲν
1764 1418 1953 1483 ἁπλῶς

380 1496 430 1548 oi
461 1499 525 1551 ὲκ
552 1505 849 1573 περιτομῆς
869 1519 883 1534 ο
902 1503 1023 1557 λαοὶ
1048 1505 1103 1558 δὲ
1128 1507 1330 1571 πάντες
1351 1510 1399 1561 οἱ
1418 1509 1476 1574 ἐξ
1497 1508 1687 1577 ἐθνῶν,
1708 1508 1784 1573 ὡς
1798 1509 1953 1564 πλεί-

380 1604 473 1651 ους
549 1591 612 1642 ἐκ
688 1592 900 1648 πολλῶν
989 1597 1182 1665 γενῶν.
1260 1600 1957 1670 Ἐξομολογησάσθωσὰν

381 1692 478 1764 crat
518 1680 597 1747 δὲ,
628 1683 747 1735 ἀντὶ
762 1682 856 1737 τοῦ
897 1676 1429 1757 Εὐίαριστείτωσαν,
1464 1693 1556 1748 καὶ
1587 1693 1954 1764 ὑμνείτωσαν,

382 1762 457 1823 ὧν
488 1771 580 1824 ἐπὶ
602 1774 669 1843 τῇ
700 1774 945 1846 σωτηρίᾳ
961 1778 1422 1852 ὲνανθρὼπησεις.

446 2039 977 2111 Εὐφρανθήτωσαν
1055 2049 1155 2103 καὶ
1209 2049 1718 2120 ἀγαλλιάσθωσαν
1783 2059 1951 2129 ἔθνη.

381 2128 563 2183 Ταῦτα
607 2132 753 2202 σαφῆ
778 2173 792 2188 .
828 2135 969 2209 Περὶ
997 2136 1107 2206 γὰρ
1128 2139 1230 2210 τῆς
1253 2142 1594 2214 εὐφροσύνης
1637 2146 1733 2201 καὶ
1783 2150 1953 2216 ἀγαλ-

381 2218 636 2287 λιάσεως,
668 2223 941 2298 διαφόρως
969 2233 1405 2301 προειρήκαμεν.
1435 2230 1569 2289 Εἶτα
1613 2239 1811 2307 ἐπάγει
1863 2243 1954 2295 καὶ

382 2312 480 2381 τὴν
509 2313 682 2385 αὑτὴν
721 2317 903 2372 αἰτίαν
928 2321 1029 2391 τῆς
1060 2325 1257 2392 χαρᾶς.

452 2402 573 2457 Ὅτι
606 2407 831 2476 κρινεῖς
861 2412 1051 2477 λαοὺς
1105 2414 1175 2467 ἐν
1222 2417 1523 2486 εὐθύτητι,
1557 2420 1657 2474 καί
1701 2422 1840 2475 ἔθνη
1887 2424 1952 2477 ἐν

380 2494 456 2561 τῇ
486 2496 564 2564 γῇ
592 2499 943 2569 όδηγήσεις.
978 2505 1124 2559 Διότι
1172 2513 1523 2580 κατακρινεῖς
1588 2515 1686 2576 μὲν
1734 2514 1956 2581 δικαίως

382 2587 506 2650 τοὺς
547 2589 858 2657 Ἰουδαίους,
883 2595 1008 2659 τοὺς
1027 2598 1164 2651 ’ποτὲ
1194 2598 1360 2663 λαούς
1383 2620 1506 2666 σου,
1546 2599 1634 2658 οἷα
1670 2606 1744 2677 μὴ
1777 2625 1956 2679 παραυ

383 2679 713 2771 δεξαμένους
779 2704 859 2741 σε.
913 2690 1235 2763 Ὀδηγήσεις
1287 2694 1342 2748 δὲ
1393 2698 1451 2749 ἐν
1506 2700 1572 2769 τῇ
1629 2703 1698 2771 γῇ
1766 2700 1843 2755 ῶν
1888 2707 1957 2758 τὰ

384 2770 535 2864 illm.
567 2775 636 2828 Ἦ
662 2778 729 2831 τὰ
752 2777 878 2845 ἔθνη
906 2780 976 2834 τὰ
1004 2783 1062 2835 ὲν
1089 2785 1154 2853 τῇ
1179 2787 1273 2855 γῇ,
1309 2786 1429 2840 κατ’
1461 2787 1697 2859 ἔλλειψιν
1752 2793 1956 2864 ἄρθρου

382 2861 659 2935 δευτέρου.

469 2954 1175 3030 Ἔξομολογησάσθωσὰν
1233 2986 1332 3025 σοι
1357 2973 1516 3035 λαοὶ,
1567 2977 1601 3028 ό
1638 2976 1804 3043 Θεὸς,
1860 2977 1958 3043 ἐξ·

391 3049 995 3116 ομολογησάσθωσάν
1017 3073 1117 3110 σοι
1131 3059 1265 3112 λαοί
1285 3060 1529 3127 πάντες.
1541 3063 1621 3115 Τὰ
1641 3063 1782 3118 αὐτὰ
1797 3065 1960 3120 πάλιν

2053 603 2182 656 tum,
2208 608 2306 663 per
2332 607 2495 664 quam
2523 601 2578 648 tu
2604 594 2918 658 ambulusti,
2961 604 3017 650 et
3040 610 3204 665 quam
3244 604 3299 650 tu
3325 599 3620 655 ostendisti

2054 683 2361 753 discipulis.

2128 774 2196 829 In
2220 776 2460 831 omnibus
2491 778 2732 847 gentibus
2759 779 2994 834 salutare
3025 788 3193 834 tuum.
3227 779 3404 850 Atque
3431 789 3489 834 ιιι
3522 783 3624 837 I10.-

2054 865 2254 933 mines,
2294 868 2495 939 inquit.
2548 869 2601 923 in
2654 871 2912 925 omnibus
2964 872 3222 941 gentibus
3285 881 3657 942 cognoscant.

2055 956 2487 1014 incarnationem
2520 968 2694 1027 tuam,
2745 978 2864 1032 quae
2921 960 3148 1033 propter
3201 978 3300 1018 nos
3341 962 3481 1018 facta
3514 972 3619 1018 est.

2056 1042 2205 1099 Hanc
2230 1046 2432 1100 etenim
2482 1048 2722 1103 salutare
2786 1051 3044 1120 appellat,
3078 1051 3462 1122 quiapropter
3501 1066 3665 1106 eam.

2053 1136 2352 1191 salvamur.

2129 1317 2292 1374 Vnus.
2333 1320 2386 1374 4.
2423 1319 2788 1388 Conﬁteantur
2818 1323 2912 1377 tibi
2929 1323 3128 1394 populi,
3155 1323 3314 1391 Deus,
3341 1324 3633 1394 con/iteano

2055 1423 2143 1466 tur
2179 1414 2274 1467 tibi
2301 1415 2481 1483 populi
2528 1431 2728 1471 omnes.
2786 1416 2976 1487 Populi
3029 1417 3249 1487 quidem
3302 1417 3624 1486 simpliciter

2056 1503 2210 1567 dicti,
2262 1504 2296 1557 ii
2353 1504 2685 1575 intelligendi
2739 1514 2896 1569 sunt,
2929 1508 3019 1575 qui
3060 1521 3126 1559 ex
3154 1505 3620 1561 circumcisione:

2058 1595 2239 1665 populi
2274 1604 2455 1650 autem
2486 1596 2768 1659 omnes,.ii
2795 1596 2888 1665 qui
2925 1611 2991 1652 ex
3022 1597 3279 1665 gentibus
3318 1597 3621 1662 credidere,
3662 1644 3671 1656 ,

2057 1686 2221 1739 veluti
2260 1687 2439 1755 plures
2467 1701 2532 1741 ex
2568 1686 2756 1743 multis
2787 1688 3104 1742 nationibus
3121 1686 3451 1757 congregati.
3476 1685 3623 1741 Can-

2059 1777 2311 1844 ﬁteautur
2332 1785 2537 1837 autem.
2573 1777 2676 1833 hoc
2706 1786 2814 1843 est,
2839 1778 3060 1834 Gratias
3084 1788 3269 1847 agant.
3299 1786 3354 1833 et.
3377 1776 3621 1841 laudent,

2056 1867 2204 1935 quod
2242 1877 2466 1938 propter
2514 1884 2706 1925 eorum
2764 1871 2993 1926 salutem
3047 1871 3338 1925 humanam
3402 1883 3625 1923 carnem

2056 1967 2439 2029 assumpturus
2468 1975 2548 2015 es.
3620 1952 3623 1957 λ

2126 2048 2294 2106 Vens.
2334 2050 2388 2106 5.
2452 2048 2751 2117 La'tentur,
2810 2062 2858 2105 et
2910 2052 3173 2106 exsultent
3237 2061 3437 2125 gentes.
3496 2047 3626 2104 Haec

2057 2144 2203 2199 clara
2237 2152 2388 2199 sunt.
2428 2143 2502 2199 De
2538 2144 2724 2199 laetitia
2750 2153 2959 2207 autem,
2990 2154 3043 2197 et
3078 2144 3477 2207 exsultatione,
3506 2143 3625 2213 ple-

2056 2252 2289 2307 rumque
2354 2235 2481 2292 alibi
2542 2236 2807 2292 diximus.
2879 2234 3082 2291 Deinde
3141 2250 3366 2293 causam
3423 2233 3634 2291 laetitias

2058 2330 2224 2384 addit.

2131 2421 2394 2487 Quoniam
2415 2422 2682 2491 iudicabis
2716 2421 2940 2491 populos
2974 2421 3029 2473 in
3066 2417 3403 2481 rectitudine,
3428 2424 3475 2470 et
3502 2431 3629 2483 geno

2058 2521 2133 2566 tes
2166 2514 2220 2566 in
2266 2524 2409 2567 terra
2455 2513 2672 2582 diriges.
2740 2511 3009 2578 Quoniam
3066 2508 3306 2572 Judaeos,
3363 2505 3455 2575 qui
3495 2502 3651 2558 olim.

2061 2603 2243 2674 populi
2267 2604 2344 2657 tui
2373 2602 2619 2668 fuerunt,
2644 2602 2791 2672 juste
2815 2599 3091 2670 iudicabis
3124 2615 3139 2652 :
3168 2612 3233 2652 eo
3264 2596 3407 2666 quod
3441 2604 3492 2650 te
3518 2607 3649 2647 non,

2061 2695 2425 2767 susceperint.
2460 2694 2527 2747 Et
2557 2693 2831 2749 exsistens
2864 2693 2917 2746 in
2965 2699 3141 2756 terra,
3178 2689 3383 2757 dirigcs
3435 2694 3639 2757 gentes

2060 2788 2128 2842 ad
2171 2788 2423 2844 semitam
2457 2787 2744 2840 virtutum.
2778 2782 2897 2849 Vel,
2932 2781 3136 2850 diriges
3170 2788 3381 2850 gentes,
3419 2792 3542 2846 qua:
3571 2776 3626 2830 in

2062 2889 2211 2935 terra
2236 2887 2391 2943 sunt,
2419 2877 2629 2932 omisso
2656 2874 2913 2928 articulo.

2130 2969 2358 3025 γεκελῇ
2376 2969 2739 3037 Conﬁteantur
2763 2965 2855 3019 tibi
2869 2963 3071 3033 populi,
3093 2961 3253 3027 Deus,
3277 2960 3630 3027 conﬁteantur

2063 3060 2160 3115 tibi
2188 3060 2374 3130 populi
2404 3074 2604 3114 omnes.
2646 3056 2902 3109 Eamdem
2934 3068 3136 3110 rursus
3169 3048 3501 3108 sententiam
3536 3060 3624 3102 re-

387 3136 742 3207 ὲπανέλαὸεν,
798 3145 1140 3217 ἐπιταχύνων
1194 3154 1321 3215 τοὺς
1348 3152 1514 3217 λαοὺς
1544 3156 1637 3208 καὶ
1668 3158 1953 3229 προθυμο-

2063 3152 2218 3222 petit,
2251 3162 2311 3207 ut
2340 3151 2545 3208 celeres
2569 3147 2801 3220 populos
2826 3144 3014 3209 faciat,
3045 3152 3099 3201 et
3128 3141 3496 3215 promptiores
3523 3153 3622 3195 eos

387 3229 444 3281 τέ
452 3247 579 3301 ρους
609 3233 1075 3307 ἀπεργαζόμενος.

458 3322 551 3391 Γῆ
575 3324 760 3380 ἔδωκε
792 3328 899 3382 τὸν
944 3335 1177 3400 καρπὸν
1218 3337 1429 3406 αὐτῆς.
1481 3340 1603 3394 Τῶν
1658 3341 1965 3412 ἀνθρώπων

390 3414 813 3507 εὸλογηθὲντων,
849 3423 942 3475 καὶ
964 3425 996 3493 ἡ
1028 3425 1099 3493 γῆ
1126 3427 1364 3497 δαψιλῶς
1391 3433 1865 3507 ἐκαρποφόρησεν.
1889 3436 1961 3489 Ἦ

390 3505 494 3573 γῆς
533 3508 749 3576 καρπὸν
780 3509 929 3580 λέγει
952 3515 1077 3579 τοὺς
1110 3517 1172 3570 ἐκ
1198 3519 1302 3587 γῆς
1327 3521 1427 3587 μὲν
1482 3505 1689 3590 φῦντας
1743 3525 1959 3595 ἀνθρὼ-

396 3613 549 3662 πους,
580 3597 658 3669 τῷ
687 3599 808 3672 Θεῷ
846 3602 904 3656 δὲ
949 3610 1469 3680 καρποφορηθέντας
1518 3614 1607 3667 διὰ
1650 3616 1881 3685 θλίψεως
1927 3617 1960 3687 ἢ

394 3688 678 3759 ἀσκήσεως
702 3705 717 3721 ’
760 3692 793 3764 ἢ
821 3694 983 3748 αὐτὸν
1004 3696 1093 3749 τὸν
1120 3698 1380 3770 Χριστόν.

462 3874 813 3940 Εὸλοτήσαι
838 3874 995 3944 ἡμᾶς
1020 3878 1053 3930 ὸ
1088 3878 1254 3945 Θεὸς,
1288 3881 1321 3933 d
1349 3878 1493 3945 Θεὸς
1537 3879 1730 3951 ἡμῶν,
1788 3885 1963 3938 εὐλο-

396 3960 573 4029 γῆσαι
602 3963 761 4031 ἡμᾶς
814 3966 847 4018 ὁ
891 3965 1056 4032 Θεὸς.
1087 3967 1364 4037 Γράφεται
1391 3969 1486 4023 καὶ
1523 3968 1730 4034 οὕτως’
1762 3972 1962 4027 Εὐλο-

374 4054 574 4133 -τήσαι
625 4055 783 4125 ἡμᾶς
810 4060 842 4111 ό
886 4057 1049 4124 Θεὸς,
1114 4060 1447 4128 εὐλογῆσαι
1501 4061 1659 4131 ἡμᾶς
1710 4065 1743 4117 ὀ
1797 4064 1963 4131 Θεὸς,

395 4148 726 4218 εὐλογῆσαι
756 4149 939 4219 ἡμᾶς,
972 4154 1005 4206 ὀ
1059 4152 1226 4218 Θεός.
1256 4153 1400 4224 Ὅρα
1424 4155 1786 4225 παραγυμνού
1801 4173 1962 4225 μενον

396 4236 458 4290 τὸ
481 4239 577 4306 τῆς
605 4240 768 4308 ἁγίας
792 4242 1022 4311 Τρίαδος
1068 4243 1391 4314 μυστήριον,
1424 4241 1502 4314 τῷ
1520 4242 1849 4314 τριπλασμῷ
1870 4244 1965 4300 τοῦ

400 4329 554 4394 Θεὸς,
582 4332 677 4384 καὶ
708 4331 840 4395 Θεὸς
864 4372 879 4394 ,
916 4334 1012 4386 καὶ
1031 4332 1185 4396 Θεός.

477 4419 578 4474 Καὶ
607 4420 1045 4490 φοϐηθήτωσαν
1072 4424 1258 4477 αὐτὸν
1282 4422 1481 4479 πάντα
1508 4423 1580 4479 τὰ
1607 4423 1833 4494 πέρατα
1856 4424 1967 4494 τῆς

404 4507 531 4577 γῆς.
595 4511 695 4564 Διὰ
744 4512 842 4580 μὲν
888 4512 982 4565 τοῦ
1024 4512 1374 4583 τριπλασμοῦ
1419 4514 1480 4567 τὸ
1538 4514 1968 4586 τρισυπόστατον

401 4601 627 4673 ἐνέφηνε
647 4617 663 4633 ⁸
696 4603 783 4656 διὰ
817 4604 875 4657 δὲ
898 4603 992 4657 τοῦ
1011 4606 1183 4658 εἰπεῖν
1205 4604 1400 4669 ἑνικῶς
1427 4606 1634 4671 αὐτὸν,
1682 4609 1744 4658 τὸ
1767 4607 1969 4659 ἐνιαῑον

402 4692 497 4762 τῆς
524 4693 817 4763 Θεότητος.
860 4695 922 4747 Ei
948 4695 1056 4765 γὰρ
1079 4697 1174 4748 καὶ
1196 4696 1327 4759 Θεὸς
1355 4696 1587 4750 ἕκαστον
1633 4698 1744 4750 τῶν
1800 4695 1971 4765 τριῶν

404 4783 734 4851 προσώπων,
768 4785 884 4839 ἀλλ’
905 4780 985 4849 εἷς
1011 4785 1145 4850 Θεὸς
1163 4785 1384 4854 λέγεται
1405 4787 1860 4849 τρισυπόστατος.

578 5060 684 5125 Εἰς
712 5058 779 5112 τὸ
831 5058 1005 5126 τέλος
1035 5058 1114 5125 τῷ
1135 5059 1312 5114 Δαϐίδ
1342 5061 1586 5129 ψαλμὸς
1614 5059 1792 5129 ᾠδῆς.

995 5153 1282 5206 ΨΔΑΜΟΣ
1310 5151 1425 5208 ΞΖ’.

477 5244 579 5308 Εἰς
606 5242 672 5296 τὸ
706 5244 884 5309 τέλος
907 5244 1027 5311 μὲν,
1052 5244 1135 5296 ὅτι
1184 5243 1279 5298 καὶ
1309 5236 1463 5307 οὗτος
1502 5244 1976 5316 προανακηρύττει

2062 3244 2275 3300 reddat.

2144 3336 2310 3392 Terra
2340 3336 2482 3392 dedit
2509 3336 2743 3407 fructum
2773 3351 2949 3391 suum.
2999 3331 3328 3389 Hominibus
3366 3326 3567 3383 etenim
3600 3340 3627 3376 a

2062 3429 2175 3486 Deo
2235 3428 2573 3493 benedictis,
2627 3438 2772 3483 terra
2831 3426 3048 3482 abunde
3101 3421 3470 3479 fructiﬁcavit.
3531 3414 3633 3470 Vel

2065 3521 2304 3576 fructum
2339 3529 2500 3576 terra:
2544 3520 2799 3574 homines
2842 3517 3111 3589 appellat.
3145 3515 3236 3585 qui
3270 3529 3301 3567 e
3335 3522 3481 3566 terra
3516 3506 3630 3561 nati

2064 3615 2215 3667 sunt.
2246 3607 2449 3676 quique
2487 3622 2583 3676 per
2614 3606 3021 3667 tribulationes,
3063 3612 3117 3657 et
3156 3604 3420 3657 virtutum
3476 3611 3633 3653 exer—

2064 3696 2358 3751 citationes
2391 3694 2503 3749 Deo
2536 3695 2592 3749 in
2624 3694 2864 3749 fructum
2898 3693 3009 3747 dati
3057 3699 3209 3746 sunt.
3250 3688 3344 3744 Vel
3383 3702 3477 3759 per
3513 3684 3632 3741 [ru-

2065 3799 2236 3849 ctum.
2269 3788 2445 3856 ipsum
2481 3784 3054 3854 Cltristumintelligit.

2138 3876 2422 3931 Benedicat
2468 3893 2562 3931 nos
2603 3876 2764 3937 Deus,
2801 3874 2937 3930 Deus
2986 3882 3181 3937 noster,
3231 3870 3500 3925 benedicat
3538 3884 3634 3922 nos

2073 3968 2232 4023 Deus.
2270 3967 2547 4023 Scribitur
2584 3966 2749 4021 etiam
2806 3966 2912 4020 ltoc
2958 3963 3164 4019 modo:
3197 3961 3486 4017 Benedicat
3539 3974 3633 4013 nos

2072 4062 2230 4127 Deus,
2256 4059 2530 4115 benedicat
2556 4075 2650 4113 nos
2684 4058 2842 4120 Deus,
2874 4056 3143 4111 benedicat
3174 4071 3269 4109 nos
3307 4053 3468 4109 Deus.
3497 4048 3635 4107 Vide

2070 4160 2318 4222 apertum
2380 4166 2445 4206 ac
2510 4150 2845 4206 denudatum
2913 4146 3280 4204 sanctissima:
3344 4142 3635 4198 Trinitatis

2067 4242 2417 4314 mysterium,
2450 4241 2555 4297 bac
2587 4239 2960 4310 triplicatioue
2987 4256 3001 4294 :
3032 4238 3201 4303 Deus,
3237 4235 3404 4301 Deus,
3434 4234 3603 4292 Deus.

2146 4418 2214 4472 Et
2256 4425 2493 4472 metuant
2525 4433 2644 4471 eum
2672 4418 2871 4472 omnes
2910 4416 3043 4486 ﬁnes
3085 4423 3262 4471 terras.
3292 4412 3378 4471 Ea.
3397 4413 3639 4484 triplica-

2003 4494 2044 4549 ί)
2075 4511 2224 4565 tione
2250 4508 2497 4579 quidem,
2536 4514 2595 4561 ut
2619 4506 2881 4573 diximus,
2909 4515 3022 4563 tres
3047 4506 3320 4577 expressit
3346 4503 3638 4570 Personas,

2070 4601 2334 4672 singulari
2374 4611 2556 4656 autem
2607 4614 2881 4664 sermone,
2934 4616 3075 4664 eum,
3111 4614 3239 4657 non.
3285 4614 3372 4654 eos
3417 4596 3635 4654 adorari

2065 4693 2294 4764 jnbens,
2344 4693 2655 4749 divinitatis
2711 4693 2981 4747 unitatem
3036 4690 3387 4761 signiﬁcavit.
3422 4689 3558 4747 Nam
3588 4699 3645 4747 et

2072 4783 2119 4838 si
2151 4798 2489 4853 unaquaeque
2517 4781 2891 4837 Personarum
2928 4779 3075 4837 Deus
3105 4781 3201 4846 sit,
3236 4796 3430 4837 omnes
3459 4791 3643 4835 tamen

2072 4873 2326 4929 Personae
2381 4889 2491 4929 non
2545 4884 2658 4930 tres
2714 4873 2825 4938 dii,
2878 4871 2975 4929 sed
3008 4888 3153 4929 unus
3202 4888 3327 4929 esse
3378 4871 3521 4930 Deus
3565 4873 3646 4927 di-

2079 4973 2297 5020 cuntur.

2350 5074 2383 5111 η
2407 5056 2567 5125 ﬁnem
2588 5057 3040 5125 psalmuscantici
3066 5059 3168 5127 ipsi
3209 5056 3403 5113 Dauid.

2565 5148 2888 5204 PSALMUS
2940 5147 3149 5203 LXVII.

2151 5240 2218 5295 In
2261 5241 2425 5309 ﬁnem
2469 5242 2691 5311 quidem
2760 5241 3110 5308 inscribitur,
3167 5239 3296 5309 quia
3340 5235 3645 5310 Salvatoris
3698 5306 3701 5309 _

408 5331 499 5384 τοῦ
530 5334 784 5403 Σωτῆρος
820 5334 920 5404 τὴν
954 5334 1275 5400 ἐπιφάνειαν
1304 5334 1685 5404 ἐκδηλότερον,
1737 5337 1833 5387 καὶ
1875 5335 1958 5405 rip

2076 5333 2395 5398 adventum,
2415 5341 2469 5389 et
2496 5332 2807 5389 daemonum
2830 5332 3261 5389 destructionem
3296 5326 3646 5385 manifestius

1714 5512 1909 5590 Varitp
1934 5512 2260 5576 lectiones.

483 5666 594 5733 (3|)
631 5664 835 5733 Supple
857 5665 1083 5730 γνῶναι.

485 5732 595 5803 (3‘2)
633 5732 727 5788 llic
754 5749 972 5801 qttoque
1013 5734 1267 5788 vertenda
1326 5748 1434 5786 non
1491 5732 1648 5786 duxit
1699 5734 1971 5799 interpres

421 5805 679 5857 nonnulla
705 5820 823 5872 qua:
856 5805 959 5857 uisi
991 5804 1057 5856 ab
1082 5805 1147 5857 iis
1182 5804 1269 5872 qui
1296 5804 1479 5857 Graece
1508 5805 1712 5868 sciunt,
1740 5803 1972 5873 intelligi

2081 5677 2186 5716 non
2218 5669 2470 5731 possunt.
2511 5661 2664 5715 Deest
2698 5669 2871 5732 autent
2919 5656 3138 5732 dictioni
3172 5657 3230 5732 ὲν
3279 5655 3390 5732 τοῖς
3414 5649 3631 5732 ἔθνεσιν

2079 5719 2359 5793 articulus,
2393 5741 2447 5783 ut
2477 5741 2526 5784 et
2577 5732 2631 5783 in
2675 5728 2943 5794 superiore
2982 5725 3241 5781 versiculo
3296 5719 3523 5779 dictioni
3569 5719 3638 5770 ἐι

2082 5805 2146 5871 τῇ
2189 5804 2258 5871 γῇ
2302 5800 2613 5868 (utrobique
2650 5797 2819 5867 τούς).
