4020 6218
445 336 551 399 659

1645 333 2027 392 EUTIIYMII
2072 335 2432 394 ZlG-ABENI

3575 340 3682 400 6ῧο

443 446 795 517 praenuntiat,
837 446 966 514 quid
1006 451 1186 498 autem
1238 442 1308 498 sit
1344 440 1592 495 Psalmus
1644 443 1860 502 cantici,
1893 442 2002 510 jam

2112 444 2405 497 κατάλυσιν
2432 444 2536 496 τῶν
2560 445 2848 514 δαιμόνων.
2901 449 2966 500 Τί
2995 448 3038 500 δ’
3073 447 3191 500 ἐστὶ
3231 446 3476 514 Ψαλμὸς
3519 447 3678 516 ᾠδῆς

444 539 572 592 alibi
603 538 862 590 diximus.

516 627 682 680 Vens.
727 626 779 678 Ξ.
839 623 1106 692 Exsurge!
1161 623 1320 685 Deus,
1353 633 1400 676 et
1435 624 1754 690 dissipentur
1806 623 2012 676 inimici

445 724 580 792 ejus.
619 720 753 773 Cum
787 719 1061 772 dannones
1112 717 1166 769 in
1217 717 1515 769 lmmanum
1560 730 1729 785 genus
1768 716 2013 785 tyranni-

447 815 566 867 dem
624 817 968 868 exercerent.
1003 823 1104 861 ncc
1152 810 1314 860 homo
1369 806 1588 876 aliquis,
1651 822 1747 858 nec
1784 807 2010 874 angelus

445 900 674 972 captivis
711 898 1030 952 hominibus
1088 913 1242 966 opem
1281 896 1468 957 ferret,
1522 906 1678 948 vocat
1741 894 2011 964 PrOpheta

446 997 497 1048 in
557 991 819 1046 auxilium
883 992 1058 1060 ipsum
1122 989 1363 1042 oumium
1424 986 1762 1052 Creatorem,
1814 1001 2011 1057 rogans

443 1102 565 1140 eum
600 1092 659 1138 ut
691 1083 948 1136 celeriter
973 1087 1254 1148 exsurgat.
1293 1078 1705 1134 Surrectionem
1743 1089 1923 1131 autem
1957 1080 2008 1132 in

441 1178 556 1232 Deo
584 1192 717 1230 sane
746 1187 798 1230 et
825 1175 990 1244 digne
1021 1173 1129 1226 Deo
1162 1171 1454 1238 intelliges,
1481 1179 1684 1223 motum
1721 1169 2008 1238 quemdam

442 1284 563 1323 esse
600 1267 666 1321 ad
696 1266 1133 1335 delinquentium
1167 1264 1483 1316 vindictam.
1526 1263 1587 1314 Et
1619 1262 2008 1322 licetverbum,

440 1367 718 1427 exsurgat,
747 1355 1054 1426 imperativi
1076 1356 1146 1407 sit
1177 1353 1322 1406 modi
1358 1353 1436 1422 (ut
1464 1367 1526 1403 ex
1559 1351 1742 1405 Grazca
1779 1350 2011 1404 lectione

442 1457 630 1520 aperte
671 1447 1062 1518 dignoscitur),
1093 1457 1316 1500 sensum
1344 1442 1588 1511 Optantis
1626 1441 1787 1494 habet
1825 1441 1925 1493 hoc
1955 1441 2007 1493 in

2120 534 2465 604 προείρηται.

2198 625 2538 690 Ἀναστήτω
2562 629 2594 680 ὁ
2623 628 2766 692 Θεὸς
2797 629 2893 680 καὶ
2927 627 3575 694 διασκορπισθήτωσαν
3627 627 3681 679 ot

2113 716 2312 783 ἐχθροὶ
2347 716 2553 769 αὑτοῦ.
2597 717 2718 768 Τῶν
2771 717 3045 785 δαιμόνων
3097 718 3529 787 τυραννούντων,
3585 716 3678 768 καὶ

2118 806 2252 876 μήτε
2275 806 2530 872 ἀγγέλου,
2559 809 2694 877 μήτε
2714 806 3004 877 ἀνθρώπου
3028 806 3349 877 βοηθοῦντος
3375 809 3486 870 τοῖς
3513 825 3682 861 κατα-

2114 897 2481 960 δουλωϐεἶσιν,
2513 899 2673 952 αὑτὸν
2708 899 2799 950 τὸν
2825 898 3081 968 Πλάστην
3104 898 3210 950 τῶν
3231 898 3682 968 τυραννουμένων

2116 989 2271 1041 καλεῖ
2298 988 2431 1057 πρὸς
2456 990 2690 1058 ἄμυναν.
2719 992 3043 1044 Ἀνάστασιν
3086 991 3142 1042 δὲ
3177 989 3502 1059 Θεοπρεπῶς
3563 991 3684 1058 νοή·

2121 1097 2233 1141 σεις
2265 1079 2364 1150 τὴν
2396 1083 2610 1147 κίνησιν
2638 1083 2717 1142 εἰς
2739 1081 3036 1150 ἐκδίκησιν.
3077 1082 3138 1132 El
3163 1081 3217 1134 δὲ
3239 1082 3332 1133 καὶ
3353 1096 3682 1148 προστακτιο

2120 1171 2231 1230 κῶς
2277 1172 2675 1239 ἐσχημάτισται
2731 1171 2812 1234 τὺ,
2864 1170 3220 1236 Ἀναστήτω,
3269 1171 3363 1224 καὶ
3393 1172 3460 1224 τὰ
3533 1168 3682 1239 ἑξῆς.

2120 1261 2232 1312 ἀλλ’
2260 1261 2514 1313 εὐκτικοῦ
2542 1262 2700 1328 λόγου
2729 1262 3008 1331 σημασίαν
3038 1262 3274 1331 ἔχουσιν,
3301 1262 3375 1322 ὡς
3404 1262 3460 1312 ὲν
3509 1259 3684 1320 ἄλλοις

2120 1349 2440 1420 εἰρήκαμεν.
2477 1349 2695 1419 ἘχΟροι
2717 1349 2773 1402 δὲ
2795 1349 2887 1402 τοῦ
2919 1349 3055 1402 Θεοῦ
3087 1349 3292 1420 κυρίως
3323 1350 3372 1401 οἱ
3407 1348 3680 1418 δαίμονες,

2116 1440 2190 1502 ὡς
2211 1441 2520 1494 ἀποστάται
2544 1445 2638 1494 καὶ
2659 1442 3053 1514 ἀντικείμενοι.

443 1541 601 1595 loco:
637 1548 690 1593 et
726 1538 890 1591 simili
921 1536 1080 1590 modo
1116 1535 1217 1587 alia
1259 1531 1545 1602 sequentia
1590 1531 1778 1591 verba,
1815 1529 2279 1597 quemadn'iodum
2314 1537 2368 1582 et
2437 1531 2625 1584 multis
2680 1532 2806 1585 aliis
2884 1532 2937 1585 in
3030 1533 3166 1584 locis
3245 1531 3538 1600 reperitur,
3596 1506 3682 1581 uhi

441 1637 603 1689 etiam
634 1635 896 1686 diximus.
946 1631 1153 1683 Inimici
1190 1641 1366 1681 autem
1410 1628 1523 1690 Dei,
1560 1625 1778 1694 proprie
1807 1624 2083 1677 d:emones
2117 1631 2271 1685 sunt,
2301 1624 2469 1677 veluti
2499 1624 2752 1689 rebelles,
2795 1639 2858 1678 ac
2885 1624 2992 1679 Deo
3025 1625 3403 1680 adversantes.
3463 1624 3468 1628 ’

523 1724 585 1778 Et
613 1725 844 1794 fugiant,
877 1723 965 1792 qui.
996 1723 1212 1775 oderunt
1236 1738 1352 1773 eum
1381 1738 1410 1772 a
1443 1719 1578 1787 {acie
1608 1718 1742 1784 ejus.
1775 1715 2005 1786 Fugiunt
2043 1718 2086 1772 Β

443 1834 471 1868 a
526 1815 816 1884 praisentia
865 1822 918 1866 et
973 1821 1266 1879 conspectu
1334 1811 1445 1872 liei,
1502 1809 1644 1862 illius
1697 1809 1900 1860 vultum
1959 1807 2010 1857 in

442 1922 608 1961 carne
631 1907 770 1960 ferre
800 1913 1161 1972 nequeuntes.
1195 1903 1348 1966 Quod
1370 1901 1529 1954 etiam
1551 1900 1728 1968 reipsa
1749 1898 2015 1951 accidisse

441 1996 744 2050 videmus:
781 2009 904 2046 eum
958 1993 1134 2046 sicubi
1196 1991 1452 2043 Christus
1506 1990 1799 2050 coleretur,
1865 1987 2010 2040 illius

439 2086 575 2140 adeo
609 2085 954 2160 praesentiam
989 2084 1236 2154 ingerent
1267 2083 1566 2143 dmmones,
1594 2091 1653 2134 ut
1682 2089 1824 2133 retro
1858 2094 2005 2131 nuu-

438 2190 602 2246 quam
635 2183 1115 2229 converterentur.

514 2267 678 2323 νεεδ.
709 2269 764 2321 5.
793 2266 940 2322 Sicut
967 2266 1139 2334 deﬁcit
1184 2267 1384 2334 fumus,
1419 2265 1572 2332 deﬁci
1594 2273 1696 2317 int.
1729 2263 2008 2327 Quemad-

439 2360 658 2414 modum
689 2357 872 2413 deﬁcit
918 2358 1108 2410 fumus
1145 2356 1391 2425 spirante
1432 2362 1618 2414 vento,
1650 2355 1722 2405 ita
1760 2353 1922 2406 etiam
1956 2351 2006 2402 hi

440 2453 716 2503 daemones
755 2447 1032 2509 deficiant,
1060 2447 1278 2515 impulsi
1315 2447 1571 2498 nimirum
1603 2459 1665 2496 ac
1693 2444 1944 2510 dissipati
1979 2457 2006 2494 a

440 2551 634 2595 sancto
661 2539 885 2608 Spiritu.

509 2631 657 2683 Sicut
692 2628 887 2697 lique/it
952 2647 1070 2680 cera
1103 2645 1132 2680 a
1164 2628 1301 2696 [acie
1336 2627 1492 2695 ignis.
1521 2627 1596 2676 sic
1639 2633 1853 2690 pereant
1885 2638 2003 2686 pec-

438 2730 643 2774 catores
676 2737 705 2771 α
733 2719 870 2787 facie
897 2719 1008 2772 Dei.
1041 2717 1535 2783 Quemadmodum,
1556 2716 1752 2784 inquit,
1783 2725 2006 2780 aspectu

442 2811 584 2879 ignis
647 2826 772 2864 cera
827 2811 1098 2878 liquescit,
1171 2813 1240 2862 ita
1300 2809 1575 2862 dmmones
1634 2822 1662 2858 a
1711 2816 2006 2875 conspectu

441 2903 645 2956 Christi
708 2903 799 2971 qui
836 2903 978 2970 ignis
1015 2912 1096 2958 est
1123 2915 1458 2954 consumens
1493 2899 1536 2929 ³⁸
1573 2900 2004 2967 improbitatem,

441 2993 740 3049 detinentes
771 3001 1123 3047 evanescant.
1172 2993 1240 3044 Et
1288 2989 1429 3058 quod
1459 2991 1532 3041 ait
1567 3007 1578 3042 :
1615 2989 1864 3055 Pereant.
1899 3006 2004 3060 non

443 3085 568 3140 ideo
611 3087 770 3152 dixit,
823 3087 948 3156 quia
1013 3100 1238 3154 prorsus
1286 3083 1498 3137 delendi
1551 3083 1659 3137 sint
1707 3084 2002 3146 dtemones,

444 3181 542 3238 ita,
583 3184 639 3227 ut
680 3175 915 3245 amplius
951 3176 1082 3227 nulli
1119 3175 1254 3236 sint,
1283 3174 1379 3227 sed
1408 3175 1534 3242 quia
1566 3174 1619 3226 in
1652 3173 1856 3228 eisdem
1889 3191 2004 3229 am-

441 3267 582 3334 plius
608 3266 740 3320 locis
766 3281 874 3319 non
913 3265 1237 3335 rvgnabunt.
1278 3264 1506 3318 Eosdem
1531 3264 1694 3319 etiam
1727 3266 2002 3321 daamoncs

443 3356 712 3425 Propheta
761 3365 1083 3425 peccatores
1130 3356 1398 3424 appellat,
1449 3356 1572 3422 quia
1608 3363 1661 3410 et
1695 3357 1852 3424 primi
1887 3373 2000 3409 om-

440 3448 590 3500 nium
623 3449 674 3500 iu
714 3446 880 3501 Deum
935 3455 1250 3516 peccarunt,
1283 3453 1336 3499 et
1367 3446 1493 3514 quia
1540 3454 1886 3515 peccatorum
1920 3449 2002 3498 in-

437 3546 692 3592 ventorcs
725 3537 918 3591 merito
948 3537 1053 3591 dici
1080 3547 1307 3607 possunt
1334 3547 1385 3591 et
1418 3538 1683 3606 magistri.

515 3627 679 3683 Vens.
715 3629 772 3684 4.
808 3633 873 3684 Et
892 3630 1032 3698 justi
1063 3629 1323 3683 laetentur.
1359 3629 1460 3683 Per
1482 3628 1684 3696 justos,
1715 3644 1808 3682 eos
1845 3628 2002 3682 intel-

436 3719 582 3789 iigit,
614 3721 706 3790 qui
741 3735 835 3790 per
865 3721 1024 3775 tidem
1059 3720 1111 3773 in
1149 3719 1428 3774 Christum
1460 3728 1615 3772 erant
1640 3719 1998 3787 jliSiilicatidi.

439 3813 504 3866 lli
541 3812 707 3883 igitur
757 3813 1037 3867 destructa
1095 3812 1403 3866 daemonum
1456 3810 1749 3878 tyrannide
1814 3811 1999 3866 helen-

435 3913 542 3957 tur.

510 3995 790 4048 Exsulteut
836 3997 890 4048 in
929 4003 1204 4062 conspectu
1234 3993 1324 4046 Dei
1349 4005 1396 4046 et
1432 3993 1756 4047 delectentur
1782 3995 1833 4045 in
1861 3994 1997 4045 luiti-

437 4089 531 4141 tia.
568 4087 624 4141 ln
660 4093 957 4160 canspectu
993 4085 1107 4149 Dei,
1141 4084 1234 4154 qui
1286 4099 1382 4138 eos
1438 4084 1696 4137 nimirum
1742 4085 1996 4152 protegit,

435 4189 488 4235 ct
521 4179 783 4243 custodit,
832 4179 991 4246 juxta
1047 4177 1176 4230 illud
1214 4195 1226 4228 :
1281 4175 1435 4230 Oculi
1476 4176 1686 4229 Domini
1733 4190 1884 4240 super
1907 4174 2000 4242 ju-

433 4276 544 4321 stas
596 4267 660 4319 ³⁸.
713 4266 890 4322 Verba
941 4275 1123 4320 autem
1189 4264 1490 4331 Exsultenl,
1547 4265 1887 4324 delectentur,
1945 4269 1998 4316 ct

432 4358 695 4420 (terentur,
736 4358 875 4414 idem
914 4356 1226 4428 signiﬁcant
1267 4375 1280 4409 :
1314 4357 1605 4423 conjuncta
1638 4365 1816 4408 tamen
1849 4369 1997 4410 sum-

432 4462 574 4502 mam
596 4447 776 4520 gaudii
807 4447 1050 4500 indicant
1081 4447 1475 4502 intensionem.

504 4619 668 4676 Vens.
703 4622 754 4675 5.
799 4622 1022 4677 Camate
1063 4624 1190 4677 Deo.
1221 4623 1350 4687 Vos,
1391 4624 1482 4692 qui
1520 4624 1833 4693 hujusmodi
1863 4640 1993 4693 gau-

432 4711 521 4767 dio
545 4711 693 4780 digni
736 4711 864 4765 facti
896 4713 1050 4769 estis.

504 4800 728 4857 Psallile
760 4805 963 4857 nomini
995 4807 1131 4875 ejus.
1167 4805 1278 4860 Hoc
1327 4806 1724 4862 declaravimus
1753 4808 1803 4860 iu
1836 4811 1996 4861 tertio

433 4894 705 4948 versiculo
731 4911 823 4948 νιιι
853 4898 1068 4964 psalmi.

505 4983 620 5039 Iter
647 4986 804 5051 facite
836 4988 904 5049 ei,
936 4987 1027 5055 qui
1063 4989 1301 5040 ascendit
1351 5005 1512 5056 super
1540 5004 1782 5052 occasus,
1821 4987 1996 5040 Denti-

434 5093 530 5130 nus
589 5094 774 5130 nomen
833 5077 934 5129 illi.
974 5077 1051 5130 Ad
1091 5080 1377 5146 apostolos
1411 5088 1491 5133 est
1531 5095 1733 5140 sermo,
1767 5096 1876 5147 quo
1903 5079 1995 5144 ju-

432 5169 630 5222 bentur
665 5177 719 5219 ut
743 5167 807 5220 ad
851 5176 1039 5234 gentes
1063 5180 1378 5231 excurrant,
1409 5177 1461 5220 et
1493 5168 1631 5220 viam
1669 5170 1996 5230 animarum,

432 5260 678 5327 ipsarum
765 5258 971 5311 scilicet
1039 5258 1305 5325 gentium,
1384 5274 1481 5324 per
1557 5258 1995 5326 prmdieationem

434 5351 743 5404 advenienti
796 5349 1015 5402 Christo
1071 5361 1393 5418 przeparent.
1457 5349 1642 5402 Similc
1702 5348 1832 5399 illud
1895 5356 1997 5409 est,

438 5442 583 5509 quin]
639 5443 779 5510 apud
821 5440 1011 5492 Isaiam
1039 5455 1104 5491 ex
1139 5456 1367 5507 persona
1399 5439 1761 5493 Prmcursoris
1795 5439 1998 5492 dictum

437 5532 713 5602 legimus:
761 5533 953 5583 l’arale
1009 5533 1142 5584 viam
1193 5534 1416 5584 Domino
1449 5531 1513 5586 ³⁷.
1575 5533 1748 5594 Viam,
1802 5532 1996 5599 inquit,

509 5710 552 5740 ³⁸
581 5709 732 5762 Deut.
771 5725 844 5772 tv,
874 5708 982 5774 2i;
1026 5709 1190 5766 ilcbr.
1230 5723 1327 5771 xu,
1361 5707 1450 5761 29.
1514 5706 1556 5737 ³⁸
1582 5705 1728 5761 Psal.
1766 5720 1957 5767 smn,
1994 5703 2071 5755 16.

2187 1715 2291 1768 Καὶ
2378 1719 2734 1784 φυγέτωσαν
2810 1718 2928 1771 ἀπὸ
3013 1717 3335 1784 προσώπου
3397 1717 3584 1770 αὐτοῦ
3631 1720 3682 1769 ol

2113 1807 2438 1873 μισοῦντες
2470 1809 2675 1861 αὐτόν.
2717 1807 2850 1859 ’Λπὸ
2870 1808 2968 1876 τῆς
3009 1807 3332 1874 ἐπιφανείας
3387 1805 3552 1859 αὑτοῦ
3611 1805 3683 1873 μὴ

2121 1897 2379 1966 φέροντες
2410 1899 2508 1965 τὴν
2545 1899 2632 1950 διὰ
2663 1899 2865 1966 σαρκὸς
2907 1897 3069 1949 αὑτοῦ
3134 1896 3460 1966 παρουσίαν.
3517 1896 3684 1948 Ἔνθα

2120 1987 2229 2055 γὰρ
2258 1986 2478 2067 παρείη,
2515 1987 2874 2056 ὲδραπέτευον
2904 1985 3332 2057 ἀμεταστρεπτί.

2195 2255 2293 2318 Ὠς
2317 2253 2581 2306 ἐκλείπει
2614 2252 2866 2314 καπνὸς,
2893 2248 3360 2303 ὲκλειπὲτωσαν.
3389 2248 3599 2317 Ὥσπερ
3653 2247 3680 2299 ό

2115 2347 2321 2407 καπνὸς
2360 2346 2604 2397 ἐκλείπει
2637 2343 2714 2412 τῷ
2749 2342 3018 2408 πνεύματι
3047 2340 3140 2392 τοῦ
3163 2339 3387 2404 ἀνέμου,
3417 2338 3558 2391 οὕτω
3589 2337 3679 2391 καὶ

2114 2432 2260 2489 οὗτοι
2282 2436 2359 2502 τῷ
2411 2434 2688 2504 Πνεῦματι
2726 2433 2803 2502 τῷ
2865 2431 3005 2497 ἁγίῳ
3059 2430 3410 2499 ὲλαυνόμενοί
3459 2445 3518 2481 τε
3587 2427 3678 2480 καὶ

2115 2526 2372 2581 σκεδαννύ
2382 2543 2552 2596 μενοι.

2200 2617 2290 2682 Ὠς
2320 2616 2560 2681 τήκεται
2589 2615 2770 2683 κηρὸς
2792 2616 2910 2670 ἀπὸ
2938 2613 3263 2681 προσώπου
3312 2610 3523 2678 πυρὸς,
3578 2609 3680 2662 οῦ-

2111 2724 2222 2773 τως
2245 2706 2612 2761 ἀπολοῦνται
2640 2709 2692 2759 οὶ
2720 2706 3051 2773 ἁμαρτωλοὶ
3075 2704 3190 2757 ἀπὸ
3210 2701 3534 2769 προσώπου
3572 2700 3676 2753 τοῦ

2114 2797 2284 2851 Θεοῦ.
2317 2796 2530 2864 Ὥσπερ
2560 2794 2773 2864 δκηρδς
2833 2795 3060 2865 τήκεται
3113 2795 3180 2862 τῇ
3231 2790 3524 2860 ἐπιφανείᾳ
3581 2788 3676 2842 τοῦ

2113 2887 2303 2958 πυρὸς,
2339 2886 2514 2951 οὕτως
2542 2881 2687 2941 οὗτοι
2717 2890 2784 2957 τῇ
2819 2885 3112 2956 ἐπιφανείᾳ
3135 2883 3229 2937 τοῦ
3289 2883 3553 2955 Χριστοῦ,
3621 2880 3680 2942 ὃς

2115 2979 2584 3048 προσαγορεύεται
2609 2979 2720 3048 πῦρ
2775 2977 3169 3031 καταναλίσκον
3219 2976 3317 3045 τὴν
3349 2973 3678 3043 μοχθηρίαν,

2111 3072 2438 3141 τακήσονται
2489 3070 2884 3140 ὑπορρέοντες
2943 3069 3005 3121 τὸ
3047 3069 3103 3120 δὲ
3171 3065 3577 3127 Ἀπολοῦνται,
3617 3065 3678 3115 οὐ

2110 3161 2208 3230 τὴν
2239 3160 2319 3222 εἰς
2344 3160 2404 3212 τὸ
2437 3160 2510 3229 μὴ
2535 3159 2594 3212 ὃν
2623 3160 2780 3222 ὅλως,
2807 3158 2984 3211 αὐτῶν
3010 3157 3272 3224 ἀφάνειαν
3298 3154 3546 3221 βούλεται
3578 3170 3678 3223 ση-

2114 3251 2346 3321 μαίνειν,
2376 3251 2510 3304 ἀλλά
2533 3253 2631 3320 τὴν
2661 3255 2741 3312 είς
2763 3251 2823 3301 τὸ
2847 3249 2920 3318 μὴ
2943 3243 3080 3301 εἶναι
3111 3249 3168 3299 ὲν
3190 3249 3301 3309 τοῖς
3319 3247 3507 3308 τόποις
3533 3244 3680 3296 ὲκεί-

2111 3359 2223 3406 νοις
2253 3341 2356 3395 ἔτι.
2401 3341 2742 3412 Ἀμαρτωλοὶ
2789 3339 2844 3393 δὲ
2896 3339 2946 3392 οἱ
3002 3337 3276 3408 δαίμονες,
3339 3337 3415 3399 ὡς
3471 3335 3684 3406 πρῶτοι

2111 3435 2530 3504 ἀμαρτήσαντες
2553 3471 2568 3497 ,
2602 3432 2696 3484 καὶ
2723 3431 2824 3499 τῆς
2853 3429 3133 3500 ἁμαρτίας
3165 3427 3406 3499 εὑρεταὶ,
3445 3427 3538 3479 καὶ
3594 3425 3681 3478 «St--

2109 3526 2387 3580 bécxalou

2180 3618 2285 3670 Kal.
2315 3621 2368 3670 οι
2394 3616 2609 3670 δίκαιοι
2639 3614 3185 3684 εὐφρανθήσονται.
3217 3613 3329 3665 Καὶ
3387 3611 3575 3664 λοιπὸν
3628 3610 3678 3662 oi

2107 3708 2488 3770 δικαιωθέντες
2515 3707 2604 3759 διὰ
2635 3708 2732 3776 τῆς
2758 3708 2837 3770 εἰς
2878 3705 3113 3776 Χριστὸν
3145 3706 3404 3767 πίστεως,
3440 3701 3679 3755 καταλυ-

2109 3797 2292 3867 θείσης
2351 3797 2449 3865 τῆς
2488 3795 2802 3864 τυραννίδος
2864 3795 2975 3848 τῶν
3030 3794 3322 3864 δαιμόνων,
3364 3792 3680 3862 εὐφρανθή-

2106 3903 2302 3939 τωσαν.

2189 3977 2720 4044 Ἀγαλλιάσθωσαν
2751 3977 3008 4031 ἐνώπιον
3058 3976 3165 4030 τοῦ
3192 3975 3338 4030 Θεοῦ
3363 3993 3375 4005 ·
3422 3971 3679 4042 τερφθήο

2107 4069 2793 4136 τωσαν-ὲνεὺςρροσύνῃ.
2833 4069 3096 4121 Ἐνώπιον
3121 4069 3214 4121 τοῦ
3279 4066 3413 4120 Θεοῦ
3450 4069 3678 4118 ἐπισκο-

2107 4160 2334 4222 ποῦντος
2362 4160 2559 4222 αὐτοὺς
2589 4161 2711 4213 ἀεί’
2735 4159 3063 4228 Ὄφϐαλμοὶ
3101 4159 3231 4230 γὰρ,
3265 4159 3418 4228 φησι,
3452 4157 3680 4225 Κυρίου

2104 4252 2199 4304 ἐπὶ
2255 4251 2544 4316 δικαίους.
2591 4251 2662 4304 Τὸ
2695 4250 2751 4302 δὲ
2794 4249 3318 4319 Εὐφρανοήτωσαν
3338 4249 3430 4301 καὶ
3475 4249 3680 4315 Ἀγανί-

2106 4343 2460 4402 λιάσθωσαν
2512 4343 2606 4396 καὶ
2643 4342 3076 4416 Τερφθήτωσαν
3110 4345 3168 4394 ἐν
3195 4339 3506 4412 εὐφροσύνῃ
3545 4339 3682 4391 ταὺ-

2106 4434 2198 4488 τδν
2257 4434 2616 4504 σημαίνοντα,
2667 4435 2765 4501 τὴν
2819 4433 3070 4488 ἐπίτασιν
3129 4433 3228 4500 τῆς
3274 4432 3447 4501 χαρᾶς
3475 4428 3684 4499 ἐμφαίο

2111 4543 2312 4580 νουσιν.

2183 4619 2406 4687 ’ᾼσατε
2438 4620 2516 4683 τῷ
2573 4617 2713 4682 Θεῷ.
2767 4619 2829 4670 Οἱ
2873 4617 2972 4686 τῆς
3003 4616 3258 4683 τοιαύτης
3293 4615 3472 4684 χαρᾶς
3499 4611 3684 4678 ἁξιοὺο

2113 4727 2284 4778 μενοι.

2182 4801 2420 4854 Ψὰλατε
2440 4801 2519 4864 τῷ
2543 4803 2787 4870 ὀνόματι
2810 4799 3016 4852 αὑτοῦ.
3050 4800 3187 4869 Περὶ
3238 4798 3427 4850 τούτου
3488 4793 3682 4864 προεί-

2107 4909 2262 4960 ρηται
2302 4894 2430 4960 ἡμῖν
2457 4892 2513 4943 ὲν
2541 4891 2618 4960 τῷ
2641 4900 2686 4958 γ’
2729 4892 2893 4959 στίχῳ
2926 4889 3020 4943 τοῦ
3052 4889 3267 4958 ψαλμοῦ
3299 4887 3369 4958 η’.

2181 4981 2614 5047 Ὀδοποιήσατε
2642 4981 2719 5046 τῷ
2749 4981 3124 5050 ἐπιϐεϐηκότι
3145 4981 3240 5035 ἐπὶ
3270 4979 3524 5048 δυσμῶν
3571 4979 3684 5032 Κύ-

2102 5091 2230 5140 ριος
2255 5075 2441 5144 ὄνομα
2465 5073 2645 5138 αὐτῷ.
2706 5075 2850 5144 Πρὸς
2895 5073 3022 5136 τοὺς
3079 5073 3412 5135 ἀποστόλους
3467 5066 3627 5132 οὗτος
3656 5070 3685 5120 ὀ

2108 5165 2287 5229 λόγος,
2319 5165 2558 5218 κελεύων
2580 5166 2810 5234 δραμεῖν
2835 5168 2914 5227 είς
2953 5164 3022 5217 τὰ
3059 5165 3211 5234 ἔθνη,
3252 5165 3346 5218 καὶ
3413 5165 3513 5232 τὴν
3565 5162 3682 5215 ὁδὸν

2110 5255 2215 5306 τῶν
2270 5257 2453 5325 ψυχῶν
2515 5256 2692 5307 αὐτῶν
2756 5256 3095 5326 εὐτρεπίσαι,
3151 5259 3214 5325 τῇ
3263 5255 3532 5324 ἐπιδημίᾳ
3588 5250 3682 5302 τοῦ

2109 5347 2365 5415 Χριστοῦ,
2393 5347 2479 5398 διὰ
2502 5347 2593 5399 τοῦ
2623 5350 2994 5416 κηρύγματος.
3029 5345 3198 5399 Τοῦτο
3230 5347 3286 5399 δὲ
3318 5348 3430 5398 ἴσον
3455 5346 3578 5396 ἐστὶ
3605 5340 3684 5410 τῷ

2117 5438 2495 5506 Ἑτοιμάσατε
2516 5438 2789 5505 τὴνόδόν
2807 5439 3044 5506 Κυρίου.
3077 5438 3484 5507 Ὀδοποιήσατε,
3526 5436 3682 5502 φησι,

2108 5529 2182 5596 τῷ
2207 5528 2442 5597 Χριστῷ,
2467 5531 2574 5581 πᾶν
2601 5531 2806 5582 σκῶλον
2836 5529 3150 5599 ἐξάραντες.
3189 5528 3270 5594 Τῷ
3301 5525 3681 5594 ἐπιϐεϐηκότα

2155 5704 2195 5734 ετ
2228 5703 2329 5758 1⁵η,
2364 5719 2446 5767 χι,
2472 5704 2541 5768 5;
2589 5703 2775 5759 Matth.
2806 5723 2884 5770 In,
2910 5706 2962 5758 3.
