4070 6224
368 236 470 301 661

1531 244 1921 306 COMMENT.
1968 244 2051 303 IN
2092 244 2453 303 PSALMOS.

3502 248 3613 310 662‘

366 351 424 403 δὲ
462 347 617 402 εἶπεν
640 349 735 403 ἐπὶ
758 351 1027 421 δυσμῶν,
1052 354 1192 408 διότι
1224 355 1338 422 φῶς
1374 357 1450 411 ὦν
1499 357 1821 428 ἀπρόσιτον,
1855 358 1941 411 καὶ

2050 355 2270 409 Christo
2310 355 2493 420 facite,
2525 370 2687 411 omne
2718 356 3193 427 impedimentum'
3214 374 3277 414 ex
3331 374 3416 425 ea,
3445 370 3612 429 atque

372 442 558 503 ’Ἥλιος
592 440 956 514 δικαιοσύνης,
1018 444 1195 514 ἐπέϐη
1215 445 1329 499 τῶν
1347 444 1540 516 ψυχῶν
1558 447 1667 500 τῶν
1722 448 1940 518 ἀνθρώ-

367 545 508 592 πων,
570 530 857 598 ὲνοικήσας
914 532 1246 595 αὐταίςσδιὰ
1306 535 1580 599 πίστεως*
1633 536 1690 588 αἶ
1742 536 1937 606 δυσμοὶ

365 616 524 688 ἦσαν,
552 620 670 689 ἤτοι
699 621 912 685 νύκτες,
942 623 1032 679 διὰ
1053 625 1115 679 τὸ
1142 625 1399 695 ἀλαμπὲς
1461 628 1555 680 καὶ¹
1623 627 1713 679 τὸν
1776 626 1938 695 ζόφον

365 709 462 776 της
516 709 726 780 πλάνης
772 710 864 763 τὶν
923 712 1097 767 πάλαι
1128 716 1579 783 κατακεχυμένον
1613 716 1817 769 αὐτῶν.
1863 718 1935 769 Ἢ

365 797 569 869 δυσμδς
620 804 650 854 ὁ
704 803 929 872 κόσμος,
991 807 1166 859 κατά.’
1235 808 1305 864 Τὸ
1330 808 1457 876 φῶς
1503 810 1575 862 ἐν
1604 809 1677 876 τῇ
1727 812 1941 878 σκοτίῃ

366 891 567 955 φαίνει
598 908 611 922 ο
640 887 760 946 εἶτα
791 894 963 962 λέγει,
994 898 1091 950 καὶ
1114 898 1174 950 τὸ
1199 898 1370 968 ὄνομα
1391 899 1556 953 αὐτοῦ
1576 916 1588 930 ’
1630 902 1710 954 ὅτι
1736 901 1943 971 Κύριος

369 977 592 1031 πάντων
629 981 839 1047 ἁπλῶς,
872 985 901 1036 ὅ
933 986 1051 1037 ἐστι
1087 986 1239 1048 θεός.

2046 445 2439 501 oﬂendiculum
2496 445 2827 502 auferentes.
2892 448 3200 502 Ascendere
3249 455 3427 502 autem
3470 459 3606 501 tum
3663 434 3674 459 ⁶

2046 538 2187 591 dixit
2218 551 2385 604 super
2418 551 2667 602 occasus,
2719 539 2847 607 quia
2881 555 3011 595 cum
3063 538 3465 593 inacccssihilis
3518 539 3605 592 lux

2048 627 2143 691 sit,
2176 637 2230 681 et
2262 627 2354 681 Sol
2378 627 2630 694 justitiaa,
2661 645 2826 698 super
2852 630 3137 683 hominum
3175 629 3389 682 animas
3422 642 3607 681 ascen-

2044 716 2145 780 dit,
2169 725 2222 769 ct
2244 732 2342 787 per
2372 718 2531 772 fidem
2596 720 2651 773 in
2706 720 2790 775 his
2831 719 3120 774 animabus
3175 718 3459 781 habitavit,
3492 731 3609 783 quae

2041 817 2198 864 antea
2228 824 2479 873 occasus.
2509 811 2613 864 hoc
2633 816 2720 865 est
2750 821 2939 866 noctes
2969 811 3164 865 merito
3194 810 3300 863 dici
3330 815 3599 876 poterant,

2041 909 2269 970 propter
2295 902 2684 957 obscuritatem
2725 911 2888 969 atque
2912 902 3197 970 caliginem
3237 901 3463 960 erroris,
3489 913 3597 966 quo

2039 992 2169 1045 olim
2202 991 2558 1048 circumfusa:
2588 992 3001 1048 detinebantur.
3035 991 3152 1057 Vel,
3181 1006 3415 1045 occasus
3448 989 3609 1043 dixit.

374 1082 475 1136 pro
506 1069 763 1125 universo
790 1072 1017 1141 mundo,
1040 1074 1196 1143 juxta
1228 1074 1361 1130 illud
1390 1094 1402 1122 ι
1432 1075 1498 1131 Et
1531 1076 1623 1129 lux
1649 1076 1946 1132 intenebris
1987 1078 2120 1133 lucet
2180 1082 2263 1150 (et
2324 1083 2546 1136 tenebrat
2600 1099 2716 1136 eam
2802 1100 2906 1137 non
2992 1082 3489 1152 comprehenderunt
3546 1082 3609 1120 ³³-

375 1155 651 1214 Tenebras
674 1161 1362 1232 etenimillicevaugelista
1425 1165 1741 1221 universum
1807 1168 2018 1231 orbem,
2061 1171 2165 1225 hoc
2217 1180 2318 1236 est,
2384 1174 2672 1227 universos
2728 1175 2917 1230 mundi
2978 1175 3227 1229 homines
3252 1173 3610 1243 appeliavitl;

367 1246 564 1302 deinde
617 1251 785 1305 etiam
844 1252 996 1307 illius
1044 1269 1240 1309 nomen
1296 1255 1456 1321 dicit,
1496 1258 1641 1327 quod
1690 1259 1905 1315 scilicet
1946 1262 2214 1318 Dominus
2249 1266 2496 1319 omnium
2527 1281 2589 1320 ac
2620 1265 2765 1320 Dens
2792 1275 2874 1322 est
2912 1267 3023 1329 ille,
3089 1268 3180 1334 qui
3221 1264 3492 1328 ascendit,
3554 1269 3612 1315 ttt

366 1337 631 1399 diximus.

439 1457 546 1508 Kal
575 1457 949 1526 ἀγαλλιᾶσθε
978 1461 1234 1516 ἐνώπιον
1256 1465 1464 1519 αὑτοῦ.
1508 1466 1681 1518 Τοῦτο
1740 1467 1935 1537 μικρὸν

364 1543 621 1613 ἀνωτέρω
648 1546 726 1614 τῷ
748 1547 959 1617 ἑϐδόμῳ
987 1550 1153 1620 στίχῳ
1173 1552 1705 1622 συνδιερμηνεύεται.

2120 1468 2285 1522 Vens.
2312 1470 2365 1523 6.
2402 1467 2462 1522 Et
2488 1472 2750 1523 exsultate
2773 1472 2825 1523 in
2853 1480 3121 1536 conspectu
3148 1470 3281 1538 ejus.
3315 1468 3424 1522 lloc
3446 1465 3607 1536 paulo

2045 1561 2297 1628 superius
2326 1563 2378 1615 in
2420 1563 2579 1615 tertio
2616 1562 2886 1615 versiculo
2918 1563 3295 1623 exposuimus.

442 1637 916 1705 Ταραχθιξτωοναν
943 1641 1064 1693 ἀπὸ
1115 1643 1442 1709 προσώπου
1484 1646 1695 1700 αὐτοῦ.
1765 1646 1937 1700 Τοῦτο

2116 1651 2414 1705 Turbentur
2443 1669 2473 1705 a
2505 1653 2642 1719 [acie
2674 1652 2809 1720 ejus.
2862 1651 3014 1716 Quod
3046 1651 3142 1715 ait,
3196 1649 3237 1700 Α
3290 1648 3425 1716 facie
3470 1648 3606 1711 eius,

368 1725 530 1778 πάλιν
559 1727 637 1797 τῷ
662 1730 899 1801 δευτέρῳ
932 1733 1125 1801 στίχῳ.

441 1826 551 1880 Τοῦ
579 1826 804 1892 πατρὸς
839 1826 958 1879 τῶν
986 1830 1268 1897 ὀρφανῶν
1291 1831 1393 1884 καί
1426 1830 1634 1897 κριτοῦ
1666 1831 1782 1885 τῶν
1836 1850 1940 1901 χη-

361 1916 489 1985 ρῶν
517 1918 651 1988 (33).
681 1918 783 1972 Διὰ
814 1920 1035 1986 πρῶτον
1082 1921 1281 1985 κώλου,
1323 1921 1385 1973 τδ
1437 1922 1793 1990 κηδεμονικὸν
1841 1922 1943 1976 αὐ-

369 2005 463 2057 τοῦ
488 2006 827 2073 παρέστησε,
864 2007 955 2058 διὰ
972 2006 1029 2059 δὲ
1063 2005 1158 2059 τοῦ
1203 2007 1456 2078 δευτέρου
1489 2007 1696 2076 στίχου,
1751 2008 1809 2060 τὸ
1863 2006 1944 2059 δι-

372 2099 632 2149 καστικόν
655 2112 671 2127 ⁸
706 2097 788 2149 ὅτι
819 2098 909 2150 καὶ
931 2097 1182 2165 κηδεμών
1218 2101 1334 2151 ἐστι
1371 2098 1481 2150 τῶν
1571 2097 1946 2167 ἀπροστατεῠ-

371 2201 503 2247 των,
532 2186 626 2238 καὶ
659 2186 852 2255 κριτὴς
872 2187 981 2239 τῶν
1011 2187 1400 2259 ἀδικουμένων.
1433 2190 1502 2241 Ἦ
1523 2188 1792 2257 ὀρφανοὺς
1853 2188 1944 2241 καὶ

375 2274 551 2343 χήρας
585 2274 741 2327 καλεῖ
763 2277 888 2338 τοὺς
935 2275 994 2341 ἐξ
1027 2277 1200 2330 ἐθνῶν
1248 2278 1675 2338 πιστεύσαντας’
1726 2278 1787 2329 τὸ
1841 2276 1941 2346 μὲν

371 2364 449 2425 di;
474 2364 917 2435 ἀποϐεϐληκότας
947 2369 1039 2419 τὸν
1083 2368 1250 2420 πάλαι
1297 2368 1507 2437 πατέρα
1533 2366 1712 2420 αὐτῶν
1760 2366 1947 2420 διάϐο-

368 2452 492 2505 λοψ
533 2455 596 2505 τὸ
626 2454 681 2506 δὲ
713 2456 790 2517 ὠς
815 2456 1164 2526 χηρωθέντας
1189 2458 1283 2510 τοῦ
1319 2458 1485 2511 αὐτοῦ
1517 2458 1703 2521 πάλιν,
1753 2457 1814 2510 ὃν
1852 2453 1935 2509 εἴ-

368 2559 462 2611 χον
496 2543 587 2595 καὶ
620 2546 876 2614 νυμφίον,
912 2546 989 2608 ῶς
1034 2546 1531 2616 προσκολληθέντες
1561 2544 1728 2615 αὐτῷ.
1782 2544 1939 2598 Μετὰ

366 2634 425 2686 δὲ
451 2633 513 2686 τὸ
542 2635 806 2705 κήρυγμα
855 2638 1069 2709 πατέρα
1116 2639 1210 2690 καὶ
1250 2639 1485 2707 νυμφίον
1512 2638 1807 2693 ἀντέλαϐον
1847 2639 1939 2692 τὸν

367 2723 530 2775 Θεόνο
583 2726 790 2796 πατέρα
815 2727 912 2796 μὲν
937 2729 1010 2790 ὡς
1073 2728 1348 2797 κηδεμόνα
1383 2744 1398 2759 ·
1457 2728 1695 2799 νυμφίον
1754 2727 1830 2792 δὲ,
1866 2728 1940 2792 ὡς

371 2815 731 2884 συναφθέντὲς
755 2818 905 2887 αὐτῷ
934 2818 1022 2873 διὰ
1051 2818 1309 2882 πίστεως.

2037 1744 2392 1810 exposuimus
2430 1743 2686 1811 superius
2713 1745 2766 1795 in
2804 1744 3046 1796 secundo
3086 1740 3390 1794 versiculo.

2114 1827 2300 1882 Patris
2325 1829 2683 1898 orphanorum
2716 1846 2779 1883 ac
2826 1830 3022 1898 judicia
3077 1830 3381 1883 viduarum.
3429 1826 3610 1880 Patris

2038 1929 2092 1975 et
2122 1919 2323 1988 judicis
2360 1921 2739 1988 appellatione,
2776 1931 2828 1974 et
2879 1936 3146 1975 summam
3202 1920 3354 1973 illum
3420 1916 3613 1972 Provi-

2040 2009 2303 2074 dentiam,
2339 2017 2393 2065 et
2436 2024 2625 2063 curam
2661 2009 2862 2063 habere
2894 2009 3310 2068 demonstravit.
3358 2016 3413 2059 et
3445 2007 3611 2074 judi-

2043 2099 2201 2154 candi
2235 2100 2457 2168 insuper
2495 2107 2821 2168 potestatem
2856 2113 3131 2153 exercere.
3169 2095 3301 2150 Nam
3333 2105 3387 2151 et
3422 2110 3607 2149 curam

2044 2206 2233 2246 eorum
2261 2191 2422 2245 habet
2448 2190 2607 2255 Deus,
2639 2192 2735 2261 qui
2756 2190 2904 2246 oumi
2931 2189 3183 2244 videntur
3212 2202 3317 2256 ope
3338 2186 3608 2248 destituti,

2041 2292 2095 2337 et
2126 2282 2292 2349 judex
2327 2281 2491 2335 etiam
2523 2296 2711 2335 eorum
2748 2290 2851 2343 est,
2909 2280 3001 2348 qui
3046 2294 3142 2348 per
3190 2275 3431 2344 alicujus
3462 2273 3612 2342 inju—

2042 2374 2178 2441 riam
2220 2373 2624 2440 apprimuntnr.
2664 2370 2957 2440 Orphanos
2992 2377 3278 2440 praeterea,
3326 2382 3390 2421 ac
3415 2365 3609 2420 viduas

2040 2475 2135 2515 eos
2169 2460 2427 2530 appellat,
2463 2460 2556 2528 qui
2591 2474 2656 2513 ex
2687 2460 2945 2527 gentibus
2974 2457 3351 2519 crediderunt,
3376 2454 3610 2508 alterum

2048 2551 2289 2620 quidem,
2323 2565 2388 2603 eo
2418 2550 2562 2620 quod
2605 2558 2813 2619 patrem
2839 2550 2966 2603 olim
3011 2564 3192 2613 suum,
3229 2546 3507 2601 diabolum
3532 2542 3610 2596 vi-

2047 2640 2264 2703 delicet,
2327 2640 2688 2709 abiecerunt;
2741 2641 2969 2695 alterum
3032 2654 3199 2701 vero,
3246 2637 3374 2706 quia
3425 2633 3609 2688 lidelcs

2047 2733 2262 2792 animae,
2322 2746 2440 2799 qua:
2485 2732 2863 2795 crediderunt,
2929 2731 3047 2801 ipso
3105 2742 3330 2799 prorsus
3375 2726 3610 2780 viduata:

2050 2832 2177 2876 sunt
2220 2822 2461 2884 diabolo,
2517 2837 2680 2891 quem
2731 2832 2889 2875 antea
2925 2834 3188 2888 sponsum
3225 2818 3519 2877 habebant,
3555 2821 3609 2867 et

368 2908 457 2960 cui
484 2908 847 2965 adhaeserant.
879 2911 1089 2980 Quippe
1134 2926 1262 2964 cmn
1304 2918 1426 2979 post
1477 2911 1922 2979 praedicationem
1966 2918 2021 2966 et
2055 2911 2354 2981 baptisma,
2388 2913 2599 2983 (alium)
2663 2919 2874 2980 patrem
2921 2910 3243 2978 (aliumque)
3310 2916 3603 2974 sponsum,

369 3001 515 3071 (loco
564 3002 826 3073 priorum)
858 3006 1165 3072 receperint
1193 3005 1398 3072 (ipsum
1424 2986 1708 3073 nimirum)
1777 3004 1967 3071 Deum,
2008 3020 2166 3075 quon
2228 3006 2281 3060 iu
2316 3016 2522 3075 patrem
2569 3006 2787 3074 quidem
2817 3010 3148 3071 acceperunt
3196 2998 3361 3051 veluti
3393 2999 3612 3049 curato-

368 3109 508 3157 rem,
539 3101 592 3149 et
616 3093 1012 3163 providentiam
1061 3095 1501 3149 necessariorum
1551 3097 1796 3149 omnium
1831 3095 2146 3161 habentem,
2182 3108 2348 3167 atque
2418 3100 2469 3150 iu
2509 3111 2798 3165 sponsum,
2864 3098 2953 3149 cui
3003 3101 3063 3147 ut
3128 3104 3298 3148 casta:
3365 3090 3607 3160 virgines

369 3186 775 3255 coniungantur
797 3200 891 3253 per
918 3185 1099 3239 ﬁdem.

451 3274 514 3328 '0
542 3274 686 3339 Θεὸς
711 3274 783 3327 ἐν
828 3274 987 3342 τόπῳ
1021 3275 1169 3343 ἁγίῳ
1195 3274 1400 3331 αὐτοῦ.
1430 3276 1520 3329 Ἐν
1570 3275 1650 3345 τῷ
1683 3276 1900 3347 οὐρανῷ
1919 3293 1932 3307 ο

2113 3276 2254 3330 Deus
2307 3277 2359 3328 in
2411 3275 2524 3328 loco
2580 3284 2763 3330 sancto
2823 3290 2940 3328 suo.
2973 3272 3032 3328 lu
3062 3274 3202 3329 coelo
3248 3273 3531 3337 nimirum,
3556 3281 3611 3325 et

369 3366 549 3420 λείπει
596 3366 674 3430 δὲ,
703 3367 764 3418 τὸ
805 3367 998 3421 ἐστιν.
1046 3368 1295 3438 Εἰρηκῶς
1341 3369 1450 3439 γὰρ
1505 3369 1846 3433 Ἀκαστήτω
1907 3372 1940 3421 d

373 3460 538 3526 Θεὸς,
562 3459 661 3514 καὶ
679 3459 1092 3528 ὁδοποιησάτω
1120 3460 1198 3525 τῷ
1248 3461 1628 3529 ἑπισεόηκότι
1679 3461 1778 3514 ἐπὶ
1829 3461 1938 3514 δυ-

370 3552 564 3623 σμῶν,
618 3551 931 3621 ἀναγκαίως
982 3553 1292 3623 ἐπήγαγεν·
1344 3554 1411 3608 'O
1484 3554 1629 3619 Θεὸς
1651 3553 1722 3607 ἐν
1779 3555 1941 3621 τόπῳ

376 3645 523 3714 ἁγίῳ
551 3644 740 3699 αὑτοῦ
759 3661 774 3676 ο
797 3645 1067 3698 διδάσκων
1095 3646 1177 3698 ὅτι
1212 3646 1271 3698 ὲν
1300 3644 1377 3715 τῷ
1402 3644 1643 3715 οὓρανῷ,
1690 3645 1750 3707 ὅς
1789 3646 1947 3697 ἐστιν

372 3736 529 3804 ἆγιος
561 3736 728 3799 τόπος
752 3734 944 3801 αὐτοῦ,
969 3736 1257 3791 ἀνίσταται
1284 3736 1379 3788 καὶ
1403 3736 1540 3806 πρὸς
1568 3734 1801 3805 ἄμυναν,
1849 3733 1942 3787 καὶ

372 3827 648 3882 ἐπιϐαίνει
685 3830 779 3882 ἐπὶ
801 3828 1046 3898 δυσμῶν,
1080 3827 1176 3882 καὶ
1196 3827 1232 3881 ἃ
1265 3827 1516 3898 βούλεται
1536 3828 1814 3898 οἰκονομεῖ
1834 3842 1848 3858 ·
1878 3826 1939 3879 οὐ

377 3920 677 3989 μεταϐάσει
722 3922 927 3990 τοπικῇ
998 3920 1317 3989 χρώμενος·
1350 3918 1772 3989 ἀπερίγραπτος
1831 3918 1943 3988 γάρ

372 4015 513 4066 ἐστι.
548 4010 769 4066 Τοιοῦτο
786 4013 845 4065 δέ
887 4016 1004 4066 ἐστι
1030 4013 1126 4067 καὶ
1177 4013 1265 4065 τό·
1320 4012 1530 4077 Οὐδεὶς
1576 4011 1944 4077 ἀναϐέϐηκεν

372 4102 456 4166 εις
497 4100 604 4153 τὸν
628 4099 889 4168 οἰιρανὸν
916 4103 969 4154 εί
984 4101 1070 4169 μὴ
1102 4103 1135 4154 ό
1159 4100 1228 4153 ἐκ
1251 4099 1357 4154 τοῦ
1377 4098 1639 4166 οὐρανοῦ
1657 4097 1938 4164 καταϐὰς,

375 4194 409 4243 ὀ
454 4192 587 4255 Υἱὸς
613 4191 720 4244 τοῦ
751 4191 1065 4258 ἀνθρώπου
1089 4195 1121 4246 ὀ
1139 4191 1223 4243 ὢν
1248 4192 1321 4245 ἐκ
1351 4190 1432 4257 τῷ
1477 4190 1732 4257 οὐρανῷ.
1775 4191 1945 4244 Κάτω
1970 4244 1977 4247 .

373 4282 485 4353 γὰρ
521 4284 960 4352 πολιτευόμενος,
991 4286 1165 4337 καὶέν
1226 4284 1305 4355 τῷ
1354 4284 1593 4354 οὐρανῷ,
1640 4283 1942 4353 ἀχώριστος

374 4368 443 4443 ἦν
460 4373 556 4427 τοῦ
581 4375 816 4446 Πατρός.
871 4376 972 4444 Εῖη
1009 4375 1053 4427 δ’
1095 4375 1162 4427 ἂν
1183 4374 1341 4442 ἅγιος
1369 4375 1536 4436 τόπος
1564 4373 1729 4439 Θεοῦ,
1754 4374 1852 4427 καὶ
1906 4374 1940 4442 ἡ

387 4462 684 4533 Ἐκκλησία
706 4464 816 4517 τῶν
843 4464 1075 4529 πιστῶν,
1117 4464 1213 4516 mi.
1243 4465 1352 4524 πᾶς
1380 4462 1657 4533 θεοφιλής.

455 4726 521 4780 '0
544 4728 689 4794 Θεὸς
715 4729 1021 4789 κατοικίζει
1043 4730 1457 4798 μονοτρόπους
1479 4730 1549 4783 ἐν
1580 4730 1742 4796 οἴκῳ.
1766 4729 1941 4783 Μονο-

374 4820 613 4890 τρόπους
638 4823 772 4889 φησὶ
812 4824 940 4885 τοὺς
975 4820 1247 4884 δικαίους·
1284 4820 1358 4883 ὡς
1389 4821 1659 4890 μηδεμίαν
1717 4821 1941 4891 διπλόην

379 4911 645 4979 πονηρίας
675 4912 921 4981 ἔχοντας,
951 4913 1025 4981 μὴ
1046 4913 1091 4964 δ’
1125 4912 1429 4981 ἐπιπλοκὴν
1456 4912 1673 4974 κακίας,
1696 4913 1811 4965 ἀλλ’
1843 4912 1944 4965 ἕνα

380 5001 583 5054 σκοπὸν
603 5006 702 5071 τὴν
731 5004 1030 5074 Θεραπείαν
1058 5004 1152 5056 τοῦ
1176 5003 1314 5057 Θεοῦ
1343 5003 1810 5071 μεταδιώκονταςο
1842 5002 1938 5066 οὓς

377 5094 472 5145 καὶ
495 5096 799 5158 κατοικίζει
828 5099 887 5148 ὲν
909 5097 1057 5166 οἰκίᾳ
1085 5097 1212 5163 περὶ
1241 5090 1309 5165 ἧς
1342 5096 1533 5164 εἴρηκε
1591 5094 1826 5161 Παῦλος,
1858 5096 1940 5147 ὅτι

373 5188 711 5258 οἰκοδομὴν
726 5191 794 5243 ἐκ
821 5191 970 5244 Θεοῦ
992 5193 1227 5259 ἔχομεν,
1247 5191 1444 5244 οὶκίαν
1458 5189 1938 5258 ἀχειροποίητον,

448 5360 492 5394 ⁸³
517 5360 676 5416 Joau.
710 5380 747 5425 ι,
770 5364 823 5417 5.
888 5364 934 5395 ³⁹
959 5364 1117 5418 Jnun.
1158 5382 1241 5427 ιιι,
1275 5366 1361 5419 15.

2044 3367 2500 3433 subiutelligitur,
2534 3367 2787 3430 verbum,
2823 3376 2923 3420 est.
2983 3364 3119 3421 Nam
3169 3380 3294 3420 cum
3354 3365 3605 3420 dixerit:

2040 3463 2305 3532 Exsurgat
2340 3461 2477 3514 Deus
2506 3476 2523 3513 :
2559 3461 2689 3514 item
2721 3477 2734 3512 :
2763 3458 2877 3514 Iter
2927 3459 3089 3527 facile
3134 3458 3182 3512 ei
3229 3458 3319 3526 qui
3370 3456 3610 3512 ascendit

2041 3570 2197 3622 super
2235 3568 2474 3612 occasus.
2521 3549 2839 3605 necessario
2894 3548 3139 3605 subdidit
3175 3565 3192 3603 ;
3234 3547 3374 3602 Deus
3411 3548 3467 3602 in
3492 3548 3625 3601 loco

2041 3651 2227 3695 sancto
2253 3656 2372 3704 suo,
2409 3649 2468 3692 nt
2489 3640 2737 3701 doceret,
2771 3640 2917 3708 quod
2949 3638 3040 3693 ille
3078 3636 3246 3701 Deus,
3265 3637 3361 3705 qui
3390 3636 3617 3692 exsistit

2043 3735 2103 3790 in
2130 3735 2292 3795 coelo,
2348 3732 2442 3787 ubi
2474 3733 2655 3787 locum
2695 3741 2947 3787 sanctum
2982 3746 3145 3787 suum
3176 3745 3303 3789 esse
3340 3729 3603 3790 dicimus.

2044 3825 2188 3880 idem
2230 3824 2324 3879 ille
2356 3830 2465 3888 est,
2502 3822 2595 3891 qui
2651 3821 2898 3891 exsurgit
2952 3821 3008 3875 in
3057 3820 3348 3884 auxilium,
3403 3827 3460 3876 et
3512 3821 3621 3888 qui

2042 3916 2290 3973 ascendit
2312 3930 2478 3986 super
2516 3928 2773 3978 occasus,
2815 3920 2871 3969 et
2915 3912 3009 3982 qui
3059 3910 3414 3967 administrat
3461 3925 3609 3980 quie-

2042 4024 2257 4079 cnuqtte
2286 4008 2336 4064 ei
2366 4016 2524 4078 grata
2558 4014 2710 4069 sunt,
2741 4004 2889 4060 nulla
2941 4013 3101 4059 utens
3140 4004 3247 4058 loci
3282 4003 3606 4068 nutatione,

2043 4100 2197 4155 nullo
2217 4100 2472 4155 transitu.
2518 4096 2615 4154 Est
2635 4096 2843 4152 etenim
2878 4094 3403 4165 incircumscriptus
3436 4094 3604 4151 Deus.

2043 4192 2233 4248 Simile
2267 4192 2431 4246 etiam
2480 4189 2617 4244 illud
2651 4198 2737 4243 est
2773 4206 2788 4243 :
2826 4186 2997 4243 Nemo
3042 4186 3278 4242 ascendit
3310 4188 3371 4241 in
3399 4187 3605 4248 cretum,

2042 4285 2145 4337 nisi
2173 4286 2264 4354 qui
2291 4282 2557 4338 descendit
2587 4281 2650 4335 de
2679 4282 2826 4344 calo,
2853 4279 2901 4333 F
2904 4280 3027 4334 ilius
3047 4279 3303 4345 Itntttinis,
3329 4279 3421 4349 qui
3444 4288 3523 4334 est
3554 4280 3606 4331 in

2043 4379 2170 4431 creto
2205 4380 2271 4429 δ’.
2302 4375 2365 4429 lu
2400 4384 2543 4428 terra
2576 4374 2783 4429 etenim
2813 4386 3153 4429 conversans
3186 4370 3280 4426 Dei
3324 4370 3520 4433 Filius,
3552 4370 3617 4423 in

2043 4470 2182 4523 emta
2217 4472 2336 4520 e‘rat
2372 4465 2643 4521 indivisus
2672 4480 2703 4518 ει
2735 4462 2912 4518 Patre.
2972 4461 3183 4516 Dicitur
3232 4462 3399 4516 etiam
3452 4461 3618 4517 locus

2044 4566 2270 4613 sanctus
2306 4557 2550 4611 Ecclesia
2595 4555 2859 4618 ﬁdelium,
2916 4562 2969 4608 et
3015 4553 3251 4622 quilibet
3291 4553 3472 4609 ﬁdelis
3525 4552 3610 4606 vir

1971 4621 2018 4680 Β
2044 4648 2358 4715 religiosus,
2386 4660 2451 4699 ac
2490 4645 2602 4698 Deo
2632 4652 2849 4713 gratus.

2120 4738 2282 4794 Vens.
2320 4739 2372 4792 7.
2404 4737 2540 4792 Deus
2570 4737 2815 4789 habitare
2829 4736 2959 4804 facit
2991 4736 3147 4789 unius
3184 4733 3348 4788 tutoris
3375 4734 3609 4787 homines

2046 4832 2104 4884 in
2139 4832 2315 4883 domo.
2352 4828 2528 4884 Unius
2563 4829 2735 4882 moris
2787 4826 3038 4881 homines
3073 4840 3170 4880 eos
3192 4840 3317 4880 esse
3347 4824 3609 4892 intelligo.

2048 4919 2141 4988 qui
2169 4916 2304 4987 justi
2331 4924 2461 4971 sunt
2497 4930 2562 4969 ac
2585 4917 2792 4969 virtute
2816 4915 3051 4985 prmditi.
3077 4913 3242 4967 veluti
3272 4912 3422 4967 omni
3454 4926 3608 4981 pror-

2051 5026 2146 5065 sus
2181 5008 2406 5064 malitize
2435 5007 2779 5076 duplicitate,
2817 5022 2881 5061 ac
2922 5006 3032 5061 doli
3075 5004 3496 5074 complicationc
3523 5017 3612 5056 ca-

2049 5108 2257 5162 rentes,
2316 5097 2409 5151 uni
2468 5104 2681 5151 tantum
2742 5098 2841 5159 rei.
2908 5098 3011 5153 hoc
3056 5106 3161 5160 est,
3215 5094 3403 5148 divino
3436 5090 3608 5145 cultui

2046 5190 2450 5245 iucmuheutes.
2475 5186 2587 5244 ﬂos
2610 5189 2812 5244 etenim
2838 5187 3092 5245 homines
3116 5183 3263 5240 Deus
3286 5182 3343 5237 in
3361 5195 3423 5237 ea
3447 5179 3617 5234 domo
3699 5211 3707 5217 -

1694 5505 1892 5566 Variae
1931 5505 2258 5567 lectiones.

454 5624 566 5693 (35)
607 5624 684 5678 Ad
727 5624 950 5681 verbum
986 5645 998 5680 :
1038 5626 1217 5680 Priora
1254 5626 1481 5681 membro
1530 5627 1640 5695 ejus
1663 5627 2065 5695 providentiam,
2092 5625 2559 5693 alterojudicandi
2583 5634 2889 5695 potestatem
2927 5623 3273 5677 demonstrat.
