4070 6224
441 214 547 276 663

1640 224 2028 284 EUTHYMII
2066 226 2243 286 ZIGA
2259 229 2437 287 ΒΕΝΙ

3575 231 3680 293 664

442 332 692 386 habitare
749 333 899 400 facit,
938 337 1005 391 de
1054 354 1159 405 qua
1213 339 1510 407 Apostolus
1562 339 1763 392 Paulus
1808 338 1942 393 dicit
1984 357 1995 391 :

2119 341 2175 392 ἓν
2202 342 2325 407 τοῖς
2362 345 2641 411 οὐρανοῖς
2668 344 2929 400 αἰώνιον.
2976 347 3033 399 '0
3063 347 3118 400 δὲ
3144 346 3438 416 Σύμμαχος
3479 349 3678 400 Mora-

438 424 586 491 quod
616 426 991 479 habitationem
1028 442 1093 481 ea:
1126 428 1232 481 Deo
1263 429 1509 484 habemus
1549 447 1652 483 non
1701 446 1859 483 manu
1919 429 2006 497 fa-

441 524 602 573 ctam,
641 526 892 569 a’lemam
933 518 986 570 in
1020 518 1162 571 cwlis
1194 518 1259 571 ιθ.
1299 519 1663 590 Symmachus
1717 536 1848 572 vero
1904 534 2002 587 pro

440 604 777 672 hominibus,
808 624 944 675 quos
977 610 1141 665 unius
1168 613 1338 665 moris
1368 627 1492 667 esse
1532 611 1670 665 dixit
1700 611 1994 678 Propheta,

2117 430 2259 497 χοὺς
2306 433 2585 499 ἐξέδωκεν,
2616 437 2690 499 ὡς
2718 436 3138 507 μεμονωμένους
3163 438 3363 499 παντὸς
3425 435 3683 506 βιωτικοῦ

2112 523 2431 591 πράγματος
2449 540 2463 555 ·
2495 525 2587 589 οὓς
2615 528 2912 593 κατοικίζει
2938 531 2995 582 ὲν
3016 529 3317 599 οἰκητηρίῳ
3340 527 3681 596 καταμόνας.

2108 613 2481 685 Προαγορεύει
2525 619 2582 671 δὲ
2637 621 2737 687 τὴν
2791 622 3074 674 πολιτείαν
3132 622 3243 674 τῶν
3283 619 3681 689 ἀναχωρητῶν.

440 711 534 750 seu
570 698 878 763 unanimes,
926 705 1209 757 monachos
1240 704 1498 769 reddidit,
1524 704 1682 774 quasi
1728 705 1796 758 ab
1844 704 1994 757 omni
2039 708 2322 762 mundano
2344 712 2565 781 negotio
2586 728 2816 781 prorsus
2845 722 3182 783 segregatos,
3240 727 3305 765 ac
3363 710 3683 765 solitarios:

440 806 686 862 quosque
718 794 1077 862 singulariter
1110 786 1252 851 Deus
1301 798 1549 851 habitare
1618 798 1749 850 facit
1813 798 1865 849 in
1900 798 2082 866 parvis
2121 799 2435 859 domiciliis.
2462 804 2700 874 Etjuxta
2733 807 2879 861 hunc
2905 824 3123 863 sensum
3145 807 3443 877 prmdicare
3475 805 3688 858 videtur

440 884 708 951 Propheta
743 887 1073 942 anachoreta
1086 902 1201 940 rum
1241 889 1405 942 vitam
1420 928 1432 940 .

513 976 753 1029 Educens
790 979 985 1031 cinctos
1013 980 1066 1030 in
1093 978 1425 1047 fortitudine.
1464 981 1738 1044 Edureus,
1772 982 1874 1034 hoc
1903 992 2006 1046 est,

442 1068 681 1121 liberans
737 1082 831 1122 eos
886 1069 1168 1133 nimirum,
1223 1070 1327 1139 qui
1386 1083 1734 1138 peccatorum
1782 1086 2005 1124 suorum

439 1157 672 1221 catenis,
705 1165 758 1211 et
789 1157 1102 1212 daemonum
1131 1159 1392 1221 vinculis,
1439 1159 1541 1214 hoc
1580 1170 1683 1223 est,
1719 1160 2006 1213 aﬂcctibus

442 1266 536 1303 seu
573 1250 949 1319 passionibus,
996 1266 1058 1304 ac
1097 1259 1447 1319 peccatorum
1496 1251 2002 1320 perturbationibus

441 1340 633 1404 vincti,
666 1350 831 1409 atque
880 1342 1081 1411 alligati
1132 1352 1262 1395 sunt
1307 1361 1317 1394 :
1358 1357 1467 1410 quo
1517 1356 1767 1395 sermOne
1815 1342 2001 1396 lideles

442 1431 714 1500 iltlt'lllgll,
745 1433 833 1500 qui
859 1449 920 1485 ex
944 1434 1197 1500 gentibus
1225 1431 1589 1502 congregandi
1612 1443 1782 1485 erant.
1811 1433 2002 1487 Edueit

442 1530 622 1576 autem
655 1539 750 1576 eos
781 1526 831 1575 in
861 1524 1202 1588 fortitudine,
1238 1524 1337 1576 hoc
1361 1532 1465 1585 est,
1489 1525 1540 1575 in
1570 1525 1750 1576 divina
1786 1524 2004 1588 virtute,

444 1628 506 1665 ac
557 1614 817 1679 putentia,
852 1629 955 1681 qua
990 1625 1279 1684 tyrannum
1323 1616 1547 1669 devicit.
1599 1613 1692 1667 Vel
1730 1615 1913 1678 etiam,
1952 1615 2005 1666 in

444 1704 647 1757 virtute
683 1706 950 1758 sermonis
978 1707 1311 1775 evangelici.

518 1795 776 1847 Similiter
811 1811 920 1856 eos,
951 1798 1039 1863 qui
1067 1808 1407 1864 exasperant,
1453 1800 1541 1866 qui
1569 1798 1809 1850 habitant
1841 1799 1894 1850 in
1929 1814 2010 1851 δε·
2046 1777 2087 1828 Β

443 1884 661 1949 pulcris.
702 1885 815 1939 Non
872 1890 1070 1951 solum,
1138 1888 1333 1956 inquit,
1408 1897 1462 1940 tu
1511 1888 1740 1955 gentiles
1771 1889 2018 1944 educise

444 1974 700 2039 vinculis,
720 1977 813 2030 sed
837 1987 887 2031 et
910 1980 1058 2046 ipsos
1080 1978 1239 2031 etiam
1259 1993 1322 2032 ex
1342 1979 1761 2033 circumcisione
1776 1978 2015 2045 Iudaeos,

444 2082 583 2135 quos
617 2078 995 2135 cxasperantes
1049 2069 1312 2138 appellat,
1350 2084 1444 2121 seu
1504 2070 1919 2132 exacerbantes,
1951 2084 2015 2122 ea

447 2163 658 2215 ratione
714 2176 879 2229 quam
933 2161 1179 2214 diximus
1228 2160 1281 2213 in
1333 2161 1546 2229 psalmo
1597 2177 1718 2213 va.
1778 2160 2016 2215 Possunt

445 2250 605 2303 etiam
644 2251 803 2303 verba
832 2252 944 2303 haec
968 2252 1035 2303 ita
1062 2250 1308 2319 intelligi,
1345 2257 1400 2302 ut
1437 2251 1778 2318 prophetiam
1836 2251 2015 2303 conti«

446 2348 634 2400 neaut,
682 2340 748 2393 de
793 2341 1098 2392 universali
1154 2353 1495 2393 mortuorum
1554 2341 1960 2394 resurrectione
1999 2358 2012 2393 :

446 2429 592 2496 quod
622 2430 835 2483 scilicet
876 2431 1020 2483 Deus
1069 2447 1132 2483 ex
1175 2433 1546 2484 monumentis
1576 2447 1768 2486 omnes
1803 2432 2015 2486 vinctos

449 2520 641 2573 mortis
671 2520 888 2574 vinculo
922 2521 1142 2587 educet,
1170 2536 1230 2574 ac
1254 2521 1564 2585 suseitabit,
1600 2533 1651 2574 et
1683 2522 1827 2590 quod
1859 2523 2013 2575 simi~

451 2611 576 2663 liter
603 2611 800 2665 educet
830 2610 1067 2666 Judwos.
1120 2614 1214 2666 llla
1266 2622 1446 2668 autem
1480 2616 1639 2666 verba
1679 2631 1691 2665 :
1731 2611 1834 2677 Qui
1863 2612 2014 2665 habi-

450 2710 564 2755 tant
595 2703 644 2756 in
679 2705 957 2772 sepulcris,
1005 2706 1070 2757 ad
1120 2706 1378 2774 majorem
1407 2705 1830 2759 declarationem
1865 2705 2011 2759 dicta

2197 983 2459 1048 Ἔξάγων
2486 986 2944 1052 πεπεδημένους
2976 987 3045 1037 ἐν
3096 986 3332 1052 ἀνδρίᾳ.

2106 1075 2279 1125 εῖτουν
2310 1073 2634 1142 ἐλευθερῶν,
2663 1078 2792 1138 τοὺς
2850 1075 3265 1144 πεπεδημένους
3314 1077 3432 1135 ταῖς
3475 1078 3689 1144 σειραῖς

2103 1165 2213 1216 τῶν
2255 1165 2688 1234 ἁμαρτημάτων,
2720 1166 2751 1236 ἢ
2778 1167 2891 1229 τοῖς
2914 1168 3134 1236 δεσμοῖς
3157 1166 3253 1219 τοῦ
3290 1167 3549 1234 δαίμονος
3570 1184 3583 1196 ·
3651 1169 3689 1219 ἆ

2101 1255 2207 1305 είσι
2235 1255 2303 1306 τά
2334 1255 2503 1323 πάθη.
2561 1257 2724 1323 Λέγει
2765 1257 2823 1309 δὲ
2854 1259 2980 1319 τοὺς
3036 1257 3093 1321 ἐξ
3126 1256 3297 1308 ἐθνῶν
3353 1256 3685 1308 πιστεύσανι

2102 1361 2197 1406 τας
2229 1360 2240 1372 ·
2276 1345 2484 1412 ἐξάγων
2518 1346 2573 1397 δὲ
2607 1349 2732 1407 τοὺς
2780 1348 2836 1398 ὲν
2889 1346 3103 1416 ἀνδρίᾳ,
3168 1347 3337 1415 ἤγουν
3407 1348 3463 1396 ὲν
3533 1345 3688 1411 ἰσχύϊ

2100 1436 2387 1504 Θεότητος,
2437 1438 2921 1508 καταγωνιζομένῃ
2956 1439 3048 1489 τὸν
3076 1438 3344 1505 τύραννον
3376 1452 3388 1465 ·
3427 1437 3458 1502 ἢ
3503 1437 3599 1488 καὶ
3624 1441 3688 1489 ὲν

2104 1528 2331 1596 δυνάμει
2365 1528 2541 1596 λόγων
2563 1530 2671 1581 τῶν
2700 1531 3105 1598 εὐαγγελικῶν.

3417 984 3684 1051 Ἐξάγωνν

2202 1793 2447 1862 ’ῡμοίως
2475 1797 2618 1861 τοὺς
2655 1799 3250 1867 παραπικραίνοντας
3277 1798 3419 1865 τοὺς
3487 1817 3686 1853 κατοι-

2118 1884 2379 1952 κοῦντας
2404 1888 2474 1940 ἐν
2512 1888 2744 1957 τάφοις.
2805 1892 2877 1944 Οὐ
2909 1892 3068 1959 μόνον
3128 1892 3185 1945 δὲ
3245 1888 3492 1957 τούτους,
3550 1892 3691 1945 ἀλλὰ

2118 1978 2213 2029 καὶ
2236 1978 2363 2041 τοὺς
2402 1980 2466 2032 ὲκ
2504 1984 2812 2052 περιτομῆς
2834 1998 2847 2011 ·
2906 1984 3032 2046 τοὺς
3058 1984 3349 2046 Ἰουδαίους
3380 1985 3487 2053 γάρ
3536 1984 3694 2036 καλεῖ

2115 2071 2700 2139 παραπικραίνοντας
2727 2113 2743 2138 ,
2774 2076 2848 2137 ὡς
2870 2078 2927 2128 ὲν
2961 2075 3036 2145 τῷ
3060 2074 3132 2141 ξε¹
3172 2075 3373 2146 ψαλμῷ
3404 2076 3694 2147 προδιελά·

2116 2160 2303 2229 ϐομεν.
2357 2165 2453 2236 Εἴη
2481 2167 2525 2219 δ’
2551 2167 2617 2220 ἂν
2647 2168 2805 2219 ταυτὶ
2834 2168 2899 2221 τὰ
2934 2168 3075 2238 ῥητά
3103 2167 3200 2221 καὶ
3229 2166 3538 2238 προφητεία
3558 2169 3693 2236 περὶ¹

2116 2254 2214 2321 τῆς
2249 2260 2598 2327 παγκοσμίου
2627 2260 2737 2311 τῶν
2765 2260 2975 2328 νεκρῶν
3004 2260 3360 2321 ἀναστάσεως
3384 2299 3399 2323 ,
3434 2261 3517 2312 ὅτι
3545 2261 3689 2312 πάν-

2115 2359 2213 2405 τας
2249 2346 2420 2415 ὲξάγη
2450 2350 2560 2401 τῶν
2581 2351 2768 2418 τάφων
2787 2352 2914 2414 τοὺς
2944 2351 3150 2418 πεπεδη
3162 2351 3377 2418 μένους,
3398 2350 3689 2420 νεκρικῶς·

2119 2433 2319 2501 ὁμοίως
2352 2436 2406 2488 δὲ
2432 2440 2525 2490 καὶ
2560 2442 2687 2502 τοὺς
2733 2440 3025 2504 Ἰουδαίους
3051 2458 3064 2471 ⁸
3096 2437 3216 2493 εἶτα
3246 2443 3279 2511 ἡ
3317 2442 3649 2511 ὲπεξήγησις
3674 2481 3692 2503 ν

2118 2522 2200 2574 ὅτι
2236 2524 2377 2589 τοὺς
2410 2528 2843 2596 κατοικοῦντας
2892 2530 2962 2583 ἐν
2993 2530 3232 2599 τάφοις·
3259 2531 3346 2584 διὰ
3383 2531 3587 2584 τούτων
3614 2532 3693 2594 δὲ,

2120 2617 2212 2666 καὶ
2240 2616 2367 2678 τοὺς
2395 2620 2453 2669 ὲν
2486 2622 2640 2689 πυρὶ,
2675 2622 2769 2673 καὶ
2803 2622 3076 2692 Θαλάσσῃ,
3139 2624 3235 2674 καὶ
3293 2624 3440 2685 ὅπως
3493 2623 3691 2693 δήποτε

2119 2706 2519 2778 διαφθαρέντας
2543 2713 2835 2781 ἐδήλωσεν.

450 2810 598 2866 sunt,
632 2811 685 2859 et
719 2815 814 2869 per
855 2816 917 2856 ea
952 2817 1147 2857 oinnes
1180 2802 1430 2856 homines
1507 2804 1820 2873 signiﬁcare
1897 2803 2087 2867 voluit,
2132 2806 2223 2871 qui
2260 2807 2457 2860 mortui
2509 2806 2735 2873 fuerint,
2791 2812 3110 2881 ubicunque
3164 2812 3216 2865 id
3273 2811 3354 2866 eis
3402 2812 3688 2874 acculerit,

449 2903 543 2949 aut
584 2897 638 2949 in
677 2905 845 2958 terra,
873 2905 965 2948 aut
999 2895 1050 2948 in
1085 2896 1248 2958 mari,
1287 2904 1383 2948 aut
1411 2897 1462 2949 in
1494 2897 1637 2965 igne.

520 2989 682 3044 Vens.
720 2991 773 3053 8,
806 2990 858 3043 9.
896 2991 1054 3051 Deus,
1081 3007 1199 3043 cum
1229 2991 1566 3059 pegredereris
1622 2994 1676 3043 in
1734 3002 2007 3056 conspectu

446 3082 626 3148 populi
664 3083 759 3145 lui,
794 3097 909 3133 rum
942 3083 1294 3148 pertransires
1326 3083 1381 3134 in
1425 3083 1655 3143 deserto,
1685 3093 1827 3135 terra
1870 3094 2015 3137 mota

2202 2993 2259 3048 '0
2281 2996 2445 3059 Θεὸς,
2480 2997 2545 3048 ἐν
2581 2996 2660 3060 τῷ
2685 2997 3116 3063 ἐκπορεύεσθαι
3161 3013 3234 3050 σε
3278 2995 3537 3048 ἐνώπιον
3585 2996 3696 3049 τοῦ

2122 3085 2275 3139 λαοῦ
2306 3102 2444 3148 σου.
2467 3087 2536 3140 ἐν
2556 3087 2635 3151 τῷ
2663 3087 2992 3141 διαϐαίνειν
3020 3102 3095 3141 σε
3120 3088 3189 3140 ἐν·
3230 3086 3305 3155 τῇ
3342 3086 3559 3155 ἐρήμῳ,
3618 3089 3692 3156 γῆ

448 3186 523 3231 est
555 3193 572 3228 :
613 3177 806 3229 etenim
857 3177 971 3229 ειείὶ
999 3176 1410 3230 distillaverunt.
1458 3178 1688 3242 Quando
1723 3177 1910 3232 dixisti
1946 3177 2011 3230 ad

2119 3177 2364 3244 ἐσείσθη
2393 3194 2406 3207 ·
2440 3178 2536 3231 καὶ
2572 3179 2681 3247 γὰρ
2702 3182 2755 3233 οὶ
2783 3178 3025 3245 οὐρανοὶ
3048 3179 3338 3240 ἕσταξαν.
3377 3179 3503 3231 Ὀτε
3533 3175 3694 3239 εἶπας

447 3267 668 3322 Judazos
697 3285 710 3320 :
747 3266 876 3320 Ecce
907 3266 1195 3319 dimittitur
1222 3267 1410 3319 domus
1457 3276 1629 3321 vestra
1678 3268 1885 3321 deserta
1918 3270 1960 3300 “
1996 3286 2009 3334 ;

450 3369 507 3415 et
539 3361 759 3428 quando
789 3357 1042 3413 Jeremiae
1083 3360 1371 3429 prephetia
1422 3375 1486 3413 ex
1535 3375 1772 3429 persona
1810 3359 2013 3415 Christi

452 3456 685 3523 prolata,
722 3456 879 3507 ﬁnem
909 3456 1144 3520 accepit,
1170 3467 1289 3520 quae
1319 3452 1449 3505 dicit
1484 3469 1498 3504 :
1528 3450 1791 3515 Quoniam
1812 3451 2017 3505 ‘dereli-

452 3555 679 3613 querunt
708 3545 918 3597 domum
951 3561 1140 3607 meam,
1163 3544 1342 3598 dimisi
1368 3544 1729 3599 ha'reditatem
1758 3561 1925 3597 meam
1948 3544 2017 3598 δ’.

454 3636 612 3692 Tune
649 3635 851 3690 etenim
903 3644 1195 3706 postquam
1250 3651 1505 3706 egressus
1546 3650 1628 3702 es,
1687 3638 1949 3691 recedens
1989 3653 2018 3689 a

454 3738 757 3797 conspectu
816 3727 1026 3796 pepuli,
1086 3727 1176 3795 qui
1237 3742 1481 3796 eousque
1537 3738 1662 3783 tuus
1720 3728 1918 3793 fuerat,
1968 3738 2024 3783 et

456 3817 801 3887 pertransisti
833 3817 898 3871 ad
919 3816 1220 3872 Ecclesium
1242 3832 1305 3871 ex
1329 3818 1583 3887 gentibus
1606 3829 2017 3888 congregatam,

454 3925 575 3979 qua:
606 3909 736 3963 olim
788 3908 1006 3964 deserta
1063 3917 1202 3974 erat,
1257 3924 1323 3964 ac
1370 3909 1517 3963 nuda
1562 3910 1709 3963 omni
1763 3911 2020 3975 scientia,

455 4017 619 4073 atque
645 4006 961 4075 cognitione
984 4004 1455 4073 Dei,,sterilisque,
1478 4011 1645 4072 atque
1675 4002 2022 4057 infructuosa

455 4097 698 4166 germine
734 4098 1022 4158 virtutum;
1058 4108 1207 4160 tunc,
1232 4096 1475 4164 inquam,
1510 4105 1799 4165 postquam
1833 4095 2022 4158 existi,

458 4200 607 4245 terra
640 4198 915 4245 commota
949 4199 1055 4253 est,
1091 4190 1370 4257 passionis
1412 4190 1702 4252 nimirum,
1743 4196 1797 4241 et
1834 4202 2023 4241 resur-

457 4281 725 4335 rectionis
765 4288 1033 4349 tempore.
1064 4279 1132 4333 Et
1165 4280 1289 4333 creli
1316 4279 1751 4342 distillaveruut,
1786 4276 2023 4332 descen-

455 4370 618 4425 dente
656 4379 850 4424 saneto
882 4369 1094 4438 Spiritu
1134 4370 1187 4421 in
1217 4370 1521 4438 apostolos,
1548 4368 1603 4420 in
1629 4367 1717 4421 die
1749 4365 2017 4422 Penteco-

2120 3267 2255 3335 πρὸς
2278 3266 2571 3328 Ἰουδαίους
2596 3284 2609 3296 ο
2665 3266 2819 3319 Ἰδοὺ
2846 3267 3082 3332 ἀφίεται
3118 3269 3151 3319 δ
3185 3262 3349 3329 οἷκος
3374 3265 3540 3333 ὑμῶν
3560 3266 3694 3333 ἕρη-

2116 3376 2251 3425 μος,
2282 3357 2431 3419 τέλος
2469 3358 2569 3427 ἤδη
2595 3358 2978 3427 λαμϐανούσης
3021 3357 3117 3426 τῆς
3165 3357 3435 3426 Ἰερεμίου
3481 3373 3694 3426 προφη-

2121 3450 2294 3513 τείας,
2329 3451 2388 3500 ἐκ
2442 3450 2735 3518 προσώπου
2781 3467 2896 3513 σου,
2960 3449 3181 3518 Χριστὲ,
3244 3449 3540 3519 φήσαντος,
3612 3449 3694 3500 ὅτι

2136 3539 2575 3607 Ἐγκατέλιπον
2606 3542 2711 3594 τὸν
2734 3537 2904 3594 οἶκόν
2919 3558 3040 3609 μου
3058 3559 3071 3570 ο
3103 3539 3311 3610 ἀφῆκα
3336 3541 3451 3606 τὴν
3475 3543 3696 3607 κληρο-

2122 3632 2340 3699 νομίαν
2367 3650 2508 3700 μου.
2534 3632 2667 3686 Τότε
2698 3634 2834 3702 μετὰ
2882 3634 2942 3686 τὸ
3005 3632 3411 3704 ὲκπορευθῆναί
3485 3650 3543 3684 σε
3601 3634 3696 3685 καὶ

2124 3724 2481 3794 ἀναχωρῆσαι
2525 3725 2757 3777 ἐνώπιον
2790 3724 2886 3777 τοῦ
2925 3725 3088 3794 μέχρι
3114 3724 3263 3789 τότε,
3295 3723 3428 3777 λαοῦ
3456 3741 3573 3785 σου,
3604 3723 3698 3775 καὶ

2124 3817 2408 3883 διαὸλῆναί
2479 3835 2537 3869 σε
2578 3820 2659 3879 είς
2708 3818 2809 3888 τὴν
2863 3817 3374 3887 ἁθροισθησομένην
3462 3816 3693 3884 Ἐκκλη-

2129 3908 2251 3962 σίαν
2281 3908 2391 3961 τῶν
2417 3909 2587 3963 ὲθνῶν
2621 3911 2723 3980 τὴν
2758 3908 2967 3980 ἔρημον
3003 3908 3357 3976 θεογνωσίας,
3390 3909 3484 3961 καὶ
3525 3910 3700 3976 ἄκαρ-

2127 4020 2228 4056 πον
2252 4003 2476 4073 ἀρετῆς,
2509 4004 2542 4072 ἡ
2573 4002 2646 4071 γῆ
2682 4003 2780 4072 μὲν
2812 4002 3033 4072 ἐσείσθη
3060 4000 3204 4055 κατὰ
3228 4001 3325 4053 τὸν
3370 4000 3561 4067 καιρὸν
3601 4000 3696 4051 τοῦ

2127 4094 2358 4158 πάθους,
2392 4097 2488 4151 καὶ
2527 4096 2626 4163 τῆς
2655 4095 3039 4156 ἀναστάσεως·
3082 4094 3131 4146 οἱ
3196 4093 3417 4163 οὐρανοὶ
3461 4092 3695 4155 ἕσταξαν

2100 4186 2227 4255 ,τὴν
2249 4186 2477 4241 κάθοδον
2507 4186 2601 4239 τοῦ
2622 4186 2778 4254 ἁγίου
2807 4186 3128 4255 Πνεύματος
3173 4186 3253 4247 είς
3274 4184 3403 4245 τοὺς
3464 4183 3699 4236 ἀποστό-

2128 4280 2275 4341 λους,
2308 4279 2365 4330 ὲν
2407 4278 2487 4347 τῷ
2515 4277 2694 4347 καιρῷ
2736 4278 2833 4344 τῆς
2889 4277 3294 4346 Πεντηκοστῆς.
3345 4277 3416 4329 Ἢ
3475 4274 3697 4343 ἐσείσθη

2135 4371 2233 4440 μὲν
2258 4371 2291 4440 ἡ
2312 4370 2384 4440 γῆ
2414 4368 2768 4440 μεταϐάντων
2797 4369 2907 4422 τῶν
2953 4368 3124 4420 ἐθνῶν
3186 4368 3295 4421 ἀπὸ
3332 4368 3431 4438 τῆς
3488 4366 3698 4433 πλάνης

456 4472 587 4516 stes.
644 4460 739 4515 Vel
793 4468 937 4515 terra
996 4472 1266 4515 commota
1325 4468 1433 4523 est,
1504 4460 2016 4528 pertranseuntibus

2130 4465 2210 4529 είς
2243 4463 2342 4532 τὴν
2376 4463 2636 4532 ἀλήθειαν
2664 4478 2679 4493 ·
2713 4461 2947 4525 ἐσταξαν
2982 4461 3039 4513 δὲ
3068 4463 3115 4513 οἱ
3145 4458 3436 4512 ἀπόστολοι
3465 4457 3525 4509 τὸ
3551 4456 3696 4525 ὕδωρ

456 4550 713 4616 gentibus
747 4549 816 4603 ab
847 4564 1037 4604 errore
1070 4553 1137 4603 ad
1185 4551 1467 4603 veritatem
1522 4567 1533 4601 :
1574 4559 1630 4603 et
1674 4551 2023 4604 stillaverunt

459 4642 695 4711 apostoli
728 4657 925 4710 aquam
978 4641 1407 4711 praedicationis,
1444 4655 1550 4711 qua
1601 4641 1788 4696 ﬁdeles
1834 4640 2027 4711 irriga-

459 4733 663 4787 bantur
688 4733 908 4786 animae.
941 4733 1187 4803 Apostoli
1218 4734 1422 4787 etenim
1444 4734 1709 4788 eteliesse
1743 4734 2025 4795 dicuntur,

458 4830 517 4876 et
555 4825 683 4892 quia
740 4822 983 4877 cmlestia
1041 4824 1282 4890 sapiunt,
1339 4833 1394 4878 et
1440 4828 1567 4893 quia
1601 4824 2027 4893 quibuseunque

461 4911 699 4967 terrenis
732 4913 901 4967 rebus
932 4913 1373 4982 superemineat.
1419 4911 1516 4966 Illa
1556 4924 1738 4967 autem
1794 4914 2021 4982 conjun-

459 5004 591 5069 ctio,
622 5004 783 5068 enim,
809 5004 1081 5075 superﬂua
1121 5012 1225 5059 est.

528 5096 572 5149 Α
598 5095 735 5165 facie
760 5094 855 5149 Dei
879 5094 1052 5157 Sinai,
1070 5112 1101 5147 a
1121 5094 1254 5163 facie
1273 5095 1364 5149 Dei
1386 5094 1579 5149 Israel.
1612 5122 1679 5133 —
1696 5096 1736 5146 Α
1772 5095 1906 5163 facie
1932 5094 2028 5148 Dei

459 5187 943 5257 circumloquendo
992 5188 1151 5253 dixit,
1214 5203 1311 5258 pro
1350 5188 1427 5241 ab
1488 5189 1605 5255 ipso
1657 5185 1790 5249 Deo,
1847 5195 1906 5239 ut
1956 5187 2031 5240 sit

462 5294 659 5334 sensus
691 5298 704 5334 :
749 5280 875 5335 Haec
905 5281 1048 5336 facta
1081 5289 1209 5334 sunt
1238 5280 1306 5333 ab
1338 5295 1423 5345 eo,
1455 5280 1545 5349 qui
1579 5288 1666 5332 est
1704 5276 1845 5332 Dens
1873 5292 2032 5330 mon-

467 5371 535 5425 tis
561 5372 735 5426 Sinai.
778 5375 902 5441 Ipse
930 5373 1130 5428 etenim
1169 5372 1313 5424 idem
1345 5380 1449 5435 est,
1480 5371 1574 5440 qui
1607 5380 1659 5424 et
1695 5370 1836 5424 Deus
1868 5369 2021 5423 Sinai

464 5463 682 5527 dicitur,
739 5472 793 5519 et
843 5464 986 5519 Deus
1015 5463 1206 5517 Israel.
1253 5461 1458 5516 Horum
1507 5471 1687 5517 autem
1737 5462 2018 5515 nominum

534 5644 577 5677 ³ο
604 5644 648 5699 ll
681 5646 805 5700 Cor.
841 5663 893 5713 γ,
941 5648 983 5699 ι.
1068 5647 1105 5674 “
1138 5644 1326 5698 Matth.
1392 5659 1547 5711 χλιιι,
1582 5644 1667 5698 5i.

1750 5645 1789 5675 ³³
1831 5642 2034 5696 Jerem.
2068 5656 2163 5708 xu,
2200 5642 2252 5695 7.

2124 4558 2220 4610 τοῦ
2246 4556 2623 4626 κηρύγματος,
2673 4554 2898 4627 ἀρδεῦον
2945 4553 3140 4622 ψυχάς.
3171 4551 3405 4621 Οὑρανοὶ
3462 4550 3570 4619 γὰρ
3604 4550 3695 4600 καὶ

2127 4641 2302 4709 οὗτοι,
2331 4648 2419 4701 διὰ
2444 4648 2505 4699 τὸ
2541 4649 2759 4718 φρονεῖν
2813 4645 3061 4716 οὐράνια,
3088 4643 3180 4697 καὶ
3229 4642 3289 4695 τὸ
3336 4640 3696 4710 ὑπερκεῖσθαι

2128 4740 2329 4803 παντὸς
2354 4740 2557 4810 γεηροῦ
2590 4740 2941 4809 πράγματος.
2987 4738 3046 4790 'U
3082 4736 3140 4789 δὲ
3164 4735 3467 4803 σύνδεσμος
3495 4733 3522 4784 ὁ
3562 4733 3693 4801 γὰρ.

2126 4830 2457 4901 περιττεύει.

2214 5098 2347 5151 Ἀπὸ
2400 5094 2723 5163 προσώπου
2767 5093 2869 5145 τοῦ
2902 5093 3050 5147 Θεοῦ
3112 5092 3277 5155 Eryci,
3325 5092 3445 5145 ἀπὸ
3507 5104 3692 5158 προσ-

2134 5191 2298 5243 ώπου
2328 5188 2436 5242 τοῦ
2468 5185 2614 5240 Θεοῦ
2658 5185 2929 5250 Ἰσραήλ.
2956 5181 3411 5252 Περιφραστικῶς
3443 5181 3522 5245 τὸ,
3566 5179 3700 5232 Ἀπὸ

2130 5280 2450 5349 προσώπου
2484 5275 2590 5330 τοῦ
2624 5277 2792 5339 Θεοῦ,
2825 5274 3101 5327 τουτέστιν
3123 5289 3136 5303 ·
3163 5274 3245 5325 ὅτι
3278 5272 3453 5324 ταῦτα
3475 5270 3703 5337 γεγόνα·,

2141 5390 2223 5423 σιν
2256 5370 2361 5422 ὑπὸ
2393 5368 2486 5421 τοῦ
2522 5369 2673 5432 ὄντος
2703 5367 2861 5428 Θεοῦ,
2902 5364 2996 5417 τοῦ
3022 5364 3154 5417 Σινᾶ
3183 5364 3364 5432 ὅρους.
3393 5362 3563 5423 Αὐτὸς
3592 5361 3699 5429 γάρ

2135 5467 2249 5514 ἐστι
2286 5463 2378 5514 καὶ
2410 5461 2503 5515 τοῦ
2530 5463 2663 5515 Σινά
2690 5460 2843 5525 Θεδς,
2882 5460 2976 5511 καὶ
3011 5455 3104 5509 τοῦ
3147 5454 3386 5525 Ἰσραήλ.
3427 5450 3699 5523 Ἐμνημόο
