4020 6218
365 349 475 415 665

1517 352 1904 415 COMMENT.
1949 352 2027 412 ΙΝ
2075 354 2435 417 PSALMOS.

3501 361 3609 429 666
3656 381 3665 389 '

363 477 524 517 νευσε
546 460 604 515 δὲ
630 454 861 526 τούτων,
889 443 1104 525 δεικνὺς
1137 464 1219 517 ὅτι
1258 466 1287 517 6
1312 466 1370 517 ἐν
1408 465 1538 518 Σινά
1563 467 1936 537 τερατουργή-

2040 467 2287 523 meminit
2329 468 2628 540 Propheta,
2675 472 2804 541 quia
2838 482 2893 529 et
2942 472 2996 527 in
3047 484 3232 530 monte
3282 473 3414 529 Sina
3466 475 3610 532 Deus

369 570 468 616 σας
506 553 601 606 καὶ
657 552 737 622 τῷ
776 553 967 607 Ἰακὼὸ
1000 554 1355 624 φαντασθεὶς,
1408 554 1580 617 αὐτὸς·
1610 557 1704 608 καὶ
1762 556 1937 611 ταῦτα

370 646 546 698 ποιεῖ·
575 645 673 698 καὶ
704 645 804 697 οὐκ
837 643 954 698 ἔστι
975 644 1108 708 Θεὸς
1131 644 1341 716 ἔτερος,
1374 645 1503 717 παρ’
1527 646 1755 699 ἐκεῖνον.

439 910 505 974 Bt
520 906 682 976 οχήν
710 908 997 962 ἑκούσιον
1038 908 1303 978 ἀφοριεῖς
1334 910 1548 975 ὀηΘεὸςι
1601 910 1674 976 τῇ
1721 914 1939 979 κληρο-

365 1000 545 1067 νομίᾳ
572 1015 712 1052 σου.
775 999 1129 1069 κληρονομία
1179 1000 1278 1069 μὲν
1307 999 1465 1064 Θεοῦ,
1509 1000 1577 1054 τὰ
1606 1001 1754 1070 ἔθνη,
1793 1002 1935 1057 κατά

365 1091 459 1142 τό·
494 1090 602 1145 Kal
643 1090 815 1145 δώσω
846 1105 945 1145 σοι
998 1092 1142 1157 ἔθνη
1188 1090 1304 1158 τὴν
1350 1095 1760 1161 κληρονομίαν
1791 1110 1931 1148 σου.

367 1175 548 1247 Βροχὴ
604 1177 662 1230 δὲ
693 1179 722 1230 6
772 1178 930 1245 λόγος
978 1176 1075 1230 τοῦ
1106 1179 1442 1247 Εὐαγγε).ίου
1497 1181 1808 1244 ἀπαλύνων,
1840 1184 1933 1245 καὶ

366 1269 611 1340 ἀρδεύων
636 1270 735 1330 τὰς
758 1269 957 1339 ψυχάς.
998 1269 1280 1335 Ἐκούσιος
1314 1272 1369 1326 δὲ
1407 1273 1576 1345 βροχὴ
1608 1274 1770 1345 αὕτη,
1798 1276 1934 1329 διότι

367 1360 397 1412 6
419 1359 519 1427 μὲν
546 1359 840 1421 Μιυσαῖκδς
869 1360 1054 1428 νόμος,
1078 1361 1139 1413 οὐ
1171 1362 1309 1414 κατά
1350 1362 1570 1432 θέλησιν
1604 1364 1764 1427 Θεοῦ,
1799 1366 1934 1420 ἀλλά

367 1450 487 1502 κατ’
546 1450 861 1517 οἰκονομίαν
883 1467 896 1481 ·
930 1452 991 1503 οὑ
1016 1451 1127 1522 γὰρ
1160 1452 1359 1523 ἔχρῃζε
1402 1455 1511 1508 τῶν
1549 1454 1772 1521 θυσιῶν,
1806 1457 1932 1510 οὐδὲ

362 1541 619 1594 τοιούτων
665 1541 839 1595 ἄλλων
876 1544 1390 1613 παρατηρημάτων.
1451 1544 1554 1612 Τίς
1587 1548 1721 1616 γὰρ,
1773 1549 1928 1617 φησὶ,

362 1633 548 1687 ταῦτα
593 1632 950 1699 ὲξεζήτησες
1006 1636 1113 1687 Καὶ
1142 1635 1305 1689 πάλιν
1324 1653 1340 1668 °
1393 1637 1615 1705 Μωσῆς
1644 1639 1793 1707 πρὸς
1819 1638 1932 1707 τὴν

362 1723 850 1791 σκληροκαρδίαν
906 1724 1075 1793 ὑμῶν
1097 1726 1396 1794 ἔγραψεν·
1438 1731 1466 1781 ὁ
1508 1728 1566 1781 δὲ
1607 1730 1701 1781 τοῦ
1748 1732 1923 1798 κηρύ-

2040 560 2309 614 niiracula
2344 572 2607 632 operatus
2635 571 2740 626 est.
2766 574 2818 617 et
2838 564 2962 630 quia
2996 566 3249 633 apparuit
3284 565 3476 643 Israel,
3503 568 3609 622 hoc

2037 663 2142 716 eSI,
2177 652 2503 721 patriarchae
2554 653 2747 709 Jarob.
2795 656 2892 708 Est
2911 655 3056 709 enim
3104 655 3246 709 idem
3300 655 3465 720 Deus,
3499 660 3594 726 qui

2038 741 2154 797 haec
2192 742 2372 796 omnia
2408 753 2690 813 operatur,
2719 753 2774 799 et
2805 759 2918 798 non
2943 753 3026 799 est
3062 746 3205 799 alius
3233 745 3376 799 Deus
3409 756 3607 815 printer

2037 848 2159 887 Clllll
2170 873 2184 887 ο

2108 919 2273 976 Vens.
2317 920 2402 975 l0.
2450 920 2692 975 Pluviam
2718 920 3399 992 voluntariamsegregnbis,
3439 926 3600 990 Deus,

2036 1012 2335 1066 bareditati
2361 1022 2485 1066 tate.
2520 1011 2622 1065 Per
2652 1011 3025 1065 [nereditatem
3068 1010 3185 1074 Dei,
3219 1021 3413 1081 gentes
3446 1015 3609 1069 intel-

2038 1098 2172 1166 ligit,
2196 1099 2351 1165 juxta
2386 1097 2519 1151 illud
2556 1118 2569 1153 :
2598 1096 2825 1153 Postulo
2862 1116 2891 1152 a
2921 1115 3022 1163 me,
3053 1107 3101 1153 et
3133 1098 3271 1153 dabo
3308 1101 3401 1153 tibi
3432 1112 3607 1170 gentes

2036 1190 2401 1242 Ita'reditatem
2443 1200 2587 1242 luant
2629 1191 2716 1244 "z
2753 1191 2856 1243 Per
2898 1189 3134 1258 pluviam
3168 1205 3300 1244 vero
3327 1192 3608 1259 evangeli.

2035 1297 2158 1335 cum
2192 1295 2523 1344 sermonem,
2566 1295 2676 1349 quo
2706 1280 2963 1334 duriores
3001 1279 3303 1348 irrigantur
3368 1295 3430 1334 ac
3460 1286 3607 1335 mol-

2035 1372 2244 1425 liuntur
2280 1370 2519 1423 animai:
2554 1384 2719 1437 quam
2757 1368 3036 1437 Evangelii
3072 1369 3333 1437 pluviam,
3364 1371 3604 1439 appellat

2033 1457 2425 1517 voluntariam,
2454 1470 2520 1509 eo
2570 1457 2714 1525 quod
2755 1454 2993 1509 Mosaica
3052 1456 3139 1509 lex
3180 1469 3289 1508 non
3325 1455 3453 1509 data
3486 1466 3606 1510 erat

2033 1563 2099 1603 ex
2127 1562 2274 1614 mera
2310 1546 2399 1601 Dei
2436 1547 2741 1609 voluntate,
2764 1545 2857 1599 sed
2884 1548 3064 1614 potius
3086 1562 3151 1601 ex
3168 1546 3602 1618 dispensatione.

2031 1636 2219 1706 Neque
2250 1637 2392 1691 enim
2444 1637 2690 1703 optabat,
2715 1636 3040 1690 autvolebat
3094 1638 3236 1692 Deus
3291 1638 3589 1703 sacriﬁcia,

2035 1740 2125 1782 aut
2151 1729 2290 1782 alias
2322 1727 2593 1789 eiusmodi
2643 1728 2825 1781 varias
2873 1728 3311 1791 observationes,
3343 1743 3466 1796 quae
3502 1729 3603 1781 ha-

364 1786 570 1883 γματος
598 1786 755 1882 λόγος
777 1816 895 1868 κατ’
923 1786 1177 1869 εὐδοκίαν
1201 1786 1317 1870 εᾶτι
1348 1816 1483 1870 Θεοῦ
1507 1834 1520 1848 ’
1543 1818 1575 1888 ἢ
1610 1819 1691 1872 ὅτι
1713 1786 1924 1883 ἐκεῖνος

2035 1821 2223 1873 bentur
2249 1817 2300 1870 in
2320 1786 2433 1887 lege
2460 1835 2473 1870 :
2496 1816 2627 1883 Quis
2650 1818 2811 1879 enim,
2838 1817 3032 1885 inquit,
3069 1817 3179 1872 Ιιωσ
3194 1786 3474 1886 exqitisivit
3498 1817 3608 1874 7Ει

364 1905 462 1975 μὲν
483 1906 574 1958 καὶ
614 1907 847 1967 ἄκοντας
883 1906 1127 1969 ἐκείνους
1160 1907 1471 1976 ἠνάγκαζεν
1504 1908 1792 1977 φυλάττειν
1829 1909 1929 1973 τὰς

359 1998 618 2061 ὲντολάς’
673 1998 988 2060 λιθοὸολῶν,
1042 1998 1232 2066 καίων,
1292 2001 1387 2053 καὶ
1415 1999 1628 2068 πικρῶς
1658 1999 1926 2070 ἀναιρῶν·

359 2081 515 2150 οὗτος
581 2089 659 2152 δὲ,
702 2090 896 2143 οὐδένα
945 2090 1213 2160 βιάζεται,
1271 2090 1409 2145 ἀλλά
1455 2091 1699 2145 θέλουσιν
1748 2092 1930 2156 αὐτοῖς

359 2176 754 2245 προσφέρεται.

2025 1923 2217 1963 rursus
2246 1908 2374 1961 alibi
2402 1906 2667 1961 Dominus
2693 1925 2707 1962 :
2745 1908 2826 1961 Ad
2841 1908 3099 1961 duritiam
3142 1921 3365 1963 vestram
3391 1907 3601 1976 Moyses

2025 2002 2134 2055 Itwc
2149 2000 2361 2066 scripsit
2391 1998 2476 2069 (ab
2498 2000 2649 2052 initio
2675 2009 2849 2052 autem
2882 2017 2987 2053 non
3030 2010 3143 2053 erat
3171 2002 3248 2053 sic
3277 2000 3366 2070 “).
3429 2000 3609 2053 Evan—

2026 2091 2212 2162 gelicaa
2241 2099 2422 2144 autem
2460 2089 2861 2159 paaadicatioois
2895 2106 3079 2145 sermo
3117 2090 3317 2145 divinae
3374 2106 3604 2159 prorsus

2028 2182 2286 2251 congruit
2327 2180 2621 2236 voluntati.
2660 2182 2753 2235 Vel
2806 2183 3178 2235 voluntariam
3209 2183 3329 2237 ideo
3348 2182 3604 2250 appellat,

357 2263 485 2333 quia
508 2266 591 2320 lex
622 2270 786 2322 etiam
824 2268 1029 2324 invitos
1048 2270 1274 2338 jubebat
1311 2270 1483 2340 legem
1512 2287 1761 2339 servare,
1790 2273 2035 2342 alioquin
2069 2275 2367 2344 lapidabat,
2394 2275 2661 2337 caede-bat,
2694 2276 2948 2329 incendio
2976 2276 3256 2344 perdebat,
3330 2284 3384 2328 et
3419 2275 3608 2329 saevis-

358 2354 495 2412 sime
529 2355 767 2428 denique
810 2360 1120 2414 occidebat.
1152 2363 1476 2421 Praedicatio
1520 2374 1702 2417 autem
1765 2365 2080 2434 evangelica
2124 2365 2397 2421 neminem
2444 2366 2612 2435 cogit,
2644 2365 2741 2421 sed
2770 2366 3078 2419 volentibus
3121 2378 3327 2420 tantum
3357 2365 3603 2422 ollertur.

427 2455 536 2507 Kal
562 2454 893 2522 ἠσθένησε,
912 2456 994 2510 σὺ
1023 2457 1092 2509 δὲ
1123 2460 1459 2527 κατηρτίσω
1492 2461 1707 2529 αὐτήν.
1727 2462 1927 2515 Ἦσθέ-

357 2560 486 2614 vqu
517 2545 679 2597 πάλιν
708 2547 1064 2617 συντριὸεἰσα
1095 2550 1373 2620 τυραννίδι
1414 2552 1525 2604 τῶν
1558 2554 1814 2609 εἰδώλων.
1853 2556 1926 2609 Σὺ

358 2635 417 2690 δὲ
466 2638 663 2707 ἀρτίαν
694 2637 865 2709 αὐτὴν
912 2639 1199 2708 ἐποίησας,
1235 2642 1594 2706 ἀνακαινίσας
1639 2645 1809 2714 αὐτὴν
1839 2645 1928 2700 διά

358 2726 457 2795 τῆς
488 2726 913 2795 παλιγγενεσίας
935 2728 1031 2782 τοῦ
1071 2730 1474 2799 βαπτίσματος,
1495 2733 1589 2784 καὶ
1620 2733 1926 2798 στερεώσας

359 2817 450 2869 ἐπὶ
481 2817 580 2887 τὴν
612 2818 863 2872 ἄσειστον
891 2819 1099 2889 πέτραν
1119 2818 1230 2873 τῶν
1252 2819 1481 2873 ἐντολῶν
1513 2837 1629 2874 σου.

432 2993 511 3049 Τὰ
547 2993 659 3083 ζῷά
690 3010 807 3050 σου
831 2997 1222 3052 κατοικοῦσιν
1245 2997 1318 3052 ἐν
1346 2998 1520 3067 αὐτῇ.
1565 3000 1631 3053 Οἱ
1656 3003 1806 3071 παρὰ
1833 3001 1928 3053 σοῦ

360 3085 747 3154 πνευματικῶς
804 3088 1136 3158 τρεφόμενοι
1185 3090 1280 3144 καὶ
1333 3091 1535 3153 ζῶντες
1586 3091 1687 3161 τὴν
1732 3095 1793 3144 ὲν
1847 3092 1931 3144 σοὶ

361 3174 527 3247 ζωήν.
565 3178 635 3230 Ἦ
685 3178 802 3243 ζῶα
848 3180 944 3232 τοῦ
997 3181 1241 3251 Χριστοῦ
1294 3184 1344 3235 οἱ
1393 3182 1709 3248 ἀπόστολοι,
1770 3181 1864 3246 οὓς
1903 3184 1930 3235 6

2097 2459 2165 2514 Et
2197 2462 2475 2527 inﬁrmata
2495 2470 2594 2524 est,
2630 2471 2687 2514 tu
2716 2477 2834 2513 vero
2864 2461 3132 2529 per/ecisli
3167 2477 3303 2513 eam.
3330 2460 3605 2516 Inﬁrmata

2026 2561 2138 2617 est,
2173 2561 2226 2606 et
2259 2551 2563 2617 debilitata,
2591 2565 2656 2606 ac
2685 2551 2778 2605 diu
2807 2565 3071 2620 Oppressa
3100 2551 3368 2605 idolorum
3421 2559 3609 2621 tyran~

2024 2640 2173 2694 uide.
2198 2640 2279 2695 Tu
2311 2656 2440 2695 vero
2463 2655 2652 2694 sanam
2682 2655 2828 2701 eam,
2850 2648 2905 2694 ct
2936 2638 3228 2708 perfectura
3296 2639 3603 2694 reddidisti.

2026 2746 2124 2799 per
2161 2730 2413 2800 baptismi
2457 2731 2955 2799 regenerationem.
3015 2744 3286 2784 renovans
3339 2729 3598 2783 nimirum

2025 2839 2169 2885 eam,
2192 2831 2428 2891 etsuper
2453 2822 2683 2876 solidam
2720 2820 3103 2874 mandaturum
3138 2829 3358 2873 tuorum
3396 2834 3603 2889 petram

2027 2912 2334 2968 stabiliens.

2105 3001 2280 3057 Vens.
2320 3003 2409 3057 ll.
2437 3002 2709 3056 Animalia
2741 3011 2831 3057 tua
2851 3002 3164 3056 habitabant
3189 3002 3242 3055 in
3263 3018 3345 3055 ea.
3376 3000 3413 3053 li
3442 3001 3608 3055 nimi--

2030 3110 2154 3148 rum
2185 3093 2278 3163 qui
2319 3109 2350 3148 a
2388 3104 2438 3147 te
2469 3093 2741 3163 spirituali
2773 3094 2896 3148 cibo
2952 3094 3196 3157 aluntur,
3235 3092 3437 3161 quiquo
3481 3092 3605 3157 ani-

2033 3202 2202 3250 mam,
2272 3186 2377 3239 hoc
2431 3195 2536 3247 est,
2601 3185 2763 3237 vitam
2832 3184 3034 3238 habent
3075 3183 3130 3237 in
3190 3190 3262 3237 te.
3330 3180 3450 3243 Vel,
3508 3196 3606 3248 per

372 3268 689 3340 ’Δὸδακοῦμ
747 3271 977 3338 ἵππους
1010 3272 1324 3343 ὠνόμασεν·
1363 3276 1783 3341 Ἐπεόι’ὀάσας,
1833 3275 1913 3327 λέγ

2035 3275 2285 3330 animalia
2310 3274 2514 3330 Clu-isti
2544 3273 3107 3343 apostolosintellige,
3173 3287 3313 3342 quos
3351 3270 3609 3325 ﬂabacuc

360 3375 491 3427 γων,
526 3362 613 3427 εὶς
656 3360 980 3416 θάλασσαν
1026 3364 1170 3429 τοὺς
1195 3366 1420 3432 ἵππους
1460 3382 1579 3421 σου
1601 3383 1614 3397 ·
1650 3367 1927 3422 θάλασσαν

361 3453 592 3517 καλέσας
624 3452 723 3524 τὴν
754 3455 959 3524 πικρὰν
995 3456 1272 3510 ἀπιστίαν.

440 3632 804 3702 Ἠτοίμασας
831 3634 901 3687 ἐν
922 3632 999 3701 τῇ
1027 3636 1394 3703 χρηστότητι
1429 3651 1547 3692 σου
1579 3639 1659 3703 τῷ
1692 3639 1926 3708 πτωχῷ,

322 3766 335 3781 κ
364 3726 395 3778 ὁ
426 3724 591 3789 θεός.
647 3725 867 3793 Πτωχὸς
914 3727 942 3778 6
991 3724 1099 3779 τῶν
1152 3726 1322 3780 ἐθνῶν
1372 3727 1523 3794 λαὸς,
1581 3729 1657 3793 ὡς
1725 3732 1930 3799 μηδένα

366 3812 593 3867 πλοῦτον
622 3813 996 3885 πνευματικὸν
1041 3814 1354 3886 δεξάμενος.
1389 3818 1465 3871 Οὐ
1506 3820 1617 3890 γάρ
1646 3821 1812 3891 νόμον
1850 3817 1929 3875 εῐ-

311 3936 316 3940 ~
365 3922 477 3975 χεν,
497 3906 558 3959 οὐ
586 3904 961 3976 προφητείας
997 3905 1111 3959 ἀλλ’
1143 3908 1170 3960 6
1201 3906 1334 3970 Θεὸς
1363 3908 1433 3961 δι’
1458 3910 1666 3963 οἰκείαν
1696 3912 1930 3982 χρηστό-

364 4015 520 4070 τητα,
556 3999 852 4069 ἡτοίμασεν
876 3997 1025 4069 αὐτῷ
1059 3998 1293 4053 πλοῦτον
1320 4000 1503 4067 ἄλλον,
1537 4002 1634 4074 τὴν
1664 4004 1929 4074 δηλωθεί-

366 4103 463 4144 σαν
500 4089 746 4143 ἑκούσιον
783 4090 1007 4162 βροχήν.

434 4184 645 4251 Κύριος
667 4182 846 4236 δώσει
864 4182 1051 4253 ῥῆμα,
1099 4183 1225 4248 τοῖς
1248 4184 1796 4255 εὐαγγελιζομένοις
1822 4187 1930 4243 δυ-

362 4270 530 4341 νάμει
556 4272 782 4343 πολλῇ.
806 4272 979 4328 Τοῦτο
1006 4269 1129 4327 εἷπε
1162 4274 1295 4345 περὶ
1337 4274 1444 4328 τῶν
1476 4276 1791 4330 ἀποστόλων
1812 4293 1824 4307 ’
1849 4273 1930 4341 οἷς

366 4365 576 4419 ἁλιεῦσι
614 4367 708 4418 καὶ
743 4366 977 4429 ἰδιώταις
1003 4366 1180 4431 οὖσιν,
1205 4370 1232 4421 ὁ
1252 4367 1388 4430 Θεὸς
1409 4369 1748 4439 ἐχορήγησεν
1772 4369 1930 4437 λόγον

371 4460 584 4529 σοφίας.
609 4457 863 4528 Amr-das:
889 4459 945 4512 δὲ
980 4458 1183 4527 πολλῇ
1214 4456 1393 4525 εἶπεν,
1414 4461 1498 4515 ὅτι
1524 4463 1639 4525 τοῖς
1685 4463 1930 4532 ῥήμασιν

365 4550 564 4615 αὐτῶν,
621 4550 924 4619 παρείπετο
964 4549 1084 4605 θεία
1140 4552 1374 4623 δύναμις
1434 4551 1933 4624 Θαυματουργοῠσα

364 4640 463 4693 ὅσα
492 4640 586 4692 καὶ
616 4638 918 4708 βούλοιντο.

448 4732 511 4787 '0
550 4734 855 4800 ,ϐασιλεὺς
894 4732 1013 4787 τῶν
1054 4734 1368 4802 δυνάμεων
1439 4734 1547 4789 τοῦ
1596 4734 1931 4803 ἀγαπητοῦ.

378 4824 689 4895 Ἀγαπητδν
719 4825 866 4892 λέγει
905 4825 996 4878 τὸν
1027 4825 1290 4895 μονογενῆ
1318 4825 1450 4879 Υἱὸν
1480 4827 1575 4878 καὶ
1607 4825 1761 4879 Θεόν.
1794 4828 1934 4897 Φησὶ

368 4913 495 4982 γὰρ,
558 4914 640 4967 ὅτι
695 4910 886 4978 Οὗτός
913 4915 1084 4969 ἐστιν
1129 4916 1163 4967 ό
1210 4915 1342 4979 Υἱός
1367 4931 1488 4984 μου
1517 4918 1551 4969 ό
1581 4916 1889 4984 ἀγαπητός
1918 4933 1932 4948 ’

368 5006 627 5077 δυνάμεις
660 5005 718 5059 δὲ
741 5005 912 5059 αὑτοῦ
945 5007 1072 5070 τοὺς
1104 5006 1459 5070 ἀποστόλους,
1492 5006 1570 5070 ὡς
1598 5008 1937 5077 στρατιώτας

370 5097 556 5161 αὐτοῦ,
589 5098 733 5152 κατά
763 5099 874 5151 τῶν
915 5096 1389 5168 ἀντιτεταγμένων
1421 5097 1707 5168 δυνάμεων
1753 5114 1937 5168 παραυ

370 5189 739 5259 τεταγμένους
760 5204 775 5219 ⁸
807 5183 885 5245 ὧν
915 5191 1032 5242 ἐστι
1063 5188 1317 5260 βασιλεὺς
1346 5190 1374 5242 6
1406 5189 1616 5260 Πατὴρ,
1685 5189 1940 5259 βασιλεύ-

374 5299 471 5348 σας
498 5282 682 5339 αὒτῶν
714 5281 803 5337 διὰ
830 5282 928 5353 τῆς
955 5281 1050 5335 τοῦ
1079 5280 1214 5335 Υἱοῦ
1257 5279 1516 5351 σπουδῆς.

448 5553 525 5624 Τῇ
548 5555 858 5625 ὡραιότητι
884 5553 990 5609 τοῦ
1013 5553 1181 5609 οἵκου
1209 5566 1326 5607 σου
1376 5551 1682 5609 διελέσθαι
1716 5556 1941 5610 σκῦλα.

2031 3382 2206 3437 equos
2261 3362 2559 3437 appellavit
2602 3383 2616 3418 :
2666 3365 2966 3430 Induxisti,
3014 3364 3293 3435 inquiens,
3349 3365 3405 3418 in
3458 3382 3608 3418 mare

2030 3476 2188 3530 equos
2209 3471 2350 3524 tuos,
2378 3474 2529 3514 mare
2546 3458 2850 3528 appellans,
2878 3473 3120 3512 amaram
3141 3457 3605 3528 (salsuginosam—

2032 3568 2158 3622 quc.
2204 3566 2269 3606 ac
2303 3552 2550 3606 sterilem
2574 3551 2705 3603 olim
2741 3548 3015 3619 gentium)
3053 3548 3434 3603 inﬁdelitatem

2106 3644 2322 3697 Parasti
2350 3645 2403 3696 in
2436 3644 2667 3696 bonitate
2702 3651 2794 3693 tua
2837 3641 3084 3709 pauperi,
3114 3639 3276 3692 Deus.
3316 3638 3419 3692 Per
3461 3653 3607 3706 pau—

2032 3750 2238 3806 perem,
2264 3735 2519 3805 gentilem
2548 3734 2807 3803 populum
2845 3732 3122 3802 intelligit,
3152 3733 3245 3800 qui
3273 3731 3448 3783 nullas
3477 3729 3604 3783 olim

2034 3824 2355 3895 spirituales
2384 3824 2609 3878 divitias
2667 3832 2976 3892 acceperat.
3010 3822 3199 3890 Neque
3251 3821 3396 3875 enim
3429 3820 3605 3889 legem

2034 3916 2289 3981 bahehat,
2320 3922 2414 3970 aut
2440 3914 2758 3984 prophetas,
2800 3915 2896 3968 sed
2921 3927 3033 3982 pra:
3064 3919 3279 3967 shmma
3315 3909 3413 3964 Dei
3447 3910 3608 3964 beni-

2033 4010 2261 4078 gnitate,
2316 4008 2435 4062 alia:
2484 4006 2566 4061 eis
2625 4016 2828 4073 paratae
2884 4006 3108 4058 ruerunt
3159 4002 3366 4057 divitiae

2036 4100 2291 4154 nimirum
2326 4098 2508 4167 pluvia
2537 4097 2872 4149 voluntaria.
3504 4158 3511 4163 .

2103 4187 2274 4241 Vens.
2296 4190 2387 4242 1‘2.
2416 4186 2674 4239 Dominus
2701 4184 2852 4236 dabit
2881 4182 3094 4236 verbum
3116 4180 3606 4252 euangelizantibas

2032 4279 2225 4333 uirtute
2261 4278 2450 4332 multa.
2497 4275 2611 4329 lloc
2660 4276 2727 4327 ad
2765 4274 3043 4343 apostolos
3074 4275 3333 4342 pertinet,
3367 4275 3595 4344 quibus.

2031 4384 2155 4422 cum
2189 4367 2497 4438 piscatores
2527 4373 2735 4429 essent,
2762 4374 2929 4434 atque
2965 4363 3171 4428 idiotas,
3207 4365 3604 4421 subministra-

2032 4460 2113 4515 vit
2143 4458 2286 4515 Deus
2318 4457 2605 4528 sapientiae
2629 4457 2858 4510 verbum
2903 4472 2919 4511 :
2952 4465 3117 4525 atque
3157 4454 3265 4509 hoc
3294 4463 3447 4510 tanta
3479 4471 3607 4510 cum

2034 4551 2260 4611 virtute.
2299 4557 2359 4603 ut
2398 4548 2569 4603 multa
2610 4547 2802 4614 etiam,
2845 4555 3010 4617 atque
3042 4545 3389 4601 admirabilia
3415 4560 3608 4616 opera-

3442 4018 3457 4054 :
3516 4002 3608 4055 illa

1966 4629 2011 4684 D
2039 4651 2230 4697 rentur
2257 4640 2549 4695 miracula.

2102 4732 2270 4787 Vens.
2300 4732 2385 4786 15.
2419 4730 2533 4784 Rea:
2554 4730 2808 4783 uirtutum
2840 4729 3044 4783 dilecti.
3073 4728 3349 4784 Dilectum
3376 4728 3613 4797 appellat

2032 4825 2371 4891 unigenitum
2404 4820 2606 4874 Filium
2632 4820 2828 4883 Deum,
2867 4820 2937 4875 de
2965 4834 3075 4889 quo
3108 4820 3316 4875 dictum
3364 4818 3602 4888 legimus

2035 4930 2063 4966 a
2099 4913 2259 4967 Patre
2293 4930 2307 4966 :
2342 4909 2447 4964 Hic
2478 4920 2557 4964 est
2593 4908 2640 4962 F
2646 4910 2769 4965 ilius
2798 4926 2944 4965 meus
2980 4910 3207 4966 dilectus
3234 4910 3302 4966 “.
3342 4907 3446 4965 Per
3484 4911 3593 4964 uir-

2034 5014 2171 5059 tutes
2208 5018 2336 5059 vero
2369 5002 2575 5065 dilecti,
2610 5002 2764 5073 ipsos
2804 5005 3087 5073 apostolos
3128 5003 3390 5073 intellige,
3439 5002 3607 5057 veluti

2032 5097 2183 5151 illius
2220 5095 2451 5150 milites.
2511 5093 2622 5150 Eos
2659 5094 2866 5150 etenim
2909 5104 2971 5149 ut
3018 5096 3224 5151 milites
3258 5100 3602 5159 susceperat,

2036 5197 2097 5243 ut
2121 5201 2333 5243 summa
2359 5186 2411 5241 vi
2455 5201 2521 5241 ac
2560 5186 2804 5257 potentia
2864 5187 3130 5242 adversus
3157 5189 3462 5240 daemonum
3501 5183 3603 5235 im-

2041 5291 2227 5349 petum
2286 5279 2630 5335 resisterent.
2680 5277 2888 5332 llarum
2932 5287 3114 5331 autem
3166 5274 3433 5329 virtutum
3492 5272 3609 5342 ipse

2039 5371 2183 5427 Deus
2213 5370 2393 5436 Pater,
2428 5370 2543 5426 Rex
2570 5369 2773 5425 dicitur
2808 5382 2956 5433 esse,
2985 5379 3157 5436 regno
3186 5364 3297 5420 hoc
3342 5361 3606 5417 nimirum

2041 5463 2145 5517 sibi
2176 5478 2271 5532 per
2289 5460 2486 5515 Filium
2526 5468 2742 5529 parato.

2114 5554 2313 5626 Speciei
2338 5556 2525 5610 domas
2555 5552 2793 5609 diuidere
2824 5551 3022 5619 spolia.
3060 5548 3246 5612 Dabit,
3300 5544 3499 5619 inquit,
3529 5543 3610 5600 eis

448 5730 495 5764 ⁸³
527 5731 669 5786 Psal.
726 5731 868 5796 ",8.
949 5731 991 5760 “
1033 5731 1217 5785 Matth.
1280 5747 1389 5797 XIX,
1447 5730 1499 5785 8.
1580 5731 1625 5762 "
1656 5731 1846 5788 Matth.
1907 5747 1982 5797 ιιι,
2019 5732 2105 5787 l7.
