4020 6218
436 299 538 362 667

1621 298 2006 356 EU'l‘llYMll
2046 299 2413 357 ZlGABENi

3576 296 3678 358 θὶἱὸ

440 409 582 463 Deus
628 408 877 472 verbum,
909 413 968 459 ut
1019 404 1370 458 inimicorum
1420 407 1647 462 exuvias
1693 407 1942 460 dividant
1981 446 1995 470 ,

2112 409 2280 460 Δὼσει
2330 409 2514 469 αὐτοῖς
2560 404 2734 474 ῥῆμα,
2773 407 2852 466 εἰς
2886 404 2944 457 τὸ
2983 402 3408 473 διαμερίσαοθαι
3463 403 3678 474 λάφυρα

436 501 585 569 ipsas
645 499 896 552 nimirum
940 505 1149 565 gentes.
1201 496 1435 551 Dcvirtis
1483 497 1626 550 enim
1665 498 2006 552 daemonibus

437 592 822 659 cxspoliaruut
855 602 950 642 eos
991 587 1248 655 apostoli,
1288 596 1338 640 et
1369 588 1436 640 ab
1469 587 1576 642 illis
1628 588 1877 641 homines
1910 604 2006 642 eos

439 682 806 745 abstulerunt,
851 680 943 748 qui
1002 680 1108 734 illis
1155 688 1315 733 antea
1375 681 1768 733 inserviebam.
1827 679 2004 742 Dabit,

437 773 586 835 dico,
625 771 764 826 Deus
797 773 1062 841 apostolis
1094 774 1342 835 verbum,
1390 782 1446 825 ut
1498 773 1845 826 inimicorum
1884 788 2007 836 spo-

439 862 507 913 lia
553 863 818 929 άὶκὶςιειηι,
852 865 1270 920 formosissima
1318 880 1382 917 ac
1419 863 1841 931 spceiosissinnc
1874 861 2007 914 tide-

436 952 567 1005 linut
625 953 928 1010 Ecclesitc:
987 957 1040 1011 in
1089 972 1219 1027 qua,
1273 957 1438 1008 veluti
1512 955 1564 1008 in
1612 953 2002 1007 decentissima

438 1042 600 1096 domo
659 1043 916 1102 Christus
971 1047 1230 1101 Dominus
1279 1048 1509 1107 habitat,
1546 1043 2007 1114 quemadmodum

2104 497 2212 549 τῶν
2237 496 2471 566 ἐχθρῶν,
2504 496 2538 549 ἂ
2569 496 2677 546 εἰσὶ
2719 494 2787 546 τά
2839 495 2968 562 ἔθνη
2996 510 3008 522 ·
3044 497 3372 562 νικήσαντες
3414 494 3522 563 γὰρ
3553 496 3678 556 τοὺς

2105 586 2392 654 δαίμονας,
2427 585 2958 653 ἐλαφυραγώγησαν,
2990 585 3317 652 ἀφελόμενοι
3341 585 3465 647 τοὺς
3499 585 3649 636 ὃεδου
3670 615 3680 623 -

2107 676 2382 746 λωμέντιυς
2433 678 2614 738 αὐτοῖς
2636 693 2647 706 ’
2681 676 2948 728 διελέσθαι
2980 676 3035 728 δὲ
3065 675 3209 727 αὐτὰ
3253 679 3318 745 τῇ
3353 677 3681 747 ,ὡραιοτάτη

2119 765 2419 835 Ἐκκλησῐᾳ
2451 767 2559 817 τῶν
2591 765 2819 826 πιστῶν,
2922 766 3122 816 ἐνοικεί
3145 766 3172 817 6
3209 766 3362 826 Θεός.
3420 766 3529 818 Καὶ
3557 766 3684 833 μέν·

2106 873 2187 908 τοι
2221 855 2501 917 διείλοντο,
2531 858 2557 906 ό
2593 856 2690 923 μὲν
2732 855 2849 906 τόδε
2883 855 2941 906 τὸ
2982 855 3156 916 ἔθνος,
3202 857 3229 907 ὁ
3259 855 3314 906 δὲ
3345 854 3463 906 τόδε
3513 872 3681 925 προσ-

2113 945 2360 1012 αγαγών,
2424 945 2524 1012 Birt
2568 946 2611 998 δ’
2647 947 2712 998 ἂν
2761 946 3034 1016 ὡραιότης
3083 948 3182 1015 τῆς
3223 947 3578 1017 Ἐκκλησίας,
3625 947 3684 999 τὸ

2122 1037 2472 1104 Εὑαγγέλιον,
2510 1039 2576 1089 δι’
2608 1032 2670 1091 οἶ)
2697 1037 2920 1100 τούτους
2945 1039 3226 1093 διείλοντο.

438 1143 492 1187 et
524 1151 625 1188 nos
679 1135 856 1190 divisa
906 1153 968 1193 ea
1025 1155 1147 1193 esse
1191 1140 1581 1206 conspicimus.
1616 1133 2000 1202 Apostolorum
2042 1129 2184 1180 enim
2211 1129 2345 1180 alter
2377 1140 2590 1196 gentem
2628 1129 2797 1189 illam,
2831 1138 2884 1183 et
2912 1130 3051 1184 alter
3111 1131 3337 1183 alteram
3399 1130 3465 1184 ad
3524 1130 3681 1184 [idem

439 1227 686 1284 adduxit.
749 1232 1054 1285 Possumus
1111 1231 1276 1284 etiam
1329 1245 1424 1297 per
1483 1227 1721 1296 speciem
1777 1224 1996 1279 domus,
2041 1216 2318 1286 Evangelii
2370 1220 2833 1287 pulchritudinem
2884 1219 3219 1288 intelligere,
3304 1235 3414 1288 quo

3505 1223 3679 1277 veluti

438 1323 695 1391 quopiam
731 1323 1094 1378 instrumento
1131 1322 1362 1390 apostoli
1425 1322 1537 1374 hmc
1591 1319 1762 1388 spolia
1805 1312 2354 1378 diviserunt(verum
2399 1321 2528 1367 tunc
2597 1328 2706 1367 non
2773 1312 2976 1382 speciei
3033 1311 3322 1381 legendum
3407 1323 3515 1378 cst,
3590 1318 3682 1369 sed

439 1421 636 1487 specie.
674 1417 918 1487 Utraque
951 1419 1098 1472 enim
1159 1418 1321 1472 lectio
1352 1417 1559 1471 Graecis
1612 1421 1791 1484 potest
1829 1407 2012 1462 verbis
2042 1408 2499 1476 aecommodari).

515 1534 677 1588 Vsus.
713 1537 799 1588 Μ.
836 1534 896 1587 Si
927 1534 1204 1587 dormiatis
1238 1536 1379 1586 inter
1404 1533 1601 1585 medios
1643 1532 1830 1582 cleros.
1871 1527 2008 1579 Dor-

442 1623 581 1675 mire
637 1624 690 1676 in
747 1627 1004 1692 praesenti
1043 1625 1161 1676 loco
1225 1624 1403 1690 posuit
1455 1640 1552 1692 pro
1606 1623 1761 1674 mori.
1815 1619 2009 1671 Sermo

2203 1527 2338 1579 Ἐὰν
2375 1527 2698 1594 κοιμηθῆτε
2727 1526 2842 1580 ἀνὰ
2865 1526 3062 1594 μέσον
3089 1525 3209 1578 τῶν
3239 1527 3498 1595 κληρῶν.
3553 1530 3680 1581 Κοι-

2122 1619 2364 1687 μηθῆναι
2387 1621 2476 1671 ἐπὶ
2509 1619 2604 1672 τοῦ
2635 1619 2902 1688 παρόντος
2936 1618 3125 1686 ῥητοῦ,
3157 1618 3216 1670 τὸ
3243 1619 3536 1673 ἀποθανεῖν
3563 1623 3681 1688 νοή-

439 1713 586 1765 enim
617 1713 900 1780 Protthetze
931 1723 1015 1766 est
1059 1715 1123 1765 ad
1170 1715 1467 1782 apostolos,
1494 1713 1727 1766 dicentis
1754 1728 1766 1762 :
1802 1711 1877 1762 lta
1909 1709 2003 1760 de-

2119 1728 2306 1778 σομεν.
2362 1712 2499 1780 Φησὶ
2551 1711 2660 1779 γὰρ
2713 1711 2848 1779 πρὸς
2875 1710 3071 1771 αὐτοὺς
3118 1711 3144 1761 6
3194 1710 3510 1780 Προφήτης,
3572 1713 3678 1777 ὅτι,

443 1819 592 1856 mum
629 1806 970 1860 adducentur
1009 1807 1162 1860 vobis
1223 1807 1336 1859 Ιιςιξο
1382 1807 1577 1874 spolia.
1617 1805 1661 1858 si
1703 1802 2009 1855 moriemini

447 1895 592 1948 inter
623 1897 829 1950 medios
862 1898 1059 1961 clerus,
1096 1897 1199 1950 hoc
1233 1906 1338 1958 est,
1380 1897 1522 1948 inter
1553 1896 1759 1949 medias
1794 1900 2007 1960 gentes,

443 2000 564 2053 qnze
623 1988 673 2038 in
725 1987 956 2047 clerum,
1011 1988 1113 2040 hoc
1165 1995 1269 2050 est,
1315 1989 1366 2040 in
1417 1997 1620 2039 sortem
1671 1984 1822 2036 vobis
1871 1983 2012 2035 data:

443 2087 590 2130 sunt.
629 2079 691 2131 Et
723 2093 859 2131 sane
889 2080 1106 2141 quidem
1139 2080 1503 2147 przcdicantes
1528 2079 1696 2132 occisi
1733 2086 1881 2130 sunt.
1915 2073 2008 2127 Vel

442 2171 622 2232 aliter,
675 2169 728 2222 Si
760 2170 1115 2234 dormieritis,
1150 2170 1251 2224 ltoc
1283 2187 1388 2233 ρει,
1427 2179 1470 2224 st
1521 2171 1794 2223 immorati
1829 2169 2003 2221 l‘ueri-

442 2243 544 2315 tis.‘
595 2260 921 2316 lmmoratur
982 2263 1126 2317 enim
1189 2273 1243 2316 et
1295 2263 1502 2316 diutius
1553 2270 1857 2330 permanet,
1915 2261 2010 2329 qui

442 2345 664 2400 dormit.

516 2438 628 2490 Alce
675 2440 931 2492 columbae
993 2442 1373 2509 deargentatw,
1424 2451 1472 2492 et
1521 2441 1816 2507 posteriora
1864 2440 2013 2493 dorsi

442 2531 557 2596 ejus
586 2531 639 2581 in
671 2531 875 2595 pallore
913 2532 1051 2583 auri.
1086 2531 1407 2584 Columbam
1443 2543 1699 2598 putamus
1729 2533 2010 2585 Christum

441 2637 588 2679 esse.
623 2622 694 2675 ob
721 2621 838 2688 ejus
873 2622 1130 2674 nimirum
1188 2625 1668 2686 mansuetudinem
1705 2641 1766 2678 ac
1795 2625 2013 2693 patien-

445 2715 596 2766 tiam.
623 2712 728 2766 Per
752 2713 914 2781 hujus
946 2722 1127 2767 autem
1159 2716 1423 2768 columine
1455 2718 1595 2782 alas,
1629 2718 1836 2769 Christi
1888 2733 2010 2770 eor-

442 2820 545 2873 pus
579 2806 881 2875 intelligere
927 2821 1241 2873 possumus,
1302 2810 1484 2862 veluti.
1527 2812 1881 2875 extet-iorem,
1914 2825 2010 2864 seu

442 2899 618 2966 magis
668 2907 964 2952 extremam
1003 2913 1210 2968 partem
1259 2920 1270 2954 :
1334 2917 1430 2970 per
1481 2904 1783 2970 posteriora
1832 2913 2009 2956 autem

401 2977 407 2990 ’
441 2990 586 3046 dorsi
613 2989 756 3062 [quae
779 2991 950 3046 Grzeci
983 2993 1146 3046 unico
1177 2994 1442 3046 vocabulo
1477 2996 1791 3064 μετάφρενα
1823 2995 2011 3049 dicunt

2119 1805 2600 1872 Προσαχθήσονται
2623 1803 2792 1855 ταῦτα
2824 1803 2887 1853 τὰ
2915 1800 3110 1863 σκῦλα,
3131 1802 3227 1853 ἐὰν
3249 1803 3557 1871 ἀποθανῆτε
3581 1805 3678 1856 ἀνὰ

2118 1895 2286 1962 μέσον
2321 1895 2430 1946 τῶν
2467 1896 2712 1964 κλήρων,
2747 1896 2864 1960 ἦτοι
2890 1894 2998 1944 τῶν
3029 1892 3535 1963 κληροδοτηθέντων
3559 1897 3682 1965 ὑμῖν

2115 1985 2304 2037 ἐθνῶν.
2345 1986 2451 2037 Καὶ
2484 1985 2664 2054 μέντοι
2691 1983 3090 2054 κηρύσσοντες,
3119 1983 3568 2052 ἁνῃρέθησαν.ἺΙ
3597 1987 3682 2038 καὶ

2114 2077 2312 2139 ἄλλως,
2349 2078 2441 2128 ἐὰν
2493 2079 2815 2147 χρονὶσητευ
2860 2073 3101 2145 χρονίζει
3164 2075 3270 2144 γὰρ
3329 2076 3602 2145 ἀκινήτως
3654 2078 3682 2129 6

2113 2168 2478 2236 κοιμώμενος.

2186 2434 2479 2502 Πτέρυγες
2513 2435 2870 2502 περιστερᾶς
2895 2441 3462 2508 περιηρῃωρωμέναι,
3495 2443 3590 2494 καὶ
3615 2441 3684 2494 τὰ

2109 2524 2451 2592 μετάφρενα
2484 2526 2674 2594 αὐτῆς
2723 2528 2794 2580 ἐν
2834 2532 3163 2597 χλωρότητι
3212 2533 3490 2599 χρυσίου.
3527 2535 3686 2601 Περι-

2115 2619 2312 2683 στεράν
2343 2617 2568 2685 οἰόμεθα
2609 2619 2700 2670 τὸν
2767 2622 3024 2690 Χριστὸν,
3087 2622 3175 2674 διὰ
3208 2624 3268 2674 τὸ
3303 2624 3686 2693 φιλάνθρωπον

2115 2711 2207 2761 καὶ
2246 2710 2594 2775 ἀνεξίκακον,
2651 2705 2712 2765 οὗ
2747 2713 3018 2783 πτέρυγες
3051 2713 3150 2781 μὲν
3190 2716 3276 2783 εἴη
3311 2715 3377 2768 ἂν
3406 2715 3468 2768 τὸ
3502 2717 3680 2787 σῶμα,

2114 2803 2188 2865 ὡς
2226 2804 2552 2871 ἀκρότατον,
2594 2803 2910 2871 μετάφρενα
2941 2805 2996 2857 δὲ
3023 2809 3053 2877 ἡ
3081 2806 3252 2876 ψυχὴ,
3281 2807 3356 2870 ὡς
3384 2809 3681 2878 ἐνδότερον.

2114 2893 2275 2958 Λέγει
2307 2893 2386 2956 δὲ,
2428 2894 2510 2944 ὅτι
2542 2888 3032 2963 λελαμπρυσμένον
3064 2897 3162 2965 μὲν
3207 2896 3265 2948 τὸ
3301 2897 3460 2966 σῶμα
3494 2897 3682 2961 αὑτοῦ,

2113 2983 2187 3043 ὼς
2245 2984 2671 3052 ἀναμάρτητονο
2735 2985 2989 3055 λαμπρὸς
3049 2986 3158 3055 γὰρ
3205 2991 3233 3039 6
3275 2989 3553 3058 ἄργυροςο
3627 2991 3683 3041 ὲν

440 3091 495 3136 et
527 3099 624 3136 nos
663 3101 960 3150 possumus
987 3087 1245 3153 scapulas
1277 3087 1480 3158 dicere]
1530 3091 1767 3140 animam
1798 3088 2004 3141 Christi

2113 3076 2416 3144 χλωρότητι
2467 3076 2524 3127 δὲ
2555 3078 2782 3146 χρυσίου
2814 3080 2845 3148 ή
2888 3078 3035 3148 ψυχὴ
3092 3079 3281 3142 αὑτοῦ,
3317 3081 3392 3140 ὡς
3428 3082 3684 3149 ἡνωμένη

441 3173 714 3242 intelligit,
751 3186 1007 3242 tanquam
1071 3177 1420 3240 interiorem,
1469 3193 1532 3231 ac
1589 3179 1760 3245 magis
1808 3185 2005 3230 tectam

443 3271 672 3331 partem.
731 3265 1103 3334 Splendidmn,
1165 3266 1359 3335 inqttit,
1435 3278 1599 3337 atque
1652 3271 1871 3339 elegans
1925 3280 2008 3324 est

440 3353 641 3407 Christi
695 3369 915 3422 corpus.
962 3364 1016 3407 et
1052 3357 1261 3422 argenti
1319 3360 1494 3413 instar
1547 3359 1780 3428 refulget
1819 3361 2004 3414 :omni

439 3444 584 3497 enim
639 3454 788 3496 caret
850 3446 1053 3513 peccati
1115 3450 1325 3501 macula
1369 3465 1608 3514 ;verum
1671 3466 1785 3517 Ipsa
1842 3453 2006 3505 etiam

441 3535 646 3595 anima,
696 3548 802 3586 non
847 3537 1043 3589 minori
1098 3537 1217 3592 luce
1270 3554 1332 3592 ac
1386 3540 1598 3610 fulgore
1651 3541 2005 3609 splendescit,

441 3625 904 3694 cum'pttrissimo
962 3629 1136 3697 possit
1196 3645 1330 3683 auro
1362 3633 1694 3701 comparari.
1762 3635 1844 3688 Ab
1891 3635 2008 3704 ipsa

441 3716 584 3768 enim
641 3717 958 3780 divinitate.
995 3723 1081 3773 cui
1134 3723 1285 3774 unita
1343 3733 1508 3792 atque
1556 3726 1850 3794 conjuncta
1903 3736 2006 3792 est,

443 3808 755 3876 huiusmodi
789 3811 929 3864 lucis
956 3812 1142 3866 radios
1196 3815 1383 3867 sumit.
1421 3813 1690 3870 Pallorem
1727 3833 1857 3872 vero
1891 3819 2007 3873 auri

439 3901 598 3964 dixit,
627 3902 755 3970 quia
791 3891 995 3971 pallere
1029 3905 1170 3958 solet
1213 3920 1431 3969 aurum,
1469 3909 1611 3975 quod
1643 3911 2006 3978 purissimum

439 4001 544 4046 est.
593 3993 698 4045 Alii
753 3997 1152 4062 praecedentem
1203 3999 1538 4051 versiculum
1584 4001 1713 4056 huic
1772 4002 2008 4070 conjun-

438 4090 645 4148 gcntes,
671 4083 744 4136 ita
775 4095 1059 4153 exponunt
1093 4104 1105 4138 :
1154 4087 1209 4140 Si
1241 4088 1469 4141 stabiliti
1507 4089 1721 4145 fueritis
1751 4093 1803 4145 in
1830 4092 2010 4146 medio

441 4171 670 4225 duorum
697 4173 1192 4241 Tcstamentorum,
1214 4178 1428 4234 Veteris
1457 4181 1735 4244 nimirum,
1770 4191 1824 4235 et
1851 4180 2008 4237 Novi.

442 4264 667 4319 Stahilis
704 4268 848 4321 enim
880 4283 943 4322 ac
978 4269 1276 4324 immobilis
1306 4286 1627 4339 permanere
1663 4272 1902 4332 videtur,
1953 4281 2010 4325 ut

440 4356 706 4422 diximus,
761 4359 852 4426 qui
906 4360 1105 4412 dormit
1140 4377 1153 4413 :
1187 4368 1241 4414 et
1293 4369 1471 4416 sortes
1515 4363 1712 4417 merito
1744 4364 2005 4430 appellari

2111 3171 2178 3236 τῇ
2220 3167 2472 3233 Θεότητι.
2508 3169 2580 3219 Τὸ
2618 3169 2829 3238 χλωρὸν
2852 3172 2960 3239 γὰρ
2997 3172 3244 3242 χρυσίον,
3291 3173 3684 3242 meapde

2111 3261 2282 3312 ἐστιν.
2320 3260 2506 3311 ’Λλλοι
2544 3261 2600 3312 δὲ
2631 3261 2691 3312 τὸ
2725 3262 2831 3327 πρὸ
2891 3263 3080 3316 τούτου
3140 3265 3306 3332 ῥητὸν
3339 3266 3415 3334 τῷ
3453 3267 3684 3335 παρόντι

2112 3350 2520 3413 συντάττοντες,
2569 3350 2733 3417 φασίν
2762 3352 2842 3404 ὅτι
2866 3394 2879 3415 ,
2931 3353 3057 3406 Ἐὰν
3086 3354 3428 3424 στερεωθῆτε
3459 3357 3562 3408 ἀνὰ
3593 3356 3687 3420 μέ-⁴

2113 3459 2202 3493 σον
2232 3443 2339 3494 τῶν
2364 3442 2456 3494 δύο
2485 3444 2795 3512 Διαθηκῶν,
2821 3445 2917 3511 τῆς
2938 3463 2996 3497 τε
3023 3446 3265 3509 Παλαιᾶς
3296 3448 3386 3500 καὶ
3409 3449 3505 3517 τῆς
3519 3449 3682 3511 Νέας·

2114 3535 2446 3602 ἐστερέωται
2477 3536 2586 3604 γὰρ
2618 3536 2893 3606 ἀκινήτως
2927 3540 2955 3590 6
2997 3537 3344 3608 κοιμώμενος
3367 3557 3380 3570 ’
3431 3543 3525 3592 καὶ
3554 3541 3687 3593 ἀπο-

2111 3624 2482 3693 κεκλήρωνται
2509 3626 2562 3676 αἱ
2579 3624 2865 3692 Διαθῆκαι,
2881 3627 2913 3693 ἡ
2935 3625 3030 3694 μὲν
3047 3626 3122 3695 τῷ
3148 3627 3311 3680 πάλαι
3333 3627 3446 3696 λαῷ
3465 3629 3568 3698 πρὸ
3591 3631 3687 3682 τοῦ

2115 3714 2378 3782 σταυροῦ,
2415 3716 2446 3784 ἡ
2483 3715 2539 3767 δὲ
2575 3715 2652 3783 τῷ
2681 3716 2786 3785 νέῳ
2818 3716 2956 3784 μετά
2980 3716 3070 3768 τὸν
3097 3718 3362 3788 σταυρόν·
3405 3718 3500 3770 ἐὰν
3519 3719 3686 3782 οὕτω,

2115 3808 2269 3876 φησὶ,
2308 3809 2570 3875 ποιήσητε
2605 3808 2737 3878 (56),
2781 3809 3107 3876 μεσάζοντες
3137 3810 3229 3862 καὶ
3264 3810 3689 3878 συμὸιόἀζοντες

2111 3900 2206 3968 τὴν
2233 3900 2378 3952 Νέαν
2415 3902 2546 3967 προς
2569 3901 2667 3968 τὴν
2696 3901 2975 3952 Παλαιὰν·
3006 3903 3190 3970 ἐκείνη
3219 3903 3317 3970 μὲν
3352 3903 3459 3973 γὰρ
3491 3903 3688 3965 τύπος,

2112 3992 2253 4061 αὕτη
2309 3993 2364 4044 δὲ
2418 3992 2685 4061 ἀλήθειαο
2727 3993 2849 4044 τότε
2897 3995 2997 4062 τῆς
3042 3996 3403 4064 περιστερᾶς,
3437 3994 3556 4065 ἦτοι
3590 3995 3688 4063 τοῦ

2113 4085 2270 4152 ἁγίου
2302 4083 2620 4153 Πνεύματος
2647 4085 2702 4138 αἱ
2738 4085 2836 4153 μὲν
2861 4085 3150 4156 πτέρυγες,
3184 4086 3358 4138 εἴτουν
3381 4086 3448 4138 τὰ
3483 4084 3689 4138 ἁπλού-

2114 4194 2300 4244 στερα,
2321 4176 2416 4227 καὶ
2451 4177 2726 4245 ἀκρότατα
2759 4179 3026 4247 νοήματα,
3057 4178 3289 4246 λαμπρά
3324 4179 3686 4246 φανήσονται⁹

2111 4267 2180 4320 τὰ
2209 4268 2264 4319 δὲ
2301 4268 2638 4336 μετάφρενα,
2662 4267 2943 4320 τουτέστιν
2970 4268 3036 4320 τὰ
3069 4269 3322 4338 ἐνδότερα
3353 4270 3448 4320 καὶ
3478 4285 3690 4336 μυστη-

2116 4359 2468 4429 ριωδέστερα,
2493 4359 2651 4426 δίκην
2681 4359 3026 4428 χλωρότητος
3057 4359 3265 4428 χρυσοῦ
3289 4358 3680 4428 καθαρώτερα⁸

443 4459 678 4515 possunt
702 4450 810 4504 duo
843 4451 1213 4518 Testamenta,
1241 4469 1360 4507 cum
1395 4455 1524 4508 illud
1559 4457 1782 4524 antiquo
1809 4459 2007 4526 populo

2113 4427 2161 4504 εἰ
2191 4451 2246 4504 δὲ
2277 4427 2532 4522 λαμπρὸς
2587 4452 2686 4520 μὲν
2719 4455 2745 4504 ὁ
2785 4427 3340 4522 ἀργυροφλαμπρὺς
3393 4451 3450 4502 δὲ
3502 4427 3598 4504 καὶ
3661 4452 3689 4501 6

438 4542 566 4588 ante
597 4551 840 4598 crucem,
873 4537 1105 4590 alterum
1151 4554 1291 4592 novo
1345 4540 1566 4608 populo,
1595 4551 1719 4609 post
1758 4559 2004 4607 crucem,

2112 4543 2326 4613 χρυσὸς,
2386 4543 2500 4594 ἀλλ’
2550 4545 2582 4611 ἡ
2636 4541 2730 4595 τοῦ
2764 4543 2967 4611 χρυσοῦ
3016 4543 3340 4611 λαμπρότης
3410 4540 3689 4609 βαθυτέρα

439 4625 493 4678 itt
536 4635 741 4679 sortem
773 4627 894 4679 data
937 4631 1066 4681 sint.
1095 4629 1150 4682 Si
1181 4630 1343 4698 igitur
1361 4630 1722 4684 constiteritis
1747 4633 1799 4686 in
1831 4636 2007 4689 medio

2112 4634 2224 4686 ὲστί
2250 4648 2264 4662 ·
2306 4632 2645 4702 περιστερὰν
2673 4631 2728 4684 δὲ
2767 4631 2947 4683 νοοῦσι
2997 4632 3058 4684 τὸ
3107 4632 3261 4699 ἆγιον
3312 4631 3560 4701 Πνεῦμα,
3605 4631 3688 4682 ὅτι

440 4716 730 4784 utriusque
763 4717 1114 4785 Testamenti,
1158 4731 1214 4773 et
1248 4720 1395 4789 quod
1450 4737 1653 4775 novum
1699 4735 1804 4789 est,
1836 4727 2004 4780 veteri

2112 4725 2203 4778 καὶ
2236 4725 2294 4777 ὲν
2324 4724 2456 4776 εῖδει
2503 4726 2836 4794 περιστερᾶς
2867 4723 3138 4792 κατῆλθεν
3182 4723 3274 4776 ἐπὶ
3327 4724 3414 4776 τὸν
3448 4721 3691 4792 Χριστὸν

437 4821 738 4863 consonum
773 4813 1138 4868 credideritis.
1174 4813 1347 4869 Vetus
1379 4815 1584 4868 etenim
1614 4816 1785 4886 tigura
1814 4827 1918 4881 est,
1951 4829 2004 4875 et

2112 4818 2524 4890 βαπτιζόμενον.

439 4901 643 4954 Novum
703 4905 902 4960 veritas
946 4923 960 4960 :
999 4914 1130 4960 tunc
1197 4907 1297 4961 alte
1363 4908 1647 4972 columhm,
1716 4909 1819 4961 hoc
1883 4920 1965 4964 est
2033 4912 2329 4966 exteriores
2391 4923 2455 4962 ac
2504 4907 2866 4976 simpliciores
2931 4906 3104 4960 sancti
3169 4905 3408 4975 Spiritus
3465 4919 3686 4958 sensus.

437 4995 703 5063 Splendidi
757 5013 880 5051 esse
911 5000 1064 5053 vobis
1111 5000 1439 5053 videbuntur
1472 5018 1486 5052 :
1521 5013 1573 5054 et
1638 5003 1895 5070 scapulae,
1966 5003 2067 5057 hoc
2107 5013 2214 5067 est,
2247 5003 2558 5063 interiores,
2593 5009 2647 5052 et
2678 4999 2852 5067 magis
2887 4999 3129 5069 mystica:
3153 4999 3683 5066 contemplationes.

439 5095 612 5146 instar
645 5092 986 5160 pallidissimi
1024 5109 1085 5146 ac
1126 5095 1403 5160 purissimi
1438 5097 1555 5148 auri
1601 5096 1865 5164 fulgorem
1923 5113 1985 5149 ac
2027 5099 2200 5152 lucem
2249 5113 2398 5151 suam
2469 5096 2621 5149 vobis
2699 5095 3174 5148 demonstrabunt.
3232 5095 3296 5149 Et
3375 5109 3687 5164 quanquam

439 5194 728 5254 utrumque
750 5201 813 5239 ex
851 5188 1199 5241 hismctallis
1263 5189 1767 5256 splcttdidissimnm
1827 5193 1915 5254 sit,
1953 5193 2072 5245 auri
2116 5200 2296 5245 tamen
2342 5193 2598 5260 Splendor
2649 5189 3007 5244 intcnsiorcm
3060 5189 3342 5259 prteselert
3395 5190 3686 5258 fulgorem.

1769 5367 1906 5426 Vari
1934 5389 1964 5425 ιε
1996 5368 2326 5430 lectiones.

515 5519 626 5591 (5i)
652 5519 895 5591 [fidelius
931 5535 1020 5572 nec
1056 5520 1165 5573 loco
1197 5534 1427 5574 moretur
1451 5524 1594 5588 quid.
1701 5590 1704 5591 ν
2110 5524 2400 5576 act/uerens.
2448 5524 2644 5576 Aurum
2681 5539 2837 5591 porro
2870 5525 3073 5588 pallens
3105 5523 3446 5586 purissimum
3475 5530 3578 5572 est.

516 5590 628 5650 (55)
662 5587 849 5640 Grmee
878 5591 1086 5643 at'idius
1116 5587 1482 5656 :spleudidum
1516 5592 1640 5640 dicit
1660 5590 1772 5652 ejus
1792 5605 1999 5653 corpus.

449 5667 622 5718 utpote
673 5660 872 5722 percuti
909 5675 1111 5725 ca‘pers.
1167 5661 1408 5721 Splendet
1444 5669 1614 5709 mitem
1664 5673 1940 5727 argentum
1983 5675 1997 5709 :

448 5729 630 5778 animo
665 5743 776 5780 vero
810 5743 920 5794 qua
963 5732 1013 5781 in
1065 5729 1262 5794 pallore
1315 5731 1457 5792 auri,
1516 5738 1691 5795 utpote
1733 5729 2008 5781 divinitati

2183 5595 2291 5662 (3U)
2332 5593 2545 5648 Clarius
2592 5604 2645 5648 ct
2677 5595 2914 5657 lidclius,
2965 5603 3010 5646 ct
3061 5594 3290 5645 alterum
3348 5607 3463 5642 cum
3516 5592 3682 5643 altera

2111 5663 2482 5717 concilim-itis.
