4070 6224
421 277 521 341 (i'll
1596 275 1986 339 EUTHYMII
2017 274 2382 335 ZIGABENI
3555 274 3663 337 (3‘2

424 395 559 448 Cum
599 394 855 464 superius
906 393 1100 447 dixerit
1141 412 1153 447 :
1191 392 1302 448 Iter
1355 394 1516 463 facile
1544 395 1590 447 ei
1624 394 1715 462 qui
1750 392 1986 445 ascendit
2018 415 2031 448 Α

2058 431 2065 447 ,
2104 388 2539 454 Ὀδοποιὴσατε
2559 386 2640 452 τῷ
2663 387 3064 455 ἑπιϐεϐηκότι,
3094 386 3189 440 νῦν
3213 388 3454 452 οἰκείως,
3481 389 3665 459 ἅρμα-

425 503 584 555 snper
608 502 843 547 occasus,
869 500 1014 537 nunc
1049 486 1100 536 in
1130 486 1333 554 Specie,
1370 500 1564 541 currus
1599 484 1692 538 Dei
1717 481 1984 538 meminit.

2093 495 2182 541 τος
2215 480 2647 548 ἐμνημόνευσεν.
2679 475 2804 531 Εἶεν
2843 477 2888 530 δ’
2917 478 2983 530 ἂν
3031 477 3184 547 ἆρμα
3214 477 3348 530 Θεοῦ
3377 479 3576 542 πάντες
3617 483 3664 532 οἱ

430 575 532 629 l’cr
562 589 781 628 currum
814 589 943 626 vero
975 575 1088 637 Dei,
1112 591 1206 629 eos
1235 591 1426 631 omnes
1455 576 1758 645 intelligere
1791 589 1991 645 possu-

2091 572 2182 622 τὸν
2210 570 2428 638 χαλινὸν
2459 570 2557 638 τῆς
2588 568 2827 630 πίστεως
2856 569 3166 638 δεξάμενοι,
3190 570 3283 621 καὶ
3304 569 3670 638 ὑποζυγέντες

428 678 571 724 mus,
605 662 694 729 qui
728 662 847 716 ﬁdei
874 662 1112 716 habenas
1138 679 1448 732 suscepere,
1493 663 1695 733 quique
1723 663 1787 716 ad
1817 678 1984 718 suave

2093 662 2171 733 τῷ
2203 661 2420 731 Χριστῷ
2475 661 2624 730 ζυγῷ
2653 660 2748 712 τοῦ
2801 661 3064 728 Χριστοῦ,
3119 663 3214 714 καὶ
3264 661 3534 731 ἒπιὸἁτην
3572 664 3671 716 καὶ

429 752 632 806 Christi
669 753 858 821 jugum
889 754 1068 821 juncli
1105 765 1256 818 sunt,
1291 770 1752 824 ascensorcutque
1789 764 1844 807 et
1889 770 1991 807 att-

2096 752 2331 822 ἡνίοχον,
2363 752 2535 820 αὐτὴν
2585 752 2826 821 ἔχοντες.
2863 751 3035 804 Τοῦτο
3084 752 3229 805 δὲτὸ
3274 753 3431 824 ἅρμα
3480 773 3673 826 μυριο-

431 843 600 909 rigam
656 857 778 895 eum
841 843 1061 901 habent.
1133 845 1457 913 Huiusmodi
1517 846 1662 898 enim
1720 846 1990 910 hmnines,

2097 843 2322 895 πλάσιον
2379 838 2520 895 εἶναι
2574 843 2742 910 λέγει,
2772 842 2866 896 τοῦ
2898 842 3133 896 παλαιοῦ
3182 843 3431 914 ἅρματος
3460 846 3566 898 τῶν
3615 849 3675 900 ἐν

431 946 631 985 currus
690 930 781 986 Dei
850 933 958 987 dici
1015 944 1296 1002 possunt:
1335 937 1467 1004 quin
1519 937 1627 989 imo
1689 944 1741 988 et
1794 951 1994 988 currus

1063 944 1248 988 )ssunt
1284 953 1296 988 :
1335 937 1467 1004 quin
1519 937 1627 989 imo
1689 944 1741 988 et
1794 951 1994 988 currus
2109 933 2388 997 Ἰουδαίοις
2422 934 2670 988 δικαίων.

431 1024 824 1092 multiplicatus
853 1026 922 1079 ab
969 1027 1193 1094 antiquo
1225 1027 1315 1080 illo
1360 1028 1632 1098 justorum
1680 1045 1868 1089 curru,
1901 1026 1994 1097 qui

431 1115 574 1168 inter
616 1114 829 1170 Jutlmos
859 1127 1040 1171 erant.
1623 1143 1628 1146 ·
3071 1190 3075 1194 ,

504 1205 682 1259 lllillia
729 1209 1136 1263 abundantinm.
1187 1211 1568 1281 Subintcllige‘
1595 1214 1816 1266 verbum
1853 1221 1994 1265 sunt.

2169 1207 2443 1273 Χιλιάδες
2468 1209 2905 1275 εὐθηνούντων.
2945 1211 3134 1264 Λείπει
3180 1211 3240 1263 τδ
3274 1213 3469 1265 εἰσίν·
3505 1213 3673 1280 εὐθη-

391 1297 840 1352 Ἀιιιιιιιῖίιιιιίιιιη
903 1317 1031 1354 vero
1096 1303 1340 1358 ubertate
1389 1320 1450 1356 ac
1498 1303 1782 1357 fertilitate
1822 1304 1995 1356 ιίιῑιιο

1740 1311 1782 1356 te
1822 1304 1995 1356 \ittu-
2101 1299 2336 1351 νούντων
2363 1301 2442 1365 δὲ,
2484 1303 2549 1371 τῇ
2585 1303 2936 1374 καρποφορίᾳ
2967 1304 3073 1356 τῶν
3111 1305 3347 1373 ἀρετῶν.

436 1403 569 1446 tttnt.

506 1487 764 1540 Dominus
824 1489 876 1539 in
912 1489 984 1542 eis
1037 1489 1090 1541 in
1127 1489 1258 1542 Sina
1293 1498 1408 1542 erat
1451 1489 1505 1542 in
1543 1502 1748 1542 sancto.
1791 1487 1997 1543 Subin-

2169 1477 2383 1544 Κύριος
2408 1476 2476 1530 ἐν
2503 1476 2710 1541 αὐτοῖς
2740 1478 2810 1530 ἐν
2840 1479 2988 1531 Σινὰ
3017 1475 3096 1547 ἦν
3118 1479 3188 1531 ἐν
3223 1479 3301 1544 τῷ
3324 1482 3492 1547 ἁγίῳ.
3550 1481 3680 1534 Λεί-

433 1579 616 1646 tellige
643 1580 951 1637 relativum.
989 1581 1098 1649 qui,
1143 1588 1199 1632 nt
1227 1580 1298 1633 sit
1323 1596 1520 1635 sensus
1552 1599 1564 1633 :
1600 1579 1694 1632 llle
1733 1578 1999 1633 Dominus

2106 1587 2196 1622 πει
2251 1569 2308 1621 δὲ
2367 1569 2428 1621 τὸ
2471 1569 2560 1634 ὃς,
2623 1570 2708 1622 ἵνα
2845 1569 3124 1624 τοιοῦτον·
3159 1571 3364 1642 Κύριος
3401 1575 3458 1624 ἐν
3496 1574 3687 1640 αὐτοῖς

439 1669 492 1722 ἰιι
523 1669 602 1722 eis
627 1678 732 1731 est,
768 1671 858 1736 qui
893 1671 1020 1722 olim
1049 1671 1241 1724 eratin
1273 1679 1466 1724 sancto
1494 1671 1644 1736 Sina,
1672 1681 1725 1725 ct
1755 1670 1997 1724 abundat
2030 1715 2046 1770 1

2110 1661 2277 1723 ἐστιν,
2305 1659 2362 1722 ὃς
2401 1662 2457 1712 ἐν
2494 1659 2572 1729 τῷ
2611 1661 2743 1714 Σινὰ
2773 1656 2841 1731 ἦν
2871 1661 3039 1716 πάλαι
3083 1662 3162 1732 τῷ
3193 1664 3352 1733 ἁγίῳ.
3389 1667 3683 1735 Περιττευ-

437 1760 606 1812 altera
637 1761 967 1827 prmpositio,
997 1762 1070 1814 in.
1098 1761 1251 1815 Unus
1285 1762 1449 1830 igitur
1482 1769 1644 1830 atque
1679 1761 1821 1815 idem
1856 1760 2000 1814 Deus
2036 1753 2044 1769 ¹

2111 1753 2277 1823 ούσης
2303 1753 2403 1822 τῆς
2439 1754 2509 1806 ὲν
2539 1753 2616 1822 τῷ
2647 1755 2788 1824 ἁγίῳ
2837 1755 3188 1823 προθέσεωςο
3232 1753 3313 1820 εἷς
3347 1757 3457 1827 γὰρ
3501 1760 3529 1810 δ
3588 1761 3685 1812 καὶ

437 1859 522 1904 est
556 1850 672 1915 illc,
703 1852 793 1920 qui
833 1849 960 1905 tunc
996 1854 1048 1906 in
1091 1852 1243 1917 Sina,
1276 1861 1329 1907 et
1364 1854 1456 1922 qui
1496 1852 1657 1906 modo
1689 1853 1859 1920 legem
1889 1860 2000 1905 sta-

2112 1847 2230 1897 ἐκεῖ
2253 1847 2347 1898 καὶ
2378 1845 2614 1899 ἐνταῦθα
2641 1846 2949 1914 νομοθετῶν
2973 1865 2987 1879 ο
3041 1848 3196 1915 ἅγιον
3228 1849 3285 1900 δὲ
3328 1851 3388 1901 τὸ
3416 1851 3571 1915 Σινᾶ,
3607 1853 3685 1914 ὡς

438 1945 563 2007 tuit_
606 1942 865 1996 Sanctum
910 1953 1093 1997 autem
1134 1943 1263 1996 Sina
1293 1943 1557 2012 appellat,
1596 1942 1764 1997 veluti
1800 1943 2005 1995 saneti-

2114 1937 2402 2004 ἅγιασθὲν,
2439 1940 2505 2008 τῇ
2553 1938 2823 2010 ἐπιδημίᾳ
2848 1937 2943 1992 τοῦ
2977 1939 3137 2003 Θεοῦ,
3172 1940 3264 1992 καὶ
3299 1941 3376 2004 ὡς
3406 1943 3523 2011 Θεῷ
3550 1944 3683 1995 ἀνα-

442 2034 660 2086 ftcatunt
723 2035 896 2100 ipsius
947 2035 1041 2088 Dei
1088 2037 1400 2102 prtesentia,
1435 2043 1598 2104 atque
1643 2037 1692 2090 ci
1738 2035 2000 2088 dicatttttt.
2115 2028 2391 2097 κείμεν’)ν.

517 2122 675 2179 Vens.
719 2125 806 2178 19.
842 2127 1146 2179 Ascendiin
1173 2128 1223 2178 in
1253 2128 1445 2188 altum,
1477 2128 1761 2194 captivasti
1789 2127 2010 2190 captivi-

2196 2120 2440 2186 Ἀνέϐης
2483 2123 2571 2187 εἱς
2626 2121 2806 2189 ὕψος,
2856 2119 3336 2189 ἡχμα.1ώτευσας
3386 2124 3689 2191 αἰχμαλω-

449 2225 635 2268 tatem.
676 2217 729 2269 lu
766 2219 959 2280 altum,
986 2219 1089 2271 hoc
1115 2228 1222 2279 est,
1252 2220 1303 2271 in
1326 2234 1569 2280 crucem,
1600 2220 1682 2271 vel
1706 2219 1757 2271 in
1786 2218 2005 2270 C(elurn.

2115 2211 2279 2265 σίαν.
2315 2211 2406 2275 Είς
2445 2211 2506 2264 τὸ
2539 2213 2668 2283 ὕψος
2689 2212 2784 2266 τοῦ
2814 2213 3073 2285 σταυροῦ.
3111 2213 3177 2266 Ἣ
3207 2215 3288 2275 είς
3316 2215 3406 2266 τὸν
3436 2214 3688 2284 οὐρανὸν,

441 2300 717 2356 Ascensus
744 2313 924 2357 autem
956 2306 1065 2368 hic,
1097 2307 1402 2359 libertatem
1434 2306 1701 2364 ostendit.
1730 2307 1857 2358 dum
1889 2307 1963 2358 ait
1994 2323 2004 2356 :

2117 2308 2175 2358 ἐν
2195 2306 2274 2375 τῷ
2305 2305 2480 2375 καιρῷ
2507 2309 2605 2374 τῆς
2653 2306 3001 2376 Ἀναλήψεως
3029 2323 3043 2337 ο
3089 2305 3336 2372 Ἀνέϐης
3369 2306 3460 2369 δὲ,
3495 2306 3585 2359 διὰ
3629 2307 3691 2359 τὸ

443 2392 766 2456 Ascendisti,
801 2405 991 2462 sponte
1034 2406 1124 2447 tua
1177 2397 1460 2448 nimirum.
1515 2396 1592 2449 Tu
1625 2396 1790 2450 etiam
1829 2397 2006 2464 ipsum

2119 2400 2366 2453 ἑκούσιον
2405 2399 2505 2467 τῆς
2536 2399 2879 2461 ἀναϐάσεως.
2911 2399 3002 2466 Τῷ
3024 2398 3210 2466 δόρατι
3237 2399 3292 2450 δὲ
3322 2398 3415 2450 τοῦ
3449 2398 3691 2466 σταυροῦ

446 2484 752 2548 diabolum,
784 2487 874 2550 qui
901 2487 1242 2553 tyrannidem
1273 2486 1325 2538 itt
1356 2487 1796 2548 noscxerccbat,
1827 2484 2010 2538 crucis

2120 2489 2365 2543 καθελὼν
2404 2491 2496 2542 τὸν
2523 2489 2903 2560 τυραννοῦντα
2939 2489 3214 2551 διάϐολον,
3256 2489 3695 2560 ᾐχμαλώτευσας

441 2571 626 2639 jaculo
661 2572 980 2635 confodisti,
1025 2585 1076 2627 et
1128 2575 1373 2642 gentium
1425 2575 1799 2644 captivitatem
1837 2574 2010 2638 capti-

2118 2584 2218 2648 τὴν
2281 2581 2662 2649 αἰχμαλωσίαν
2693 2580 2801 2632 τῶν
2855 2579 3026 2631 ἐθνῶν
3069 2581 3135 2650 ἢν
3164 2581 3372 2642 ἐκεῖνος
3425 2580 3695 2649 πρότερον

447 2663 609 2727 vasti,
659 2679 820 2729 quam
880 2664 972 2717 ille
1027 2675 1186 2718 antea
1220 2667 1615 2733 captivaverat,
1659 2685 1754 2722 eos
1807 2668 1909 2722 sibi
1954 2669 2007 2721 in

2119 2671 2547 2743 ᾐχμαλώτευσεν
2579 2672 2756 2738 ἑαυτῷ
2788 2671 2957 2723 ταῦτα
2997 2669 3577 2739 καταδουλωσάμενος.
3611 2669 3697 2720 Εἴ-

419 2755 766 2807 -serritntcm
800 2755 1073 2822 rctligens.
1107 2757 1402 2824 Propterea
1446 2759 1561 2826 ipse
1591 2759 1858 2812 Dominus
1883 2758 2010 2810 alibi

2123 2782 2258 2833 ρηκε
2286 2763 2392 2833 γὰρ
2422 2765 2449 2816 ὸ
2480 2765 2712 2832 Χριστός
2737 2779 2750 2792 ⁸
2783 2765 2972 2816 ’Ὀταν
2998 2761 3238 2832 ὑψωθῶ,
3263 2763 3506 2816 ἑλκύσω
3540 2761 3695 2816 πάν-

449 2844 576 2896 :tit:
621 2845 752 2898 Cum
796 2856 972 2899 autem
1020 2848 1287 2902 exaltalus
1337 2849 1486 2918 fuero
1536 2867 1567 2902 a
1617 2860 1782 2913 terra,
1831 2854 2012 2903 omnia

1706 2867 1782 2913 ra,
1831 2854 2012 2903 omnia
2119 2873 2193 2907 τα
2222 2856 2372 2923 πρὸς
2395 2855 2677 2923 ἐμαυτόν.
3309 2865 3313 2869 ’

449 2935 659 2987 traham
697 2937 766 2988 ad
807 2954 885 2991 nte
917 2938 986 2991 ⁸⁸.

519 3025 716 3090 Cepisti
765 3027 905 3079 dona
963 3030 1017 3080 in
1077 3029 1408 3083 hominibus.
1468 3030 1672 3084 Verum
1730 3032 2015 3100 apostolus
2048 3052 2090 3110 ε

2085 3055 2090 3107 ι
2197 3035 2453 3098 Ἐλαϐες
2482 3031 2707 3101 δόματα
2732 3032 2801 3084 ἐν
2825 3031 3180 3098 ἀνθρώποις.
3199 3033 3259 3084 '0
3276 3031 3331 3084 δὲ
3348 3031 3692 3094 ’Δπόστολος,

451 3113 656 3168 Paulus
690 3117 834 3169 hunc
883 3116 1128 3172 referens
1176 3120 1511 3173 versiculum
1553 3120 1618 3184 δ’,
1657 3136 1764 3173 non
1797 3119 2017 3188 Cepisti,

2124 3125 2354 3191 Δόματα
2382 3122 2624 3185 ἔδωκεν,
2680 3121 2853 3176 εἶπεν.
2897 3124 2950 3173 ’Λ
2963 3123 3208 3190 μφὸτερα
3241 3122 3299 3175 δὲ
3325 3123 3649 3191 γεγένηνται
3679 3139 3697 3154 ’

454 3205 550 3266 ait,
575 3207 668 3259 sed
697 3204 922 3271 Dedisti,
955 3216 1010 3260 et
1064 3215 1359 3276 utrumque
1407 3210 1607 3262 factum
1645 3218 1750 3264 est.
1787 3207 1922 3262 Nam
1955 3211 2024 3262 ab

2123 3213 2417 3282 λαμϐάνων
2475 3213 2583 3281 γὰρ
2635 3213 2787 3279 παρὰ
2838 3212 2945 3264 τῶν
2987 3213 3323 3281 προσιόντων
3381 3213 3566 3266 πίστιν
3604 3213 3699 3266 καὶ

454 3295 522 3348 iis
553 3295 644 3363 qui
691 3295 756 3348 ad
808 3311 869 3349 se
903 3297 1172 3352 accedunt
1221 3301 1364 3353 Detts
1418 3301 1574 3353 ﬁdem
1640 3307 1694 3355 et
1726 3305 2022 3369 gratiarum

1746 3305 2022 3368 gratiarum
2125 3304 2503 3374 εὐχαριστίαν,
2541 3303 2712 3356 ἐδίδου
2743 3305 3064 3373 χαρίσματα
3094 3305 3353 3376 διάφορα.

456 3385 726 3438 actionem
781 3387 950 3456 capit,
989 3397 1043 3442 et
1077 3390 1158 3443 eis
1208 3399 1401 3444 contra
1460 3391 1791 3461 multiplicia
1830 3392 2025 3446 tribuit

455 3475 851 3530 charismatum
884 3480 1051 3533 dona.

530 3567 738 3622 Etenim
772 3586 875 3622 non
915 3571 1181 3625 credentes
1234 3583 1288 3625 ut
1341 3573 1689 3629 inhabitares.
1747 3573 2025 3644 Accepisti

2198 3577 2307 3626 Ka.
2337 3571 2446 3640 γὰρ
2477 3571 2874 3636 ἀπειθοῦντας
2901 3573 3008 3626 τοῦ
3056 3572 3548 3639 κατασκηνῶσαι.
3591 3574 3703 3626 Καὶ

455 3655 601 3710 enim
638 3671 732 3711 eos
787 3657 1063 3725 homines,
1113 3660 1207 3728 qui
1255 3661 1493 3729 primum
1545 3676 1653 3715 non
1705 3662 2024 3716 credebant.

2128 3663 2238 3732 γὰρ
2294 3663 2493 3724 αὐτοὺς
2545 3662 2790 3724 ἐκείνους
2819 3661 3011 3724 ἔλαϐες
3037 3702 3052 3724 ,
3084 3664 3209 3724 τοὺς
3240 3663 3506 3733 πρότερον
3535 3664 3696 3715 ἀπει-

455 3750 730 3818 Accepisti
783 3761 963 3806 autem
995 3768 1115 3816 eos,
1158 3763 1217 3807 ut
1249 3755 1590 3810 inhabitares
1642 3755 1698 3809 in
1745 3755 1849 3821 eis,
1893 3756 1938 3810 si
1976 3762 2028 3810 te

2130 3755 2360 3816 θοῦντας
2413 3754 2759 3824 ἀνθρώπους,
2816 3754 3009 3816 ἔλαϐες
3068 3754 3125 3808 δὲ
3192 3756 3412 3818 αὐτοὺς,
3461 3753 3568 3808 ’ἐπὶ
3620 3755 3695 3825 τῷ

456 3841 677 3912 dignum
700 3843 878 3899 etl'ccti
903 3856 1087 3901 essent
1113 3847 1504 3916 habitaculum,

2129 3865 2268 3900 κατα
2280 3848 2558 3917 σκηνῶσαι
2591 3849 2648 3900 ὲν
2679 3848 2867 3910 αὐτοῖς
2893 3847 3026 3916 ('59),
3081 3847 3397 3918 γενομένοις
3425 3848 3578 3912 ἄξιόν
3607 3866 3697 3901 σου

2130 3939 2572 4007 κατοικητήριον.

532 4023 700 4080 Vens.
729 4025 944 4093 20,21.
1002 4025 1259 4081 Dominus
1303 4029 1438 4083 Deus
1495 4030 1816 4095 benedictus,
1881 4032 2031 4085 bene-

2201 4029 2417 4094 Κύριος
2450 4031 2483 4082 ό
2513 4029 2657 4092 Θεὸς
2690 4028 3042 4096 εὐλογητὸς,
3097 4031 3429 4098 εὐλογητὸς
3489 4033 3703 4100 Κύριος

461 4119 635 4171 dictus
672 4118 930 4173 Dominus
961 4121 1025 4174 de
1056 4122 1140 4174 die
1167 4123 1220 4174 in
1247 4121 1406 4175 diem.
1442 4120 1578 4176 Vide
1618 4138 1926 4176 sermonem
1965 4124 2031 4176 de

2132 4120 2364 4196 ἡμέραις
2419 4121 2548 4175 καθ’
2583 4121 2840 4189 ἡμέραν.
2872 4122 3015 4193 Ὀρα
3052 4122 3146 4174 τὸν
3197 4125 3327 4192 περὶ
3387 4124 3487 4192 τῆς
3540 4125 3702 4190 ἁγίας

462 4219 652 4264 sancta
695 4211 964 4266 Trinitate
999 4229 1012 4265 :
1044 4213 1309 4268 Dominus
1346 4216 1489 4270 Deus
1530 4223 1584 4269 et
1619 4215 1906 4269 Dominus.
1940 4213 2032 4270 Sic

2133 4213 2360 4282 Τριοὶδος
2392 4213 2586 4277 λόγον·
2626 4212 2852 4282 Κύριος,
2898 4213 2996 4266 καὶ
3052 4214 3080 4266 ὁ
3115 4213 3267 4278 Θεὸς,
3321 4215 3412 4266 καὶ
3477 4214 3700 4283 Κύριος.

462 4302 606 4358 enim
633 4302 843 4374 Moyses
865 4305 1079 4358 dixerat
1116 4321 1131 4360 :
1160 4305 1326 4373 Audi,
1379 4305 1553 4360 Israel
1577 4305 1867 4360 :Dominus
1891 4306 2031 4360 Deus

2094 4324 2106 4338 '
2134 4305 2290 4359 Οὕτω
2319 4307 2428 4375 γὰρ
2456 4305 2550 4357 καὶ
2579 4303 2797 4372 Μωσῆςσ
2814 4303 3040 4372 εἴρηκεν
3061 4321 3077 4336 ο
3133 4305 3372 4367 Ἀκουε,
3414 4302 3651 4371 Ἰσραήλ
3687 4321 3701 4336 ·

466 4405 585 4449 tuus
628 4395 766 4448 Deus
825 4411 962 4448 unus
999 4403 1075 4448 est
1099 4396 1168 4449 '°.
1214 4395 1281 4448 Et
1340 4412 1466 4451 cum
1509 4395 1846 4451 laudandum
1904 4380 2073 4452 eum1

2097 4386 2351 4463 ’Κύριος
2378 4397 2410 4448 ό
2456 4393 2600 4458 Θεός
2647 4405 2788 4458 σου,
2837 4392 3055 4460 Κύριος
3085 4385 3174 4456 εἷς
3209 4391 3404 4445 ἐστιν.
3441 4391 3622 4444 Εἰπὼν
3649 4392 3704 4444 δὲ

465 4503 589 4542 esse
621 4488 851 4542 dixisset
904 4486 970 4540 de
1028 4486 1136 4551 die,
1159 4486 1264 4541 hoc
1286 4497 1392 4550 est,
1420 4503 1519 4556 per
1549 4496 1718 4542 totam
1755 4489 1921 4553 diem,
1949 4492 2033 4543 di—

2133 4486 2216 4538 ὅτι
2246 4483 2590 4552 εὐφημητέος
2612 4481 2764 4534 ἐστὶν
2789 4481 3036 4549 ἡμέραν,
3173 4480 3612 4544 συνεξακούεται,
3644 4482 3704 4533 τδ

466 4587 711 4636 cttonttm
745 4579 1138 4636 obscuritatem
1175 4579 1494 4642 declaravit,
1522 4581 1750 4647 addens,
1787 4581 1853 4635 In
1873 4582 2030 4635 diem.

2147 4577 2280 4632 Ἀνὰ
2308 4575 2536 4640 πᾶσαν,
2570 4575 2867 4644 ἐσαφήνισε
2888 4574 2988 4642 τὴν
3017 4573 3338 4642 δυσχέρειαν
3358 4574 3465 4626 τῶν
3485 4573 3703 4638 λέξεων.

466 4671 632 4726 verba
658 4670 795 4733 hmc,
835 4669 907 4723 De
934 4669 1018 4724 die
1051 4671 1109 4723 in
1139 4671 1301 4737 diem,
1342 4672 1670 4742 simpliciter
1699 4673 2032 4743 intelligunt,

2139 4669 2418 4740 προσθεὶς,
2445 4668 2505 4720 τδ
2535 4669 2680 4720 Καθ’
2719 4665 2988 4734 ἡμέραν·
3031 4666 3174 4726 τινὲς
3225 4665 3283 4718 δὲ
3325 4665 3385 4718 τὸ
3455 4665 3707 4734 Ἡμέραι·

467 4763 571 4816 Alii
617 4770 796 4816 autem
836 4777 956 4833 pro,
991 4761 1239 4833 Semper,
1293 4771 1350 4817 et
1408 4780 1505 4835 per
1543 4765 1756 4820 dierum
1810 4781 2035 4822 succes-

2139 4763 2268 4817 καθ’
2303 4759 2553 4829 ἡμέραν,
2584 4757 2769 4821 ἁπλῶς
2804 4757 3038 4822 νοοῦσιν,
3099 4756 3222 4810 ἀντὶ
3298 4755 3393 4809 τοῦ
3466 4758 3706 4825 Ἡμέρας

469 4855 702 4910 sionem.
2139 4855 2199 4921 ἐξ
2227 4854 2464 4924 ἡμέρας.
2490 4853 2558 4904 Ὅ
2592 4852 2760 4912 ἐστιν,
2785 4850 2892 4906 ἀεὶ.
2926 4848 3069 4902 κατὰ
3097 4847 3349 4917 διαδοχὴν
3373 4847 3617 4919 ἡμερῶν.

539 4946 862 5017 Prosperum
889 4950 990 5002 iter
1020 4948 1169 5004 nobis
1200 4948 1368 5018 faciat
1395 4947 1530 5002 Deus
1570 4949 1888 5004 salutarium
1911 4968 2034 5006 nos-

2208 4943 2619 5002 Κατευοδώσαι
2653 4943 2798 5011 ἡμῖν
2822 4945 2857 4998 ἐ
2891 4941 3032 5006 Θεὸς
3054 4939 3173 4993 τῶν
3192 4941 3501 5008 σωτηρίων
3521 4939 3707 5007 ἡμῶν,

470 5045 701 5100 trorum,
737 5036 876 5091 Deus
914 5047 1112 5101 noster,
1165 5037 1305 5092 Deus
1337 5039 1557 5096 salutis.
1588 5039 1705 5094 Hoc
1752 5042 1916 5095 etiam
1984 5042 2040 5095 in

2141 5047 2175 5099 ό
2205 5043 2351 5107 Θεὸς
2386 5037 2574 5109 ἡμῶν,
2612 5039 2644 5090 ὁ
2669 5032 2813 5100 Θεὸς
2834 5033 2940 5087 τοῦ
2981 5031 3210 5091 σώζειν.
3249 5033 3390 5102 Ὅρα
3427 5031 3707 5084 κάνταῦθα

470 5126 592 5179 loco
613 5126 980 5195 contemplari
1012 5126 1140 5180 licet
1159 5141 1472 5182 sermonem
1499 5127 1568 5184 de
1600 5127 2042 5184 Trinitate.Nam

2139 5135 2231 5188 τὸν
2248 5131 2378 5202 περὶ
2405 5130 2505 5197 τῆς
2528 5126 2690 5194 ἁγίας
2719 5125 2950 5192 Τριάδος
2980 5123 3157 5191 λόγον.
3190 5123 3327 5191 Τρὶς
3371 5123 3480 5194 γὰρ
3535 5123 3707 5176 τέθει-

470 5225 552 5270 ter
571 5215 662 5271 hic
685 5217 972 5271 invocatur
1004 5217 1097 5270 Dei
1122 5232 1339 5272 nomen.
1365 5217 1430 5271 Et
1459 5221 1586 5288 quia
1625 5219 1679 5273 in
1713 5220 1901 5275 Graeca
1960 5223 2042 5275 le-

2141 5243 2230 5278 ται
2257 5225 2340 5282 τὸ.
2383 5222 2446 5273 '0
2476 5219 2639 5284 Θεός.
2672 5217 2786 5270 Οὐκ
2837 5214 3066 5278 ἀπεικὸς
3129 5215 3187 5268 δὲ
3241 5214 3338 5267 καὶ
3371 5228 3702 5282 σωτηρίων,

475 5307 657 5363 ctione
686 5307 857 5363 dictio
887 5308 1228 5373 salutarium,
1250 5320 1303 5364 et
1331 5309 1502 5364 dictio
1523 5311 1919 5380 salutum,solo
1954 5327 2046 5367 ac-

2145 5310 2581 5384 περισπωμένως
2612 5305 3030 5376 ἀναγινώσκειν.
3078 5302 3391 5374 Οὐδετέρως
3441 5305 3540 5372 μὲν
3598 5305 3707 5374 γὰρ

545 5483 591 5515 ⁸⁸
634 5483 794 5539 Joan.
832 5498 929 5551 xu,
959 5484 1049 5541 32.
1126 5485 1171 5518 “
1197 5483 1400 5554 Ephes.
1441 5500 1516 5551 tv,
1546 5485 1599 5540 8.
1677 5485 1722 5518 '°
1765 5487 1928 5542 Deut.
1969 5503 2046 5553 vt,
2075 5489 2130 5543 4.

1816 5574 2014 5638 νει-ιω
2045 5575 2374 5638 lectiones.

546 5675 656 5745 (39)
691 5676 874 5733 Grzcce
904 5676 1059 5744 factis
1089 5677 1302 5748 dignum
1330 5686 1374 5731 te
1416 5676 1798 5731 habitaculum.
