4070 6224
325 285 427 346 ϐ73

1474 287 1866 349 COMMENT.
1898 289 1977 348 1N
2021 290 2385 351 PSALMOS.

3465 304 3578 368 674

319 407 464 465 napo
478 394 782 461 ξυτονεῖται
816 408 828 423 ·
859 394 1109 466 θηλυκῶς
1132 394 1188 448 δὲ
1240 398 1578 467 περισπᾶται
1611 414 1623 428 ο
1674 398 1900 469 λέγομεν

2008 409 2170 454 centu
2204 400 2488 468 diﬂerunt,
2519 403 2688 475 aliqui
2711 405 2879 461 etiam
2915 407 3088 464 Deum
3111 411 3574 484 satutumlegunt,

317 486 428 556 γὰρ
458 485 553 538 καὶ
582 485 646 537 τὸ
680 484 1000 552 σωτήριον,
1039 486 1134 540 καὶ
1193 487 1232 554 ἡ
1292 488 1576 555 σωτηρία.
1614 488 1687 541 Τὸ
1742 490 1799 543 δὲ
1836 490 1898 544 '0

276 570 279 571 ν
321 576 467 640 Θεὸς
500 573 620 628 τῶν
653 576 968 643 σωτηρίων
990 575 1179 645 ἡμῶν,
1229 578 1323 631 καὶ
1365 578 1447 644 τὸ,
1487 580 1541 630 '0
1591 580 1735 645 Θεὸς
1791 582 1899 636 τοῦ

319 664 549 729 σώζειν,
584 665 644 718 τὸ
665 666 798 718 αὐτὸ
832 666 1197 736 σημαίνουσιν
1240 682 1255 699 ·
1312 668 1419 733 ὅτι,
1456 667 1515 723 '0
1548 669 1752 741 Κύριος
1786 672 1895 724 τῶν

321 756 608 826 σωτηρίων
637 754 818 826 ἡμῶν,
838 759 866 810 6
898 756 1101 827 Κύριος
1131 758 1225 811 τοῦ
1285 758 1482 823 σώζειν
1515 777 1529 792 ·
1573 761 1630 827 ἦ,
1677 762 1734 816 '0
1765 762 1899 825 Θεὸς

318 850 347 900 6
381 847 567 917 σωτὴρ
601 846 786 917 ήμῶν,
817 849 846 899 ὀ
873 847 1047 911 Θεὸςό
1074 848 1288 912 σώζων.

392 937 500 991 Καί
542 936 650 991 τοῦ
683 938 904 1005 Κυρίου
931 940 991 992 αι
1020 938 1281 1003 διέξοδοι
1316 940 1424 995 τοῦ
1461 942 1747 999 θανάτου.
1784 945 1898 1015 Τῆς

319 1025 604 1095 δυνάμεως
633 1024 728 1078 τοῦ
765 1025 901 1079 Θεοῦ
929 1028 1047 1080 ἔστι
1073 1029 1135 1080 τὸ
1163 1029 1384 1098 ἐξάγειν
1408 1032 1473 1084 ἐκ
1525 1032 1760 1086 Θανάτου
1818 1036 1901 1097 είς

320 1116 493 1186 ζωήν.
521 1116 766 1171 Θάνατον
793 1117 850 1171 δὲ
885 1118 996 1172 νόει
1042 1120 1138 1174 καὶ
1194 1120 1286 1174 τὸν
1350 1122 1602 1190 φυσικὸν,
1660 1126 1754 1178 καὶ
1800 1126 1900 1195 τὴν

323 1208 620 1277 ἁμαρτίαν.
662 1207 720 1260 Ὀ
747 1211 847 1277 μὲν
870 1210 981 1280 γὰρ
1006 1214 1192 1282 νεκροῖ
1217 1214 1278 1266 τὸ
1298 1212 1457 1283 σῶμα
1508 1215 1645 1281 πρὸς
1672 1217 1770 1279 τὰς
1799 1234 1901 1283 φυ-

323 1300 487 1361 σικὰς
522 1298 810 1368 ἐνεργείας
842 1316 859 1333 ⁸
887 1301 915 1353 ὁ
944 1303 1001 1355 δὲ
1026 1303 1126 1373 τὴν
1154 1304 1359 1375 ψυχὴν,
1393 1306 1533 1377 πρὸς
1582 1308 1680 1371 τὰς
1709 1308 1901 1380 ἐναρέ-

319 1403 463 1450 τους.
488 1387 587 1458 Είη
610 1388 655 1440 δ’
694 1389 763 1442 ἂν
827 1390 987 1444 τοῦτο
1042 1396 1138 1447 καὶ
1193 1396 1495 1466 πρόρρησις
1548 1399 1677 1466 περὶ
1705 1398 1806 1465 τῆς
1836 1400 1901 1451 ἐκ

318 1474 531 1545 νεκρῶν
555 1476 926 1544 ἀναστάσεως,
954 1480 1048 1533 τοῦ
1093 1482 1347 1555 Σωτῆρος
1370 1501 1385 1516 ο
1419 1483 1514 1538 τοῦ
1566 1486 1670 1557 γὰρ
1731 1486 1898 1540 αὐτοῦ

319 1566 514 1635 γέγονε
548 1568 767 1638 πρῶτον
794 1572 824 1640 ἡ
850 1570 1087 1637 διέξοδος
1118 1575 1215 1628 τοῦ
1247 1574 1502 1631 θανάτου.
1537 1576 1902 1642 διεξελθόντος

316 1657 509 1723 αὑτοῦ,
540 1660 635 1715 καὶ
657 1660 991 1727 ἀναστάντος
1018 1665 1203 1736 σαρκί.

2004 494 2060 541 et
2103 503 2303 544 sensus
2351 490 2493 544 idem
2535 501 2642 546 est.
2682 493 2750 548 Et
2784 497 2928 564 quod
2961 499 3212 569 sequitur
3249 520 3263 555 :
3300 502 3437 558 Deus
3480 521 3575 558 sa-

2006 579 2156 645 lutis,
2192 579 2258 635 ad
2301 581 2555 638 eumdem
2598 599 2821 639 sensuum
2867 589 3121 656 pertinet,
3145 606 3207 646 ac
3240 593 3286 647 si
3315 593 3520 648 diceret
3551 610 3568 649 :

2007 668 2152 725 Deus
2177 671 2421 727 salvator
2447 684 2653 739 noster,
2688 685 2743 731 et
2773 677 2912 734 Deus
2939 679 3182 736 saltans.

2078 930 2144 984 Et
2230 932 2445 987 Domini
2512 937 2684 990 exitus
2774 941 2978 994 mortis.
3076 942 3158 999 Ad
3226 952 3572 1013 potestatem,

2006 1022 2208 1091 inquit,
2243 1022 2333 1078 Dei
2366 1026 2628 1094 pertinet,
2651 1038 2707 1081 ιιι
2733 1044 2762 1082 a
2800 1039 2975 1085 morte
3003 1031 3129 1100 quis
3157 1034 3224 1087 ad
3258 1036 3422 1088 vitam
3445 1036 3579 1090 edu-

2005 1124 2187 1169 catur.
2208 1113 2310 1168 Per
2337 1124 2568 1171 mortem
2609 1134 2769 1182 vero,
2803 1131 2858 1175 et
2885 1122 3033 1176 illam
3066 1123 3369 1195 intelligere
3397 1135 3575 1195 potes,

2007 1221 2130 1275 quae
2183 1208 2436 1276 corporis
2489 1211 2843 1280 operationes
2893 1213 3443 1285 exstinguitzipsam
3493 1217 3578 1272 ni-

2008 1298 2207 1351 mirum
2246 1299 2554 1353 naturalem
2586 1311 2814 1355 mortem
2841 1318 2858 1369 ;
2892 1312 2947 1357 et
2968 1304 3279 1375 illam,qua:
3309 1307 3576 1361 virtutum

2005 1390 2355 1457 operationes
2382 1389 2435 1442 in
2466 1392 2646 1443 anima
2682 1393 3002 1457 mortificat,
3039 1409 3202 1464 quam
3234 1397 3578 1466 appellamus

2007 1487 2315 1548 peccatum.
2362 1480 2444 1534 Ab
2468 1488 2701 1549 utraque
2723 1482 2870 1536 enim
2889 1494 3062 1538 morte
3085 1492 3266 1553 potest
3297 1485 3441 1540 Deus
3475 1502 3579 1541 nos

2008 1570 2266 1624 liberare.
2327 1566 2557 1641 lntelligi
2610 1574 2778 1625 etiam
2831 1582 3065 1641 possunt
3115 1574 3230 1628 haec
3273 1576 3462 1639 verba,
3520 1586 3582 1630 ιιι

2012 1660 2358 1729 pr0plietiam
2393 1663 2715 1716 contineant
2733 1661 2801 1715 de
2822 1664 3125 1717 Salvatoris
3148 1667 3577 1731 resurrectione,

1923 1758 1966 1814 Β
1995 1753 2090 1823 qui
2122 1753 2338 1821 primus
2378 1754 2511 1807 exiit
2545 1769 2574 1807 a
2615 1762 2813 1809 morte.
2863 1752 2938 1808 Ea
2973 1757 3176 1811 etenim
3228 1767 3490 1826 superata
3520 1758 3577 1811 in

1997 1860 2095 1899 sua
2128 1859 2318 1908 carne,
2349 1860 2543 1898 rursus
2569 1846 2909 1899 resurrexit.
3666 1840 3669 1843 λ

2073 1928 2236 1984 Vens.
2277 1930 2371 1984 22.
2419 1929 2794 1985 Verumtamen
2845 1932 2981 1985 Deus
3036 1935 3329 2005 confringet
3391 1939 3573 2003 capita

1998 2018 2334 2071 inimicorum
2380 2034 2622 2071 suorum.
2662 2018 3109 2086 Principaliores,
3160 2025 3357 2092 inquit,
3410 2034 3576 2093 atque

1999 2105 2347 2161 efﬁcaciores
2399 2106 2710 2161 daemonum
2746 2110 3026 2177 potentias
3056 2112 3388 2182 confringet,
3437 2130 3579 2183 quas

387 1924 564 1992 Πλὴν
593 1928 627 1979 ό
662 1927 806 1993 Θεὸς
835 1931 1177 1986 συνθλάσει
1208 1934 1482 2000 κεφαλὰς
1515 1934 1637 1986 τῶν
1666 1932 1899 2000 ἐχθρῶν

317 2015 527 2069 αὐτοῦ.
556 2016 668 2082 Τὰς
698 2020 1050 2090 κυριωτάτας
1102 2022 1365 2092 δυνάμεις
1425 2024 1535 2076 τῶν
1586 2024 1897 2093 δαιμόνων·

319 2102 379 2153 ὲν
412 2105 478 2172 τῇ
504 2106 714 2177 κεφαλῇ
741 2109 850 2177 γὰρ
879 2112 935 2163 αί
964 2112 1308 2181 κυριώταται
1361 2113 1625 2183 δυνάμεις
1666 2114 1759 2168 τοῦ
1796 2113 1903 2167 σώ-

322 2194 517 2260 ματος.
549 2195 870 2265 Περιττεύει
897 2200 955 2252 δὲ
986 2201 1265 2255 κάνταῦθα
1296 2203 1359 2256 τὸ
1380 2204 1578 2273 Πλήν.
1611 2203 1724 2276 (40)
1762 2205 1897 2256 Συν-

2004 2196 2186 2266 capita
2212 2197 2335 2251 ideo
2366 2198 2682 2268 appellavit,
2726 2199 2857 2268 quia
2887 2200 2942 2254 in
2997 2203 3178 2271 capite
3220 2204 3487 2273 potiores,
3516 2219 3583 2259 ac

320 2283 505 2352 τόμως
534 2285 591 2338 δὲ
620 2287 816 2353 εἰπεῖν,
870 2291 1376 2364 συνθλάσεινοητῶς
1394 2296 1490 2359 τὰς
1512 2294 1706 2366 νοητὰς
1719 2294 1899 2349 αὐτῶν

2007 2286 2284 2356 praecipue
2328 2297 2460 2342 sunt
2500 2289 2675 2343 nostri
2707 2292 2958 2359 corporis
2993 2292 3155 2349 vires.
3194 2294 3449 2349 Abundat
3476 2294 3583 2350 hoc

322 2373 586 2442 κεφαλάς.
2010 2377 2067 2431 in
2126 2379 2252 2431 loco
2338 2378 2535 2442 dictio,
2593 2390 2974 2436 rerumtamen.
3023 2384 3350 2451 Hujusmodi
3396 2397 3578 2441 autem

320 2468 755 2525 ront'ractionem
789 2473 1051 2542 capitum,
1088 2489 1196 2529 non
1228 2477 1499 2542 intelliges
1526 2477 1865 2547 corporalem
1907 2487 2055 2535 esse,
2085 2485 2215 2525 cum
2240 2471 2584 2540 corporibus
2618 2482 2844 2527 careant
2906 2475 3205 2539 daemones,
3263 2480 3357 2533 sed
3427 2481 3580 2538 intel.

316 2556 645 2624 lectualiter,
705 2577 828 2617 cum
870 2574 925 2618 et
968 2566 1070 2634 ipsi
1131 2566 1529 2622 intellectuales
1590 2569 1702 2622 sint
1751 2564 2097 2623 substantiae.

391 2647 679 2717 Κορυφὴν
715 2652 917 2718 τριχὸς
946 2651 1471 2723 διαπορευομένων
1500 2656 1571 2709 ἐν
1618 2660 1895 2726 πλημμε-

315 2738 514 2805 delati;
536 2739 755 2795 αὐτῶν.
790 2743 914 2795 Τῶν
937 2743 1436 2815 διαπορευομένων,
1490 2747 1670 2800 είτουν
1724 2763 1897 2799 κατα-

321 2830 642 2884 πατούντων
671 2831 770 2903 τὴν
806 2833 1054 2904 κορυφὴν
1098 2834 1199 2904 τῆς
1230 2835 1404 2904 κόμης
1428 2836 1540 2906 (41)
1575 2836 1683 2889 τῶν
1716 2838 1898 2906 ἁμαρ-

318 2919 456 2973 τιῶν
491 2936 508 2953 ’
557 2922 721 2992 τρίχα
748 2923 856 2993 γὰρ
880 2923 975 2976 νῦν
1004 2924 1104 2994 τὴν
1136 2925 1313 2995 κόμην
1370 2928 1602 2996 νοήσεις.
1634 2926 1903 2978 Καταπα-

318 3008 559 3062 τούντων
587 3010 645 3064 δὲ
683 3011 877 3082 αὐτὴν,
926 3014 983 3065 ὲν
1015 3014 1094 3082 τῷ
1124 3014 1472 3083 πλημμελεῖν
1521 3013 1740 3077 αὐτούς.
1773 3014 1903 3066 Ὅτε

317 3101 433 3171 γὰρ
465 3101 874 3171 ἁμαρτάνουσιν
901 3103 1203 3174 ἄνθρωποι,
1225 3106 1345 3157 τότε
1363 3105 1413 3157 οἱ
1433 3106 1689 3173 δαίμονες
1724 3120 1898 3156 κατα-

317 3190 588 3244 πατοῦσιν
657 3194 856 3256 αὐτοὺς
911 3193 1387 3262 ὑποτεταγμένους
1443 3195 1566 3265 ἤδη.
1633 3196 1788 3247 Ἐστι
1842 3193 1900 3246 δὲ

319 3280 416 3333 καὶ
449 3280 623 3344 ἄλλως
653 3284 831 3335 εἰπεῖν
855 3299 871 3315 ⁸
907 3282 1017 3334 τῶν
1049 3283 1164 3353 (42)
1198 3283 1699 3353 διαπορευομένων,
1731 3281 1759 3334 ὅ
1783 3282 1899 3335 ἐστι

317 3372 762 3441 διερευνωμένων
786 3374 843 3426 ὲν
871 3376 991 3438 ταῖς
1020 3373 1424 3444 πλημμελείαις
1441 3373 1548 3427 τῶν
1574 3373 1898 3443 ἀνθρώπων,

317 3456 485 3527 τρίχα
513 3460 757 3529 κορυφῆς
794 3461 916 3514 κατ’
942 3462 1245 3534 ἐναλλαγήν
1272 3480 1287 3495 ο
1318 3463 1588 3526 τουτέστι,
1620 3462 1681 3515 τὸ
1707 3462 1900 3515 λεπτό-

318 3564 483 3600 τατον
511 3550 813 3622 ἁμάρτημα
835 3551 931 3606 τοῦ
954 3553 1266 3625 ἀνθρώπου.
1308 3552 1655 3621 Ἐξετάζουσι
1675 3556 1783 3623 γὰρ
1806 3554 1902 3608 καὶ

317 3640 392 3690 τά
418 3639 662 3706 τοιαῦτα,
694 3642 837 3697 κατὰ
865 3641 956 3697 τὸν
1018 3645 1209 3714 καιρὸν
1267 3644 1376 3698 τῶν
1436 3644 1763 3714 λογοθεσίων
1803 3646 1902 3715 τῆς

246 3800 249 3803 λ
318 3730 520 3803 tinxit:-

398 3908 545 3967 Εϊπε
572 3915 785 3980 Κύριος
822 3930 837 3946 ο
869 3913 972 3969 Ἐκ
1018 3914 1229 3969 Βασὰν
1281 3914 1646 3984 ἐπιστρέψω.
1689 3915 1755 3969 Ἥ
1798 3916 1903 3970 Βα-

322 4004 450 4069 σὰν,
482 4006 790 4074 αἰσχύνην
819 4005 1146 4077 ὲρμηνεύεν
1191 4006 1525 4079 ἐπέστρεψεν
1569 4006 1663 4061 οὖν
1693 4009 1819 4071 τοὺς
1842 4008 1902 4075 ἐξ

271 4129 281 4139 -
320 4094 494 4151 ἐθνῶν
522 4096 630 4149 ἀπὸ
651 4096 755 4166 τῆς
785 4096 1052 4166 αἰσχύνης
1067 4096 1175 4150 τῶν
1202 4098 1461 4163 εἰδώλων,
1523 4099 1618 4152 καὶ
1675 4098 1775 4168 τῆς
1820 4100 1903 4153 alr

322 4186 530 4258 σχύνης
554 4188 653 4252 τῆς
687 4188 983 4257 ἁμαρτίας.

408 4279 786 4346 Ἐπιστρέψω
812 4279 882 4332 ἐν
912 4279 1131 4346 ,ϐυθοῖς
1160 4280 1499 4347 θαλάσσης.
1567 4279 1902 4351 Ἐπέστρεψε

2072 2649 2325 2705 Verticem
2395 2652 2578 2718 capilli
2653 2654 3139 2721 perambulantium
3242 2663 3298 2715 in
3367 2663 3576 2718 delicti8

2001 2756 2206 2795 eorum.
2281 2736 2633 2811 Confringct,
2704 2744 2908 2812 inquit,
2969 2750 3148 2815 capita
3225 2751 3578 2808 inimicorum

1995 2829 2491 2899 perambulantium
2539 2831 2797 2884 verticem
2827 2835 3034 2902 capilli,
3063 2836 3167 2890 hoc
3202 2848 3308 2903 est,
3342 2844 3576 2895 concul-

2008 2919 2253 2972 cantium
2304 2920 2564 2973 verticem
2619 2936 3004 2987 comagcomas
3042 2925 3165 2980 dico
3208 2931 3581 2996 quorumlibet

2002 3006 2464 3075 delinquentium.
2493 3007 2765 3077 Capillum
2797 3012 2941 3064 enim
2970 3012 3061 3066 hic
3099 3014 3240 3069 dixit
3267 3031 3368 3085 pro
3398 3031 3577 3072 coma.

2003 3098 2346 3152 Conculcare
2387 3114 2515 3153 vero
2571 3100 3010 3171 delinquentium
3053 3120 3267 3161 comam
3322 3109 3582 3164 dicuntur

2003 3190 2303 3254 daemones,
2329 3206 2393 3245 eo
2425 3192 2569 3260 quod
2613 3203 2936 3261 peccatores
2972 3212 3223 3266 quosque
3251 3198 3419 3254 veluti
3470 3200 3579 3255 sibi

2002 3281 2286 3352 subjectos
2337 3286 2691 3340 conculcant.
2731 3285 3033 3344 Possumus
3075 3291 3579 3357 etiam,immutato

2001 3390 2279 3442 sermone,
2332 3376 2493 3432 aliter
2525 3393 2803 3449 exponere
2833 3421 2849 3446 ,
2913 3382 3061 3450 quod
3117 3382 3427 3453 confringet
3474 3384 3581 3439 Do-

2003 3467 2185 3522 minus
2219 3468 2398 3538 capita
2429 3469 2714 3524 hominum
2749 3473 3277 3540 pcrambulantium,
3331 3476 3433 3530 hoc
3470 3488 3579 3537 est.

2001 3553 2445 3623 investigantium
2472 3555 2525 3608 in
2548 3556 2763 3609 delictis
2783 3557 3033 3611 humanis
3051 3561 3310 3629 capillum
3334 3562 3578 3625 verticis,

2002 3641 2105 3694 hoc
2128 3649 2232 3704 est,
2261 3644 2586 3695 tenuissima
2626 3657 2856 3710 quaeque
2881 3644 3162 3698 hominum
3198 3657 3443 3713 peccata.
3473 3650 3579 3700 Ex-

2001 3731 2230 3800 quirunt
2252 3730 2456 3784 etenim
2482 3731 2756 3785 daemones
2772 3732 2932 3785 etiam
2961 3734 3074 3787 haec
3099 3736 3343 3798 minima,
3362 3738 3582 3805 quoties

2002 3823 2243 3877 animam
2279 3822 2520 3875 viderint
2552 3821 2821 3875 rationem
2864 3822 2972 3877 Deo
2999 3839 3119 3877 esse
3154 3825 3517 3880 reddituram.

2067 3911 2340 3968 Vens.25.
2364 3911 2508 3965 Dixit
2550 3911 2808 3966 Dominus
2846 3932 2859 3966 :
2906 3913 2989 3965 Ea:
3020 3912 3201 3967 Busan
3249 3926 3569 3972 convertam.

2005 4003 2183 4059 Basan
2226 4002 2602 4058 confusionem
2628 4005 2923 4073 significat,
2942 4018 3037 4059 seu
3062 4005 3278 4061 sordes.
3300 4006 3582 4064 Convertit

2003 4097 2171 4165 igitur
2206 4096 2349 4151 Deus
2369 4109 2463 4149 eos
2502 4095 2595 4164 qui
2631 4094 2815 4148 ﬁdeles
2851 4095 3077 4149 fuerunt
3110 4110 3179 4150 ex
3224 4098 3480 4167 gentibus
3508 4100 3580 4154 ab

2004 4189 2274 4243 idolorum
2303 4185 2651 4246 confusione.
2673 4194 2836 4255 atque
2863 4201 2891 4239 a
2918 4186 3175 4242 sordibus
3204 4198 3576 4258 peccatorum.

2077 4277 2385 4334 Convertnm
2423 4279 2476 4331 in
2506 4276 2791 4347 profundis
2835 4277 3026 4331 maris.
3062 4276 3350 4334 Convertit
3391 4289 3575 4336 autem

318 4371 383 4424 δὲ
408 4373 606 4434 αὐτοὺς
641 4372 749 4426 ἀπὸ
790 4373 887 4441 τῆς
942 4372 1279 4443 δηλωθείσης
1332 4371 1618 4441 αἰσχύνης,
1668 4372 1759 4425 διὰ
1806 4370 1900 4424 τοῦ

2005 4383 2103 4423 eos
2135 4367 2279 4422 Deus
2318 4383 2347 4420 a
2393 4366 2673 4429 sordibus,
2716 4373 2778 4418 ut
2825 4366 3094 4434 diximus,
3150 4376 3315 4437 atque
3371 4368 3475 4424 hoc
3525 4370 3580 4425 in

321 4463 484 4532 ἁγίου
514 4462 892 4533 βαπτίσματος
921 4480 935 4495 ·
966 4464 1125 4517 τοῦτο
1176 4465 1284 4534 γὰρ
1353 4466 1511 4519 καλεῖ
1562 4464 1756 4534 βυθοὺς
1804 4464 1899 4518 θα-

2004 4473 2162 4514 sacro
2209 4456 2553 4527 baptismatis
2602 4457 2842 4518 lavacro,
2897 4456 3041 4526 quod
3072 4456 3347 4526 profunda
3402 4459 3572 4513 maris

319 4553 554 4624 λάσσης,
586 4553 675 4608 διὰ
697 4555 757 4606 τὸ
793 4554 1035 4623 βυθίζειν
1063 4556 1161 4622 τὴν
1222 4555 1492 4625 ἁλμυρὰν,
1551 4556 1647 4609 καὶ
1698 4554 1900 4623 πικρὰν

2001 4547 2321 4620 appellavit.
2354 4547 2413 4601 ln
2444 4560 2510 4602 eo
2543 4546 2747 4603 etenim
2782 4545 2927 4602 Deus
2959 4562 3208 4601 amarum
3244 4561 3308 4601 ac
3344 4548 3582 4616 salsugi-

318 4644 628 4713 ἁμαρτίαν.
659 4645 798 4714 Φησὶ
822 4645 931 4713 γὰρ
966 4646 1061 4697 κα)⁵
1126 4645 1366 4714 Μιχαίας
1393 4662 1407 4677 ο
1487 4643 1720 4710 Αὐτοὺς
1779 4644 1900 4697 ἐπι-

2006 4655 2203 4695 nosum
2235 4637 2496 4694 demersit
2531 4645 2849 4708 peccatum,
2895 4637 3359 4706 quemadmodum
3395 4649 3449 4692 et
3480 4636 3582 4692 Mi-

320 4735 598 4804 στρέψει,
639 4735 739 4789 καί
766 4736 1009 4800 ἐλεήσει
1044 4735 1227 4804 ἡμᾶς,
1265 4736 1366 4790 καὶ
1395 4737 1771 4791 κατακλύσει
1801 4735 1900 4801 τὰς

2002 4733 2185 4788 οὶιιεοε
2212 4729 2479 4800 prOpheta
2506 4728 2762 4799 praedixit
2794 4744 2809 4781 :
2849 4726 2994 4797 Ipse,
3016 4727 3295 4795 inquiens,
3315 4739 3576 4783 convertet

319 4827 615 4894 ἁμαρτίας
640 4826 822 4895 ἡμῶν.
840 4827 949 4879 Καὶ
972 4826 1521 4895 ἀπορῤιφθήσονται
1545 4829 1632 4894 εὶς
1654 4826 1727 4880 τὰ
1743 4825 1900 4893 βάθη

2004 4839 2121 4886 nos,
2195 4830 2245 4875 et
2303 4819 2637 4874 miserebitur
2694 4818 2884 4881 nostri,
2955 4827 3003 4871 et
3062 4817 3311 4872 dissolvet
3361 4826 3577 4887 peccata

322 4915 439 4983 τῆς
472 4916 809 4983 θαλάσσης.
844 4916 968 4970 Εἶεν
1000 4917 1043 4970 δ’
1064 4918 1130 4971 ἂν
1158 4917 1311 4988 βυθοὶ
1367 4917 1665 4987 θαλάσσης,
1706 4919 1802 4971 καὶ
1828 4917 1899 4970 τὰ

2006 4920 2191 4967 nostra
2236 4923 2282 4964 et
2315 4910 2666 4987 projicientur
2725 4909 2779 4961 in
2829 4908 3098 4977 profunda
3153 4909 3319 4961 maris
3352 4908 3420 4962 'l.
3470 4906 3579 4961 Per

329 5008 471 5079 βάθη
507 5009 604 5077 τῆς
627 5010 925 5078 ἁμαρτίας,
950 5010 1126 5062 εἰτουν
1154 5010 1221 5062 τὰ
1252 5007 1612 5078 χαλεπώτατα
1644 5008 1900 5077 πλημμε-

2010 5003 2281 5077 profunda
2312 5003 2479 5058 etiam
2519 5000 2710 5067 maris,
2734 5010 3080 5070 peccatorum
3117 5000 3572 5068 profunditatem,

325 5101 553 5169 λήματα
573 5118 587 5133 ο
631 5101 724 5170 ἀφ’
750 5097 824 5155 ὧν
856 5100 1191 5172 ἐπέστρεψεν
1214 5102 1415 5162 αὐτοὺς
1441 5103 1469 5153 ὁ
1495 5100 1647 5163 Θεὸς,
1697 5098 1900 5166 ἐξαγα-

2015 5100 2118 5152 Ιιοο
2149 5103 2254 5161 est,
2288 5093 2611 5163 gravissima
2645 5107 2877 5163 qua-que
2908 5091 3132 5154 delicta,
3164 5103 3454 5160 possumus
3488 5091 3575 5138 in-

407 5260 449 5290 οι
485 5260 548 5290 ll:

481 5259 646 5315 Mieli.
679 5275 775 5327 vn,
817 5260 903 5314 t9.

1664 5344 1867 5406 Variae
1896 5343 2232 5405 lectiones.

407 5454 517 5523 (ιο)
549 5456 842 5522 romam;
871 5458 923 5506 et
951 5450 1375 5537 ῐίιίθιῐιιεειπεῖν,
1400 5445 1721 5537 vertendqu
1741 5454 1900 5537 erat:

2085 5443 2197 5524 (ῥὲ)
2231 5442 2290 5495 τό
2312 5443 2580 5537 [agminum
2630 5442 2773 5511 quod
2809 5443 3081 5524 interpres
3121 5433 3572 5537 aigigii‘t‘i‘egigg,

334 5513 641 5591 Con/finget
666 5513 861 5585 autent,
888 5532 941 5573 ut
979 5521 1196 5593 breviter
1224 5520 1418 5580 dicant,
1453 5514 1903 5580 intellectuatiter,
2015 5516 2149 5567 satis
2173 5513 2591 5593 ostenditLenm
2619 5513 2860 5593 auctoris
2908 5513 3544 5593 senstnnlminime‘asse

331 5576 715 5647 intel'lect’natia
758 5576 985 5659 ipsorum
1025 5588 1219 5659 capita.
1404 5576 1430 5659 Ἀ
1496 5655 1505 5659 Δ
1888 5576 1897 5580 ’
2015 5595 2204 5636 cntum
2239 5596 2380 5659 esse.
2409 5582 2599 5659 Neque
2623 5582 2769 5634 enim
2800 5582 2867 5659 de
2912 5576 3223 5659 hominibus
3254 5586 3437 5629 sermo
3466 5578 3571 5634 est,

416 5665 522 5733 (41)
559 5647 1167 5729 δΙδΙΙθιιίάμαρτωλῶν,
1210 5668 1267 5712 ιιι
1295 5656 1461 5713 vertit
1495 5655 1788 5724 interpres.

2010 5669 2194 5709 verum
2228 5651 2296 5708 de
2325 5647 2687 5717 daemonibus,
2724 5659 2783 5704 ut
2827 5647 3023 5717 legenti
3053 5651 3219 5714 patet.
