4020 6218
552 277 659 342 θῖὸ

1763 271 2147 338 EUTHYMH
2192 267 2555 329 ZlGABENI

3667 274 3756 334 θέῇ

556 392 804 464 teiligere
843 407 856 443 :
893 408 920 446 a
972 395 1173 462 quibus
1220 395 1433 448 delictis
1482 393 1755 445 convertit
1808 402 1908 441 nos
1959 384 2121 447 Deus,

2233 377 2344 447 γὼν
2368 381 2448 441 εἰς
2469 378 2583 446 φῶς
2613 377 2833 447 ἀρετῆς.
2880 374 3143 429 Ἐνταῦθα
3198 374 3254 428 δὲ
3286 375 3346 427 τὸ
3415 376 3509 430 Ἐν
3551 380 3756 448 βυθοῖς›

560 485 627 536 ad
658 484 872 536 virtutis
911 485 1085 537 lucem
1113 487 1413 539 adducens.
1457 483 1520 536 Et
1543 483 1697 550 juxta
1729 481 1873 532 hunc
1901 491 2122 532 sensum

555 571 701 639 quod
737 571 872 624 dicit
907 569 969 623 In
994 574 1293 641 pro/undis,
1325 587 1586 640 expones,
1636 583 1735 639 pro
1773 566 1854 619 Ex
1904 568 2123 634 profun-

555 662 657 725 dis,
696 671 751 712 ut
780 662 851 714 sit
881 666 1196 729 praepositio
1229 677 1326 729 pro
1360 678 1460 726 pra
1475 658 1768 726 positione.

627 751 790 806 Vens.
826 753 917 804 Ἡ.
951 752 1017 805 L't
1050 754 1350 820 intingalur
1377 768 1462 817 pes
1499 760 1616 800 tuus
1638 749 1688 799 in
1715 741 2122 815 sanguine.lioc

553 853 734 894 autem
775 840 968 902 facies,
999 858 1031 894 0
1067 840 1316 900 Domine,
1354 850 1409 892 ut
1446 855 1618 892 saevos
1645 851 1871 904 prorsus
1895 849 2124 902 superes

551 931 854 984 daemones.
904 929 997 983 Est
1027 931 1174 984 enim
1210 945 1392 984 sermo
1426 928 1858 996 metaphoricus,
1899 934 1951 977 et
2008 932 2123 976 tra-

553 1030 680 1074 ctus
711 1036 739 1072 a
802 1029 1152 1076 strenuorunt
1208 1023 1442 1074 militum
1492 1019 1818 1082 certamine,
1854 1016 1949 1085 qui
1999 1031 2124 1068 cum

551 1109 757 1163 fuerint
785 1113 1044 1176 victores,
1107 1109 1378 1164 cmsoruﬁt
1417 1110 1658 1164 hostium
1687 1109 1951 1162 cadavera
1988 1124 2123 1161 con-

549 1201 849 1266 scendunt,
899 1210 952 1253 ct
1007 1202 1057 1253 in
1104 1199 1362 1254 deﬂuenti
1417 1199 1684 1268 sanguine
1735 1198 1901 1267 pedes
1953 1197 2124 1250 intin-

547 1303 702 1360 gunt.
770 1291 1100 1356 llujusmodi
1157 1291 1522 1345 translatione
1579 1291 1750 1342 utitur
1800 1288 1992 1350 Isaias,
2054 1304 2118 1341 ex

552 1398 790 1450 persona
827 1383 1035 1437 Christi
1082 1383 1276 1437 dicens
1313 1400 1326 1434 :
1363 1380 1674 1433 Conculcavi
1713 1396 1797 1432 eos
1833 1381 1888 1432 in
1942 1379 2121 1445 furore

549 1487 683 1536 meo,
719 1485 765 1524 et
825 1473 1016 1525 drduxi
1079 1474 1388 1542 sanguinem
1449 1487 1629 1524 eorum
1684 1472 1735 1522 in
1798 1480 2015 1530 terram,
2069 1480 2118 1521 et

549 1578 760 1629 aspersa
795 1571 916 1614 sunt
949 1562 1258 1615 vestimenta
1290 1577 1402 1614 mea
1474 1563 1526 1613 in
1559 1561 1777 1613 victoria
1806 1562 1870 1614 ".
1908 1561 2117 1613 Sensus

558 1647 726 1716 igitur
762 1651 1051 1716 prmscntis
1084 1648 1341 1702 versiculi
1395 1657 1499 1710 est,
1553 1648 1696 1716 quod
1749 1663 1844 1702 eos
1896 1663 2121 1716 prorsus

2233 471 2355 523 ἀντὶ
2411 468 2504 521 τοῦ
2572 467 2666 520 Ἐκ
2728 467 2905 536 βυθῶν
2952 467 3140 539 λήψῃ’
3201 466 3457 536 πρόθεσιν
3505 470 3614 522 ἀντὶ
3639 489 3757 541 προ-

2229 562 2455 624 θέσεως.

2301 739 2500 804 Ὄπως
2537 737 2614 792 ἂν
2630 736 2803 806 ,ϐαφῇ
2836 741 2867 790 ό
2887 738 3040 803 ποῦς
3057 752 3173 790 σου
3189 735 3258 788 ἐν
3286 736 3500 804 αἵματι.
3527 737 3680 792 Τοῦτο
3695 739 3762 804 δὲ,

2229 823 2272 880 ὦ
2323 829 2519 900 Κύριε,
2580 829 2846 899 ποιήσεις,
2881 829 3031 889 ὅπως
3065 827 3131 880 ἂν
3161 826 3344 879 τέλεον
3379 827 3598 896 νικήσῃς
3655 830 3763 891 τοὺς

2227 920 2492 990 δαίμονας
2520 938 2533 950 ο
2572 919 2939 990 μεταφορικὸς
2978 919 3084 972 δὲὸ
3118 917 3292 984 λόγος.
3324 919 3384 970 0i
3414 919 3515 986 γὰρ
3538 918 3768 980 νικῶντες

2228 1010 2286 1059 ὲν
2317 1009 2393 1078 τῷ
2425 1010 2739 1078 ἀριστεύειν
2788 1009 3209 1078 ἐπεμϐαίνοντες
3249 1001 3377 1069 ⁸τοῖς
3429 1009 3627 1075 σώμασι
3674 1008 3768 1059 τῶν

2227 1099 2589 1170 ἀνῃρημένων
2615 1099 2822 1169 ἐχθρῶν
2854 1100 3151 1168 βάπτονται
3201 1099 3330 1160 τοῦς
3366 1098 3547 1158 πόδας,
3604 1099 3656 1150 ὲν
3702 1095 3769 1165 τῷ

2227 1187 2585 1258 καταρῤἐοντι
2612 1187 2817 1240 τούτων
2848 1190 3064 1257 αἵματι.
3095 1189 3232 1257 Φησὶ
3258 1187 3367 1255 τάρ
3389 1187 3700 1249 καὶἮσαϊας
3714 1189 3767 1238 ὲκ

2227 1282 2525 1346 προσώπου
2555 1278 2650 1332 τοῦ
2680 1279 2920 1348 Χριστοῦ
2953 1294 2967 1308 ·
3011 1278 3418 1344 Συνεπάτησιι
3450 1279 3662 1340 αὐτοὺς
3713 1278 3771 1330 ἐν

2227 1371 2304 1436 τῷ
2328 1370 2492 1438 θυμῷ
2523 1389 2668 1439 μου,
2709 1373 2808 1424 καὶ
2835 1371 3182 1440 κατήγαγον
3209 1373 3298 1435 εις
3329 1370 3466 1438 γῆν,
3522 1369 3585 1422 τὸ
3646 1365 3768 1435 alita

2223 1464 2443 1526 αὐτῶν,
2514 1465 2610 1516 καὶ
2671 1466 3143 1532 κιιτερῤαντίσθη
3228 1461 3309 1526 τῷ
3367 1461 3771 1528 κατανικήματι

2219 1554 2420 1607 αὐτῶν
2446 1555 2520 1608 τὰ
2545 1555 2902 1624 Ιμὰτιάμου.
2931 1556 3118 1608 Ταῦτα
3165 1555 3272 1624 γὰρ
3331 1555 3400 1606 τὰ
3453 1554 3586 1623 ρητὰ
3637 1552 3770 1604 τοῦτο

2217 1646 2499 1714 βούλονται
2558 1649 2866 1716 σημαίνειν,
2927 1647 3011 1700 ὅτι
3061 1647 3246 1700 τέλεον
3295 1647 3495 1707 αὐτοῦς
3553 1645 3767 1712 ὲνὶκησε·

550 1739 852 1805 Superabit.
894 1738 984 1792 Vel
1028 1740 1208 1801 aliter,
1242 1738 1599 1807 intelligendo
1633 1737 1699 1790 de
1732 1738 1974 1795 Christo,
2029 1753 2121 1805 per

2230 1738 2338 1790 Καὶ
2366 1737 2538 1799 ἄλλως
2563 1737 2617 1790 δὲ
2644 1737 2780 1800 ποῦς
2809 1739 2904 1790 τοῦ
2927 1738 3164 1808 Χριστοῦ
3198 1739 3232 1807 ή
3271 1736 3568 1806 Ἐκκλησία
3597 1731 3772 1800 λέγοιτ’

551 1830 756 1882 Christi
795 1831 987 1897 ιιριιιιιιι
1034 1833 1208 1900 ipsam
1267 1846 1565 1898 possumus
1618 1831 1916 1884 Ecclesiam
1961 1831 2124 1883 intel-

551 1921 740 1988 ligere,
777 1937 898 1988 quae
959 1937 1055 1989 per
1107 1922 1264 1976 tidem
1313 1940 1436 1977 eum
1495 1923 1696 1990 ubique
1761 1921 1882 1976 fert.
1948 1921 2124 1990 ipsius

550 2010 752 2062 ctenim
786 2008 1047 2063 Ecclesia:
1081 2019 1247 2079 caput
1282 2019 1364 2064 est
1399 2009 1676 2073 Christus,
1702 2018 1754 2062 et
1784 2010 1896 2078 ipsa
1931 2022 2123 2062 rursus

547 2087 752 2154 Christi
808 2102 1002 2171 pedum
1037 2103 1210 2155 vicem
1246 2112 1492 2169 pratsmt.
1527 2099 1652 2153 [huc
1684 2100 1851 2168 igitur
1878 2099 2122 2153 Ecclesia

549 2194 783 2246 intincta
813 2203 898 2247 cst
964 2195 1016 2246 in
1051 2194 1257 2246 Christi
1293 2192 1582 2262 sanguine,
1633 2205 1698 2244 eo
1734 2191 1996 2244 nimirum
2045 2191 2124 2243 si-

549 2292 710 2349 gnata
786 2290 949 2347 atque
1007 2280 1259 2341 intincla,
1298 2289 1354 2331 ut
1389 2276 1851 2345 quemadmodum
1912 2276 2116 2329 ferrum

550 2373 818 2433 tinctura,
866 2373 944 2422 sic
995 2379 1049 2423 ct
1099 2373 1216 2439 ipsa
1269 2370 1389 2438 ejus
1441 2370 1710 2439 sanguine
1765 2367 2106 2422 consolidata

2218 1828 2305 1893 ἂν,
2337 1828 2684 1897 βαστάζουσα
2709 1830 2900 1882 τοῦτον
2934 1830 3022 1883 διὰ
3048 1829 3288 1891 πίστεως
3321 1846 3334 1860 ο
3395 1829 3516 1880 ἐπεὶ
3544 1827 3634 1879 καὶ
3662 1824 3773 1876 ταὺ-

2219 1933 2318 1986 της
2358 1918 2568 1986 κεφαλὴ
2596 1918 2760 1980 αὐτὸς
2799 1918 2826 1968 ό
2860 1918 3096 1987 Χριστός
3125 1933 3138 1948 ’
3167 1916 3308 1987 αὕτη
3345 1916 3440 1969 οὖν
3495 1918 3663 1984 ὲϐάφη
3709 1911 3774 1980 τῷ

2219 2009 2413 2079 αἵματι
2471 2009 2565 2062 τοῦ
2638 2010 2901 2079 Χριστοῦ,
2976 2009 3380 2078 σφραγισθεῖσα
3438 2006 3628 2074 τούτῳ.
3694 2003 3775 2055 καὶ

2219 2101 2577 2168 τειχισθεῖσα,
2647 2103 2743 2153 καὶ
2800 2101 3142 2170 στομωθεῖσσι
3225 2098 3483 2168 καθάπερ
3537 2100 3600 2166 τῇ
3654 2095 3775 2164 βαφῇ

2225 2192 2450 2262 σίδηρος
2490 2209 2505 2222 ·
2543 2192 2577 2261 ἢ
2627 2193 2724 2245 καλ⁸
2759 2193 2838 2264 τῷ
2876 2193 3068 2262 αἵματι
3089 2191 3201 2244 τῶν
3231 2191 3331 2244 τοῦ
3390 2188 3621 2260 Χριστοῦ
3658 2200 3775 2255 μαρ-

2225 2283 2407 2352 τύρων
2439 2299 2456 2316 ’
2488 2283 2521 2353 ἢ
2558 2285 2652 2337 καὶ
2684 2285 2794 2339 τῶν
2834 2284 3043 2353 νοητῶν
3097 2284 3288 2354 αἵματι
3353 2282 3464 2336 τῶν
3515 2279 3776 2349 δαιμόνων,

2219 2375 2427 2443 νοητῶς
2460 2377 2780 2446 ἀποσφαττο
2789 2378 2984 2448 μένων.

550 2462 718 2514 fuerit
767 2477 830 2514 ac
863 2463 1146 2522 roborata.
1199 2463 1282 2515 vel
1314 2463 1479 2514 etiam
1507 2469 1805 2529 martyrum
1839 2446 2142 2528 sanguine:
2186 2469 2405 2522 tametsi
2443 2446 2892 2525 intellectualiter
2936 2471 3248 2525 dazmonutn
3319 2467 3641 2539 sanguinem
3713 2462 3783 2514 in-

552 2549 933 2603 tellectualiter
959 2550 1295 2614 occisorum,
1333 2549 1514 2620 possis
1545 2548 1712 2600 etiam
1749 2548 2075 2616 intelligere.

619 2640 825 2709 Lingua
848 2655 1040 2693 canunt
1073 2650 1284 2691 tuorum
1315 2654 1379 2692 ea:
1407 2639 1637 2691 inimicis
1664 2639 1726 2690 ab
1748 2639 1885 2706 ipso.
1909 2640 1950 2690 A
1971 2654 2126 2691 com-

550 2732 704 2783 muni
739 2745 905 2784 sensu
938 2746 1161 2783 rursum
1197 2729 1529 2783 sumendum
1556 2735 1641 2782 est
1683 2728 1910 2781 verbum
1946 2726 2014 2780 Ut
2045 2731 2130 2780 in-

553 2823 818 2892 tingatur.
856 2821 1038 2876 Canes
1067 2829 1250 2873 autem
1288 2820 1522 2883 Christi,
1547 2820 1790 2888 epierpi
1825 2829 1979 2882 sunt,
2041 2821 2131 2887 qui

558 2915 923 2968 insidiatores
974 2913 1287 2982 expellunt,
1331 2920 1386 2964 et
1429 2910 1729 2964 rationales
1798 2925 1988 2979 grcch
2043 2925 2138 2963 cu-

547 3007 825 3061 stodiunt.
848 3008 1052 3059 Horum
1094 3005 1262 3074 igitur
1294 3018 1490 3056 canum
1524 3001 1914 3054 intellectualis
1950 3001 2134 3068 lingua

2311 2639 2374 2693 Ἡ
2415 2643 2668 2710 γλῶσσα
2698 2643 2817 2696 τῶν
2847 2641 3048 2696 κυνῶν
3087 2658 3203 2697 σου
3263 2644 3341 2707 ἐξ
3396 2641 3621 2710 ἐχθρῶν
3668 2621 3784 2700 παρ’

2229 2729 2439 2784 αὐτοῦ.
2500 2732 2631 2784 Ἀπὸ
2656 2731 2836 2785 κοινοῦ
2885 2733 3066 2796 πάλιν,
3123 2733 3184 2784 τὸ
3239 2733 3453 2797 ⁹¹Οπως
3505 2726 3782 2796 ἆνβαφῇ⁶

2231 2822 2392 2883 κύνες
2425 2822 2482 2874 δὲ
2504 2824 2599 2875 τοῦ
2637 2823 2876 2892 Χριστοῦ
2923 2826 2970 2875 oi
3041 2824 3155 2893 (45)
3202 2825 3526 2884 ἀπόστολοι,
3581 2820 3789 2874 καθυλα-

2230 2911 2488 2974 κτοῦντες
2521 2914 2631 2966 τῶν
2661 2915 2871 2982 νοητῶν
2901 2915 3102 2977 λύκων,
3155 2916 3248 2968 καὶ
3309 2917 3444 2977 τοὺς
3500 2911 3786 2970 ἐπιϐούλους

2231 3002 2653 3068 ἀποσοϐοῦντες,
2697 3009 2791 3057 καὶ
2821 3005 2890 3058 τά
2913 3005 3110 3074 λογικὰ
3141 3005 3381 3071 ποίμνια
3413 3005 3751 3073 φυλάττοντες
3773 3015 3786 3028 ⁸

549 3097 786 3150 intincta
816 3106 923 3160 est,
977 3096 1032 3149 in
1062 3095 1332 3164 sanguine
1366 3094 1649 3157 nimirum,
1681 3092 1775 3159 qui
1827 3090 2121 3158 perﬂuebat

2237 3089 2335 3142 καὶ
2363 3092 2569 3144 τούτων
2602 3096 2668 3146 ἂν
2699 3096 2731 3164 ἡ
2756 3099 2920 3163 νοητὴ
2951 3095 3173 3164 γλῶσσα
3190 3094 3380 3164 ὲϐἀφη
3415 3095 3688 3146 λάπτουσα
3718 3089 3791 3154 ⁷ἐκ

550 3202 617 3241 ex
650 3186 916 3241 inimicis.
977 3185 1433 3240 Suhandiendunt
1491 3193 1576 3238 est
1610 3184 1756 3236 enint
1793 3181 2002 3250 aliquid
2059 3198 2122 3235 ex

553 3276 891 3347 praacedenti
918 3276 1224 3339 versiculo,
1283 3275 1358 3328 ita
1395 3285 1454 3327 ut
1492 3274 1627 3328 ordo
1659 3288 1723 3326 ac
1779 3287 1974 3327 sensus
2001 3286 2124 3341 per-

556 3369 734 3423 fectus
771 3369 882 3423 sit:
918 3367 984 3422 Ut
1019 3367 1345 3436 intingatur,
1380 3367 1580 3434 inquit,
1612 3379 1800 3420 eorum
1846 3365 2029 3433 lingua
2061 3378 2124 3417 ex

550 3459 904 3513 inimicorum
939 3458 1230 3526 sanguine,
1282 3458 1489 3526 abipso
1529 3456 1636 3510 Deo
1667 3455 1826 3509 Patre
1864 3455 2122 3508 nimirum

553 3547 766 3617 adiuta.
803 3545 1113 3615 Est_autem
1151 3547 1239 3600 hic
1272 3561 1458 3601 sermo
1493 3544 1931 3613 metaphoricus.
1957 3541 2125 3598 Caesis

549 3639 823 3709 siquidem
877 3638 1144 3704 inimicis,
1175 3638 1504 3692 caedentium
1548 3652 1716 3691 canes
1748 3637 1991 3690 lambere
2039 3652 2127 3688 so-

549 3731 663 3785 lent
711 3729 1024 3784 occisorum
1080 3729 1432 3797 sanguinem,
1491 3735 1546 3780 et
1584 3727 1807 3779 illorum
1855 3724 2125 3778 cadavera

547 3821 836 3874 dilaniare.

623 3913 784 3968 Vens.
818 3914 914 3967 25.
968 3912 1080 3966 Viri
1112 3922 1233 3966 sunt
1267 3913 1504 3966 incessus
1529 3913 1626 3972 tui,
1659 3911 1823 3964 Deus.
1892 3908 1994 3964 Per
2043 3912 2125 3964 in-

548 4021 745 4060 cessus
777 4005 868 4058 hic
925 4006 1179 4058 actiones
1232 4003 1439 4056 Christi
1497 4004 1552 4056 in
1615 4017 1783 4056 came
1831 4017 2126 4056 conversa-

546 4096 889 4162 tionemque,
977 4109 1040 4147 ac
1121 4095 1292 4147 vitam
1359 4093 1480 4161 ejus
1541 4092 1821 4161 intelligit,
1883 4109 2119 4160 quorum

548 4188 794 4240 omnium
852 4195 1195 4257 spectatores
1271 4187 1557 4254 apostolos
1630 4184 1803 4238 fuisse
1869 4184 2120 4254 legimus,

545 4276 706 4346 juxta
749 4277 894 4345 quod
945 4290 1041 4344 per
1105 4274 1273 4328 alium
1335 4274 1662 4344 Prophetam
1724 4273 2121 4326 dicitur.Pou

550 4368 663 4420 lucc
697 4370 750 4420 in
783 4379 925 4420 terra
954 4367 1096 4418 visus
1141 4379 1245 4429 est,
1299 4375 1352 4420 et
1397 4382 1513 4420 cum
1567 4366 1862 4418 hominibus
1909 4381 2120 4419 cancer-

545 4467 697 4509 satus
731 4465 806 4508 est
845 4457 913 4508 ⁵⁸.

621 4547 864 4601 lncessus
903 4547 997 4603 Dei
1038 4551 1161 4614 mei,
1203 4548 1363 4618 Regis
1411 4548 1533 4610 mei,
1582 4549 1672 4616 qui
1718 4559 1794 4601 est
1822 4549 1877 4601 in
1913 4559 2115 4602 sancto.

546 4635 682 4692 Vide
712 4655 874 4707 quam
908 4640 1144 4708 ingenue
1174 4641 1366 4694 beatus
1400 4639 1589 4701 David,
1616 4640 1899 4694 Christum
1939 4641 2116 4695 falca-

547 4740 638 4784 tur
676 4730 842 4784 Deum
877 4747 1019 4796 esse,
1051 4733 1214 4787 veluti
1264 4731 1357 4800 qui
1395 4731 1760 4784 certissimam
1805 4730 2115 4784 futurorum

551 4821 789 4876 habebat
815 4825 1125 4876 scientiam.
1161 4822 1424 4876 Sanctum
1462 4833 1642 4875 autem
1681 4819 1897 4874 Patrem
1935 4822 2114 4891 ipsum

549 4914 806 4980 appellat,
841 4915 893 4966 in
922 4929 1032 4982 quo
1063 4913 1235 4966 Filius
1270 4912 1619 4966 inerrabiliter
1647 4922 1730 4966 est
1771 4930 1784 4965 :
1818 4911 1929 4980 Ego
1956 4913 2110 4976 enim,

549 5004 750 5069 inquit,
781 5005 832 5055 in
868 5003 1048 5066 Patre,
1083 5014 1128 5056 el
1168 5003 1331 5056 Pater
1360 5003 1413 5054 in
1443 5019 1519 5056 me
1559 5013 1635 5056 est
1661 5003 1725 5053 “.

627 5087 791 5141 Vens.
825 5089 916 5142 ‘26.
955 5090 1335 5142 Pra‘rcnerunt
1367 5091 1624 5158 principes
1674 5091 1940 5160 conjuncti
1980 5091 2124 5158 psal-

559 5179 805 5231 lentibus.
840 5181 1136 5246 Apostolos
1172 5180 1450 5249 principes
1485 5183 1744 5249 appellat,
1772 5183 2124 5249 quemadmo-

552 5272 680 5322 dqu
713 5279 766 5324 et
799 5272 927 5324 alibi
959 5288 972 5324 :
1007 5270 1326 5337 Constitues,
1383 5274 1582 5341 inquit,
1617 5288 1700 5325 eos
1731 5272 1990 5339 principes
2032 5287 2122 5323 su-

617 5450 665 5482 "
700 5449 800 5504 lsa.
835 5467 966 5504 ωιιιι
1021 5453 1072 5506 4.
1151 5455 1196 5485 ⁵³
1236 5452 1444 5508 Baruch
1476 5468 1554 5514 ιιι,
1578 5454 1664 5507 58.

1877 5545 2073 5606 γδηω

623 5641 735 5704 (45)
767 5641 948 5696 Crit-cc
985 5645 1227 5709 apostoli.

2229 3182 2338 3234 τῶν
2367 3183 2579 3252 ἐχθρῶν
2617 3201 2631 3215 ·
2665 3186 3162 3255 συνεξακουομένου
3206 3186 3506 3241 κάνταῦθα
3529 3183 3619 3236 τοῦ
3643 3181 3791 3250 αἷμα·

2226 3290 2338 3334 τος.
2368 3275 2520 3344 Βαφῇ
2551 3277 2608 3328 δὲ
2641 3279 2673 3346 ἡ
2705 3279 2928 3344 γλῶσσα
2955 3279 3157 3342 αὐτῶν,
3189 3279 3255 3331 ἐκ
3303 3279 3400 3333 τοῦ
3456 3281 3676 3349 αἵματος
3701 3270 3795 3325 τῶν

2226 3366 2437 3437 ἐχθρῶν
2466 3369 2599 3437 παρ’
2625 3369 2812 3437 αὑτοῦ,
2865 3371 3136 3435 τουτέστι,
3167 3374 3331 3442 παρὰ
3387 3370 3484 3425 τοῦ
3541 3366 3671 3422 Θεοῦ
3716 3363 3797 3417 ml

2229 3458 2442 3527 Πατρὸς
2475 3458 2836 3532 βοηθουμένη.
2902 3463 3010 3514 Καὶ
3072 3462 3229 3514 τοῦτο
3291 3464 3352 3516 δὲ
3429 3457 3793 3533 μεταφορικόν.

2228 3549 2348 3600 Τῶν
2377 3551 2485 3620 γὰρ
2515 3551 2724 3622 ἐχθρῶν
2756 3553 3172 3623 ἀναιρεθέντων,
3229 3555 3340 3607 καὶ
3390 3555 3441 3607 οἱ
3497 3551 3654 3614 κύνες
3705 3547 3798 3600 τῶν

2227 3642 2551 3709 ἀνελόντων,
2569 3644 2831 3698 λάπτουσι
2848 3645 2925 3715 τῷ
2948 3646 3140 3715 αἵματι
3164 3645 3380 3713 αὐτῶν,
3407 3648 3504 3700 καὶ
3526 3646 3593 3698 τὰ
3613 3627 3798 3718 reiier

2229 3731 2700 3802 διασπαράττουσι
2725 3735 2971 3803 σώματα.

2229 3911 2284 3976 Et
2313 3911 2770 3980 Ἐθεωρήθησαν
2791 3914 2851 3965 αἱ
2879 3912 3116 3979 πορεῖαί
3143 3929 3292 3976 σου,
3321 3917 3357 3968 ό
3391 3914 3561 3979 Θεός.
3605 3913 3666 3964 At
3704 3905 3800 3960 ὁἱοὶ

2226 4005 2320 4058 καὶ
2353 4007 2694 4074 ἀναστροφαὶ
2728 4005 2824 4057 καὶ
2852 4004 3128 4076 διατριϐαὶ
3191 4007 3298 4074 τῆς
3341 4009 3617 4075 ὲνσάρκου
3642 3995 3805 4054 ’πολι-

2224 4097 2376 4159 τείας
2408 4112 2523 4149 σου.
2549 4096 2826 4148 Λύτόπται
2861 4097 2970 4166 γὰρ
2993 4098 3200 4150 τούτων
3223 4100 3277 4150 oi
3303 4097 3607 4151 ἀπόστολοι
3658 4096 3797 4162 ἔχρη.

2228 4188 2483 4256 μάτισαν.
2510 4187 2675 4240 Μετὰ
2699 4187 2878 4240 τοῦτο
2909 4186 3039 4257 γὰρ,
3073 4191 3267 4256 φησιν,
3301 4190 3407 4242 ἐπὶ
3461 4187 3578 4258 γῆς
3631 4185 3799 4254 ὤφθη.

2225 4277 2322 4328 καὶ
2354 4276 2479 4342 τοῖς
2507 4276 2846 4344 ἀνθρώποις
2875 4278 3393 4348 συνανεστράφη.

2287 4545 2356 4595 Αἱ
2391 4543 2628 4609 πορείαι
2665 4543 2771 4595 τοῦ
2795 4542 2944 4595 Θεοῦ
2973 4559 3094 4609 μου
3128 4542 3241 4596 τοῦ
3265 4542 3598 4608 ,ϐασιλέως
3626 4537 3728 4593 τοῦ
3748 4535 3806 4587 ἐν

2218 4633 2296 4699 τῷ
2320 4635 2486 4702 ἁγίῳ.
2526 4636 2669 4703 Ὅρα
2693 4636 2843 4696 ὅπως
2879 4634 2992 4700 (44)
3024 4636 3273 4702 γνησίως
3309 4637 3338 4686 ὁ
3365 4636 3539 4689 Δαϐὶδ
3567 4637 3657 4684 τὸν
3683 4633 3804 4695 Χρι-

2216 4723 2340 4774 στὸν
2371 4723 2625 4791 ὁμολογεῖ
2671 4723 2827 4786 Θεὸν,
2883 4723 2960 4784 ὡς
3034 4724 3136 4791 ἤδη
3203 4721 3799 4794 πεπληροφορημένος·

2215 4813 2403 4879 ’Ἀγιον
2426 4814 2481 4865 δὲ
2504 4813 2599 4864 νῦν
2624 4813 2777 4880 λέγει
2807 4814 2898 4864 τὸν
2931 4814 3174 4880 Πατέρα,
3208 4818 3272 4866 ὲν
3323 4812 3370 4880 ᾧ
3415 4813 3486 4884 ἦν
3542 4811 3805 4880 ἀρρήτως.

2217 4905 2366 4975 Ἐγὼ
2394 4908 2518 4976 γὰρ,
2543 4906 2726 4976 φησὶν,
2758 4907 2828 4960 ἐν
2855 4905 2932 4971 τῷ
2992 4906 3204 4973 Πατρὶ,
3245 4908 3357 4960 καὶ
3409 4911 3443 4960 ὀ
3495 4901 3697 4969 Πατὴρ
3747 4897 3811 4950 ὲν

2219 4997 2372 5063 ἐμοί.

2292 5089 2688 5155 Ηροέφθιισαν
2728 5089 3039 5156 ἄρχοντες,
3106 5088 3388 5156 ἐχόμενα
3430 5089 3809 5156 ψαλλόντων.

2227 5179 2528 5246 Ἀρχοντας
2575 5180 2731 5231 καλεῖ
2788 5179 2914 5241 τοὺς
2962 5178 3333 5240 ἀποστόλους.
3405 5175 3811 5239 Καταστήσας

2225 5271 2354 5340 γὰρ,
2399 5273 2582 5341 φησιν,
2641 5260 2864 5336 αὐτοὺς
2908 5270 3214 5339 ἄρχοντας
3285 5272 3394 5327 ἐπὶ
3455 5267 3666 5328 πᾶσαν
3708 5262 3812 5328 τὴν

1741 5454 1786 5483 σι
1811 5452 1970 5507 Joan.
2005 5470 2116 5520 xrv,
2149 5455 2228 5507 l0.

2142 5545 2468 5608 lecnones.

2304 5644 2411 5714 (44)
2449 5644 2638 5699 Melius
2669 5659 2826 5714 quam
2857 5652 3013 5698 certe.
