  <div class='ocr_page' id='page_1' title='image "/cluster/home/n/w/nwhite01/storage/ocr_20150623/128/hvd.32044073502403/345.png"; bbox 0 0 4020 6218; ppageno 0'>
   <div class='ocr_carea' id='block_1_1' title="bbox 416 310 523 369">
    <p class='ocr_par' dir='ltr' id='par_1_1' title="bbox 416 310 523 369">
     <span class='ocr_line' id='line_1_1' title="bbox 416 310 523 369; baseline 0.019 -2"><span class='ocrx_word' id='word_1_1' title='bbox 416 310 523 369; x_wconf 71' lang='grc' dir='ltr'><strong>θ’ἶᾶ</strong></span> 
     </span>
    </p>
   </div>
   <div class='ocr_carea' id='block_1_2' title="bbox 1615 292 2399 355">
    <p class='ocr_par' dir='ltr' id='par_1_2' title="bbox 1615 292 2399 355">
     <span class='ocr_line' id='line_1_2' title="bbox 1615 292 2399 355; baseline -0.006 0"><span class='ocrx_word' id='word_1_2' title='bbox 1615 292 2000 355; x_wconf 83' lang='lat' dir='ltr'><strong>EUTIlYMII</strong></span> <span class='ocrx_word' id='word_1_3' title='bbox 2037 292 2399 352; x_wconf 83' lang='lat' dir='ltr'><strong>ZlGABENI</strong></span> 
     </span>
    </p>
   </div>
   <div class='ocr_carea' id='block_1_3' title="bbox 3551 278 3727 350">
    <p class='ocr_par' dir='ltr' id='par_1_3' title="bbox 3551 278 3727 350">
     <span class='ocr_line' id='line_1_3' title="bbox 3551 278 3727 350; baseline -0.034 -3"><span class='ocrx_word' id='word_1_4' title='bbox 3551 288 3655 350; x_wconf 63' lang='grc' dir='ltr'><strong>ϐεδε)</strong></span> <span class='ocrx_word' id='word_1_5' title='bbox 3724 278 3727 279; x_wconf 61' lang='grc'><strong><em>⁷</em></strong></span> 
     </span>
    </p>
   </div>
   <div class='ocr_carea' id='block_1_4' title="bbox 416 391 1987 489">
    <p class='ocr_par' dir='ltr' id='par_1_4' title="bbox 416 404 1983 489">
     <span class='ocr_line' id='line_1_4' title="bbox 416 404 1983 489; baseline -0.011 -16"><span class='ocrx_word' id='word_1_6' title='bbox 416 420 597 489; x_wconf 83' lang='lat' dir='ltr'><strong>lippus</strong></span> <span class='ocrx_word' id='word_1_7' title='bbox 644 430 706 467; x_wconf 70' lang='lat' dir='ltr'><strong>ex</strong></span> <span class='ocrx_word' id='word_1_8' title='bbox 755 417 875 467; x_wconf 83' lang='lat' dir='ltr'><strong>vico</strong></span> <span class='ocrx_word' id='word_1_9' title='bbox 926 419 1082 467; x_wconf 82' lang='lat' dir='ltr'><strong>erant</strong></span> <span class='ocrx_word' id='word_1_10' title='bbox 1139 406 1434 465; x_wconf 88' lang='lat' dir='ltr'><strong>Bethsaida</strong></span> <span class='ocrx_word' id='word_1_11' title='bbox 1484 404 1876 463; x_wconf 69' lang='lat' dir='ltr'><strong>:Matthmum.</strong></span> <span class='ocrx_word' id='word_1_12' title='bbox 1928 414 1983 457; x_wconf 80' lang='lat' dir='ltr'><strong>et</strong></span> 
     </span>
    </p>
   </div>
   <div class='ocr_carea' id='block_1_5' title="bbox 2091 391 3651 489">
    <p class='ocr_par' dir='ltr' id='par_1_5' title="bbox 2091 391 3651 475">
     <span class='ocr_line' id='line_1_5' title="bbox 2091 391 3651 475; baseline 0.001 -21"><span class='ocrx_word' id='word_1_13' title='bbox 2091 421 2208 468; x_wconf 78' lang='grc' dir='ltr'>πος,</span> <span class='ocrx_word' id='word_1_14' title='bbox 2247 406 2339 457; x_wconf 68' lang='grc' dir='ltr'><strong>καὶ</strong></span> <span class='ocrx_word' id='word_1_15' title='bbox 2363 404 2643 474; x_wconf 77' lang='grc' dir='ltr'><strong>Ἰωάννης,</strong></span> <span class='ocrx_word' id='word_1_16' title='bbox 2679 391 2785 456; x_wconf 51' lang='lat' dir='ltr'><strong>ait?)</strong></span> <span class='ocrx_word' id='word_1_17' title='bbox 2813 403 3092 475; x_wconf 77' lang='grc' dir='ltr'>Βηθσαῖδᾶ</span> <span class='ocrx_word' id='word_1_18' title='bbox 3110 404 3207 474; x_wconf 82' lang='grc' dir='ltr'>τῆς</span> <span class='ocrx_word' id='word_1_19' title='bbox 3247 400 3441 471; x_wconf 75' lang='grc' dir='ltr'>κώμης</span> <span class='ocrx_word' id='word_1_20' title='bbox 3478 398 3651 473; x_wconf 79' lang='grc' dir='ltr'>ἦσαν’</span> 
     </span>
    </p>
   </div>
   <div class='ocr_carea' id='block_1_6' title="bbox 412 496 1981 575">
    <p class='ocr_par' dir='ltr' id='par_1_6' title="bbox 412 496 1981 575">
     <span class='ocr_line' id='line_1_6' title="bbox 412 496 1981 575; baseline -0.012 -10"><span class='ocrx_word' id='word_1_21' title='bbox 412 510 680 565; x_wconf 79' lang='lat' dir='ltr'><strong>Jacobum</strong></span> <span class='ocrx_word' id='word_1_22' title='bbox 724 504 933 575; x_wconf 63' lang='lat' dir='ltr'><strong>Alphmi</strong></span> <span class='ocrx_word' id='word_1_23' title='bbox 962 504 1181 573; x_wconf 79' lang='lat' dir='ltr'><strong>degisse</strong></span> <span class='ocrx_word' id='word_1_24' title='bbox 1213 500 1444 567; x_wconf 81' lang='lat' dir='ltr'><strong>legimus</strong></span> <span class='ocrx_word' id='word_1_25' title='bbox 1468 498 1520 551; x_wconf 93' lang='lat' dir='ltr'><strong>in</strong></span> <span class='ocrx_word' id='word_1_26' title='bbox 1552 496 1935 564; x_wconf 88' lang='lat' dir='ltr'><strong>Capharnaum</strong></span> <span class='ocrx_word' id='word_1_27' title='bbox 1968 511 1981 546; x_wconf 91' lang='lat'><strong>:</strong></span> 
     </span>
    </p>
   </div>
   <div class='ocr_carea' id='block_1_7' title="bbox 417 585 1984 656">
    <p class='ocr_par' dir='ltr' id='par_1_7' title="bbox 417 585 1984 656">
     <span class='ocr_line' id='line_1_7' title="bbox 417 585 1984 656; baseline -0.013 -1"><span class='ocrx_word' id='word_1_28' title='bbox 417 602 606 656; x_wconf 84' lang='lat' dir='ltr'><strong>Simon</strong></span> <span class='ocrx_word' id='word_1_29' title='bbox 652 607 832 652; x_wconf 83' lang='lat' dir='ltr'><strong>autem</strong></span> <span class='ocrx_word' id='word_1_30' title='bbox 865 592 1082 648; x_wconf 85' lang='lat' dir='ltr'><strong>Zelotes</strong></span> <span class='ocrx_word' id='word_1_31' title='bbox 1116 592 1459 647; x_wconf 85' lang='lat' dir='ltr'><strong>Cbanameus</strong></span> <span class='ocrx_word' id='word_1_32' title='bbox 1502 588 1624 640; x_wconf 82' lang='lat' dir='ltr'><strong>fuit.</strong></span> <span class='ocrx_word' id='word_1_33' title='bbox 1663 585 1854 639; x_wconf 85' lang='lat' dir='ltr'><strong>Omnia</strong></span> <span class='ocrx_word' id='word_1_34' title='bbox 1890 600 1984 637; x_wconf 77' lang='lat' dir='ltr'><strong>au—</strong></span> 
     </span>
    </p>
   </div>
   <div class='ocr_carea' id='block_1_8' title="bbox 416 676 1984 749">
    <p class='ocr_par' dir='ltr' id='par_1_8' title="bbox 416 676 1984 749">
     <span class='ocr_line' id='line_1_8' title="bbox 416 676 1984 749; baseline -0.009 -7"><span class='ocrx_word' id='word_1_35' title='bbox 416 702 521 744; x_wconf 88' lang='lat' dir='ltr'><strong>tem</strong></span> <span class='ocrx_word' id='word_1_36' title='bbox 552 691 662 741; x_wconf 71' lang='lat' dir='ltr'><strong>haec</strong></span> <span class='ocrx_word' id='word_1_37' title='bbox 697 688 811 741; x_wconf 89' lang='lat' dir='ltr'><strong>loca</strong></span> <span class='ocrx_word' id='word_1_38' title='bbox 846 688 897 738; x_wconf 94' lang='lat' dir='ltr'><strong>in</strong></span> <span class='ocrx_word' id='word_1_39' title='bbox 942 686 1164 739; x_wconf 75' lang='lat' dir='ltr'><strong>Galilzea</strong></span> <span class='ocrx_word' id='word_1_40' title='bbox 1191 690 1349 736; x_wconf 89' lang='lat' dir='ltr'><strong>erant</strong></span> <span class='ocrx_word' id='word_1_41' title='bbox 1381 680 1621 749; x_wconf 83' lang='lat' dir='ltr'><strong>regione,</strong></span> <span class='ocrx_word' id='word_1_42' title='bbox 1655 694 1775 746; x_wconf 66' lang='lat' dir='ltr'><strong>qua:</strong></span> <span class='ocrx_word' id='word_1_43' title='bbox 1809 676 1984 730; x_wconf 84' lang='lat' dir='ltr'><strong>Zabu—</strong></span> 
     </span>
    </p>
   </div>
   <div class='ocr_carea' id='block_1_9' title="bbox 413 770 1981 847">
    <p class='ocr_par' dir='ltr' id='par_1_9' title="bbox 413 770 1981 847">
     <span class='ocr_line' id='line_1_9' title="bbox 413 770 1981 847; baseline -0.01 -13"><span class='ocrx_word' id='word_1_44' title='bbox 413 783 529 845; x_wconf 93' lang='lat' dir='ltr'><strong>lon,</strong></span> <span class='ocrx_word' id='word_1_45' title='bbox 562 788 614 833; x_wconf 89' lang='lat' dir='ltr'><strong>et</strong></span> <span class='ocrx_word' id='word_1_46' title='bbox 646 778 992 847; x_wconf 86' lang='lat' dir='ltr'><strong>Nepbthaliin</strong></span> <span class='ocrx_word' id='word_1_47' title='bbox 1038 778 1292 829; x_wconf 85' lang='lat' dir='ltr'><strong>tribubus</strong></span> <span class='ocrx_word' id='word_1_48' title='bbox 1323 775 1372 825; x_wconf 89' lang='lat' dir='ltr'><strong>in</strong></span> <span class='ocrx_word' id='word_1_49' title='bbox 1407 780 1612 826; x_wconf 77' lang='lat' dir='ltr'><strong>sortem</strong></span> <span class='ocrx_word' id='word_1_50' title='bbox 1659 770 1981 824; x_wconf 88' lang='lat' dir='ltr'><strong>obvenerat.</strong></span> 
     </span>
    </p>
   </div>
   <div class='ocr_carea' id='block_1_10' title="bbox 417 859 1982 937">
    <p class='ocr_par' dir='ltr' id='par_1_10' title="bbox 417 859 1982 937">
     <span class='ocr_line' id='line_1_10' title="bbox 417 859 1982 937; baseline -0.009 -14"><span class='ocrx_word' id='word_1_51' title='bbox 417 870 687 923; x_wconf 73' lang='lat' dir='ltr'><strong>Similiter</strong></span> <span class='ocrx_word' id='word_1_52' title='bbox 720 879 773 923; x_wconf 89' lang='lat' dir='ltr'><strong>et</strong></span> <span class='ocrx_word' id='word_1_53' title='bbox 804 869 895 920; x_wconf 83' lang='lat' dir='ltr'><strong>alii</strong></span> <span class='ocrx_word' id='word_1_54' title='bbox 936 866 1171 937; x_wconf 72' lang='lat' dir='ltr'><strong>apostoli</strong></span> <span class='ocrx_word' id='word_1_55' title='bbox 1216 882 1281 917; x_wconf 82' lang='lat' dir='ltr'><strong>ex</strong></span> <span class='ocrx_word' id='word_1_56' title='bbox 1322 864 1407 915; x_wconf 86' lang='lat' dir='ltr'><strong>his</strong></span> <span class='ocrx_word' id='word_1_57' title='bbox 1436 862 1689 915; x_wconf 90' lang='lat' dir='ltr'><strong>tribubus</strong></span> <span class='ocrx_word' id='word_1_58' title='bbox 1716 859 1982 927; x_wconf 76' lang='lat' dir='ltr'><strong>originem</strong></span> 
     </span>
    </p>
   </div>
   <div class='ocr_carea' id='block_1_11' title="bbox 414 949 1980 1025">
    <p class='ocr_par' dir='ltr' id='par_1_11' title="bbox 414 949 1980 1025">
     <span class='ocr_line' id='line_1_11' title="bbox 414 949 1980 1025; baseline -0.008 -12"><span class='ocrx_word' id='word_1_59' title='bbox 414 962 722 1013; x_wconf 76' lang='lat' dir='ltr'><strong>trahebant.</strong></span> <span class='ocrx_word' id='word_1_60' title='bbox 780 957 844 1011; x_wconf 85' lang='lat' dir='ltr'><strong>Et</strong></span> <span class='ocrx_word' id='word_1_61' title='bbox 883 960 1156 1025; x_wconf 78' lang='lat' dir='ltr'><strong>principes</strong></span> <span class='ocrx_word' id='word_1_62' title='bbox 1192 971 1286 1010; x_wconf 85' lang='lat' dir='ltr'><strong>eos</strong></span> <span class='ocrx_word' id='word_1_63' title='bbox 1319 954 1633 1022; x_wconf 79' lang='lat' dir='ltr'><strong>appellavit,</strong></span> <span class='ocrx_word' id='word_1_64' title='bbox 1684 966 1790 1003; x_wconf 92' lang='lat' dir='ltr'><strong>non</strong></span> <span class='ocrx_word' id='word_1_65' title='bbox 1839 949 1980 1018; x_wconf 83' lang='lat' dir='ltr'><strong>quod</strong></span> 
     </span>
    </p>
   </div>
   <div class='ocr_carea' id='block_1_12' title="bbox 416 1040 1985 1107">
    <p class='ocr_par' dir='ltr' id='par_1_12' title="bbox 416 1040 1985 1107">
     <span class='ocr_line' id='line_1_12' title="bbox 416 1040 1985 1107; baseline -0.005 -6"><span class='ocrx_word' id='word_1_66' title='bbox 416 1049 747 1103; x_wconf 79' lang='lat' dir='ltr'><strong>civitatibus</strong></span> <span class='ocrx_word' id='word_1_67' title='bbox 796 1056 849 1102; x_wconf 88' lang='lat' dir='ltr'><strong>et</strong></span> <span class='ocrx_word' id='word_1_68' title='bbox 891 1049 1023 1101; x_wconf 88' lang='lat' dir='ltr'><strong>locis</strong></span> <span class='ocrx_word' id='word_1_69' title='bbox 1070 1048 1176 1099; x_wconf 88' lang='lat' dir='ltr'><strong>illis</strong></span> <span class='ocrx_word' id='word_1_70' title='bbox 1218 1045 1659 1105; x_wconf 78' lang='lat' dir='ltr'><strong>dominarentur,</strong></span> <span class='ocrx_word' id='word_1_71' title='bbox 1722 1041 1817 1095; x_wconf 86' lang='lat' dir='ltr'><strong>sed</strong></span> <span class='ocrx_word' id='word_1_72' title='bbox 1860 1040 1985 1107; x_wconf 88' lang='lat' dir='ltr'><strong>quia</strong></span> 
     </span>
    </p>
   </div>
   <div class='ocr_carea' id='block_1_13' title="bbox 418 1130 1983 1207">
    <p class='ocr_par' dir='ltr' id='par_1_13' title="bbox 418 1130 1983 1207">
     <span class='ocr_line' id='line_1_13' title="bbox 418 1130 1983 1207; baseline -0.006 -14"><span class='ocrx_word' id='word_1_73' title='bbox 418 1141 838 1193; x_wconf 77' lang='lat' dir='ltr'><strong>excellentiores</strong></span> <span class='ocrx_word' id='word_1_74' title='bbox 890 1148 1055 1207; x_wconf 87' lang='lat' dir='ltr'><strong>atque</strong></span> <span class='ocrx_word' id='word_1_75' title='bbox 1143 1136 1531 1190; x_wconf 90' lang='lat' dir='ltr'><strong>honoratiores</strong></span> <span class='ocrx_word' id='word_1_76' title='bbox 1586 1141 1767 1195; x_wconf 90' lang='lat' dir='ltr'><strong>erant,</strong></span> <span class='ocrx_word' id='word_1_77' title='bbox 1818 1130 1983 1183; x_wconf 89' lang='lat' dir='ltr'><strong>animi</strong></span> 
     </span>
    </p>
   </div>
   <div class='ocr_carea' id='block_1_14' title="bbox 410 1220 1986 1294">
    <p class='ocr_par' dir='ltr' id='par_1_14' title="bbox 410 1220 1986 1294">
     <span class='ocr_line' id='line_1_14' title="bbox 410 1220 1986 1294; baseline -0.006 -12"><span class='ocrx_word' id='word_1_78' title='bbox 410 1230 716 1282; x_wconf 69' lang='lat' dir='ltr'><strong>nobilitate.</strong></span> <span class='ocrx_word' id='word_1_79' title='bbox 743 1226 834 1281; x_wconf 87' lang='lat' dir='ltr'><strong>Vel</strong></span> <span class='ocrx_word' id='word_1_80' title='bbox 855 1225 1533 1294; x_wconf 79' lang='lat' dir='ltr'><strong>subimelligedictionem,</strong></span> <span class='ocrx_word' id='word_1_81' title='bbox 1559 1237 1621 1274; x_wconf 73' lang='lat' dir='ltr'><strong>ex</strong></span> <span class='ocrx_word' id='word_1_82' title='bbox 1644 1237 1662 1283; x_wconf 81' lang='lat'><strong>,&#39;</strong></span> <span class='ocrx_word' id='word_1_83' title='bbox 1686 1232 1741 1274; x_wconf 91' lang='lat' dir='ltr'><strong>ut</strong></span> <span class='ocrx_word' id='word_1_84' title='bbox 1761 1220 1831 1275; x_wconf 88' lang='lat' dir='ltr'><strong>sit</strong></span> <span class='ocrx_word' id='word_1_85' title='bbox 1860 1236 1986 1274; x_wconf 89' lang='lat' dir='ltr'><strong>sen-</strong></span> 
     </span>
    </p>
   </div>
   <div class='ocr_carea' id='block_1_15' title="bbox 411 1314 1984 1388">
    <p class='ocr_par' dir='ltr' id='par_1_15' title="bbox 411 1314 1984 1388">
     <span class='ocr_line' id='line_1_15' title="bbox 411 1314 1984 1388; baseline -0.004 -16"><span class='ocrx_word' id='word_1_86' title='bbox 411 1337 526 1385; x_wconf 75' lang='lat' dir='ltr'><strong>sus,</strong></span> <span class='ocrx_word' id='word_1_87' title='bbox 559 1322 703 1387; x_wconf 82' lang='lat' dir='ltr'><strong>quod</strong></span> <span class='ocrx_word' id='word_1_88' title='bbox 736 1321 1015 1388; x_wconf 79' lang='lat' dir='ltr'><strong>principes</strong></span> <span class='ocrx_word' id='word_1_89' title='bbox 1052 1319 1263 1370; x_wconf 82' lang='lat' dir='ltr'><strong>fuerunt</strong></span> <span class='ocrx_word' id='word_1_90' title='bbox 1296 1332 1360 1369; x_wconf 78' lang='lat' dir='ltr'><strong>ex</strong></span> <span class='ocrx_word' id='word_1_91' title='bbox 1390 1317 1530 1367; x_wconf 89' lang='lat' dir='ltr'><strong>tribu</strong></span> <span class='ocrx_word' id='word_1_92' title='bbox 1563 1314 1725 1376; x_wconf 82' lang='lat' dir='ltr'><strong>Juda,</strong></span> <span class='ocrx_word' id='word_1_93' title='bbox 1750 1330 1810 1366; x_wconf 79' lang='lat' dir='ltr'><strong>ex</strong></span> <span class='ocrx_word' id='word_1_94' title='bbox 1842 1314 1984 1366; x_wconf 90' lang='lat' dir='ltr'><strong>tribu</strong></span> 
     </span>
    </p>
   </div>
   <div class='ocr_carea' id='block_1_16' title="bbox 408 1411 1365 1482">
    <p class='ocr_par' dir='ltr' id='par_1_16' title="bbox 408 1411 1365 1482">
     <span class='ocr_line' id='line_1_16' title="bbox 408 1411 1365 1482; baseline -0.002 -16"><span class='ocrx_word' id='word_1_95' title='bbox 408 1414 679 1476; x_wconf 84' lang='lat' dir='ltr'><strong>Zabulon,</strong></span> <span class='ocrx_word' id='word_1_96' title='bbox 716 1432 780 1467; x_wconf 77' lang='lat' dir='ltr'><strong>ex</strong></span> <span class='ocrx_word' id='word_1_97' title='bbox 818 1416 961 1467; x_wconf 90' lang='lat' dir='ltr'><strong>tribu</strong></span> <span class='ocrx_word' id='word_1_98' title='bbox 994 1411 1365 1482; x_wconf 85' lang='lat' dir='ltr'><strong>Nephtbalim.</strong></span> 
     </span>
    </p>
   </div>
   <div class='ocr_carea' id='block_1_17' title="bbox 486 1495 1986 1567">
    <p class='ocr_par' dir='ltr' id='par_1_17' title="bbox 486 1495 1986 1567">
     <span class='ocr_line' id='line_1_17' title="bbox 486 1495 1986 1567; baseline -0.006 -9"><span class='ocrx_word' id='word_1_99' title='bbox 486 1506 648 1560; x_wconf 71' lang='lat' dir='ltr'><strong>Vens.</strong></span> <span class='ocrx_word' id='word_1_100' title='bbox 677 1508 768 1567; x_wconf 76' lang='grc'><strong>29,</strong></span> <span class='ocrx_word' id='word_1_101' title='bbox 802 1506 891 1558; x_wconf 74' lang='lat'><strong>30.</strong></span> <span class='ocrx_word' id='word_1_102' title='bbox 930 1503 1155 1566; x_wconf 78' lang='lat' dir='ltr'><strong>Munda,</strong></span> <span class='ocrx_word' id='word_1_103' title='bbox 1182 1502 1339 1565; x_wconf 76' lang='lat' dir='ltr'><strong>Deus,</strong></span> <span class='ocrx_word' id='word_1_104' title='bbox 1384 1499 1566 1553; x_wconf 87' lang='lat' dir='ltr'><strong>rirtuti</strong></span> <span class='ocrx_word' id='word_1_105' title='bbox 1603 1508 1726 1551; x_wconf 70' lang='lat' dir='ltr'><strong>(nar.</strong></span> <span class='ocrx_word' id='word_1_106' title='bbox 1762 1495 1888 1549; x_wconf 71' lang='lat' dir='ltr'><strong>llarc</strong></span> <span class='ocrx_word' id='word_1_107' title='bbox 1921 1496 1986 1549; x_wconf 88' lang='lat' dir='ltr'><strong>ad</strong></span> 
     </span>
    </p>
   </div>
   <div class='ocr_carea' id='block_1_18' title="bbox 411 1591 1991 1660">
    <p class='ocr_par' dir='ltr' id='par_1_18' title="bbox 411 1591 1991 1660">
     <span class='ocr_line' id='line_1_18' title="bbox 411 1591 1991 1660; baseline -0.005 -11"><span class='ocrx_word' id='word_1_108' title='bbox 411 1597 623 1651; x_wconf 83' lang='lat' dir='ltr'><strong>Patrem</strong></span> <span class='ocrx_word' id='word_1_109' title='bbox 647 1600 787 1650; x_wconf 90' lang='lat' dir='ltr'><strong>dicta</strong></span> <span class='ocrx_word' id='word_1_110' title='bbox 816 1605 965 1659; x_wconf 90' lang='lat' dir='ltr'><strong>sunt,</strong></span> <span class='ocrx_word' id='word_1_111' title='bbox 1010 1605 1065 1647; x_wconf 90' lang='lat' dir='ltr'><strong>ut</strong></span> <span class='ocrx_word' id='word_1_112' title='bbox 1098 1594 1235 1648; x_wconf 85' lang='lat' dir='ltr'><strong>Filio</strong></span> <span class='ocrx_word' id='word_1_113' title='bbox 1269 1597 1487 1646; x_wconf 67' lang='lat' dir='ltr'><strong>mandet</strong></span> <span class='ocrx_word' id='word_1_114' title='bbox 1527 1608 1587 1645; x_wconf 90' lang='lat' dir='ltr'><strong>ea</strong></span> <span class='ocrx_word' id='word_1_115' title='bbox 1619 1607 1738 1660; x_wconf 61' lang='lat' dir='ltr'><strong>qua:</strong></span> <span class='ocrx_word' id='word_1_116' title='bbox 1770 1591 1833 1643; x_wconf 89' lang='lat' dir='ltr'><strong>ad</strong></span> <span class='ocrx_word' id='word_1_117' title='bbox 1858 1604 1991 1658; x_wconf 64' lang='lat' dir='ltr'><strong>prae-</strong></span> 
     </span>
    </p>
   </div>
   <div class='ocr_carea' id='block_1_19' title="bbox 2090 495 3659 565">
    <p class='ocr_par' dir='ltr' id='par_1_19' title="bbox 2090 495 3659 565">
     <span class='ocr_line' id='line_1_19' title="bbox 2090 495 3659 565; baseline -0.001 -16"><span class='ocrx_word' id='word_1_118' title='bbox 2090 498 2365 557; x_wconf 86' lang='grc' dir='ltr'>Ματθαῖος</span> <span class='ocrx_word' id='word_1_119' title='bbox 2391 500 2484 550; x_wconf 74' lang='grc' dir='ltr'>καὶ</span> <span class='ocrx_word' id='word_1_120' title='bbox 2521 497 2799 561; x_wconf 79' lang='grc' dir='ltr'>Ἰάκωϐος,</span> <span class='ocrx_word' id='word_1_121' title='bbox 2834 500 2862 550; x_wconf 87' lang='grc' dir='ltr'><strong>ό</strong></span> <span class='ocrx_word' id='word_1_122' title='bbox 2894 496 2987 549; x_wconf 90' lang='grc' dir='ltr'><strong>τοῦ</strong></span> <span class='ocrx_word' id='word_1_123' title='bbox 3018 495 3298 565; x_wconf 81' lang='grc' dir='ltr'>Ἀλφαίου,</span> <span class='ocrx_word' id='word_1_124' title='bbox 3325 497 3382 548; x_wconf 84' lang='grc' dir='ltr'>ἐν</span> <span class='ocrx_word' id='word_1_125' title='bbox 3438 498 3659 565; x_wconf 84' lang='grc' dir='ltr'>Καπερ-</span> 
     </span>
    </p>
   </div>
   <div class='ocr_carea' id='block_1_20' title="bbox 2089 587 3657 658">
    <p class='ocr_par' dir='ltr' id='par_1_20' title="bbox 2089 587 3657 658">
     <span class='ocr_line' id='line_1_20' title="bbox 2089 587 3657 658; baseline -0.001 -17"><span class='ocrx_word' id='word_1_126' title='bbox 2089 591 2264 658; x_wconf 79' lang='grc' dir='ltr'>ναοὺμ</span> <span class='ocrx_word' id='word_1_127' title='bbox 2302 590 2511 657; x_wconf 77' lang='grc' dir='ltr'><strong>διάγειν</strong></span> <span class='ocrx_word' id='word_1_128' title='bbox 2554 590 2929 658; x_wconf 80' lang='grc' dir='ltr'>ἱστοροῦνται·</span> <span class='ocrx_word' id='word_1_129' title='bbox 2974 590 3159 657; x_wconf 77' lang='grc' dir='ltr'>Σίμων</span> <span class='ocrx_word' id='word_1_130' title='bbox 3225 587 3281 640; x_wconf 77' lang='grc' dir='ltr'><strong>δὲ</strong></span> <span class='ocrx_word' id='word_1_131' title='bbox 3325 590 3353 640; x_wconf 83' lang='grc' dir='ltr'><strong>ὁ</strong></span> <span class='ocrx_word' id='word_1_132' title='bbox 3408 587 3657 657; x_wconf 75' lang='grc' dir='ltr'>Ζηλωτὴς,</span> 
     </span>
    </p>
   </div>
   <div class='ocr_carea' id='block_1_21' title="bbox 2090 681 3661 751">
    <p class='ocr_par' dir='ltr' id='par_1_21' title="bbox 2090 681 3661 751">
     <span class='ocr_line' id='line_1_21' title="bbox 2090 681 3661 751; baseline 0 -18"><span class='ocrx_word' id='word_1_133' title='bbox 2090 682 2400 751; x_wconf 80' lang='grc' dir='ltr'>Κανανίτης</span> <span class='ocrx_word' id='word_1_134' title='bbox 2435 681 2509 734; x_wconf 83' lang='grc' dir='ltr'><strong>ῶν</strong></span> <span class='ocrx_word' id='word_1_135' title='bbox 2538 682 3011 751; x_wconf 72' lang='grc' dir='ltr'>ἐτύγχανε.Ταυτὶ</span> <span class='ocrx_word' id='word_1_136' title='bbox 3039 681 3095 732; x_wconf 83' lang='grc' dir='ltr'><strong>δὲ</strong></span> <span class='ocrx_word' id='word_1_137' title='bbox 3131 682 3307 734; x_wconf 81' lang='grc' dir='ltr'>πάντα</span> <span class='ocrx_word' id='word_1_138' title='bbox 3342 681 3516 751; x_wconf 79' lang='grc' dir='ltr'>χωρία</span> <span class='ocrx_word' id='word_1_139' title='bbox 3562 683 3661 751; x_wconf 79' lang='grc' dir='ltr'><strong>τῆς</strong></span> 
     </span>
    </p>
   </div>
   <div class='ocr_carea' id='block_1_22' title="bbox 2088 769 3660 843">
    <p class='ocr_par' dir='ltr' id='par_1_22' title="bbox 2088 769 3660 843">
     <span class='ocr_line' id='line_1_22' title="bbox 2088 769 3660 843; baseline 0 -20"><span class='ocrx_word' id='word_1_140' title='bbox 2088 769 2558 843; x_wconf 80' lang='grc' dir='ltr'>Γαλιλαίαςῆσαν.</span> <span class='ocrx_word' id='word_1_141' title='bbox 2614 774 2677 825; x_wconf 84' lang='lat' dir='ltr'><strong>&#39;lI</strong></span> <span class='ocrx_word' id='word_1_142' title='bbox 2706 773 2761 824; x_wconf 79' lang='grc' dir='ltr'>δὲ</span> <span class='ocrx_word' id='word_1_143' title='bbox 2799 773 3061 825; x_wconf 72' lang='grc' dir='ltr'>Γαλιλαία</span> <span class='ocrx_word' id='word_1_144' title='bbox 3101 773 3178 841; x_wconf 84' lang='grc' dir='ltr'>τῷ</span> <span class='ocrx_word' id='word_1_145' title='bbox 3220 773 3505 825; x_wconf 72' lang='grc' dir='ltr'>Ζαϐουλὼν</span> <span class='ocrx_word' id='word_1_146' title='bbox 3567 774 3660 824; x_wconf 71' lang='grc' dir='ltr'><strong>καὶ</strong></span> 
     </span>
    </p>
   </div>
   <div class='ocr_carea' id='block_1_23' title="bbox 2086 862 3659 932">
    <p class='ocr_par' dir='ltr' id='par_1_23' title="bbox 2086 862 3659 932">
     <span class='ocr_line' id='line_1_23' title="bbox 2086 862 3659 932; baseline -0.001 -19"><span class='ocrx_word' id='word_1_147' title='bbox 2086 862 2162 931; x_wconf 84' lang='grc' dir='ltr'>τῷ</span> <span class='ocrx_word' id='word_1_148' title='bbox 2194 862 2517 931; x_wconf 75' lang='grc' dir='ltr'>Νεφθαλεὶμ</span> <span class='ocrx_word' id='word_1_149' title='bbox 2555 863 2981 932; x_wconf 79' lang='grc' dir='ltr'>ἐκληροδοτήθη.</span> <span class='ocrx_word' id='word_1_150' title='bbox 3016 862 3125 914; x_wconf 73' lang='grc' dir='ltr'><strong>Καὶ</strong></span> <span class='ocrx_word' id='word_1_151' title='bbox 3164 864 3212 914; x_wconf 87' lang='grc' dir='ltr'>οἱ</span> <span class='ocrx_word' id='word_1_152' title='bbox 3246 862 3393 914; x_wconf 79' lang='grc' dir='ltr'>ἄλλοι</span> <span class='ocrx_word' id='word_1_153' title='bbox 3425 863 3480 913; x_wconf 81' lang='grc' dir='ltr'><strong>δὲ</strong></span> <span class='ocrx_word' id='word_1_154' title='bbox 3497 862 3659 915; x_wconf 69' lang='grc' dir='ltr'>πάλιν</span> 
     </span>
    </p>
   </div>
   <div class='ocr_carea' id='block_1_24' title="bbox 2087 952 3661 1024">
    <p class='ocr_par' dir='ltr' id='par_1_24' title="bbox 2087 952 3661 1024">
     <span class='ocr_line' id='line_1_24' title="bbox 2087 952 3661 1024; baseline -0.003 -17"><span class='ocrx_word' id='word_1_155' title='bbox 2087 953 2277 1009; x_wconf 80' lang='grc' dir='ltr'>ἐκτῶν</span> <span class='ocrx_word' id='word_1_156' title='bbox 2316 954 2574 1008; x_wconf 80' lang='grc' dir='ltr'>τοιούτων</span> <span class='ocrx_word' id='word_1_157' title='bbox 2646 955 2924 1024; x_wconf 76' lang='grc' dir='ltr'>ὥρμηντο.</span> <span class='ocrx_word' id='word_1_158' title='bbox 2985 954 3287 1023; x_wconf 77' lang='grc' dir='ltr'>Ἀρχοντας</span> <span class='ocrx_word' id='word_1_159' title='bbox 3351 952 3404 1004; x_wconf 76' lang='grc' dir='ltr'><strong>δὲ</strong></span> <span class='ocrx_word' id='word_1_160' title='bbox 3464 953 3661 1013; x_wconf 80' lang='grc' dir='ltr'>αὐτοὺς</span> 
     </span>
    </p>
   </div>
   <div class='ocr_carea' id='block_1_25' title="bbox 2086 1042 3661 1116">
    <p class='ocr_par' dir='ltr' id='par_1_25' title="bbox 2086 1042 3661 1116">
     <span class='ocr_line' id='line_1_25' title="bbox 2086 1042 3661 1116; baseline -0.003 -18"><span class='ocrx_word' id='word_1_161' title='bbox 2086 1044 2264 1112; x_wconf 81' lang='grc' dir='ltr'>εἷπε-ν,</span> <span class='ocrx_word' id='word_1_162' title='bbox 2301 1047 2399 1116; x_wconf 65' lang='grc' dir='ltr'>οὐχ</span> <span class='ocrx_word' id='word_1_163' title='bbox 2437 1048 2512 1108; x_wconf 83' lang='grc' dir='ltr'>ὡς</span> <span class='ocrx_word' id='word_1_164' title='bbox 2582 1047 2849 1116; x_wconf 85' lang='grc' dir='ltr'>ἄρχοντας</span> <span class='ocrx_word' id='word_1_165' title='bbox 2897 1046 3007 1098; x_wconf 86' lang='grc' dir='ltr'><strong>τῶν</strong></span> <span class='ocrx_word' id='word_1_166' title='bbox 3064 1046 3358 1115; x_wconf 84' lang='grc' dir='ltr'>πατρίδων,</span> <span class='ocrx_word' id='word_1_167' title='bbox 3406 1042 3525 1095; x_wconf 83' lang='grc' dir='ltr'>ἀλλ’</span> <span class='ocrx_word' id='word_1_168' title='bbox 3585 1046 3661 1105; x_wconf 84' lang='grc' dir='ltr'><strong>ὡς</strong></span> 
     </span>
    </p>
   </div>
   <div class='ocr_carea' id='block_1_26' title="bbox 2087 1137 3663 1210">
    <p class='ocr_par' dir='ltr' id='par_1_26' title="bbox 2087 1137 3663 1210">
     <span class='ocr_line' id='line_1_26' title="bbox 2087 1137 3663 1210; baseline -0.004 -16"><span class='ocrx_word' id='word_1_169' title='bbox 2087 1142 2404 1210; x_wconf 77' lang='grc' dir='ltr'>ἐξαιρέτους</span> <span class='ocrx_word' id='word_1_170' title='bbox 2432 1141 2525 1193; x_wconf 82' lang='grc' dir='ltr'>καὶ</span> <span class='ocrx_word' id='word_1_171' title='bbox 2553 1140 2942 1209; x_wconf 83' lang='grc' dir='ltr'><strong>τιμιωτέρους,</strong></span> <span class='ocrx_word' id='word_1_172' title='bbox 2985 1139 3073 1191; x_wconf 86' lang='grc' dir='ltr'>διὰ</span> <span class='ocrx_word' id='word_1_173' title='bbox 3096 1138 3194 1207; x_wconf 78' lang='grc' dir='ltr'><strong>τὴν</strong></span> <span class='ocrx_word' id='word_1_174' title='bbox 3261 1137 3500 1207; x_wconf 71' lang='grc' dir='ltr'>ψυχικὴν</span> <span class='ocrx_word' id='word_1_175' title='bbox 3572 1138 3663 1189; x_wconf 80' lang='grc' dir='ltr'><strong>εὑ-</strong></span> 
     </span>
    </p>
   </div>
   <div class='ocr_carea' id='block_1_27' title="bbox 2087 1229 3662 1303">
    <p class='ocr_par' dir='ltr' id='par_1_27' title="bbox 2087 1229 3662 1303">
     <span class='ocr_line' id='line_1_27' title="bbox 2087 1229 3662 1303; baseline -0.004 -17"><span class='ocrx_word' id='word_1_176' title='bbox 2087 1234 2408 1303; x_wconf 83' lang='grc' dir='ltr'>γένειαν·ἢ</span> <span class='ocrx_word' id='word_1_177' title='bbox 2478 1234 2746 1302; x_wconf 82' lang='grc' dir='ltr'>ἄρχοντας</span> <span class='ocrx_word' id='word_1_178' title='bbox 2819 1232 2877 1296; x_wconf 76' lang='grc' dir='ltr'>ἐξ</span> <span class='ocrx_word' id='word_1_179' title='bbox 2957 1231 3149 1292; x_wconf 82' lang='grc' dir='ltr'>Ἰούδα,</span> <span class='ocrx_word' id='word_1_180' title='bbox 3237 1230 3333 1281; x_wconf 75' lang='grc' dir='ltr'>καὶ</span> <span class='ocrx_word' id='word_1_181' title='bbox 3395 1229 3662 1297; x_wconf 81' lang='grc' dir='ltr'>ἄρχοντας</span> 
     </span>
    </p>
   </div>
   <div class='ocr_carea' id='block_1_28' title="bbox 2088 1320 3662 1394">
    <p class='ocr_par' dir='ltr' id='par_1_28' title="bbox 2088 1320 3662 1394">
     <span class='ocr_line' id='line_1_28' title="bbox 2088 1320 3662 1394; baseline -0.005 -15"><span class='ocrx_word' id='word_1_182' title='bbox 2088 1328 2152 1379; x_wconf 84' lang='grc' dir='ltr'><strong>ὲκ</strong></span> <span class='ocrx_word' id='word_1_183' title='bbox 2178 1325 2489 1389; x_wconf 75' lang='grc' dir='ltr'>Ζαϐουλὼν,</span> <span class='ocrx_word' id='word_1_184' title='bbox 2518 1326 2612 1377; x_wconf 78' lang='grc' dir='ltr'><strong>καὶ</strong></span> <span class='ocrx_word' id='word_1_185' title='bbox 2639 1325 2905 1394; x_wconf 81' lang='grc' dir='ltr'>ἄρχοντας</span> <span class='ocrx_word' id='word_1_186' title='bbox 2939 1324 3003 1375; x_wconf 82' lang='grc' dir='ltr'>ὲκ</span> <span class='ocrx_word' id='word_1_187' title='bbox 3058 1320 3381 1390; x_wconf 74' lang='grc' dir='ltr'>Νεφθαλείμ</span> <span class='ocrx_word' id='word_1_188' title='bbox 3404 1336 3419 1351; x_wconf 86' lang='grc'><strong>·</strong></span> <span class='ocrx_word' id='word_1_189' title='bbox 3463 1320 3662 1385; x_wconf 77' lang='grc' dir='ltr'>ἔξωθεν</span> 
     </span>
    </p>
   </div>
   <div class='ocr_carea' id='block_1_29' title="bbox 2087 1415 3059 1487">
    <p class='ocr_par' dir='ltr' id='par_1_29' title="bbox 2087 1415 3059 1487">
     <span class='ocr_line' id='line_1_29' title="bbox 2087 1415 3059 1487; baseline -0.003 -17"><span class='ocrx_word' id='word_1_190' title='bbox 2087 1418 2153 1471; x_wconf 87' lang='grc' dir='ltr'><strong>λα</strong></span> <span class='ocrx_word' id='word_1_191' title='bbox 2161 1418 2508 1487; x_wconf 81' lang='grc' dir='ltr'>μϐανομένης</span> <span class='ocrx_word' id='word_1_192' title='bbox 2558 1417 2655 1485; x_wconf 85' lang='grc' dir='ltr'>τῆς</span> <span class='ocrx_word' id='word_1_193' title='bbox 2726 1415 3059 1486; x_wconf 78' lang='grc' dir='ltr'><strong>προθέσεως.</strong></span> 
     </span>
    </p>
   </div>
   <div class='ocr_carea' id='block_1_30' title="bbox 2166 1501 3663 1573">
    <p class='ocr_par' dir='ltr' id='par_1_30' title="bbox 2166 1501 3663 1573">
     <span class='ocr_line' id='line_1_30' title="bbox 2166 1501 3663 1573; baseline -0.007 -10"><span class='ocrx_word' id='word_1_194' title='bbox 2166 1511 2491 1572; x_wconf 74' lang='grc' dir='ltr'>Ἐντειλαι,</span> <span class='ocrx_word' id='word_1_195' title='bbox 2520 1511 2551 1561; x_wconf 85' lang='grc' dir='ltr'><strong>ό</strong></span> <span class='ocrx_word' id='word_1_196' title='bbox 2587 1506 2753 1570; x_wconf 78' lang='grc' dir='ltr'>Θεὸς,</span> <span class='ocrx_word' id='word_1_197' title='bbox 2778 1504 2851 1573; x_wconf 75' lang='grc' dir='ltr'>τῇ</span> <span class='ocrx_word' id='word_1_198' title='bbox 2876 1503 3126 1573; x_wconf 81' lang='grc' dir='ltr'>δυνάμει</span> <span class='ocrx_word' id='word_1_199' title='bbox 3150 1518 3286 1557; x_wconf 84' lang='grc' dir='ltr'>σου.</span> <span class='ocrx_word' id='word_1_200' title='bbox 3323 1501 3494 1555; x_wconf 88' lang='grc' dir='ltr'>Τοῦτο</span> <span class='ocrx_word' id='word_1_201' title='bbox 3528 1502 3663 1570; x_wconf 72' lang='grc' dir='ltr'>πρὸς</span> 
     </span>
    </p>
   </div>
   <div class='ocr_carea' id='block_1_31' title="bbox 2090 1594 3660 1671">
    <p class='ocr_par' dir='ltr' id='par_1_31' title="bbox 2090 1594 3660 1671">
     <span class='ocr_line' id='line_1_31' title="bbox 2090 1594 3660 1671; baseline -0.006 -16"><span class='ocrx_word' id='word_1_202' title='bbox 2090 1603 2180 1655; x_wconf 76' lang='grc' dir='ltr'><strong>τὸν</strong></span> <span class='ocrx_word' id='word_1_203' title='bbox 2240 1602 2480 1671; x_wconf 79' lang='grc' dir='ltr'>Πατέρα,</span> <span class='ocrx_word' id='word_1_204' title='bbox 2514 1601 2602 1653; x_wconf 86' lang='grc' dir='ltr'><strong>ἴνα</strong></span> <span class='ocrx_word' id='word_1_205' title='bbox 2652 1599 2957 1668; x_wconf 81' lang='grc' dir='ltr'>ἐντείληται</span> <span class='ocrx_word' id='word_1_206' title='bbox 2996 1600 3074 1666; x_wconf 85' lang='grc' dir='ltr'>τῷ</span> <span class='ocrx_word' id='word_1_207' title='bbox 3114 1596 3228 1666; x_wconf 80' lang='grc' dir='ltr'>Υῐῷ</span> <span class='ocrx_word' id='word_1_208' title='bbox 3259 1596 3330 1648; x_wconf 83' lang='grc' dir='ltr'>τὰ</span> <span class='ocrx_word' id='word_1_209' title='bbox 3391 1595 3518 1664; x_wconf 78' lang='grc' dir='ltr'>περὶ</span> <span class='ocrx_word' id='word_1_210' title='bbox 3567 1594 3660 1646; x_wconf 83' lang='grc' dir='ltr'><strong>τοῦ</strong></span> 
     </span>
    </p>
   </div>
   <div class='ocr_carea' id='block_1_32' title="bbox 411 1684 1987 1799">
    <p class='ocr_par' dir='ltr' id='par_1_32' title="bbox 411 1684 1987 1799">
     <span class='ocr_line' id='line_1_32' title="bbox 411 1684 1987 1754; baseline 0 -17"><span class='ocrx_word' id='word_1_211' title='bbox 411 1688 743 1740; x_wconf 83' lang='lat' dir='ltr'><strong>dieationem</strong></span> <span class='ocrx_word' id='word_1_212' title='bbox 842 1688 1139 1754; x_wconf 71' lang='lat' dir='ltr'><strong>pt&#39;l&#39;lim&#39;lll.</strong></span> <span class='ocrx_word' id='word_1_213' title='bbox 1186 1688 1227 1739; x_wconf 87' lang='grc' dir='ltr'><em>Α</em></span> <span class='ocrx_word' id='word_1_214' title='bbox 1272 1703 1350 1740; x_wconf 85' lang='lat' dir='ltr'><strong>me</strong></span> <span class='ocrx_word' id='word_1_215' title='bbox 1390 1687 1501 1747; x_wconf 85' lang='lat' dir='ltr'><strong>ipso</strong></span> <span class='ocrx_word' id='word_1_216' title='bbox 1540 1686 1766 1745; x_wconf 86' lang='lat' dir='ltr'><strong>etenim,</strong></span> <span class='ocrx_word' id='word_1_217' title='bbox 1812 1684 1987 1753; x_wconf 84' lang='lat' dir='ltr'><strong>inquit</strong></span> 
     </span>
     <span class='ocr_line' id='line_1_33' title="bbox 411 1775 1982 1799; baseline 0 0"><span class='ocrx_word' id='word_1_218' title='bbox 411 1776 666 1799; x_wconf 53' lang='lat' dir='ltr'><strong>l‘l__.:.n..-</strong></span> <span class='ocrx_word' id='word_1_219' title='bbox 775 1777 904 1799; x_wconf 78' lang='lat' dir='ltr'><strong>-..’l..&#39;l</strong></span> <span class='ocrx_word' id='word_1_220' title='bbox 959 1780 1139 1799; x_wconf 71' lang='lat' dir='ltr'><strong>t.___.-..</strong></span> <span class='ocrx_word' id='word_1_221' title='bbox 1206 1776 1290 1799; x_wconf 69' lang='grc' dir='ltr'><strong>-..Ι</strong></span> <span class='ocrx_word' id='word_1_222' title='bbox 1330 1791 1641 1799; x_wconf 32' lang='grc' dir='ltr'><strong>--.γ..-..-.--.-</strong></span> <span class='ocrx_word' id='word_1_223' title='bbox 1698 1775 1904 1799; x_wconf 63' lang='grc' dir='ltr'>..υλέι-..ιι</span> <span class='ocrx_word' id='word_1_224' title='bbox 1957 1791 1982 1799; x_wconf 62' lang='grc' dir='ltr'><strong>ι.</strong></span> 
     </span>
    </p>
   </div>
   <div class='ocr_carea' id='block_1_33' title="bbox 2091 1684 3665 1799">
    <p class='ocr_par' dir='ltr' id='par_1_33' title="bbox 2093 1686 3665 1764">
     <span class='ocr_line' id='line_1_34' title="bbox 2093 1686 3665 1764; baseline -0.006 -17"><span class='ocrx_word' id='word_1_225' title='bbox 2093 1694 2475 1764; x_wconf 79' lang='grc' dir='ltr'>κηρύγματος.</span> <span class='ocrx_word' id='word_1_226' title='bbox 2550 1692 2680 1745; x_wconf 79' lang='grc' dir='ltr'><strong>Ἀπ’</strong></span> <span class='ocrx_word' id='word_1_227' title='bbox 2722 1689 2984 1759; x_wconf 82' lang='grc' dir='ltr'>ἐμαυτοῦ</span> <span class='ocrx_word' id='word_1_228' title='bbox 3037 1691 3167 1759; x_wconf 80' lang='grc' dir='ltr'>γὰρ,</span> <span class='ocrx_word' id='word_1_229' title='bbox 3241 1687 3426 1756; x_wconf 63' lang='grc' dir='ltr'>φησιν,</span> <span class='ocrx_word' id='word_1_230' title='bbox 3483 1686 3665 1739; x_wconf 81' lang='grc' dir='ltr'><strong>οὐδὲν</strong></span> 
     </span>
    </p>
   </div>
   <div class='ocr_carea' id='block_1_34' title="bbox 410 1775 1984 1845">
    <p class='ocr_par' dir='ltr' id='par_1_34' title="bbox 410 1775 1984 1845">
     <span class='ocr_line' id='line_1_35' title="bbox 410 1775 1984 1845; baseline 0 -20"><span class='ocrx_word' id='word_1_231' title='bbox 410 1776 692 1838; x_wconf 74' lang='lat' dir='ltr'><strong>tlhristus,</strong></span> <span class='ocrx_word' id='word_1_232' title='bbox 773 1777 904 1828; x_wconf 79' lang='lat' dir='ltr'><strong>nihil</strong></span> <span class='ocrx_word' id='word_1_233' title='bbox 956 1780 1159 1843; x_wconf 80' lang='lat' dir='ltr'><strong>loquor,</strong></span> <span class='ocrx_word' id='word_1_234' title='bbox 1201 1776 1290 1829; x_wconf 79' lang='lat' dir='ltr'><strong>sed</strong></span> <span class='ocrx_word' id='word_1_235' title='bbox 1323 1791 1641 1845; x_wconf 63' lang='lat' dir='ltr'><strong>quacunque</strong></span> <span class='ocrx_word' id='word_1_236' title='bbox 1692 1775 1905 1827; x_wconf 82' lang='lat' dir='ltr'><strong>audiero</strong></span> <span class='ocrx_word' id='word_1_237' title='bbox 1952 1791 1984 1825; x_wconf 87' lang='lat' dir='ltr'><strong>a</strong></span> 
     </span>
    </p>
   </div>
   <div class='ocr_carea' id='block_1_35' title="bbox 413 1866 1982 1931">
    <p class='ocr_par' dir='ltr' id='par_1_35' title="bbox 413 1866 1982 1931">
     <span class='ocr_line' id='line_1_36' title="bbox 413 1866 1982 1931; baseline 0.002 -16"><span class='ocrx_word' id='word_1_238' title='bbox 413 1866 577 1919; x_wconf 81' lang='lat' dir='ltr'><strong>Patre</strong></span> <span class='ocrx_word' id='word_1_239' title='bbox 608 1867 672 1920; x_wconf 84' lang='grc'><strong>⁸⁷.</strong></span> <span class='ocrx_word' id='word_1_240' title='bbox 710 1866 865 1931; x_wconf 81' lang='lat' dir='ltr'><strong>Quod</strong></span> <span class='ocrx_word' id='word_1_241' title='bbox 908 1878 1090 1920; x_wconf 82' lang='lat' dir='ltr'><strong>autem</strong></span> <span class='ocrx_word' id='word_1_242' title='bbox 1118 1867 1375 1921; x_wconf 81' lang='lat' dir='ltr'><strong>Christus</strong></span> <span class='ocrx_word' id='word_1_243' title='bbox 1407 1870 1583 1921; x_wconf 86' lang='lat' dir='ltr'><strong>virtus</strong></span> <span class='ocrx_word' id='word_1_244' title='bbox 1616 1867 1705 1920; x_wconf 88' lang='lat' dir='ltr'><strong>Dei</strong></span> <span class='ocrx_word' id='word_1_245' title='bbox 1744 1867 1982 1930; x_wconf 76' lang='lat' dir='ltr'><strong>dicatur,</strong></span> 
     </span>
    </p>
   </div>
   <div class='ocr_carea' id='block_1_36' title="bbox 409 1954 1986 2027">
    <p class='ocr_par' dir='ltr' id='par_1_36' title="bbox 409 1954 1986 2027">
     <span class='ocr_line' id='line_1_37' title="bbox 409 1954 1986 2027; baseline 0.003 -20"><span class='ocrx_word' id='word_1_246' title='bbox 409 1954 714 2024; x_wconf 58' lang='lat' dir='ltr'><strong>Apostolus</strong></span> <span class='ocrx_word' id='word_1_247' title='bbox 762 1959 969 2022; x_wconf 82' lang='lat' dir='ltr'><strong>docuit,</strong></span> <span class='ocrx_word' id='word_1_248' title='bbox 1009 1958 1201 2013; x_wconf 87' lang='lat' dir='ltr'><strong>dicens</strong></span> <span class='ocrx_word' id='word_1_249' title='bbox 1253 1958 1319 2011; x_wconf 88' lang='lat' dir='ltr'><strong>de</strong></span> <span class='ocrx_word' id='word_1_250' title='bbox 1350 1972 1435 2021; x_wconf 89' lang='lat' dir='ltr'><strong>eo,</strong></span> <span class='ocrx_word' id='word_1_251' title='bbox 1476 1958 1624 2027; x_wconf 90' lang='lat' dir='ltr'><strong>quod</strong></span> <span class='ocrx_word' id='word_1_252' title='bbox 1670 1957 1759 2010; x_wconf 86' lang='lat' dir='ltr'><strong>Dei</strong></span> <span class='ocrx_word' id='word_1_253' title='bbox 1813 1958 1986 2011; x_wconf 89' lang='lat' dir='ltr'><strong>virtus</strong></span> 
     </span>
    </p>
   </div>
   <div class='ocr_carea' id='block_1_37' title="bbox 406 2045 1117 2114">
    <p class='ocr_par' dir='ltr' id='par_1_37' title="bbox 406 2045 1117 2114">
     <span class='ocr_line' id='line_1_38' title="bbox 406 2045 1117 2114; baseline 0.003 -17"><span class='ocrx_word' id='word_1_254' title='bbox 406 2054 490 2097; x_wconf 74' lang='lat' dir='ltr'><strong>est</strong></span> <span class='ocrx_word' id='word_1_255' title='bbox 524 2054 578 2097; x_wconf 85' lang='lat' dir='ltr'><strong>et</strong></span> <span class='ocrx_word' id='word_1_256' title='bbox 615 2045 709 2097; x_wconf 86' lang='lat' dir='ltr'><strong>Dei</strong></span> <span class='ocrx_word' id='word_1_257' title='bbox 744 2048 1015 2114; x_wconf 85' lang='lat' dir='ltr'><strong>sapientia</strong></span> <span class='ocrx_word' id='word_1_258' title='bbox 1049 2047 1117 2099; x_wconf 79' lang='grc'><strong>⁸⁸.</strong></span> 
     </span>
    </p>
   </div>
   <div class='ocr_carea' id='block_1_38' title="bbox 479 2134 1987 2205">
    <p class='ocr_par' dir='ltr' id='par_1_38' title="bbox 479 2134 1987 2205">
     <span class='ocr_line' id='line_1_39' title="bbox 479 2134 1987 2205; baseline 0.001 -20"><span class='ocrx_word' id='word_1_259' title='bbox 479 2134 748 2202; x_wconf 73' lang='lat' dir='ltr'><strong>Con/inita</strong></span> <span class='ocrx_word' id='word_1_260' title='bbox 786 2135 904 2199; x_wconf 79' lang='lat' dir='ltr'><strong>hoc,</strong></span> <span class='ocrx_word' id='word_1_261' title='bbox 942 2136 1102 2199; x_wconf 84' lang='lat' dir='ltr'><strong>Deus,</strong></span> <span class='ocrx_word' id='word_1_262' title='bbox 1132 2137 1271 2204; x_wconf 87' lang='lat' dir='ltr'><strong>quod</strong></span> <span class='ocrx_word' id='word_1_263' title='bbox 1302 2148 1552 2205; x_wconf 82' lang='lat' dir='ltr'><strong>operatus</strong></span> <span class='ocrx_word' id='word_1_264' title='bbox 1590 2152 1643 2189; x_wconf 85' lang='lat' dir='ltr'><strong>es</strong></span> <span class='ocrx_word' id='word_1_265' title='bbox 1680 2137 1732 2188; x_wconf 86' lang='lat' dir='ltr'><strong>in</strong></span> <span class='ocrx_word' id='word_1_266' title='bbox 1757 2135 1924 2199; x_wconf 77' lang='lat' dir='ltr'><strong>nobis,</strong></span> <span class='ocrx_word' id='word_1_267' title='bbox 1955 2152 1987 2187; x_wconf 91' lang='lat' dir='ltr'><strong>a</strong></span> 
     </span>
    </p>
   </div>
   <div class='ocr_carea' id='block_1_39' title="bbox 408 2226 1988 2294">
    <p class='ocr_par' dir='ltr' id='par_1_39' title="bbox 408 2226 1988 2294">
     <span class='ocr_line' id='line_1_40' title="bbox 408 2226 1988 2294; baseline 0 -15"><span class='ocrx_word' id='word_1_268' title='bbox 408 2230 598 2294; x_wconf 82' lang='lat' dir='ltr'><strong>templo</strong></span> <span class='ocrx_word' id='word_1_269' title='bbox 622 2229 776 2279; x_wconf 84' lang='lat' dir='ltr'><strong>tuoin</strong></span> <span class='ocrx_word' id='word_1_270' title='bbox 803 2226 1122 2282; x_wconf 83' lang='lat' dir='ltr'><strong>Jerusalem.</strong></span> <span class='ocrx_word' id='word_1_271' title='bbox 1148 2228 1268 2283; x_wconf 66' lang='lat' dir='ltr'><strong>llaec</strong></span> <span class='ocrx_word' id='word_1_272' title='bbox 1289 2230 1353 2282; x_wconf 89' lang='lat' dir='ltr'><strong>ad</strong></span> <span class='ocrx_word' id='word_1_273' title='bbox 1382 2228 1569 2281; x_wconf 82' lang='lat' dir='ltr'><strong>Filium</strong></span> <span class='ocrx_word' id='word_1_274' title='bbox 1587 2229 1730 2281; x_wconf 90' lang='lat' dir='ltr'><strong>dicta</strong></span> <span class='ocrx_word' id='word_1_275' title='bbox 1758 2237 1906 2285; x_wconf 85' lang='lat' dir='ltr'><strong>sunt,</strong></span> <span class='ocrx_word' id='word_1_276' title='bbox 1931 2235 1988 2279; x_wconf 91' lang='lat' dir='ltr'><strong>ut</strong></span> 
     </span>
    </p>
   </div>
   <div class='ocr_carea' id='block_1_40' title="bbox 410 2319 1983 2387">
    <p class='ocr_par' dir='ltr' id='par_1_40' title="bbox 410 2319 1983 2387">
     <span class='ocr_line' id='line_1_41' title="bbox 410 2319 1983 2387; baseline 0.001 -18"><span class='ocrx_word' id='word_1_277' title='bbox 410 2319 686 2387; x_wconf 72' lang='lat' dir='ltr'><strong>Evangelii</strong></span> <span class='ocrx_word' id='word_1_278' title='bbox 726 2320 1192 2387; x_wconf 74' lang='lat' dir='ltr'><strong>praedicationem,</strong></span> <span class='ocrx_word' id='word_1_279' title='bbox 1223 2324 1367 2387; x_wconf 85' lang='lat' dir='ltr'><strong>quod</strong></span> <span class='ocrx_word' id='word_1_280' title='bbox 1403 2320 1455 2372; x_wconf 90' lang='lat' dir='ltr'><strong>in</strong></span> <span class='ocrx_word' id='word_1_281' title='bbox 1491 2336 1612 2381; x_wconf 93' lang='lat' dir='ltr'><strong>nos,</strong></span> <span class='ocrx_word' id='word_1_282' title='bbox 1647 2320 1727 2371; x_wconf 89' lang='lat' dir='ltr'><strong>vel</strong></span> <span class='ocrx_word' id='word_1_283' title='bbox 1760 2329 1983 2387; x_wconf 81' lang='lat' dir='ltr'><strong>propter</strong></span> 
     </span>
    </p>
   </div>
   <div class='ocr_carea' id='block_1_41' title="bbox 408 2411 1988 2481">
    <p class='ocr_par' dir='ltr' id='par_1_41' title="bbox 408 2411 1988 2481">
     <span class='ocr_line' id='line_1_42' title="bbox 408 2411 1988 2481; baseline -0.001 -17"><span class='ocrx_word' id='word_1_284' title='bbox 408 2428 513 2466; x_wconf 88' lang='lat' dir='ltr'><strong>nos</strong></span> <span class='ocrx_word' id='word_1_285' title='bbox 555 2424 819 2480; x_wconf 84' lang='lat' dir='ltr'><strong>operatus</strong></span> <span class='ocrx_word' id='word_1_286' title='bbox 861 2423 967 2476; x_wconf 82' lang='lat' dir='ltr'><strong>est,</strong></span> <span class='ocrx_word' id='word_1_287' title='bbox 1007 2414 1328 2465; x_wconf 77' lang='lat' dir='ltr'><strong>validiorem</strong></span> <span class='ocrx_word' id='word_1_288' title='bbox 1364 2428 1427 2467; x_wconf 90' lang='lat' dir='ltr'><strong>ac</strong></span> <span class='ocrx_word' id='word_1_289' title='bbox 1460 2413 1827 2481; x_wconf 86' lang='lat' dir='ltr'><strong>potentiorem</strong></span> <span class='ocrx_word' id='word_1_290' title='bbox 1864 2411 1988 2464; x_wconf 86' lang='lat' dir='ltr'><strong>red-</strong></span> 
     </span>
    </p>
   </div>
   <div class='ocr_carea' id='block_1_42' title="bbox 408 2503 1981 2573">
    <p class='ocr_par' dir='ltr' id='par_1_42' title="bbox 408 2503 1981 2573">
     <span class='ocr_line' id='line_1_43' title="bbox 408 2503 1981 2573; baseline 0.001 -18"><span class='ocrx_word' id='word_1_291' title='bbox 408 2504 523 2557; x_wconf 90' lang='lat' dir='ltr'><strong>dat.</strong></span> <span class='ocrx_word' id='word_1_292' title='bbox 563 2503 657 2558; x_wconf 86' lang='lat' dir='ltr'><strong>Vel</strong></span> <span class='ocrx_word' id='word_1_293' title='bbox 690 2507 954 2557; x_wconf 88' lang='lat' dir='ltr'><strong>contirma</strong></span> <span class='ocrx_word' id='word_1_294' title='bbox 998 2506 1142 2573; x_wconf 89' lang='lat' dir='ltr'><strong>quod</strong></span> <span class='ocrx_word' id='word_1_295' title='bbox 1172 2516 1434 2573; x_wconf 68' lang='lat' dir='ltr'><strong>Oper-atus</strong></span> <span class='ocrx_word' id='word_1_296' title='bbox 1470 2521 1529 2559; x_wconf 89' lang='lat' dir='ltr'><strong>es</strong></span> <span class='ocrx_word' id='word_1_297' title='bbox 1575 2519 1604 2556; x_wconf 91' lang='lat' dir='ltr'><strong>a</strong></span> <span class='ocrx_word' id='word_1_298' title='bbox 1634 2504 1835 2570; x_wconf 91' lang='lat' dir='ltr'><strong>templo</strong></span> <span class='ocrx_word' id='word_1_299' title='bbox 1866 2514 1981 2569; x_wconf 92' lang='lat' dir='ltr'><strong>tuo,</strong></span> 
     </span>
    </p>
   </div>
   <div class='ocr_carea' id='block_1_43' title="bbox 416 2592 1984 2667">
    <p class='ocr_par' dir='ltr' id='par_1_43' title="bbox 416 2592 1984 2667">
     <span class='ocr_line' id='line_1_44' title="bbox 416 2592 1984 2667; baseline 0.001 -19"><span class='ocrx_word' id='word_1_300' title='bbox 416 2597 520 2648; x_wconf 90' lang='lat' dir='ltr'><strong>hoc.</strong></span> <span class='ocrx_word' id='word_1_301' title='bbox 554 2607 659 2660; x_wconf 90' lang='lat' dir='ltr'><strong>est,</strong></span> <span class='ocrx_word' id='word_1_302' title='bbox 702 2600 849 2667; x_wconf 87' lang='lat' dir='ltr'><strong>quod</strong></span> <span class='ocrx_word' id='word_1_303' title='bbox 903 2599 1178 2666; x_wconf 77' lang='lat' dir='ltr'><strong>perfecisti</strong></span> <span class='ocrx_word' id='word_1_304' title='bbox 1221 2616 1313 2665; x_wconf 90' lang='lat' dir='ltr'><strong>per</strong></span> <span class='ocrx_word' id='word_1_305' title='bbox 1350 2608 1690 2666; x_wconf 87' lang='lat' dir='ltr'><strong>assumptam</strong></span> <span class='ocrx_word' id='word_1_306' title='bbox 1730 2592 1984 2650; x_wconf 60' lang='lat' dir='ltr'><strong>humani:</strong></span> 
     </span>
    </p>
   </div>
   <div class='ocr_carea' id='block_1_44' title="bbox 409 2690 1986 2757">
    <p class='ocr_par' dir='ltr' id='par_1_44' title="bbox 409 2690 1986 2757">
     <span class='ocr_line' id='line_1_45' title="bbox 409 2690 1986 2757; baseline 0.003 -18"><span class='ocrx_word' id='word_1_307' title='bbox 409 2695 605 2751; x_wconf 88' lang='lat' dir='ltr'><strong>tatem,</strong></span> <span class='ocrx_word' id='word_1_308' title='bbox 641 2705 760 2757; x_wconf 79' lang='lat' dir='ltr'><strong>qua:</strong></span> <span class='ocrx_word' id='word_1_309' title='bbox 793 2691 1056 2757; x_wconf 85' lang='lat' dir='ltr'><strong>templum</strong></span> <span class='ocrx_word' id='word_1_310' title='bbox 1091 2691 1317 2753; x_wconf 89' lang='lat' dir='ltr'><strong>dicitur,</strong></span> <span class='ocrx_word' id='word_1_311' title='bbox 1351 2706 1415 2744; x_wconf 87' lang='lat' dir='ltr'><strong>ac</strong></span> <span class='ocrx_word' id='word_1_312' title='bbox 1457 2690 1871 2744; x_wconf 83' lang='lat' dir='ltr'><strong>tabernaculum</strong></span> <span class='ocrx_word' id='word_1_313' title='bbox 1904 2691 1986 2744; x_wconf 87' lang='lat' dir='ltr'><strong>di-</strong></span> 
     </span>
    </p>
   </div>
   <div class='ocr_carea' id='block_1_45' title="bbox 405 2778 1982 2849">
    <p class='ocr_par' dir='ltr' id='par_1_45' title="bbox 405 2778 1982 2849">
     <span class='ocr_line' id='line_1_46' title="bbox 405 2778 1982 2849; baseline 0 -17"><span class='ocrx_word' id='word_1_314' title='bbox 405 2778 677 2833; x_wconf 81' lang='lat' dir='ltr'><strong>vinitatis.</strong></span> <span class='ocrx_word' id='word_1_315' title='bbox 710 2780 844 2833; x_wconf 84' lang='lat' dir='ltr'><strong>Nam</strong></span> <span class='ocrx_word' id='word_1_316' title='bbox 870 2783 1014 2848; x_wconf 84' lang='lat' dir='ltr'><strong>quod</strong></span> <span class='ocrx_word' id='word_1_317' title='bbox 1045 2781 1201 2845; x_wconf 83' lang='lat' dir='ltr'><strong>ait,&#39;A</strong></span> <span class='ocrx_word' id='word_1_318' title='bbox 1226 2780 1416 2849; x_wconf 77' lang='lat' dir='ltr'><strong>templo</strong></span> <span class='ocrx_word' id='word_1_319' title='bbox 1446 2790 1558 2842; x_wconf 90' lang='lat' dir='ltr'><strong>tuo,</strong></span> <span class='ocrx_word' id='word_1_320' title='bbox 1582 2780 1982 2849; x_wconf 58' lang='lat' dir='ltr'><strong>exponidebet,</strong></span> 
     </span>
    </p>
   </div>
   <div class='ocr_carea' id='block_1_46' title="bbox 408 2870 1983 2941">
    <p class='ocr_par' dir='ltr' id='par_1_46' title="bbox 408 2870 1983 2941">
     <span class='ocr_line' id='line_1_47' title="bbox 408 2870 1983 2941; baseline 0.001 -18"><span class='ocrx_word' id='word_1_321' title='bbox 408 2870 512 2924; x_wconf 81' lang='lat' dir='ltr'><strong>Per</strong></span> <span class='ocrx_word' id='word_1_322' title='bbox 542 2872 799 2940; x_wconf 83' lang='lat' dir='ltr'><strong>templum</strong></span> <span class='ocrx_word' id='word_1_323' title='bbox 836 2882 987 2924; x_wconf 84' lang='lat' dir='ltr'><strong>tuum</strong></span> <span class='ocrx_word' id='word_1_324' title='bbox 1026 2889 1039 2924; x_wconf 90' lang='lat'>:</span> <span class='ocrx_word' id='word_1_325' title='bbox 1075 2872 1218 2941; x_wconf 88' lang='lat' dir='ltr'><strong>quod</strong></span> <span class='ocrx_word' id='word_1_326' title='bbox 1248 2872 1530 2939; x_wconf 88' lang='lat' dir='ltr'><strong>templum,</strong></span> <span class='ocrx_word' id='word_1_327' title='bbox 1558 2870 1663 2923; x_wconf 86' lang='lat' dir='ltr'><strong>hoc</strong></span> <span class='ocrx_word' id='word_1_328' title='bbox 1695 2878 1799 2935; x_wconf 88' lang='lat' dir='ltr'><strong>est,</strong></span> <span class='ocrx_word' id='word_1_329' title='bbox 1834 2871 1983 2938; x_wconf 87' lang='lat' dir='ltr'><strong>quod</strong></span> 
     </span>
    </p>
   </div>
   <div class='ocr_carea' id='block_1_47' title="bbox 410 2959 1981 3031">
    <p class='ocr_par' dir='ltr' id='par_1_47' title="bbox 410 2959 1981 3031">
     <span class='ocr_line' id='line_1_48' title="bbox 410 2959 1981 3031; baseline -0.001 -16"><span class='ocrx_word' id='word_1_330' title='bbox 410 2975 613 3031; x_wconf 78' lang='lat' dir='ltr'><strong>corpus</strong></span> <span class='ocrx_word' id='word_1_331' title='bbox 634 2974 812 3026; x_wconf 89' lang='lat' dir='ltr'><strong>tuum,</strong></span> <span class='ocrx_word' id='word_1_332' title='bbox 847 2963 1112 3016; x_wconf 84' lang='lat' dir='ltr'><strong>habitavit</strong></span> <span class='ocrx_word' id='word_1_333' title='bbox 1150 2971 1203 3016; x_wconf 84' lang='lat' dir='ltr'><strong>et</strong></span> <span class='ocrx_word' id='word_1_334' title='bbox 1229 2962 1545 3031; x_wconf 64' lang='lat' dir='ltr'><strong>praidicavit</strong></span> <span class='ocrx_word' id='word_1_335' title='bbox 1566 2962 1618 3013; x_wconf 94' lang='lat' dir='ltr'><strong>in</strong></span> <span class='ocrx_word' id='word_1_336' title='bbox 1643 2959 1981 3016; x_wconf 80' lang='lat' dir='ltr'><strong>Jerusalem:</strong></span> 
     </span>
    </p>
   </div>
   <div class='ocr_carea' id='block_1_48' title="bbox 2089 1778 3660 1847">
    <p class='ocr_par' dir='ltr' id='par_1_48' title="bbox 2089 1778 3660 1847">
     <span class='ocr_line' id='line_1_49' title="bbox 2089 1778 3660 1847; baseline -0.006 -8"><span class='ocrx_word' id='word_1_337' title='bbox 2089 1785 2260 1839; x_wconf 71' lang='grc' dir='ltr'>λαλῶ</span> <span class='ocrx_word' id='word_1_338' title='bbox 2294 1802 2308 1815; x_wconf 86' lang='grc'><strong>·</strong></span> <span class='ocrx_word' id='word_1_339' title='bbox 2345 1785 2483 1839; x_wconf 78' lang='grc' dir='ltr'>ἀλλ’</span> <span class='ocrx_word' id='word_1_340' title='bbox 2515 1783 2632 1838; x_wconf 77' lang='grc' dir='ltr'>ὅσα</span> <span class='ocrx_word' id='word_1_341' title='bbox 2671 1782 2749 1836; x_wconf 81' lang='grc' dir='ltr'><strong>ἂν</strong></span> <span class='ocrx_word' id='word_1_342' title='bbox 2775 1783 3021 1836; x_wconf 84' lang='grc' dir='ltr'><strong>ἀκούσω</strong></span> <span class='ocrx_word' id='word_1_343' title='bbox 3047 1780 3207 1847; x_wconf 82' lang='grc' dir='ltr'>παρὰ</span> <span class='ocrx_word' id='word_1_344' title='bbox 3246 1778 3351 1832; x_wconf 86' lang='grc' dir='ltr'><strong>τοῦ</strong></span> <span class='ocrx_word' id='word_1_345' title='bbox 3408 1780 3660 1844; x_wconf 81' lang='grc' dir='ltr'>Πατρός.</span> 
     </span>
    </p>
   </div>
   <div class='ocr_carea' id='block_1_49' title="bbox 2089 1872 3342 1948">
    <p class='ocr_par' dir='ltr' id='par_1_49' title="bbox 2089 1872 3342 1948">
     <span class='ocr_line' id='line_1_50' title="bbox 2089 1872 3342 1948; baseline -0.003 -18"><span class='ocrx_word' id='word_1_346' title='bbox 2089 1877 2325 1948; x_wconf 77' lang='grc' dir='ltr'>Χριστὸς</span> <span class='ocrx_word' id='word_1_347' title='bbox 2356 1877 2413 1929; x_wconf 80' lang='grc' dir='ltr'><strong>δὲ</strong></span> <span class='ocrx_word' id='word_1_348' title='bbox 2439 1876 2573 1929; x_wconf 84' lang='grc' dir='ltr'>Θεοῦ</span> <span class='ocrx_word' id='word_1_349' title='bbox 2598 1876 2829 1946; x_wconf 83' lang='grc' dir='ltr'>δύναμις</span> <span class='ocrx_word' id='word_1_350' title='bbox 2858 1875 2954 1927; x_wconf 69' lang='grc' dir='ltr'>καὶ</span> <span class='ocrx_word' id='word_1_351' title='bbox 2993 1873 3128 1926; x_wconf 84' lang='grc' dir='ltr'>Θεοῦ</span> <span class='ocrx_word' id='word_1_352' title='bbox 3160 1872 3342 1941; x_wconf 69' lang='grc' dir='ltr'>σοφία.</span> 
     </span>
    </p>
   </div>
   <div class='ocr_carea' id='block_1_50' title="bbox 2157 2130 3662 2201">
    <p class='ocr_par' dir='ltr' id='par_1_50' title="bbox 2157 2130 3662 2201">
     <span class='ocr_line' id='line_1_51' title="bbox 2157 2130 3662 2201; baseline -0.003 -16"><span class='ocrx_word' id='word_1_353' title='bbox 2157 2134 2546 2201; x_wconf 80' lang='grc' dir='ltr'>Δυνάμωσον,</span> <span class='ocrx_word' id='word_1_354' title='bbox 2593 2136 2625 2187; x_wconf 85' lang='grc' dir='ltr'><em>ὀ</em></span> <span class='ocrx_word' id='word_1_355' title='bbox 2686 2133 2849 2197; x_wconf 81' lang='grc' dir='ltr'>Θεὸς,</span> <span class='ocrx_word' id='word_1_356' title='bbox 2905 2132 3081 2186; x_wconf 72' lang='grc' dir='ltr'>τοῦτο</span> <span class='ocrx_word' id='word_1_357' title='bbox 3111 2132 3141 2184; x_wconf 85' lang='grc' dir='ltr'>ὃ</span> <span class='ocrx_word' id='word_1_358' title='bbox 3181 2131 3549 2200; x_wconf 77' lang='grc' dir='ltr'><strong>κατειργάσω</strong></span> <span class='ocrx_word' id='word_1_359' title='bbox 3593 2130 3662 2181; x_wconf 76' lang='grc' dir='ltr'><strong>ἐν</strong></span> 
     </span>
    </p>
   </div>
   <div class='ocr_carea' id='block_1_51' title="bbox 2089 2223 3660 2294">
    <p class='ocr_par' dir='ltr' id='par_1_51' title="bbox 2089 2223 3660 2294">
     <span class='ocr_line' id='line_1_52' title="bbox 2089 2223 3660 2294; baseline -0.003 -15"><span class='ocrx_word' id='word_1_360' title='bbox 2089 2226 2254 2294; x_wconf 70' lang='grc' dir='ltr'>ἡμῖν,</span> <span class='ocrx_word' id='word_1_361' title='bbox 2292 2227 2410 2280; x_wconf 78' lang='grc' dir='ltr'><strong>ἀπὸ</strong></span> <span class='ocrx_word' id='word_1_362' title='bbox 2447 2227 2550 2280; x_wconf 82' lang='grc' dir='ltr'><strong>τοῦ</strong></span> <span class='ocrx_word' id='word_1_363' title='bbox 2580 2228 2728 2280; x_wconf 79' lang='grc' dir='ltr'>ναοῦ</span> <span class='ocrx_word' id='word_1_364' title='bbox 2757 2242 2874 2279; x_wconf 80' lang='grc' dir='ltr'>σου</span> <span class='ocrx_word' id='word_1_365' title='bbox 2907 2226 3006 2285; x_wconf 71' lang='grc' dir='ltr'><strong>ἐπὶ</strong></span> <span class='ocrx_word' id='word_1_366' title='bbox 3048 2226 3460 2291; x_wconf 70' lang='grc' dir='ltr'>Ἰερουσαλήμ.</span> <span class='ocrx_word' id='word_1_367' title='bbox 3492 2223 3660 2275; x_wconf 81' lang='grc' dir='ltr'>Τοῦτο</span> 
     </span>
    </p>
   </div>
   <div class='ocr_carea' id='block_1_52' title="bbox 2089 2314 3661 2388">
    <p class='ocr_par' dir='ltr' id='par_1_52' title="bbox 2089 2314 3661 2388">
     <span class='ocr_line' id='line_1_53' title="bbox 2089 2314 3661 2388; baseline -0.001 -21"><span class='ocrx_word' id='word_1_368' title='bbox 2089 2318 2225 2385; x_wconf 82' lang='grc' dir='ltr'>πρὸς</span> <span class='ocrx_word' id='word_1_369' title='bbox 2267 2318 2358 2369; x_wconf 66' lang='grc' dir='ltr'>τὸν</span> <span class='ocrx_word' id='word_1_370' title='bbox 2387 2318 2537 2381; x_wconf 73' lang='grc' dir='ltr'>Υἰδν,</span> <span class='ocrx_word' id='word_1_371' title='bbox 2574 2318 2659 2369; x_wconf 75' lang='grc' dir='ltr'><strong>ἵνα</strong></span> <span class='ocrx_word' id='word_1_372' title='bbox 2685 2316 3005 2388; x_wconf 69' lang='grc' dir='ltr'>κραταιὼαῃ</span> <span class='ocrx_word' id='word_1_373' title='bbox 3044 2320 3104 2369; x_wconf 81' lang='grc' dir='ltr'><strong>τὸ</strong></span> <span class='ocrx_word' id='word_1_374' title='bbox 3130 2318 3394 2387; x_wconf 84' lang='grc' dir='ltr'>κήρυγμα</span> <span class='ocrx_word' id='word_1_375' title='bbox 3412 2314 3507 2367; x_wconf 89' lang='grc' dir='ltr'><strong>τοῦ</strong></span> <span class='ocrx_word' id='word_1_376' title='bbox 3558 2316 3661 2365; x_wconf 79' lang='grc' dir='ltr'><strong>Εὑ-</strong></span> 
     </span>
    </p>
   </div>
   <div class='ocr_carea' id='block_1_53' title="bbox 2090 2408 3659 2478">
    <p class='ocr_par' dir='ltr' id='par_1_53' title="bbox 2090 2408 3659 2478">
     <span class='ocr_line' id='line_1_54' title="bbox 2090 2408 3659 2478; baseline 0 -18"><span class='ocrx_word' id='word_1_377' title='bbox 2090 2410 2349 2476; x_wconf 75' lang='grc' dir='ltr'>αγγελίου</span> <span class='ocrx_word' id='word_1_378' title='bbox 2379 2425 2392 2438; x_wconf 84' lang='lat'><strong><em>°</em></strong></span> <span class='ocrx_word' id='word_1_379' title='bbox 2436 2410 2464 2460; x_wconf 81' lang='grc' dir='ltr'><strong>ὃ</strong></span> <span class='ocrx_word' id='word_1_380' title='bbox 2504 2411 2909 2478; x_wconf 67' lang='grc' dir='ltr'>κατειργάσατο</span> <span class='ocrx_word' id='word_1_381' title='bbox 2945 2412 3025 2473; x_wconf 74' lang='grc' dir='ltr'>εἰς</span> <span class='ocrx_word' id='word_1_382' title='bbox 3080 2411 3246 2476; x_wconf 78' lang='grc' dir='ltr'>ἡμᾶς,</span> <span class='ocrx_word' id='word_1_383' title='bbox 3284 2409 3316 2478; x_wconf 84' lang='grc' dir='ltr'>ἢ</span> <span class='ocrx_word' id='word_1_384' title='bbox 3376 2408 3447 2459; x_wconf 75' lang='grc' dir='ltr'>δι’</span> <span class='ocrx_word' id='word_1_385' title='bbox 3491 2408 3659 2476; x_wconf 78' lang='grc' dir='ltr'>ἡμᾶς.</span> 
     </span>
    </p>
   </div>
   <div class='ocr_carea' id='block_1_54' title="bbox 2088 2497 3659 2571">
    <p class='ocr_par' dir='ltr' id='par_1_54' title="bbox 2088 2497 3659 2571">
     <span class='ocr_line' id='line_1_55' title="bbox 2088 2497 3659 2571; baseline -0.001 -22"><span class='ocrx_word' id='word_1_386' title='bbox 2088 2500 2509 2567; x_wconf 82' lang='grc' dir='ltr'>Κατειργάσατο</span> <span class='ocrx_word' id='word_1_387' title='bbox 2540 2500 2614 2562; x_wconf 75' lang='grc' dir='ltr'>δὲ,</span> <span class='ocrx_word' id='word_1_388' title='bbox 2654 2500 2934 2550; x_wconf 72' lang='grc' dir='ltr'>τουτέστιν</span> <span class='ocrx_word' id='word_1_389' title='bbox 2973 2500 3249 2571; x_wconf 75' lang='grc' dir='ltr'>ἀπήρτισε</span> <span class='ocrx_word' id='word_1_390' title='bbox 3317 2497 3498 2561; x_wconf 81' lang='grc' dir='ltr'>τοῦτο,</span> <span class='ocrx_word' id='word_1_391' title='bbox 3569 2497 3659 2549; x_wconf 64' lang='grc' dir='ltr'>διὰ</span> 
     </span>
    </p>
   </div>
   <div class='ocr_carea' id='block_1_55' title="bbox 2084 2588 3661 2663">
    <p class='ocr_par' dir='ltr' id='par_1_55' title="bbox 2084 2588 3661 2663">
     <span class='ocr_line' id='line_1_56' title="bbox 2084 2588 3661 2663; baseline -0.003 -20"><span class='ocrx_word' id='word_1_392' title='bbox 2084 2592 2180 2644; x_wconf 87' lang='grc' dir='ltr'><strong>τοῦ</strong></span> <span class='ocrx_word' id='word_1_393' title='bbox 2224 2593 2657 2663; x_wconf 80' lang='grc' dir='ltr'>προσλήμματος</span> <span class='ocrx_word' id='word_1_394' title='bbox 2681 2592 2866 2645; x_wconf 85' lang='grc' dir='ltr'>αὑτοῦ.</span> <span class='ocrx_word' id='word_1_395' title='bbox 2926 2592 3098 2643; x_wconf 85' lang='grc' dir='ltr'>Τοῦτο</span> <span class='ocrx_word' id='word_1_396' title='bbox 3153 2592 3261 2659; x_wconf 83' lang='grc' dir='ltr'>γὰρ</span> <span class='ocrx_word' id='word_1_397' title='bbox 3324 2590 3505 2654; x_wconf 58' lang='lat' dir='ltr'><strong>Haec,</strong></span> <span class='ocrx_word' id='word_1_398' title='bbox 3567 2588 3661 2639; x_wconf 77' lang='grc' dir='ltr'>καὶ</span> 
     </span>
    </p>
   </div>
   <div class='ocr_carea' id='block_1_56' title="bbox 2087 2680 3656 2751">
    <p class='ocr_par' dir='ltr' id='par_1_56' title="bbox 2087 2680 3656 2751">
     <span class='ocr_line' id='line_1_57' title="bbox 2087 2680 3656 2751; baseline -0.003 -17"><span class='ocrx_word' id='word_1_399' title='bbox 2087 2686 2353 2751; x_wconf 79' lang='grc' dir='ltr'>σκήνωμα</span> <span class='ocrx_word' id='word_1_400' title='bbox 2389 2683 2488 2751; x_wconf 69' lang='grc' dir='ltr'>τῆς</span> <span class='ocrx_word' id='word_1_401' title='bbox 2520 2683 2795 2751; x_wconf 80' lang='grc' dir='ltr'>θεότητος.</span> <span class='ocrx_word' id='word_1_402' title='bbox 2834 2681 2980 2735; x_wconf 79' lang='grc' dir='ltr'><strong>Ἀπὸ</strong></span> <span class='ocrx_word' id='word_1_403' title='bbox 3019 2681 3125 2733; x_wconf 88' lang='grc' dir='ltr'><strong>τοῦ</strong></span> <span class='ocrx_word' id='word_1_404' title='bbox 3174 2680 3324 2732; x_wconf 81' lang='grc' dir='ltr'>ναοῦ</span> <span class='ocrx_word' id='word_1_405' title='bbox 3372 2695 3490 2731; x_wconf 84' lang='grc' dir='ltr'><strong>σου</strong></span> <span class='ocrx_word' id='word_1_406' title='bbox 3527 2680 3656 2747; x_wconf 81' lang='grc' dir='ltr'>γὰρ,</span> 
     </span>
    </p>
   </div>
   <div class='ocr_carea' id='block_1_57' title="bbox 2085 2771 3660 2840">
    <p class='ocr_par' dir='ltr' id='par_1_57' title="bbox 2085 2771 3660 2840">
     <span class='ocr_line' id='line_1_58' title="bbox 2085 2771 3660 2840; baseline -0.004 -13"><span class='ocrx_word' id='word_1_407' title='bbox 2085 2775 2205 2827; x_wconf 50' lang='grc' dir='ltr'><strong>ἀντι⁵</strong></span> <span class='ocrx_word' id='word_1_408' title='bbox 2230 2775 2343 2838; x_wconf 89' lang='grc' dir='ltr'>τοῦ,</span> <span class='ocrx_word' id='word_1_409' title='bbox 2373 2776 2471 2826; x_wconf 73' lang='grc' dir='ltr'>Διὰ</span> <span class='ocrx_word' id='word_1_410' title='bbox 2496 2773 2591 2826; x_wconf 86' lang='grc' dir='ltr'><strong>τοῦ</strong></span> <span class='ocrx_word' id='word_1_411' title='bbox 2621 2774 2749 2827; x_wconf 90' lang='grc' dir='ltr'>ναοῦ</span> <span class='ocrx_word' id='word_1_412' title='bbox 2794 2791 2910 2839; x_wconf 90' lang='grc' dir='ltr'>σου,</span> <span class='ocrx_word' id='word_1_413' title='bbox 2982 2774 3076 2825; x_wconf 85' lang='grc' dir='ltr'><strong>τοῦ</strong></span> <span class='ocrx_word' id='word_1_414' title='bbox 3145 2773 3239 2823; x_wconf 74' lang='grc' dir='ltr'>ἐπὶ</span> <span class='ocrx_word' id='word_1_415' title='bbox 3304 2771 3660 2840; x_wconf 77' lang='grc' dir='ltr'>Ἰερουσαλὴμ</span> 
     </span>
    </p>
   </div>
   <div class='ocr_carea' id='block_1_58' title="bbox 2084 2864 3654 2936">
    <p class='ocr_par' dir='ltr' id='par_1_58' title="bbox 2084 2864 3654 2936">
     <span class='ocr_line' id='line_1_59' title="bbox 2084 2864 3654 2936; baseline -0.004 -16"><span class='ocrx_word' id='word_1_416' title='bbox 2084 2867 2527 2936; x_wconf 71' lang='grc' dir='ltr'>ἁναστραερέντος</span> <span class='ocrx_word' id='word_1_417' title='bbox 2579 2868 2673 2917; x_wconf 75' lang='grc' dir='ltr'><strong>καὶ</strong></span> <span class='ocrx_word' id='word_1_418' title='bbox 2722 2867 3058 2935; x_wconf 81' lang='grc' dir='ltr'>κηρύξαντος</span> <span class='ocrx_word' id='word_1_419' title='bbox 3086 2880 3099 2894; x_wconf 80' lang='grc'><strong><em>⁸</em></strong></span> <span class='ocrx_word' id='word_1_420' title='bbox 3145 2864 3279 2916; x_wconf 82' lang='grc' dir='ltr'><strong>Ἐπὶ</strong></span> <span class='ocrx_word' id='word_1_421' title='bbox 3326 2864 3481 2916; x_wconf 82' lang='grc' dir='ltr'>Σιὼν</span> <span class='ocrx_word' id='word_1_422' title='bbox 3527 2866 3654 2932; x_wconf 68' lang='grc' dir='ltr'>γὰρ,</span> 
     </span>
    </p>
   </div>
   <div class='ocr_carea' id='block_1_59' title="bbox 2084 2955 3655 3027">
    <p class='ocr_par' dir='ltr' id='par_1_59' title="bbox 2084 2955 3655 3027">
     <span class='ocr_line' id='line_1_60' title="bbox 2084 2955 3655 3027; baseline -0.001 -18"><span class='ocrx_word' id='word_1_423' title='bbox 2084 2960 2238 3027; x_wconf 72' lang='grc' dir='ltr'>φησὶ,</span> <span class='ocrx_word' id='word_1_424' title='bbox 2268 2958 2333 3011; x_wconf 84' lang='grc' dir='ltr'>τὸ</span> <span class='ocrx_word' id='word_1_425' title='bbox 2361 2958 2499 3025; x_wconf 78' lang='grc' dir='ltr'>ὄρος</span> <span class='ocrx_word' id='word_1_426' title='bbox 2547 2960 2611 3010; x_wconf 82' lang='grc' dir='ltr'>τὸ</span> <span class='ocrx_word' id='word_1_427' title='bbox 2674 2958 2845 3027; x_wconf 77' lang='grc' dir='ltr'>ἅγιον</span> <span class='ocrx_word' id='word_1_428' title='bbox 2894 2957 3103 3021; x_wconf 84' lang='grc' dir='ltr'>αὑτοῦ,</span> <span class='ocrx_word' id='word_1_429' title='bbox 3152 2955 3528 3025; x_wconf 63' lang='grc' dir='ltr'>διαγγέλλων</span> <span class='ocrx_word' id='word_1_430' title='bbox 3586 2956 3655 3007; x_wconf 80' lang='grc' dir='ltr'>τὸ</span> 
     </span>
    </p>
   </div>
   <div class='ocr_carea' id='block_1_60' title="bbox 408 3050 1987 3132">
    <p class='ocr_par' dir='ltr' id='par_1_60' title="bbox 408 3053 1986 3123">
     <span class='ocr_line' id='line_1_61' title="bbox 408 3053 1986 3123; baseline -0.001 -17"><span class='ocrx_word' id='word_1_431' title='bbox 408 3054 524 3121; x_wconf 84' lang='lat' dir='ltr'><strong>Ego</strong></span> <span class='ocrx_word' id='word_1_432' title='bbox 555 3056 715 3119; x_wconf 82' lang='lat' dir='ltr'><strong>enim,</strong></span> <span class='ocrx_word' id='word_1_433' title='bbox 752 3056 957 3123; x_wconf 87' lang='lat' dir='ltr'><strong>inquit,</strong></span> <span class='ocrx_word' id='word_1_434' title='bbox 992 3056 1314 3108; x_wconf 75' lang='lat' dir='ltr'><strong>constitutus</strong></span> <span class='ocrx_word' id='word_1_435' title='bbox 1349 3072 1464 3107; x_wconf 81' lang='lat' dir='ltr'><strong>sum</strong></span> <span class='ocrx_word' id='word_1_436' title='bbox 1501 3054 1613 3107; x_wconf 80' lang='lat' dir='ltr'><strong>Rex</strong></span> <span class='ocrx_word' id='word_1_437' title='bbox 1640 3053 1703 3105; x_wconf 90' lang='lat' dir='ltr'><strong>ab</strong></span> <span class='ocrx_word' id='word_1_438' title='bbox 1740 3069 1797 3106; x_wconf 87' lang='lat' dir='ltr'><strong>eo</strong></span> <span class='ocrx_word' id='word_1_439' title='bbox 1830 3070 1986 3120; x_wconf 81' lang='lat' dir='ltr'><strong>super</strong></span> 
     </span>
    </p>
   </div>
   <div class='ocr_carea' id='block_1_61' title="bbox 2091 3050 2706 3132">
    <p class='ocr_par' dir='ltr' id='par_1_61' title="bbox 2091 3050 2706 3118">
     <span class='ocr_line' id='line_1_62' title="bbox 2091 3050 2706 3118; baseline 0.005 -18"><span class='ocrx_word' id='word_1_440' title='bbox 2091 3050 2441 3118; x_wconf 76' lang='grc' dir='ltr'>πρόσταγμα</span> <span class='ocrx_word' id='word_1_441' title='bbox 2462 3050 2706 3116; x_wconf 80' lang='grc' dir='ltr'><strong>Κυρίου.</strong></span> 
     </span>
    </p>
   </div>
   <div class='ocr_carea' id='block_1_62' title="bbox 408 3142 1981 3211">
    <p class='ocr_par' dir='ltr' id='par_1_62' title="bbox 408 3142 1981 3211">
     <span class='ocr_line' id='line_1_63' title="bbox 408 3142 1981 3211; baseline -0.001 -15"><span class='ocrx_word' id='word_1_442' title='bbox 408 3142 536 3196; x_wconf 85' lang='lat' dir='ltr'><strong>Sion</strong></span> <span class='ocrx_word' id='word_1_443' title='bbox 580 3154 807 3197; x_wconf 84' lang='lat' dir='ltr'><strong>montem</strong></span> <span class='ocrx_word' id='word_1_444' title='bbox 854 3156 1098 3197; x_wconf 71' lang='lat' dir='ltr'><strong>sanctum</strong></span> <span class='ocrx_word' id='word_1_445' title='bbox 1154 3145 1290 3210; x_wconf 80' lang='lat' dir='ltr'><strong>eius,</strong></span> <span class='ocrx_word' id='word_1_446' title='bbox 1323 3145 1615 3211; x_wconf 68' lang='lat' dir='ltr'><strong>pra&#39;dicans</strong></span> <span class='ocrx_word' id='word_1_447' title='bbox 1667 3153 1981 3210; x_wconf 79' lang='lat' dir='ltr'><strong>prwceptum</strong></span> 
     </span>
    </p>
   </div>
   <div class='ocr_carea' id='block_1_63' title="bbox 408 3234 633 3301">
    <p class='ocr_par' dir='ltr' id='par_1_63' title="bbox 408 3234 633 3301">
     <span class='ocr_line' id='line_1_64' title="bbox 408 3234 633 3301; baseline -0.004 -14"><span class='ocrx_word' id='word_1_448' title='bbox 408 3234 524 3301; x_wconf 73' lang='lat' dir='ltr'><strong>(jus</strong></span> <span class='ocrx_word' id='word_1_449' title='bbox 565 3235 633 3286; x_wconf 66' lang='lat'><strong>&#39;9.</strong></span> 
     </span>
    </p>
   </div>
   <div class='ocr_carea' id='block_1_64' title="bbox 480 3324 1975 3393">
    <p class='ocr_par' dir='ltr' id='par_1_64' title="bbox 480 3324 1975 3393">
     <span class='ocr_line' id='line_1_65' title="bbox 480 3324 1975 3393; baseline 0.005 -18"><span class='ocrx_word' id='word_1_450' title='bbox 480 3324 597 3378; x_wconf 86' lang='lat' dir='ltr'><strong>Tibi</strong></span> <span class='ocrx_word' id='word_1_451' title='bbox 632 3325 853 3392; x_wconf 77' lang='lat' dir='ltr'><strong>offerent</strong></span> <span class='ocrx_word' id='word_1_452' title='bbox 916 3341 1064 3393; x_wconf 81' lang='lat' dir='ltr'><strong>reges</strong></span> <span class='ocrx_word' id='word_1_453' title='bbox 1119 3341 1362 3380; x_wconf 84' lang='lat' dir='ltr'><strong>munera.</strong></span> <span class='ocrx_word' id='word_1_454' title='bbox 1415 3325 1668 3381; x_wconf 84' lang='lat' dir='ltr'><strong>Gentium</strong></span> <span class='ocrx_word' id='word_1_455' title='bbox 1713 3330 1975 3382; x_wconf 89' lang='lat' dir='ltr'><strong>nimirum</strong></span> 
     </span>
    </p>
   </div>
   <div class='ocr_carea' id='block_1_65' title="bbox 406 3418 1982 3490">
    <p class='ocr_par' dir='ltr' id='par_1_65' title="bbox 406 3418 1982 3490">
     <span class='ocr_line' id='line_1_66' title="bbox 406 3418 1982 3490; baseline 0.002 -19"><span class='ocrx_word' id='word_1_456' title='bbox 406 3434 585 3487; x_wconf 76' lang='lat' dir='ltr'><strong>reges.</strong></span> <span class='ocrx_word' id='word_1_457' title='bbox 640 3419 863 3472; x_wconf 76' lang='lat' dir='ltr'><strong>Munera</strong></span> <span class='ocrx_word' id='word_1_458' title='bbox 920 3429 1126 3480; x_wconf 83' lang='lat' dir='ltr'><strong>autem,</strong></span> <span class='ocrx_word' id='word_1_459' title='bbox 1173 3432 1296 3486; x_wconf 76' lang='lat' dir='ltr'><strong>qua:</strong></span> <span class='ocrx_word' id='word_1_460' title='bbox 1339 3418 1661 3471; x_wconf 87' lang='lat' dir='ltr'><strong>obtulerunt</strong></span> <span class='ocrx_word' id='word_1_461' title='bbox 1697 3419 1751 3472; x_wconf 93' lang='lat' dir='ltr'><strong>hi</strong></span> <span class='ocrx_word' id='word_1_462' title='bbox 1804 3434 1982 3490; x_wconf 80' lang='lat' dir='ltr'><strong>reges,</strong></span> 
     </span>
    </p>
   </div>
   <div class='ocr_carea' id='block_1_66' title="bbox 408 3508 1979 3580">
    <p class='ocr_par' dir='ltr' id='par_1_66' title="bbox 408 3508 1979 3580">
     <span class='ocr_line' id='line_1_67' title="bbox 408 3508 1979 3580; baseline -0.001 -13"><span class='ocrx_word' id='word_1_463' title='bbox 408 3513 609 3580; x_wconf 86' lang='lat' dir='ltr'><strong>templa</strong></span> <span class='ocrx_word' id='word_1_464' title='bbox 652 3519 803 3575; x_wconf 89' lang='lat' dir='ltr'><strong>sunt,</strong></span> <span class='ocrx_word' id='word_1_465' title='bbox 835 3518 889 3562; x_wconf 91' lang='lat' dir='ltr'><strong>et</strong></span> <span class='ocrx_word' id='word_1_466' title='bbox 924 3510 1128 3578; x_wconf 85' lang='lat' dir='ltr'><strong>praedia</strong></span> <span class='ocrx_word' id='word_1_467' title='bbox 1159 3509 1269 3563; x_wconf 85' lang='lat' dir='ltr'><strong>Deo</strong></span> <span class='ocrx_word' id='word_1_468' title='bbox 1310 3508 1517 3575; x_wconf 87' lang='lat' dir='ltr'><strong>dicata,</strong></span> <span class='ocrx_word' id='word_1_469' title='bbox 1565 3517 1619 3563; x_wconf 92' lang='lat' dir='ltr'><strong>et</strong></span> <span class='ocrx_word' id='word_1_470' title='bbox 1671 3512 1822 3565; x_wconf 87' lang='lat' dir='ltr'><strong>varia</strong></span> <span class='ocrx_word' id='word_1_471' title='bbox 1868 3514 1979 3566; x_wconf 85' lang='lat' dir='ltr'><strong>alia</strong></span> 
     </span>
    </p>
   </div>
   <div class='ocr_carea' id='block_1_67' title="bbox 409 3600 1980 3667">
    <p class='ocr_par' dir='ltr' id='par_1_67' title="bbox 409 3600 1980 3667">
     <span class='ocr_line' id='line_1_68' title="bbox 409 3600 1980 3667; baseline 0.001 -13"><span class='ocrx_word' id='word_1_472' title='bbox 409 3603 549 3655; x_wconf 87' lang='lat' dir='ltr'><strong>dona</strong></span> <span class='ocrx_word' id='word_1_473' title='bbox 591 3602 660 3653; x_wconf 91' lang='lat' dir='ltr'><strong>ab</strong></span> <span class='ocrx_word' id='word_1_474' title='bbox 692 3602 773 3654; x_wconf 90' lang='lat' dir='ltr'><strong>eis</strong></span> <span class='ocrx_word' id='word_1_475' title='bbox 808 3600 997 3653; x_wconf 91' lang='lat' dir='ltr'><strong>divino</strong></span> <span class='ocrx_word' id='word_1_476' title='bbox 1026 3600 1200 3653; x_wconf 90' lang='lat' dir='ltr'><strong>cultui</strong></span> <span class='ocrx_word' id='word_1_477' title='bbox 1241 3601 1328 3667; x_wconf 88' lang='lat' dir='ltr'><strong>pie</strong></span> <span class='ocrx_word' id='word_1_478' title='bbox 1380 3600 1586 3655; x_wconf 88' lang='lat' dir='ltr'><strong>oblata.</strong></span> <span class='ocrx_word' id='word_1_479' title='bbox 1640 3600 1763 3655; x_wconf 72' lang='lat' dir='ltr'><strong>llzee</strong></span> <span class='ocrx_word' id='word_1_480' title='bbox 1800 3612 1980 3657; x_wconf 88' lang='lat' dir='ltr'><strong>autem</strong></span> 
     </span>
    </p>
   </div>
   <div class='ocr_carea' id='block_1_68' title="bbox 412 3690 1981 3759">
    <p class='ocr_par' dir='ltr' id='par_1_68' title="bbox 412 3690 1981 3759">
     <span class='ocr_line' id='line_1_69' title="bbox 412 3690 1981 3759; baseline 0.002 -16"><span class='ocrx_word' id='word_1_481' title='bbox 412 3708 640 3746; x_wconf 86' lang='lat' dir='ltr'><strong>munera</strong></span> <span class='ocrx_word' id='word_1_482' title='bbox 692 3692 877 3743; x_wconf 87' lang='lat' dir='ltr'><strong>statim</strong></span> <span class='ocrx_word' id='word_1_483' title='bbox 907 3690 1160 3753; x_wconf 73' lang='lat' dir='ltr'><strong>oﬂ‘erent,</strong></span> <span class='ocrx_word' id='word_1_484' title='bbox 1196 3706 1321 3743; x_wconf 90' lang='lat' dir='ltr'><strong>cum</strong></span> <span class='ocrx_word' id='word_1_485' title='bbox 1359 3692 1595 3759; x_wconf 90' lang='lat' dir='ltr'><strong>primum</strong></span> <span class='ocrx_word' id='word_1_486' title='bbox 1626 3703 1675 3745; x_wconf 87' lang='lat' dir='ltr'><strong>te</strong></span> <span class='ocrx_word' id='word_1_487' title='bbox 1699 3695 1981 3747; x_wconf 85' lang='lat' dir='ltr'><strong>immorta-</strong></span> 
     </span>
    </p>
   </div>
   <div class='ocr_carea' id='block_1_69' title="bbox 407 3780 1980 3854">
    <p class='ocr_par' dir='ltr' id='par_1_69' title="bbox 407 3780 1980 3854">
     <span class='ocr_line' id='line_1_70' title="bbox 407 3780 1980 3854; baseline 0.003 -20"><span class='ocrx_word' id='word_1_488' title='bbox 407 3782 513 3835; x_wconf 79' lang='lat' dir='ltr'><strong>lem</strong></span> <span class='ocrx_word' id='word_1_489' title='bbox 573 3798 767 3835; x_wconf 90' lang='lat' dir='ltr'><strong>eorum</strong></span> <span class='ocrx_word' id='word_1_490' title='bbox 826 3797 949 3835; x_wconf 86' lang='lat' dir='ltr'><strong>esse</strong></span> <span class='ocrx_word' id='word_1_491' title='bbox 1016 3780 1239 3849; x_wconf 71' lang='lat' dir='ltr'><strong>Regem,</strong></span> <span class='ocrx_word' id='word_1_492' title='bbox 1282 3790 1335 3834; x_wconf 90' lang='lat' dir='ltr'><strong>et</strong></span> <span class='ocrx_word' id='word_1_493' title='bbox 1384 3781 1552 3835; x_wconf 83' lang='lat' dir='ltr'><strong>Deum</strong></span> <span class='ocrx_word' id='word_1_494' title='bbox 1601 3787 1980 3854; x_wconf 79' lang='lat' dir='ltr'><strong>cognoverint.</strong></span> 
     </span>
    </p>
   </div>
   <div class='ocr_carea' id='block_1_70' title="bbox 410 3874 1987 3942">
    <p class='ocr_par' dir='ltr' id='par_1_70' title="bbox 410 3874 1987 3942">
     <span class='ocr_line' id='line_1_71' title="bbox 410 3874 1987 3942; baseline 0.002 -15"><span class='ocrx_word' id='word_1_495' title='bbox 410 3874 738 3940; x_wconf 81' lang='lat' dir='ltr'><strong>Quanquam</strong></span> <span class='ocrx_word' id='word_1_496' title='bbox 780 3883 834 3927; x_wconf 89' lang='lat' dir='ltr'><strong>et</strong></span> <span class='ocrx_word' id='word_1_497' title='bbox 878 3874 1169 3925; x_wconf 89' lang='lat' dir='ltr'><strong>immntato</strong></span> <span class='ocrx_word' id='word_1_498' title='bbox 1201 3874 1605 3928; x_wconf 81' lang='lat' dir='ltr'><strong>versiculorum</strong></span> <span class='ocrx_word' id='word_1_499' title='bbox 1639 3877 1854 3942; x_wconf 80' lang='lat' dir='ltr'><strong>ordine,</strong></span> <span class='ocrx_word' id='word_1_500' title='bbox 1884 3878 1987 3931; x_wconf 81' lang='lat' dir='ltr'><strong>ali-</strong></span> 
     </span>
    </p>
   </div>
   <div class='ocr_carea' id='block_1_71' title="bbox 412 3964 1985 4034">
    <p class='ocr_par' dir='ltr' id='par_1_71' title="bbox 412 3964 1985 4034">
     <span class='ocr_line' id='line_1_72' title="bbox 412 3964 1985 4034; baseline 0.003 -19"><span class='ocrx_word' id='word_1_501' title='bbox 412 3972 494 4015; x_wconf 87' lang='lat' dir='ltr'><strong>ter</strong></span> <span class='ocrx_word' id='word_1_502' title='bbox 523 3964 798 4031; x_wconf 82' lang='lat' dir='ltr'><strong>possimus</strong></span> <span class='ocrx_word' id='word_1_503' title='bbox 857 3976 1156 4029; x_wconf 78' lang='lat' dir='ltr'><strong>exponere,</strong></span> <span class='ocrx_word' id='word_1_504' title='bbox 1211 3971 1269 4013; x_wconf 91' lang='lat' dir='ltr'><strong>ut</strong></span> <span class='ocrx_word' id='word_1_505' title='bbox 1327 3977 1526 4016; x_wconf 87' lang='lat' dir='ltr'><strong>sensus</strong></span> <span class='ocrx_word' id='word_1_506' title='bbox 1584 3966 1701 4017; x_wconf 91' lang='lat' dir='ltr'><strong>sit:</strong></span> <span class='ocrx_word' id='word_1_507' title='bbox 1752 3965 1985 4034; x_wconf 52' lang='lat' dir='ltr'><strong>Ab;boc</strong></span> 
     </span>
    </p>
   </div>
   <div class='ocr_carea' id='block_1_72' title="bbox 414 4054 1983 4123">
    <p class='ocr_par' dir='ltr' id='par_1_72' title="bbox 414 4054 1983 4123">
     <span class='ocr_line' id='line_1_73' title="bbox 414 4054 1983 4123; baseline 0.004 -18"><span class='ocrx_word' id='word_1_508' title='bbox 414 4057 665 4107; x_wconf 86' lang='lat' dir='ltr'><strong>terrestri</strong></span> <span class='ocrx_word' id='word_1_509' title='bbox 705 4063 802 4106; x_wconf 93' lang='lat' dir='ltr'><strong>tuo</strong></span> <span class='ocrx_word' id='word_1_510' title='bbox 851 4054 1078 4121; x_wconf 84' lang='lat' dir='ltr'><strong>templo,</strong></span> <span class='ocrx_word' id='word_1_511' title='bbox 1136 4067 1291 4122; x_wconf 81' lang='lat' dir='ltr'><strong>rcges</strong></span> <span class='ocrx_word' id='word_1_512' title='bbox 1350 4054 1524 4109; x_wconf 81' lang='lat' dir='ltr'><strong>ferent</strong></span> <span class='ocrx_word' id='word_1_513' title='bbox 1584 4058 1679 4109; x_wconf 85' lang='lat' dir='ltr'><strong>tibi</strong></span> <span class='ocrx_word' id='word_1_514' title='bbox 1730 4058 1892 4123; x_wconf 90' lang='lat' dir='ltr'><strong>dona,</strong></span> <span class='ocrx_word' id='word_1_515' title='bbox 1927 4060 1983 4112; x_wconf 92' lang='lat' dir='ltr'><strong>in</strong></span> 
     </span>
    </p>
   </div>
   <div class='ocr_carea' id='block_1_73' title="bbox 414 4143 1983 4213">
    <p class='ocr_par' dir='ltr' id='par_1_73' title="bbox 414 4143 1983 4213">
     <span class='ocr_line' id='line_1_74' title="bbox 414 4143 1983 4213; baseline 0.003 -16"><span class='ocrx_word' id='word_1_516' title='bbox 414 4158 710 4211; x_wconf 83' lang='lat' dir='ltr'><strong>Supernam</strong></span> <span class='ocrx_word' id='word_1_517' title='bbox 746 4143 1055 4198; x_wconf 79' lang='lat' dir='ltr'><strong>Jerusalem</strong></span> <span class='ocrx_word' id='word_1_518' title='bbox 1085 4161 1100 4198; x_wconf 88' lang='lat'><strong>:</strong></span> <span class='ocrx_word' id='word_1_519' title='bbox 1128 4146 1256 4213; x_wconf 87' lang='lat' dir='ltr'><strong>quia</strong></span> <span class='ocrx_word' id='word_1_520' title='bbox 1290 4161 1385 4213; x_wconf 89' lang='lat' dir='ltr'><strong>per</strong></span> <span class='ocrx_word' id='word_1_521' title='bbox 1410 4149 1751 4200; x_wconf 79' lang='lat' dir='ltr'><strong>terrestrium</strong></span> <span class='ocrx_word' id='word_1_522' title='bbox 1787 4150 1983 4203; x_wconf 89' lang='lat' dir='ltr'><strong>horum</strong></span> 
     </span>
    </p>
   </div>
   <div class='ocr_carea' id='block_1_74' title="bbox 418 4239 1985 4313">
    <p class='ocr_par' dir='ltr' id='par_1_74' title="bbox 418 4239 1985 4313">
     <span class='ocr_line' id='line_1_75' title="bbox 418 4239 1985 4313; baseline 0.007 -25"><span class='ocrx_word' id='word_1_523' title='bbox 418 4253 711 4291; x_wconf 88' lang='lat' dir='ltr'><strong>munerum</strong></span> <span class='ocrx_word' id='word_1_524' title='bbox 776 4239 1131 4301; x_wconf 87' lang='lat' dir='ltr'><strong>oblationem,</strong></span> <span class='ocrx_word' id='word_1_525' title='bbox 1174 4255 1460 4295; x_wconf 88' lang='lat' dir='ltr'><strong>accessum</strong></span> <span class='ocrx_word' id='word_1_526' title='bbox 1494 4250 1548 4295; x_wconf 90' lang='lat' dir='ltr'><strong>et</strong></span> <span class='ocrx_word' id='word_1_527' title='bbox 1584 4244 1813 4311; x_wconf 79' lang='lat' dir='ltr'><strong>gratiam</strong></span> <span class='ocrx_word' id='word_1_528' title='bbox 1842 4245 1985 4313; x_wconf 88' lang='lat' dir='ltr'><strong>apud</strong></span> 
     </span>
    </p>
   </div>
   <div class='ocr_carea' id='block_1_75' title="bbox 412 4330 1313 4398">
    <p class='ocr_par' dir='ltr' id='par_1_75' title="bbox 412 4330 1313 4398">
     <span class='ocr_line' id='line_1_76' title="bbox 412 4330 1313 4398; baseline 0.001 -16"><span class='ocrx_word' id='word_1_529' title='bbox 412 4330 581 4383; x_wconf 76' lang='lat' dir='ltr'><strong>Deum</strong></span> <span class='ocrx_word' id='word_1_530' title='bbox 610 4330 663 4383; x_wconf 90' lang='lat' dir='ltr'><strong>in</strong></span> <span class='ocrx_word' id='word_1_531' title='bbox 697 4330 838 4384; x_wconf 67' lang='lat' dir='ltr'><strong>caelo</strong></span> <span class='ocrx_word' id='word_1_532' title='bbox 879 4341 1313 4398; x_wconf 87' lang='lat' dir='ltr'><strong>consequentur.</strong></span> 
     </span>
    </p>
   </div>
   <div class='ocr_carea' id='block_1_76' title="bbox 487 4399 2066 4488">
    <p class='ocr_par' dir='ltr' id='par_1_76' title="bbox 487 4399 2066 4488">
     <span class='ocr_line' id='line_1_77' title="bbox 487 4399 2066 4488; baseline 0.006 -19"><span class='ocrx_word' id='word_1_533' title='bbox 487 4417 648 4472; x_wconf 73' lang='lat' dir='ltr'><strong>Vens.</strong></span> <span class='ocrx_word' id='word_1_534' title='bbox 686 4421 775 4473; x_wconf 78' lang='lat'><strong>5|.</strong></span> <span class='ocrx_word' id='word_1_535' title='bbox 810 4417 1031 4487; x_wconf 77' lang='lat' dir='ltr'><strong>Increpa</strong></span> <span class='ocrx_word' id='word_1_536' title='bbox 1066 4421 1207 4488; x_wconf 76' lang='lat' dir='ltr'><strong>[cras</strong></span> <span class='ocrx_word' id='word_1_537' title='bbox 1247 4422 1547 4475; x_wconf 81' lang='lat' dir='ltr'><strong>arundinis.</strong></span> <span class='ocrx_word' id='word_1_538' title='bbox 1596 4422 1703 4477; x_wconf 89' lang='lat' dir='ltr'><strong>Fac</strong></span> <span class='ocrx_word' id='word_1_539' title='bbox 1731 4424 1987 4479; x_wconf 84' lang='lat' dir='ltr'><strong>obmute-</strong></span> <span class='ocrx_word' id='word_1_540' title='bbox 2016 4399 2066 4458; x_wconf 71' lang='grc' dir='ltr'><strong>θ</strong></span> 
     </span>
    </p>
   </div>
   <div class='ocr_carea' id='block_1_77' title="bbox 1613 4514 1995 4569">
    <p class='ocr_par' dir='ltr' id='par_1_77' title="bbox 1613 4514 1995 4569">
     <span class='ocr_line' id='line_1_78' title="bbox 1613 4514 1995 4569; baseline 0.003 -3"><span class='ocrx_word' id='word_1_541' title='bbox 1613 4514 1850 4569; x_wconf 87' lang='lat' dir='ltr'><strong>immites</strong></span> <span class='ocrx_word' id='word_1_542' title='bbox 1910 4516 1995 4569; x_wconf 90' lang='lat' dir='ltr'><strong>ni-</strong></span> 
     </span>
    </p>
   </div>
   <div class='ocr_carea' id='block_1_78' title="bbox 412 4602 2000 4672">
    <p class='ocr_par' dir='ltr' id='par_1_78' title="bbox 412 4602 2000 4672">
     <span class='ocr_line' id='line_1_79' title="bbox 412 4602 2000 4672; baseline 0.006 -20"><span class='ocrx_word' id='word_1_543' title='bbox 412 4602 611 4653; x_wconf 85' lang='lat' dir='ltr'><strong>mirum</strong></span> <span class='ocrx_word' id='word_1_544' title='bbox 648 4617 710 4653; x_wconf 87' lang='lat' dir='ltr'><strong>ac</strong></span> <span class='ocrx_word' id='word_1_545' title='bbox 743 4617 921 4655; x_wconf 52' lang='lat' dir='ltr'><strong>saevos</strong></span> <span class='ocrx_word' id='word_1_546' title='bbox 970 4604 1268 4667; x_wconf 65' lang='lat' dir='ltr'><strong>«laeniones,</strong></span> <span class='ocrx_word' id='word_1_547' title='bbox 1303 4604 1394 4671; x_wconf 86' lang='lat' dir='ltr'><strong>qui</strong></span> <span class='ocrx_word' id='word_1_548' title='bbox 1434 4604 1843 4672; x_wconf 84' lang='lat' dir='ltr'><strong>velutiquidam</strong></span> <span class='ocrx_word' id='word_1_549' title='bbox 1886 4607 2000 4661; x_wconf 86' lang='lat' dir='ltr'><strong>leo-</strong></span> 
     </span>
    </p>
   </div>
   <div class='ocr_carea' id='block_1_79' title="bbox 414 4512 1557 4578">
    <p class='ocr_par' dir='ltr' id='par_1_79' title="bbox 414 4512 1557 4578">
     <span class='ocr_line' id='line_1_80' title="bbox 414 4512 1557 4578; baseline 0 -15"><span class='ocrx_word' id='word_1_550' title='bbox 414 4525 592 4571; x_wconf 79' lang='lat' dir='ltr'><strong>scere,</strong></span> <span class='ocrx_word' id='word_1_551' title='bbox 620 4512 816 4578; x_wconf 84' lang='lat' dir='ltr'><strong>inquit,</strong></span> <span class='ocrx_word' id='word_1_552' title='bbox 862 4512 1263 4565; x_wconf 80' lang='lat' dir='ltr'><strong>iutellcctualcs</strong></span> <span class='ocrx_word' id='word_1_553' title='bbox 1322 4519 1505 4566; x_wconf 86' lang='lat' dir='ltr'><strong>leones</strong></span> <span class='ocrx_word' id='word_1_554' title='bbox 1544 4529 1557 4563; x_wconf 91' lang='lat'>:</span> 
     </span>
    </p>
   </div>
   <div class='ocr_carea' id='block_1_80' title="bbox 2147 3329 3663 3402">
    <p class='ocr_par' dir='ltr' id='par_1_80' title="bbox 2147 3329 3663 3402">
     <span class='ocr_line' id='line_1_81' title="bbox 2147 3329 3663 3402; baseline 0.004 -22"><span class='ocrx_word' id='word_1_555' title='bbox 2147 3329 2247 3381; x_wconf 81' lang='grc' dir='ltr'><strong>Σοὶ</strong></span> <span class='ocrx_word' id='word_1_556' title='bbox 2282 3330 2526 3383; x_wconf 75' lang='grc' dir='ltr'>οἴσουσι</span> <span class='ocrx_word' id='word_1_557' title='bbox 2549 3331 2832 3397; x_wconf 74' lang='grc' dir='ltr'>,Βασιλεῖς</span> <span class='ocrx_word' id='word_1_558' title='bbox 2891 3332 3070 3400; x_wconf 76' lang='grc' dir='ltr'>δῶρα.</span> <span class='ocrx_word' id='word_1_559' title='bbox 3129 3333 3193 3386; x_wconf 77' lang='grc' dir='ltr'><strong>Οἱ</strong></span> <span class='ocrx_word' id='word_1_560' title='bbox 3250 3333 3487 3402; x_wconf 62' lang='grc' dir='ltr'>βασιλεῖς</span> <span class='ocrx_word' id='word_1_561' title='bbox 3554 3334 3663 3386; x_wconf 87' lang='grc' dir='ltr'><strong>τῶν</strong></span> 
     </span>
    </p>
   </div>
   <div class='ocr_carea' id='block_1_81' title="bbox 2088 3419 3661 3496">
    <p class='ocr_par' dir='ltr' id='par_1_81' title="bbox 2088 3419 3661 3496">
     <span class='ocr_line' id='line_1_82' title="bbox 2088 3419 3661 3496; baseline 0.003 -26"><span class='ocrx_word' id='word_1_562' title='bbox 2088 3419 2405 3489; x_wconf 82' lang='grc' dir='ltr'>ἁπανταχοῦ</span> <span class='ocrx_word' id='word_1_563' title='bbox 2424 3419 2615 3473; x_wconf 83' lang='grc' dir='ltr'>ἐθνῶν.</span> <span class='ocrx_word' id='word_1_564' title='bbox 2633 3422 2791 3490; x_wconf 89' lang='grc' dir='ltr'>Δῶρα</span> <span class='ocrx_word' id='word_1_565' title='bbox 2816 3422 2872 3473; x_wconf 81' lang='grc' dir='ltr'><strong>δὲ</strong></span> <span class='ocrx_word' id='word_1_566' title='bbox 2896 3424 2944 3474; x_wconf 75' lang='grc' dir='ltr'>οἱ</span> <span class='ocrx_word' id='word_1_567' title='bbox 2988 3423 3129 3488; x_wconf 77' lang='grc' dir='ltr'>ναοὶ,</span> <span class='ocrx_word' id='word_1_568' title='bbox 3179 3425 3273 3477; x_wconf 71' lang='grc' dir='ltr'>καὶ</span> <span class='ocrx_word' id='word_1_569' title='bbox 3298 3424 3364 3476; x_wconf 74' lang='grc' dir='ltr'>τὰ</span> <span class='ocrx_word' id='word_1_570' title='bbox 3396 3424 3661 3496; x_wconf 84' lang='grc' dir='ltr'>καθιερω-</span> 
     </span>
    </p>
   </div>
   <div class='ocr_carea' id='block_1_82' title="bbox 2089 3512 3663 3586">
    <p class='ocr_par' dir='ltr' id='par_1_82' title="bbox 2089 3512 3663 3586">
     <span class='ocr_line' id='line_1_83' title="bbox 2089 3512 3663 3586; baseline 0.004 -23"><span class='ocrx_word' id='word_1_571' title='bbox 2089 3512 2247 3564; x_wconf 86' lang='grc' dir='ltr'>θέντα</span> <span class='ocrx_word' id='word_1_572' title='bbox 2281 3512 2491 3574; x_wconf 75' lang='grc' dir='ltr'>τούτοις</span> <span class='ocrx_word' id='word_1_573' title='bbox 2521 3516 2719 3583; x_wconf 85' lang='grc' dir='ltr'>χωρία,</span> <span class='ocrx_word' id='word_1_574' title='bbox 2741 3515 2835 3567; x_wconf 85' lang='grc' dir='ltr'>καὶ</span> <span class='ocrx_word' id='word_1_575' title='bbox 2866 3515 2932 3566; x_wconf 81' lang='grc' dir='ltr'><strong>τὰ</strong></span> <span class='ocrx_word' id='word_1_576' title='bbox 2970 3517 3287 3569; x_wconf 77' lang='grc' dir='ltr'>παντοδαπὰ</span> <span class='ocrx_word' id='word_1_577' title='bbox 3309 3518 3663 3586; x_wconf 80' lang='grc' dir='ltr'>ἀναθήματα.</span> 
     </span>
    </p>
   </div>
   <div class='ocr_carea' id='block_1_83' title="bbox 2089 3605 3667 3678">
    <p class='ocr_par' dir='ltr' id='par_1_83' title="bbox 2089 3605 3667 3678">
     <span class='ocr_line' id='line_1_84' title="bbox 2089 3605 3667 3678; baseline 0.004 -23"><span class='ocrx_word' id='word_1_578' title='bbox 2089 3605 2309 3656; x_wconf 79' lang='grc' dir='ltr'>Οῐσουσι</span> <span class='ocrx_word' id='word_1_579' title='bbox 2339 3606 2397 3658; x_wconf 85' lang='grc' dir='ltr'><strong>δὲ</strong></span> <span class='ocrx_word' id='word_1_580' title='bbox 2442 3606 2635 3669; x_wconf 85' lang='grc' dir='ltr'>ταῦτα,</span> <span class='ocrx_word' id='word_1_581' title='bbox 2680 3608 2994 3675; x_wconf 77' lang='grc' dir='ltr'>ἐπιγνόντες</span> <span class='ocrx_word' id='word_1_582' title='bbox 3062 3611 3119 3660; x_wconf 83' lang='grc' dir='ltr'><strong>σὲ</strong></span> <span class='ocrx_word' id='word_1_583' title='bbox 3173 3608 3397 3678; x_wconf 80' lang='grc' dir='ltr'>βασιλέα</span> <span class='ocrx_word' id='word_1_584' title='bbox 3458 3610 3667 3662; x_wconf 76' lang='grc' dir='ltr'>ἑαυτῶν</span> 
     </span>
    </p>
   </div>
   <div class='ocr_carea' id='block_1_84' title="bbox 2088 3696 3666 3763">
    <p class='ocr_par' dir='ltr' id='par_1_84' title="bbox 2088 3696 3666 3763">
     <span class='ocr_line' id='line_1_85' title="bbox 2088 3696 3666 3763; baseline 0.004 -15"><span class='ocrx_word' id='word_1_585' title='bbox 2088 3696 2379 3761; x_wconf 78' lang='grc' dir='ltr'>ἀθάνατον,</span> <span class='ocrx_word' id='word_1_586' title='bbox 2440 3699 2516 3759; x_wconf 84' lang='grc' dir='ltr'>ὡς</span> <span class='ocrx_word' id='word_1_587' title='bbox 2570 3700 2724 3752; x_wconf 87' lang='grc' dir='ltr'>Θεόν.</span> <span class='ocrx_word' id='word_1_588' title='bbox 2784 3701 3004 3752; x_wconf 82' lang='grc' dir='ltr'>Νοείται</span> <span class='ocrx_word' id='word_1_589' title='bbox 3066 3701 3119 3753; x_wconf 81' lang='grc' dir='ltr'><strong>δὲ</strong></span> <span class='ocrx_word' id='word_1_590' title='bbox 3177 3703 3269 3753; x_wconf 76' lang='grc' dir='ltr'>καὶ</span> <span class='ocrx_word' id='word_1_591' title='bbox 3308 3701 3481 3763; x_wconf 82' lang='grc' dir='ltr'>ἄλλως</span> <span class='ocrx_word' id='word_1_592' title='bbox 3539 3702 3666 3753; x_wconf 80' lang='grc' dir='ltr'>κατ’</span> 
     </span>
    </p>
   </div>
   <div class='ocr_carea' id='block_1_85' title="bbox 2087 3786 3669 3861">
    <p class='ocr_par' dir='ltr' id='par_1_85' title="bbox 2087 3786 3669 3861">
     <span class='ocr_line' id='line_1_86' title="bbox 2087 3786 3669 3861; baseline 0.001 -21"><span class='ocrx_word' id='word_1_593' title='bbox 2087 3786 2389 3855; x_wconf 75' lang='grc' dir='ltr'>ἐναλλαγὴν</span> <span class='ocrx_word' id='word_1_594' title='bbox 2434 3789 2543 3841; x_wconf 87' lang='grc' dir='ltr'><strong>τῶν</strong></span> <span class='ocrx_word' id='word_1_595' title='bbox 2591 3791 2796 3859; x_wconf 78' lang='grc' dir='ltr'>ῥητῶν,</span> <span class='ocrx_word' id='word_1_596' title='bbox 2860 3791 2942 3842; x_wconf 81' lang='grc' dir='ltr'>ὅτι</span> <span class='ocrx_word' id='word_1_597' title='bbox 2983 3791 3119 3844; x_wconf 82' lang='grc' dir='ltr'><strong>Ἀπὸ</strong></span> <span class='ocrx_word' id='word_1_598' title='bbox 3140 3790 3232 3842; x_wconf 85' lang='grc' dir='ltr'><strong>τοῦ</strong></span> <span class='ocrx_word' id='word_1_599' title='bbox 3280 3793 3421 3843; x_wconf 78' lang='grc' dir='ltr'>κατὰ</span> <span class='ocrx_word' id='word_1_600' title='bbox 3481 3790 3669 3861; x_wconf 78' lang='grc' dir='ltr'>χώραν</span> 
     </span>
    </p>
   </div>
   <div class='ocr_carea' id='block_1_86' title="bbox 2089 3877 3667 3950">
    <p class='ocr_par' dir='ltr' id='par_1_86' title="bbox 2089 3877 3667 3950">
     <span class='ocr_line' id='line_1_87' title="bbox 2089 3877 3667 3950; baseline -0.001 -19"><span class='ocrx_word' id='word_1_601' title='bbox 2089 3877 2217 3931; x_wconf 80' lang='grc' dir='ltr'>ναοῦ</span> <span class='ocrx_word' id='word_1_602' title='bbox 2232 3894 2325 3929; x_wconf 89' lang='grc' dir='ltr'><strong>σου</strong></span> <span class='ocrx_word' id='word_1_603' title='bbox 2352 3877 2445 3929; x_wconf 71' lang='grc' dir='ltr'><strong>ἐπὶ</strong></span> <span class='ocrx_word' id='word_1_604' title='bbox 2477 3878 2576 3946; x_wconf 80' lang='grc' dir='ltr'>τὴν</span> <span class='ocrx_word' id='word_1_605' title='bbox 2607 3878 2721 3931; x_wconf 83' lang='grc' dir='ltr'>ἄνω</span> <span class='ocrx_word' id='word_1_606' title='bbox 2751 3878 3127 3950; x_wconf 82' lang='grc' dir='ltr'>Ἰερουσαλὴμ,</span> <span class='ocrx_word' id='word_1_607' title='bbox 3151 3881 3359 3932; x_wconf 73' lang='grc' dir='ltr'>οἴσουσε</span> <span class='ocrx_word' id='word_1_608' title='bbox 3384 3897 3466 3932; x_wconf 91' lang='grc' dir='ltr'><strong>σοι</strong></span> <span class='ocrx_word' id='word_1_609' title='bbox 3492 3882 3667 3949; x_wconf 60' lang='grc' dir='ltr'>δῶρα,</span> 
     </span>
    </p>
   </div>
   <div class='ocr_carea' id='block_1_87' title="bbox 2088 3968 3668 4041">
    <p class='ocr_par' dir='ltr' id='par_1_87' title="bbox 2088 3968 3668 4041">
     <span class='ocr_line' id='line_1_88' title="bbox 2088 3968 3668 4041; baseline 0.003 -21"><span class='ocrx_word' id='word_1_610' title='bbox 2088 3969 2136 4020; x_wconf 80' lang='grc' dir='ltr'>οἱ</span> <span class='ocrx_word' id='word_1_611' title='bbox 2170 3968 2428 4037; x_wconf 84' lang='grc' dir='ltr'>βασιλεῖς.</span> <span class='ocrx_word' id='word_1_612' title='bbox 2466 3971 2593 4033; x_wconf 84' lang='grc' dir='ltr'>Τοῖς</span> <span class='ocrx_word' id='word_1_613' title='bbox 2616 3971 2726 4040; x_wconf 85' lang='grc' dir='ltr'>γὰρ</span> <span class='ocrx_word' id='word_1_614' title='bbox 2752 3975 2903 4033; x_wconf 87' lang='grc' dir='ltr'>ναοῖς</span> <span class='ocrx_word' id='word_1_615' title='bbox 2943 3972 3217 4040; x_wconf 75' lang='grc' dir='ltr'>αἰσθητῶς</span> <span class='ocrx_word' id='word_1_616' title='bbox 3243 3972 3311 4024; x_wconf 82' lang='grc' dir='ltr'>τὰ</span> <span class='ocrx_word' id='word_1_617' title='bbox 3351 3972 3503 4041; x_wconf 86' lang='grc' dir='ltr'>δῶρα</span> <span class='ocrx_word' id='word_1_618' title='bbox 3571 3990 3668 4025; x_wconf 81' lang='grc' dir='ltr'><strong>κο-</strong></span> 
     </span>
    </p>
   </div>
   <div class='ocr_carea' id='block_1_88' title="bbox 2091 4060 3670 4134">
    <p class='ocr_par' dir='ltr' id='par_1_88' title="bbox 2091 4060 3670 4134">
     <span class='ocr_line' id='line_1_89' title="bbox 2091 4060 3670 4134; baseline 0.004 -24"><span class='ocrx_word' id='word_1_619' title='bbox 2091 4060 2363 4127; x_wconf 79' lang='grc' dir='ltr'>μίζοντες,</span> <span class='ocrx_word' id='word_1_620' title='bbox 2398 4061 2608 4130; x_wconf 91' lang='grc' dir='ltr'>νοητῶς</span> <span class='ocrx_word' id='word_1_621' title='bbox 2631 4063 2701 4114; x_wconf 83' lang='grc' dir='ltr'><strong>δι’</strong></span> <span class='ocrx_word' id='word_1_622' title='bbox 2718 4064 2899 4117; x_wconf 80' lang='grc' dir='ltr'>αὐτῶν</span> <span class='ocrx_word' id='word_1_623' title='bbox 2924 4067 3004 4127; x_wconf 78' lang='grc' dir='ltr'><strong>εἰς</strong></span> <span class='ocrx_word' id='word_1_624' title='bbox 3026 4065 3117 4117; x_wconf 80' lang='grc' dir='ltr'><strong>τὸν</strong></span> <span class='ocrx_word' id='word_1_625' title='bbox 3140 4065 3368 4133; x_wconf 76' lang='grc' dir='ltr'>οὐρανὸν</span> <span class='ocrx_word' id='word_1_626' title='bbox 3400 4066 3670 4134; x_wconf 74' lang='grc' dir='ltr'>ἀνάγουσι</span> 
     </span>
    </p>
   </div>
   <div class='ocr_carea' id='block_1_89' title="bbox 2086 4151 3316 4226">
    <p class='ocr_par' dir='ltr' id='par_1_89' title="bbox 2086 4151 3316 4226">
     <span class='ocr_line' id='line_1_90' title="bbox 2086 4151 3316 4226; baseline 0.006 -24"><span class='ocrx_word' id='word_1_627' title='bbox 2086 4151 2185 4221; x_wconf 79' lang='grc' dir='ltr'>τὴν</span> <span class='ocrx_word' id='word_1_628' title='bbox 2224 4154 2613 4224; x_wconf 76' lang='grc' dir='ltr'>προσαγωγὴν,</span> <span class='ocrx_word' id='word_1_629' title='bbox 2651 4156 2745 4208; x_wconf 81' lang='grc' dir='ltr'><strong>καὶ</strong></span> <span class='ocrx_word' id='word_1_630' title='bbox 2772 4156 2931 4225; x_wconf 80' lang='grc' dir='ltr'>χάριν</span> <span class='ocrx_word' id='word_1_631' title='bbox 2975 4156 3083 4208; x_wconf 88' lang='grc' dir='ltr'><strong>τῶν</strong></span> <span class='ocrx_word' id='word_1_632' title='bbox 3107 4156 3316 4226; x_wconf 83' lang='grc' dir='ltr'>δώρων.</span> 
     </span>
    </p>
   </div>
   <div class='ocr_carea' id='block_1_90' title="bbox 2183 4416 3672 4492">
    <p class='ocr_par' dir='ltr' id='par_1_90' title="bbox 2183 4416 3672 4492">
     <span class='ocr_line' id='line_1_91' title="bbox 2183 4416 3672 4492; baseline 0.005 -23"><span class='ocrx_word' id='word_1_633' title='bbox 2183 4416 2581 4486; x_wconf 79' lang='grc' dir='ltr'>Ἐπιτίμησον</span> <span class='ocrx_word' id='word_1_634' title='bbox 2610 4420 2731 4486; x_wconf 83' lang='grc' dir='ltr'>τοῖς</span> <span class='ocrx_word' id='word_1_635' title='bbox 2759 4421 2983 4489; x_wconf 81' lang='grc' dir='ltr'>θηρίοις</span> <span class='ocrx_word' id='word_1_636' title='bbox 3010 4423 3117 4476; x_wconf 83' lang='grc' dir='ltr'><strong>τοῦ</strong></span> <span class='ocrx_word' id='word_1_637' title='bbox 3154 4423 3449 4490; x_wconf 78' lang='grc' dir='ltr'>καλάμου.</span> <span class='ocrx_word' id='word_1_638' title='bbox 3479 4425 3672 4492; x_wconf 78' lang='grc' dir='ltr'>Φίμω-</span> 
     </span>
    </p>
   </div>
   <div class='ocr_carea' id='block_1_91' title="bbox 2106 4511 3672 4584">
    <p class='ocr_par' dir='ltr' id='par_1_91' title="bbox 2106 4511 3672 4584">
     <span class='ocr_line' id='line_1_92' title="bbox 2106 4511 3672 4584; baseline 0.005 -25"><span class='ocrx_word' id='word_1_639' title='bbox 2106 4525 2197 4559; x_wconf 90' lang='grc' dir='ltr'><strong>σον</strong></span> <span class='ocrx_word' id='word_1_640' title='bbox 2249 4511 2374 4571; x_wconf 83' lang='grc' dir='ltr'>τοὺς</span> <span class='ocrx_word' id='word_1_641' title='bbox 2432 4513 2653 4579; x_wconf 81' lang='grc' dir='ltr'>νοητοὺς</span> <span class='ocrx_word' id='word_1_642' title='bbox 2707 4514 3009 4581; x_wconf 74' lang='grc' dir='ltr'>δαίμοναςο</span> <span class='ocrx_word' id='word_1_643' title='bbox 3058 4514 3233 4567; x_wconf 76' lang='grc' dir='ltr'>εῖτουν</span> <span class='ocrx_word' id='word_1_644' title='bbox 3273 4516 3401 4572; x_wconf 81' lang='grc' dir='ltr'>τοὺς</span> <span class='ocrx_word' id='word_1_645' title='bbox 3439 4516 3672 4584; x_wconf 78' lang='grc' dir='ltr'>ἀγρίους</span> 
     </span>
    </p>
   </div>
   <div class='ocr_carea' id='block_1_92' title="bbox 2100 4603 3674 4674">
    <p class='ocr_par' dir='ltr' id='par_1_92' title="bbox 2100 4603 3674 4674">
     <span class='ocr_line' id='line_1_93' title="bbox 2100 4603 3674 4674; baseline 0.005 -22"><span class='ocrx_word' id='word_1_646' title='bbox 2100 4603 2197 4653; x_wconf 79' lang='grc' dir='ltr'>καὶ</span> <span class='ocrx_word' id='word_1_647' title='bbox 2225 4604 2453 4670; x_wconf 81' lang='grc' dir='ltr'>ἀπηνεῖς</span> <span class='ocrx_word' id='word_1_648' title='bbox 2500 4604 2786 4674; x_wconf 86' lang='grc' dir='ltr'>δαίμονας,</span> <span class='ocrx_word' id='word_1_649' title='bbox 2830 4606 3027 4668; x_wconf 77' lang='grc' dir='ltr'>οἵτινες</span> <span class='ocrx_word' id='word_1_650' title='bbox 3061 4607 3135 4670; x_wconf 87' lang='grc' dir='ltr'>ὠς</span> <span class='ocrx_word' id='word_1_651' title='bbox 3166 4607 3417 4674; x_wconf 82' lang='grc' dir='ltr'>αἰσθητοὶ</span> <span class='ocrx_word' id='word_1_652' title='bbox 3443 4608 3674 4672; x_wconf 79' lang='grc' dir='ltr'>λέοντες</span> 
     </span>
    </p>
   </div>
   <div class='ocr_carea' id='block_1_93' title="bbox 424 4691 1987 4766">
    <p class='ocr_par' dir='ltr' id='par_1_93' title="bbox 424 4692 1987 4757">
     <span class='ocr_line' id='line_1_94' title="bbox 424 4692 1987 4757; baseline 0.006 -15"><span class='ocrx_word' id='word_1_653' title='bbox 424 4706 522 4743; x_wconf 82' lang='lat' dir='ltr'><strong>nes</strong></span> <span class='ocrx_word' id='word_1_654' title='bbox 555 4692 607 4743; x_wconf 91' lang='lat' dir='ltr'><strong>in</strong></span> <span class='ocrx_word' id='word_1_655' title='bbox 672 4692 1035 4746; x_wconf 84' lang='lat' dir='ltr'><strong>arundinibus</strong></span> <span class='ocrx_word' id='word_1_656' title='bbox 1070 4694 1261 4757; x_wconf 87' lang='lat' dir='ltr'><strong>latent,</strong></span> <span class='ocrx_word' id='word_1_657' title='bbox 1286 4694 1412 4746; x_wconf 90' lang='lat' dir='ltr'><strong>dum</strong></span> <span class='ocrx_word' id='word_1_658' title='bbox 1457 4695 1510 4747; x_wconf 92' lang='lat' dir='ltr'><strong>in</strong></span> <span class='ocrx_word' id='word_1_659' title='bbox 1549 4695 1766 4749; x_wconf 88' lang='lat' dir='ltr'><strong>levitate</strong></span> <span class='ocrx_word' id='word_1_660' title='bbox 1796 4712 1857 4749; x_wconf 90' lang='lat' dir='ltr'><strong>ac</strong></span> <span class='ocrx_word' id='word_1_661' title='bbox 1889 4706 1987 4752; x_wconf 86' lang='lat' dir='ltr'><strong>ste-</strong></span> 
     </span>
    </p>
   </div>
   <div class='ocr_carea' id='block_1_94' title="bbox 2091 4691 3673 4766">
    <p class='ocr_par' dir='ltr' id='par_1_94' title="bbox 2098 4691 3673 4766">
     <span class='ocr_line' id='line_1_95' title="bbox 2098 4691 3673 4766; baseline 0.006 -25"><span class='ocrx_word' id='word_1_662' title='bbox 2098 4691 2352 4759; x_wconf 83' lang='grc' dir='ltr'>καλάμῳ,</span> <span class='ocrx_word' id='word_1_663' title='bbox 2422 4691 2594 4755; x_wconf 80' lang='grc' dir='ltr'>οὕτως</span> <span class='ocrx_word' id='word_1_664' title='bbox 2666 4696 3045 4763; x_wconf 73' lang='grc' dir='ltr'>ὲμφωλεὺουσι</span> <span class='ocrx_word' id='word_1_665' title='bbox 3103 4700 3168 4765; x_wconf 83' lang='grc' dir='ltr'>τῇ</span> <span class='ocrx_word' id='word_1_666' title='bbox 3226 4698 3520 4766; x_wconf 70' lang='grc' dir='ltr'>κουφότητι</span> <span class='ocrx_word' id='word_1_667' title='bbox 3572 4701 3673 4751; x_wconf 79' lang='grc' dir='ltr'><strong>καὶ</strong></span> 
     </span>
    </p>
   </div>
   <div class='ocr_carea' id='block_1_95' title="bbox 417 4781 1995 4852">
    <p class='ocr_par' dir='ltr' id='par_1_95' title="bbox 417 4781 1995 4852">
     <span class='ocr_line' id='line_1_96' title="bbox 417 4781 1995 4852; baseline 0.005 -19"><span class='ocrx_word' id='word_1_668' title='bbox 417 4781 619 4835; x_wconf 88' lang='lat' dir='ltr'><strong>rilitate</strong></span> <span class='ocrx_word' id='word_1_669' title='bbox 664 4782 1000 4837; x_wconf 84' lang='lat' dir='ltr'><strong>instabitium</strong></span> <span class='ocrx_word' id='word_1_670' title='bbox 1028 4793 1190 4852; x_wconf 89' lang='lat' dir='ltr'><strong>atque</strong></span> <span class='ocrx_word' id='word_1_671' title='bbox 1222 4786 1653 4839; x_wconf 77' lang='lat' dir='ltr'><strong>inconstantiam</strong></span> <span class='ocrx_word' id='word_1_672' title='bbox 1680 4787 1735 4839; x_wconf 89' lang='lat' dir='ltr'><strong>in</strong></span> <span class='ocrx_word' id='word_1_673' title='bbox 1767 4787 1869 4841; x_wconf 80' lang='lat' dir='ltr'><strong>[ide</strong></span> <span class='ocrx_word' id='word_1_674' title='bbox 1894 4788 1995 4842; x_wconf 89' lang='lat' dir='ltr'><strong>ho-</strong></span> 
     </span>
    </p>
   </div>
   <div class='ocr_carea' id='block_1_96' title="bbox 415 4872 1997 4946">
    <p class='ocr_par' dir='ltr' id='par_1_96' title="bbox 415 4872 1997 4946">
     <span class='ocr_line' id='line_1_97' title="bbox 415 4872 1997 4946; baseline 0.006 -23"><span class='ocrx_word' id='word_1_675' title='bbox 415 4872 649 4934; x_wconf 88' lang='lat' dir='ltr'><strong>minum,</strong></span> <span class='ocrx_word' id='word_1_676' title='bbox 680 4874 915 4927; x_wconf 86' lang='lat' dir='ltr'><strong>latebras</strong></span> <span class='ocrx_word' id='word_1_677' title='bbox 948 4889 1012 4927; x_wconf 88' lang='lat' dir='ltr'><strong>ac</strong></span> <span class='ocrx_word' id='word_1_678' title='bbox 1040 4875 1199 4928; x_wconf 87' lang='lat' dir='ltr'><strong>nidos</strong></span> <span class='ocrx_word' id='word_1_679' title='bbox 1235 4891 1362 4929; x_wconf 90' lang='lat' dir='ltr'><strong>suos</strong></span> <span class='ocrx_word' id='word_1_680' title='bbox 1392 4875 1596 4930; x_wconf 79' lang='lat' dir='ltr'><strong>faciunt</strong></span> <span class='ocrx_word' id='word_1_681' title='bbox 1635 4878 1825 4945; x_wconf 84' lang='lat' dir='ltr'><strong>:juxta</strong></span> <span class='ocrx_word' id='word_1_682' title='bbox 1851 4879 1997 4946; x_wconf 90' lang='lat' dir='ltr'><strong>quod</strong></span> 
     </span>
    </p>
   </div>
   <div class='ocr_carea' id='block_1_97' title="bbox 415 4959 1990 5032">
    <p class='ocr_par' dir='ltr' id='par_1_97' title="bbox 415 4959 1990 5032">
     <span class='ocr_line' id='line_1_98' title="bbox 415 4959 1990 5032; baseline 0.006 -21"><span class='ocrx_word' id='word_1_683' title='bbox 415 4959 482 5011; x_wconf 87' lang='lat' dir='ltr'><strong>de</strong></span> <span class='ocrx_word' id='word_1_684' title='bbox 516 4960 737 5013; x_wconf 86' lang='lat' dir='ltr'><strong>diabolo</strong></span> <span class='ocrx_word' id='word_1_685' title='bbox 786 4965 1049 5031; x_wconf 84' lang='lat' dir='ltr'><strong>scriptum</strong></span> <span class='ocrx_word' id='word_1_686' title='bbox 1107 4966 1336 5032; x_wconf 82' lang='lat' dir='ltr'><strong>legimus</strong></span> <span class='ocrx_word' id='word_1_687' title='bbox 1380 4974 1523 5032; x_wconf 87' lang='lat' dir='ltr'><strong>apud</strong></span> <span class='ocrx_word' id='word_1_688' title='bbox 1591 4966 1809 5020; x_wconf 87' lang='lat' dir='ltr'><strong>beatum</strong></span> <span class='ocrx_word' id='word_1_689' title='bbox 1864 4967 1990 5031; x_wconf 84' lang='lat' dir='ltr'><strong>Job,</strong></span> 
     </span>
    </p>
   </div>
   <div class='ocr_carea' id='block_1_98' title="bbox 415 5051 1997 5122">
    <p class='ocr_par' dir='ltr' id='par_1_98' title="bbox 415 5051 1997 5122">
     <span class='ocr_line' id='line_1_99' title="bbox 415 5051 1997 5122; baseline 0.003 -19"><span class='ocrx_word' id='word_1_690' title='bbox 415 5051 561 5118; x_wconf 88' lang='lat' dir='ltr'><strong>quod</strong></span> <span class='ocrx_word' id='word_1_691' title='bbox 590 5054 683 5104; x_wconf 82' lang='lat' dir='ltr'><strong>sub</strong></span> <span class='ocrx_word' id='word_1_692' title='bbox 717 5054 858 5104; x_wconf 86' lang='lat' dir='ltr'><strong>omni</strong></span> <span class='ocrx_word' id='word_1_693' title='bbox 895 5053 1094 5105; x_wconf 81' lang='lat' dir='ltr'><strong>dormit</strong></span> <span class='ocrx_word' id='word_1_694' title='bbox 1152 5055 1341 5107; x_wconf 78' lang='lat' dir='ltr'><strong>arbore</strong></span> <span class='ocrx_word' id='word_1_695' title='bbox 1390 5060 1528 5122; x_wconf 81' lang='lat' dir='ltr'><strong>apud</strong></span> <span class='ocrx_word' id='word_1_696' title='bbox 1563 5056 1897 5120; x_wconf 83' lang='lat' dir='ltr'><strong>arundinem,</strong></span> <span class='ocrx_word' id='word_1_697' title='bbox 1948 5064 1997 5109; x_wconf 86' lang='lat' dir='ltr'><strong>et</strong></span> 
     </span>
    </p>
   </div>
   <div class='ocr_carea' id='block_1_99' title="bbox 413 5145 1996 5212">
    <p class='ocr_par' dir='ltr' id='par_1_99' title="bbox 413 5145 1996 5212">
     <span class='ocr_line' id='line_1_100' title="bbox 413 5145 1996 5212; baseline 0.006 -20"><span class='ocrx_word' id='word_1_698' title='bbox 413 5157 693 5210; x_wconf 80' lang='lat' dir='ltr'><strong>papyrum,</strong></span> <span class='ocrx_word' id='word_1_699' title='bbox 730 5153 777 5195; x_wconf 82' lang='lat' dir='ltr'><strong>et</strong></span> <span class='ocrx_word' id='word_1_700' title='bbox 835 5146 1060 5197; x_wconf 84' lang='lat' dir='ltr'><strong>caricem</strong></span> <span class='ocrx_word' id='word_1_701' title='bbox 1092 5146 1157 5198; x_wconf 85' lang='grc'>⁶⁰.</span> <span class='ocrx_word' id='word_1_702' title='bbox 1210 5145 1529 5212; x_wconf 88' lang='lat' dir='ltr'><strong>llujusmodi</strong></span> <span class='ocrx_word' id='word_1_703' title='bbox 1560 5150 1760 5201; x_wconf 88' lang='lat' dir='ltr'><strong>etenim</strong></span> <span class='ocrx_word' id='word_1_704' title='bbox 1792 5163 1996 5201; x_wconf 85' lang='lat' dir='ltr'><strong>sermo-</strong></span> 
     </span>
    </p>
   </div>
   <div class='ocr_carea' id='block_1_100' title="bbox 414 5236 1993 5305">
    <p class='ocr_par' dir='ltr' id='par_1_100' title="bbox 414 5236 1993 5305">
     <span class='ocr_line' id='line_1_101' title="bbox 414 5236 1993 5305; baseline 0.001 -18"><span class='ocrx_word' id='word_1_705' title='bbox 414 5248 483 5287; x_wconf 83' lang='lat' dir='ltr'><strong>ne</strong></span> <span class='ocrx_word' id='word_1_706' title='bbox 524 5273 538 5297; x_wconf 91' lang='lat'><strong>,</strong></span> <span class='ocrx_word' id='word_1_707' title='bbox 599 5236 943 5303; x_wconf 75' lang='lat' dir='ltr'><strong>requiescere</strong></span> <span class='ocrx_word' id='word_1_708' title='bbox 1014 5236 1313 5290; x_wconf 70' lang='lat' dir='ltr'><strong>dzemonem</strong></span> <span class='ocrx_word' id='word_1_709' title='bbox 1393 5238 1743 5305; x_wconf 81' lang='lat' dir='ltr'><strong>intelligimus</strong></span> <span class='ocrx_word' id='word_1_710' title='bbox 1811 5238 1864 5290; x_wconf 90' lang='lat' dir='ltr'><strong>in</strong></span> <span class='ocrx_word' id='word_1_711' title='bbox 1926 5238 1993 5290; x_wconf 86' lang='lat' dir='ltr'><strong>iis</strong></span> 
     </span>
    </p>
   </div>
   <div class='ocr_carea' id='block_1_101' title="bbox 421 5324 1994 5396">
    <p class='ocr_par' dir='ltr' id='par_1_101' title="bbox 421 5324 1994 5396">
     <span class='ocr_line' id='line_1_102' title="bbox 421 5324 1994 5396; baseline 0.006 -22"><span class='ocrx_word' id='word_1_712' title='bbox 421 5324 755 5388; x_wconf 84' lang='lat' dir='ltr'><strong>hominibus,</strong></span> <span class='ocrx_word' id='word_1_713' title='bbox 796 5328 887 5394; x_wconf 91' lang='lat' dir='ltr'><strong>qui</strong></span> <span class='ocrx_word' id='word_1_714' title='bbox 913 5326 1246 5395; x_wconf 86' lang='lat' dir='ltr'><strong>plantarum,</strong></span> <span class='ocrx_word' id='word_1_715' title='bbox 1289 5342 1424 5395; x_wconf 89' lang='lat' dir='ltr'><strong>quas</strong></span> <span class='ocrx_word' id='word_1_716' title='bbox 1453 5344 1619 5396; x_wconf 84' lang='lat' dir='ltr'><strong>supra</strong></span> <span class='ocrx_word' id='word_1_717' title='bbox 1660 5345 1994 5383; x_wconf 85' lang='lat' dir='ltr'><strong>commemo-</strong></span> 
     </span>
    </p>
   </div>
   <div class='ocr_carea' id='block_1_102' title="bbox 420 5426 2838 5499">
    <p class='ocr_par' dir='ltr' id='par_1_102' title="bbox 420 5426 2838 5499">
     <span class='ocr_line' id='line_1_103' title="bbox 420 5426 2838 5499; baseline 0.004 -23"><span class='ocrx_word' id='word_1_718' title='bbox 420 5427 661 5479; x_wconf 88' lang='lat' dir='ltr'><strong>ravimus</strong></span> <span class='ocrx_word' id='word_1_719' title='bbox 720 5427 1085 5494; x_wconf 82' lang='lat' dir='ltr'><strong>proprietates</strong></span> <span class='ocrx_word' id='word_1_720' title='bbox 1135 5435 1357 5480; x_wconf 87' lang='lat' dir='ltr'><strong>servant</strong></span> <span class='ocrx_word' id='word_1_721' title='bbox 1396 5443 1407 5477; x_wconf 88' lang='lat'>:</span> <span class='ocrx_word' id='word_1_722' title='bbox 1446 5426 1537 5492; x_wconf 86' lang='lat' dir='ltr'><strong>qui</strong></span> <span class='ocrx_word' id='word_1_723' title='bbox 1596 5426 1806 5477; x_wconf 85' lang='lat' dir='ltr'><strong>scilicet</strong></span> <span class='ocrx_word' id='word_1_724' title='bbox 1856 5427 1993 5479; x_wconf 87' lang='lat' dir='ltr'><strong>aridi</strong></span> <span class='ocrx_word' id='word_1_725' title='bbox 2034 5438 2181 5490; x_wconf 89' lang='lat' dir='ltr'><strong>sunt,</strong></span> <span class='ocrx_word' id='word_1_726' title='bbox 2207 5430 2271 5481; x_wconf 88' lang='lat' dir='ltr'><strong>ad</strong></span> <span class='ocrx_word' id='word_1_727' title='bbox 2308 5430 2557 5484; x_wconf 76' lang='lat' dir='ltr'><strong>ferendas</strong></span> <span class='ocrx_word' id='word_1_728' title='bbox 2587 5431 2838 5499; x_wconf 89' lang='lat' dir='ltr'><strong>virtutes,</strong></span> 
     </span>
    </p>
   </div>
   <div class='ocr_carea' id='block_1_103' title="bbox 2103 4782 3669 4859">
    <p class='ocr_par' dir='ltr' id='par_1_103' title="bbox 2103 4782 3669 4859">
     <span class='ocr_line' id='line_1_104' title="bbox 2103 4782 3669 4859; baseline 0.005 -27"><span class='ocrx_word' id='word_1_729' title='bbox 2103 4782 2357 4853; x_wconf 76' lang='grc' dir='ltr'>ἀκαρπίᾳ</span> <span class='ocrx_word' id='word_1_730' title='bbox 2402 4784 2510 4835; x_wconf 86' lang='grc' dir='ltr'><strong>τῶν</strong></span> <span class='ocrx_word' id='word_1_731' title='bbox 2570 4786 2919 4855; x_wconf 84' lang='grc' dir='ltr'>ἀστηρίκτων</span> <span class='ocrx_word' id='word_1_732' title='bbox 2988 4789 3065 4859; x_wconf 79' lang='grc' dir='ltr'>εἰς</span> <span class='ocrx_word' id='word_1_733' title='bbox 3123 4788 3308 4839; x_wconf 83' lang='grc' dir='ltr'>πίστιν</span> <span class='ocrx_word' id='word_1_734' title='bbox 3336 4789 3669 4858; x_wconf 80' lang='grc' dir='ltr'>ἀνθρώπων.</span> 
     </span>
    </p>
   </div>
   <div class='ocr_carea' id='block_1_104' title="bbox 2094 4874 3670 4946">
    <p class='ocr_par' dir='ltr' id='par_1_104' title="bbox 2094 4874 3670 4946">
     <span class='ocr_line' id='line_1_105' title="bbox 2094 4874 3670 4946; baseline 0.007 -24"><span class='ocrx_word' id='word_1_735' title='bbox 2094 4874 2231 4940; x_wconf 79' lang='grc' dir='ltr'>Φησὶ</span> <span class='ocrx_word' id='word_1_736' title='bbox 2282 4875 2338 4925; x_wconf 88' lang='grc' dir='ltr'><strong>δὲ</strong></span> <span class='ocrx_word' id='word_1_737' title='bbox 2379 4876 2472 4926; x_wconf 78' lang='grc' dir='ltr'>καὶ</span> <span class='ocrx_word' id='word_1_738' title='bbox 2515 4876 2635 4929; x_wconf 83' lang='grc' dir='ltr'><strong>’1ὼὸ</strong></span> <span class='ocrx_word' id='word_1_739' title='bbox 2664 4879 2791 4946; x_wconf 82' lang='grc' dir='ltr'>περὶ</span> <span class='ocrx_word' id='word_1_740' title='bbox 2837 4878 2930 4931; x_wconf 85' lang='grc' dir='ltr'><strong>τοῦ</strong></span> <span class='ocrx_word' id='word_1_741' title='bbox 2975 4880 3224 4932; x_wconf 77' lang='grc' dir='ltr'>διαϐόλου</span> <span class='ocrx_word' id='word_1_742' title='bbox 3259 4880 3432 4941; x_wconf 75' lang='grc' dir='ltr'>οὕτως</span> <span class='ocrx_word' id='word_1_743' title='bbox 3458 4896 3471 4908; x_wconf 90' lang='grc'><strong>·</strong></span> <span class='ocrx_word' id='word_1_744' title='bbox 3515 4878 3670 4934; x_wconf 74' lang='grc' dir='ltr'><strong>Ὑπὸ</strong></span> 
     </span>
    </p>
   </div>
   <div class='ocr_carea' id='block_1_105' title="bbox 2097 4965 3674 5041">
    <p class='ocr_par' dir='ltr' id='par_1_105' title="bbox 2097 4965 3674 5041">
     <span class='ocr_line' id='line_1_106' title="bbox 2097 4965 3674 5041; baseline 0.006 -26"><span class='ocrx_word' id='word_1_745' title='bbox 2097 4965 2219 5017; x_wconf 72' lang='grc' dir='ltr'><strong>πᾶν</strong></span> <span class='ocrx_word' id='word_1_746' title='bbox 2252 4966 2506 5035; x_wconf 72' lang='grc' dir='ltr'>δένδρον</span> <span class='ocrx_word' id='word_1_747' title='bbox 2527 4970 2819 5039; x_wconf 79' lang='grc' dir='ltr'>κοιμᾶται,</span> <span class='ocrx_word' id='word_1_748' title='bbox 2848 4971 3005 5039; x_wconf 79' lang='grc' dir='ltr'>παρὰ</span> <span class='ocrx_word' id='word_1_749' title='bbox 3024 4973 3317 5041; x_wconf 72' lang='grc' dir='ltr'>κάλαμον,</span> <span class='ocrx_word' id='word_1_750' title='bbox 3337 4974 3437 5025; x_wconf 72' lang='grc' dir='ltr'><strong>καὶ</strong></span> <span class='ocrx_word' id='word_1_751' title='bbox 3467 4975 3674 5025; x_wconf 75' lang='grc' dir='ltr'><strong>πάπυ-</strong></span> 
     </span>
    </p>
   </div>
   <div class='ocr_carea' id='block_1_106' title="bbox 2092 5061 3675 5131">
    <p class='ocr_par' dir='ltr' id='par_1_106' title="bbox 2092 5061 3675 5131">
     <span class='ocr_line' id='line_1_107' title="bbox 2092 5061 3675 5131; baseline 0.003 -22"><span class='ocrx_word' id='word_1_752' title='bbox 2092 5075 2227 5122; x_wconf 68' lang='grc' dir='ltr'>ρον,</span> <span class='ocrx_word' id='word_1_753' title='bbox 2277 5061 2373 5111; x_wconf 80' lang='grc' dir='ltr'><strong>καὶ</strong></span> <span class='ocrx_word' id='word_1_754' title='bbox 2425 5062 2755 5129; x_wconf 75' lang='grc' dir='ltr'>βούτομον,</span> <span class='ocrx_word' id='word_1_755' title='bbox 2786 5065 2961 5131; x_wconf 82' lang='grc' dir='ltr'>δηλῶν</span> <span class='ocrx_word' id='word_1_756' title='bbox 2994 5065 3075 5116; x_wconf 82' lang='grc' dir='ltr'><strong>ὅτι</strong></span> <span class='ocrx_word' id='word_1_757' title='bbox 3111 5064 3525 5118; x_wconf 84' lang='grc' dir='ltr'>ὲπαναπαύεται</span> <span class='ocrx_word' id='word_1_758' title='bbox 3553 5065 3675 5126; x_wconf 79' lang='grc' dir='ltr'>τοῖς</span> 
     </span>
    </p>
   </div>
   <div class='ocr_carea' id='block_1_107' title="bbox 2103 5150 3677 5225">
    <p class='ocr_par' dir='ltr' id='par_1_107' title="bbox 2103 5150 3677 5225">
     <span class='ocr_line' id='line_1_108' title="bbox 2103 5150 3677 5225; baseline 0.004 -26"><span class='ocrx_word' id='word_1_759' title='bbox 2103 5150 2285 5216; x_wconf 78' lang='grc' dir='ltr'>ἔχουσι</span> <span class='ocrx_word' id='word_1_760' title='bbox 2330 5152 2427 5212; x_wconf 76' lang='grc' dir='ltr'><strong>τὰς</strong></span> <span class='ocrx_word' id='word_1_761' title='bbox 2488 5153 2757 5221; x_wconf 79' lang='grc' dir='ltr'>ἰδιότητας</span> <span class='ocrx_word' id='word_1_762' title='bbox 2777 5154 2882 5207; x_wconf 85' lang='grc' dir='ltr'><strong>τῶν</strong></span> <span class='ocrx_word' id='word_1_763' title='bbox 2913 5156 3224 5225; x_wconf 84' lang='grc' dir='ltr'>εἰρημένων</span> <span class='ocrx_word' id='word_1_764' title='bbox 3272 5157 3473 5223; x_wconf 83' lang='grc' dir='ltr'>φυτῶν,</span> <span class='ocrx_word' id='word_1_765' title='bbox 3507 5154 3677 5223; x_wconf 79' lang='grc' dir='ltr'>ξηρό-</span> 
     </span>
    </p>
   </div>
   <div class='ocr_carea' id='block_1_108' title="bbox 2099 5244 3671 5317">
    <p class='ocr_par' dir='ltr' id='par_1_108' title="bbox 2099 5244 3671 5317">
     <span class='ocr_line' id='line_1_109' title="bbox 2099 5244 3671 5317; baseline 0.004 -26"><span class='ocrx_word' id='word_1_766' title='bbox 2099 5259 2237 5307; x_wconf 82' lang='grc' dir='ltr'>τητα</span> <span class='ocrx_word' id='word_1_767' title='bbox 2278 5244 2411 5311; x_wconf 77' lang='grc' dir='ltr'>πρὸς</span> <span class='ocrx_word' id='word_1_768' title='bbox 2446 5244 2667 5313; x_wconf 81' lang='grc' dir='ltr'>ἀρετὴν,</span> <span class='ocrx_word' id='word_1_769' title='bbox 2694 5248 2787 5298; x_wconf 68' lang='grc' dir='ltr'><strong>καὶ</strong></span> <span class='ocrx_word' id='word_1_770' title='bbox 2813 5246 3087 5315; x_wconf 85' lang='grc' dir='ltr'>ὑγρότητα</span> <span class='ocrx_word' id='word_1_771' title='bbox 3129 5247 3266 5317; x_wconf 85' lang='grc' dir='ltr'>πρὸς</span> <span class='ocrx_word' id='word_1_772' title='bbox 3315 5246 3629 5316; x_wconf 73' lang='grc' dir='ltr'>φιληδονίαν</span> <span class='ocrx_word' id='word_1_773' title='bbox 3652 5260 3671 5276; x_wconf 82' lang='lat'><strong><em>°</em></strong></span> 
     </span>
    </p>
   </div>
   <div class='ocr_carea' id='block_1_109' title="bbox 2098 5331 3325 5407">
    <p class='ocr_par' dir='ltr' id='par_1_109' title="bbox 2098 5331 3325 5407">
     <span class='ocr_line' id='line_1_110' title="bbox 2098 5331 3325 5407; baseline 0.007 -25"><span class='ocrx_word' id='word_1_774' title='bbox 2098 5331 2321 5383; x_wconf 81' lang='grc' dir='ltr'>τοιαῦτα</span> <span class='ocrx_word' id='word_1_775' title='bbox 2353 5337 2460 5402; x_wconf 76' lang='grc' dir='ltr'>γὰρ</span> <span class='ocrx_word' id='word_1_776' title='bbox 2488 5338 2515 5385; x_wconf 84' lang='grc' dir='ltr'>ὁ</span> <span class='ocrx_word' id='word_1_777' title='bbox 2542 5336 2790 5403; x_wconf 82' lang='grc' dir='ltr'>πάπυρος</span> <span class='ocrx_word' id='word_1_778' title='bbox 2822 5337 2916 5389; x_wconf 72' lang='grc' dir='ltr'>καὶ</span> <span class='ocrx_word' id='word_1_779' title='bbox 2956 5338 3017 5389; x_wconf 77' lang='grc' dir='ltr'>τὸ</span> <span class='ocrx_word' id='word_1_780' title='bbox 3045 5337 3325 5407; x_wconf 80' lang='grc' dir='ltr'>βοὺτομον.</span> 
     </span>
    </p>
   </div>
   <div class='ocr_carea' id='block_1_110' title="bbox 2925 5433 3680 5503">
    <p class='ocr_par' dir='ltr' id='par_1_110' title="bbox 2925 5433 3680 5503">
     <span class='ocr_line' id='line_1_111' title="bbox 2925 5433 3680 5503; baseline 0.004 -16"><span class='ocrx_word' id='word_1_781' title='bbox 2925 5443 2978 5487; x_wconf 87' lang='lat' dir='ltr'><strong>et</strong></span> <span class='ocrx_word' id='word_1_782' title='bbox 3023 5433 3117 5503; x_wconf 90' lang='lat' dir='ltr'><strong>qui</strong></span> <span class='ocrx_word' id='word_1_783' title='bbox 3187 5446 3413 5488; x_wconf 91' lang='lat' dir='ltr'><strong>succum</strong></span> <span class='ocrx_word' id='word_1_784' title='bbox 3506 5441 3680 5502; x_wconf 87' lang='lat' dir='ltr'><strong>atque</strong></span> 
     </span>
    </p>
   </div>
   <div class='ocr_carea' id='block_1_111' title="bbox 420 5516 3679 5599">
    <p class='ocr_par' dir='ltr' id='par_1_111' title="bbox 420 5516 3679 5599">
     <span class='ocr_line' id='line_1_112' title="bbox 420 5516 3679 5599; baseline 0.006 -32"><span class='ocrx_word' id='word_1_785' title='bbox 420 5516 702 5571; x_wconf 78' lang='lat' dir='ltr'><strong>humorem</strong></span> <span class='ocrx_word' id='word_1_786' title='bbox 747 5522 973 5572; x_wconf 85' lang='lat' dir='ltr'><strong>multum</strong></span> <span class='ocrx_word' id='word_1_787' title='bbox 1010 5522 1207 5574; x_wconf 88' lang='lat' dir='ltr'><strong>habent</strong></span> <span class='ocrx_word' id='word_1_788' title='bbox 1242 5522 1309 5573; x_wconf 87' lang='lat' dir='ltr'><strong>ad</strong></span> <span class='ocrx_word' id='word_1_789' title='bbox 1373 5518 1691 5573; x_wconf 77' lang='lat' dir='ltr'><strong>nutriendos</strong></span> <span class='ocrx_word' id='word_1_790' title='bbox 1735 5521 2065 5589; x_wconf 85' lang='lat' dir='ltr'><strong>voluptates.</strong></span> <span class='ocrx_word' id='word_1_791' title='bbox 2112 5520 2431 5592; x_wconf 82' lang='lat' dir='ltr'><strong>llajusmodi</strong></span> <span class='ocrx_word' id='word_1_792' title='bbox 2496 5528 2695 5582; x_wconf 86' lang='lat' dir='ltr'><strong>etenim</strong></span> <span class='ocrx_word' id='word_1_793' title='bbox 2756 5529 3105 5599; x_wconf 79' lang='lat' dir='ltr'><strong>proprietatis</strong></span> <span class='ocrx_word' id='word_1_794' title='bbox 3164 5540 3216 5585; x_wconf 92' lang='lat' dir='ltr'><strong>et</strong></span> <span class='ocrx_word' id='word_1_795' title='bbox 3265 5537 3476 5585; x_wconf 74' lang='lat' dir='ltr'><strong>natura:</strong></span> <span class='ocrx_word' id='word_1_796' title='bbox 3543 5540 3679 5585; x_wconf 85' lang='lat' dir='ltr'><strong>sunt</strong></span> 
     </span>
    </p>
   </div>
   <div class='ocr_carea' id='block_1_112' title="bbox 422 5619 964 5675">
    <p class='ocr_par' dir='ltr' id='par_1_112' title="bbox 422 5619 964 5675">
     <span class='ocr_line' id='line_1_113' title="bbox 422 5619 964 5675; baseline 0.015 -18"><span class='ocrx_word' id='word_1_797' title='bbox 422 5619 658 5675; x_wconf 79' lang='lat' dir='ltr'><strong>papyrus</strong></span> <span class='ocrx_word' id='word_1_798' title='bbox 690 5624 743 5663; x_wconf 87' lang='lat' dir='ltr'><strong>et</strong></span> <span class='ocrx_word' id='word_1_799' title='bbox 783 5626 964 5665; x_wconf 81' lang='lat' dir='ltr'><strong>carex.</strong></span> 
     </span>
    </p>
   </div>
   <div class='ocr_carea' id='block_1_113' title="bbox 490 5714 1527 5793">
    <p class='ocr_par' dir='ltr' id='par_1_113' title="bbox 490 5714 1527 5793">
     <span class='ocr_line' id='line_1_114' title="bbox 490 5714 1527 5793; baseline 0.012 -25"><span class='ocrx_word' id='word_1_800' title='bbox 490 5718 533 5749; x_wconf 72' lang='grc'><strong>⁵⁷</strong></span> <span class='ocrx_word' id='word_1_801' title='bbox 562 5714 717 5777; x_wconf 80' lang='lat' dir='ltr'><strong>Joan.</strong></span> <span class='ocrx_word' id='word_1_802' title='bbox 759 5740 867 5791; x_wconf 68' lang='lat' dir='ltr'><strong>xiv,</strong></span> <span class='ocrx_word' id='word_1_803' title='bbox 912 5726 991 5778; x_wconf 86' lang='lat' dir='ltr'><strong>IO.</strong></span> <span class='ocrx_word' id='word_1_804' title='bbox 1072 5728 1117 5759; x_wconf 77' lang='grc'><strong>⁵⁸</strong></span> <span class='ocrx_word' id='word_1_805' title='bbox 1152 5726 1320 5781; x_wconf 85' lang='lat' dir='ltr'><strong>lCor.</strong></span> <span class='ocrx_word' id='word_1_806' title='bbox 1368 5745 1402 5793; x_wconf 88' lang='lat' dir='ltr'><strong>I,</strong></span> <span class='ocrx_word' id='word_1_807' title='bbox 1437 5729 1527 5780; x_wconf 66' lang='lat'><strong>‘24.</strong></span> 
     </span>
    </p>
   </div>
   <div class='ocr_carea' id='block_1_114' title="bbox 1605 5730 2011 5795">
    <p class='ocr_par' dir='ltr' id='par_1_114' title="bbox 1605 5730 2011 5795">
     <span class='ocr_line' id='line_1_115' title="bbox 1605 5730 2011 5795; baseline 0.01 -13"><span class='ocrx_word' id='word_1_808' title='bbox 1605 5731 1647 5763; x_wconf 70' lang='lat'><strong>&#39;9</strong></span> <span class='ocrx_word' id='word_1_809' title='bbox 1678 5730 1821 5785; x_wconf 77' lang='lat' dir='ltr'><strong>Psal.</strong></span> <span class='ocrx_word' id='word_1_810' title='bbox 1869 5749 1923 5795; x_wconf 90' lang='lat' dir='ltr'><strong>ll,</strong></span> <span class='ocrx_word' id='word_1_811' title='bbox 1959 5734 2011 5786; x_wconf 73' lang='grc'>6.</span> 
     </span>
    </p>
   </div>
   <div class='ocr_carea' id='block_1_115' title="bbox 2128 5732 2533 5797">
    <p class='ocr_par' dir='ltr' id='par_1_115' title="bbox 2128 5732 2533 5797">
     <span class='ocr_line' id='line_1_116' title="bbox 2128 5732 2533 5797; baseline 0 -12"><span class='ocrx_word' id='word_1_812' title='bbox 2128 5734 2169 5765; x_wconf 70' lang='grc' dir='ltr'><strong>⁸ο</strong></span> <span class='ocrx_word' id='word_1_813' title='bbox 2196 5732 2299 5786; x_wconf 78' lang='lat' dir='ltr'><strong>Job</strong></span> <span class='ocrx_word' id='word_1_814' title='bbox 2328 5750 2410 5797; x_wconf 70' lang='grc' dir='ltr'><strong>λι,</strong></span> <span class='ocrx_word' id='word_1_815' title='bbox 2449 5735 2533 5787; x_wconf 79' lang='grc'><strong>16.</strong></span> 
     </span>
    </p>
   </div>
  </div>
