4070 6224
338 229 437 294 681
1505 223 1879 284 COMMENT
1941 223 2024 283 IN
2066 221 2428 286 PSALMOS.
3493 222 3599 286 682

419 348 490 401 Ἦ
529 347 854 418 συναγωγὴ
894 344 1014 400 τῶν
1065 345 1301 413 ταύρων
1339 343 1412 398 ἐν
1445 343 1574 412 ταῖς
1616 343 1914 414 δαμάλεσι

2099 341 2745 415 Cangregatiotanrornm
2802 341 2856 393 in
2907 342 3077 394 vaccis
3132 341 3473 411 papnlorum,
3534 357 3591 397 ut

336 435 458 490 τῶν
487 435 675 502 λαῶν,
709 439 817 492 τοῦ
846 436 1278 505 ἐπικλασθῆναι
1308 437 1449 503 τοὺς
1481 436 1914 506 δεδοκιμασμέο

335 545 485 597 γους
525 528 607 594 τῷ
654 530 935 600 ἀργυρίῳ.
987 529 1238 600 Ταύρους
1283 529 1432 596 λέγει
1483 528 1612 590 τοὺς
1638 529 1917 599 ἀρχιερεῖς

336 620 432 674 καὶ
493 619 876 691 Γραμματείς,
904 620 1003 674 καὶ
1043 621 1266 684 λοιποὺς
1321 621 1591 691 ἄρχοντας
1638 619 1748 671 τῶν
1786 619 1917 672 ἰουο

334 712 522 778 δαίων,
553 711 626 774 ὡς
653 710 876 780 θρασεῖς
926 711 1022 764 καὶ
1048 711 1403 782 κερατιστάς,
1453 709 1716 779 δαμάλεις
1749 707 1807 762 δὲ
1853 709 1922 762 τά

340 801 760 872 ὑποτεταγμένα
787 801 996 866 τούτοις
1026 801 1210 873 πλήθη
1225 801 1334 856 τῶν
1378 802 1562 854 λαῶν·
1615 800 1778 870 ἄρχει
1815 799 1916 870 μὲν

337 893 447 967 γάρ
475 895 503 946 ὁ
526 891 748 960 ταῦρος,
797 893 1168 948 ὑποτέτακται
1193 893 1250 947 δὲ
1273 895 1309 964 ὴ
1335 892 1590 962 δάμαλις.
1629 893 1798 960 Φησὶν
1823 887 1919 945 οὖν

336 983 420 1035 ὃτι
452 973 503 1034 οἰ
529 981 854 1052 προέχοντες
906 986 964 1038 ὲν
991 984 1146 1056 μέσῳ
1176 984 1289 1040 τῶν
1325 984 1470 1038 λαῶν
1522 987 1795 1052 ἐγένοντο,
1823 983 1918 1037 ἰπὶ

337 1075 420 1147 τῷ
443 1076 745 1145 δγκλείσαι,
769 1077 952 1132 εἴτουν
966 1078 1214 1132 κωλῦσαι
1239 1078 1367 1142 τοὺς
1387 1077 1918 1148 δεδοκισμασμένους

339 1169 422 1232 εἰς
460 1168 646 1221 πίστιν
671 1169 765 1223 καὶ
786 1169 989 1241 ἀρετὴν
1019 1169 1381 1238 ἀποστόλους,
1420 1171 1815 1242 ἐπειγομένους
1835 1171 1918 1233 εἰς

341 1258 405 1312 τὸ
453 1259 768 1329 κηρύττειν.
838 1262 1352 1332 Προσκαλεσὰμενοι
1396 1261 1526 1331 γὰρ,
1580 1265 1736 1333 φησὶ,
1791 1263 1919 1326 τοὺς

340 1351 701 1415 ἀποστόλους,
765 1351 1066 1423 δείραντες,
1149 1354 1528 1425 παρήγγειλαν
1595 1354 1672 1424 μὴ
1735 1354 1918 1408 λαλεῖν

335 1440 432 1494 ἐπὶ
463 1439 541 1512 τῷ
574 1441 800 1512 ὀνόματι
849 1443 944 1496 τοῦ
1003 1442 1200 1515 Ἰησοῦ.
1242 1442 1329 1509 Τῷ
1366 1445 1627 1514 ἀργυρίῳ
1673 1444 1750 1510 δὲ,
1797 1445 1920 1498 ἀντὶ

333 1528 456 1595 τοῦ,
487 1530 563 1592 ὡς
586 1531 851 1603 ἀργύριον
887 1548 902 1564 ο
932 1531 1130 1601 ἰδίωμα
1156 1532 1267 1603 γὰρ
1293 1533 1386 1586 καὶ
1414 1532 1575 1586 τοῦτο
1603 1531 1918 1603 Ἐϐραῖκόν.

348 1617 422 1670 “ﬂ
456 1617 740 1686 λείπειτὸ,
774 1620 1202 1690 παραπλησίως.

2021 439 2380 492 excludantur
2415 436 2503 503 qui
2533 435 2744 504 probati
2798 444 2917 487 sunt
2953 442 3194 503 argento.
3254 434 3354 488 Per
3412 443 3603 489 tauros

2020 527 2305 599 pontilices
2325 533 2378 581 et
2403 523 2625 578 Scribas
2651 533 2706 579 et
2731 525 2971 595 reliquos
2991 523 3300 580 Judaeorum
3327 527 3604 596 principes

2020 618 2299 687 intelligit,
2333 616 2502 670 veluti
2531 617 2854 671 temerarios
2881 631 2946 670 ac
2972 631 3142 671 cornu
3175 615 3437 670 ferientes
3465 633 3480 669 :
3511 630 3605 683 per

2029 724 2222 764 vaccas
2247 723 2378 763 vero
2405 709 2526 778 (sctt
2563 715 2624 761 ut
2670 708 2854 776 potius
2889 707 3076 763 Graeca
3110 708 3281 761 dictio
3333 706 3606 776 signiﬁcat

2027 800 2417 872 perjuvencas
2451 797 2802 870 populorum)
2858 799 3032 869 plebis
3081 798 3489 856 multitudinem
3524 799 3606 852 in-

2025 892 2242 962 telligit,
2276 907 2397 962 quae
2427 891 2538 946 illis
2564 892 2810 947 suberat.
2849 891 3101 947 Pra'sunt
3124 891 3269 946 enim
3299 893 3353 945 in
3387 904 3608 945 armen-

2024 983 2097 1039 tis
2130 983 2299 1050 tauri,
2337 993 2386 1037 et
2411 984 2652 1039 subsunt
2677 983 2957 1054 iuvencae.
2989 983 3051 1038 Et
3073 998 3270 1040 sensus
3318 992 3429 1047 est,
3457 983 3604 1052 quod

2024 1076 2063 1132 ii
2093 1075 2188 1146 qui
2219 1076 2434 1131 caeteris
2486 1076 2752 1148 dignitate
2809 1077 3236 1147 praeminebant
3290 1075 3518 1134 luerunt
3550 1079 3602 1129 in

2029 1165 2210 1221 medio
2244 1168 2596 1236 populorum,
2634 1177 2692 1222 ut
2725 1170 3007 1239 apostolos
3057 1169 3438 1232 excluderent.
3506 1170 3607 1224 hoc

2026 1267 2132 1324 est,
2152 1267 2213 1313 ut
2249 1260 2581 1330 impedirent
2623 1275 2718 1316 eos
2747 1275 2777 1315 a
2809 1263 3200 1331 praedicatione
3229 1265 3378 1319 verbi
3407 1283 3422 1329 ;
3475 1281 3608 1335 apo—

2026 1349 2198 1404 stolos
2215 1349 2339 1404 dico
2358 1353 2450 1422 qui
2468 1361 2713 1422 argento,
2737 1352 2838 1406 hoc
2859 1365 2964 1421 est,
2993 1357 3084 1424 qui
3109 1356 3163 1409 in
3185 1355 3288 1409 ﬁde
3305 1357 3610 1412 autvirtute

2028 1441 2245 1510 probati
2277 1450 2426 1496 sunt.
2469 1441 2727 1510 Legimus
2768 1444 2917 1500 enim
2965 1445 3018 1498 in
3051 1445 3234 1510 Actis,
3283 1448 3431 1516 quod
3482 1464 3608 1502 cum

2029 1531 2308 1602 principes
2372 1534 2719 1588 sacerdotum
2768 1543 2821 1588 et
2850 1535 3098 1592 seniores
3139 1547 3433 1594 vocassent
3477 1553 3608 1606 apo-

2029 1623 2227 1686 stolos,
2265 1633 2320 1679 et
2343 1625 2672 1681 verberibus
2701 1626 3384 1699 czecidissent,jusscrunt
3429 1645 3497 1685 ne
3523 1631 3608 1683 lo-

333 1713 726 1781 querenturin
764 1713 986 1768 nomine
1009 1711 1140 1769 Jesu
1176 1712 1242 1767 ⁶¹.
1286 1713 1516 1784 Argento
1545 1723 1730 1769 autem
1788 1714 2050 1785 probatos
2078 1716 2252 1784 ,dixit,
2313 1733 2434 1788 pro,
2475 1720 2735 1786 probatos
2801 1729 3062 1790 tanquam
3120 1733 3444 1792 argentum;
3523 1738 3610 1782 est

332 1807 484 1862 enim
517 1806 805 1864 Hebt‘aicm
837 1809 1040 1880 lingua:
1071 1810 1360 1880 proprium
1403 1811 1628 1865 idioma.
1657 1807 1754 1866 Vel
1803 1811 2272 1884 subinteiligendo
2295 1813 2596 1870 dictionem
2662 1815 2822 1883 quasi
2871 1817 2977 1870 alia
3041 1827 3222 1888 potest
3288 1821 3441 1875 reddi
3495 1821 3609 1876 Iec-

332 1903 435 1968 tio,
467 1910 526 1956 ut
557 1903 632 1957 sit
659 1919 673 1956 :
705 1901 808 1968 Qui
840 1903 1052 1972 probati
1087 1913 1239 1966 sunt,
1267 1905 1425 1974 quasi
1464 1914 1774 1975 argentum.

402 1998 852 2066 Διασκόρπισον
872 1997 1018 2066 ἔθνη
1045 2000 1117 2053 τὰ
1138 1999 1284 2065 τοὺς
1301 2000 1612 2069 πολέμους
1632 2000 1912 2057 θέλοντα.

2095 2001 2312 2066 Dissipa
2370 2009 2547 2069 gentes
2599 2013 2716 2068 qua:
2759 1996 2894 2051 bella
2945 1998 3144 2051 volunt.
3205 1997 3608 2057 lntellectuales

333 2089 446 2143 Καὶ
473 2088 544 2141 τὰ
572 2091 765 2159 νοητά,
802 2092 898 2142 καὶ
914 2087 982 2149 τὰ
1013 2089 1269 2158 αἰσθητά.

409 2180 671 2244 Ἤξυυσι
725 2181 1012 2248 πρέσϐεις
1058 2181 1128 2246 ἐξ
1157 2182 1486 2250 Αἰγύπτου.
1521 2183 1797 2253 Αἴγυπτόν
1827 2201 1920 2255 μοι

335 2271 448 2325 νόει
479 2273 663 2326 πᾶσαν
691 2273 796 2342 γῆν
829 2273 938 2326 τῶν
973 2273 1168 2339 ἐθνῶν,
1195 2275 1329 2344 ὅσης
1354 2276 1639 2348 ἰκυρίευεν
1667 2277 1696 2328 ὁ
1729 2278 1920 2347 νοητὸς

335 2362 540 2432 Φαραὼ
583 2362 849 2429 διάϐολος,
903 2364 997 2433 ἀφ’
1024 2358 1092 2435 ἧς
1121 2364 1302 2436 πάσης
1345 2365 1497 2436 ἥξειν
1523 2366 1661 2436 πρὸς
1683 2365 1920 2435 Χριστὸν

334 2459 562 2515 πιστοὺς
595 2453 954 2524 προφητεύει,
1002 2456 1416 2527 πρεσϐεύοντας
1464 2459 1608 2529 ὑπὲρ
1647 2460 1772 2513 ὅλου
1823 2460 1918 2513 τοῦ

335 2543 544 2616 κόσμου
574 2546 800 2610 παντός.

406 2637 685 2691 Αἰθιοπία
705 2637 1048 2708 προφθάσει
1067 2638 1238 2709 χεῖρα
1268 2637 1465 2710 αὐτῆς
1484 2642 1566 2707 τῷ
1595 2641 1738 2697 Θεῶ.
1768 2646 1918 2712 Προ-

329 2725 573 2796 φθάονει,
601 2729 726 2783 ἀντὶ
751 2728 870 2796 τοῦ,
907 2729 1127 2800 φθάσει,
1175 2733 1206 2788 ὃ
1251 2734 1426 2798 ἔστιν,
1453 2735 1666 2790 ὲκτενεῑ
1690 2749 1704 2764 ·
1735 2735 1766 2787 ό
1806 2737 1918 2807 γὰρ

337 2818 560 2888 φθάνων
582 2820 846 2877 ἐκτείνων
875 2821 977 2894 τὴν
1001 2826 1185 2895 χεῖρα,
1215 2826 1410 2894 φθάνει
1437 2825 1500 2878 τὸ
1529 2827 1740 2898 πόρρω.
1784 2825 1919 2880 Ἀπὸ

331 2907 431 2961 τοῦ
464 2909 734 2979 ἑπομένου
768 2910 950 2964 τοίνυν
1003 2911 1064 2964 τὸ
1091 2913 1400 2982 ἡγούμενον
1432 2913 1730 2983 ἐσήμανεν.
1767 2911 1920 2976 Ἐξέ-

331 3015 480 3053 τεινε
507 2999 618 3070 γὰρ
643 3002 722 3062 εἰς
765 3002 1002 3072 Χριστὸν
1049 3002 1143 3055 τὸν
1182 3004 1500 3074 Κανδάκην,
1539 3003 1598 3057 δν
1637 3003 1732 3057 καὶ
1760 3003 1918 3072 χεῖρα

334 3088 509 3158 αὐτῆς
552 3091 580 3141 ὁ
627 3089 786 3158 λόγος
844 3091 1136 3144 ἐκάλεσεν·
1187 3093 1246 3146 ἐν
1283 3096 1348 3162 τῇ
1401 3093 1548 3164 χειρὶ
1592 3092 1701 3163 γὰρ
1747 3093 1781 3161 ἡ
1820 3089 1918 3144 τοῦ

331 3180 628 3251 ἀνθρώπου
658 3182 892 3253 δύναμις
912 3199 926 3214 ·
967 3184 1093 3237 ἐπεὶ
1123 3185 1218 3238 καὶ
1247 3190 1313 3256 τῇ
1348 3184 1639 3256 βασιλίσσῃ
1680 3183 1917 3254 παρεδύ-

334 3272 585 3328 νάστευε.
620 3276 858 3345 Περιττὴ
893 3276 948 3328 δὲ
995 3279 1028 3346 ὴ
1065 3277 1329 3346 πρόθεσις
1373 3276 1512 3348 (46).
1552 3278 1711 3341 Τινὲς
1736 3277 1796 3330 δὲ
1827 3277 1916 3328 λέ-

2022 2094 2284 2148 nimirum
2320 2102 2374 2148 et
2403 2091 2696 2147 sensibiles
2721 2101 2934 2162 gentes.

2097 2184 2266 2240 Vens.
2293 2183 2384 2237 52.
2402 2181 2612 2238 Veniant
2631 2183 2794 2254 legati
2819 2200 2885 2240 ex
2905 2183 3156 2258 zEgyplo.
3181 2186 3286 2242 Per
3308 2189 3603 2261 Egyptum

2023 2293 2219 2335 omnes
2266 2279 2511 2347 gentium
2565 2278 2818 2347 regiones
2851 2279 3113 2349 intellige,
3146 2285 3348 2350 quibus
3396 2283 3609 2340 intelle-

2023 2368 2225 2424 ctualis
2260 2367 2472 2421 Pharao
2519 2367 2732 2421 daemon
2769 2368 3108 2424 dominatur.
3145 2373 3219 2425 Ex
3271 2374 3370 2427 hac
3397 2377 3603 2429 etenim

2022 2455 2541 2526 [Egyptogrenturos
2561 2471 2686 2511 esse
2715 2457 2962 2524 praedicit
2987 2459 3175 2517 ﬁdeles
3197 2463 3266 2516 ad
3293 2461 3601 2527 Christum,

2023 2563 2123 2618 pro
2152 2555 2267 2601 toto
2292 2548 2426 2602 orbe
2451 2548 2875 2603 intercessuros.

2091 2632 2371 2706 ΔΞιΙιὶορὶα
2395 2635 2675 2700 ριἰιιυεηίει
2699 2651 2913 2690 manum
2950 2654 3101 2693 suum
3128 2640 3259 2697 Deo.
3286 2639 3601 2710 Prmeniet,

2023 2722 2128 2779 hoc
2153 2731 2262 2789 est,
2297 2724 2592 2790 extendet;
2641 2739 2768 2778 nam
2795 2727 2890 2796 qui
2921 2742 3146 2783 manum
3170 2734 3436 2800 extendit,
3465 2749 3604 2805 pra:-

2023 2815 2212 2870 venire
2278 2814 2686 2885 quodammodo
2754 2815 2890 2874 illud
2942 2817 3158 2874 videtur
3218 2821 3367 2891 quod
3413 2825 3603 2893 procul

2019 2907 2256 2977 iacebat.
2288 2907 2372 2962 Ab
2401 2922 2466 2963 eo
2502 2907 2666 2978 igitur
2686 2910 2832 2978 quod
2865 2914 3248 2982 consequitur,
3271 2916 3604 2986 signiﬁcavit

2024 2997 2076 3051 id
2114 2997 2257 3068 quod
2302 2997 2582 3067 praecedit.
2634 2997 2892 3054 Extendit
2917 3009 3100 3056 autem
3134 3000 3421 3076 Ethiopia
3449 3005 3598 3063 Can-

2025 3091 2218 3144 dacem
2255 3089 2435 3154 illum,
2476 3103 2640 3158 quem
2675 3105 2900 3146 manum
2947 3108 3094 3148 nunc
3121 3096 3390 3165 prOphcta
3413 3101 3606 3170 appel-

2024 3183 2123 3246 lat,
2165 3183 2333 3238 veluti
2390 3187 2673 3250 potentem
2725 3182 2872 3238 inter
2918 3184 3228 3257 Ethiopcs.
3275 3185 3370 3244 Vis
3400 3194 3603 3247 etenim

2027 3291 2092 3331 ac
2119 3276 2288 3331 robur
2308 3275 2550 3331 hominis
2579 3275 2638 3329 in
2661 3290 2824 3330 matiu
2855 3279 3207 3348 potissimum
3233 3283 3601 3355 dignoscitur.

341 3380 500 3433 γουσι
526 3366 614 3419 διά
639 3365 738 3435 μὲν
768 3365 867 3435 τῆς
893 3366 1173 3435 Αἰγύπτου
1222 3369 1405 3422 πᾶσαν
1437 3369 1540 3440 γῆν
1571 3367 1866 3438 δηλοῦσθαι
1897 3383 1910 3398 ’

2023 3369 2224 3426 Potens
2302 3378 2484 3424 autem
2564 3379 2685 3424 erat
2736 3371 2828 3426 ille
2894 3371 3221 3440 Candaces,
3283 3391 3410 3432 cum
3478 3390 3603 3448 poet

336 3455 517 3527 πάσης
549 3459 656 3526 γάρ
702 3459 804 3527 γῆς
869 3459 898 3510 ό
939 3459 1126 3529 νοητὸς
1169 3457 1373 3528 Φαραὼ
1409 3460 1730 3532 κεκράτηκε
1758 3475 1773 3490 ο
1823 3460 1914 3513 ea

336 3547 392 3602 δὲ
422 3550 521 3618 τῆς
549 3549 840 3614 Αἰθιοπίας
889 3550 990 3605 καὶ
1017 3550 1161 3605 αύτά
1181 3553 1250 3605 τά
1295 3551 1392 3605 τοῦ
1437 3551 1646 3621 κόσμου
1677 3552 1911 3623 πέραταο

332 3639 557 3710 ἔσχατοι
603 3642 714 3714 γάρ
757 3644 981 3696 πάντων
1029 3641 1360 3713 ἀνθρώπων,
1384 3644 1437 3696 οι
1463 3647 1521 3696 ὲν
1550 3643 1785 3714 ἀνατολῇ
1821 3647 1917 3698 καὶ

335 3734 488 3788 δύσει
525 3736 782 3801 Αἰθίοπες
824 3775 839 3792 .
892 3737 1374 3804 Μνησθήσονται
1432 3738 1563 3804 γὰρ,
1609 3737 1767 3807 φησὶ,
1814 3737 1914 3790 καί

332 3827 894 3896 ἐπιστραφήσονται
920 3831 1072 3896 πρὸς
1095 3828 1319 3895 Κύριον
1356 3826 1558 3880 πάντα
1589 3828 1665 3880 τὰ
1687 3828 1916 3894 πέρατα

333 3916 445 3985 τῆς
469 3916 581 3987 τῆς
609 3935 621 3947 υ
650 3919 884 3972 ἐνταῦθα
921 3919 978 3972 δὲ
1013 3919 1098 3984 τὸ,
1134 3915 1472 3987 προφθὰσει
1499 3918 1689 3986 χεῖρα,
1725 3917 1915 3981 ἁπλῶς

334 4007 711 4080 λαμϐάνομεν,
759 4010 881 4065 ἀντὶ
932 4009 1050 4076 τοῦ,
1116 4011 1361 4064 Ἐκτενεῖ
1394 4011 1492 4072 τὰς
1540 4013 1727 4081 χεῖρας
1751 4012 1809 4065 ἐν
1836 4011 1914 4080 τῷ

329 4098 589 4171 εὔχεσθαι
616 4103 754 4173 πρὸς
781 4104 1041 4174 Χριστὸν,
1072 4103 1176 4174 ήδη
1218 4102 1582 4157 πιστεύσασα.

2023 3462 2268 3532 reginam
2301 3460 2357 3516 in
2382 3460 2612 3531 imperio
2631 3457 2840 3530 primus
2863 3461 3162 3520 haberetur
3185 3483 3201 3532 ;
3227 3475 3385 3521 vacat
3417 3478 3598 3523 autem

2022 3551 2365 3622 praepositio.
2391 3552 2577 3620 Aliqui
2611 3567 2708 3620 per
2728 3551 3028 3622 Egyptum
3056 3557 3377 3610 universum
3409 3557 3606 3612 dicunt

2023 3645 2214 3698 orbem
2259 3641 2582 3710 signiﬁcari,
2633 3655 2702 3697 eo
2741 3648 2885 3711 quod
2935 3644 3328 3700 intellectualis
3387 3646 3604 3703 Pharao

2024 3735 2196 3790 totius
2227 3734 2380 3788 orbis
2428 3733 2829 3798 dominaretur,
2863 3743 2918 3788 et
2952 3750 3048 3804 per
3078 3733 3418 3806 Ethiopiam
3448 3739 3603 3808 ejus-

2024 3825 2149 3879 dem
2187 3823 2339 3878 orbis
2383 3821 2520 3877 ﬁnes
2553 3821 2834 3876 denotari.
2872 3822 3012 3876 Sunt
3040 3825 3186 3878 enim
3221 3824 3509 3896 Aitbiopes
3547 3829 3600 3882 in

2023 3915 2158 3970 orbe
2206 3913 2454 3968 omnium
2506 3912 2795 3967 hominum
2843 3915 3103 3981 extremi,
3164 3916 3257 3986 qui
3311 3914 3593 3975 Orientem

2024 4006 2272 4062 incolunt
2287 4012 2342 4058 et
2358 4001 2734 4059 Occidentem.
2757 4001 3188 4060 Reminiscentur
3210 4011 3374 4076 enim,
3399 4012 3604 4081 inquit,

2019 4110 2068 4153 et
2097 4106 2469 4152 convertentur
2492 4097 2562 4150 ad
2591 4095 2882 4150 Dominum
2912 4099 3138 4153 universi
3189 4101 3319 4164 ﬁnes
3349 4111 3504 4156 terra:
3531 4105 3597 4168 ⁸⁸,

331 4195 571 4266 Etjuxta
603 4197 922 4267 huiusmodi
952 4198 1378 4267 expositionem,
1409 4196 1556 4267 quod
1627 4199 1706 4251 ait
1747 4215 1762 4253 :
1834 4195 2126 4252 Prwceniet
2189 4209 2406 4246 manum
2473 4208 2651 4257 suam,
2688 4190 3016 4260 simpliciter
3051 4207 3118 4247 ac
3161 4193 3320 4262 juxta
3360 4195 3594 4249 litteram

331 4288 596 4358 intellige,
625 4288 774 4359 quod
811 4290 1091 4359 supplices
1121 4288 1189 4344 ad
1223 4287 1518 4345 Christum
1551 4302 1753 4344 manus
1798 4287 2060 4342 extendet
2086 4285 2271 4343 ﬁdelis
2294 4285 2506 4340 scilicet
2531 4283 2646 4350 jam
2679 4282 2894 4338 euecta.

399 4383 471 4435 Δί
506 4381 822 4444 βασιλεῖαι
849 4380 961 4451 τῆς
996 4381 1110 4450 γῆς
1155 4382 1346 4450 ᾷσατε
1375 4382 1454 4448 τῷ
1489 4382 1632 4448 Θεῷ,
1675 4381 1913 4451 gradata

334 4470 415 4538 τῷ
442 4474 656 4542 Κυρίῳ.
687 4475 861 4530 Τοῦτο
879 4475 989 4528 τῶν
1021 4475 1376 4544 δηλωθέντων
1407 4475 1503 4528 δύο
1533 4475 1717 4548 ῥητῶν
1742 4477 1912 4544 ἐφερ-

2099 4379 2266 4433 Vt-ztts.
2294 4378 2384 4433 35.
2409 4377 2594 4446 Regna
2639 4385 2819 4439 terra,
2847 4386 3066 4429 cantate
3092 4359 3223 4439 Deo.
3255 4377 3472 4446 psallite
3495 4378 3598 4432 Do-

2022 4474 2186 4526 mino.
2225 4469 2327 4525 llic
2349 4471 2661 4526 versiculus
2687 4471 2754 4524 ad
2779 4470 3015 4524 duorum
3046 4472 3470 4540 praecedentium
3506 4475 3600 4526 tle~

335 4563 687 4631 μηνευτικὺν,
726 4563 1037 4626 καθολικῶς
1083 4565 1256 4617 πᾶσιν
1302 4566 1515 4618 ἔθνεσιν
1541 4564 1908 4634 ἐγκελευόμε-

2024 4564 2384 4618 clarationem
2414 4562 2793 4631 consequitur.
2829 4559 3128 4618 Universas
3158 4566 3360 4618 etenim
3394 4576 3588 4634 gentes

331 4669 422 4705 νον
448 4655 596 4725 ᾅδειν
621 4655 716 4709 καὶ
746 4656 973 4726 ψάλλειν
995 4656 1238 4726 Χριστῷ.

405 4746 490 4812 Τῷ
514 4746 887 4814 ἐπιδεόηκότι
931 4749 1030 4801 ἐπὶ
1069 4748 1176 4800 τὸν
1209 4751 1474 4816 υὺριινον
1510 4751 1618 4803 τοῦ
1645 4748 1912 4816 οὐρανοῦ

329 4839 482 4893 κατὰ
528 4840 855 4905 ἀνατολάς.
885 4841 974 4911 Τῷ
1011 4841 1382 4911 ἀναϐεϐηκότι
1419 4843 1501 4904 εἰς
1543 4841 1636 4895 τὸν
1682 4842 1914 4912 οὐρανὸν

329 4932 568 5004 οὐρανοῦ
630 4935 688 4986 ὲν
741 4934 1029 4995 ἀνατολαῖς
1055 4973 1070 4998 ,
1113 4933 1291 4985 εῖτουν
1338 4933 1590 5002 φανερῶς
1615 4949 1634 4964 ο
1667 4933 1913 4986 κάτωθεν

329 5024 589 5095 ὁρώντων
647 5027 970 5080 ἀποστόλων
1001 5069 1015 5089 ,
1065 5027 1275 5080 ἄνωθεν
1329 5028 1385 5081 δὲ
1445 5025 1555 5079 τῶν
1599 5026 1910 5095 ἀσωμάτων

325 5117 632 5190 δυνάμεων.
674 5119 770 5172 Ἐκ
791 5121 890 5188 μὲν
913 5122 1021 5188 γὰρ
1039 5119 1132 5170 τοῦ
1154 5118 1391 5190 οὐρανοῦ
1414 5119 1550 5188 πρὸς
1583 5119 1688 5188 γῆν
1715 5117 1908 5170 κατελ-

329 5208 475 5277 θὼν,
514 5211 572 5263 ὲν
601 5210 786 5263 δύσεσι
817 5210 1108 5279 κατῆλθεν,
1141 5213 1170 5264 ὃ
1203 5213 1353 5264 ἐστιν
1394 5209 1618 5279 ἀφανῶς
1643 5227 1657 5240 ο
1695 5210 1906 5271 πάντας

438 5353 480 5383 ⁶¹
510 5355 629 5408 Act.
663 5371 734 5417 tv,
768 5353 850 5407 18.
929 5355 973 5386 ⁸⁸
1003 5353 1145 5409 Psal.
1174 5369 1286 5418 ut,
1317 5353 1406 5406 28.

2022 4655 2336 4724 promiscue
2359 4669 2562 4709 canere
2589 4654 2811 4709 Clu-isto
2837 4652 3012 4722 jubet,
3044 4665 3096 4708 et
3131 4655 3382 4723 psallere.

2092 4745 2258 4801 Vsus.
2301 4746 2389 4801 54.
2429 4747 2539 4812 Qui
2597 4746 2851 4800 ascendet
2906 4761 3064 4812 super
3113 4747 3302 4801 calum
3364 4752 3482 4804 caeli
3541 4752 3596 4805 in

2023 4839 2316 4894 Orientem.
2352 4839 2455 4905 Qui
2487 4838 2737 4892 ascendit
2764 4838 2816 4891 in
2850 4839 3046 4893 caelum
3073 4840 3126 4892 in
3160 4838 3462 4904 Orientem,
3493 4844 3596 4895 hoc

2020 4940 2128 4994 cst,
2200 4931 2383 5000 palam
2448 4944 2512 4984 ac
2574 4927 2892 4997 manifeste,
2959 4931 3215 4988 omnibus
3278 4933 3594 4988 videntibus

2021 5023 2306 5092 apostolis,
2332 5021 2426 5091 qui
2473 5021 2529 5075 in
2563 5030 2711 5076 terra
2766 5032 2946 5090 erant,
2975 5033 3030 5077 et
3081 5023 3396 5078 ridentibus
3425 5026 3591 5078 etiam

2021 5116 2285 5171 omnibus
2313 5114 2656 5184 incorporeis
2686 5115 3007 5185 angelorum
3037 5115 3351 5170 ordinibus.
3378 5113 3420 5166 E
3451 5116 3596 5168 uelo

2018 5211 2222 5263 etenim
2259 5209 2603 5265 descendens
2653 5208 2712 5262 in
2763 5218 2992 5276 terram,
3028 5206 3315 5263 descendit
3346 5208 3398 5259 in
3429 5207 3588 5259 Occi-

1653 5447 1857 5509 Variaa
1895 5445 2227 5508 lectiones.

404 5553 517 5626 (46)
549 5553 817 5608 Nimirum
870 5554 997 5626 πρὸ,
1060 5556 1113 5608 in
1181 5555 1347 5609 verbo
1405 5547 1902 5626 προνρθάσειέηιιειι

333 5621 553 5692 quidem
595 5628 758 5678 verba
812 5621 924 5680 non
968 5627 1222 5680 videntur
1255 5626 1376 5679 loco
1410 5621 1511 5678 suo
1558 5625 1753 5692 posita.
1795 5621 1898 5675 Re-

332 5696 476 5750 ctius
527 5695 682 5749 initio
732 5698 917 5751 statim
981 5708 1106 5762 post
1166 5697 1520 5759 versiculum,
1574 5704 1668 5748 aut
1716 5695 1898 5763 potius

677 5792 954 5852 I’ATROL.
999 5793 1111 5851 (in.
1151 5791 1469 5852 CXXVIII.

2015 5552 2126 5604 Iam:
2158 5549 2586 5615 animadversio,
2615 5560 2673 5602 ut
2709 5559 2759 5602 ct
2793 5550 2910 5602 alia:
2946 5544 3280 5616 hujusmodi,
3336 5561 3459 5603 vere
3493 5561 3592 5601 πε-

2012 5635 2189 5691 ριττη.

3110 5773 3188 5837 22
