4020 6218
422 267 537 331 683
1639 245 1841 305 EUTll
1856 241 2016 300 ΪΜΙΙ

2158 233 2416 295 ιΑΒΕΝι
3583 205 3690 269 684

397 385 668 468 .dentem,
705 377 807 430 hoc
855 385 958 434 est,
994 371 1132 424 clam
1195 375 1249 421 et
1305 365 1537 416 latenter
1589 361 1658 413 ah
1711 357 2044 415 (inmitius-,1

2158 371 2306 428 ιθὼν,
2361 373 2838 436 ἐπικρυπτομενηῑ
2869 359 3124 429 ἀρῥητως
3169 352 3267 420 τῆς
3293 348 3552 416 θεότητος
3583 360 3597 373 °
3627 345 3690 394 ὲκ

2229 462 2250 468 -
2348 463 2372 468 -
2467 457 2478 468 ι
2582 455 2593 468 ·
2716 453 2729 468 \
2802 451 2814 468 ι
2866 447 3029 468 An)...
3078 446 3133 468 ε-.
3159 439 3441 468 λη...,,ι“...τρ
3469 431 3688 468 ain-330c-

430 477 720 540 velataque
749 478 802 522 et
839 465 1055 518 obtecta
1090 455 1351 512 ineﬂ'ahili
1388 452 1628 524 quodam
1656 452 1818 502 modo
1848 447 1998 498 illius

2158 480 2170 512 ι
2195 462 2293 528 τῆς
2307 463 2409 526 γῆς
2434 457 2512 516 εἰς
2541 453 2772 521 οὐρανὸν
2794 447 3051 506 ἀνελθὼν,
3077 446 3133 495 ὲν
3157 439 3441 499 ἀνατολαῖς
3467 431 3688 495 ἀνῆλθε*

430 565 733 623 divinitate.
771 555 1091 611 Asccndens
1124 566 1250 604 vero
1279 566 1310 603 e
1341 561 1491 600 terra
1524 547 1578 597 in
1638 543 1862 603 coelum,
1907 555 2000 607 pa-

433 662 542 713 lam
589 649 874 709 ascendit:
911 655 964 700 ct
1012 646 1116 698 hoc
1160 653 1264 706 est,
1311 638 1454 708 quod
1492 637 1569 690 ait
1603 632 1922 688 ascendisse
1951 629 2006 681 in

433 752 738 805 Orientem.
775 740 880 796 Alii
914 737 1037 791 ideo
1077 736 1288 790 dictum
1323 744 1449 785 esse
1483 734 1680 797 putant
1729 724 1786 776 in
1827 720 2013 774 Orien-

437 851 558 896 tem,
589 832 715 902 quia
733 827 996 884 Christus
1017 825 1070 877 in
1096 818 1362 875 Orientali
1389 814 1694 871 Jerusdem
1717 825 1814 866 ora
1838 816 2008 871 esset,

434 927 654 1000 quando
687 924 742 978 in
786 922 990 976 caelum
1021 920 1345 981 assumptus
1371 915 1482 964 est.
1528 910 1608 960 lta
1640 904 1786 958 enim
1826 902 2012 970 jacere

439 1022 629 1076 dicunt
687 1014 752 1068 ad
799 1009 1104 1066 Jerusalem
1152 1015 1389 1059 montem
1445 1001 1747 1054 Olivarum.
1797 993 2008 1048 leum

441 1126 573 1165 vero
619 1106 744 1162 (εωὶί
803 1102 936 1156 illud
980 1098 1242 1168 appellat,
1277 1092 1426 1164 quod
1483 1098 1568 1145 est
1619 1102 1785 1157 supra
1833 1087 2016 1138 lirma-

442 1211 707 1260 mentum,
737 1194 988 1265 quodque
1029 1196 1156 1244 ante
1182 1201 1374 1242 omnes
1398 1183 1535 1237 alios
1565 1180 1736 1237 caelos
1767 1187 2031 1245 creatum,

443 1303 562 1358 est;
597 1288 730 1345 illud
774 1287 918 1342 enim
966 1280 1298 1337 ﬁrmamenti
1348 1276 1548 1330 caelum
1599 1273 1824 1326 dicitur.
1879 1269 2014 1320 Nam

449 1401 545 1455 per
574 1385 975 1436 lirmamentum
1010 1383 1260 1428 nostrum
1294 1369 1497 1421 cmlum
1537 1361 1921 1430 intelligimus.

520 1474 650 1527 Ecce
679 1469 828 1522 dabit
879 1468 986 1520 voci
1028 1479 1137 1517 sua:
1166 1476 1338 1514 vocem
1370 1458 1601 1511 virtutis.
1648 1451 1765 1506 Vox
1814 1450 2019 1505 Christi

447 1567 679 1637 apostoli
733 1571 886 1624 sunt,
941 1560 1032 1627 qui
1098 1553 1301 1608 Christi
1359 1553 1662 1618 loquuntur
1711 1559 2017 1600 sermones.

449 1635 544 1712 llis
572 1659 740 1725 igitur
776 1655 829 1707 in
865 1652 953 1706 die
986 1649 1342 1703 Pentecostes
1374 1649 1628 1695 sanetum
1663 1636 1810 1690 dedit
1842 1635 2018 1702 Spiri-

2118 553 2276 605 τοῦτο
2311 552 2418 619 γὰρ
2441 548 2594 616 δηλοί
2623 547 2710 605 τὸ,
2743 549 2895 596 κατὰ
2931 535 3256 600 ἀνατολάς.
3283 532 3439 592 Τινὲς
3474 529 3532 582 δέ
3561 543 3691 594 φασι

2119 646 2180 695 τὸ
2206 644 2350 696 κατὰ
2377 638 2646 698 ἀνατολὰς
2675 633 2952 705 εἰρῆσθαι,
2979 631 3066 682 διὰ
3095 628 3188 680 τοῦ
3218 631 3281 678 εκ
3313 623 3406 674 τοῦ
3447 617 3697 673 ἀνατολι-

2124 736 2372 804 κωτέρου
2415 730 2614 801 μέρους
2638 727 2738 795 τῆς
2784 721 3144 793 Ἰερουσαλὴμ
3176 711 3554 782 ἀναληφθῆναι
3608 707 3696 759 τὸν

2124 826 2351 896 Κύριον.
2375 821 2533 877 Οὕτω
2553 820 2664 888 γὰρ
2686 821 2864 870 κεῖται
2884 816 2943 867 τὸ
2960 814 3085 882 ὅρος
3108 810 3216 862 τῶν
3251 805 3499 859 Ἐλαιῶν.
3520 801 3696 867 Οὐρα-

2125 919 2215 970 νόν
2260 915 2314 967 δὲ
2355 910 2584 982 οὐρανοῦ
2611 911 2704 963 τὸν
2731 907 2871 976 ὑπὲρ
2899 906 2959 956 τὸ
2979 902 3266 972 στερέωμα
3315 893 3568 964 οὐρανὸν,
3608 891 3697 942 τὸν

2125 1005 2232 1076 πρὸ
2265 981 2488 1058 πάντων
2514 999 2873 1071 παρηγμένον
2895 997 3202 1062 ὠνόμασεν
3229 990 3436 1044 ἐκεῖνος
3463 983 3562 1054 μὲν
3591 981 3698 1049 γὰρ

2127 1097 2221 1150 τοῦ
2275 1095 2657 1164 στερεώματό;
2727 1094 2878 1142 ἐστιν
2932 1087 3158 1156 οὐρανός
3189 1099 3204 1114 ⁸
3233 1082 3294 1135 τὸ
3327 1080 3383 1132 δὲ
3413 1076 3700 1146 στερέωμα

2131 1192 2293 1244 πάλιν
2320 1188 2550 1258 οὐρανὸς
2577 1185 2758 1256 ἡμῶν.

2218 1459 2372 1512 Ἰδοὺ
2398 1456 2578 1510 δώσει
2613 1454 2685 1524 τῇ
2724 1453 2893 1523 φωνῇ
2921 1449 3108 1505 αὐτοῦ
3139 1447 3350 1517 φωνὴν
3377 1443 3706 1509 δυνάμεως.

2135 1550 2290 1622 Φωνὴ
2321 1550 2418 1602 τοῦ
2463 1548 2703 1620 Χριστοῦ
2759 1547 2810 1600 οἱ
2864 1543 3158 1597 ἀπόστολοι
3184 1558 3196 1569 ·
3244 1533 3332 1590 οἶα
3362 1536 3488 1596 τοῦς
3519 1533 3708 1597 λόγους

2137 1643 2302 1696 αὑτοῦ
2333 1643 2619 1702 λαλοῦντες
2651 1656 2664 1669 ·
2723 1638 2934 1699 τούτοις
2974 1634 3067 1687 οὖν
3098 1633 3264 1684 ἔδωκε
3297 1629 3358 1680 τὸ
3399 1625 3618 1693 Πνεῦμα
3651 1625 3709 1673 τί

453 1763 591 1814 ιιιιιι,
616 1761 778 1817 quem
810 1745 916 1796 hoc
973 1742 1094 1792 loco
1151 1737 1349 1789 heatus
1377 1732 1550 1784 David
1578 1728 1802 1780 virtutis
1835 1738 2024 1778 vocem

2158 1753 2290 1804 [γιον
2319 1740 2376 1789 ἐν
2407 1736 2484 1804 τῷ
2513 1731 2688 1803 καιρῷ
2707 1732 2805 1802 τῆς
2857 1725 3240 1798 Πεντηκοστῆς
3274 1741 3286 1753 ·
3311 1723 3339 1774 ὅ
3362 1719 3454 1772 νῦν
3485 1719 3708 1770 ἐκάλεσε

454 1840 713 1912 appellat,
741 1838 896 1905 juxta
926 1831 1071 1901 quod
1101 1829 1281 1881 Lucas
1311 1827 1406 1889 ait,
1432 1823 1578 1892 quod
1617 1821 1811 1873 Factus
1843 1827 1920 1871 est
1952 1832 2031 1869 re-

2158 1827 2324 1897 ρωνὴν
2374 1825 2660 1894 δυνάμεως
2696 1825 2724 1874 ό
2765 1820 2928 1874 Δαϐίδ
2959 1838 2973 1852 ο
3007 1817 3192 1887 φωνὴν
3235 1816 3356 1884 μὲν,
3393 1812 3531 1864 διότι
3582 1807 3710 1875 φησι

455 1943 604 2003 petite
653 1929 715 1982 de
742 1925 870 1980 coclo
909 1937 1071 1976 sonus
1129 1930 1386 1987 tanquam
1433 1912 1758 1968 advenientis
1809 1907 2028 1974 spiritus

2158 1921 2381 1982 ιουκᾶςο
2410 1921 2522 1971 Καὶ
2552 1916 2790 1985 ἐγένετο
2817 1913 2984 1981 ἄφνω
3009 1911 3077 1967 ἐκ
3111 1908 3216 1962 τοῦ
3255 1902 3515 1972 οὐρανοῦ
3544 1897 3710 1970 ἦχος,

456 2023 767 2080 vehementis
814 2021 883 2072 ⁸³.
935 2016 1118 2069 Sonus
1162 2019 1349 2064 autem
1397 2006 1521 2061 voci
1564 2002 1882 2059 simillimus
1919 2007 2030 2054 est.

2158 2015 2339 2082 ὒσπερ
2378 2011 2714 2082 φερομένης
2739 2007 2949 2072 βιαίας
2989 2001 3198 2073 φωνῆς
3233 2017 3247 2034 ο
3279 2003 3306 2051 ὁ
3337 1999 3393 2051 δε
3425 1992 3554 2066 ἦχος
3583 1995 3714 2050 πάνυ

471 2116 693 2170 l'irtutis
747 2127 878 2165 vero
928 2123 1103 2161 vocem
1151 2103 1315 2164 dixit,
1363 2100 1488 2170 quia
1525 2110 1579 2152 et
1607 2097 1726 2166 ipse
1764 2095 2034 2148 Dominus

2158 2129 2247 2174 τως
2281 2111 2466 2180 φωνήο
2504 2106 2788 2176 δυνάμεως
2823 2103 2901 2165 δὲ,
2936 2103 3017 2154 ὅτι
3051 2101 3144 2152 καὶ
3175 2101 3202 2149 ὁ
3233 2095 3438 2163 Κύριος
3486 2090 3716 2157 δύναμιν

457 2209 714 2262 virtutem
745 2219 870 2257 eum
891 2197 1215 2270 appellavit,
1251 2194 1444 2247 dicens
1477 2207 1492 2246 :
1530 2192 1704 2244 Donec
1731 2188 2035 2241 induamini

2158 2203 2277 2256 ιύτὸ
2307 2203 2601 2270 κέκληκεν,
2634 2195 2823 2251 εἰπών·
2855 2194 3004 2258 Ἕως
3038 2191 3116 2244 ἂν
3146 2188 3494 2252 ἐνδύσησθε
3539 2182 3714 2234 δύο-α-

460 2302 705 2353 virtutem
735 2311 798 2348 ex
831 2269 946 2346 altor
971 2291 1038 2344 ⁸⁸.
1073 2287 1166 2342 Vel
1201 2287 1381 2349 aliter,
1410 2299 1509 2353 per
1539 2297 1726 2336 vocem
1763 2280 1861 2334 Dei
1892 2285 2035 2349 pra:-

2158 2311 2238 2348 ιιι·
2274 2291 2344 2356 ἐξ
2386 2269 2712 2363 ὕψουςηῗἩ
2730 2285 2822 2340 καὶ
2850 2283 3048 2345 ἄλλως,
3103 2281 3256 2349 φωνὴ
3285 2277 3386 2346 μὲν
3441 2272 3537 2327 τοῦ
3584 2269 3715 2322 θεοῦ

462 2390 745 2445 cursorem
785 2383 1054 2438 Joannem
1087 2377 1356 2445 intellige,
1387 2375 1454 2428 de
1505 2387 1616 2441 quo
1646 2371 1860 2425 dictum
1897 2381 1982 2422 est
2019 2387 2033 2423 :

463 2481 598 2534 Ecce
630 2479 781 2531 mitto
808 2471 1051 2544 angelum
1084 2483 1255 2522 meum
1279 2475 1401 2520 ante
1424 2465 1618 2534 {aciem
1653 2471 1801 2516 tuam
1830 2462 1909 2524 ⁶⁵;
1939 2475 2039 2528 per

471 2586 658 2626 vocem
715 2582 842 2622 vero
891 2563 1136 2628 virtutis,
1190 2558 1369 2628 ipsum
1427 2555 1753 2620 Christum;
1795 2568 1861 2606 eo
1893 2554 2037 2621 quod

469 2673 589 2732 post
620 2660 894 2714 salutares
927 2653 1074 2708 illius
1106 2661 1390 2706 sermones
1454 2643 1642 2697 divina
1677 2641 1924 2713 quaedam
1959 2643 2044 2697 vis

468 2773 531 2812 ac
567 2755 738 2808 virtus
772 2745 1236 2816 consequebatur.
1271 2740 1406 2794 Nam
1437 2735 1601 2793 simul
1642 2751 1706 2789 ac
1735 2734 1944 2805 aliquid
1976 2736 2044 2790 ab

467 2864 534 2906 eo
564 2847 772 2902 dictum
804 2852 942 2905 erat,
974 2837 1161 2894 statim
1217 2834 1383 2889 etiam
1419 2844 1585 2899 opere
1617 2829 2040 2898 adimplehatur.

2139 2391 2168 2440 ὁ
2218 2387 2528 2458 πρόδρομος
2595 2380 2888 2448 Ἰωάννης·
2936 2374 3092 2430 Ἰδοὺ
3138 2373 3270 2443 γὰρ,
3327 2371 3516 2438 φησὶν,
3576 2367 3720 2419 ἀπο-

2140 2478 2379 2532 στέλλω
2398 2477 2504 2529 τὸν
2522 2472 2785 2543 ἄγγελόν
2809 2486 2924 2538 μου
2935 2466 3050 2536 πρὸ
3076 2462 3402 2533 προσώπου
3429 2475 3567 2513 σου.
3604 2459 3716 2509 Ψωο

2150 2572 2217 2641 νὴ
2241 2571 2296 2623 δὲ
2331 2568 2612 2637 δυνάμεως
2649 2568 2676 2618 ὁ
2724 2563 2992 2635 Χριστός·
3027 2558 3101 2621 ὼς
3152 2559 3264 2618 τοῖς
3313 2555 3494 2620 λόγοις
3559 2547 3722 2602 αὑτοῦ

2155 2638 2660 2732 παρακολουθεισης
2694 2655 2840 2716 θείας
2907 2651 3214 2717 δυνάμεως.
3240 2645 3394 2712 Ἅμα
3421 2644 3532 2708 γὰρ
3551 2638 3722 2701 ἔλεγε.

2154 2755 2249 2807 καὶ
2271 2755 2387 2821 ἅμα
2419 2752 2662 2819 ἐγίνοντο
2685 2749 2754 2801 τὰ
2771 2746 3028 2814 θαύματα
3053 2740 3230 2808 (46').

544 2936 712 2991 Vsus.
747 2934 836 2989 55.
882 2931 1016 2984 Date
1044 2926 1273 2998 gloriam
1326 2921 1458 2977 Deo.
1501 2920 1585 2974 Ad
1615 2920 1806 2975 ﬁdeles
1861 2939 2044 2978 sermo

2223 2931 2367 2984 Δότε
2414 2929 2604 2993 δόξαν
2635 2926 2719 2992 τῷ
2776 2923 2921 2988 Θεῷ.
2956 2922 3099 2992 Πρὸς
3133 2921 3257 2980 τοὺς
3295 2913 3650 2986 Χριστιανοὺς
3699 2913 3726 2961 ό

471 3043 574 3094 est,
615 3028 880 3082 mandans
911 3033 968 3076 ut
993 3022 1164 3074 Deum
1195 3017 1527 3088 gloriﬁcent,
1559 3014 1653 3082 qui
1698 3023 1905 3068 tantam
1940 3017 2049 3071 illis

476 3120 787 3188 impertitus
824 3125 908 3170 est
938 3110 1398 3166 misericordiam.

550 3213 718 3278 Super
743 3205 921 3260 Israel
944 3202 1343 3271 magnificentia
1369 3199 1506 3266 ejus.
1527 3199 1820 3268 Magnalia,
1847 3199 2052 3268 inquit,

481 3306 573 3360 Dei
607 3306 673 3356 iis
697 3299 1017 3354 hominibus
1048 3295 1425 3355 innotescunt,
1453 3295 1546 3360 qui
1578 3291 1775 3344 divinae
1803 3299 2063 3356 contem-_

483 3396 712 3468 plationi
772 3389 1107 3444 vacaverint.
1164 3383 1334 3438 Israel
1397 3383 1600 3436 etenim
1659 3379 2055 3450 interpretatur

484 3508 626 3545 meus
667 3488 841 3542 videns
863 3482 1066 3546 Deum;
1099 3479 1189 3532 ille
1221 3492 1350 3533 vero
1375 3476 1467 3545 qui
1496 3473 1788 3528 aﬂ‘eetihus
1823 3489 1888 3528 ae
1928 3489 2058 3542 pas-

483 3582 732 3638 siouihus
766 3575 932 3632 fuerit
963 3574 1299 3634 obcaicatus,
1334 3566 1695 3635 contemplari
1721 3580 1830 3619 non
1855 3565 2060 3634 poterit

485 3683 690 3747 quanta
738 3687 804 3724 ac
859 3668 1044 3738 qualia
1087 3667 1228 3719 Deus
1275 3662 1345 3716 ob
1390 3667 1640 3714 nostram
1673 3659 1744 3712 sit
1797 3667 2059 3726 operatus

484 3771 735 3825 salutem.
779 3761 846 3815 Et
903 3758 1048 3830 quod
1080 3757 1156 3810 ait
1203 3773 1217 3808 :
1270 3770 1427 3824 super
1475 3750 1675 3817 Israel,
1743 3751 1882 3806 dixit
1939 3766 2060 3820 pro,

485 3862 588 3931 ipsi
622 3857 808 3914 lsrael.
872 3851 961 3907 Vel
993 3851 1150 3904 aliter
1181 3867 1194 3903 :
1238 3847 1414 3918 Super
1449 3845 1690 3900 ﬁdelium
1736 3843 2060 3909 Ecclesiani,

489 3971 609 4026 qua:
639 3962 824 4007 mente
859 3961 922 4002 ac
956 3945 1154 4015 spiritu
1197 3943 1482 3998 Christum
1519 3937 1695 4003 videt,
1724 3938 1863 3992 ﬁunt
1895 3937 2064 3991 mira-

488 4049 616 4102 ltitia
653 4045 770 4110 Dei,
799 4055 1038 4112 quorum
1067 4034 1535 4105 contemplatione
1566 4031 1734 4101 digna
1767 4043 1891 4085 esse
1922 4043 2067 4084 sem-

494 4155 588 4208 per
613 4142 928 4205 reputatur.

563 4231 629 4284 Et
673 4231 840 4283 virtus
875 4225 990 4295 ejus
1025 4225 1078 4278 iu
1113 4220 1365 4274 nubibus.
1409 4216 1515 4272 Per
1554 4215 1729 4271 nubes
1777 4214 1868 4268 hic
1916 4213 2067 4282 ipso:

2153 3024 2333 3092 λόγος,
2371 3022 2819 3094 προτρεπόμενος
2860 3017 3105 3080 δοξάζειν
3147 3016 3238 3066 τὸν
3263 3010 3414 3072 Θεὸν,
3470 3006 3728 3072 τοιαύτης

2156 3115 2566 3185 φιλανθρωπίας
2600 3112 2953 3176 ἀξιωθέντας.

2226 3197 2363 3255 Ἐπὶ
2395 3204 2501 3253 τὸν
2554 3199 2802 3267 Ἰσραὴλ
2842 3199 2879 3264 ἡ
2906 3194 3386 3265 μεγαλοπρέπεια
3413 3187 3622 3243 αὑτοῦ.
3643 3185 3731 3254 Τῷ

2160 3292 2560 3362 θεωρικωτάτῳ
2594 3292 2750 3362 ἀνδρὶ
2796 3291 2864 3342 τὰ
2889 3288 3153 3359 μεγαλεῖα
3183 3285 3275 3338 τοῦ
3301 3282 3437 3337 Θεοῦ
3469 3280 3742 3350 γνωρίζεσ-

2159 3404 2270 3440 ται.
2311 3385 2528 3456 Ἰσραὴλ
2560 3386 2668 3455 γὰρ
2695 3383 3084 3455 ἑρμηνεύεται,
3113 3379 3262 3444 νοῦς
3291 3378 3447 3446 ὀρῶν
3476 3378 3640 3429 Θεόν.
3682 3375 3736 3424 ’0

2165 3478 2271 3548 γὰρ
2305 3475 2605 3544 τυφλωθεὶς
2665 3479 2728 3529 ὲκ
2779 3473 2970 3528 παθῶν
3011 3472 3070 3525 ού
3111 3472 3333 3524 δύναται
3379 3467 3736 3535 κατανοῆσαι,

2163 3571 2266 3622 ὅσα
2289 3571 2383 3621 καὶ
2411 3564 2498 3621 οἷα
2527 3573 2554 3622 ὀ
2575 3569 2706 3629 Θεὸς
2725 3568 2814 3620 διὰ
2838 3567 2937 3635 τὴν
2955 3564 3233 3635 ἡμετέραν
3254 3561 3531 3630 σωτηρίαν
3563 3561 3738 3626 ἐπρα-

2166 3663 2534 3731 γματεύσατο.
2581 3660 2705 3712 Ἐπὶ
2758 3659 2865 3712 τὸν
2917 3657 3164 3723 Ἰσραὴλ
3203 3646 3318 3717 οὖν,
3347 3653 3469 3705 ἀντὶ
3501 3650 3631 3713 τοῦ,
3666 3647 3741 3715 τῷ

2180 3753 2422 3825 Ἰσραήλ.
2459 3752 2531 3805 Ἦ
2586 3753 2682 3804 καὶ
2737 3750 2937 3810 ἄλλως.
2977 3745 3102 3798 Ἐπὶ
3149 3744 3244 3814 τὴν
3271 3739 3592 3809 ⁴ἐκκλησίαν
3637 3737 3743 3790 τῶν

2170 3849 2400 3912 πιστῶν,
2455 3848 2578 3917 ἥτις
2639 3842 2840 3913 νοερῶς
2861 3842 2964 3912 ὁρᾷ
2987 3840 3078 3893 τὸν
3108 3834 3371 3907 Χριστὸν,
3411 3833 3628 3901 γίνεται
3679 3830 3747 3880 τὰ

2169 3939 2453 4010 θαυμάσια
2478 3938 2574 3992 τοῦ
2609 3935 2745 3990 Θεοῦ
2778 3953 2793 3970 ·
2819 3935 2918 3988 καῖ
2943 3931 3082 4002 αῦτη
3117 3929 3321 3984 τούτων
3351 3924 3602 3992 ἀξιοῦται
3661 3920 3746 3975 διὰ

2170 4047 2399 4096 παντός.

2242 4210 2351 4266 Καὶ
2377 4210 2416 4279 ἡ
2445 4208 2705 4276 δύναμις
2742 4202 2931 4261 αὐτοῦ
2957 4200 3027 4254 ἐν
3070 4197 3200 4263 ταῖς
3231 4194 3538 4264 νεφέλαις.
3573 4188 3755 4259 Νεφέ-

493 4330 658 4380 etiam
697 4319 979 4391 apostolos
1004 4313 1286 4383 intelligit,
1331 4311 1498 4366 veluti
1531 4323 1700 4377 supra
1733 4307 2044 4362 exsistentei

2168 4303 2264 4366 λας
2294 4301 2389 4355 νῦν
2447 4301 2600 4368 λέγει
2631 4297 2759 4362 τοὺς
2786 4293 3144 4358 ἀποστόλους,
3187 4290 3262 4352 ὡς
3309 4287 3752 4357 ὑπερκειμένους

492 4429 661 4488 atque
691 4416 1004 4471 eminentes
1035 4425 1064 4462 a
1099 4405 1340 4461 terrenis
1364 4403 1626 4475 negotiis,
1657 4415 1721 4454 ac
1749 4399 1917 4454 veluti
1949 4399 2032 4468 spi
2057 4427 2070 4437 -

495 4510 682 4565 rituali
713 4521 856 4576 aqua
908 4507 1121 4574 plenos,
1156 4515 1320 4570 quam
1351 4513 1417 4552 ex
1454 4495 1633 4550 sancti
1668 4492 1908 4562 Spiritus
1941 4505 2070 4560 pro-

498 4604 687 4661 fundis
722 4603 1046 4660 hauserunt,
1104 4604 1163 4648 ut
1197 4592 1506 4646 animarum
1541 4603 1672 4641 arra
1725 4601 1787 4640 ac
1820 4598 2066 4653 campos,

499 4699 604 4750 hoe
638 4706 742 4757 est,
777 4704 831 4747 ut
861 4695 1010 4760 ipsos
1046 4688 1339 4742 credentes
1370 4683 1684 4751 irrigat‘ent.

568 4786 738 4848 Vens.
779 4786 869 4839 56.
906 4783 1176 4837 Mirabilis
1225 4783 1369 4834 Deus
1404 4781 1456 4831 in
1496 4775 1699 4830 sanctis
1753 4787 1884 4824 suis.
1931 4768 2069 4830 Soli,

497 4880 695 4948 inquit,
735 4881 909 4932 sancti
947 4876 1114 4928 Deum
1150 4872 1498 4926 admirantur
1535 4883 1550 4920 :
1587 4862 1757 4920 veluti
1805 4860 1900 4929 qui
1952 4874 2071 4913 nia-

498 4973 728 5043 gnilicas
759 4982 926 5039 atque
955 4966 1336 5038 amplissimas
1374 4963 1521 5016 illius
1557 4953 2075 5012 administrationes

503 5064 606 5120 soli
633 5079 730 5132 pro
764 5063 931 5115 animi
960 5059 1226 5128 dignitate
1271 5056 1567 5122 concipere
1602 5065 1670 5103 ac
1703 5044 2040 5115 comprehen
2061 5072 2075 5084 -

500 5161 630 5213 dere
663 5155 895 5226 possint.
933 5150 1200 5206 Miraliilis
1226 5149 1390 5216 igitur
1415 5156 1580 5214 atque
1606 5139 1964 5196 admirandus
1993 5135 2076 5189 eis

499 5259 605 5304 est.

2169 4395 2277 4448 τῶν
2329 4391 2546 4462 γεηρῶν
2576 4389 2959 4462 πραγμάτων,
3017 4385 3110 4438 καὶ
3147 4378 3617 4449 πεπληρωμένους
3657 4370 3750 4426 τοῦ

2172 4484 2552 4554 πνευματικοῦ
2609 4482 2823 4544 ὓδατος,
2867 4480 2895 4531 ὂ
2925 4476 3017 4530 τοῦ
3050 4474 3215 4545 βυθοῦ
3280 4471 3372 4525 τοῦ
3433 4468 3753 4536 ιινεύματος

2173 4579 2594 4638 ἀνελκύσαντες,
2626 4574 2693 4626 δι’
2731 4571 2896 4628 αὑτοῦ
2932 4574 3028 4633 τὰς
3067 4569 3305 4639 ψυχικὰς
3345 4563 3591 4634 ἀρούρας
3646 4558 3756 4609 τῶν

2175 4670 2544 4726 πιστευόντων
2574 4665 2933 4736 κατήρδευον.

2243 4763 2598 4830 Θαυμαστὸς
2650 4764 2681 4814 d
2730 4760 2875 4821 Θεὸς
2926 4759 2996 4810 ἐν
3048 4753 3174 4818 τοῖς
3226 4751 3417 4819 ἁγίοις
3449 4743 3664 4800 αὐτοῦ.
3695 4741 3755 4793 Ui

2179 4859 2346 4924 διγιοι,
2381 4855 2538 4924 φησι,
2577 4855 2727 4923 μόνοι
2759 4848 3101 4917 θαυμάζουσι
3127 4845 3220 4896 τὸν
3249 4841 3382 4895 Θεόν
3408 4854 3420 4868 ·
3456 4834 3549 4890 οἷα
3593 4835 3756 4887 δυνάο

2183 4967 2333 5018 μενοι
2409 4948 2692 5001 κατανοεῖν
2767 4946 2865 5006 τὰς
2936 4936 3377 5011 μεγαλοπρεπεῖς
3434 4929 3756 5000 οἰκοιοομῖας

2180 5041 2346 5095 αὺτοῦ
2373 5058 2385 5071 ·
2429 5036 2739 5106 θαυμαστὸς
2763 5031 2857 5088 οὖν
2896 5032 3106 5095 τούτοις
3129 5029 3297 5083 ἐστίν.

580 5428 625 5460 εε
652 5434 772 5480 Aet.
812 5442 868 5488 ll,
905 5425 963 5476 “2.
1047 5424 1090 5452 “
1115 5420 1248 5474 an.
1284 5433 1432 5479 xxiv,
1466 5416 1556 5470 49.
1620 5417 1663 5446 ⁸⁵
1696 5411 1924 5466 Malach.
1967 5423 2044 5473 Illi

2181 5405 2373 5461 Matth.
2431 5418 2510 5467 xi,
2560 5369 2652 5454 ¹10.

1817 5524 2016 5586 Varia)
2051 5523 2378 5587 lectiones.

575 5643 710 5711 (ιδ’)
739 5639 937 5694 Omisit
964 5638 1235 5711 interpres
1261 5635 1326 5688 τὰ
1355 5631 1611 5711 θαύματα
1649 5627 1930 5711 miracula,
1955 5642 2074 5696 quae

503 5714 612 5769 vim
668 5699 729 5766 a'c
760 5711 1019 5764 virtutem
1059 5699 1298 5762 divinam
1335 5699 1636 5775 postulant.
1682 5699 2018 5756 Vcrtcndum
2054 5715 2069 5751 :

2185 5624 2362 5677 Simul
2405 5621 2543 5678 enim
2594 5628 2643 5674 et
2701 5615 2930 5682 dicebat,
2977 5621 3025 5666 et
3080 5606 3337 5666 miracula
3388 5583 3782 5670 adimpleban-I.

2183 5711 2290 5750 llll'.
