4020 6218
339 239 447 303 685

1490 229 1882 292 COMMENT.
1923 226 2005 289 IN
2050 228 2414 292 PSALMOS.

3481 233 3585 299 686

414 349 471 401 ’0
524 347 672 413 Θεὸς
717 343 992 414 Ἰσραήλ.
1040 340 1327 410 Πανταχοῦ
1370 337 1504 392 Θεὸν
1547 338 1639 391 τοῦ
1699 334 1915 408 Ἰσραὴλ

2096 335 2237 390 Deus
2273 334 2471 392 Israel.
2522 335 2737 408 Ubique
2782 338 3062 400 Cluistum
3100 339 3265 394 Deum
3301 342 3467 398 lsrael
3496 364 3592 401 vo-

342 440 498 494 καλεϊ
552 438 645 493 τὸν
690 436 952 510 Χριστόν,
997 433 1258 487 δεικνύων
1311 432 1395 485 ὅτι
1428 434 1456 482 6
1498 430 1591 483 τὸν
1620 430 1738 482 νέον
1785 428 1916 482 λαὸν

342 529 667 601 εὐεργετῶν,
702 525 857 592 οὗτος
908 529 1004 581 καὶ
1032 526 1126 579 τὸν
1152 526 1382 578 παλαιὸν
1414 524 1748 595 εὐηργέτησε
1781 540 1792 551 ·
1825 523 1916 575 καὶ

341 620 443 673 οὐκ
497 619 655 682 ἄλλος
682 612 835 683 οὗτος
873 617 1003 687 παρ’
1033 617 1240 670 ἐκεῖνόν
1270 617 1437 669 ἐστιν.

405 801 597 866 Αὐτὸς
624 799 804 852 δώσει
837 798 1098 865 δύναμιν
1129 796 1229 850 καὶ
1270 794 1637 861 κραταίωσιν
1668 795 1751 857 τῲ
1794 788 1922 854 λαῷ

343 891 552 945 αὑτοῦ.
603 889 694 959 Τῷ
746 889 851 960 νέῳ
892 888 1126 959 δύναμιν
1172 887 1271 956 μὲν
1303 890 1384 949 είς
1429 886 1490 940 τὸ
1523 883 1790 956 ρυσθῆναι
1821 882 1923 952 τῆς

347 983 553 1054 πλάνης
573 983 682 1036 τῶν
702 982 960 1049 εἰδώλων,
986 981 1324 1050 κραταίωσιν
1361 980 1416 1032 δὲ
1450 979 1529 1042 είς
1556 977 1617 1029 τὸ
1664 976 1923 1044 ἐμμεῖναι

344 1078 408 1146 τῇ
435 1077 723 1147 ἀμωμήτῳ
754 1076 957 1129 πίστει.

407 1251 754 1321 Εὐλογητὸς
777 1256 810 1307 ό
830 1254 995 1318 Θεός.
1033 1252 1092 1304 Ὀ
1122 1251 1295 1304 ταῦτα
1321 1250 1690 1319 οἰκονομήσας
1714 1246 1885 1308 οὕτως
1906 1261 1922 1276 ·

347 1344 376 1396 6
407 1345 499 1396 καὶ
537 1343 752 1407 πλάσας
784 1346 879 1398 καὶ
906 1343 1225 1407 ἀναπλάσας
1256 1344 1351 1395 καὶ
1397 1342 1670 1395 τοσούτων
1708 1338 1927 1404 ἀγαθῶν

348 1434 692 1500 καταξιώσας
720 1435 811 1487 τὸν
830 1435 921 1488 σδν
949 1434 1096 1489 λαόν.
1138 1434 1198 1487 Ὀ
1231 1434 1328 1505 μὲν
1356 1429 1452 1486 οὖν
1499 1430 1691 1502 παρὼν
1716 1429 1931 1499 eam;

347 1527 519 1590 οὕτως
549 1527 899 1598 ήρμηνεύθη,
932 1527 1074 1581 κατὰ
1117 1527 1432 1597 ἀναγωγὴν,
1493 1527 1588 1578 καὶ
1618 1522 1795 1585 οὕτως
1827 1522 1928 1592 ἦρ’

356 1632 490 1687 μοσε
544 1617 724 1671 διόλου
769 1618 1143 1689 Χριστιανοίς.
1206 1618 1451 1672 Ἰουδαῖοι
1509 1617 1570 1670 δὲ
1634 1614 1930 1685 πειρῶνται

2019 435 2131 493 cat,
2159 435 2217 481 ut
2241 428 2495 484 ostendat
2528 446 2650 485 cum
2682 432 2774 502 qui
2814 433 3077 487 beneﬁcia
3113 436 3161 486 in
3194 452 3392 489 norim:
3428 454 3588 493 suum

2021 520 2283 588 populum
2318 522 2573 587 contulit,
2606 525 2856 577 eumdem
2890 524 3040 578 illum
3072 543 3211 590 esse,
3239 530 3330 596 qui
3359 539 3411 582 et
3446 532 3591 585 anti-

2022 626 2191 679 quum
2220 613 2478 681 populum
2500 616 2781 670 beneliciis
2808 616 2985 671 aﬂ'ecit
3009 661 3023 685 ,
3061 635 3236 688 neque
3269 624 3440 675 ullum
3467 641 3593 680 esse

2024 700 2190 753 alium
2222 716 2419 771 prmter
2457 721 2604 760 eum.

2105 792 2230 862 Ipse
2260 797 2413 850 dabit
2468 800 2713 853 rt‘rtutem
2743 813 2789 853 et
2834 802 3201 871 fortitudinem
3247 810 3440 875 populo
3474 827 3592 867 suo.

2023 881 2177 938 Novo
2226 885 2487 939 nimirum
2543 888 2742 957 populo
2790 907 2803 941 :
2856 891 3112 943 Virtutem
3164 892 3382 961 quidem
3436 906 3490 947 ut
3522 898 3595 952 ab

2027 975 2304 1030 idolorum
2330 993 2518 1033 errore
2560 989 2615 1033 et
2646 981 2966 1037 seductiOnc
2999 984 3328 1053 eripiantur,
3366 986 3591 1040 fortitu-

2028 1066 2210 1123 dinem
2248 1084 2377 1123 vero
2414 1079 2472 1124 ut
2505 1086 2598 1139 per
2629 1088 2748 1125 eam
2787 1074 2839 1127 in
2890 1075 3105 1130 sincera
3140 1074 3241 1129 (ide
3277 1087 3595 1132 constanter

2029 1162 2249 1230 possint
2282 1179 2630 1230 permanere.
3478 1150 3484 1157 ’
3626 1230 3630 1237 ,

2101 1253 2421 1309 Benedictus
2458 1256 2619 1311 Deus.
2656 1259 2757 1324 Qui
2793 1259 2896 1315 rite
2928 1262 3113 1315 omnia
3149 1262 3597 1332 administravit;

2031 1343 2125 1413 qui
2161 1347 2367 1400 creavit
2417 1364 2538 1412 nos,
2573 1357 2626 1403 et
2674 1352 2854 1406 denuo
2907 1354 3102 1408 iterum
3153 1359 3469 1424 reparavit;
3506 1362 3601 1426 qui

2032 1437 2198 1492 tantis
2226 1440 2486 1506 papulum
2518 1456 2677 1494 suum
2708 1445 2869 1498 donis
2897 1446 3122 1513 dignum
3152 1449 3354 1504 eliecit.
3392 1450 3452 1504 Et
3482 1453 3597 1506 haec

2032 1526 2253 1594 quidem
2284 1527 2450 1596 hujus
2477 1530 2666 1598 psalmi
2698 1531 2973 1601 expositio
2997 1545 3079 1589 est
3100 1534 3255 1604 juxta
3290 1554 3598 1610 anagogeu.

2032 1618 2234 1673 Verum
2283 1631 2337 1674 et
2385 1617 2557 1675 Judaei
2603 1623 2760 1691 juxta
2815 1624 3099 1680 historiam
3157 1628 3319 1685 relms
3355 1636 3472 1686 suis
3507 1649 3605 1688 ac-

353 1710 465 1772 τοίς
487 1708 630 1762 κατὰ
663 1709 846 1762 αὐτῶν
889 1709 1217 1781 πράγμασιν
1260 1708 1554 1779 ίστοριχῶς
1589 1707 1684 1760 καὶ
1736 1704 1927 1758 τοῦτον

2043 1708 2385 1764 commodare
2407 1725 2529 1764 eum
2560 1723 2853 1779 conantur,
2879 1713 2971 1767 sed
2995 1721 3220 1784 exsequi
3255 1712 3601 1788 pt-opositum

352 1799 642 1852 ὑποϐαλεῖν
665 1816 678 1830 ⁸
698 1800 757 1853 ού
779 1800 1032 1854 δύνανται
1055 1801 1113 1853 δὲ
1133 1800 1349 1862 πάντως
1380 1796 1691 1867 ιφικέσθαι.
1732 1797 1775 1848 Χ
1784 1795 1852 1865 pi]
1868 1793 1926 1846 δὲ

350 1891 497 1961 ὅμως
528 1892 722 1962 μαθεῖν
746 1892 840 1945 καὶ
858 1893 1006 1961 ὅπως
1041 1891 1204 1946 αὐτὸν
1236 1891 1585 1963 μεθέλκουσν
1618 1890 1750 1958 φασὶ
1777 1888 1887 1955 γάρ
1911 1901 1926 1915 ⁸

362 1983 678 2052 ’Δναστήτω
731 1985 761 2037 6
811 1983 945 2048 Θεὸς
1004 1985 1085 2047 είς
1145 1982 1402 2053 βοήθειαν
1448 1982 1544 2035 τοῦ
1609 1977 1927 2051 σωματικοῦ

363 2072 584 2144 Ἰσραήλ
612 2089 626 2104 ⁸
662 2068 782 2145 εἶτα
810 2072 1042 2143 ἐχθροὺς
1055 2073 1382 2143 ὀνομάζουσι
1416 2072 1543 2135 τοὺς
1569 2069 1926 2139 ἀλλοφύλους·

350 2164 549 2234 ὁμοίως
575 2165 634 2217 δὲ
684 2166 782 2219 καὶ
814 2166 1111 2233 μισοῦντας
1141 2180 1156 2196 ·
1192 2165 1276 2219 ἔτι
1303 2165 1362 2219 δὲ
1411 2165 1508 2220 καὶ
1544 2163 1926 2234 ἁμαρτωλοὺς,

352 2256 428 2316 ὼς
455 2255 691 2326 ἀνόμους
714 2271 729 2284 ·
756 2255 1002 2320 δικαίους
1026 2255 1085 2308 δὲ
1116 2255 1237 2319 τοὺς
1273 2257 1333 2308 ὲν
1369 2255 1644 2317 Ἰουδαίοις
1671 2253 1929 2322 ἀγαθούς.

354 2348 428 2402 Τὸ
457 2348 537 2402 δέ’
571 2347 1005 2416 Ὀδοποιήσατε
1035 2346 1116 2413 τῷ
1141 2348 1519 2416 ἐπιϐεϐηκότι
1548 2345 1930 2415 ἐπίδυσμὼν,

357 2441 485 2510 περὶ
540 2440 637 2509 τῆς
703 2439 939 2493 κιϐωτοῦ
992 2440 1227 2511 ῥηθῆναί
1282 2454 1489 2508 φασινο
1539 2437 1932 2505 ὲντελλομένου

355 2531 451 2582 τοῦ
478 2530 636 2597 ἁγίου
668 2530 1001 2601 Πνεύματος,
1040 2533 1178 2602 αὐτῇ
1213 2531 1559 2602 εὐτρεπίζειν
1587 2530 1726 2595 ὁδὸν,
1756 2528 1824 2583 δι’
1866 2524 1935 2601 ἧς

357 2621 385 2673 6
409 2620 544 2684 Θεὸς
585 2622 886 2675 ὲπιόαίνειν
922 2623 1146 2693 ἔμελλεν
1190 2624 1281 2678 ἐπὶ
1336 2622 1428 2676 τοῦ
1469 2622 1688 2676 δυτικοῦ
1734 2622 1936 2693 μέρους

359 2713 458 2778 τῆς
479 2713 852 2784 Ἰερουσαλήμο
880 2713 1022 2768 οὕτω
1041 2715 1151 2785 γὰρ
1167 2715 1312 2785 ἔχειν
1336 2714 1535 2778 θέσεως
1559 2714 1650 2767 τὸν
1666 2717 1792 2770 ναὸν
1814 2719 1873 2769 ἐν
1893 2709 1937 2785 ᾧ

357 2798 581 2875 ὓστερον
596 2807 630 2875 ἡ
650 2806 878 2869 κιϐωτὸς
895 2808 1243 2859 κατέπαυσεν
1275 2807 1594 2877 ἱστοροῦσιν.
1615 2808 1676 2861 '0
1707 2808 1852 2874 Θεὸς
1872 2807 1940 2862 δὲ

359 2894 601 2958 ἐντόπῳ
616 2897 762 2966 ἁγίῳ
776 2896 984 2962 αὐτοῦ,
997 2898 1119 2970 ἀντὶ
1131 2897 1244 2964 τοῦ,
1265 2898 1352 2951 Ἐν
1370 2901 1444 2969 τῷ
1457 2899 1585 2970 ναῷο
1599 2900 1656 2963 ὃς
1673 2901 1768 2953 καὶ
1784 2917 1942 2969 μονο-

359 2988 597 3057 τρόπους
616 2988 947 3059 λεγομένους
967 2964 1184 3055 αὐτοὺς,
1205 2992 1280 3053 ὡς
1302 2991 1383 3044 ἑνὶ
1401 2990 1519 3061 Θεῷ
1558 2991 1935 3054 πιστεύοντας,

2037 1814 2146 1854 non
2182 1811 2440 1870 possunt.
2478 1803 2633 1859 Scire
2685 1806 2854 1875 igitur
2907 1809 3083 1873 decet,
3119 1824 3228 1878 quo
3262 1823 3425 1880 pacto
3456 1813 3606 1868 illius

2035 1906 2262 1946 sensum
2297 1892 2684 1962 detorqueant.
2726 1897 2894 1950 Aiunt
2926 1900 3069 1951 enim
3103 1918 3116 1953 :
3151 1900 3421 1971 Exsul-gat
3454 1905 3602 1960 Deus

2036 1983 2088 2037 in
2114 1983 2377 2038 auxilium
2406 1989 2712 2054 corporalis
2748 1988 2910 2042 Israel
2932 2004 2945 2054 ;
2971 1999 3021 2043 et
3048 2009 3140 2058 per
3173 1993 3425 2050 inimicos
3478 1996 3605 2052 Phi-

2033 2073 2238 2130 listaaos
2267 2084 2361 2129 aut
2396 2076 2533 2131 alios
2567 2079 2907 2149 alienigenas
2965 2082 3200 2150 p0pulos
3234 2082 3549 2155 intelligunt
3587 2107 3601 2142 :

2035 2181 2175 2236 quos
2208 2166 2374 2221 etiam
2416 2182 2538 2223 esse
2571 2184 2666 2224 eos
2693 2171 2904 2236 dicunt,
2932 2173 3024 2241 qui
3060 2173 3227 2228 Deum
3263 2178 3523 2246 oderunt,
3552 2193 3609 2235 et

2037 2265 2358 2322 peccatores
2408 2255 2635 2326 insuper
2689 2267 2741 2311 et
2796 2259 3040 2329 iniquos.
3081 2259 3184 2316 Per
3240 2261 3421 2333 justos
3476 2285 3609 2324 vero

2035 2354 2226 2398 omnes
2254 2346 2458 2415 probos
2484 2359 2546 2399 ac
2581 2345 2780 2400 virtute
2807 2350 3070 2417 prmditos
3091 2350 3237 2408 viros
3261 2352 3606 2429 intelligunt,

2037 2432 2285 2500 quitunc
2317 2440 2477 2486 erant
2529 2433 2671 2487 inter
2724 2435 2962 2490 Judaeos.
3006 2435 3070 2490 Et
3125 2430 3271 2507 quad
3325 2442 3400 2497 ait
3442 2460 3454 2497 :
3497 2444 3612 2500 Iter

2038 2523 2200 2593 facile
2226 2524 2275 2577 ei
2309 2526 2401 2594 qui
2435 2525 2669 2579 ascendit
2700 2543 2857 2595 super
2904 2544 3144 2595 occasus,
3191 2533 3345 2587 aiunt
3383 2536 3449 2589 de
3481 2554 3610 2593 arca

2041 2614 2249 2669 dictum
2302 2630 2445 2681 esse,
2478 2631 2603 2670 cum
2638 2626 2863 2671 sanctus
2921 2619 3163 2689 Spiritus
3220 2627 3404 2693 parari
3459 2631 3603 2683 viam

2037 2706 2288 2777 jusserit,
2359 2723 2454 2777 per
2493 2724 2652 2777 quam
2690 2708 2833 2764 Deus
2887 2721 3008 2766 crat
3046 2729 3403 2776 ascensurus.
3442 2733 3608 2793 atque

2045 2799 2148 2852 hoc
2176 2799 2228 2851 in
2262 2799 2591 2853 occidentali
2625 2809 2777 2868 parte
2802 2797 3133 2875 Jerusalem.
3163 2801 3233 2855 ltn
3264 2810 3405 2860 cnim
3437 2810 3604 2865 situm

2046 2889 2215 2943 fuisse
2248 2890 2510 2959 templum
2536 2892 2725 2946 dicunt
2758 2894 2809 2946 in
2839 2911 2945 2963 quo
2968 2901 3185 2955 tandem
3219 2918 3345 2956 arca
3375 2906 3605 2974 quievit.

2044 2980 2186 3034 Deus
2217 2982 2272 3033 in
2331 2981 2447 3034 loco
2476 2994 2659 3065 sancto
2711 3002 2831 3047 suo,
2864 2988 2967 3042 hoc
3006 3001 3113 3055 est,
3148 2992 3202 3046 in
3238 2999 3440 3065 templo
3469 3014 3483 3063 ;
3521 2999 3613 3068 qui

393 3042 408 3057 ι
576 3042 594 3050 -
692 3042 763 3059 ..
928 3042 945 3054 .
1260 3042 1278 3053 .
1490 3042 1503 3061 ,

364 3081 669 3143 κατοικίζει
700 3084 761 3133 ἐν
789 3081 867 3151 τῷ
903 3082 1019 3152 ναῷ
1049 3080 1239 3136 αὑτοῦ.
1270 3079 1425 3148 Εἶτα,
1461 3084 1618 3152 φασὶ,
1647 3084 1937 3152 καταλέγει

2614 3062 2617 3065 Α
2820 3042 2829 3047 -
3018 3042 3113 3055 ενι
3148 3042 3202 3046 ν-
3239 3042 3437 3065 "'"r"
3469 3042 3483 3063 ι
3522 3042 3613 3068 Ὶ“¹’“

2043 3068 2358 3125 ,Ιιιιιάξοι-ιιιη
2395 3072 2680 3143 populum,
2729 3093 2868 3147 quos
2921 3083 3234 3146 unanimes,
3295 3102 3392 3141 seu
3452 3091 3616 3144 unius

362 3174 429 3226 τὰ
458 3174 602 3228 κατὰ
627 3176 727 3244 τὴν
752 3173 846 3227 ἀπ’
871 3174 1149 3242 Αἰγύπτου
1177 3175 1355 3242 ἔξοδον
1380 3177 1742 3245 γεγενημένα.
1782 3176 1939 3247 Ἐξή-

365 3280 502 3333 γαγε
531 3263 590 3318 δὲ
611 3266 813 3328 αὐτοὺς
841 3267 900 3319 ἐν
931 3268 999 3335 τῇ
1033 3264 1228 3320 ἑαυτοῦ
1253 3266 1502 3336 δυνάμει,
1527 3267 1940 3338 πεπεδημένους

363 3356 540 3408 ἐκεῖσε
553 3358 619 3425 τῇ
640 3355 856 3427 δουλείᾳ
875 3356 1251 3427 τυγχάνοντας
1271 3375 1286 3390 ο
1318 3358 1446 3422 τοὺς
1464 3360 1675 3423 αὐτοὺς
1700 3360 1758 3413 δὲ
1793 3359 1940 3428 λέγει

360 3448 459 3500 καὶ
496 3449 1065 3519 παραπικραίνοντας,
1113 3451 1189 3514 ὼς
1220 3451 1570 3524 προείρηται.
1627 3453 1740 3505 Καὶ
1780 3452 1856 3515 ὼς
1884 3454 1941 3505 ἐν

361 3540 553 3609 τάφοις
575 3538 633 3592 δὲ
658 3538 836 3609 ᾧκουν
864 3541 921 3593 ὲν
949 3540 1234 3613 Αἰγύπτῳ,
1261 3541 1336 3612 μὴ
1360 3542 1648 3613 δυνὰμενοι
1697 3544 1942 3614 ἐνεργεῖν

362 3629 488 3683 καθ’
552 3630 808 3691 ἑαυτούς.
855 3628 1245 3700 Ἐξεπορεύετο
1270 3630 1370 3684 δὲὸ
1413 3632 1547 3693 θεὸς
1590 3629 1823 3682 ἐνώπιον
1846 3630 1940 3683 τοῦ

362 3721 497 3777 λαοῦ
545 3721 634 3776 διὰ
681 3722 778 3776 τοῦ
832 3722 1028 3775 στύλου
1055 3722 1154 3791 τῆς
1190 3723 1420 3792 νεφέλης
1452 3724 1545 3776 καὶ
1589 3720 1685 3775 τοῦ
1744 3722 1940 3792 πυρὸς,

365 3816 461 3867 καὶ
480 3814 723 3867 διέϐαινε
763 3817 909 3885 μετὰ
941 3815 1035 3869 τοῦ
1075 3814 1207 3869 λαοῦ
1240 3818 1300 3867 ὲν
1321 3818 1386 3885 τῇ
1411 3815 1637 3885 ἐρήμην
1669 3816 1759 3868 ὅτε
1784 3816 1879 3867 καὶ
1906 3816 1940 3885 ἡ

365 3905 437 3975 γῆ
468 3904 714 3976 ἐσείσθη,
764 3904 1027 3968 λαίλαπος
1071 3905 1166 3957 καὶ
1186 3905 1497 3974 συστροφῆς
1538 3904 1681 3957 κατὰ
1717 3904 1779 3957 16
1811 3905 1945 3957 Σινᾶ

364 3996 691 4067 γενομένης,
754 3998 852 4050 καὶ
879 3999 930 4050 οἱ
968 3997 1191 4068 οὐρανοὶ
1218 3995 1449 4059 ἔσταξαν
1476 3996 1537 4048 τὸ
1585 3996 1780 4066 μάννα.
1810 3994 1946 4067 Βρο-

365 4088 466 4157 χὴν
504 4086 562 4140 δὲ
614 4087 866 4141 ἑκούσιον
925 4087 1019 4141 τὸν
1058 4087 1356 4158 εὐάρεστον
1387 4086 1543 4138 ὑετὸν
1577 4086 1945 4156 ἑρμηνεύουσι

367 4182 465 4249 τὴν
506 4177 768 4248 εὐθηνίαν
798 4177 908 4231 τῶν
937 4175 1170 4248 καρπῶν
1200 4173 1598 4248 ἐργαζόμενον.
1636 4173 1942 4244 Ἢσοένησε

366 4272 424 4323 δὲ
462 4273 497 4341 ἡ
524 4271 648 4324 κατ’
679 4270 880 4334 αὐτοὺς
910 4270 1272 4341 κληρονομία,
1315 4272 1663 4342 συντριϐεῖσα
1691 4272 1750 4321 ὲν
1774 4270 1946 4337 Αίγύ-

2046 3163 2217 3218 moris
2262 3164 2512 3219 homines
2577 3168 2841 3236 appellari
2901 3172 3116 3237 dicunt,
3157 3177 3284 3244 quia
3341 3179 3393 3231 in
3445 3196 3612 3234 unum

2046 3250 2216 3305 Deum
2249 3253 2499 3316 credunt,
2530 3255 2779 3309 habitare
2835 3258 2963 3314 facit
3001 3262 3054 3315 in
3091 3261 3274 3326 domo,
3307 3266 3410 3319 hoc
3442 3277 3525 3322 est
3556 3269 3610 3324 ir.

2047 3342 2250 3410 templo
2290 3358 2410 3398 suo.
2450 3341 2751 3402 Deinde'ca
2801 3354 3191 3407 connumerari
3245 3356 3456 3420 dicunt,
3493 3375 3617 3428 quae

2046 3434 2102 3487 in
2127 3435 2275 3489 exitu
2307 3434 2530 3508 Egypti
2553 3440 2932 3511 contigerunt.
2967 3444 3156 3516 Magna
3181 3448 3327 3502 enim
3350 3453 3399 3505 vi
3426 3452 3619 3507 eduxit

2048 3525 2190 3581 Deus
2218 3526 2438 3584 Judaeos
2469 3532 2535 3585 de
2562 3531 2823 3604 Aigypto,
2863 3536 3133 3592 servitute
3156 3551 3312 3596 antea
3352 3542 3467 3598 illic
3494 3546 3619 3599 alli-

2048 3629 2222 3687 gatos,
2263 3635 2405 3689 quos
2439 3631 2492 3675 et
2518 3625 2682 3692 paulo
2714 3635 2838 3693 post
2894 3642 3289 3698 exasperantes
3335 3638 3610 3704 appellari

2047 3706 2267 3770 dicunt,
2301 3709 2517 3764 ratione
2561 3726 2727 3781 quam
2779 3714 2911 3782 alibi
2948 3715 3215 3779 diximus,
3243 3729 3295 3773 et
3333 3726 3622 3790 sepulcro-

2047 3813 2170 3851 rum
2203 3799 2565 3866 babitatores,
2593 3816 2659 3855 eo
2683 3806 2829 3872 quod
2877 3804 3005 3858 dum
3041 3806 3094 3860 in
3128 3806 3368 3879 IEgj'pto
3408 3823 3618 3877 essent,

2047 3899 2311 3961 tanquam
2343 3906 2485 3961 pene
2508 3893 2708 3947 mortui
2737 3897 3155 3965 reputabantur,
3182 3910 3236 3954 et
3277 3902 3413 3955 nihil
3441 3919 3538 3975 per
3562 3920 3622 3960 se

2048 3994 2303 4054 poterant
2338 3986 2586 4055 operari.
2621 3986 3024 4058 Egrediebatur
3072 4001 3254 4046 autem
3294 4005 3423 4050 tunc
3478 3998 3620 4053 Deus

2049 4092 2236 4132 coram
2266 4079 2468 4149 populo
2495 4079 2551 4133 in
2597 4082 2853 4135 columna
2903 4084 3068 4137 nubis
3100 4093 3153 4139 et
3180 4086 3341 4152 ignis,
3373 4100 3425 4141 ct
3452 4091 3621 4145 simul

2049 4187 2174 4225 cum
2200 4171 2404 4241 populo
2442 4172 2817 4241 pertransibat
2845 4173 2897 4225 iu
2931 4174 3235 4230 desertum.
3265 4176 3422 4233 Tunc
3452 4182 3618 4235 etiam

2050 4273 2195 4318 terra
2264 4277 2536 4318 cancussa
2582 4272 2690 4326 cst,
2749 4264 2891 4318 facta
2953 4266 3215 4321 nimirum
3279 4271 3621 4326 validissima

370 4379 524 4433 πτῳσ
566 4364 872 4433 κατήρτισε
912 4362 972 4415 δὲ
1006 4362 1202 4433 αὐτὴν,
1265 4362 1517 4435 βασιλείᾳ
1562 4362 1938 4434 κραταιώσας.

2052 4354 2290 4425 quadam
2359 4363 2681 4424 tempestate
2740 4357 2792 4408 in
2844 4365 3032 4411 monte
3070 4356 3201 4412 Sina
3238 4378 3250 4414 :
3289 4376 3341 4415 et
3369 4364 3494 4417 οωιὶ
3531 4366 3625 4417 de-

371 4456 494 4509 Ζῶα
539 4454 596 4508 δὲ
652 4457 748 4510 τοῦ
802 4454 942 4508 Θεοῦ
1002 4456 1230 4518 ἑαυτοὺς
1271 4455 1552 4522 καλοῦσιν,
1605 4456 1680 4518 ὡς
1714 4456 1794 4525 τῷ
1825 4454 1948 4525 Θεῷ

372 4550 793 4621 ἀνακειμένους.
866 4549 1201 4619 Ἠτοίμασας
1251 4549 1330 4615 δὲ,
1384 4552 1541 4620 φασὶ,
1578 4550 1649 4603 τὰ
1709 4550 1950 4621 ρηθέντα

370 4646 555 4714 ἀγαθὰ
585 4645 666 4716 τῷ
709 4646 915 4715 πτωχῷ
957 4645 1073 4716 λαῷ
1097 4662 1217 4708 σου,
1265 4647 1325 4699 ἐν
1370 4646 1565 4717 ἐρήμῳ
1599 4646 1946 4718 πλανωμένῳ

370 4741 467 4792 καὶ
510 4738 591 4809 μὴ
655 4737 837 4808 ἔχοντι
890 4739 1016 4807 γῆν.
1060 4735 1609 4808 Εύαγγελιζομένους
1640 4738 1698 4791 δὲ
1725 4739 1951 4807 λέγουσι

370 4833 496 4894 τοὺς
525 4833 833 4901 προφήτας,
865 4829 1399 4900 εύαγγελιζομένους
1428 4830 1506 4901 τῷ
1538 4830 1653 4901 λαῷ
1689 4833 1751 4884 τὸ
1781 4831 1954 4885 διελέ-

373 4922 500 4976 σθαι
536 4921 711 4974 σκῦλα
744 4922 1053 4991 πολεμίων,
1104 4925 1199 4976 καὶ
1234 4922 1499 4991 ἀφορίσαι
1534 4924 1615 4985 είς
1640 4922 1957 4993 ὡραιότητα

369 5016 467 5068 τοῦ
532 5014 694 5067 ναοῦ’
748 5014 908 5068 τοῦτο
955 5015 1012 5066 δὲ
1059 5013 1373 5084 ψεύδονται.
1428 5012 1538 5067 Καὶ
1572 5014 1683 5082 γὰρ
1712 5013 1868 5066 οὐδέν
1900 5030 1955 5067 τι

373 5106 574 5159 σκῦλον
633 5108 714 5169 είς
753 5106 1095 5176 εὐπρέπειαν
1120 5104 1216 5157 τοῦ
1275 5103 1405 5157 ναοῦ
1446 5104 1742 5172 ἀνέθηκαν.
1790 5102 1953 5156 Ἀλλὰ

370 5199 517 5254 κατὰ
550 5199 845 5268 ἀναγωγὴν
865 5199 894 5249 6
924 5198 1080 5265 λόγος
1119 5190 1273 5259 οὗτός
1304 5199 1476 5261 ἐστιν,
1508 5196 1582 5256 ὡς
1611 5196 1953 5264 προειρήκα-

378 5308 498 5359 μεν.
562 5290 879 5360 Ἀγαπητὶιν
930 5289 987 5341 δὲ
1034 5288 1126 5340 τὸν
1179 5285 1346 5339 Δαϐὶδ
1383 5285 1823 5355 ὀνομάζουσιν,ἢ
1863 5284 1954 5337 τὸν

375 5384 719 5455 Σολομῶντα.
776 5384 912 5452 Περὶ
970 5381 1025 5435 δὲ
1075 5380 1192 5444 τοῦ,
1270 5378 1411 5432 Ἐὰν
1460 5377 1783 5446 κοιμηθῆτε
1836 5378 1954 5431 ἀνὰ

374 5481 572 5545 μέσον
594 5475 717 5529 τῶν
741 5476 1004 5543 κλήρων,
1037 5472 1180 5526 οὕτω
1228 5471 1393 5540 φασίν
1418 5487 1431 5499 ·
1479 5471 1603 5522 Ἐὰν
1636 5469 1949 5539 ὲνιδρυθῆτε

378 5570 482 5624 ἀνὰ
535 5570 700 5640 μέσον
733 5568 841 5621 τῶν
872 5565 1311 5637 κεκληρωμένων
1343 5565 1475 5634 ὑμῖν
1511 5565 1693 5616 τόπων
1716 5565 1815 5631 τῆς
1847 5565 1950 5631 γῆς

380 5660 474 5733 τῆς
527 5656 886 5728 ἐπαγγελίας,
940 5655 1196 5710 τοσοῦτον
1254 5658 1333 5719 εἰς
1371 5653 1601 5707 πλοῦτον
1635 5652 1950 5719 ὲπιδώσετε,

2051 4446 2402 4507 stiliaverunt
2426 4461 2646 4501 manna.
2668 4446 2773 4501 Per
2802 4450 3168 4504 voluntariam
3196 4468 3327 4507 vero
3358 4456 3623 4523 pluviam,

2053 4551 2265 4610 gratam
2302 4555 2500 4610 aquam
2530 4534 2865 4610 intelligunt,
2903 4557 3024 4611 qua:
3058 4542 3339 4599 frucumm
3371 4551 3628 4618 praestitit

2051 4641 2291 4707 copiam.
2344 4636 2411 4690 Et
2465 4637 2740 4690 inlirmata
2770 4648 2880 4699 θεῖ,
2919 4651 3110 4690 eorum
3152 4637 3413 4692 nimirum
3455 4641 3629 4694 luerc-
3680 4648 3683 4651 ’

2053 4734 2217 4800 ditas,
2241 4732 2464 4803 quando
2482 4732 2535 4785 in
2565 4729 2709 4802 Egy
2723 4743 2814 4800 pto
2844 4730 3008 4784 variis
3033 4730 3439 4786 calamitatibus
3464 4746 3629 4802 atque

2054 4823 2444 4880 afﬂictionibus
2491 4824 2588 4878 luit
2644 4837 2929 4892 percussa.
2984 4823 3223 4876 Perfecit
3272 4836 3454 4877 autem
3508 4840 3627 4877 eam
3686 4864 3690 4869 .

2053 4916 2200 4971 Deus
2252 4915 2510 4969 muniens
2575 4923 2623 4967 et
2685 4915 3055 4966 corroborans
3100 4928 3220 4967 eam
3276 4929 3465 4983 regno.
3517 4915 3622 4968 Per

2055 5008 2311 5063 animalia
2365 5020 2497 5060 vero
2534 5004 2651 5068 Dei,
2688 5007 2903 5073 seipsos
2942 5005 3275 5072 intelligunt,
3314 5008 3479 5058 veluti
3520 5006 3629 5059 Deo

2060 5102 2295 5157 dicatos.
2335 5098 2665 5168 Praeparasti
2701 5098 2890 5161 etiam,
2922 5096 3205 5166 inquiunt,
3234 5105 3315 5161 tu,
3367 5098 3528 5156 Deus,
3567 5116 3630 5149 ea

2058 5193 2202 5248 bona
2255 5190 2481 5261 pauperi
2537 5189 2739 5259 populo
2794 5197 2911 5253 tuo,
2942 5189 3147 5242 erranti
3203 5189 3255 5239 in
3299 5188 3538 5249 deserto,
3576 5201 3631 5241 et

2059 5294 2266 5341 certam
2297 5285 2477 5339 adhuc
2510 5283 2788 5353 regionem
2826 5297 2936 5335 non
2975 5278 3217 5333 habenti.
3253 5278 3319 5330 Et
3346 5292 3442 5346 per
3461 5293 3632 5331 evan-

2059 5381 2403 5449 gelizantes,
2460 5376 2719 5440 antiquos
2774 5373 3071 5442 prophetas
3132 5370 3483 5436 intelligunt.
3537 5374 3629 5439 qui

2060 5470 2260 5541 pepulo
2303 5467 2726 5529 annuntiabant,
2754 5474 2812 5517 ut
2837 5464 3187 5515 inimicorum
3213 5460 3385 5527 spolia
3422 5460 3634 5513 dividi--

2062 5573 2205 5628 rent,
2244 5573 2297 5616 et
2353 5560 2420 5615 ad
2456 5559 2640 5626 templi
2676 5554 3144 5626 pulchritudinem
3173 5560 3338 5619 atque
3373 5567 3627 5606 minatum

2064 5673 2126 5714 ca
2151 5656 2496 5725 deputarcut.
2525 5648 2642 5714 Qua
2669 5648 2720 5700 in
2750 5661 2806 5699 re
2829 5643 2965 5698 falsa
2986 5640 3171 5695 dicere
3193 5643 3627 5711 convincuntur,
