4020 6218
418 163 524 225 ῦδῖ

1638 128 2025 219 EUTnYmt
2074 126 2438 218 ZDIGABENI

3583 158 3689 221 688

418 286 541 325 cum
596 272 747 326 nulla
807 271 1013 327 fuerint
1058 271 1256 341 spolia,
1308 285 1429 340 quae
1469 271 1544 325 illi
1603 272 1669 326 ad
1733 273 1991 325 decorem

2105 269 2246 321 ὥστε
2274 270 2372 338 τῆς
2420 272 2784 339 περιστερᾶς,
2826 269 2893 339 ἣν
2927 268 2975 321 οἱ
3010 269 3154 321 πάνυ
3197 267 3569 331 πλουτοῦντες
3601 271 3688 321 ἐπὶ

419 367 605 436 templi
645 365 969 429 obtulerint,
1003 365 1120 426 sed,
1155 373 1211 417 ut
1252 364 1517 435 diximus,
1550 365 1849 435 anagOgice
1887 366 2003 416 haec

382 518 395 523 _
418 460 601 513 unuiia
630 458 981 528 intelligenda
1007 465 1155 510 sunt.
1189 456 1291 510 Per
1318 458 1580 512 dilectum
1609 460 1772 511 etiam
1822 458 2001 526 ipsum

419 549 588 604 David
647 550 985 617 intelligunt,
1025 557 1121 599 ait
1153 546 1533 602 Salomoncm.
1571 548 1635 601 Et
1667 550 1832 603 verba
1884 550 1997 611 illa,

418 642 481 698 Si
502 642 832 696 dormieritis
864 640 1003 693 inter
1028 640 1227 693 medios
1260 640 1455 702 cteros,
1482 640 1556 694 ita
1590 649 1875 711 exponunt
1904 640 1997 695 :Si

416 732 646 787 stabiliti
672 730 887 784 fueritis
914 730 967 783 in
995 732 1179 785 medio
1206 732 1537 800 prmdiorum
1568 743 1726 786 terrae
1761 735 1997 801 promis-

416 822 615 888 sionis,
679 836 801 891 quae
850 821 1055 891 praedia
1094 823 1246 877 vobis
1300 823 1355 877 in
1415 825 1617 888 cleros,
1653 825 1757 879 hoc
1802 833 1910 883 est.
1943 826 1997 877 in

416 918 596 964 sortes
627 909 1008 976 contigerunt,
1041 909 1179 963 adeo
1206 918 1404 964 vestrm
1434 919 1735 978 augescent
1768 909 1997 970 divitiae,

415 1016 477 1060 ut
507 1008 608 1060 ala:
638 1005 1051 1070 columbarum,
1085 1020 1224 1075 quas
1250 1004 1569 1075 praedivites
1593 1004 1695 1059 viri
1734 1006 1997 1074 gypsinus

420 1114 591 1168 super
645 1106 791 1151 tecta
834 1098 889 1150 in
924 1111 1155 1151 summa:
1202 1096 1487 1151 felicitatis
1519 1096 1737 1165 signum
1767 1087 2027 1165 infigere'

418 1192 705 1257 solebant,
757 1188 958 1244 futurae
1017 1189 1131 1243 sint
1182 1188 1577 1258 deargentatm,
1639 1196 1692 1241 et
1730 1189 1995 1257 scapulae,

418 1300 518 1339 seu
545 1283 853 1353 pOSteriora
885 1280 1060 1344 dorsi,
1086 1280 1450 1350 pallidissimo
1474 1294 1535 1333 ac
1560 1280 1860 1348 purissimo
1884 1280 1997 1334 sint

416 1392 553 1431 auro
579 1374 850 1429 ornanda.
905 1372 1105 1429 Verum
1140 1371 1336 1425 nullibi
1363 1370 1599 1441 legimus
1630 1369 1850 1425 Judmos
1889 1373 1995 1424 hu-

412 1466 655 1538 jusmodi
698 1465 865 1519 ritum
900 1462 1198 1532 aliquando
1227 1474 1497 1521 servasse.
1532 1467 1592 1513 ut
1628 1460 1915 1513 columbas
1940 1460 1992 1512 in

416 1561 708 1614 domorum
741 1557 900 1612 tectis
932 1554 1250 1624 iungerent.
1287 1553 1424 1606 Dum
1448 1552 1726 1613 discernit,
1748 1551 1851 1605 hoc
1889 1558 1995 1614 est,

417 1743 807 1813 splendescent
842 1749 896 1793 et
925 1739 1187 1794 lucebunt
1221 1738 1299 1790 illi
1351 1751 1509 1806 reges
1546 1736 1601 1789 in
1636 1750 1722 1789 ea.
1759 1734 1995 1789 Montem

417 1838 582 1891 etiam
635 1834 725 1888 Dei
770 1834 927 1898 Sion,
978 1830 1220 1901 appellat
1275 1838 1507 1881 montem
1558 1828 1827 1897 pinguem,
1867 1827 1998 1895 quia

415 1930 701 2002 pascentia
720 1928 834 1983 illic
860 1941 1058 1997 pecora
1085 1924 1245 1980 facile
1267 1926 1653 1993 pinguescant,
1677 1930 1728 1976 et
1756 1933 1995 1977 montem
2038 1996 2043 2001 '

416 2019 763 2091 coagulatum
816 2017 1094 2077 similiter,
1137 2031 1232 2070 seu
1264 2026 1564 2077 casentum,
1599 2016 1727 2083 quia
1758 2029 1997 2081 pascuo-

415 2127 540 2167 rum
583 2109 923 2164 abundantia
956 2106 1177 2163 assidue
1204 2107 1286 2159 lae
1318 2107 1580 2176 praebeat.
1611 2103 1813 2159 Verum
1847 2104 1995 2174 quod

414 2204 662 2259 dicitur:
724 2200 939 2256 Etenim
979 2198 1235 2253 Dominus
1290 2197 1553 2251 habitabit
1596 2198 1652 2250 in
1702 2198 1883 2265 ﬁnem,
1938 2204 1997 2250 ut

411 2296 525 2365 jam
556 2292 938 2364 praediximus,
976 2290 1047 2345 ab
1095 2292 1176 2345 eis
1224 2300 1373 2344 recte
1409 2289 1610 2358 exponi
1648 2304 1755 2342 non
1788 2297 1995 2357 potest.

413 2387 518 2443 Per
549 2400 773 2442 currum
816 2384 979 2441 etiam
1033 2382 1129 2437 Dei
1183 2382 1398 2452 seipsos
1448 2381 1795 2453 intelligunt,
1833 2379 1995 2451 quasi

416 2482 474 2534 in
506 2478 641 2548 ipsis
663 2476 796 2530 solis
822 2473 969 2530 Deus
1000 2474 1575 2544 requicsi'eret,quem
1606 2488 1829 2527 currum
1855 2475 1996 2528 mul-

414 2570 724 2641 tiplicatum
763 2581 886 2623 esse
917 2566 1111 2621 dicunt
1142 2566 1198 2619 in
1227 2564 1527 2629 infinitum,
1564 2565 1666 2619 hoc
1699 2573 1804 2629 est,
1837 2565 1996 2621 valde

414 2673 801 2723 numerosum,
832 2665 889 2713 et
920 2657 1091 2711 millia
1125 2657 1290 2712 etiam
1339 2655 1739 2709 abundantium
1775 2657 1991 2712 divitiis

414 2755 471 2809 iu
500 2753 582 2806 eis
610 2765 733 2806 esse
770 2768 783 2805 :
813 2751 939 2804 item
973 2748 1119 2818 quod
1148 2748 1415 2801 Dominus
1454 2749 1546 2803 ille
1571 2748 1625 2802 in
1658 2748 1741 2803 eis
1766 2757 1873 2817 est,
1900 2749 1995 2820 qui

416 2843 547 2899 olim
591 2843 691 2896 fuit
725 2842 779 2895 in
836 2841 967 2896 Sina
1023 2854 1147 2895 cum
1201 2854 1393 2894 eorum
1423 2840 1896 2910 progenitoribus.
1932 2840 1999 2895 Et

415 2936 482 2991 ad
536 2936 709 2990 Deum
758 2933 961 2988 deinde
1016 2946 1328 2987 sermonem
1376 2931 1645 3002 dirigunt,
1688 2932 1993 2989 dicentes:

2106 360 2206 411 τοῦ
2251 360 2506 429 δώματος
2539 361 2777 430 γυψίνην
2812 361 2964 431 ίστᾷν
2996 360 3252 413 εἰώθασιν
3296 363 3374 421 εἰς
3423 360 3689 429 σύμϐολον

2100 451 2283 521 ἄκρας
2308 451 2682 521 εὐδαιμονίας,
2728 452 2784 502 αἱ
2812 450 3091 521 πτέρυγες
3134 451 3232 519 μὲν
3263 451 3437 517 αὐτῆς
3475 449 3690 500 ἔσονται

2107 543 2644 613 περιηργυρωμέναι
2676 580 2693 606 ,
2749 542 2817 595 τὰ
2840 542 2896 595 δὲ
2934 543 3252 613 μετάφρενα
3280 543 3453 611 αὐτῆς
3488 557 3691 610 κοσμη-

2108 634 2375 704 θήσονται
2396 636 2455 687 ὲν
2486 634 2791 706 χλωρότητι
2818 636 3070 705 χρυσίου.
3103 636 3335 705 Οὑδαμῆ
3361 636 3415 688 δὲ
3431 635 3688 706 τοιαύτην

2102 726 2436 794 περιστερὰν
2498 726 2716 788 οὐδενὸς
2783 727 3042 797 Ἐϐραίου
3097 727 3313 798 δώματι
3340 727 3535 793 στῆναι
3590 745 3685 797 με·-

2106 817 2457 887 μαθήκαμεν.
2516 820 2599 871 Τὰ
2647 819 2705 871 δὲ
2757 820 2910 889 ἑξῆς,
2959 822 3064 873 Ἐν
3131 820 3211 886 τῷ
3276 820 3688 887 διαστέλλειν,

2102 910 2281 963 είτουν
2330 911 2654 979 ἐκλέγεσθαι
2722 914 2815 965 τὸν
2877 915 3204 983 ἐπουράνιον
3264 914 3399 966 Θεὸν
3448 914 3689 984 βασιλεῖς

2106 1003 2393 1073 ὲπάύτῆς
2456 1004 2558 1074 τῆς
2620 1004 3004 1075 Ἰερουσαλὴμ,
3060 1006 3587 1077 λαμπρυνθὴσονται
3634 1010 3690 1060 ἐν

2113 1093 2509 1165 Ἰερουσαλήμ·
2556 1095 2683 1166 ὅρος
2737 1097 2793 1149 δὲ
2825 1097 2961 1149 Θεοῦ
3006 1098 3065 1149 τὸ
3116 1098 3263 1149 Σιὼν
3308 1098 3566 1151 καλοῦσι·
3597 1105 3691 1151 και

2104 1183 2249 1251 ὄρος
2311 1185 2477 1250 πῖον,
2533 1187 2607 1250 ώς
2654 1192 2869 1240 πιαίνον
2919 1190 2988 1240 τὰ
3037 1190 3315 1259 νεμόμενα
3348 1188 3687 1259 θρέμματα’

2102 1278 2197 1328 καὶ
2224 1276 2347 1346 ὅρος
2372 1279 2805 1347 τετυρωμένον,
2866 1279 2942 1341 ὡς
2984 1280 3263 1347 γάλακτος
3305 1282 3567 1351 χορηγὸν,
3620 1284 3685 1349 τῇ

2101 1369 2331 1441 εὐθηνίᾳ
2356 1372 2455 1438 τῆς
2482 1372 2677 1441 νομῆς.
2713 1373 2847 1441 Περὶ
2877 1373 2933 1425 δὲ
2966 1372 3085 1435 τοῦ,
3127 1372 3237 1424 Καὶ
3261 1377 3373 1440 γὰρ
3405 1377 3438 1426 ό
3474 1374 3689 1440 Κύριος

2100 1461 2561 1528 κατασκηνώσει
2603 1464 2692 1528 είς
2736 1464 2935 1528 τέλος,
2968 1465 3297 1536 εἰρήκαμεν,
3328 1466 3411 1517 ὅτι
3446 1465 3549 1517 οὐκ
3574 1467 3690 1533 ἕχο-

2104 1569 2202 1621 μεν
2221 1552 2819 1622 (47)άσφαλῶςείπείν.
2843 1556 3031 1625 ’Ἄρμα
3061 1557 3116 1609 δὲ
3170 1557 3264 1609 τοῦ
3296 1556 3431 1609 Θεοῦ
3466 1558 3690 1619 ἑαυτοὺς

313 1636 323 1645 ’
417 1655 548 1706 dum
590 1651 744 1722 eligit
796 1648 1043 1704 cmlestis
1090 1648 1236 1702 Deus
1269 1661 1427 1717 reges
1463 1661 1630 1715 super
1658 1644 1995 1703 Jerusalem.

2105 1645 2489 1709 ὀνομάζουσιν,
2528 1646 2604 1710 ὡς
2656 1650 3151 1717 ὲπαναπαυομένου
3186 1650 3370 1711 αὐτοῖς
3397 1648 3495 1701 τοῦ
3529 1648 3684 1702 Θ;οῠ.

2104 1735 2566 1804 Μυριοπλὰσιον
2591 1738 2672 1801 δὲ,
2707 1740 2829 1791 ἀντὶ
2868 1740 2963 1791 τοῦ
3001 1740 3382 1809 Πολυπληθές·
3438 1741 3681 1809 χιλιάδα,

2104 1829 2161 1881 δέ
2198 1845 2363 1897 φασιν
2393 1831 2449 1881 ἐν
2490 1830 2675 1893 αὐτοῖς
2719 1832 2829 1882 τῶν
2858 1831 3236 1901 εὐθηνούντων
3267 1834 3326 1885 ἐν
3350 1832 3586 1903 πλούτῳ.
3631 1834 3688 1886 Ὀ

2112 1920 2318 1988 Κύριος
2378 1921 2435 1973 δὲ
2490 1923 2547 1973 ὲν
2608 1922 2795 1984 αὐτοῖς
2854 1924 3024 1987 ἐστιν,
3062 1925 3137 1987 ώς
3182 1925 3409 1988 οἴονται,
3443 1925 3504 1987 ὃς
3532 1921 3602 1996 ἦν
3633 1929 3687 1978 ὲν

2104 2013 2235 2066 Σινᾶ
2252 2012 2419 2067 πάλαι
2469 2014 2738 2082 μετὰτῶν
2782 2016 3068 2083 προγόνων
3091 2017 3294 2069 αὐτῶν.
3358 2017 3593 2086 Λέγουσι
3633 2019 3687 2071 δὲ

2104 2106 2202 2159 καὶ
2251 2107 2389 2174 πρὸς
2420 2107 2514 2160 τὸν
2544 2107 2708 2170 Θεὸν,
2740 2108 2822 2159 ὅτι
2870 2108 3137 2175 Tunna;
3166 2110 3493 2178 ἐνομίσθης
3533 2114 3690 2179 παρὰ

2108 2196 2322 2252 πᾶσιν.
2402 2199 2904 2268 ᾙχμαλώτευσας
2960 2202 3382 2270 αἰχμαλωσίαν
3447 2201 3537 2255 διὰ
3594 2201 3686 2255 τοῦ

2104 2287 2238 2341 λαοῦ
2267 2306 2361 2341 σου
2394 2290 2719 2359 νικήσαντος
2772 2290 3004 2361 ἐχθρούς
3059 2307 3074 2323 ο
3130 2290 3327 2353 ἔλαϐες
3361 2292 3687 2361 ἀναθήματα

2103 2378 2512 2448 καθιερωθέντα
2580 2398 2683 2433 σοι.
2729 2383 2840 2434 Καὶ
2881 2382 3071 2443 ἔλαϐες
3112 2384 3192 2444 ei;
3247 2382 3468 2447 δούλους
3530 2386 3685 2436 ἀπει-

2105 2469 2335 2532 θοῦντας
2366 2472 2633 2542 πρότερον
2665 2471 3008 2541 ἀνθρώπους,
3041 2473 3133 2525 ἐπὶ
3155 2473 3234 2543 τῷ
3266 2474 3684 2544 κατασκηνῶσαι

2103 2563 2303 2625 αὐτοὺς
2341 2562 2479 2631 μετὰ
2516 2562 2609 2616 τοῦ
2648 2562 2777 2616 λαοῦ
2812 2580 2931 2628 σου,
2969 2564 3324 2628 δουλεύοντας
3387 2566 3557 2634 αὐτῷ.
3605 2565 3683 2617 Τὰ

2102 2654 2159 2707 δὲ
2198 2655 2327 2725 ἑξῆς
2378 2657 2520 2725 ῥητὰ
2572 2657 2754 2727 σαφῆ·
2818 2655 2969 2726 παρὰ
3018 2656 3111 2708 τοῦ
3149 2658 3354 2727 Κυρίου
3390 2658 3446 2710 δὲ
3481 2659 3537 2710 αἱ
3579 2658 3682 2710 ὁδοὶ

2103 2746 2197 2798 τοῦ
2221 2744 2479 2810 Θανάτου,
2509 2745 2569 2810 ὃς
2600 2744 2889 2799 συνθλάσει
2920 2747 3016 2808 τὰς
3051 2747 3292 2816 κεφαλὰς
3320 2746 3426 2799 τῶν
3452 2746 3682 2816 ἀλλοφύ-

2103 2836 2212 2891 λων
2245 2856 2259 2873 ο
2297 2838 2588 2893 συνθλάσει
2614 2838 2671 2891 δὲ
2722 2839 2816 2892 καὶ
2844 2839 3089 2908 κορυφὴν
3114 2840 3312 2909 χαίτης
3356 2838 3678 2909 ἀνθρώπων,

2105 2930 2594 3001 διαπορευομένων
2662 2931 2720 2983 ὲν
2766 2913 3089 3001 ἁμαρτίαῖς.
3138 2932 3488 3001 ’Δπεφήνατο
3518 2932 3681 2984 πάλαι

413 3029 715 3085 Ascendisti
740 3029 795 3081 in
820 3028 1012 3091 altum,
1050 3025 1154 3080 hoc
1188 3034 1293 3088 est,
1337 3022 1605 3080 Sublimis
1628 3032 1793 3094 atque
1821 3025 1995 3080 excel-

2110 2995 2337 3094 Κύριος,
2356 2995 2438 3077 δτί
2468 2995 2837 3094 Ἐπιστρέψω,
2862 2995 2979 3093 ῆ-τοι
2998 2995 3398 3091 ὲξελοῦμαι-τον
3416 3022 3541 3076 λαόν
3559 3040 3682 3092 μου,

414 3137 511 3177 sus
542 3127 827 3190 reputatus
863 3133 924 3172 es
959 3131 1121 3185 supra
1180 3130 1399 3172 omnes.
1434 3116 1734 3183 Captivasti
1773 3119 1989 3185 captiti-

417 3222 579 3268 tatem
608 3226 704 3281 per
730 3211 991 3280 populum
1042 3219 1220 3270 tuum,
1247 3209 1343 3278 qui
1380 3210 1570 3263 hostes
1601 3218 1727 3262 tuos
1750 3207 1979 3263 devicit.

414 3305 675 3369 Accepisti
711 3302 875 3364 dona,
920 3302 1023 3355 hoc
1066 3308 1172 3365 est,
1208 3299 1522 3354 oblationes
1588 3298 1699 3354 Deo
1753 3301 1989 3366 dicatas,

412 3408 468 3453 et
499 3412 592 3451 eos
622 3393 876 3449 homines
896 3392 990 3462 qui
1022 3391 1119 3446 tibi
1167 3400 1327 3445 antea
1357 3405 1469 3446 non
1518 3393 1787 3460 parebant
1828 3408 1989 3449 acce-

418 3489 549 3559 pisti
579 3487 632 3541 in
689 3499 908 3550 servos,
943 3493 1003 3539 ut
1054 3483 1368 3539 inhabitare
1418 3498 1516 3539 eos
1562 3482 1778 3540 faceres
1824 3485 1993 3541 simul

414 3596 539 3637 cum
573 3577 776 3649 populo
820 3588 915 3631 tuo
970 3585 1135 3645 atque
1161 3576 1211 3631 ei
1244 3575 1475 3632 servire.
1513 3575 1647 3643 Qua:
1682 3589 1993 3647 sequuntur

414 3675 708 3731 manifesta
750 3680 903 3725 sunt.
935 3669 981 3723 A
1016 3668 1252 3724 Domino
1303 3677 1490 3724 autem
1535 3681 1665 3726 sunt
1693 3672 1879 3728 exitus
1930 3688 1995 3728 ac

414 3765 517 3819 via:
545 3762 764 3825 mortis,
799 3762 893 3831 qui
944 3768 1198 3815 conteret
1232 3759 1669 3828 alienigenarum
1700 3765 1908 3835 capita,
1937 3776 1993 3822 et

413 3856 676 3912 verticem
707 3853 890 3924 capilli
923 3852 1206 3907 hominum
1237 3854 1743 3922 perambulantiutn
1775 3860 1827 3913 in
1854 3876 1984 3930 pee-

416 3951 582 4005 catis.
641 3947 963 4003 Decrevisse
1022 3946 1186 4001 etiam
1244 3946 1373 4002 olim
1440 3949 1611 4003 Deum
1657 3952 1875 4012 dicunt.
1937 3966 1992 4010 et

414 4043 670 4097 dixisse:
724 4042 1086 4103 Convertam,
1139 4040 1245 4093 hoc
1300 4049 1404 4107 est,
1443 4041 1674 4112 eripiam
1726 4048 1987 4116 populum

414 4151 622 4201 meum,
659 4141 714 4188 et
743 4133 957 4187 salvum
1001 4132 1232 4186 educam
1290 4148 1320 4188 e
1348 4131 1696 4191 Bassanitide
1738 4140 1985 4207 regione,

416 4228 470 4282 in
502 4242 609 4297 qua
635 4224 715 4296 0g
751 4225 905 4296 gigas
963 4228 1234 4291 regnavit,
1274 4235 1328 4279 et
1390 4236 1712 4282 convertam
1765 4246 1890 4286 eum
1925 4249 1992 4289 ex

2124 3116 2317 3171 σώσων
2346 3119 2410 3170 ὲκ
2439 3118 2538 3186 τῆς
2573 3116 2930 3179 Βασανίτιδος
2961 3115 3168 3187 χώρας,
3194 3110 3261 3187 ἦς
3278 3115 3627 3169 ἐϐασίλευσεν
3654 3115 3683 3165 ὁ

2108 3210 2269 3277 γίγας
2306 3211 2411 3279 Ὤγ
2438 3226 2451 3243 ο
2511 3208 2829 3279 ἐπιστρέψω
2889 3207 3050 3261 αὑτὸν
3096 3209 3159 3261 ὲκ
3192 3207 3287 3261 τοῦ
3336 3207 3536 3276 βάθους
3583 3207 3682 3274 τῆς

2110 3302 2388 3371 θαλάσσης
2447 3301 2558 3354 τῶν
2606 3302 2879 3371 αἱμάτων.
2928 3298 3159 3363 Ῥύακες
3186 3299 3243 3352 δὲ
3281 3301 3531 3367 αἱμάτων
3563 3299 3682 3350 τότε

2109 3395 2591 3467 ὲπλημμύρησαν,
2645 3394 3045 3464 ἀναιρεθέντων
3104 3394 3213 3445 τῶν
3269 3395 3401 3464 περὶ
3438 3393 3530 3444 τὸν
3562 3392 3681 3457 “ny,

2111 3487 2202 3541 ἵνα
2260 3487 2406 3559 βαφῇ
2460 3489 2489 3540 ὁ
2545 3487 2680 3550 ποῦς
2716 3504 2812 3539 σου
2842 3486 2938 3539 τοῦ
2988 3486 3240 3557 Ἐϐραίου
3272 3487 3329 3537 ὲν
3356 3483 3551 3555 αἵματι
3574 3483 3684 3535 τῶν

2111 3582 2522 3654 σφαττομένων,
2557 3582 2651 3635 καὶ
2702 3580 2897 3650 αὐτὴή
2940 3578 3160 3644 γλῶσσα
3207 3578 3316 3631 τῶν
3354 3578 3534 3630 κυνῶν
3562 3593 3682 3641 σου,

2108 3680 2174 3730 ἐκ
2232 3675 2327 3729 τοῦ
2380 3674 2608 3744 αἵματος
2643 3672 2750 3725 τῶν
2793 3671 3027 3742 ἐχθρῶν,
3066 3671 3135 3723 δι’
3178 3669 3344 3724 αὑτοῦ
3382 3665 3477 3723 τοῦ
3510 3668 3682 3720 Θεοῦο

2109 3768 2454 3838 θεωρηθῆναι
2506 3764 2564 3818 δὲ
2596 3764 2815 3833 λέγουσι
2846 3764 2943 3825 τὰς
2977 3762 3205 3833 πορείας
3244 3762 3338 3815 τοῦ
3372 3759 3530 3824 Θεοῦ,
3561 3761 3683 3830 ἦτοι

2108 3864 2176 3917 τὰ
2198 3865 2320 3931 ἴχνη
2355 3859 2522 3913 πάλαι
2553 3859 2610 3911 ὲν
2632 3858 2710 3926 τῷ
2737 3857 3039 3926 δρειΣινᾶβ
3082 3854 3291 3921 Ἀνέϐη
3324 3855 3455 3923 γὰρ,
3491 3855 3683 3921 φησιν.

2106 3958 2176 4010 ἐν
2192 3954 2273 4020 τῷ
2299 3954 2420 4021 ὄρει
2450 3950 2674 4019 Μωσῆς
2700 3952 2796 4005 καὶ
2845 3948 3092 4017 Ἀαρὼν,
3127 3948 3221 4000 καὶ
3254 3947 3320 3999 τὰ
3344 3947 3487 4014 ἑξῆς.
3513 3942 3649 3998 Εἶτα
3668 3962 3682 3975 ⁸

2100 4044 2400 4107 Καὶεῖδον
2420 4046 2527 4098 τὸν
2549 4044 2738 4097 τόπον
2764 4038 2835 4097 οὗ
2855 4041 3123 4110 εἱστήκει
3153 4045 3185 4096 ό
3221 4042 3366 4106 Θεὸς
3410 4040 3683 4108 Ἰσραὴλ,

2108 4144 2208 4196 καὶ
2250 4140 2320 4192 τὰ
2379 4138 2500 4193 ὑπὸ
2567 4136 2710 4200 τοὺς
2759 4134 2951 4200 πόδας
3001 4133 3209 4197 αὐτοῦ,
3267 4132 3469 4200 ὥσπερ
3505 4132 3689 4200 ἔργον

2110 4234 2370 4288 πλίνθου
2402 4227 2765 4296 σάπφειρον.
2797 4226 2990 4293 Ἃγιον
3019 4225 3076 4277 δὲ
3098 4224 3278 4277 νοοῦσι
3308 4225 3402 4276 τὸν
3430 4223 3683 4292 οὐρανόν.

415 4318 687 4389 profundo
721 4317 888 4371 maris
910 4318 1265 4386 sanguinum.
1296 4317 1420 4374 Rivi
1443 4322 1589 4375 enim
1622 4325 1960 4394 sanguiuum
2004 4345 2139 4386 tunc
2185 4325 2546 4385 inundarunt,
2593 4322 2662 4375 iis
2696 4320 3003 4376 interfectis
3052 4320 3145 4389 qui
3216 4334 3339 4372 cum
3408 4321 3485 4387 Ug
3556 4332 3687 4386 rege

415 4422 594 4479 erant,
633 4420 690 4465 ut
715 4427 809 4477 pes
861 4418 1011 4477 tuus,
1049 4426 1081 4465 ο
1112 4409 1356 4477 Ηθιιτιεε,
1390 4413 1692 4485 intiugatur
1720 4419 1773 4471 in
1804 4419 2197 4490 jugulatorum'
2262 4416 2545 4473 hominum
2613 4414 2902 4484 sanguine,
2976 4421 3030 4466 et
3079 4412 3198 4481 ipsa
3261 4412 3425 4465 etiam
3496 4409 3685 4479 lingua

418 4523 616 4563 canum
675 4517 894 4560 tuorum
952 4520 1018 4559 ex
1070 4504 1265 4560 eodem
1316 4506 1665 4563 inimicorum
1721 4515 1991 4582 sanguine
2076 4529 2176 4585 per
2246 4513 2423 4582 ipsum
2473 4509 2644 4562 Deum
2696 4508 3019 4576 iutiugatur.
3071 4506 3274 4561 Itinera
3327 4513 3509 4559 autem
3552 4519 3684 4559 esse

417 4600 610 4656 dicunt
632 4597 727 4653 Dei
758 4597 897 4662 vias,
926 4596 1030 4651 hoc
1055 4605 1158 4665 est,
1188 4596 1281 4653 Dei
1302 4599 1530 4668 veStigia
1558 4601 1686 4655 olim
1720 4604 1774 4656 in
1802 4616 1985 4659 monte
2027 4604 2181 4658 Sina.
2220 4602 2464 4656 Ascendit
2500 4600 2903 4667 euim,-iuquit,
2968 4598 3023 4650 in
3077 4606 3252 4650 monte

3338 4596 3547 4666 Moyses
3632 4606 3683 4648 et

420 4706 602 4753 Aaron
626 4696 691 4757 “.
727 4703 780 4748 et
828 4710 949 4763 qua:
998 4703 1328 4763 sequuntur.
1370 4696 1433 4750 Et
1470 4699 1632 4765 paulo
1685 4709 1809 4767 post
1845 4721 1858 4754 :
1902 4701 1968 4752 Et
2007 4702 2248 4755 viderunt
2277 4700 2448 4753 locum
2474 4698 2565 4751 ubi
2594 4706 2815 4750 steterat
2848 4696 2991 4750 Deus
3033 4694 3225 4757 Israel,
3285 4704 3336 4749 et
3409 4711 3526 4763 qua:
3591 4700 3686 4747 sub

414 4793 631 4863 pedibus
674 4800 796 4863 ejus
842 4804 972 4857 Opus
1019 4788 1216 4856 lapidis
1264 4787 1523 4856 sappltiri.
1571 4789 1671 4843 Per
1729 4806 1981 4846 sanetum
2026 4811 2153 4849 vero
2183 4794 2363 4862 ipsum
2400 4790 2712 4857 intelligunt
2740 4788 2961 4842 coelum.

490 4882 789 4954 Sequitur:
842 4883 1215 4936 Prweenerunt
1265 4881 1538 4949 populum,
1578 4883 1750 4949 ipsius
1802 4888 1989 4952 p0puli

2176 4882 2305 4935 Εἶτα
2359 4882 2746 4948 Προσέλαόον
2784 4879 2889 4932 τὸν
2924 4878 3079 4931 λαὸν
3109 4880 3159 4928 οἱ
3201 4880 3462 4947 ἄρχοντες
3488 4876 3682 4937 abso),

418 4977 718 5049 principes.
772 4974 918 5029 Inter
949 4974 1260 5029 canendum
1299 4976 1501 5029 etenim
1538 4975 1666 5039 Deo,
1700 4984 1865 5045 atque
1913 4977 1996 5029 in-

417 5074 500 5119 ter
549 5064 921 5129 psallendum,
1002 5064 1300 5117 astiterunt
1354 5064 1582 5135 propius
1642 5066 1989 5134 psallentium

416 5160 608 5222 choro,
676 5159 732 5211 in
770 5158 947 5211 medio
992 5156 1412 5223 juveneularum
1459 5157 1988 5227 tympanistriaru‘m,

414 5257 467 5302 et
497 5252 769 5304 accidlsse
810 5250 928 5302 haec
961 5248 1290 5318 intelligunt,
1324 5257 1448 5318 post
1492 5252 1781 5305 transitum
1817 5251 1989 5305 maris

521 5432 567 5461 “
594 5428 766 5482 Exod.
816 5444 959 5490 sxw,
991 5426 1046 5481 9.

2106 4982 2164 5032 ὲν
2188 4978 2264 5047 τῷ
2291 4978 2439 5048 ᾄδειν
2472 4976 2565 5027 καὶ
2599 4974 2826 5043 ψάλλειν
2860 4972 2937 5035 τῶ
2969 4970 3089 5041 Θεῷ
3111 5012 3123 5033 ,
3158 4971 3339 5039 ἔγγιον
3400 4970 3685 5039 ἱστάμενοι

2102 5070 2209 5121 τῶν
2248 5066 2621 5138 χοροψαλτῶν,
2653 5069 2709 5118 ἐν
2740 5067 2889 5135 μέσῳ
2905 5064 3162 5117 νεανίδων
3200 5065 3681 5133 τυμπανιστριῶν.

2104 5164 2338 5229 Λέγουσι
2390 5162 2446 5213 δὲ
2490 5163 2557 5213 τὰ
2600 5162 2738 5229 μετὰ
2799 5159 2898 5227 τὴν
2948 5157 3214 5227 Ἐρυθρὰν
3247 5156 3549 5220 θάλασσαν,
3601 5155 3682 5208 ὅτι

2099 5255 2353 5324 Μαριὰμ,
2380 5256 2413 5325 ἡ
2437 5253 2527 5305 τοῦ
2564 5251 2772 5322 Ἀαρὼν
2795 5251 3234 5321 άδε).φὴ,ὲξῆρχε
3261 5248 3369 5303 τῶν
3394 5249 3679 5303 νεανίδων.

1737 5513 1933 5576 νοτία)
1965 5513 2296 5579 lectiones.

489 5622 600 5695 (47)
632 5628 711 5678 An
743 5640 849 5679 non
888 5627 1066 5694 potius
1098 5622 1359 5693 ἕχουσινῗ
