4020 6218
336 431 435 495 689

1481 448 1876 512 COMMENT.
1906 454 1984 513 IN
2022 457 2384 521 I’SALMOS.

3483 472 3591 534 6'30

436 544 525 598 δέ’
572 546 676 603 Ἔν
714 549 1083 655 ’.ἐκκλησίαις
1128 556 1432 626 εὐλογεῖτε
1486 563 1596 616 τόν
1640 565 1812 632 Θεὸν,
1854 567 1914 620 οὐ

2022 575 2214 643 llubri,
2240 579 2461 649 quando
2482 578 2648 634 Maria
2674 596 2833 637 soror
2857 582 3061 655 Aaron,
3092 582 3265 652 prima
3293 583 3436 638 inter
3458 586 3596 642 alias

335 636 589 691 δύνανται
640 637 982 708 μεθοδεῦσαι.
1018 644 1282 717 Βενιαμὶν
1340 649 1395 703 δέ
1427 669 1557 720 φασι
1592 656 1692 724 τὴν
1736 657 1910 727 φυλὴν

339 729 428 783 τοῦ
462 730 749 801 Βενιαμὶν,
787 735 1061 806 νεωτέραν
1098 737 1291 795 οὖσαν.
1315 742 1497 795 Νεὼτε
1506 762 1598 817 ρος
1620 747 1728 818 γὰρ
1751 749 1863 812 υἱὸς
1884 753 1911 803 ὁ

338 822 616 892 Βενιαμίν.
684 824 773 876 Ἐν
819 827 1076 882 ἐκστάσει
1126 831 1205 898 δὲ,
1248 834 1329 886 ὅτι
1374 836 1697 893 ἐνεθουσίων
1744 830 1908 895 πολε-

340 914 563 983 μοῦντες
615 916 665 969 οἱ
704 915 799 969 τοῦ
843 919 1141 989 Βενιαμίν·
1189 925 1374 997 ψυχρά
1431 929 1487 982 δὲ
1537 934 1631 986 καὶ
1685 933 1824 1003 αὕτη
1874 937 1906 1005 ή

334 1007 621 1076 ἑρμηνεία.
667 1009 728 1062 Οἱ
763 1010 1022 1081 ἄρχοντες
1069 1015 1123 1068 δὲ
1155 1021 1255 1089 τῆς
1297 1019 1467 1077 Ἰούδα
1504 1025 1678 1095 φυλῆς
1720 1027 1910 1080 ἐΰασί-

337 1096 532 1150 λευσαν
561 1099 667 1152 τῶν
714 1101 1001 1172 Ἑϐραίων.
1038 1108 1332 1178 Ἄρχοντες
1361 1115 1647 1170 Ζαϐουλὼν
1682 1120 1773 1173 καὶ
1800 1122 1909 1174 Νε-

338 1185 593 1258 φθαλεὶμ,
637 1189 722 1244 ὅτι
772 1192 1036 1265 ἐπίσημοι
1086 1194 1250 1253 αὗται
1294 1202 1351 1256 αἱ
1392 1207 1561 1273 φυλαὶ
1609 1208 1696 1262 διὰ
1723 1211 1819 1274 τὰς
1853 1214 1911 1267 ὲν

339 1280 559 1350 πολέμῳ
586 1281 957 1352 ἀνδραγαθίας
984 1304 1001 1319 ”
1032 1283 1177 1357 εἶτα,
1212 1296 1528 1365 ’Ἐντειλαι,
1555 1303 1589 1353 ὀ
1630 1303 1796 1368 Θεὸς,
1843 1304 1912 1358 τὰ

338 1372 647 1465 περὶγήμῶν
672 1379 788 1442 τοῖς
815 1380 1073 1449 ἀγγέλοις
1100 1402 1196 1439 σου
1219 1405 1234 1422 ·
1264 1378 1509 1462 δύναμις
1538 1393 1649 1465 γὰρ
1679 1395 1815 1449 Θεοῦ
1858 1399 1909 1454 oi

334 1464 553 1558 ἀγγελοι
578 1483 593 1498 ⁸
628 1470 724 1522 καὶ
773 1473 1115 1541 κραταίωσον
1147 1519 1161 1541 ,
1197 1477 1226 1532 ὃ
1277 1464 1625 1550 εὐτρέπισαςί
1658 1488 1719 1542 ἐν
1769 1489 1908 1558 ἡμῖν

333 1552 621 1625 βασίλειον.
643 1558 705 1611 Ei
731 1560 824 1612 καὶ
845 1562 920 1633 μὴ
952 1563 1020 1617 δι’
1048 1566 1218 1635 ἡμᾶς,
1237 1568 1375 1625 ἀλλά
1393 1589 1456 1639 γε
1484 1573 1571 1627 διὰ
1584 1574 1676 1628 τὸν
1704 1552 1910 1647 περιώ-

331 1663 499 1717 νυμον
556 1648 689 1704 λαόν
737 1667 833 1706 σου
885 1669 899 1684 ·
935 1656 1077 1711 οὕτω
1121 1659 1232 1731 γὰρ
1281 1664 1461 1725 νοοῦσι
1502 1666 1584 1731 τὸ,
1632 1668 1765 1722 Ἀπὸ
1801 1670 1910 1726 τοῦ

332 1739 482 1795 ναοῦ
509 1757 651 1797 σου.
681 1773 751 1783 --
775 1746 1033 1804 Οἵσουσι
1071 1752 1129 1805 δέ
1167 1771 1269 1808 σοι
1328 1756 1613 1828 ,ϐασιλεῖς
1653 1761 1811 1832 δῶρα
1836 1782 1849 1796 ·
1883 1764 1912 1817 ὁ

332 1832 550 1903 Χειράμ
573 1834 646 1888 τὰ
690 1837 916 1910 κέδρινα
967 1841 1125 1911 ξύλα,
1171 1848 1267 1901 καὶ
1297 1848 1450 1904 ἄλλοι
1499 1853 1657 1920 ἄλλα,
1685 1858 1779 1909 ἐπὶ
1812 1857 1910 1911 τοῦ

332 1922 695 2021 Σολομῶντος.
721 1931 905 2021 θηρία
925 1933 981 1986 δὲ
1014 1935 1120 1991 τοῦ
1143 1939 1434 2009 καλάμου,
1461 1943 1529 1996 τὰ
1560 1946 1729 2016 ἀγρια
1755 1948 1907 2021 ἔθνη,

334 2013 401 2107 τὰ
435 2015 493 2067 ὲν
525 2019 876 2090 ἀποκρύφοις
911 2026 1006 2079 καὶ
1038 2027 1331 2095 δυσϐάτοις
1379 2034 1565 2100 τόποις
1608 2013 1908 2107 οίκοῦντα’λ

333 2104 366 2177 ἡ
401 2112 692 2180 συναγωγὴ
740 2112 797 2165 δὲ
837 2115 946 2168 τῶν
984 2119 1271 2191 ἡγεμόνων
1304 2123 1515 2180 ἑαυτῶν
1546 2104 1744 2197 ἐντοῖς
1778 2133 1912 2187 ὑπο-

334 2232 692 2300 τεταγμένοις
724 2235 880 2292 εσται
912 2238 1086 2310 λαοῖς,
1121 2248 1601 2320 συνεδριαζόντων,
1650 2258 1745 2311 καὶ
1778 2260 1915 2314 ἑπα-

334 2322 695 2391 νορθούντων,
762 2333 859 2383 καὶ
919 2334 1300 2402 φυλαττόντων
1363 2344 1567 2409 αὐτοὺς
1599 2387 1614 2412 ,
1681 2350 1771 2403 ἐπὶ
1832 2353 1911 2412 τῷ

339 2413 743 2490 ἐκκλεισθῆναι,
785 2413 964 2479 εῖτ-ουν
1005 2429 1272 2500 ρυσθῆναι
1308 2406 1560 2490 τὸνλαὸν
1588 2406 1680 2493 τὸν
1704 2406 1911 2496 δεδοκιῖ-

338 2508 621 2605 μασμέ-νμον
648 2513 707 2565 ὲν
748 2517 1084 2590 καθαρότητι
1111 2524 1343 2591 πίστεως
1366 2568 1382 2594 ,
1411 2508 1487 2593 ῶς
1518 2532 1806 2605 ἀργύριον.
1838 2536 1913 2591 Τδ

331 2595 391 2695 δέ
415 2613 428 2626 ·
463 2599 720 2695 ’ῌξουσι
752 2610 1031 2679 πρέσϐεις
1055 2613 1125 2679 ἐξ
1151 2619 1477 2687 Αίγύπτου,
1511 2595 1733 2690 λέγουσι
1762 2628 1914 2695 γενέ-

336 2689 456 2787 σθαι
484 2691 578 2787 επὶ
605 2696 973 2769 Σολομῶντος,
997 2707 1085 2775 ἐφ’
1107 2704 1169 2764 οὗ
1206 2712 1301 2765 καὶ
1340 2713 1372 2777 ἡ
1405 2689 1661 2767 Αίυιοπία
1693 2689 1909 2787 ἔπεμψε

336 2780 436 2879 τίὲν
475 2785 679 2859 ἑαυτῆς
708 2790 968 2850 δυνάστιν
1002 2800 1104 2870 τὴν
1139 2800 1484 2872 βασίλισσαν.
1512 2807 1593 2860 Τὰ
1630 2808 1756 2879 ἑξῆς
1788 2780 1911 2862 ἑεεί-
1954 2862 1957 2863 ,

338 2872 540 2969 ρῶνται
566 2879 668 2947 μὲν
683 2884 1068 2956 συμσισάζειν,
1099 2892 1415 2963 ἐλέγχονται
1437 2896 1495 2951 δὲ
1525 2872 1910 2969 σφαλλόμενοι.

341 2963 461 3066 xei)
484 2967 540 3066 δὲ
573 2970 893 3066 θαυμάζειν,
927 2981 1075 3047 ὅπως
1095 2985 1157 3038 τὸ
1180 2987 1324 3041 θεῖον
1355 2963 1581 3061 Πνεῦμα
1603 2994 1670 3064 τῇ
1700 2963 1914 3066 ἱστορίᾳ

335 3055 437 3125 τὴν
474 3059 770 3156 ἀναγωγὴν
795 3072 1144 3141 σννέπλεξεν.
1194 3078 1283 3133 Ἑν
1308 3082 1421 3142 τοῖς
1442 3055 1834 3156 καιριωτάτοις.
1856 3055 1914 3140 δὲ

341 3152 555 3251 Υξμνὴν
592 3157 841 3228 ἱστορίας
871 3167 970 3237 τὴν
1002 3169 1296 3245 ἀναγωγὴν
1324 3152 1558 3248 ἔθηκεν,
1582 3180 1662 3241 είς
1693 3179 1912 3251 ἔλεγχον

336 3246 445 3300 τῶν
477 3250 866 3324 ἀντιλεγόντων
908 3263 1200 3322 Ἰουδαίων.

333 3352 537 3411 eosque
568 3344 893 3419 dirigentes,
917 3370 981 3410 ac
1011 3372 1408 3419 conservantes

2011 675 2481 741 adulescentulas,
2514 676 2683 744 cmpit
2717 690 2918 730 canere
2967 675 3267 735 canticum.
3321 676 3386 730 Et
3443 680 3591 747 quod

2013 770 2264 837 sequitur
2295 786 2308 821 :
2344 767 2409 822 In
2460 768 2696 822 ecclesiis
2746 766 3035 823 benedicite
3066 767 3197 832 Deo,
3233 770 3382 823 nullo
3432 781 3592 839 pacto

2013 878 2115 917 suo
2144 872 2379 931 possunt
2413 862 2832 917 accommodare
2856 864 3159 931 proposito.
3215 861 3281 915 Et
3304 862 3587 932 Beniamin

2013 973 2111 1026 pro
2132 965 2259 1011 tota
2290 957 2436 1012 tribu
2472 957 2805 1025 intelligunt,
2858 966 2911 1011 et
2942 955 3458 1020 adolescentiorem,
3492 973 3588 1022 seu

2008 1052 2281 1121 iuniorem
2311 1050 2572 1120 appellari
2599 1049 2813 1114 dicunt,
2843 1050 2969 1118 quia
3001 1039 3588 1107 casterorum'lratrum

2008 1144 2198 1213 junior
2229 1144 2417 1198 fuerit.
2454 1142 2511 1196 lu
2541 1144 2748 1198 exstasi
2803 1158 2933 1198 vero
2986 1152 3041 1197 et
3098 1145 3299 1198 mentis
3354 1158 3590 1199 excessu

2013 1252 2136 1292 eum
2162 1236 2336 1292 fuisse
2371 1237 2590 1301 dicunt,
2616 1251 2682 1292 eo
2712 1237 2856 1305 quod
2895 1237 3061 1305 hujus
3091 1237 3271 1295 tribus
3303 1236 3510 1292 milites
3532 1236 3588 1290 in

2012 1329 2314 1385 certamine
2340 1329 2522 1383 furere
2548 1329 2974 1397 quodammodo.
3000 1340 3169 1398 atque
3196 1338 3352 1385 extra
3384 1344 3442 1385 se
3467 1328 3589 1395 rapi

2009 1419 2341 1475 videbantur
2385 1434 2399 1471 :
2449 1432 2637 1472 verum
2701 1417 2896 1485 frigida
2931 1418 3223 1475 admodum
3275 1414 3590 1484 huiusmodi

2010 1511 2232 1566 videtur
2265 1510 2563 1580 expositio.
2619 1509 2904 1578 Principes
2953 1510 3120 1573 etiam
3156 1508 3297 1567 Juda
3328 1522 3591 1578 regnasse

2012 1603 2208 1682 dicunt
2260 1602 2313 1656 in
2352 1601 2578 1671 .populo
2627 1602 3007 1657 Hebraeorum.
3066 1601 3353 1670 Principes
3406 1606 3589 1653 autem

2014 1694 2262 1752 Zabulon
2332 1704 2385 1750 et
2436 1692 2784 1762 Neplttltalim
2852 1692 2975 1747 ideo
3032 1692 3189 1746 aiunt
3264 1691 3355 1745 hic
3422 1690 3594 1745 fuisse
3675 1681 3695 1719 π’

2014 1794 2503 1853 commemoratos,
2556 1785 2686 1856 quia
2739 1784 2957 1841 caeteris
3008 1784 3345 1855 insigniores
3396 1782 3592 1836 barum

2015 1879 2263 1936 tribuum
2296 1878 2552 1934 homines
2582 1876 2941 1941 videbantur,
2999 1877 3070 1929 ob
3106 1888 3379 1951 summam
3427 1887 3592 1943 quam

2015 1974 2069 2027 in
2093 1971 2240 2027 bello
2268 1985 2486 2039 semper
2516 1969 2878 2025 ostenderunt
2911 1967 3321 2022 strenuitatetu.
3361 1963 3593 2030 Deinde,

2016 2063 2245 2127 Handa,
2268 2063 2547 2137 inquiunt,
2580 2061 2742 2130 Deus,
2769 2061 2954 2117 virtuti
2983 2068 3109 2125 tua),
3144 2059 3250 2115 hoc
3276 2067 3384 2121 est,
3420 2072 3586 2127 ange-

2016 2159 2085 2214 lis
2117 2158 2250 2213 tuis.
2285 2156 2479 2213 Virtus
2499 2155 2646 2212 enim
2675 2155 2769 2210 Dei
2799 2153 3060 2224 angelus:
3088 2153 3311 2219 manda,
3342 2153 3595 2219 inquam,

2014 2268 2079 2311 ea
2106 2267 2230 2323 qua:
2252 2250 2319 2309 ad
2350 2249 2727 2306 defensionem
2761 2254 3008 2303 nostram
3044 2246 3345 2314 pertinent,
3371 2250 3429 2298 et
3458 2254 3596 2302 con-

2018 2344 2172 2399 lirma
2234 2357 2462 2413 regnum
2496 2339 2642 2412 quod
2678 2340 2735 2394 in
2761 2338 2923 2393 nobis
2943 2336 3057 2406 jam
3093 2334 3321 2406 parasti,
3379 2332 3424 2387 si
3479 2344 3592 2385 non

2017 2446 2239 2505 propter
2264 2449 2388 2499 nos,
2414 2432 2608 2488 saltem
2638 2439 2863 2501 propter
2888 2429 3103 2484 celebre
3123 2425 3382 2494 templum
3412 2431 3593 2477 tuum.

2014 2531 2096 2584 Ita
2126 2528 2274 2585 enim
2308 2527 2624 2596 intelligunt
2653 2524 2748 2579 illa
2775 2522 2977 2579 verba:
3037 2520 3083 2574 A
3111 2519 3303 2586 templo
3334 2528 3446 2572 tuo.
3481 2513 3596 2568 Tibi

2014 2624 2177 2679 etiam
2208 2622 2375 2689 ferent
2404 2635 2546 2689 reges
2589 2632 2831 2680 munera,
2879 2624 2936 2670 ut
2984 2611 3300 2668 Salomonis
3352 2618 3596 2677 tempore

2016 2715 2222 2771 factum
2256 2722 2362 2778 est,
2396 2712 2466 2767 ab
2499 2710 2686 2767 IIiram
2719 2725 2848 2779 rege
2877 2707 3032 2779 Tyri,
3062 2706 3155 2774 qui
3186 2705 3331 2774 ligna
3367 2702 3433 2755 ad
3468 2713 3598 2755 con-

2015 2807 2378 2864 structionem
2410 2802 2596 2873 templi
2619 2801 2841 2856 cedriua
2860 2798 3078 2853 obtulit.
3106 2795 3211 2850 Per
3243 2795 3387 2863 feras
3410 2798 3594 2846 autem

2016 2896 2298 2954 arundinis
2330 2892 2578 2950 immites
2609 2900 2804 2961 gentes
2859 2888 3192 2953 intelligunt,
3243 2898 3365 2953 qua:
3410 2882 3466 2935 iu
3496 2892 3593 2933 oc-

2018 2991 2184 3047 cultis
2233 2997 2399 3057 atque
2450 2998 2683 3040 accessu
2732 2979 3074 3037 dillicillitnis
3132 2978 3272 3032 locis
3321 2973 3590 3028 habitant.

2014 3078 2508 3153 Congregationem
2560 3076 2729 3131 etiam
2763 3081 3056 3130 taurorum
3092 3069 3312 3139 seipsos
3342 3079 3467 3122 esse
3504 3077 3593 3117 as-

2017 3184 2232 3239 serunt,
2261 3170 2431 3228 veluti
2465 3172 2637 3227 duces
2666 3168 2934 3238 quosdam
2982 3165 3128 3219 inter
3177 3159 3457 3231 subjectos
3497 3168 3596 3224 po-

1940 3260 1983 3317 C
2015 3274 2176 3343 pulos
2208 3265 2583 3329 considentes,
2616 3269 2671 3318 et
2693 3258 3173 3331 congregationem
3203 3257 3597 3343 convocantes,

1459 3382 1472 3419 :
1543 3375 1601 3419 ut
1663 3367 1980 3433 excludant,
2021 3342 2126 3420 ltoc
2160 3369 2269 3427 est,
2300 3367 2359 3416 ut
2392 3375 2460 3414 ex
2488 3358 2748 3414 clausura
2780 3353 3018 3409 liberent
3068 3348 3335 3421 populum
3386 3342 3597 3416 proba-

334 3436 446 3484 tum
483 3434 533 3488 iu
568 3441 837 3498 munditia
891 3445 1014 3502 ﬁdei
1062 3456 1321 3519 tanquam
1379 3464 1692 3526 argentum,
1748 3453 1905 3523 Quod
1964 3454 2216 3524 sequitur
2262 3468 2278 3507 :

2344 3447 2563 3505 Veniant
2621 3444 2785 3516 legati
2848 3458 2914 3498 ea:
2986 3438 3244 3512 zEgypto,
3309 3434 3593 3507 impletum

336 3540 461 3620 esse
496 3530 688 3588 dicunt
724 3535 1036 3597 Salomonis
1076 3551 1347 3616 tempore,
1419 3549 1645 3618 quando
1702 3548 1984 3620 Etltiopia
2023 3562 2181 3604 suam
2213 3544 2281 3599 ad
2311 3542 2659 3599 Salomonem
2690 3551 2936 3599 manum.
2962 3535 3069 3591 hoc
3099 3539 3208 3599 est,
3236 3530 3460 3601 quando
3481 3530 3592 3587 vim

334 3633 400 3673 ac
438 3628 735 3707 potentiam
788 3646 945 3688 suam
998 3637 1170 3704 misit,
1224 3638 1371 3694 illam
1418 3640 1634 3697 scilicet
1665 3644 1911 3712 reginam
1951 3656 2074 3711 quae
2110 3637 2403 3694 visitatura
2435 3632 2588 3703 venit
2621 3629 3010 3694 Salomonem;
3043 3631 3100 3681 et
3160 3637 3286 3694 quae
3349 3629 3600 3691 sequun-

336 3722 427 3770 tur
455 3719 646 3776 eodem
676 3735 951 3783 conantur
985 3740 1177 3787 tenore
1246 3734 1414 3791 rebus
1459 3737 1579 3792 suis
1663 3738 2111 3799 accommodare,
2164 3744 2523 3803 quanquam,
2576 3736 2640 3784 ut
2702 3725 2964 3790 diximus.
3026 3721 3430 3779 εοηνίηοδηιυτ
3486 3726 3596 3769 "0“

335 3813 678 3901 posseJllud
705 3821 952 3887 profecto
1009 3826 1381 3884 admiratione
1451 3828 1678 3901 dignum
1742 3841 1849 3897 est,
1910 3827 2189 3901 quomodo
2236 3833 2463 3883 sanctus
2496 3822 2739 3896 Spiritus
2785 3817 3146 3892 anagOgicum
3199 3828 3424 3873 sensum
3465 3824 3592 3868 eum

337 3899 604 3960 historico
631 3912 1066 3983 complicaverit,
1118 3926 1171 3972 et
1226 3899 1533 3989 praecipuis
1567 3921 1901 3992 quibusdam
1932 3899 2080 3976 locis
2113 3932 2321 3974 meram
2351 3929 2678 3987 anagogcm,
2729 3912 2882 3970 omni
2931 3922 3162 3982 prorsus
3228 3906 3431 3963 nudam
3506 3907 3594 3962 ιιι-

335 3996 506 4051 storia
557 4009 895 4077 apposuerit,
935 4010 1005 4066 ad
1062 4014 1503 4071 convincendum
1563 4016 1911 4073 adversarios
1950 4014 2192 4072 Judteos.

337 4116 441 4181 εις
462 4116 528 4171 τὸ
553 4119 728 4189 τέλος
742 4126 895 4196 ὑπὲρ
917 4128 1038 4183 τῶν
1048 4130 1646 4206 ἀλλοιωθησομένων,
1666 4136 1915 4205 Ψαλμύς

2022 4136 2085 4191 In
2124 4137 2285 4207 ﬁnem
2311 4151 2407 4204 pro
2448 4134 2539 4199 iis,
2571 4134 2662 4204 qui
2688 4129 3179 4195 committebantur,
3215 4126 3469 4182 Psalmus
3498 4126 3599 4195 ipsi

972 4219 1052 4287 τῷ
1085 4225 1285 4281 Δαϐίδ.

899 4334 1191 4395 ΨΑΛΜΟΣ
1241 4340 1371 4398 ΞΠ.

411 4416 516 4510 Eic
540 4418 626 4510 τὸ
677 4422 853 4491 τέλος
897 4429 1017 4498 μὲν,
1050 4432 1136 4487 διὰ
1173 4434 1234 4488 τὸ
1273 4435 1450 4507 πέρας
1481 4438 1590 4492 τῶν
1637 4439 1697 4491 ὲν
1740 4437 1916 4510 τούτῳ

341 4507 701 4580 προρρήσεων
722 4530 737 4546 ⁸
785 4516 966 4590 ’Υπὲρ
986 4520 1107 4579 τῶν
1131 4525 1711 4598 ἁλλοιωθησομένων
1724 4530 1801 4595 δὲ,
1833 4507 1916 4584 ὅτι

342 4599 471 4668 περὶ
502 4603 810 4693 μεταϐολῆς
831 4615 1174 4684 πραγμάτων
1195 4616 1552 4688 διαλαμϐάνει
1582 4636 1597 4650 ο
1621 4621 1919 4693 ἐσχημάτι-

2721 4224 2911 4279 David.

2501 4336 2834 4406 ,PSALMUS
2875 4336 3112 4393 LXVIII.

2096 4430 2164 4485 In
2186 4433 2345 4503 ﬁnem
2374 4431 2697 4489 inscribitur
2719 4432 2788 4487 ob
2819 4431 3137 4502 propltetias
3166 4430 3253 4486 his
3283 4437 3597 4493 contentas,

2024 4538 2145 4592 quae
2198 4522 2267 4577 ad
2299 4522 2462 4579 linem
2511 4522 2830 4595 tendebant,
2883 4529 2937 4576 et
2966 4536 3062 4591 pro
3094 4520 3185 4584 iis,
3236 4520 3327 4590 qui
3359 4535 3601 4573 commit-

2029 4613 2319 4680 labuntur,
2393 4614 2522 4686 quia
2583 4630 2769 4669 rerum
2850 4611 3210 4668 mutationem
3278 4617 3596 4680 pertractat.

344 4702 466 4780 σται
507 4691 620 4762 γὰρ
669 4699 949 4771 προσώπῳ
979 4702 1073 4757 τοῦ
1114 4706 1172 4759 ἐν
1214 4707 1533 4780 Βαϐυλωνίᾳ
1566 4691 1915 4780 αἰχμαλώτου

2025 4706 2387 4776 Conscriptus
2436 4714 2620 4762 autem
2661 4705 2763 4760 luit
2819 4720 2883 4760 ex
2947 4704 3133 4776 p0puli
3187 4718 3459 4777 persona,
3504 4704 3600 4773 qui

343 4779 500 4847 λαοῦ,
553 4784 752 4852 οἵτινες
788 4792 1187 4866 ήλλοιώθησαν,
1231 4800 1354 4853 ἀντὶ
1394 4779 1598 4855 δούλων
1646 4779 1922 4872 ἐλεύθεροι

349 4873 515 4929 πάλιν
550 4880 855 4947 γεγονότες,
891 4887 986 4939 καὶ
1039 4889 1163 4942 ἀντὶ
1194 4890 1295 4961 τῆς
1344 4892 1632 4961 ἀλλοτρίας
1659 4892 1759 4964 τὴν
1793 4892 1927 4946 ἰδίαν

344 4965 529 5021 οἰκίαν
564 4970 911 5041 οἰκήσαντες.
954 4977 1232 5050 Προσήκει
1281 4981 1342 5035 δὲ
1371 4983 1466 5036 καὶ
1515 4984 1680 5036 παντὶ
1720 4982 1928 5037 πιστῶν

351 5056 769 5135 πολεμουμένῳ,
801 5066 913 5121 εἴτε
946 5071 1298 5140 σωματικῶς,
1331 5072 1441 5127 εἴτε
1471 5074 1745 5145 ψυχικῶς.

418 5240 632 5297 Σῶσόν
655 5263 752 5315 με,
787 5250 823 5301 ό
856 5249 1021 5317 Θεὸς.
1055 5250 1144 5306 ὅτι
1176 5253 1550 5323 εὶσήλθοσαν
1594 5255 1784 5310 ὕδατα
1814 5257 1926 5324 ἕως

345 5333 559 5402 ψυχῆς
572 5355 715 5405 μου.
741 5340 951 5397 ’Υδατα
966 5343 1114 5411 λέγει
1141 5345 1238 5419 τὴν
1254 5348 1541 5419 ὲπίῤῥοιαν
1563 5347 1672 5401 τῶν
1696 5348 1927 5419 θλίψεων

350 5426 450 5479 καὶ
482 5430 594 5482 τῶν
623 5435 967 5505 πειρασμῶν,
1003 5438 1113 5492 τῶν
1140 5439 1541 5509 ἐπαφιεμένων
1560 5441 1664 5494 ὑπὸ
1684 5441 1794 5494 τῶν
1821 5441 1930 5495 εἴτε

348 5517 585 5587 ὁρατῶν,
628 5522 740 5574 εἴτε
778 5522 1030 5595 ἀοράτων
1061 5526 1294 5598 ἐχθρῶν,
1321 5522 1397 5582 ὧν
1434 5529 1495 5583 τὸ
1541 5530 1706 5602 βάθος
1728 5571 1743 5597 ,
1775 5534 1930 5603 δίκην

351 5608 584 5679 ὑδάτων,
623 5614 921 5685 ἀποπνίγει
949 5616 1042 5670 τὸν
1078 5620 1441 5692 συνεχόμενον
1468 5637 1482 5650 ’
1519 5621 1713 5684 ταῦτα,
1771 5623 1931 5692 φησὶ,

1945 4759 2001 4820 D

2025 4797 2274 4870 captivus
2300 4800 2492 4854 eratin
2518 4798 2812 4870 Babylone,
2837 4808 2892 4852 et
2916 4797 3225 4852 mutatione
3256 4796 3396 4851 facta
3426 4811 3455 4849 a
3480 4809 3601 4849 ser-

2027 4889 2202 4944 vitute
2237 4889 2526 4954 liberatus,
2562 4895 2615 4943 et
2656 4888 2710 4943 in
2755 4887 2983 4959 patriam
3016 4886 3308 4943 restitutus
3335 4892 3421 4942 est
3463 4882 3598 4956 (48).

2027 4977 2449 5032 Aceommodari
2474 4979 2636 5032 etiam
2670 4986 2848 5047 potest
2869 4976 3095 5033 cuilibet
3129 4975 3297 5041 ﬁdeli,
3323 4976 3416 5046 qui
3449 4991 3477 5027 a
3513 4974 3599 5028 vi-

2028 5066 2271 5120 sibilium
2308 5076 2474 5138 atque
2504 5068 2574 5123 ab
2600 5069 2962 5125 ittvisibilium
2991 5069 3224 5125 hostium
3247 5062 3601 5136 oppressione

2028 5157 2195 5212 fuerit
2231 5159 2513 5217 liberatus.
3280 5162 3285 5167 ’

2123 5250 2283 5305 Vsus.
2324 5250 2380 5306 2.
2409 5249 2626 5306 Salvum
2658 5270 2737 5306 me
2770 5253 2873 5321 fac,
2908 5251 3067 5316 Deus,
3087 5250 3335 5321 quoniam
3366 5250 3602 5302 intrare-

2030 5354 2155 5401 runt
2181 5359 2332 5416 aqmt’
2358 5359 2522 5413 usque
2548 5343 2618 5397 ad
2645 5344 2879 5398 animam
2906 5359 3097 5396 meam.
3128 5339 3232 5398 Per
3258 5353 3449 5409 aquas.
3483 5347 3603 5391 len—

2031 5436 2298 5490 talionum
2330 5450 2396 5489 ac
2423 5433 2795 5491 calamitatum
2823 5433 3152 5490 allluentiam
3177 5429 3452 5499 intelligit,
3483 5446 3603 5493 qum

2031 5534 2100 5582 ab
2142 5528 2538 5593 invisibilibus,
2574 5535 2632 5582 ut
2659 5528 2919 5593 diximus,
2949 5544 3046 5584 seu
3079 5544 3111 5584 a
3144 5526 3455 5583 visibilibus
3503 5527 3603 5582 inl-

2034 5619 2193 5675 micis
2228 5619 2588 5689 proveniant:
2622 5635 2852 5691 quarum
2883 5619 3265 5676 calamitatum
3308 5617 3606 5694 profundi-

1714 5797 1915 5859 Varim
1955 5796 2286 5861 lectiones.

428 5943 541 6014 (.58)
585 5945 664 5999 Ad
692 5947 914 6003 verbum
946 5958 994 6002 et
1025 5964 1120 6017 pro
1157 5949 1331 6005 aliena
1377 5952 1647 6017 prom'iam
1698 5952 1910 6004 domum
1947 5948 2265 6006 incolebant.
