4070 6224
407 405 508 471 691

1616 405 2000 468 EUTHYMII
2031 406 2395 470 ZIGABENI

3573 412 3682 477 692

409 526 518 581 tas,
550 531 812 586 aquarum
847 516 1041 579 instar,
1077 515 1336 571 facillime
1365 530 1560 572 omnes
1596 515 1850 582 suﬂ‘ocat,
1887 517 1984 586 qui

2093 517 2159 571 τά
2209 517 2402 584 ὕδατα,
2451 517 2850 589 περιγενόμενα
2881 516 2974 570 τοῦ
3019 515 3292 588 σώματος.
3339 519 3550 590 ἥψαντο
3589 515 3682 578 καὶ

412 611 466 662 in
499 623 617 663 eam
650 607 964 662 inciderint.
998 607 1326 677 Huiusmodi
1360 624 1539 679 aquae,
1577 609 1778 679 inquit,
1811 618 1985 664 totum

411 716 498 753 me
530 701 877 766 obtexcrunt,
919 710 971 754 et
1002 701 1069 754 ad
1107 701 1280 772 ipsam
1312 718 1485 771 usque
1515 702 1754 756 animam
1791 718 1986 771 perve-

408 801 650 845 nerunt:
688 805 798 860 quo
825 807 1081 847 sermone
1107 793 1317 848 doloris
1350 793 1435 848 sui
1461 793 1862 849 vehementiam
1895 793 1990 846 de-

409 892 700 937 monstrat.
1701 867 1704 871 Ι

483 973 644 1027 Vens.
689 973 738 1025 ’5.
784 972 996 1041 Infixus
1031 989 1146 1025 sum
1175 974 1228 1025 in
1260 972 1385 1025 limo
1408 972 1682 1041 profundi,
1706 982 1756 1025 et
1780 987 1884 1025 non
1909 983 1988 1024 est

403 1053 768 1120 subsistentia.
803 1066 1064 1132 Qtttcdam
1099 1066 1429 1134 exemplaria
1466 1067 1668 1119 habent
1699 1083 1712 1119 :
1771 1065 1985 1134 Inﬁxus

401 1174 516 1210 sunt
551 1160 603 1211 in
629 1161 876 1212 materia.
902 1157 922 1229 [
945 1157 1146 1212 Graeca:
1169 1159 1312 1212 enim
1335 1159 1606 1212 dictiones
1639 1159 1752 1220 ἰλὺς
1775 1166 1829 1212 et
1858 1158 1982 1227 ὕλη,

403 1266 636 1319 quarum
677 1250 828 1320 prior
878 1251 1085 1312 timum,
1142 1250 1314 1304 altera
1350 1251 1635 1303 materiam
1687 1249 1982 1320 signiﬁcat,

403 1341 616 1396 modica
650 1353 704 1398 et
738 1343 1051 1396 litterarum
1102 1352 1155 1397 et
1200 1358 1394 1397 vocum
1434 1341 1744 1398 diﬂerentia
1781 1340 1982 1395 distin-

403 1441 669 1502 guuntur.
719 1433 991 1501 Quocirca
1028 1435 1364 1502 scriptorum
1418 1435 1550 1489 vitio
1604 1433 1764 1488 facile
1811 1433 1986 1487 intro-

401 1525 565 1580 tlucta
612 1538 697 1582 est
751 1528 999 1583 lectionis
1076 1526 1360 1599 varietas]
1430 1525 1632 1582 Verum
1712 1536 1989 1594 utcunque

2096 611 2269 680 αὐτῆς
2310 615 2408 682 τῆς
2436 612 2614 682 ψυχῆς
2657 628 2780 681 μου.
2833 611 3126 680 Ἐμφαίνει
3160 611 3218 664 δὲ
3249 612 3337 666 διὰ
3366 615 3558 669 τούτου
3582 615 3679 688 τὴν

2096 704 2435 776 σφοδρότητα
2467 706 2566 774 τῆς
2594 704 2912 774 ἀλγηδόνος.

2177 969 2518 1037 Ἐνεπάγην
2546 970 2633 1034 είς
2657 970 2796 1024 ἰλὺν
2822 970 3042 1034 βυθοῦ,
3077 969 3175 1022 καί
3195 971 3306 1024 οὐκ
3329 970 3502 1024 ἔστιν
3528 973 3678 1027 ὑπό-

2089 1077 2329 1128 στασις.
2381 1063 2514 1116 de;
2555 1063 2664 1116 τῶν
2725 1064 3074 1131 ἀντιγράφων
3147 1063 3311 1130 ὕλην
3346 1063 3674 1131 γράφουσιν.

2096 1158 2255 1210 Ἐστι
2283 1159 2340 1211 δὲ
2376 1159 2468 1210 καὶ
2500 1160 2660 1211 τοῦτο
2695 1161 2919 1213 κάκεῖνο
2948 1160 2980 1228 ἡ
3019 1158 3348 1228 ὑποστάθμη
3381 1159 3474 1212 τοῦ
3507 1161 3565 1212 ἐν
3600 1159 3674 1228 τῷ

2095 1249 2241 1320 βυθῷ
2311 1251 2522 1313 ὓδατος.
2591 1251 2978 1320 Μεταφορικδς
3027 1251 3082 1303 δὲ
3139 1253 3166 1303 ὁ
3216 1250 3417 1316 λόγος’
3477 1252 3523 1302 οἱ
3568 1250 3674 1319 γὰρ

2093 1342 2510 1413 ἐμπηγνύμενοι
2533 1347 2598 1414 τῇ
2633 1343 2860 1414 τοιαύτῃ
2889 1343 3214 1414 ὑποστάθμῃ
3242 1343 3338 1412 οὐχ
3391 1341 3664 1409 εὑρίσκου-

2098 1451 2185 1486 σιν
2225 1435 2554 1500 ὑπόστασιν,
2605 1435 2784 1488 εῐτουν
2826 1435 3137 1506 ἑδραίωσιν,
3173 1437 3259 1488 ἀεὶ
3314 1431 3674 1506 συνιζανούσῃ

2097 1526 2186 1579 διὰ
2215 1527 2276 1579 τὸ
2299 1527 2496 1597 τέλμα.

403 1619 574 1690 legas,
609 1621 797 1678 fascem
849 1623 997 1677 illam
1030 1619 1305 1691 Propheta
1343 1620 1717 1692 metaphorice
1765 1618 2078 1690 significare
2125 1621 2317 1685 voluit,
2369 1637 2490 1691 qnze
2557 1621 2662 1677 sub
2740 1617 3016 1690 profundo
3077 1634 3231 1689 aqua?
3299 1633 3424 1674 esse
3511 1618 3672 1673 solet.

403 1715 508 1779 Qui
540 1715 706 1784 igitur
745 1715 798 1770 in
832 1715 1151 1786 hujusmodi
1189 1713 1318 1768 faece
1358 1711 1508 1766 inﬁxi
1596 1720 1742 1775 sunt,
1793 1711 2237 1778 subsistentiam,
2289 1714 2395 1769 hoc
2445 1723 2552 1776 est,
2617 1713 2968 1768 stabilitatem
3060 1712 3267 1767 nullam
3358 1713 3670 1779 inveniunt,

407 1812 522 1878 ipsa
559 1809 815 1865 nimirum
855 1810 1008 1874 faece,
1065 1809 1135 1863 ob
1165 1821 1446 1863 caenosam
1481 1821 1544 1861 ac
1578 1805 1781 1860 fluxam
1835 1806 1980 1860 illam
2023 1809 2337 1872 materiam,
2369 1823 2585 1877 semper
2620 1807 2796 1877 magis
2828 1805 2971 1860 inira
3018 1821 3076 1860 se
3105 1805 3456 1860 considente.

489 1904 616 1958 Veni
669 1904 724 1956 in
769 1901 1038 1972 profunda
1077 1902 1267 1962 maris,
1313 1908 1364 1954 et
1428 1910 1712 1968 tempestas
1740 1901 1988 1954 demersit
2021 1911 2063 1965 Β

404 2011 506 2048 me.
534 1993 628 2048 llis
653 1994 828 2046 tribus
844 1993 1110 2061 proximis
1127 1991 1418 2046 versiculis
1437 1991 1687 2045 eamdem
1711 1991 1989 2061 Pr0pheta

406 2086 611 2157 ubique
633 2085 832 2154 repetit
860 2084 1214 2145 sententiam,
1238 2081 1633 2148 multiplicibus
1668 2083 1988 2150 absorptum

403 2196 463 2236 se
485 2196 606 2236 esse
627 2195 884 2235 asserens
909 2177 1336 2241 calamitatibus,
1357 2190 1495 2246 quas
1527 2175 1687 2229 variis
1716 2175 1995 2244 explicare

403 2280 639 2326 conatur
699 2269 1051 2324 nominibus:
1105 2282 1278 2337 aquas
1347 2267 1524 2333 primo
1563 2282 1658 2321 eas
1691 2265 1996 2335 appellans,

402 2380 467 2417 ro
516 2366 660 2434 quod
712 2365 916 2432 impetu
973 2364 1206 2432 quodam
1235 2375 1390 2430 aqua:
1443 2362 1618 2414 instar
1659 2358 1903 2413 defluunt
1941 2365 1997 2412 et

404 2455 717 2519 sullocant;
771 2455 968 2508 deinde
996 2455 1208 2516 sliutum
1240 2451 1516 2521 profundi,
1547 2460 1768 2520 propter
1805 2449 1992 2504 inlini-

2165 1898 2400 1956 Ἦλθον
2431 1907 2519 1965 εις
2553 1900 2624 1954 τὰ
2647 1902 2812 1969 ,βάθη
2839 1899 2949 1967 τῆς
2975 1899 3318 1966 θαλάσσης,
3345 1899 3441 1950 καί
3474 1913 3676 1952 κατηιο

2093 1993 2188 2063 γίς
2217 1998 2624 2051 κατεπόντισέ
2659 2013 2756 2066 με.
2790 1996 2854 2050 Oi
2898 1997 3050 2064 τρεῖς
3092 1989 3236 2048 οὗτοι
3266 1992 3439 2062 στίχοι
3461 1993 3523 2047 τὸ
3547 1993 3680 2047 αὐτὸ

2095 2087 2347 2155 λέγουσιν
2377 2105 2390 2118 ’
2443 2091 2524 2142 ὅτι
2559 2087 3014 2158 Κατεποντίσθην
3066 2085 3170 2138 ὑπὸ
3218 2085 3326 2138 τῶν
3358 2085 3676 2154 συμφορῶν,

2095 2175 2159 2236 ἃς
2191 2177 2460 2247 διαφόρως
2497 2179 2792 2249 ὠνόμασαν
2823 2197 2837 2211 ·
2881 2178 3049 2231 ὕδατα
3082 2177 3200 2246 μὲν,
3227 2175 3315 2228 διὰ
3341 2175 3400 2228 τὸ
3430 2177 3681 2246 ἐπιρῥεῖν

2097 2267 2191 2318 καὶ
2219 2267 2544 2331 ἀποπνίγειν
2577 2269 2692 2324 ἰλὺν
2723 2269 2911 2340 βυθοῦ,
2937 2267 3025 2322 διὰ
3055 2267 3115 2320 τὸ
3145 2266 3450 2335 ἀπέραντον
3478 2281 3492 2295 ·
3525 2265 3668 2334 βάθη

2097 2359 2152 2411 δὲ
2175 2359 2475 2429 Galateam,
2507 2363 2595 2416 διὰ
2624 2365 2684 2416 τὸ
2712 2364 2914 2434 πλῆθος
2943 2361 3041 2416 καὶ
3069 2360 3168 2432 τὴν
3197 2358 3443 2430 πικρίαν.
3466 2358 3681 2412 Καται-

2101 2451 2227 2518 γίδα
2254 2453 2310 2506 δὲ
2345 2455 2502 2509 καλεῖ
2547 2455 2644 2525 τὴν
2670 2457 2878 2509 τούτων
2910 2453 3317 2529 σφοδρότητα.-

409 2556 606 2612 tatem;
649 2558 703 2601 et
735 2548 897 2601 tertio
930 2546 1196 2615 profunda
1232 2545 1420 2607 maris,
1454 2543 1524 2598 oh
1545 2543 1757 2610 coniam
1783 2553 1946 2611 atque
1972 2545 2392 2600 amaritudinem
2433 2563 2736 2617 aquarum;
2779 2557 3060 2618 postremo
3097 2549 3259 2603 etiam
3298 2556 3677 2619 tempestatem

404 2640 474 2693 ob
501 2651 770 2692 summam
801 2635 1112 2705 bujusmodi
1143 2635 1518 2688 calamitatum
1559 2632 1984 2688 vehementiam.
2026 2690 2033 2700 ,

479 2726 642 2780 Viam.
696 2727 749 2780 4.
803 2724 1067 2780 Laboravi
1121 2725 1382 2779 clamans.
1441 2723 1705 2779 Clamans
1773 2723 1988 2779 scilicet

406 2821 470 2874 at]
505 2831 578 2874 te.

474 2913 668 2966 Ranae
697 2912 855 2982 {aetat
885 2921 1004 2964 sunt
1036 2910 1217 2980 fauces
1249 2923 1398 2964 mew.
1431 2908 1668 2963 Assiduo
1697 2917 1862 2978 atque
1887 2907 1972 2962 in-

404 3015 561 3058 tenso
605 3005 845 3059 clamore
870 3004 1099 3060 eﬂ‘ectus
1132 3018 1255 3057 sum
1286 3016 1514 3057 raucus.

480 3094 788 3166 Defecerunt
817 3095 958 3149 oculi
986 3097 1106 3150 mei.
1142 3095 1375 3164 Fatigati
1409 3092 1667 3147 nimirum
1731 3105 1798 3146 ac
1826 3091 1985 3147 debi-

402 3193 485 3246 les
518 3189 693 3244 cﬂ'ecti
726 3191 855 3244 dum
899 3189 1092 3243 intenti
1122 3196 1176 3241 te
1210 3187 1518 3240 intuentur.

473 3282 611 3336 Dum
650 3299 800 3352 sper.)
863 3283 915 3334 in
978 3281 1146 3334 Deum
1189 3294 1382 3332 meum.
1439 3276 1553 3332 lloc
1603 3276 1734 3330 mihi
1786 3275 1988 3331 accidit

2172 2724 2506 2778 Ἐκοπίασα
2541 2723 2788 2792 κράζων.
2813 2725 2956 2792 Πρὸς
2993 2724 3076 2778 σέ.

2172 2903 2608 2971 Ἐϐραγχιάσεν
2641 2907 2673 2958 ό
2705 2903 2943 2974 λάρυγξ
2971 2922 3118 2974 μου.
3155 2905 3288 2958 Ἀπὸ
3310 2903 3404 2958 τοῦ
3432 2904 3676 2976 συνεχῶς

2089 2998 2182 3048 καὶ
2215 2996 2630 3065 ἐπιτεταμένως
2667 2995 2918 3066 κράζειν.

2177 3087 2496 3152 Ἐξέλιπον
2518 3090 2572 3142 oi
2595 3089 2892 3159 ὀφθαλμοί
2901 3106 3041 3159 μου.
3061 3090 3676 3164 Ἀπέκαμον,ἡτόνησαν

2095 3177 2298 3240 ἀτενῶς
2322 3177 2402 3240 είς
2434 3179 2493 3232 σὲ
2519 3179 2857 3249 ἀφορῶντες.

2179 3269 2324 3322 Ἀπὸ
2355 3272 2462 3324 τοῦ
2490 3271 2746 3332 ἐλπίζειν
2772 3289 2851 3340 με
2883 3273 3107 3327 ἐπίτὸν
3146 3275 3296 3328 Θεόν
3315 3293 3457 3342 μου.
3501 3275 3674 3330 Τοῦτο

402 3379 533 3447 quia
557 3379 612 3432 in
645 3389 698 3433 te
729 3384 942 3432 tantum
978 3389 1162 3445 spero.
1193 3373 1239 3430 A
1270 3381 1322 3428 te
1361 3372 1707 3427 solummodo
1738 3386 1896 3442 opem
1935 3377 1990 3426 et

2093 3360 2148 3415 δὲ
2182 3361 2520 3415 πεπόνθασιν
2555 3363 2726 3418 διὰτὸ
2765 3365 3009 3429 ἐλπίζειν
3043 3383 3110 3435 με
3139 3368 3234 3421 ἐπὶ
3264 3368 3323 3420 οὲ
3366 3367 3548 3437 μόνον,
3579 3369 3675 3420 καὶ

402 3486 572 3540 posco
605 3478 660 3525 et
691 3476 954 3539 exspecto
975 3509 988 3532 ,
1027 3475 1192 3536 atque
1229 3465 1352 3520 ideo
1381 3464 1625 3519 intentus
1659 3471 1712 3519 te
1739 3463 1981 3518 intueor.

474 3648 644 3705 Vens.
674 3649 727 3704 5.
767 3645 1114 3713 Multiplicati
1147 3655 1271 3702 sunt
1317 3661 1476 3714 super
1509 3643 1734 3711 capillos
1791 3643 1982 3711 capitis

403 3745 506 3800 mei
529 3745 616 3813 qui
636 3745 864 3797 oderunt
892 3759 970 3796 me
993 3742 1161 3813 gratis
1204 3757 1222 3794 :
1253 3739 1588 3794 innatuerunt
1625 3737 1828 3791 inimici
1857 3738 1981 3800 mei,

401 3839 492 3909 qui
520 3845 907 3906 persequuntur
938 3853 1017 3888 me
1055 3833 1270 3904 injuste.
1307 3832 1373 3886 Et
1401 3831 1582 3896 multi,
1615 3831 1813 3900 inquit,
1853 3840 1984 3885 sunt

402 3942 457 3986 ct
486 3939 760 4000 potentes,
795 3929 886 3997 qtti
925 3933 1340 3998 persequuntur
1369 3939 1455 3978 me
1491 3964 1505 3989 ,
1561 3931 1617 3977 et
1663 3923 1782 3976 sine
1815 3934 1983 3976 causa

403 4025 639 4078 oilerttnt
672 4036 778 4076 me.

477 4111 607 4178 Qua:
661 4127 762 4165 non
793 4109 982 4177 ‘rapui,
1019 4119 1141 4162 tunc
1199 4105 1550 4161 exsolrebam.
1585 4100 1986 4172 Metaphoricus

403 4216 488 4260 cst
529 4220 710 4259 sermo
742 4244 757 4267 ,
785 4202 1110 4271 desumplus
1146 4201 1215 4254 ab
1245 4200 1310 4253 iis
1339 4199 1428 4267 qui
1472 4212 1534 4250 ea
1587 4195 1823 4250 reddunt
1867 4206 1988 4261 qua:

405 4313 687 4368 nunquam
724 4295 1092 4350 abstulerunt.
1131 4293 1196 4344 lit
1222 4305 1418 4345 sensus
1456 4297 1582 4355 est,
1612 4285 1758 4358 quod
1791 4299 1981 4339 earum

405 4405 590 4443 rerum
623 4402 790 4440 causa
822 4401 881 4440 se
913 4399 1100 4454 pmnas
1138 4385 1267 4436 dare
1315 4381 1469 4446 dicit,
1497 4395 1597 4449 pro
1636 4377 1838 4447 quibus
1864 4376 1983 4445 ipse

2095 3453 2249 3524 παρά
2305 3453 2399 3506 σοῦ
2451 3454 2618 3523 μόνου
2667 3456 2974 3528 προσδοκᾷν
3020 3456 3300 3530 βοήθειαν,
3335 3461 3431 3514 καὶ
3480 3458 3672 3512 τούτου

2093 3545 2282 3600 ἕνεκεν
2313 3545 2487 3612 οὕτως
2520 3550 2724 3614 ἀτενῶς
2750 3552 2960 3622 ἀφορῶ.

2178 3640 2682 3710 Ἐπληθύνθησαν
2705 3645 2858 3713 ὑπὲρ
2890 3648 2996 3713 τὰς
3031 3647 3242 3717 τρίχας
3266 3647 3376 3716 τῆς
3403 3647 3674 3717 κεφαλῆς

2088 3751 2207 3801 μου
2234 3739 2289 3789 oi
2314 3737 2645 3804 μισοῦντές
2663 3757 2741 3803 με
2773 3739 3001 3808 δωρεάν
3027 3758 3040 3770 ·
3081 3743 3574 3811 ἐκραταιὼθησαν
3619 3745 3675 3797 οἱ

2087 3825 2292 3894 ἐχθροί
2305 3845 2446 3895 μου,
2483 3833 2538 3883 ot
2565 3829 2955 3898 ἐκδιώκοντές
2976 3851 3054 3904 με
3077 3835 3324 3902 ἀδίκως.
3350 3836 3458 3888 Καὶ
3489 3836 3672 3889 πολλοί

2087 3918 2214 3983 εἰσι,
2235 3918 2330 3972 καὶ
2351 3921 2605 3989 κραταιοί
2621 3937 2634 3952 ⁸
2655 3925 2703 3977 οί
2739 3923 3094 3989 ὲκδιὼκοντες
3113 3928 3192 3991 δὲ,
3220 3929 3338 3982 ἀντὶ
3361 3928 3477 3992 τοῦ,
3500 3944 3671 3983 καταε-

2088 4009 2398 4076 διὼκοντες,
2445 4014 2648 4077 είτουν,
2679 4016 2968 4084 μισοῦντες
2999 4020 3279 4084 ἀναιτίως.

2168 4103 2238 4158 Ἀ
2268 4105 2380 4174 οὐχ
2417 4105 2704 4176 ἥρπαζον,
2727 4111 2859 4164 τότε
2875 4111 3262 4168 ἀπετίννυον.
3285 4115 3340 4168 Μ
3349 4115 3673 4186 εταφορικδς

2102 4195 2201 4265 μὲν
2230 4197 2257 4249 ὁ
2287 4197 2444 4264 λόγος
2467 4200 2574 4252 ἀπὸ
2601 4200 2732 4264 τῶν,
2763 4201 2798 4255 ἂ
2828 4203 2926 4272 οὐχ
2956 4205 3234 4275 ἥρπασαν,
3283 4207 3669 4265 ἀποδιδόντων.

2109 4286 2398 4356 Ἐμφαίνει
2462 4289 2521 4341 δὲ
2573 4291 2656 4343 ὅτι
2701 4291 2838 4361 Περὶ
2876 4286 2951 4346 ὦν
2992 4295 3093 4348 οὐκ
3143 4296 3403 4366 ἠδίκησα,
3463 4297 3671 4352 τούτων

2091 4378 2379 4433 ἀπεδίδουν
2412 4379 2569 4444 δίκας
2599 4383 2744 4445 τότε,
2780 4384 2943 4437 ὁπότε
2978 4387 3330 4458 ἁπαι-τούμην
3363 4389 3554 4454 αὑτάς.

406 4481 714 4536 molestiam
749 4478 910 4532 alicui
958 4477 1196 4544 aliquam
1251 4489 1530 4542 nunquam
1580 4471 1861 4523 intulerat.
1919 4467 1986 4521 Et
2023 4473 2164 4538 quod
2207 4471 2329 4526 ait:
2367 4472 2513 4528 Tunc
2535 4475 2886 4541 exsolvebam,
2926 4477 2990 4531 ad
3028 4479 3162 4532 illud
3248 4489 3458 4550 tempus
3523 4483 3669 4538 refe-

405 4573 633 4627 rendum
659 4581 763 4633 est,
799 4573 1024 4640 quando
1053 4581 1226 4636 parum
1258 4563 1574 4632 huiusmodi
1601 4562 1670 4618 ab
1705 4577 1771 4616 eo
1797 4560 2174 4630 exigebantur.

485 4671 646 4722 Vens.
681 4667 732 4720 6.
779 4666 944 4733 Deus,
983 4674 1040 4719 tu
1084 4664 1226 4718 nosti
1270 4663 1630 4726 insipientiam
1689 4676 1885 4724 meam,
1934 4670 1983 4712 et
2017 4664 2060 4718 Ι)

404 4761 600 4814 delicta
637 4775 750 4811 mea
782 4774 814 4810 a
852 4768 900 4812 te
932 4774 1034 4812 non
1066 4767 1190 4810 sunt
1216 4755 1550 4809 abscondita.
1602 4750 1682 4804 Tu
1709 4792 1723 4816 ,
1761 4749 1939 4820 inqttit
1970 4788 1985 4813 ,

407 4853 550 4906 nosti
589 4853 796 4912 omnia,
837 4861 891 4904 tu
945 4849 1316 4919 insipientiam
1362 4861 1538 4902 meam
1571 4843 1755 4898 cernis
1784 4883 1797 4905 ,
1834 4852 1888 4895 et
1941 4841 1985 4894 si

405 4944 535 5014 quid
560 4943 826 4998 adversus
856 4958 952 4998 eos
974 4949 1067 4996 aut
1095 4939 1471 5011 imprudenter
1495 4940 1601 5009 egi,
1627 4947 1721 4993 aut
1753 4935 1983 5004 deliqui,

407 5037 544 5091 nihil
570 5051 795 5106 prorsus
824 5043 878 5090 te
908 5035 1060 5088 latet.

479 5128 640 5182 Vens.
675 5130 728 5181 7.
765 5125 886 5182 Non
916 5125 1223 5180 erubescant
1258 5142 1416 5193 super
1451 5142 1527 5178 me
1552 5167 1564 5187 ,
1596 5127 1686 5194 qui
1719 5127 1982 5179 sustinent

402 5229 472 5282 Ie,
512 5219 758 5281 Domine,
794 5217 1020 5272 Domine
1068 5217 1347 5271 virtutum.
1385 5215 1538 5281 Quod
1570 5215 1644 5267 ait
1680 5231 1842 5282 super
1874 5231 1986 5278 me,

402 5322 486 5367 est
517 5309 1220 5371 constructioindifferens,
1262 5324 1378 5378 pro,
1424 5310 1476 5361 in
1504 5325 1601 5362 me.
1640 5305 1757 5361 Non
1786 5307 1985 5360 erube-

403 5411 560 5456 scant
601 5402 765 5472 igilur
802 5401 856 5453 in
899 5415 1022 5465 me,
1083 5399 1240 5468 (μιξιεί
1293 5399 1343 5452 id
1395 5400 1654 5452 auxilium
1711 5413 1817 5450 non
1877 5398 1979 5451 sim

397 5504 735 5546 consecutus
767 5491 909 5560 quod
951 5505 978 5542 a
1008 5500 1058 5545 te
1092 5491 1502 5559 exspectabam.
1558 5488 1637 5540 llli
1663 5527 1676 5550 ,
1712 5488 1976 5551 inquam,

398 5599 509 5636 non
551 5585 881 5638 erubescant
915 5585 971 5638 in
1003 5599 1108 5648 me,
1141 5584 1231 5652 qui
1265 5582 1582 5642 sustinent,
1615 5580 1716 5632 hoc
1745 5589 1850 5640 est,
1884 5578 1974 5648 qui

397 5684 720 5741 exspectant
754 5687 807 5729 tc
835 5675 936 5730 sibi
986 5674 1293 5743 atljtttoretn
1351 5674 1621 5725 futurum.
1681 5670 1972 5725 Dominum

2084 5397 2546 5467 προσδοκωμένης
2579 5397 2686 5450 ἀπὸ
2731 5398 2824 5450 σοῦ
2855 5398 3107 5470 βοηθείας

2078 5488 2126 5538 οί
2157 5488 2544 5556 περιμένῦντές
2569 5507 2647 5551 σε,
2677 5492 2968 5564 ἐπίκουρον
2999 5493 3228 5547 ἑαυτῶν.
3251 5493 3456 5565 Κύριον
3485 5494 3538 5547 δὲ
3562 5494 3668 5547 τῶν

2176 4663 2240 4714 '0
2274 4663 2438 4727 Θεὸς.
2465 4665 2547 4717 σὺ
2567 4667 2751 4735 ἔγνως
2770 4667 2886 4736 τὴν
2913 4668 3270 4736 ἀφροσύνην
3295 4688 3412 4738 μου
3433 4684 3446 4697 ⁸
3473 4639 3580 4726 ’καί
3610 4676 3672 4728 (ιι

2092 4754 2497 4823 πλημμέλειαι
2522 4774 2641 4824 μου
2676 4758 2793 4811 ἀπὸ
2817 4758 2932 4812 σοῦ
2957 4761 3067 4812 οὐκ
3092 4759 3544 4828 ἀπεκρύϐησαν.
3573 4765 3667 4827 Σὺ,

2090 4843 2280 4911 φησὶν,
2313 4846 2340 4895 ὁ
2371 4844 2552 4898 πάντα
2589 4846 2767 4910 εἰδὼς,
2794 4843 2938 4910 οῐδας
2968 4849 3066 4916 τὴν
3103 4849 3418 4920 ἀφροσύνην
3459 4869 3585 4920 μου,
3618 4854 3672 4906 ετ

2084 4953 2135 4986 τι
2169 4935 2285 4988 κατ’
2316 4934 2497 4987 αὐτῶν
2547 4937 2953 5008 ἠφρονησάμην
2976 4955 2989 4967 ο
3013 4938 3105 4992 καὶ
3134 4940 3188 4992 εί
3215 4958 3267 4992 τι
3303 4942 3437 5011 πρὸς
3467 4943 3667 5008 αὐτοὺς

2087 5026 2517 5096 ἐπλημμέλησα,
2552 5029 2612 5079 οὐ
2645 5029 2858 5082 διέλαθέ
2887 5046 2968 5083 σε.

2162 5121 2256 5186 Μὴ
2321 5121 2804 5188 αἰσχυνθείησαν
2862 5122 2956 5175 ἐπ’
3032 5121 3141 5194 ἐμὲ
3201 5126 3256 5178 oi
3335 5125 3666 5195 ὑπομένον-

2088 5211 2185 5278 τές
2217 5229 2311 5278 σε,
2355 5215 2538 5279 Κύριε
2565 5212 2685 5268 τῶν
2731 5215 3063 5285 δυνάμεων.
3113 5217 3188 5270 Τὸ
3233 5217 3327 5269 ἐπ’
3374 5218 3481 5286 ἐμὲ
3513 5220 3664 5272 asta-

2088 5304 2291 5372 φόρως,
2351 5305 2474 5360 ἀντὶ
2534 5305 2628 5357 τοῦ
2675 5307 2763 5358 ἐπ’
2807 5307 2951 5376 ἐμοί.
3025 5307 3524 5377 Ἀποτυγχάνοντες
3571 5310 3666 5379 τῆς

3160 5417 3173 5428 ο
3214 5401 3578 5470 ὑπομένοντες
3612 5401 3667 5454 δὲ

2087 5579 2371 5649 δυνάμεων
2426 5585 2590 5638 αὑτὸν
2641 5581 2819 5648 εἶπεν,
2870 5587 2946 5648 ὡς
2991 5587 3291 5657 δυνάμενον
3321 5587 3517 5652 σώζειν
3541 5589 3666 5651 τοὺς

2089 5672 2564 5745 ἐπικαλουμένους
2594 5677 2778 5731 αὐτόν.

396 5775 576 5817 autem
618 5766 878 5820 virtutum
932 5781 1028 5820 seu
1085 5766 1447 5836 potentiarunt
1499 5780 1623 5819 eum
1668 5763 1995 5834 appellavit,
2041 5763 2206 5818 veluti
2255 5765 2347 5836 qui
2386 5768 2600 5825 salvarc
2645 5787 2840 5828 omnes
2896 5781 3078 5842 potest
3140 5773 3233 5845 qtti
3280 5774 3434 5829 illum
3511 5773 3664 5831 invo-

395 5875 543 5921 C82“.
