4020 6218
382 268 490 333 695

1612 284 1993 348 EUTHYMII
2034 288 2394 347 ZIGABENI

3527 290 3631 353 096

382 393 510 452 post
568 390 800 439 mortem
842 384 1019 443 factus
1048 387 1118 441 sit
1168 388 1222 442 in
1272 390 1587 459 parabolam
1624 392 1829 449 Iudaeis
1857 435 1871 461 ,
1902 404 1955 450 et

2064 386 2203 466 μετὰ
2247 398 2306 450 τὸ
2360 397 2747 469 ἀναιρεθῆναι,
2798 399 3113 472 παραϐολὴν
3174 404 3286 466 τοῖς
3361 403 3635 467 Ἰουδαίοις

381 477 529 545 quod
563 476 827 531 adversus
850 477 1102 534 inimicos
1128 482 1317 536 eadem
1348 483 1801 554 imprecarentur,
1825 502 1959 557 qua-

383 567 459 621 lia
497 567 774 622 Christum
806 571 917 637 pati
951 570 1243 639 viderant,
1297 574 1555 644 quodque
1595 577 1784 631 eadem
1846 578 1958 634 fere

383 659 693 714 dicerentur
721 670 776 716 et
800 660 1237 719 vociferarentur
1270 667 1338 719 ab
1366 666 1435 721 iis
1465 667 1558 736 qui
1596 669 1843 723 conciliis
1903 679 1959 724 et

381 753 743 808 conventibus
777 768 971 810 eorum
1014 756 1319 813 intererant
1353 758 1495 828 apud
1522 759 1706 830 templi
1737 761 1957 830 januas,

381 844 472 898 ubi
506 844 779 914 ejusmodi
810 848 1093 904 hominum
1124 859 1300 906 cretus
1319 851 1615 907 convenire
1631 862 1795 921 atque
1818 867 1956 909 con-

376 936 592 1005 gregari
625 939 904 1006 solebam,
933 956 1111 1012 neque
1137 957 1232 998 eos
1257 944 1420 998 etiam
1450 943 1655 998 Christi
1686 943 1842 998 famae
1872 953 1957 998 at-

2060 488 2351 557 γενέσοαι·
2395 482 2506 542 οἷον
2540 490 2782 545 Τοιαῦτα
2835 493 3000 546 πάθοι
3032 495 3059 545 ὀ
3098 495 3292 565 ἐχθρὸς
3322 495 3503 565 ἡμῶν.
3542 490 3629 548 οἶα

2061 580 2152 631 καὶ
2174 583 2201 633 ὀ
2227 582 2644 651 ἐσταυρωμένος
2674 599 2687 613 ·
2715 582 2803 636 ναὶ
2836 584 2943 655 μὴν
2977 585 3071 637 καὶ
3100 586 3227 647 τοὺς
3260 586 3633 654 συνεδριάζον-

2054 692 2180 739 τας,
2233 676 2301 729 τὰ
2358 677 2478 729 κατ’
2539 676 2705 730 αὐτοῦ
2756 676 3022 748 θρυλλεῖν,
3086 678 3179 732 καὶ
3235 679 3325 732 διὰ
3381 677 3633 748 γλώσσης

2061 766 2253 837 φέρειν
2278 784 2292 798 ο
2328 769 2497 823 πάλαι
2527 769 2634 839 γὰρ
2667 770 2818 840 παρὰ
2847 772 2968 832 ταῖς
2991 769 3085 823 τοῦ
3106 768 3233 823 ναοῦ
3260 768 3455 831 πύλαις
3482 783 3635 820 συνεσ

2062 857 2318 925 λέγοντο·
2351 860 2491 914 ἀλλὰ
2526 863 2620 914 καὶ
2648 860 2760 931 (49)
2813 862 2941 924 τοὺς
2976 863 3067 914 ἐπὶ
3109 861 3175 914 τὰ
3212 859 3496 930 συμπόσια
3523 876 3637 926 φοι-

2059 948 2270 1014 τῶντας
2308 953 2389 1014 εἰς
2421 952 2582 1007 αὐτὸν
2607 953 2751 1025 ᾄδειν
2779 953 3001 1025 ᾅσματα
3040 952 3181 1023 μετὰ
3216 950 3531 1021 κωμῳδίαςο

379 1041 484 1094 que
514 1027 708 1084 honori
740 1033 1056 1101 pepercisse
1089 1036 1382 1091 verisimile
1403 1046 1519 1102 est,
1539 1038 1630 1107 qui
1653 1038 2154 1099 comessationibus
2182 1053 2236 1099 et
2268 1047 2561 1117 symposiis
2582 1048 2875 1113 vacabant,
2897 1062 3023 1102 cum
3046 1045 3357 1112 huiusmodi
3392 1040 3636 1098 homines

378 1123 506 1177 vino
528 1124 668 1179 vires
701 1138 1011 1197 praestante,
1048 1128 1307 1189 facillime
1335 1134 1579 1188 carmina
1613 1149 1675 1189 ac
1701 1143 1899 1190 cantus
1926 1138 2140 1194 soleant
2170 1155 2295 1195 cum
2333 1143 2677 1200 immodestia
2714 1159 2777 1200 ac
2814 1144 3169 1199 merdacitate
3204 1156 3550 1210 componere.

456 1212 618 1271 Vsus.
650 1216 735 1273 Μ.
778 1218 890 1289 Ego
923 1231 1099 1276 autent
1130 1225 1424 1278 orationem
1456 1241 1627 1279 meam
1659 1226 1728 1279 ad
1761 1236 1829 1281 te.
1863 1226 1959 1280 Al—

2139 1232 2289 1301 Ἐγὼ
2314 1234 2384 1287 δὲ
2417 1235 2534 1304 τὴν
2555 1236 2910 1305 προσευχήν
2927 1254 3047 1306 μου
3076 1235 3228 1303 πρὸς
3256 1233 3350 1286 σέ.
3384 1233 3436 1285 ’Λ
3448 1232 3640 1301 παρτί-

380 1315 556 1361 terum
621 1312 885 1381 explicuit
936 1315 1208 1384 Propheta
1266 1332 1578 1372 sermonem
1629 1334 1695 1374 ex
1751 1318 1957 1375 Christi

2064 1341 2160 1388 σας
2216 1325 2306 1379 τὸν
2363 1325 2523 1394 λόγον
2579 1325 2713 1397 (50),
2775 1326 3109 1397 ἀναστρέφει
3157 1323 3322 1377 πάλιν
3379 1321 3518 1391 πρὸς
3572 1321 3638 1375 τὰ

380 1414 635 1467 persona,
677 1410 730 1455 et
761 1418 952 1460 rursus
977 1406 1207 1461 alterum
1240 1410 1490 1473 assumit,
1548 1409 1736 1464 dicens
1778 1424 1792 1461 :
1845 1409 1958 1480 Ego

2064 1418 2256 1482 ὀπίσω,
2317 1418 2517 1485 λέγων,
2576 1420 2659 1473 ὅτι
2737 1418 2879 1485 Ἐγὼ
2949 1420 3056 1489 πρὸ
3096 1416 3190 1471 τοῦ
3234 1415 3427 1469 παθεῖν
3483 1411 3639 1475 εἰδὼς

380 1502 562 1548 autem
613 1510 736 1550 cum
794 1498 908 1552 haec
953 1498 1148 1554 scirem
1195 1514 1319 1557 ante
1372 1504 1681 1570 passionem
1733 1518 1957 1562 meam.

2064 1508 2252 1573 ταῦτα,
2276 1513 2344 1581 τῇ
2376 1512 2656 1581 προσευχῇ
2692 1528 2794 1580 μου
2824 1510 2959 1579 πρὸς
2991 1508 3086 1562 σέ·
3123 1505 3546 1571 συνεξακούεται
3579 1504 3639 1557 τὸ

380 1586 628 1641 oratione
659 1602 776 1643 mea
825 1589 891 1643 ad
926 1598 1001 1656 te,
1053 1592 1499 1664 subintelligitur,
1557 1594 1779 1648 orabam
1826 1595 1958 1665 (seu

2064 1602 2523 1670 Προσηυχόμην.
2571 1596 2703 1653 Εἶτα
2754 1599 2965 1671 τίοησιν
3002 1597 3127 1669 ἑξῆς
3186 1596 3282 1649 καὶ
3312 1594 3378 1647 τὰ
3418 1595 3637 1664 ῥήματα

381 1679 625 1732 elevatus
650 1680 821 1749 sum.)
858 1680 1061 1737 Deinde
1083 1684 1200 1752 ipsa
1241 1684 1510 1739 orationis
1528 1685 1688 1739 verba
1711 1686 1953 1753 apponit.

2064 1693 2159 1763 τῆς
2194 1696 2532 1763 προσευχῆς.

457 1769 683 1840 Tempus
735 1774 1069 1843 beneplaciti,
1117 1774 1359 1830 Domine.
1428 1776 1619 1830 Simile
1669 1776 1800 1830 illud
1847 1786 1954 1840 est,

380 1862 526 1931 quod
559 1865 773 1922 dixisse
818 1881 941 1920 eum
996 1867 1230 1935 legimus
1280 1869 1440 1937 ‘apud
1502 1868 1900 1937 evangelistam
1942 1887 1955 1923 :

384 1954 570 2022 Pater,
596 1958 735 2011 venit
757 1958 889 2013 liora
910 1960 975 2012 ".
1010 1958 1111 2014 Per
1143 1960 1547 2030 beueplacitum
1581 1962 1754 2021 enim,
1775 1963 1957 2018 crucis

363 2057 621 2103 mortem
671 2051 945 2122 intelligit.
983 2052 1114 2106 Nam
1166 2053 1572 2121 heneplacituui
1621 2053 1762 2108 idem
1802 2068 1959 2124 atque

382 2141 657 2212 signiﬁcat
688 2145 835 2212 quod
852 2146 1002 2199 bona
1022 2147 1300 2201 voluntas.
1331 2145 1478 2200 Bona
1499 2155 1679 2201 autem
1702 2147 1959 2201 voluntas

381 2236 501 2301 iuit,
538 2237 685 2304 quod
719 2250 814 2305 per
839 2236 1158 2307 huiusmodi
1198 2247 1430 2293 mortem
1471 2252 1596 2303 nos,
1638 2240 1733 2309 qui
1789 2247 1957 2295 antea

382 2328 585 2384 mortui
645 2345 870 2387 eramus
924 2332 996 2385 ob
1051 2343 1363 2402 peccatum,
1414 2334 1480 2388 ad
1534 2334 1701 2387 vitam
1764 2348 1958 2390 rursus

381 2424 558 2478 simus
586 2424 853 2478 restituti.

451 2513 619 2579 Deus,
642 2514 698 2568 in
722 2513 1067 2568 multitudine
1090 2513 1475 2568 misericordia
1507 2524 1613 2567 tua:
1633 2515 1829 2568 exaudi
1853 2531 1955 2569 me.

382 2603 771 2669 Praediximus,
826 2606 974 2675 quod
1006 2605 1264 2661 Christus
1311 2606 1427 2675 lege
1453 2604 1709 2661 humana:
1744 2614 1957 2661 natura

382 2697 599 2763 orabat,
629 2705 685 2752 et
720 2696 942 2753 liberari
972 2700 1202 2768 optabat
1238 2713 1269 2753 a
1303 2699 1726 2761 tentationihus,
1756 2716 1953 2770 quem-

384 2790 679 2847 admodum
731 2792 1046 2862 evangelica
1099 2792 1258 2847 docet
1295 2794 1547 2848 historia.
1602 2791 1718 2847 Hoc
1771 2804 1954 2848 autem

381 2884 591 2939 dictum
626 2886 849 2940 videtur
877 2901 1002 2941 esse
1036 2886 1113 2940 illi
1153 2886 1337 2942 simile
1384 2906 1396 2940 :
1434 2886 1594 2940 Salva
1634 2903 1713 2941 me
1743 2899 1958 2956 propter

384 2977 806 3031 misericordiam
839 2989 990 3031 tuam
1026 2979 1094 3031 ⁷³.

462 3071 621 3127 Vsus.
660 3072 744 3124 i3.
793 3070 858 3123 In
891 3074 1109 3125 veritate
1142 3072 1333 3125 salutis
1370 3082 1473 3125 tua:
1505 3072 1709 3126 salvum
1744 3088 1825 3125 me
1870 3071 1957 3139 [ac
1988 3056 2029 3110 ε

386 3164 581 3229 aluta,
611 3180 674 3217 ne
708 3164 924 3232 inﬁgar.
971 3164 1096 3217 Sola
1141 3166 1287 3217 enim
1335 3165 1427 3217 illa
1475 3180 1599 3219 vera
1649 3173 1734 3219 est
1784 3165 1955 3228 salus,

386 3273 508 3327 qua:
540 3274 567 3311 a
600 3267 652 3312 te
687 3266 792 3312 est.
824 3256 999 3310 Homo
1039 3258 1241 3312 etenim
1272 3257 1548 3311 hominem
1600 3258 1793 3325 juvare
1848 3272 1958 3311 non

387 3358 587 3417 potest.
617 3348 682 3402 In
727 3349 948 3401 veritate
987 3348 1157 3417 igitur
1196 3348 1385 3402 salutis
1437 3358 1563 3414 tute,
1614 3350 1715 3405 hoc
1763 3358 1870 3413 est,
1904 3349 1960 3403 in

389 3454 519 3495 vera
572 3440 752 3493 salute
800 3447 917 3494 tua.
976 3438 1071 3493 Est
1127 3439 1292 3493 etiam
1356 3439 1639 3509 preprium
1700 3440 1802 3495 hoc
1855 3441 1963 3495 He—

387 3532 589 3586 braicae
623 3533 825 3601 lingua:
848 3530 1245 3596 idioma.Quod
1276 3541 1461 3585 autem
1495 3533 1749 3600 superius
1773 3532 1960 3585 liminu

388 3626 701 3695 appellavit,
736 3640 882 3678 nunc
913 3625 1089 3678 Iulum
1128 3624 1283 3677 dicit.
1306 3623 1505 3677 Eadem
1536 3624 1682 3678 enim
1703 3624 1961 3695 leqm-mli

386 3720 558 3787 ﬁgura
590 3731 737 3771 nunc
768 3718 964 3781 utitur,
999 3731 1104 3786 qua
1141 3716 1251 3770 illic
1290 3732 1449 3771 usum
1489 3732 1614 3771 eum
1652 3719 1925 3772 videmus.

458 3810 671 3865 Liberer
701 3810 767 3863 ab
818 3811 884 3862 iis
936 3811 1026 3878 qui
1070 3811 1293 3864 oderunt
1347 3827 1428 3863 me
1466 3822 1514 3863 et
1567 3811 1630 3865 de
1679 3813 1961 3881 profundis

385 3921 666 3973 aquarum.
696 3904 945 3958 Oderunt
981 3913 1164 3958 autem
1198 3921 1321 3958 eum
1367 3914 1476 3958 tam
1508 3905 1752 3961 visibiles
1794 3923 1960 3975 quam

392 3998 698 4053 invisibiles
748 3998 979 4052 inimici.
1040 3996 1144 4050 Per
1179 3996 1450 4065 profunda
1526 4014 1660 4052 vero
1695 4014 1963 4068 aquarum

388 4091 636 4145 occultas
670 4090 899 4145 insidias
936 4090 1224 4159 intelligit;
1254 4104 1380 4142 nam
1420 4090 1582 4159 quod
1625 4090 1961 4160 profundqu

386 4190 494 4245 est,
514 4182 758 4237 abditum
795 4190 959 4251 atque
987 4181 1262 4236 occultum
1300 4182 1536 4235 videtur.

460 4272 626 4329 Vsus.
665 4273 750 4327 16.
810 4272 935 4327 Νοη
994 4289 1077 4327 me
1128 4272 1399 4342 demergat
1451 4283 1733 4342 tempestas
1786 4274 1988 4344 aquae,

388 4382 552 4436 neque
583 4364 866 4419 absorbent
888 4380 968 4417 me
991 4364 1340 4433 profundum.
1383 4364 1502 4419 .lam
1531 4365 1778 4421 diximus
1808 4368 1959 4437 quod

390 4467 505 4516 haec
545 4457 729 4513 omnia
759 4456 1134 4525 mctaphorice
1166 4473 1228 4510 ac
1271 4456 1503 4527 ﬁgurate
1538 4459 1682 4513 dicta
1706 4470 1856 4514 sunt.

459 4550 571 4605 Nec
599 4551 864 4604 contineat
910 4563 1067 4617 super
1095 4565 1173 4601 me
1210 4558 1397 4615 puteus
1439 4564 1497 4601 os
1531 4564 1706 4601 suum.
1768 4548 1845 4601 Ne
1877 4564 1962 4603 re-

388 4645 609 4711 linquar
642 4644 695 4695 in
733 4644 1099 4695 tentationum
1159 4641 1334 4695 fovea.
1406 4640 1458 4695 ls
1507 4640 1710 4694 etenim
1764 4642 1855 4710 qui
1908 4641 1962 4696 in

390 4742 614 4805 puteum
651 4732 819 4797 cadit,
889 4733 1138 4787 solamen
1213 4732 1435 4802 aliquod
1518 4732 1603 4787 vel
1680 4732 1958 4788 modicum

386 4827 573 4890 habet,
610 4825 790 4895 quoad
828 4824 974 4894 putei
1019 4838 1082 4878 os
1117 4830 1365 4890 apertum
1395 4830 1500 4878 est.
1553 4820 1689 4878 Nam
1752 4823 1842 4877 ubi
1905 4823 1958 4877 id

383 4921 675 4975 occlusum
712 4915 900 4981 fuerit,
963 4915 1151 4971 statim
1181 4914 1481 4983 desperare
1512 4913 1741 4985 incipiet
1771 4912 1839 4969 de
1872 4930 1959 4969 sa-

382 5013 517 5065 lute.

458 5102 621 5156 Vens.
659 5099 746 5155 l7.
784 5097 1000 5152 Exaudi
1026 5115 1124 5160 me,
1173 5098 1413 5161 Domine,
1443 5100 1693 5167 quoniam
1720 5098 1855 5152 bona
1884 5110 1958 5151 est

385 5189 757 5245 misericordia
808 5198 922 5240 tua.
978 5185 1246 5252 Quoniam
1309 5193 1423 5249 tua,
1488 5185 1687 5256 inquit,
1740 5186 1963 5239 miseri-

381 5282 570 5337 cordia
612 5281 853 5350 indigeo.

453 5377 497 5407 ⁷¹
528 5375 685 5429 Joau.
720 5389 851 5437 xvu,
882 5372 934 5429 1.
1008 5374 1055 5405 ⁷³
1086 5372 1229 5426 Psal.
1260 5386 1382 5433 nx,
1404 5369 1490 5423 i7.

2132 1788 2329 1853 Κύριε,
2361 1785 2569 1852 καιρὸς
2597 1783 2898 1850 εὐδοκίας.
2943 1783 3173 1853 Ὅμοιον
3195 1778 3352 1833 τοῦτό
3394 1779 3512 1828 ἐστι
3579 1773 3637 1826 τὸ

2060 1878 2417 1947 εὖαγγελικόν
2447 1895 2463 1909 ·
2499 1877 2710 1943 Πάτερ,
2746 1875 3050 1941 ἐλήλυθεν
3094 1874 3132 1941 ἡ
3180 1872 3320 1940 ὥρα.
3375 1865 3637 1922 Εὐδοκίαν

2059 1972 2115 2026 δὲ
2142 1971 2300 2026 καλεῖ
2331 1971 2422 2023 τὸν
2473 1969 2560 2022 διὰ
2608 1967 2843 2037 σταυροῦ
2916 1966 3147 2020 θάνατον
3178 1980 3193 1995 ⁸
3250 1960 3471 2015 εὐδοκία
3530 1957 3637 2026 γὰρ

2059 2066 2121 2118 τὸ
2143 2064 2348 2133 ἀγαθὸν
2382 2061 2595 2132 Θέλημα
2625 2077 2637 2091 °
2677 2060 2881 2129 ἀγαθὸν
2909 2059 2966 2112 δὲ
3019 2056 3233 2128 θέλημα
3267 2054 3329 2107 τὸ
3383 2052 3471 2105 διὰ
3513 2049 3638 2101 τού⁴

2059 2178 2154 2213 του
2207 2157 2616 2228 ζωοποιηθῆναι
2689 2155 2882 2226 ἡμᾶς,
2948 2152 3077 2214 τοὺς
3146 2146 3520 2220 νεκρωοέντας
3569 2143 3634 2213 τῇ

2060 2252 2331 2325 ἁμαρτίᾳ.

2140 2528 2205 2579 '0
2240 2522 2404 2589 Θεὸς.
2435 2522 2504 2574 ἐν
2532 2519 2612 2586 τῷ
2630 2517 2848 2586 πλήθει
2897 2513 3006 2568 τοῦ
3060 2511 3273 2575 ἐλέους
3328 2524 3444 2563 σου
3492 2506 3634 2560 ἐπά-

2062 2619 2293 2675 κουσόν
2316 2634 2456 2686 μου.
2489 2613 2824 2684 Προείρηται
2860 2610 3013 2679 ἡμῖν,
3042 2607 3125 2659 ὅτι
3158 2602 3504 2671 προσηύχετο
3546 2598 3633 2651 νόο

2066 2731 2150 2781 μῳ
2184 2711 2399 2780 φύσεως
2435 2703 2806 2775 ἀνθρωπίνης,
2837 2702 2933 2753 καὶ
2962 2695 3284 2764 ἀπαλλαγὴν
3312 2693 3497 2763 ἐζήτει
3528 2688 3634 2741 τῶν

2062 2798 2385 2875 πειρασμῶν
2417 2814 2431 2826 ·
2463 2795 2539 2860 ὡς
2568 2798 2664 2849 καὶ
2704 2795 2736 2864 ἠ
2764 2792 2872 2846 τῶν
2907 2788 3258 2857 Euan/eitin
3305 2784 3515 2873 ἱστορία
3556 2783 3637 2834 δι-

2061 2896 2250 2950 δάσκει
2279 2907 2293 2921 ·
2337 2891 2480 2945 ἔοικε
2508 2890 2564 2941 δὲ
2586 2887 2681 2941 καὶ
2712 2885 2773 2939 τὸ
2800 2883 2975 2953 παρὸν
3022 2881 3185 2952 ῥητὸν
3236 2878 3314 2948 τῷ
3350 2892 3363 2904 ’
3420 2874 3629 2929 Σῶσὸν

2056 3007 2133 3059 με
2165 2989 2374 3041 ἕνεκεν
2399 2982 2506 3037 τοῦ
2533 2981 2745 3045 ἐλέους
2781 2993 2917 3032 σου.

2148 3083 2249 3137 Ἑν
2296 3078 2546 3146 ἀληθείᾳ
2572 3074 2684 3143 τῆς
2712 3070 3009 3139 σωτηρίας
3035 3081 3152 3122 σου
3185 3063 3393 3118 σῶσόν
3411 3077 3487 3130 με
3518 3057 3645 3113 ἀπὸ

2066 3174 2293 3243 πηλοῦ,
2332 3173 2433 3225 ἵνα
2453 3168 2539 3237 μὴ
2583 3164 2846 3233 ἐμπαγῶ.
2873 3161 3025 3230 Μόνη
3056 3154 3263 3228 ἀληθὴς
3292 3157 3324 3225 ἠ
3355 3151 3511 3223 παρὰ
3544 3148 3642 3243 σου

2066 3267 2311 3338 σωτηρία
2340 3282 2356 3297 ο
2402 3264 2686 3333 ἅνθρωπος
2744 3258 2853 3327 γὰρ
2912 3252 3200 3322 ἄνθρωπον
3247 3246 3538 3338 ὠφελῆσαι
3583 3242 3644 3338 ου

2065 3335 2309 3416 δύναται.
2351 3358 2447 3409 Ἐν
2485 3351 2737 3420 ἀληθείᾳ
2766 3349 2858 3403 οὖν
2883 3346 2994 3411 τῆς
3016 3342 3318 3411 σωτηρίας
3350 3355 3495 3405 σου,
3519 3335 3646 3388 ἀντὶ

2064 3453 2159 3507 τοῦ
2194 3453 2282 3504 Ἐν
2308 3448 2537 3526 ἀληθινῇ
2573 3462 2667 3499 σου
2705 3440 2973 3510 σωτηρίᾳ.
3019 3436 3237 3503 Ἰδίωμα
3271 3432 3327 3484 δὲ
3348 3427 3643 3526 τοῦτολτῆς

2078 3539 2359 3616 Ἐὄραῗδος
2379 3520 2521 3611 (51)·
2553 3541 2691 3607 ὅπερ
2729 3536 2783 3589 δὲ
2831 3531 3093 3602 ἀνωτέρω
3143 3526 3424 3616 κέκληκεν
3478 3520 3643 3616 τοὺς,

2065 3608 2223 3692 τοῦτο
2250 3635 2345 3688 νῦν
2388 3629 2510 3685 εἷπε
2543 3628 2765 3696 πηλόν.
2801 3625 2910 3678 Καὶ
2934 3622 3042 3691 γὰρ
3067 3620 3187 3680 ταῖς
3223 3615 3456 3687 τροπαῖς
3498 3608 3645 3662 ἐκεί.

2067 3746 2189 3790 ναις
2221 3726 2315 3780 καὶ
2342 3724 2439 3776 νῦν
2471 3721 2766 3790 ἐχρήσατο.

2148 3815 2473 3882 Ῥυσθεὶην
2523 3814 2592 3865 ἐκ
2636 3808 2755 3862 τῶν
2795 3805 3145 3875 μισούντων
3162 3817 3256 3870 με,
3289 3796 3385 3851 καὶ
3419 3796 3488 3847 ἐκ
3529 3794 3647 3847 τῶν

2060 3908 2304 3976 βαθέων
2332 3905 2451 3960 τῶν
2478 3902 2736 3959 ὑδάτων.
2814 3895 3116 3955 Βίισοῦντες
3176 3890 3233 3943 δὲ
3285 3887 3450 3941 αὐτὸν
3497 3886 3555 3936 οἴ
3587 3899 3645 3934 τε

2067 4002 2319 4071 αἰσθητοὶ
2358 3998 2452 4052 καὶ
2481 3993 2664 4065 νοητοὶ
2692 3990 2877 4062 ἐχθροί
2911 4006 2924 4018 ·
2952 3986 3122 4059 βαθέα
3169 3983 3225 4036 δὲ
3268 3982 3438 4035 ὕδατα
3497 3979 3646 4071 λέγει

2066 4098 2164 4160 τὰς
2219 4067 2619 4164 πεκρυμμένας
2667 4081 2999 4145 ὲπιὸουλάςο
3055 4079 3364 4148 κέκρυπται
3434 4071 3547 4141 γὰρ
3588 4067 3647 4122 τὸ

2102 4189 2255 4251 ἀθος.

2068 4190 2331 4348 Brixiae
2362 4268 2852 4331 καταποντισάτω
2894 4262 3166 4333 καταιγὶς
3216 4260 3456 4323 ὓδατος,
3493 4253 3646 4348 μηδέ

2070 4346 2398 4422 καταπνιέτω
2451 4379 2528 4431 με
2572 4360 2789 4425 βυθός.
2827 4355 3061 4425 Εἴρηται
3102 4351 3231 4423 περὶ
3279 4348 3487 4403 τούτων
3514 4346 3646 4404 ἄνω,

2070 4465 2153 4517 ὅτι
2190 4458 2426 4530 τροπικὰ
2458 4457 2634 4510 πάντα
2658 4454 2752 4507 καὶ
2786 4447 3155 4524 μεταφορικὰ.

2141 4553 2309 4622 Μηδὲ
2340 4550 2621 4620 συσχέτω
2649 4547 2742 4600 ἐπ’
2771 4544 2878 4614 ἐμὲ
2905 4543 3091 4613 φρέαρ
3116 4539 3182 4599 τὸ
3211 4539 3405 4606 στόμα
3433 4530 3641 4622 αὐτοῦ.

2068 4621 2620 4716 Μηδὲνάποληφϐείην
2646 4640 2705 4691 ὲν
2735 4635 2812 4708 τῷ
2845 4634 3024 4704 βόθρῳ
3054 4631 3163 4685 τῶν
3221 4625 3585 4716 πειρασμῶν·
3616 4621 3645 4672 ὁ

2069 4715 2179 4809 γὰρ
2203 4738 2283 4799 εἰς
2309 4735 2487 4807 φρέαρ
2519 4730 2800 4802 ἐμπεσὼν,
2836 4725 3137 4796 ἀνεῳγότος
3174 4719 3274 4791 μὲν
3313 4718 3408 4771 τοῦ
3440 4715 3642 4809 στομα-

2079 4807 2194 4895 τοξ,
2226 4828 2338 4899 ἔχει
2373 4825 2577 4898 μικράν
2599 4840 2721 4877 τινα
2761 4817 3097 4892 παραψυχήν
3133 4830 3146 4844 ο
3194 4807 3642 4866 ὲπικλεισθέντος

2067 4923 2144 4989 δὲ,
2180 4924 2531 4976 παντάπασιν
2563 4912 2933 4983 ἀπογινώσκει
2966 4911 3066 4978 τὴν
3102 4904 3403 4977 σωτηρίαν.

2143 5099 2525 5156 Εισάκουσόν
2552 5114 2694 5163 μου,
2725 5093 2920 5160 Κύριε,
2948 5090 3036 5142 ὅτι
3057 5084 3326 5157 χρηστὸν
3360 5079 3425 5134 τὸ
3476 5074 3640 5139 ἔλεός

2070 5210 2208 5248 σου.
2241 5193 2364 5245 ’Ότι
2390 5188 2576 5261 χρῄζω
2598 5186 2691 5240 τοῦ
2725 5186 2873 5238 ἐλέου
2906 5199 3021 5237 σου.

1704 5436 1900 5497 Variae
1930 5435 2257 5499 lectiones.

455 5548 570 5617 (49)
615 5548 836 5610 Fusius.
874 5563 1028 5605 more
1078 5561 1201 5612 suo,
1256 5546 1535 5617 interpres
1580 5541 1726 5611 quod
1758 5541 1959 5617 Δ(ἓιξιιξεο

385 5610 635 5690 strictius
672 5639 685 5672 :
721 5620 825 5673 Eos
876 5622 1037 5673 etiam
1085 5610 1277 5690 quiad
1337 5610 1572 5690 convivia
1602 5610 1960 5690 ventitabat-tt

385 5689 680 5742 rarost'mile
716 5700 791 5743 est
823 5692 872 5743 in
897 5682 1161 5745 Christum
1193 5686 1574 5744 contumeliosa
1595 5692 1644 5740 el
1664 5682 1956 5751 petulantia

384 5759 625 5817 carmina
653 5761 917 5815 cetinissc.

2143 5543 2254 5610 (50)
2290 5542 2369 5593 Ad
2402 5540 2626 5593 verbum
2668 5555 2681 5591 :
2730 5538 2983 5610 Absoluta
3044 5553 3310 5603 sermone,
3361 5534 3633 5588 revertitur

2066 5609 2255 5667 iterum
2285 5612 2353 5664 ad
2392 5610 2684 5676 superiora,
2711 5609 2907 5663 dicens.

2139 5683 2248 5753 (5|)
2284 5680 2485 5750 Supple
2517 5677 2755 5749 γραφῆς.
