4020 6218
295 380 400 450 697

1472 389 1860 450 COMMENT.
1896 391 1979 450 IN
2017 392 2380 454 PSALMOS.
2422 342 2424 345 Ι

3441 397 3552 461 698

369 502 529 558 Κατὰ
548 503 616 556 τὸ
636 503 873 572 πλῆθος
896 503 1012 559 τῶν
1043 505 1356 575 οἰκτιρμῶν
1387 522 1525 573 σου,
1544 508 1880 577 inlotisng

2054 512 2356 568 Secundum
2411 515 2804 569 multitudinem
2873 515 3270 568 miserationum
3318 523 3556 577 tuarum,

295 597 389 650 ἐπ’
419 596 544 666 ἐμέ.
577 596 651 649 Τὸ
700 597 799 668 μὲν
827 601 988 652 Κατὰ
1015 599 1079 652 τὸ
1111 597 1344 666 πλῆθος
1389 599 1510 653 τῶν
1559 600 1874 669 οὶκτιρμῶν

299 705 438 754 σου,
476 689 798 761 ἡρμηνεύθι]
835 691 893 746 ἐν
931 691 1006 762 τῷ
1054 692 1098 744 ν’
1153 691 1355 763 ψαλμῷ
1395 711 1410 726 ο
1446 693 1505 746 τὸ
1535 693 1591 748 δὲ
1625 692 1776 762 ἑξῆς,
1815 695 1874 746 ἐν

299 779 375 835 τῶ
395 777 492 835 κδ’.

369 868 466 935 Μὴ
514 870 908 943 ἀποστρέψῃς
955 873 1020 926 τὸ
1064 875 1394 941 πρόσωπόν
1455 891 1573 928 σου
1607 873 1729 928 ἀπὸ
1763 871 1870 927 τοῦ

298 962 512 1027 παιδός
539 979 675 1026 σου,
716 963 803 1017 ὅτι
827 967 1101 1036 θλίϐομαι
1131 982 1144 994 ·
1175 967 1327 1038 ταχὺ
1354 966 1705 1022 ἐπάκουσον
1728 983 1868 1034 μου.

302 1051 440 1124 Περὶ
471 1054 573 1124 μὲν
604 1055 721 1122 τοῦ,
747 1054 843 1120 Μὴ
870 1056 1262 1126 ἀποστρέψῃς
1282 1060 1348 1111 τὸ
1389 1057 1714 1124 πρόσωπόν
1731 1072 1870 1121 σου,

298 1146 518 1217 εἴρηται
545 1149 604 1201 ἐν
626 1149 706 1220 τῷ
743 1147 836 1212 κς¹
871 1149 1075 1222 ψαλμῷ
1097 1165 1109 1177 ·
1133 1150 1353 1218 Παιδός
1372 1167 1491 1207 σου
1511 1151 1592 1217 δὲ,
1640 1150 1735 1206 τοῦ
1760 1151 1873 1206 Μο-

298 1257 572 1310 νογενους.

371 1334 642 1408 Πρόσχες
682 1335 758 1406 τῇ
795 1336 969 1407 ψυχῇ
1009 1355 1130 1408 μου
1174 1337 1274 1408 καὶ
1316 1337 1619 1407 λύτρωσαι
1653 1336 1868 1405 αὐτήν.

300 1423 545 1496 Πρόσχες
573 1428 712 1497 αὐτῇ
743 1427 1058 1500 θλιϐομένῃ.

373 1517 594 1570 Ἕνεκα
641 1517 761 1570 τῶν
810 1517 1040 1587 ἐχθρῶν
1065 1537 1208 1588 μου,
1261 1520 1452 1590 ῥῦσαι
1485 1538 1584 1592 με.
1628 1522 1747 1576 Ἵνα
1792 1523 1870 1594 μὴ

296 1609 604 1680 ἐπιχειρῶσι
627 1611 706 1684 τῷ
733 1612 949 1684 θανάτῳ
986 1631 1112 1682 μου.

366 1706 451 1757 Σὺ
475 1706 582 1775 γὰρ
607 1705 917 1775 γινώσκεις
937 1708 1045 1761 τὸν
1083 1697 1427 1778 ὀνειδισμόν
1447 1727 1591 1780 μου,
1623 1709 1725 1763 καί
1755 1708 1874 1777 τὴν

1989 607 2190 673 respice
2221 608 2278 660 in
2308 623 2408 661 me.
2445 606 2519 661 Ea
2565 609 2752 676 verba,
2813 607 3117 666 Secundum
3159 607 3558 662 multitudinem

1987 697 2387 754 miserationum
2421 709 2659 764 tuarum,
2688 705 3051 771 exposuimus
3085 700 3139 754 in
3173 698 3387 768 psalmo
3426 714 3479 762 L,
3502 704 3556 751 et

1985 804 2108 858 qum
2142 800 2456 859 sequuntur
2481 793 2535 846 in
2574 794 2786 862 psalmo
2813 807 2962 847 xxxv.

2057 879 2220 937 Vens.
2255 881 2342 937 18.
2383 882 2467 937 Νε
2498 895 2705 938 avertas
2748 884 2935 954 faciem
2987 893 3134 936 tuam
3171 899 3204 936 a
3241 895 3402 948 puero
3441 887 3553 944 tuo,

1939 1010 1944 1015 -
1983 976 2232 1045 quoniam
2259 976 2527 1041 tribulor;
2558 976 2803 1031 velociter
2826 976 3022 1030 exaudi
3055 992 3155 1029 me.
3219 973 3296 1028 De
3353 973 3555 1048 verbis,

1982 1067 2065 1122 Ne
2095 1075 2305 1122 avertas
2331 1068 2520 1137 {aciem
2549 1076 2727 1132 tuam,
2773 1067 3013 1122 diximus
3036 1066 3091 1121 in
3142 1065 3358 1136 psalmo
3385 1078 3552 1119 xxvt:

1981 1180 2082 1236 per
2150 1179 2384 1236 puerum
2453 1173 2634 1220 autem
2705 1165 2793 1220 hic
2881 1163 3223 1234 unigenitum
3304 1157 3558 1229 intelligit

1975 1257 2204 1312 Filium.

2049 1349 2218 1405 Vens.
2243 1346 2332 1404 19.
2370 1336 2598 1402 Intende
2631 1349 2825 1402 anima:
2848 1364 2977 1402 mete
3017 1354 3066 1399 et
3106 1344 3271 1399 libera
3292 1358 3432 1407 eam.
3459 1341 3558 1394 ln-

1979 1438 2148 1494 tende
2174 1437 2225 1492 ei
2257 1437 2312 1491 in
2345 1435 2764 1492 calamitatibus
2791 1433 3132 1490 constitutae.

2046 1531 2272 1601 Propter
2288 1530 2534 1584 inimicos
2569 1545 2712 1584 meos
2748 1526 2912 1582 libera
2958 1543 3060 1581 me.
3119 1523 3198 1582 Ne
3235 1533 3410 1580 morte
3458 1521 3548 1578 ιω-

1977 1631 2170 1679 tentur
2201 1637 2343 1677 mea.

2057 1716 2223 1772 Vens.
2253 1715 2346 1770 20.
2399 1713 2478 1769 Tu
2501 1715 2640 1768 enim
2672 1714 2944 1782 cognoscis
2977 1711 3314 1780 approbrium
3362 1723 3557 1775 meum,

293 1798 599 1866 αισχύνην
624 1816 766 1866 μου,
795 1801 892 1854 και
922 1801 1035 1869 τὴν
1060 1801 1360 1870 ἐντροπὴν
1391 1820 1532 1870 μου.
1589 1799 1746 1866 Οἶδας
1771 1803 1872 1857 ὅσα

1986 1819 2026 1864 st
2049 1807 2400 1878 ignominiam
2431 1820 2604 1859 meam
2652 1813 2700 1857 et
2751 1803 3116 1871 confusionem
3163 1815 3354 1858 meam.
3398 1795 3560 1852 Nosti

299 1910 369 1962 με
395 1893 738 1959 ὀνειδίζουσι,
772 1895 972 1963 φάγον,
1002 1897 1094 1955 καὶ
1128 1898 1437 1966 οἰνοπότην,
1471 1896 1570 1950 καὶ
1620 1896 1871 1951 τελωνῶν

1986 1906 2182 1971 quanta
2210 1897 2344 1952 mihi
2372 1895 2728 1966 exprobrent,
2783 1903 3092 1949 voratorem
3144 1907 3209 1947 ac
3247 1891 3359 1946 vini
3402 1899 3561 1960 pota-

294 1984 392 2038 καὶ
449 1985 794 2056 ἁμαρτωλῶν
848 1987 1026 2056 φίλον,
1050 1988 1144 2041 καὶ
1185 1989 1552 2058 δαιμονῶντα,
1599 1989 1693 2044 καὶ
1723 1989 1876 2043 ἀντι⁴

294 2077 418 2130 Θεον
451 2077 777 2149 ὀνομάζουσι
807 2097 821 2112 ο
848 2081 943 2134 καὶ
973 2080 1340 2152 αἰσχύνοντες,
1379 2083 1472 2136 καὶ
1491 2081 1872 2153 ἐντρέποντες,

292 2166 368 2233 ὡς
395 2168 582 2235 αὐτοῖς
601 2172 769 2226 δοκεῖ.

379 2355 694 2410 Ἐναντίον
754 2369 873 2410 σου
915 2357 1140 2422 πάντες
1182 2358 1236 2412 οι
1293 2359 1603 2426 θλίϐοντες
1627 2376 1721 2427 με.
1761 2358 1875 2412 Ἐν-

297 2444 469 2500 ὡπιόν
500 2446 596 2499 σού
633 2464 701 2516 με
735 2447 1002 2514 Θλιεουσι,
1069 2447 1163 2501 σοῦ
1217 2449 1395 2504 πάντα
1449 2449 1762 2518 βλέποντος.
1803 2452 1873 2504 Ἢ

298 2537 530 2592 ινώπιόν
561 2537 657 2592 σού
689 2540 794 2594 εἰσι
831 2540 907 2612 μὴ
932 2539 1222 2609 δυνάμενοί
1267 2559 1325 2596 σε
1365 2543 1682 2613 διαδρᾶναι·
1717 2543 1766 2596 εἰ
1818 2543 1876 2596 δέ

295 2644 382 2692 τις
452 2630 802 2699 ἐπαπορήσει
853 2631 974 2694 πῶς
1019 2632 1250 2686 τοιαῦτα
1309 2611 1527 2706 δεηθεῖς
1582 2635 1734 2704 ὅμως
1775 2611 1884 2687 οὐκῠ

299 2720 532 2792 ἐξέφυγε
557 2725 686 2788 τοὺς
719 2724 1000 2788 τοιούτους
1024 2726 1394 2797 πειρασμοὺς,
1430 2727 1745 2791 ἀκουσάτω,
1793 2727 1876 2780 ὅτι

299 2812 498 2888 ηὔχετο
529 2815 629 2886 μὲν
655 2816 733 2880 ὡς
779 2817 1060 2887 ἄνθρωπος
1117 2821 1193 2888 μὴ
1225 2817 1490 2874 εἰσελθεῖν
1541 2821 1625 2884 εἰς
1675 2835 1874 2891 πειραο

301 2907 460 2976 σμόν.
495 2908 604 2962 Καὶ
633 2909 741 2979 γὰρ
791 2911 924 2980 ἡμῖν
962 2911 1136 2974 οὓτως
1197 2911 1452 2983 εὔχεσθαι
1496 2915 1872 2984 παραδέδωκε.

298 3000 444 3054 Διότι
485 3001 557 3055 Τὸ
582 3002 819 3070 πνεῦμα
844 3003 1177 3072 πρόθυμον,
1214 3005 1253 3070 ἡ
1294 3003 1363 3057 δὲ
1392 3005 1549 3074 σὰρξ
1581 3006 1874 3077 ἀσθενής.

314 3092 469 3146 Ἐπεὶ
499 3094 556 3148 δὲ
591 3095 860 3165 συνέφερε
893 3097 1090 3150 παθεῖν
1117 3096 1282 3152 αὐτὸν
1313 3097 1402 3152 διὰ
1454 3099 1553 3169 τὴν
1597 3101 1878 3171 ἡμετέραν

1980 2004 2151 2050 torem
2239 1992 2604 2062 appellantes.
2663 1988 2974 2058 publicanis
3037 2002 3099 2041 ac
3171 1984 3557 2056 peccatoribus

1976 2087 2236 2150 amicum,
2257 2083 2680 2144 daemoniacum,
2704 2089 2757 2136 et
2777 2080 2887 2135 Deo
2908 2079 3269 2136 contrarium.
3286 2077 3368 2132 Tu
3393 2078 3557 2134 etiam

1978 2179 2122 2236 nosti
2159 2177 2434 2249 quomodo
2482 2191 2570 2231 me
2610 2174 2972 2236 confundant,
3013 2173 3116 2226 hoc
3165 2178 3268 2239 est,
3329 2181 3554 2244 quanta,

1978 2282 2040 2328 ut
2077 2272 2160 2328 eis
2186 2269 2432 2332 videtur,
2473 2267 2771 2339 ignominia
2813 2281 2899 2320 me
2931 2279 2994 2318 ac
3035 2264 3247 2333 pudore
3296 2264 3557 2318 alliciant.

2047 2365 2216 2419 Vens.
2245 2362 2336 2418 2|.
2379 2361 2442 2415 In
2469 2369 2746 2428 conspectu
2770 2369 2858 2411 tuo
2901 2367 3023 2411 sunt
3055 2373 3230 2411 omnes
3269 2357 3360 2423 qui
3387 2356 3555 2410 tribu-

1979 2460 2092 2513 lant
2123 2473 2225 2512 me.
2246 2455 2351 2520 Me,
2373 2453 2574 2525 inquit,
2610 2452 2853 2520 amigunt
2882 2463 3067 2504 coram
3098 2457 3152 2504 te
3177 2457 3287 2517 ;te,
3307 2449 3555 2518 inquam,

1981 2551 2200 2606 vidente
2232 2564 2294 2603 ac
2335 2549 2688 2602 discernente
2735 2545 2944 2600 omnia.
2986 2541 3117 2605 Vel,
3157 2551 3289 2596 sunt
3340 2541 3394 2596 in
3430 2555 3560 2597 can-

1981 2649 2172 2712 spectu
2203 2649 2318 2704 tuo,
2351 2641 2456 2695 hoc
2489 2646 2598 2705 est,
2623 2636 2863 2706 eﬂugere
2902 2649 2932 2688 a
2967 2642 3019 2690 te
3059 2640 3356 2704 nequeunt.
3398 2629 3556 2697 Quod

1981 2733 2026 2789 si
2058 2733 2183 2804 quis
2227 2730 2508 2786 addubitet
2560 2743 2671 2799 quo
2709 2739 2870 2797 pacto
2911 2741 3020 2781 non
3043 2723 3277 2794 potuerit
3303 2722 3560 2778 Christus

1981 2835 2106 2897 post
2134 2833 2218 2880 tot
2249 2839 2312 2880 ac
2355 2833 2537 2878 tantas
2579 2822 3008 2892 supplicationes
3059 2817 3432 2872 calamitatum
3495 2827 3560 2867 ac

1985 2919 2352 2975 tentationum
2389 2915 2692 2970 molestiam
2722 2915 2949 2978 evitare,
2991 2908 3390 2965 animadvertat
3413 2902 3558 2974 quod

1982 3011 2240 3068 Christus
2268 3015 2330 3064 ut
2373 3007 2542 3061 homo
2572 3005 2799 3076 rogabat
2830 3016 2940 3058 non
2983 3001 3268 3055 incurrere
3291 2997 3346 3052 in
3381 3000 3562 3048 tenta-

1983 3106 2182 3168 tiones,
2233 3111 2294 3157 ut
2351 3097 2667 3166 huiusmodi
2722 3093 3063 3166 supplicandi
3100 3103 3348 3146 normam
3395 3085 3557 3144 nobis

304 3188 602 3256 σωτηρίαν,
665 3188 994 3255 κατέδεξατο
1039 3189 1110 3244 τὰ
1169 3190 1340 3262 πάθη,
1394 3191 1760 3262 προελόμενος
1814 3195 1875 3247 τὸ

1986 3196 2246 3256 traderet,
2285 3193 2412 3263 quia
2461 3190 2696 3262 Spiritus
2720 3189 2929 3259 quidem
2979 3192 3257 3256 promptus
3297 3189 3397 3246 est,
3431 3194 3558 3232 caro

302 3280 446 3335 θεῖον
467 3279 706 3366 biit-qua
733 3282 886 3352 napi:
910 3282 972 3336 τὸ
998 3283 1346 3354 ἀνθρώπινον
1377 3301 1392 3315 ο
1421 3285 1519 3337 καὶ
1551 3285 1662 3354 γὰρ
1709 3303 1880 3355 προσ-

302 3371 600 3442 ευξίμενος
619 3389 632 3402 ·
659 3373 852 3443 Πάτερ
876 3392 1016 3444 μου,
1054 3377 1109 3430 ει
1160 3378 1432 3432 δυνατόν⁸
1475 3379 1629 3444 ἐστι,
1657 3382 1848 3446 navsz
1867 3407 1882 3418 ο

303 3464 450 3518 θέτω
470 3465 572 3520 ἀπ’
599 3466 748 3534 ἐμοῦ
781 3466 848 3521 τὸ
876 3467 1167 3536 ποτήριον
1191 3469 1390 3534 τοῦτο,
1418 3469 1648 3541 ὕστερον
1671 3473 1884 3542 satura-

301 3573 364 3624 γε
397 3571 416 3588 ⁸
448 3557 638 3626 Πάτερ
664 3577 806 3628 μου,
849 3560 900 3613 ει
938 3561 1010 3614 οὐ
1039 3561 1290 3616 δύναται
1320 3563 1498 3618 τοῦτο
1559 3564 1882 3631 παρελθεῖν

299 3647 400 3701 ἀπ’
437 3648 584 3716 ἐμοῦ
642 3650 754 3704 ἐὰν
779 3650 868 3720 μὴ
903 3651 1053 3706 αὐτό
1076 3653 1214 3720 πίω,
1271 3654 1576 3724 γενηθήτω
1605 3657 1672 3708 τὸ
1706 3656 1881 3720 θέλη-

295 3759 378 3808 μα
415 3758 550 3797 σου.

379 3927 760 3996 Ὀνειδισμὸν
795 3928 1260 3997 προσεδόκησεν
1289 3930 1328 3997 ἠ
1365 3928 1540 3997 ψυχή
1591 3946 1730 3996 μου,
1780 3928 1879 3981 καὶ

298 4021 721 4087 ταλαιπωρίαν.
752 4020 1188 4088 Προεγίνωσκον,
1223 4019 1380 4090 φησὶ,
1407 4019 1600 4075 ταῦτα.
1640 4021 1748 4073 Καὶ
1775 4021 1881 4090 γὰρ

295 4114 403 4174 τοῖς
438 4111 712 4181 μαθηταῖς
745 4111 935 4180 ἔλεγεν
960 4130 974 4144 ⁸
1011 4113 1170 4168 Ἰδοὺ
1210 4113 1622 4181 ἀναϐαίνομεν
1640 4114 1730 4178 εἰς
1778 4113 1880 4167 Ἰε-

291 4203 632 4271 ροσόλτομα,
681 4204 783 4258 καὶ
829 4209 863 4258 ό
890 4203 1021 4268 Υἱὸς
1049 4205 1156 4260 τοῦ
1191 4204 1511 4273 ἀνθρώπου
1561 4205 1882 4272 παραδίδου

297 4310 388 4348 ται
423 4294 546 4360 τοῖς
572 4293 917 4363 ἀρχιερεῦσι
945 4296 1042 4349 καὶ
1079 4296 1510 4367 Γραμματεῦσι
1535 4313 1550 4326 ν
1573 4296 1672 4351 καὶ
1703 4314 1882 4351 κατα-

297 4387 613 4455 κρινοῦσιν
638 4388 846 4452 αὐτὸν,
877 4388 972 4443 καὶ
993 4389 1062 4442 τὰ
1089 4389 1237 4458 ἑξῆς.

365 4477 478 4534 Kal
502 4477 796 4548 ὑπέμεινα
825 4481 1362 4548 συλιυπούμενον.
1401 4481 1499 4536 ναὶ
1529 4484 1643 4552 οὐχ
1687 4483 1878 4552 ὑπῆρ-

299 4567 367 4634 ξε
390 4586 404 4600 ο
435 4569 535 4622 καὶ
559 4537 1052 4636 παρακαλοῦντα,
1081 4537 1182 4624 κᾶι
1215 4572 1328 4637 οὐχ
1354 4537 1563 4639 εὗρον.
1698 4537 1882 4627 ν’γτῖἐ-
1916 4537 1958 4593 D

292 4675 493 4728 μεινα,
534 4659 658 4714 ἀντὶ
689 4659 786 4712 τοῦ
834 4661 1188 4730 Περιέμεινα,
1226 4660 1261 4730 ἦ
1303 4659 1572 4732 ἐζήτησα.
1611 4664 1887 4731 Παρακα-

295 4747 561 4811 λοῦντας
581 4747 659 4811 δὲ,
694 4748 821 4801 ἀντὶ
849 4748 945 4802 τοῦ
979 4748 1543 4818 Παραμυθουμένους.
1579 4751 1692 4805 Καὶ
1723 4752 1884 4805 τοῦτο

293 4837 351 4890 δὲ
379 4838 629 4905 γέγονεν,
662 4839 774 4903 ὅτε,
801 4838 1140 4910 παραλαϐὼν
1195 4839 1288 4892 τὸν
1330 4839 1538 4909 Πέτρον
1599 4841 1692 4892 καὶ
1752 4841 1884 4903 τοὺς

295 4933 448 4995 υἱοὺς
475 4932 572 4987 τοῦ
601 4933 913 5001 Ζεὸεδαίου,
955 4935 1158 5005 ἤρξατο
1191 4933 1482 4988 λυπεῖσθαι
1527 4934 1625 4988 καὶ
1666 4935 1881 5004 ἀδημο-

297 5027 435 5089 νεῖν,
465 5026 624 5091 Τότε,
677 5027 834 5096 φησὶ,
860 5026 1030 5095 λέγει
1069 5027 1275 5093 αὐτοῖς
1327 5030 1360 5082 d
1401 5027 1676 5095 Ἰησοῦς·
1713 5029 1882 5096 Περί-

296 5118 497 5182 λυπός
527 5116 704 5171 ἐστιν
740 5119 779 5185 ἡ
805 5119 979 5188 ψυχή
1003 5137 1122 5185 μου
1149 5119 1258 5185 ἕως
1298 5119 1560 5175 θανάτου
1588 5137 1602 5150 ο
1634 5121 1881 5196 μείνατε

295 5201 412 5261 ὧδε
445 5209 546 5262 καὶ
599 5210 944 5280 γρηγορεῖτε
989 5211 1118 5280 μετ’
1152 5212 1322 5281 ἐμοῦ.
1371 5207 1516 5267 Εἶτα
1564 5213 1877 5280 προελθὼν

292 5303 518 5369 μικρὸν
551 5302 650 5356 καὶ
684 5303 1199 5372 προσευξάμενος,
1232 5304 1469 5373 ἔρχεται
1527 5305 1681 5372 πρὸς
1743 5305 1886 5373 τοὺς

1987 3297 2166 3344 autem
2193 3287 2414 3355 inﬁrma
2440 3283 2510 3338 ⁷⁸.
2536 3281 2644 3337 Sed
2677 3281 2937 3353 quoniam
2963 3277 3034 3333 ob
3063 3286 3305 3332 nostram
3321 3272 3560 3329 salutem

1987 3383 2137 3437 illum
2164 3381 2277 3450 pati
2310 3377 2623 3448 oportebat,
2644 3375 2936 3446 passiones
2961 3381 3182 3431 nostras
3214 3368 3390 3426 libens
3421 3364 3477 3421 in
3503 3377 3563 3420 se

1986 3474 2257 3543 suscepit,
2302 3480 2352 3541 et
2396 3471 2488 3526 Dei
2537 3468 2720 3523 Patris
2755 3467 3094 3522 voluntatem
3148 3463 3406 3522 humanas
3449 3472 3564 3516 suae

1984 3566 2285 3639 prmposuit
2313 3563 2604 3618 voluntati.
2635 3559 2814 3615 Orans
2845 3557 3048 3613 etenim
3071 3553 3292 3610 dicebat
3327 3570 3341 3606 :
3369 3549 3558 3615 Pater,
3655 3565 3658 3569 '

1982 3663 2030 3716 si
2056 3660 2303 3731 possibile
2323 3666 2424 3722 est,
2454 3663 2687 3714 transeat
2707 3654 2838 3722 alme
2867 3652 3009 3705 calix
3033 3649 3133 3704 iste
3156 3648 3237 3714 7";
3269 3653 3320 3700 et
3342 3643 3561 3698 demum

1983 3753 2193 3809 addidit
2227 3769 2239 3804 :
2279 3749 2440 3804 Pater
2467 3749 2559 3812 mi,
2594 3747 2641 3802 si
2670 3763 2774 3800 non
2805 3753 2974 3807 potest
3004 3741 3239 3794 transire
3269 3754 3301 3791 a
3340 3751 3421 3792 me
3461 3733 3565 3788 nisi

1986 3845 2159 3899 bibero
2185 3843 2357 3904 illum,
2388 3843 2483 3910 ﬁat
2511 3839 2754 3894 voluntas
2781 3847 2873 3889 tua
2897 3835 2965 3888 ⁷⁸.

2059 3933 2412 4004 Opprobrium
2445 3930 2768 3998 exspectavit
2799 3927 2984 3982 anima
3017 3940 3155 3988 mea,
3191 3928 3240 3976 et
3268 3917 3560 3974 miseriam.

1985 4024 2356 4081 Prazvidcham
2385 4021 2538 4083 olim,
2571 4017 2769 4088 inquit,
2801 4017 2915 4071 haec
2941 4013 3147 4069 omnia.
3175 4009 3399 4065 Dicebat
3417 4007 3561 4065 enim

1984 4114 2272 4186 discipulis
2327 4130 2343 4168 :
2401 4111 2536 4166 Ecce
2595 4108 2926 4164 ascendimus
2973 4101 3402 4180 Hierosolymam
3436 4138 3453 4166 ,
3513 4109 3563 4158 et

1985 4208 2164 4264 Filius
2215 4205 2445 4270 hominis
2492 4201 2734 4256 tradetur
2766 4197 3093 4268 principibus
3125 4193 3482 4256 sacerdotum,
3512 4197 3563 4244 et

1986 4300 2215 4364 Scribis,
2251 4308 2300 4360 et
2332 4291 2756 4352 condemnabam
2808 4307 2928 4346 eum
2957 4290 3026 4356 ",
3060 4299 3115 4346 et
3170 4301 3294 4356 quae
3349 4283 3423 4339 ibi
3472 4297 3564 4341 see

2023 4398 2249 4446 nuntur.

2023 4407 2249 4446 nuntur.

1984 4407 2017 4462 q
2066 4480 2135 4535 Et
2172 4476 2422 4542 sustinui,
2455 4473 2546 4545 qui
2571 4469 2729 4529 simul
2752 4467 3179 4532 contristaretur,
3198 4475 3249 4519 et
3281 4481 3385 4520 non
3410 4472 3563 4526 erat;

1986 4572 2078 4644 qui
2103 4569 2494 4632 consolaretur,
2535 4577 2584 4621 et
2616 4581 2720 4620 non
2754 4563 2947 4618 inveni.
2971 4591 3036 4603 —-
3065 4558 3308 4615 Sustinui
3331 4573 3430 4630 pro
3459 4557 3565 4612 Ex-

1988 4661 2231 4731 spectavi
2264 4659 2471 4732 posuit,
2505 4673 2602 4716 seu
2633 4671 2735 4730 pro
2774 4653 3036 4722 Quazsivi.
3069 4651 3180 4708 lloc
3209 4659 3392 4708 autem
3417 4648 3568 4704 acci-

1987 4755 2092 4818 dit,
2157 4752 2398 4822 quando,
2443 4757 2722 4817 assumpto
2777 4745 2942 4801 Petro
2997 4751 3052 4802 et
3102 4743 3228 4799 ﬁliis
3278 4740 3566 4806 Zebedasi,

1986 4845 2150 4914 coepit
2171 4841 2490 4898 contristari
2514 4848 2570 4895 et
2604 4854 2856 4895 merere.
2881 4837 3027 4893 Tunc
3065 4836 3237 4900 enim,
3257 4834 3455 4904 inquit,
3486 4833 3567 4886 di-

1982 4936 2064 4990 xit
2080 4933 2322 4989 eisJesus
2343 4949 2361 4988 :
2385 4931 2578 4986 Tristis
2603 4941 2680 4985 est
2706 4931 2885 4984 anima
2902 4945 3020 4983 mea
3038 4943 3200 4996 usque
3224 4925 3292 4980 ad
3317 4935 3533 4980 mortem
3549 4965 3567 4990 ,

1993 5036 2293 5096 exspectate
2313 5023 2398 5079 hic
2436 5033 2485 5079 et
2509 5023 2723 5093 vigilate
2754 5035 2976 5074 mecum.
3009 5017 3076 5072 Et
3120 5033 3432 5088 progressus
3455 5030 3567 5068 mo-

1993 5119 2195 5183 dicum,
2237 5133 2355 5173 cum
2409 5125 2633 5178 orasset,
2667 5113 2801 5168 venit
2827 5111 2896 5165 ad
2919 5111 3230 5179 discipulos,
3274 5117 3325 5162 et
3379 5104 3569 5160 invenit

1994 5229 2082 5267 eos
2111 5210 2516 5272 dormientes,et
2549 5208 2687 5261 dixit
2718 5206 2898 5261 Petro:
2923 5205 3014 5260 Sic
3048 5220 3148 5258 non
3178 5200 3427 5271 potuistis
3463 5212 3569 5252 una

1996 5306 2130 5359 hora
2163 5305 2383 5374 vigilare
2415 5318 2617 5356 mecum
2643 5301 2692 5332 ⁷⁸
2720 5300 2742 5353 'l

295 5389 586 5457 μαθητὰς,
612 5391 711 5445 καὶ
750 5392 1017 5459 εὑρίσκει
1066 5393 1290 5460 αὐτοὺς
1351 5393 1760 5460 καθεύδοντας
1793 5411 1810 5427 ο
1850 5392 1950 5449 καὶ
1991 5396 2157 5464 λέγει
2223 5394 2300 5459 τῷ
2349 5392 2551 5461 Πέτρῳ
2584 5409 2597 5423 ’
2654 5392 2853 5455 Οὕτως
2903 5391 3016 5445 οὐκ
3068 5386 3365 5456 ἰσχύσατε
3419 5382 3567 5451 μίαν

300 5480 457 5549 ὤραν
485 5479 872 5550 ἀγρυπνῆσαι
901 5485 1023 5552 μετ’
1052 5484 1200 5552 ἐμοῦ
1220 5500 1242 5548 ;

373 5573 645 5627 Ἕδωκαν
669 5577 758 5640 εἰς
788 5575 852 5628 τὸ
871 5574 1086 5646 ,βρῶμά
1114 5596 1236 5648 μου
1270 5578 1491 5649 χολὴν,
1519 5580 1618 5636 καὶ
1649 5584 1738 5649 εἰς
1764 5582 1881 5648 τὴν

302 5661 491 5729 δίψαν
507 5680 628 5732 μου
657 5665 953 5719 ἐπότισιίν
979 5683 1058 5734 με
1101 5667 1264 5734 ὅξος.
1308 5670 1480 5740 Φησὶν
1523 5671 1552 5725 ὁ
1590 5671 1878 5741 εὐαγγελι-

374 5841 416 5874 "
447 5843 639 5904 Matth.
671 5861 819 5915 xm,
859 5847 1247 5947 4|.“:'_lbid.
1281 5849 1373 5906 σοι
1403 5843 1483 5938 ς
1519 5848 1652 5906 Ibid.
1707 5849 1795 5904 ιε.

1986 5849 2147 5908 latth.
2197 5867 2285 5915 xx,
2342 5851 2420 5906 l8.

2063 5574 2228 5630 Vens.
2254 5574 2346 5628 ἓξ.
2392 5573 2461 5628 Et
2498 5572 2750 5629 dederunt
2788 5571 2842 5623 in
2871 5569 3045 5622 cibum
3077 5582 3250 5622 meum
3291 5565 3384 5635 fel,
3420 5571 3471 5618 et
3510 5565 3565 5617 in

1990 5669 2080 5722 siti
2139 5683 2255 5720 mea
2306 5673 2620 5733 putaverunt
2665 5678 2744 5716 me
2789 5670 2956 5715 aceto.
2988 5659 3077 5713 Ait
3127 5657 3272 5712 enim
3327 5656 3569 5711 Joannes

2538 5849 2582 5882 ⁷⁸
2613 5849 2807 5903 Matth.
2849 5860 2996 5912 xm,
3039 5843 3234 5899 5740.
