4070 6224
446 326 552 394 ιο)
583 285 589 292 ”’

1677 272 1990 389 EUTIIYM
2005 320 2059 380 [Ι
2101 324 2463 384 ΖῐϐᾹΒΕΝῐ

3567 321 3684 384 700

452 435 798 512 Evangelista
833 457 846 493 :
880 439 1004 494 Post
1028 441 1134 495 hwc
1160 457 1277 495 cum
1316 442 1475 496 sciret
1509 439 1692 505 Iesus,
1731 437 1867 510 quod
1898 439 2022 507 jam.

2143 437 2251 508 ῖτὴς
2296 439 2553 510 Ἰωάννης
2579 457 2591 469 ·
2617 439 2778 495 Μετὰ
2814 440 2990 494 τοῦτο
3019 438 3189 504 εἰδὼς
3243 441 3277 492 ό
3327 437 3568 504 Ἰησοῦς
3605 437 3717 489 ὅτι

453 533 629 584 omnia
661 532 872 598 impleta
903 544 1047 597 sunt,
1084 545 1140 587 ut
1165 536 1474 601 impleretur
1505 534 1807 602 Scriptura,
1837 533 1965 586 dicit
1995 547 2014 587 :

455 621 610 675 Sitio.
661 621 764 676 Vas
795 624 960 693 igitur
987 635 1098 679 erat
1121 636 1266 681 aceto
1288 628 1518 694 plenum.
1560 625 1654 679 Illi
1687 636 1861 679 autem
1900 641 2018 678 cum

452 711 753 777 implessent
795 715 1068 782 spongiam
1119 726 1288 779 aceto,
1349 717 1720 782 circumposito
1772 717 2017 784 hyssopo.

453 801 756 856 obtulerunt
781 805 894 872 ejus
923 808 1004 859 ori
1023 808 1086 858 7’.
1124 807 1226 861 Per
1251 806 1579 876 Scripturam
1609 807 1753 861 enim
1781 804 2022 860 Joannes

457 904 776 960 prazsentem
814 899 1141 952 versiculum
1191 900 1474 975 intellexit.
1520 900 1806 954 Matthaeus
1836 901 2020 965 etiam,

461 984 746 1051 Dederunt,
786 989 985 1059 inquit,
1036 993 1086 1045 ei
1129 991 1302 1046 bibere
1349 1001 1578 1058 acetum,
1625 1008 1742 1045 cum
1775 991 1896 1060 felle
1925 991 2022 1042 mi-

457 1087 597 1131 stum
620 1079 687 1134 ⁸ο.
714 1079 779 1134 Ει
811 1081 1026 1137 Marcus
1050 1099 1268 1140 rursum
1301 1102 1314 1139 :
1351 1085 1484 1141 Cum
1511 1085 1828 1139 accurrisset
1861 1098 2022 1144 unus,

458 1177 507 1222 et
556 1171 821 1240 implesset
865 1176 1140 1244 spongiam
1191 1185 1376 1242 aceto,
1436 1179 1704 1244 imponens
1753 1173 2022 1241 arundini,

458 1271 641 1329 potum
688 1266 737 1318 ei
778 1265 939 1320 dabat
967 1268 1035 1322 ³⁸.
1067 1268 1125 1322 In
1183 1268 1368 1323 cibum
1409 1277 1590 1323 autem
1629 1278 1685 1324 et
1710 1269 1766 1322 in
1814 1274 2028 1336 potum,

461 1352 564 1406 hoc
593 1364 697 1420 est,
734 1363 795 1410 ut
831 1358 1189 1414 manducaret
1236 1370 1291 1416 et
1321 1362 1551 1417 biberet.
1603 1360 1671 1415 Et
1702 1359 1874 1415 Judaei
1901 1359 2028 1429 qui-

459 1443 584 1498 dem
627 1446 792 1501 simul
850 1463 974 1503 cum
1036 1458 1192 1504 aceto
1244 1452 1312 1506 fel
1371 1454 1425 1507 in
1479 1461 1699 1523 potum'
1737 1451 2029 1507 dederunt.

462 1534 677 1590 Acetum
743 1538 912 1603 enim,
967 1541 1165 1611 inquit,
1217 1553 1332 1598 erat
1379 1543 1502 1612 felle
1548 1545 1802 1612 mistum;
1842 1558 2029 1598 verum

2124 529 2242 599 ἤδη
2273 532 2469 585 πάντα
2495 531 2858 597 τετέλεσται,
2885 534 2985 585 ἵνα
3023 526 3302 598 τελειωθῇ
3363 530 3399 596 ή
3461 530 3718 597 Γραφὴς

2121 623 2284 692 λέγει
2310 637 2325 650 ·
2370 623 2552 691 Διψῶ.
2585 623 2812 689 Σκεῦας
2841 619 2953 678 οὖν
2983 622 3198 684 ἔκειτο,
3235 621 3418 687 ὄξους
3452 623 3717 688 μεστόν·

2123 719 2176 769 οἱ
2199 715 2286 781 δὲ,
2328 716 2674 783 πλήσαντες
2723 716 2994 784 σπόγγον
3033 715 3238 778 ὄξους,
3290 711 3387 766 καὶ
3433 710 3718 777 ὑσσώπῳ

2123 809 2483 876 περιθέντες,
2535 808 2961 876 προσήνεγκαν
3014 806 3199 861 αὑτοῦ
3266 805 3344 868 τῷ
3384 807 3636 872 στόματι
3687 819 3710 830 ’

2123 902 2339 971 γραφὴν
2372 901 2645 972 ὀνομάσας
2675 901 2735 955 τὸ
2761 901 2933 972 παρὸν
2986 901 3170 972 ῥητόν.
3203 899 3312 950 Καὶ
3342 898 3369 949 ὁ
3416 896 3714 950 Matinio:

2127 1000 2323 1069 φησίν·
2361 999 2634 1053 Ἔδωκαν
2657 999 2816 1063 αὐτῷ
2845 997 3004 1051 πιεῖν
3028 997 3168 1061 ὄξος
3193 993 3343 1062 μετὰ
3376 991 3569 1061 χολῆς
3594 1007 3701 1058 μεν
3781 1048 3784 1050 .

2119 1096 2431 1166 μιγμένον.
2461 1097 2570 1148 Καὶ
2598 1097 2624 1147 ὁ
2648 1095 2872 1162 Μάρκος
2896 1091 3058 1176 πάλιν
3083 1087 3355 1157 ’Δραμὼν
3393 1085 3460 1139 δὲ
3487 1081 3572 1150 εἷς
3601 1083 3712 1136 καὶ

2127 1191 2376 1261 γεμίσας
2400 1190 2670 1257 σπόγγον
2688 1187 2758 1252 ὅξ
2763 1204 2889 1252 ους,
2919 1184 3179 1252 περιθείς
3199 1199 3263 1234 τε
3285 1178 3534 1248 καλάμῳ
3553 1178 3710 1230 ἐπό-

2129 1283 2290 1351 τιζέςν⁵
2309 1283 2515 1337 αὐτόν.
2547 1282 2642 1343 Εἰς
2673 1279 2951 1350 τδβρῶμα
2985 1278 3041 1330 δὲ
3059 1276 3153 1330 καὶ
3182 1275 3261 1336 εἰς
3283 1272 3345 1326 τὸ
3369 1272 3541 1340 πόμα,
3580 1271 3716 1322 ἀντὶ

2129 1377 2244 1438 τοῦ,
2275 1377 2357 1439 εἰς
2373 1374 2432 1428 τὺ
2461 1376 2654 1444 φαγεῖν
2683 1390 2749 1442 με
2771 1371 2864 1425 καὶ
2888 1371 3033 1424 πιεῖν
3069 1385 3155 1436 με.
3193 1366 3336 1419 ’An‘
3363 1366 3411 1417 oi
3443 1364 3542 1431 μὲν
3563 1362 3716 1414 ἰου-

2129 1469 2289 1530 δαῖοι,
2317 1470 2396 1529 εἰς
2425 1466 2485 1519 τὸ
2504 1469 2648 1519 πιεῖν
2667 1465 2849 1527 αὐτό-ι,
2881 1463 2974 1515 καὶ
3003 1461 3104 1530 τὴν
3139 1458 3310 1530 χολὴν.
3331 1456 3490 1526 ὁμοῦ,
3523 1454 3625 1506 καὶ
3648 1453 3716 1504 τὸ

2129 1561 2249 1624 ὅξος
2304 1557 2624 1613 δεδώκασιν.
2661 1557 2834 1621 Ὄξος
2851 1557 2979 1624 γὰρ,
3001 1553 3154 1620 φησὶ,
3175 1549 3328 1620 μετὰ
3362 1548 3556 1618 χολῆς
3596 1563 3718 1614 με-

469 1636 655 1684 noster
685 1628 956 1700 Propheta
987 1633 1038 1686 in
1055 1635 1235 1690 cibum
1268 1651 1328 1690 ea
1362 1635 1636 1701 distinxit,
1665 1638 1790 1690 etin
1819 1642 2029 1705 potum.

2143 1650 2438 1721 ιιιγμένον.
2514 1650 2581 1704 Ἤ
2634 1649 2691 1702 δὲ
2728 1649 2982 1720 παροῦσα
3040 1645 3374 1716 προφητεία,
3402 1641 3461 1694 τδ
3490 1639 3591 1710 μὲν
3631 1639 3716 1699 ei;

467 1719 662 1776 Dicere
704 1723 865 1776 etiam
904 1740 1201 1794 possumus
1246 1726 1415 1796 quod,
1448 1738 1736 1796 postquam
1779 1719 2033 1782 Salvator

2143 1719 2450 1812 τὸγβρῶμα,
2507 1739 2568 1793 τὸ
2619 1739 2676 1793 δὲ
2722 1741 2800 1800 εἰς
2851 1739 2912 1791 τὸ
2948 1739 3102 1808 πόμα
3134 1735 3356 1789 διεῖλεν.
3395 1731 3588 1784 Ἔστιν
3615 1723 3714 1779 οὖν

466 1827 524 1866 se
556 1813 710 1869 sitire
734 1814 892 1878 dixit,
922 1816 1235 1872 Judmorum
1273 1817 1617 1874 illudentium
1669 1818 1761 1872 alii
1813 1827 2026 1874 acetum

2143 1837 2304 1888 εἰπεῖν
2363 1835 2468 1896 ὅτι,
2523 1833 2666 1900 ἐπεὶ,
2712 1832 2894 1902 Atil-t3,
2935 1828 3110 1894 εἶπεν,
3147 1826 3508 1902 ἐμπαίζοντες
3538 1838 3716 1887 προσ-

466 1911 677 1958 tantum
725 1908 1030 1962 attulerunt
1063 1910 1128 1963 ad
1161 1909 1478 1972 bibendum,
1534 1910 1625 1962 alii
1671 1925 1801 1966 vero
1849 1909 1921 1964 fel
1962 1909 2029 1964 ad

466 1995 904 2054 manducandum
935 2019 950 2054 ε
984 2010 1038 2056 et
1075 2000 1220 2072 quod
1250 2001 1340 2056 alii
1378 2001 1606 2071 insuper
1641 2000 1712 2056 fel
1733 2006 1892 2055 aceto
1923 1998 2030 2052 mi-

467 2089 737 2154 scuerint,
758 2092 972 2155 utquod
1001 2108 1097 2163 per
1128 2109 1187 2149 se
1210 2093 1460 2147 acerbum
1486 2100 1603 2148 erat
1634 2100 1688 2147 et
1718 2091 2032 2156 molestum,

469 2181 869 2238 amarulenlius
945 2187 1110 2238 etiam
1192 2185 1527 2240 redderetur.
1593 2183 1903 2240 Verisimile
1950 2192 2034 2239 est

469 2274 804 2344 etiamquod
847 2276 1019 2331 ,ιυόωί
1068 2279 1133 2332 ad
1175 2280 1435 2348 majorem
1475 2280 1783 2336 irrisionem
1815 2280 2033 2335 Christo

466 2365 620 2432 prius
652 2367 720 2421 fel
763 2370 1132 2438 porrexerint,
1185 2380 1246 2425 ut
1280 2374 1616 2437 comederet,
1667 2389 1738 2428 ne
1789 2375 2035 2429 insuavis

469 2453 707 2509 fortasse
743 2458 897 2512 ﬁeret
929 2469 1093 2529 potus
1128 2463 1172 2515 si
1211 2463 1434 2532 ieiunus
1466 2464 1644 2518 adhuc
1669 2473 1854 2533 polum
1882 2481 2015 2521 sum

470 2545 694 2615 psisset.

539 2635 703 2691 Vens.
741 2639 832 2695 ‘23.
881 2638 1005 2693 Fiat
1045 2660 1222 2697 mensa
1255 2661 1436 2699 eorum
1483 2648 1536 2700 in
1571 2645 1862 2716 laqueum,
1901 2655 1951 2701 et
1980 2649 2046 2702 in-

470 2727 888 2797 retributionem,
924 2742 972 2786 et
1018 2734 1072 2787 in
1117 2737 1455 2792 scandalum.
1514 2737 1617 2792 Per
1665 2753 1909 2794 mensam
1939 2739 2040 2794 ali-

471 2822 562 2888 qui
593 2822 831 2876 laetitiam
868 2824 1162 2892 signiﬁcari
1195 2827 1470 2888 dixerunt,
1493 2835 1684 2882 contra
1721 2845 1850 2885 vero
1880 2829 2038 2886 dolo-

472 2928 586 2966 rem
643 2921 697 2967 et
723 2914 1002 2968 tristitiam
1037 2931 1130 2985 per
1182 2917 1271 2970 illa
1305 2919 1430 2980 tria,
1473 2919 1751 2988 laqueum,
1803 2924 2039 2989 retribu-

472 3005 701 3071 tionem,
735 3007 1052 3061 scandalum
1079 3026 1092 3073 ;
1126 3017 1184 3062 ut
1213 3025 1410 3064 sensus
1441 3011 1508 3063 sit
1545 3028 1559 3065 :
1599 3010 1819 3068 Utinam
1849 3029 2037 3069 eorum

474 3097 731 3164 gaudium
760 3098 812 3152 in
837 3097 1177 3152 alllictionem
1205 3106 1259 3152 et
1305 3099 1668 3156 calamitatem
1697 3103 2038 3159 immutetur.

2133 1929 2372 1994 ήνεγκαν
2396 1925 2568 1994 αὐτῷ,
2605 1925 2656 1976 οἱ
2683 1924 2784 1995 μὲν
2831 1924 2951 1988 ὄξος
2985 1923 3146 1992 μόνον
3174 1922 3253 1984 εἷς
3286 1919 3347 1971 τδ
3374 1918 3550 1974 πιεῖν,
3573 1915 3623 1966 οἱ
3656 1913 3718 1968 δὲ

2130 2017 2294 2089 χολὴν
2331 2018 2496 2087 μόνον
2522 2018 2603 2080 εἷς
2627 2016 2688 2069 τὸ
2717 2016 2934 2084 φαγεῖν,
2967 2017 3015 2067 οἱ
3046 2015 3102 2067 δὲ
3130 2012 3294 2084 χολὴν
3322 2010 3398 2079 τῷ
3431 2008 3547 2072 δξει
3588 2007 3715 2075 ἔμι-

2133 2111 2251 2176 ξαν,
2304 2109 2365 2163 τὸ
2413 2109 2578 2180 δριμὺ
2637 2109 2839 2176 μᾶλλον
2893 2106 3297 2178 πικραίνοντες.
3331 2102 3492 2162 Εἰκὸς
3531 2099 3588 2152 δὲ
3618 2095 3719 2149 καὶ

2133 2204 2350 2274 πρῶτον
2405 2201 2554 2273 αὐτῷ
2631 2202 2731 2270 τὴν
2789 2202 2952 2270 χολὴν
2999 2200 3221 2266 δοθῆναι
3291 2195 3429 2264 πρὸς
3487 2192 3718 2244 πλείονα

2133 2295 2356 2365 χλεύην,
2403 2294 2493 2348 ἵνα
2553 2293 2628 2365 μὴ
2657 2293 2820 2364 δῆθεν
2854 2290 3212 2363 ἁηδισθῆναι,
3240 2288 3436 2358 νῆστις,
3475 2283 3536 2336 τὸ
3563 2281 3723 2351 πόμα

2135 2387 2520 2457 προσιέμενος.

2204 2647 2526 2717 Γενηθήτω
2581 2648 2620 2715 ή
2666 2639 2919 2715 τράπεζα
2974 2643 3176 2699 αὐτῶν
3225 2645 3313 2708 εις
3339 2638 3583 2708 παγίδα,
3618 2635 3730 2690 και

2134 2741 2222 2805 εις
2285 2738 2721 2802 ἀνταπόδοσιν,
2785 2737 2880 2790 καὶ
2917 2738 3002 2802 εις
3031 2735 3405 2790 σκάνδαλον.
3459 2731 3558 2784 Διὰ
3622 2731 3727 2796 μὲν

2135 2830 2234 2898 τῆς
2272 2829 2552 2897 τραπέζης
2597 2829 2702 2896 τὴν
2743 2829 3088 2898 εὐφροσύνην
3121 2824 3414 2894 δηλοῦσθαί
3460 2837 3607 2883 τινες
3636 2815 3720 2871 εἷ-

2141 2936 2241 2970 πον
2279 2918 2368 2971 διὰ
2397 2919 2454 2970 δὲ
2499 2918 2597 2987 τῆς
2625 2917 2872 2984 παγίδος,
2904 2919 2997 2969 καὶ
3033 2917 3133 2984 τῆς
3180 2912 3592 2971 ἀνταποδόσεως
3624 2907 3726 2961 καὶ

2139 3009 2232 3063 τοῦ
2265 3010 2589 3070 σκανδάλου,
2646 3010 2770 3096 τήνὶ
2797 3009 2975 3077 λύπην
3008 3025 3020 3038 ·
3070 3010 3154 3060 ὅτι
3179 3005 3641 3076 Μεταστραφήτω
3675 3003 3721 3096 ἰή

2142 3103 2286 3173 χαρὰ
2326 3104 2532 3157 τούτων
2562 3105 2643 3167 εἰς
2675 3095 2878 3174 θλίψιν.
2911 3104 2978 3156 Οἵ
2995 3121 3054 3155 τε
3091 3102 3204 3169 γὰρ
3242 3102 3300 3153 ὲν
3344 3096 3595 3168 τραπέζῃ
3634 3095 3729 3146 εὑ-

474 3186 603 3241 Lazli
635 3197 813 3242 autem
851 3204 972 3244 esse
1000 3190 1202 3254 solent,
1236 3190 1329 3259 qui
1361 3200 1492 3246 sunt
1526 3191 1580 3246 in
1616 3208 1829 3262 mensa,
1852 3203 2039 3251 contra

2150 3172 2493 3265 φραίνονται,
2529 3197 2625 3250 καὶ
2649 3199 2698 3249 ol
2737 3172 2796 3250 ὲν
2837 3196 3024 3264 παγὶδι
3057 3195 3149 3247 καὶ
3178 3196 3235 3246 ὲν
3257 3190 3508 3244 ἀποτίσει
3541 3188 3726 3256 δίκης,

475 3279 658 3336 maesti
689 3285 744 3335 et
778 3281 962 3335 tristes
993 3279 1085 3350 qui
1115 3280 1168 3335 in
1210 3280 1404 3351 laqueo
1422 3291 1514 3336 aut
1542 3285 1904 3342 retributione
1933 3303 2049 3358 pa:-

478 3387 672 3427 narum
702 3381 850 3438 sunt,
882 3382 977 3426 aut
1007 3371 1060 3426 in
1094 3372 1374 3428 seandalo.
1420 3375 1723 3433 Possumus
1770 3389 1826 3433 et
1883 3379 2052 3437 altius

484 3465 955 3532 contemplando,
1024 3481 1123 3536 per
1194 3482 1439 3522 mensam
1492 3483 1681 3525 sacras
1740 3471 2050 3542 intelligere

480 3556 801 3624 Scripturas
835 3556 1101 3612 divinitus
1140 3558 1460 3628 inspiratas,
1511 3574 1632 3628 quze
1659 3561 1892 3632 singulis
1936 3562 2051 3618 die-

479 3648 583 3702 bus
603 3645 805 3704 Judaeis
834 3650 962 3704 olim
995 3650 1048 3704 in
1082 3651 1372 3722 synagogis
1404 3653 1810 3721 praebebantur.
1844 3653 2048 3709 Harum

479 3737 623 3792 enim
657 3739 895 3809 cognitio
923 3741 1341 3810 intelligentium
1378 3743 1556 3797 nutrit
1597 3743 1787 3799 corda.
1847 3745 2049 3801 Verum

479 3830 650 3886 Judaei
687 3846 746 3886 se
785 3832 892 3886 illis
927 3833 1129 3887 nutriri
1193 3833 1606 3904 existimantes,
1654 3847 1709 3892 et
1754 3838 2054 3908 gloriantes

481 3937 544 3976 ac
568 3922 844 3992 iactantes
882 3937 940 3978 se
968 3939 1067 3994 per
1099 3939 1192 3980 eas
1237 3925 1591 3982 convicturus
1621 3945 1743 3986 esse
1776 3932 2052 3986 Christia-

480 4030 607 4076 nos,
636 4015 704 4069 ab
735 4015 814 4070 eis
841 4017 1022 4084 ponus
1054 4017 1220 4071 veluti
1260 4033 1288 4071 a
1321 4021 1645 4089 quihusdam
1680 4023 1888 4090 laqueis
1916 4024 2054 4078 irre-

483 4105 566 4159 titi
639 4117 805 4173 atque
852 4107 1084 4162 involuti
1134 4117 1284 4173 sunt,
1335 4125 1460 4164 cum
1496 4112 1640 4164 clare
1679 4118 1844 4178 atque
1871 4120 2056 4191 aperte

484 4197 784 4266 Scriptura:
813 4212 1004 4253 omnes
1036 4199 1103 4254 de
1135 4198 1354 4254 Christo
1391 4201 1698 4268 loquantur.
1737 4205 1911 4271 Atque
1942 4203 2057 4257 haec

483 4287 776 4355 expositio,
810 4295 1077 4355 quantum
1125 4286 1192 4340 ad
1241 4287 1521 4357 laqueum,
1591 4294 1738 4343 recte
1788 4289 2056 4347 hactenus

483 4378 762 4445 procedit;
803 4385 1068 4446 quantum
1122 4385 1302 4431 autem
1357 4377 1424 4432 ad
1475 4377 1916 4446 retributionem,
1969 4381 2057 4437 dic

2151 3283 2246 3336 καὶ
2274 3283 2334 3337 ὲν
2363 3284 2670 3355 σκανδὰλῳ,
2711 3284 3028 3339 λυποῦνται.
3056 3284 3216 3338 Ἔστι
3243 3283 3299 3336 δὲ
3327 3282 3421 3335 καὶ
3451 3281 3730 3349 Θεωρητι-

2149 3375 2372 3444 κότερον
2396 3377 2568 3429 εἰπεῖν
2612 3376 2892 3447 τράπεζαν
2914 3377 3013 3440 τὰς
3058 3375 3453 3435 θεοπνεύστους
3474 3372 3728 3442 Γραφὰς,

2150 3466 2207 3519 αἶ
2233 3469 2560 3536 παρέκειντο
2595 3470 2708 3533 τοῖς
2746 3469 3020 3530 Ἰουδαίοις
3044 3466 3178 3520 καθ’
3214 3467 3451 3536 ἡμέραν.
3487 3463 3584 3516 καὶ
3647 3454 3732 3514 ὧν

2152 3558 2187 3626 ή
2221 3556 2422 3626 γνῶσις
2444 3558 2640 3629 ἔτρεφε
2669 3559 2766 3622 τὰς
2794 3558 2902 3612 τῶν
2933 3557 3201 3610 νοούντων
3239 3555 3489 3625 καρδίας.
3564 3551 3738 3603 Ἀ),λὰ

2151 3650 2436 3715 δοκοῦντες
2460 3654 2688 3716 ταύταις
2711 3653 3069 3723 ἐντραφῆναι,
3106 3653 3200 3704 καὶ
3248 3651 3341 3702 ἀπ’
3373 3647 3556 3700 αὐτῶν
3585 3645 3742 3697 ἑλεῖν-

2155 3745 2283 3806 coit;
2307 3745 2668 3812 Χριστιανοὺς
2701 3745 3142 3814 σοϐαρευὸμενοι,
3192 3741 3251 3805 ἐξ
3305 3739 3484 3794 αὐτῶν
3524 3738 3730 3805 μᾶλλον

2155 3833 2562 3902 παγιδεύονται,
2613 3834 2893 3904 προδήλως
2921 3830 3402 3901 διαλαμϐανουσῶν
3447 3832 3574 3896 περὶ
3631 3827 3726 3880 τοῦ

2161 3922 2425 3995 Χριστοῦ.
2467 3923 2606 3978 Ἀλλ’
2632 3923 2773 3977 οὕτω
2806 3923 2902 3993 μὲν
2930 3924 3010 3985 τὸ,
3038 3924 3125 3987 εις
3152 3918 3374 3988 πατίδα,
3393 3937 3405 3949 ·
3435 3918 3494 3969 τὸ
3519 3918 3597 3978 δὲ,
3642 3919 3730 3980 εις

2156 4015 2607 4080 ἀνταπόδοσιν,
2672 4016 2754 4068 ὃτι
2803 4015 2870 4068 δι’
2933 4014 3104 4078 αὐτὰς
3160 4014 3369 4066 τίνουσι
3419 4011 3610 4074 δὲκας,
3653 4008 3729 4078 μὴ

2157 4111 2428 4173 συνιέντες
2454 4109 2623 4171 αὐτάς
2665 4122 2680 4138 ·
2712 4108 2771 4160 τὸ
2800 4107 2879 4172 δὲ,
2931 4109 3018 4173 εις
3070 4104 3440 4166 σκάνδαλον,
3493 4103 3597 4166 ὃτι,
3639 4102 3730 4152 ὲν-

2158 4203 2526 4273 τυγχάνοντες
2576 4201 2755 4270 ψιλοῖς
2811 4191 2925 4262 τοῖς
2976 4201 3103 4268 περὶ
3145 4196 3382 4268 Χριστοῦ
3415 4195 3730 4264 γράμμασι,

2159 4289 2598 4354 σκανδαλίζονται
2626 4305 2642 4322 ο
2689 4282 2802 4341 οἷον
2835 4287 2963 4357 περὶ
3014 4287 3112 4356 τῆς
3171 4285 3466 4354 ἐπιδημίας
3527 4281 3728 4335 αὑτοῦ·

2157 4381 2238 4434 ὅτι
2300 4377 2876 4448 Συμϐοσκηθήσεται
2907 4376 3097 4441 λύκος
3144 4372 3296 4442 μετὰ
3352 4373 3577 4441 ἀρνός·
3631 4372 3728 4423 καὶ

485 4469 627 4537 quod
656 4468 826 4523 Judmi
884 4467 1306 4522 retributionem
1360 4477 1705 4538 receperunt,
1763 4471 1889 4524 dum
1936 4488 2039 4543 pm-

2158 4469 2455 4540 πάρδαλις
2483 4471 3018 4524 συναναπαύσεται
3053 4467 3260 4534 ἐρίφῳ.
3288 4464 3398 4517 Kal
3446 4462 3602 4551 λέων
3633 4460 3744 4516 καὶ

484 4575 585 4616 nas
616 4562 794 4624 luunt,
841 4561 969 4630 quia
1019 4560 1334 4630 huiusmodi
1382 4559 1699 4632 Scripturas
1747 4564 2039 4636 intelligere

2150 4561 2309 4628 ,ϐοῦς
2336 4559 2627 4631 φάγονται
2651 4559 2871 4628 ἄχυρα,
2896 4565 2992 4611 καὶ
3024 4556 3078 4610 εἰ
3122 4572 3174 4607 τι
3203 4553 3464 4607 τοιοῦτον.
3511 4549 3592 4604 Τὰ
3631 4553 3747 4620 μὲνς

487 4653 784 4706 noluerunt
810 4669 823 4706 :
854 4651 1112 4722 quodque
1136 4652 1188 4705 in
1218 4653 1538 4708 scandalum
1568 4653 1725 4709 factas
1744 4666 1892 4722 sunt,
1921 4657 2039 4711 dum

2151 4653 2262 4723 γὰρ
2291 4650 2650 4719 ἀναγωγικῶς
2672 4649 2942 4718 νοούμενα
2988 4647 3281 4714 γεγόνασιν
3307 4659 3324 4677 ·
3358 4645 3408 4698 οἱ
3439 4642 3497 4696 δὲ
3536 4641 3733 4709 alcon-

486 4742 554 4796 ah
583 4739 688 4794 illis
707 4743 1027 4796 scandalum
1053 4740 1260 4798 Iudaeis
1294 4752 1609 4813 generatur,
1637 4759 1704 4800 eo
1730 4747 1872 4816 quod
1898 4747 2039 4816 iuxt:

2149 4743 2259 4806 τῶς
2329 4741 2504 4796 ταῦτα
2556 4740 2847 4810 ζητοῦντες
2909 4737 3340 4809 προσκρούωσιν
3395 4737 3599 4797 αὐτοῖς,
3657 4734 3734 4795 ὡς

488 4832 692 4885 nudum
743 4848 808 4887 ac
856 4834 1148 4889 litteralem
1200 4850 1421 4890 sensum
1475 4837 1656 4890 omnia
1715 4837 2052 4908 intelligunt,

487 4940 608 4992 qua:
644 4925 696 4977 in
732 4925 814 4980 eis
844 4925 912 4980 de
953 4925 1177 4981 Christo
1222 4926 1367 4980 dicta
1417 4935 1582 4993 sunt;
1616 4929 1796 4996 qualia
1825 4944 1887 4984 ea
1923 4939 2053 4985 sunt

488 5029 611 5084 qua:
639 5011 706 5070 de
758 5014 962 5071 Christi
1016 5016 1252 5070 adventu
1306 5019 1447 5084 apud
1507 5017 1671 5070 alium
1727 5019 2048 5087 prophetam

489 5107 634 5161 dicta
667 5107 962 5172 habentur,
994 5108 1138 5178 quod
1172 5107 1350 5160 Simul
1375 5117 1554 5175 pascet
1588 5118 1713 5162 tunc
1745 5109 1901 5177 lupus
1937 5127 2056 5163 cum

488 5213 597 5260 ove,
626 5209 673 5251 et
705 5197 904 5267 pardus
938 5199 1220 5266 requiescet
1251 5214 1368 5250 cum
1397 5198 1565 5263 haedo,
1598 5199 1736 5268 quod
1764 5199 1844 5253 leo
1893 5209 1941 5252 et
1971 5199 2059 5253 bos

489 5305 598 5342 uua
641 5287 911 5344 comedent
954 5289 1134 5356 paleas
1170 5290 1241 5353 ⁸³,
1290 5298 1344 5343 et
1395 5288 1498 5341 alia
1530 5289 1880 5358 huiusmodi:
1945 5306 2065 5360 qua!

492 5393 673 5440 tamen
703 5386 859 5454 juxta
891 5383 1267 5440 sublimiorem
1303 5397 1522 5436 sensum
1573 5385 1626 5438 in
1701 5385 1920 5440 Christo
1971 5383 2364 5454 perfectissime
2421 5394 2550 5441 sunt
2599 5385 2916 5455 adimpleta,

2155 4836 2323 4904 μήπω
2350 4832 2444 4885 καὶ
2472 4825 2717 4904 τήμερον
2749 4831 3025 4899 γεγονόσι.
3054 4831 3130 4882 Τὸ
3172 4829 3251 4887 δὲ.
3278 4827 3602 4897 γενηθήτω,
3640 4823 3734 4876 καὶ

2157 4928 2237 4990 τὸ,
2295 4924 2823 4993 σκοτισθήτωσαν,
2879 4925 2974 4976 καὶ
3027 4921 3098 4975 τὰ
3147 4921 3274 4990 ἑξῆς
3329 4917 3734 4989 προστακτικὰ,

2163 5018 2452 5088 μέλλοντος
2481 5015 2664 5085 ἔχουσι
2695 5015 2996 5085 σημασίαν,
3027 5011 3146 5067 ἀντὶ
3166 5010 3288 5078 τοῦ,
3315 5009 3736 5080 γενηθήσονται.

2163 5108 2534 5180 Προαγορεύει
2566 5108 2674 5177 γὰρ
2706 5108 2774 5160 τὰ
2833 5105 3100 5175 μέλλοντα
3151 5102 3482 5157 καταλαϐεῖν
3538 5100 3738 5161 αὐτοὺς

2165 5201 2367 5271 ἀνιαρά
2395 5217 2409 5233 ο
2446 5201 2595 5263 εἰκὸς
2627 5199 2683 5252 δὲ
2708 5198 2803 5250 καὶ
2835 5197 2950 5267 (ὕὲ)
2979 5195 3055 5258 ὡς
3081 5193 3216 5247 Θεὸν
3255 5192 3624 5263 προστάσσειν
3663 5191 3737 5242 τὰ

2173 5291 2456 5361 μέλλοντα.
2720 5319 2727 5327 ο

2992 5383 3206 5439 tametsi
3254 5379 3356 5450 ipsi
3426 5377 3520 5448 qui
3581 5376 3741 5447 iuxta

567 5503 794 5595 vim.
855 5555 968 5605 XIX,
1001 5539 1090 5603 es.
1125 5540 1214 5596 29.
1309 5543 1354 5576 εο
1393 5541 1586 5596 Matth.
1634 5555 1806 5604 xxv",
1839 5540 1926 5595 ts.
2006 5541 2050 5574 ιι
2094 5541 2260 5598 Marc.
2316 5559 2406 5606 xv,
2441 5544 2530 5600 se.
2607 5543 2652 5576 υ
2683 5541 2788 5600 lsa.
2831 5556 2954 5604 ων,
2996 5541 3089 5595 25.

1849 5657 2045 5719 Variae
2092 5657 2425 5722 lectiones.

575 5757 689 5815 (δὲ)
711 5757 952 5813 Suhaudi
978 5759 1231 5812 Χοιστόν.
