  <div class='ocr_page' id='page_1' title='image "/cluster/home/n/w/nwhite01/storage/ocr_20150623/128/hvd.32044073502403/356.png"; bbox 0 0 4020 6218; ppageno 0'>
   <div class='ocr_carea' id='block_1_1' title="bbox 357 406 1916 482">
    <p class='ocr_par' dir='ltr' id='par_1_1' title="bbox 357 406 1916 474">
     <span class='ocr_line' id='line_1_1' title="bbox 357 406 1916 474; baseline 0.004 -6"><span class='ocrx_word' id='word_1_1' title='bbox 357 406 464 470; x_wconf 75' lang='grc' dir='ltr'><strong>τοι</strong></span> <span class='ocrx_word' id='word_1_2' title='bbox 1535 411 1916 474; x_wconf 81' lang='lat' dir='ltr'><strong>COMMENT.</strong></span> 
     </span>
    </p>
   </div>
   <div class='ocr_carea' id='block_1_2' title="bbox 2029 406 3633 482">
    <p class='ocr_par' dir='ltr' id='par_1_2' title="bbox 2029 413 3633 482">
     <span class='ocr_line' id='line_1_2' title="bbox 2029 413 3633 482; baseline 0.005 -8"><span class='ocrx_word' id='word_1_3' title='bbox 2029 415 2059 474; x_wconf 65' lang='grc' dir='ltr'>Ἱ</span> <span class='ocrx_word' id='word_1_4' title='bbox 2096 414 2228 474; x_wconf 80' lang='lat' dir='ltr'><strong>PSA</strong></span> <span class='ocrx_word' id='word_1_5' title='bbox 2237 413 2458 476; x_wconf 82' lang='lat' dir='ltr'><strong>LMOS.</strong></span> <span class='ocrx_word' id='word_1_6' title='bbox 3524 417 3633 482; x_wconf 75' lang='grc'><strong>702</strong></span> 
     </span>
    </p>
   </div>
   <div class='ocr_carea' id='block_1_3' title="bbox 358 521 3628 602">
    <p class='ocr_par' dir='ltr' id='par_1_3' title="bbox 358 521 3628 602">
     <span class='ocr_line' id='line_1_3' title="bbox 358 521 3628 602; baseline 0.003 -22"><span class='ocrx_word' id='word_1_7' title='bbox 358 521 612 594; x_wconf 88' lang='lat' dir='ltr'><strong>corporis</strong></span> <span class='ocrx_word' id='word_1_8' title='bbox 643 536 868 576; x_wconf 81' lang='lat' dir='ltr'><strong>sensum</strong></span> <span class='ocrx_word' id='word_1_9' title='bbox 901 521 1086 578; x_wconf 83' lang='lat' dir='ltr'><strong>omnia</strong></span> <span class='ocrx_word' id='word_1_10' title='bbox 1119 522 1455 596; x_wconf 74' lang='lat' dir='ltr'><strong>intelligunt,</strong></span> <span class='ocrx_word' id='word_1_11' title='bbox 1495 526 1851 581; x_wconf 78' lang='lat' dir='ltr'><strong>oﬂ‘endantur</strong></span> <span class='ocrx_word' id='word_1_12' title='bbox 1910 525 2012 580; x_wconf 88' lang='lat' dir='ltr'><strong>hac</strong></span> <span class='ocrx_word' id='word_1_13' title='bbox 2053 526 2337 596; x_wconf 89' lang='lat' dir='ltr'><strong>prophetia</strong></span> <span class='ocrx_word' id='word_1_14' title='bbox 2373 527 2457 597; x_wconf 89' lang='lat' dir='ltr'><strong>(et</strong></span> <span class='ocrx_word' id='word_1_15' title='bbox 2502 528 2850 598; x_wconf 88' lang='lat' dir='ltr'><strong>perquirant,</strong></span> <span class='ocrx_word' id='word_1_16' title='bbox 2891 531 3169 598; x_wconf 80' lang='lat' dir='ltr'><strong>quomodo</strong></span> <span class='ocrx_word' id='word_1_17' title='bbox 3215 533 3326 602; x_wconf 82' lang='lat' dir='ltr'><strong>jam</strong></span> <span class='ocrx_word' id='word_1_18' title='bbox 3386 534 3502 590; x_wconf 68' lang='lat' dir='ltr'><strong>haec</strong></span> <span class='ocrx_word' id='word_1_19' title='bbox 3572 535 3628 590; x_wconf 92' lang='lat' dir='ltr'><strong>in</strong></span> 
     </span>
    </p>
   </div>
   <div class='ocr_carea' id='block_1_4' title="bbox 354 617 3632 709">
    <p class='ocr_par' dir='ltr' id='par_1_4' title="bbox 354 617 3632 709">
     <span class='ocr_line' id='line_1_4' title="bbox 354 617 3632 709; baseline 0.004 -39"><span class='ocrx_word' id='word_1_20' title='bbox 354 619 575 682; x_wconf 83' lang='lat' dir='ltr'><strong>Christo</strong></span> <span class='ocrx_word' id='word_1_21' title='bbox 603 617 898 684; x_wconf 87' lang='lat' dir='ltr'><strong>adimpleta</strong></span> <span class='ocrx_word' id='word_1_22' title='bbox 931 617 1077 688; x_wconf 84' lang='lat' dir='ltr'><strong>sint)</strong></span> <span class='ocrx_word' id='word_1_23' title='bbox 1112 629 1166 672; x_wconf 91' lang='lat' dir='ltr'><strong>et</strong></span> <span class='ocrx_word' id='word_1_24' title='bbox 1214 620 1657 674; x_wconf 76' lang='lat' dir='ltr'><strong>scandalizentur</strong></span> <span class='ocrx_word' id='word_1_25' title='bbox 1689 621 1981 674; x_wconf 91' lang='lat' dir='ltr'><strong>credentes</strong></span> <span class='ocrx_word' id='word_1_26' title='bbox 2009 621 2122 674; x_wconf 75' lang='lat' dir='ltr'><strong>haec</strong></span> <span class='ocrx_word' id='word_1_27' title='bbox 2165 621 2406 674; x_wconf 92' lang='lat' dir='ltr'><strong>nondum</strong></span> <span class='ocrx_word' id='word_1_28' title='bbox 2468 621 2640 678; x_wconf 79' lang='lat' dir='ltr'><strong>fuisse</strong></span> <span class='ocrx_word' id='word_1_29' title='bbox 2700 623 3014 694; x_wconf 88' lang='lat' dir='ltr'><strong>adimpleta.</strong></span> <span class='ocrx_word' id='word_1_30' title='bbox 3082 626 3176 680; x_wconf 74' lang='lat' dir='ltr'><strong>Illa</strong></span> <span class='ocrx_word' id='word_1_31' title='bbox 3203 636 3384 682; x_wconf 76' lang='lat' dir='ltr'><strong>autem</strong></span> <span class='ocrx_word' id='word_1_32' title='bbox 3441 629 3632 709; x_wconf 61' lang='lat' dir='ltr'><strong>verba,</strong></span> 
     </span>
    </p>
   </div>
   <div class='ocr_carea' id='block_1_5' title="bbox 353 707 3625 783">
    <p class='ocr_par' dir='ltr' id='par_1_5' title="bbox 353 707 3625 783">
     <span class='ocr_line' id='line_1_5' title="bbox 353 707 3625 783; baseline 0.004 -23"><span class='ocrx_word' id='word_1_33' title='bbox 353 709 475 777; x_wconf 79' lang='lat' dir='ltr'><strong>ﬁat,</strong></span> <span class='ocrx_word' id='word_1_34' title='bbox 525 707 946 772; x_wconf 84' lang='lat' dir='ltr'><strong>obtenebrentnr,</strong></span> <span class='ocrx_word' id='word_1_35' title='bbox 1005 717 1060 763; x_wconf 90' lang='lat' dir='ltr'><strong>et</strong></span> <span class='ocrx_word' id='word_1_36' title='bbox 1098 709 1228 774; x_wconf 86' lang='lat' dir='ltr'><strong>alia,</strong></span> <span class='ocrx_word' id='word_1_37' title='bbox 1279 725 1402 780; x_wconf 67' lang='lat' dir='ltr'><strong>qum</strong></span> <span class='ocrx_word' id='word_1_38' title='bbox 1457 720 1784 781; x_wconf 83' lang='lat' dir='ltr'><strong>sequuntur,</strong></span> <span class='ocrx_word' id='word_1_39' title='bbox 1838 711 2052 766; x_wconf 81' lang='lat' dir='ltr'><strong>tametsi</strong></span> <span class='ocrx_word' id='word_1_40' title='bbox 2106 727 2292 766; x_wconf 89' lang='lat' dir='ltr'><strong>vocem</strong></span> <span class='ocrx_word' id='word_1_41' title='bbox 2355 712 2594 767; x_wconf 89' lang='lat' dir='ltr'><strong>habeant</strong></span> <span class='ocrx_word' id='word_1_42' title='bbox 2649 714 2960 783; x_wconf 85' lang='lat' dir='ltr'><strong>imperativi</strong></span> <span class='ocrx_word' id='word_1_43' title='bbox 3032 718 3201 780; x_wconf 88' lang='lat' dir='ltr'><strong>modi,</strong></span> <span class='ocrx_word' id='word_1_44' title='bbox 3274 719 3376 773; x_wconf 86' lang='lat' dir='ltr'><strong>hoc</strong></span> <span class='ocrx_word' id='word_1_45' title='bbox 3440 707 3625 775; x_wconf 82' lang='lat' dir='ltr'><strong>tamen</strong></span> 
     </span>
    </p>
   </div>
   <div class='ocr_carea' id='block_1_6' title="bbox 352 800 3626 876">
    <p class='ocr_par' dir='ltr' id='par_1_6' title="bbox 352 800 3626 876">
     <span class='ocr_line' id='line_1_6' title="bbox 352 800 3626 876; baseline 0.002 -19"><span class='ocrx_word' id='word_1_46' title='bbox 352 807 477 857; x_wconf 80' lang='lat' dir='ltr'><strong>loco</strong></span> <span class='ocrx_word' id='word_1_47' title='bbox 543 803 709 858; x_wconf 81' lang='lat' dir='ltr'><strong>futuri</strong></span> <span class='ocrx_word' id='word_1_48' title='bbox 775 803 1234 874; x_wconf 75' lang='lat' dir='ltr'><strong>signiﬁcationem</strong></span> <span class='ocrx_word' id='word_1_49' title='bbox 1303 807 1557 872; x_wconf 88' lang='lat' dir='ltr'><strong>retinent,</strong></span> <span class='ocrx_word' id='word_1_50' title='bbox 1611 823 1732 876; x_wconf 93' lang='lat' dir='ltr'><strong>pro,</strong></span> <span class='ocrx_word' id='word_1_51' title='bbox 1806 807 1915 872; x_wconf 81' lang='lat' dir='ltr'><strong>ﬁet,</strong></span> <span class='ocrx_word' id='word_1_52' title='bbox 1949 807 2439 872; x_wconf 85' lang='lat' dir='ltr'><strong>obscurabuntur,</strong></span> <span class='ocrx_word' id='word_1_53' title='bbox 2483 816 2539 864; x_wconf 88' lang='lat' dir='ltr'><strong>et</strong></span> <span class='ocrx_word' id='word_1_54' title='bbox 2591 816 2809 864; x_wconf 72' lang='lat' dir='ltr'><strong>etetera.</strong></span> <span class='ocrx_word' id='word_1_55' title='bbox 2870 808 3180 865; x_wconf 63' lang='lat' dir='ltr'><strong>Prmdicunt</strong></span> <span class='ocrx_word' id='word_1_56' title='bbox 3239 800 3411 866; x_wconf 51' lang='lat' dir='ltr'><strong>enim‘</strong></span> <span class='ocrx_word' id='word_1_57' title='bbox 3445 814 3626 867; x_wconf 76' lang='lat' dir='ltr'><strong>futura</strong></span> 
     </span>
    </p>
   </div>
   <div class='ocr_carea' id='block_1_7' title="bbox 349 898 3626 977">
    <p class='ocr_par' dir='ltr' id='par_1_7' title="bbox 349 898 3626 977">
     <span class='ocr_line' id='line_1_7' title="bbox 349 898 3626 977; baseline 0.004 -26"><span class='ocrx_word' id='word_1_58' title='bbox 349 899 514 962; x_wconf 90' lang='lat' dir='ltr'><strong>mala,</strong></span> <span class='ocrx_word' id='word_1_59' title='bbox 566 914 688 967; x_wconf 70' lang='lat' dir='ltr'><strong>qua:</strong></span> <span class='ocrx_word' id='word_1_60' title='bbox 735 898 856 952; x_wconf 86' lang='lat' dir='ltr'><strong>illos</strong></span> <span class='ocrx_word' id='word_1_61' title='bbox 889 900 1352 968; x_wconf 89' lang='lat' dir='ltr'><strong>comprehensura</strong></span> <span class='ocrx_word' id='word_1_62' title='bbox 1403 910 1580 956; x_wconf 88' lang='lat' dir='ltr'><strong>erant.</strong></span> <span class='ocrx_word' id='word_1_63' title='bbox 1620 903 1928 957; x_wconf 84' lang='lat' dir='ltr'><strong>Verisimile</strong></span> <span class='ocrx_word' id='word_1_64' title='bbox 1981 910 2065 957; x_wconf 84' lang='lat' dir='ltr'><strong>est</strong></span> <span class='ocrx_word' id='word_1_65' title='bbox 2115 903 2280 958; x_wconf 88' lang='lat' dir='ltr'><strong>etiam</strong></span> <span class='ocrx_word' id='word_1_66' title='bbox 2345 904 2626 960; x_wconf 87' lang='lat' dir='ltr'><strong>Christum</strong></span> <span class='ocrx_word' id='word_1_67' title='bbox 2684 906 2762 960; x_wconf 90' lang='lat' dir='ltr'><strong>uti</strong></span> <span class='ocrx_word' id='word_1_68' title='bbox 2854 904 3022 961; x_wconf 90' lang='lat' dir='ltr'><strong>Deum</strong></span> <span class='ocrx_word' id='word_1_69' title='bbox 3075 907 3259 961; x_wconf 88' lang='lat' dir='ltr'><strong>omnia</strong></span> <span class='ocrx_word' id='word_1_70' title='bbox 3355 909 3626 977; x_wconf 83' lang='lat' dir='ltr'><strong>imperare</strong></span> 
     </span>
    </p>
   </div>
   <div class='ocr_carea' id='block_1_8' title="bbox 348 990 880 1061">
    <p class='ocr_par' dir='ltr' id='par_1_8' title="bbox 348 990 880 1061">
     <span class='ocr_line' id='line_1_8' title="bbox 348 990 880 1061; baseline 0.002 -18"><span class='ocrx_word' id='word_1_71' title='bbox 348 1007 472 1061; x_wconf 75' lang='lat' dir='ltr'><strong>qua:</strong></span> <span class='ocrx_word' id='word_1_72' title='bbox 509 990 692 1045; x_wconf 81' lang='lat' dir='ltr'><strong>futura</strong></span> <span class='ocrx_word' id='word_1_73' title='bbox 728 1000 880 1045; x_wconf 88' lang='lat' dir='ltr'><strong>sunt.</strong></span> 
     </span>
    </p>
   </div>
   <div class='ocr_carea' id='block_1_9' title="bbox 418 1083 1916 1155">
    <p class='ocr_par' dir='ltr' id='par_1_9' title="bbox 418 1085 1916 1154">
     <span class='ocr_line' id='line_1_9' title="bbox 418 1085 1916 1154; baseline 0.003 -15"><span class='ocrx_word' id='word_1_74' title='bbox 418 1085 924 1149; x_wconf 77' lang='grc' dir='ltr'>Σκοτισθήτωσαν</span> <span class='ocrx_word' id='word_1_75' title='bbox 971 1086 1027 1138; x_wconf 80' lang='grc' dir='ltr'>οἱ</span> <span class='ocrx_word' id='word_1_76' title='bbox 1062 1085 1359 1154; x_wconf 73' lang='grc' dir='ltr'><strong>ὀφθαλμοὶ</strong></span> <span class='ocrx_word' id='word_1_77' title='bbox 1419 1087 1619 1141; x_wconf 81' lang='grc' dir='ltr'>αὐτῶν</span> <span class='ocrx_word' id='word_1_78' title='bbox 1681 1087 1789 1142; x_wconf 87' lang='grc' dir='ltr'>τοῦ</span> <span class='ocrx_word' id='word_1_79' title='bbox 1850 1087 1916 1154; x_wconf 68' lang='grc' dir='ltr'>μὶ</span> 
     </span>
    </p>
   </div>
   <div class='ocr_carea' id='block_1_10' title="bbox 2029 1083 3619 1155">
    <p class='ocr_par' dir='ltr' id='par_1_10' title="bbox 2109 1083 3619 1145">
     <span class='ocr_line' id='line_1_10' title="bbox 2109 1083 3619 1145; baseline -0.002 -6"><span class='ocrx_word' id='word_1_80' title='bbox 2109 1084 2270 1139; x_wconf 71' lang='lat' dir='ltr'><strong>Vens.</strong></span> <span class='ocrx_word' id='word_1_81' title='bbox 2308 1083 2398 1138; x_wconf 72' lang='grc'><strong>24.</strong></span> <span class='ocrx_word' id='word_1_82' title='bbox 2445 1083 2868 1139; x_wconf 82' lang='lat' dir='ltr'><strong>Obtenebrentur</strong></span> <span class='ocrx_word' id='word_1_83' title='bbox 2893 1085 3038 1139; x_wconf 83' lang='lat' dir='ltr'><strong>oculi</strong></span> <span class='ocrx_word' id='word_1_84' title='bbox 3061 1099 3270 1145; x_wconf 86' lang='lat' dir='ltr'><strong>eorum,</strong></span> <span class='ocrx_word' id='word_1_85' title='bbox 3306 1100 3368 1138; x_wconf 89' lang='lat' dir='ltr'><strong>ne</strong></span> <span class='ocrx_word' id='word_1_86' title='bbox 3389 1083 3619 1138; x_wconf 84' lang='lat' dir='ltr'><strong>videant.</strong></span> 
     </span>
    </p>
   </div>
   <div class='ocr_carea' id='block_1_11' title="bbox 339 1177 1931 1249">
    <p class='ocr_par' dir='ltr' id='par_1_11' title="bbox 339 1177 1931 1249">
     <span class='ocr_line' id='line_1_11' title="bbox 339 1177 1931 1249; baseline 0.001 -18"><span class='ocrx_word' id='word_1_87' title='bbox 339 1179 619 1242; x_wconf 70' lang='grc' dir='ltr'>βλέπειν.</span> <span class='ocrx_word' id='word_1_88' title='bbox 654 1179 717 1230; x_wconf 82' lang='grc' dir='ltr'><strong>Οἱ</strong></span> <span class='ocrx_word' id='word_1_89' title='bbox 746 1179 842 1246; x_wconf 79' lang='grc' dir='ltr'><strong>τῆς</strong></span> <span class='ocrx_word' id='word_1_90' title='bbox 873 1177 1053 1246; x_wconf 79' lang='grc' dir='ltr'>ψυχῆς</span> <span class='ocrx_word' id='word_1_91' title='bbox 1079 1194 1097 1211; x_wconf 79' lang='grc' dir='ltr'><strong>ο</strong></span> <span class='ocrx_word' id='word_1_92' title='bbox 1125 1179 1314 1245; x_wconf 78' lang='grc' dir='ltr'>ἐπειδὴ</span> <span class='ocrx_word' id='word_1_93' title='bbox 1349 1179 1449 1232; x_wconf 76' lang='grc' dir='ltr'>οὐκ</span> <span class='ocrx_word' id='word_1_94' title='bbox 1475 1179 1748 1249; x_wconf 77' lang='grc' dir='ltr'><strong>ἠθέλησαν</strong></span> <span class='ocrx_word' id='word_1_95' title='bbox 1803 1180 1931 1233; x_wconf 82' lang='grc' dir='ltr'>ἰδεῖν</span> 
     </span>
    </p>
   </div>
   <div class='ocr_carea' id='block_1_12' title="bbox 343 1268 1930 1343">
    <p class='ocr_par' dir='ltr' id='par_1_12' title="bbox 343 1268 1930 1343">
     <span class='ocr_line' id='line_1_12' title="bbox 343 1268 1930 1343; baseline 0.004 -23"><span class='ocrx_word' id='word_1_96' title='bbox 343 1271 407 1320; x_wconf 77' lang='grc' dir='ltr'>τὸ</span> <span class='ocrx_word' id='word_1_97' title='bbox 451 1271 590 1336; x_wconf 76' lang='grc' dir='ltr'>φῶς,</span> <span class='ocrx_word' id='word_1_98' title='bbox 642 1268 702 1322; x_wconf 84' lang='grc' dir='ltr'><strong>τὸ</strong></span> <span class='ocrx_word' id='word_1_99' title='bbox 731 1269 968 1336; x_wconf 75' lang='grc' dir='ltr'><strong>φωτίζον</strong></span> <span class='ocrx_word' id='word_1_100' title='bbox 1023 1269 1204 1323; x_wconf 85' lang='grc' dir='ltr'>πάντα</span> <span class='ocrx_word' id='word_1_101' title='bbox 1251 1271 1567 1343; x_wconf 78' lang='grc' dir='ltr'>ἄνθρωπον,</span> <span class='ocrx_word' id='word_1_102' title='bbox 1629 1274 1748 1326; x_wconf 81' lang='grc' dir='ltr'>οὐδὲ</span> <span class='ocrx_word' id='word_1_103' title='bbox 1805 1272 1930 1325; x_wconf 82' lang='grc' dir='ltr'>θεά-</span> 
     </span>
    </p>
   </div>
   <div class='ocr_carea' id='block_1_13' title="bbox 346 1361 1929 1434">
    <p class='ocr_par' dir='ltr' id='par_1_13' title="bbox 346 1361 1929 1434">
     <span class='ocr_line' id='line_1_13' title="bbox 346 1361 1929 1434; baseline 0.002 -21"><span class='ocrx_word' id='word_1_104' title='bbox 346 1361 545 1414; x_wconf 80' lang='grc' dir='ltr'>σασθαι</span> <span class='ocrx_word' id='word_1_105' title='bbox 577 1361 668 1414; x_wconf 80' lang='grc' dir='ltr'>τὸν</span> <span class='ocrx_word' id='word_1_106' title='bbox 699 1361 888 1414; x_wconf 85' lang='grc' dir='ltr'>Ἥλιον</span> <span class='ocrx_word' id='word_1_107' title='bbox 909 1362 1009 1432; x_wconf 82' lang='grc' dir='ltr'>τῆς</span> <span class='ocrx_word' id='word_1_108' title='bbox 1047 1361 1400 1433; x_wconf 77' lang='grc' dir='ltr'><strong>δικαιοσύνης</strong></span> <span class='ocrx_word' id='word_1_109' title='bbox 1431 1378 1444 1392; x_wconf 88' lang='grc'><strong>·</strong></span> <span class='ocrx_word' id='word_1_110' title='bbox 1487 1363 1801 1434; x_wconf 75' lang='grc' dir='ltr'>ὀφθαλμοὺς</span> <span class='ocrx_word' id='word_1_111' title='bbox 1821 1363 1929 1433; x_wconf 83' lang='grc' dir='ltr'><strong>γὰρ</strong></span> 
     </span>
    </p>
   </div>
   <div class='ocr_carea' id='block_1_14' title="bbox 344 1449 1925 1528">
    <p class='ocr_par' dir='ltr' id='par_1_14' title="bbox 344 1449 1925 1528">
     <span class='ocr_line' id='line_1_14' title="bbox 344 1449 1925 1528; baseline 0.004 -24"><span class='ocrx_word' id='word_1_112' title='bbox 344 1452 588 1522; x_wconf 68' lang='grc' dir='ltr'>ἔχοντες,</span> <span class='ocrx_word' id='word_1_113' title='bbox 621 1453 723 1506; x_wconf 82' lang='grc' dir='ltr'><strong>οὐκ</strong></span> <span class='ocrx_word' id='word_1_114' title='bbox 751 1453 999 1518; x_wconf 74' lang='grc' dir='ltr'>ἔϐλεπον,</span> <span class='ocrx_word' id='word_1_115' title='bbox 1024 1456 1120 1509; x_wconf 79' lang='grc' dir='ltr'>καὶ</span> <span class='ocrx_word' id='word_1_116' title='bbox 1153 1449 1269 1508; x_wconf 81' lang='grc' dir='ltr'>ὦτα</span> <span class='ocrx_word' id='word_1_117' title='bbox 1305 1455 1540 1525; x_wconf 81' lang='grc' dir='ltr'>ἔχοντες,</span> <span class='ocrx_word' id='word_1_118' title='bbox 1569 1458 1670 1511; x_wconf 72' lang='grc' dir='ltr'>οὐκ</span> <span class='ocrx_word' id='word_1_119' title='bbox 1703 1459 1925 1528; x_wconf 74' lang='grc' dir='ltr'>ἢκουον·</span> 
     </span>
    </p>
   </div>
   <div class='ocr_carea' id='block_1_15' title="bbox 343 1545 1926 1622">
    <p class='ocr_par' dir='ltr' id='par_1_15' title="bbox 343 1545 1926 1622">
     <span class='ocr_line' id='line_1_15' title="bbox 343 1545 1926 1622; baseline 0.007 -25"><span class='ocrx_word' id='word_1_120' title='bbox 343 1545 372 1597; x_wconf 82' lang='grc' dir='ltr'><strong>ὃ</strong></span> <span class='ocrx_word' id='word_1_121' title='bbox 439 1545 532 1598; x_wconf 74' lang='grc' dir='ltr'>καὶ</span> <span class='ocrx_word' id='word_1_122' title='bbox 596 1547 826 1611; x_wconf 80' lang='grc' dir='ltr'>Ἡσαΐας</span> <span class='ocrx_word' id='word_1_123' title='bbox 876 1548 1059 1610; x_wconf 76' lang='grc' dir='ltr'>αὐτοῖς</span> <span class='ocrx_word' id='word_1_124' title='bbox 1125 1549 1404 1616; x_wconf 81' lang='grc' dir='ltr'>ὠνείδισε,</span> <span class='ocrx_word' id='word_1_125' title='bbox 1458 1551 1553 1605; x_wconf 78' lang='grc' dir='ltr'>καὶ</span> <span class='ocrx_word' id='word_1_126' title='bbox 1605 1553 1633 1606; x_wconf 87' lang='grc' dir='ltr'><strong>ὁ</strong></span> <span class='ocrx_word' id='word_1_127' title='bbox 1687 1552 1926 1622; x_wconf 83' lang='grc' dir='ltr'>Χριστὸς</span> 
     </span>
    </p>
   </div>
   <div class='ocr_carea' id='block_1_16' title="bbox 345 1653 598 1707">
    <p class='ocr_par' dir='ltr' id='par_1_16' title="bbox 345 1653 598 1707">
     <span class='ocr_line' id='line_1_16' title="bbox 345 1653 598 1707; baseline 0.012 -19"><span class='ocrx_word' id='word_1_128' title='bbox 345 1655 376 1688; x_wconf 84' lang='grc' dir='ltr'><strong>υ</strong></span> <span class='ocrx_word' id='word_1_129' title='bbox 387 1653 474 1689; x_wconf 69' lang='lat' dir='ltr'><strong>ste</strong></span> <span class='ocrx_word' id='word_1_130' title='bbox 484 1654 598 1707; x_wconf 90' lang='grc' dir='ltr'>ρον.</span> 
     </span>
    </p>
   </div>
   <div class='ocr_carea' id='block_1_17' title="bbox 416 1814 1926 1890">
    <p class='ocr_par' dir='ltr' id='par_1_17' title="bbox 416 1814 1926 1890">
     <span class='ocr_line' id='line_1_17' title="bbox 416 1814 1926 1890; baseline 0.005 -24"><span class='ocrx_word' id='word_1_131' title='bbox 416 1814 524 1867; x_wconf 71' lang='lat' dir='ltr'><strong>Kal</strong></span> <span class='ocrx_word' id='word_1_132' title='bbox 567 1815 673 1868; x_wconf 83' lang='grc' dir='ltr'><strong>τὸν</strong></span> <span class='ocrx_word' id='word_1_133' title='bbox 707 1817 902 1874; x_wconf 78' lang='grc' dir='ltr'>νῶτον</span> <span class='ocrx_word' id='word_1_134' title='bbox 939 1819 1040 1872; x_wconf 82' lang='grc' dir='ltr'>διὰ</span> <span class='ocrx_word' id='word_1_135' title='bbox 1093 1819 1321 1885; x_wconf 77' lang='grc' dir='ltr'>παντὸς</span> <span class='ocrx_word' id='word_1_136' title='bbox 1365 1821 1750 1890; x_wconf 78' lang='grc' dir='ltr'>σύγκαμψον.</span> <span class='ocrx_word' id='word_1_137' title='bbox 1793 1820 1926 1874; x_wconf 81' lang='grc' dir='ltr'>Ἀπὸ</span> 
     </span>
    </p>
   </div>
   <div class='ocr_carea' id='block_1_18' title="bbox 338 1902 1924 1979">
    <p class='ocr_par' dir='ltr' id='par_1_18' title="bbox 338 1902 1924 1979">
     <span class='ocr_line' id='line_1_18' title="bbox 338 1902 1924 1979; baseline 0.005 -23"><span class='ocrx_word' id='word_1_138' title='bbox 338 1902 436 1956; x_wconf 78' lang='grc' dir='ltr'>τοῦ</span> <span class='ocrx_word' id='word_1_139' title='bbox 465 1903 736 1974; x_wconf 64' lang='grc' dir='ltr'>ἑπομένου</span> <span class='ocrx_word' id='word_1_140' title='bbox 757 1905 820 1958; x_wconf 79' lang='grc' dir='ltr'>τὸ</span> <span class='ocrx_word' id='word_1_141' title='bbox 841 1907 1256 1979; x_wconf 78' lang='grc' dir='ltr'>προηγούμενον</span> <span class='ocrx_word' id='word_1_142' title='bbox 1291 1909 1582 1979; x_wconf 73' lang='grc' dir='ltr'>ἐδήλωσεν.</span> <span class='ocrx_word' id='word_1_143' title='bbox 1611 1911 1924 1964; x_wconf 79' lang='grc' dir='ltr'>Αἰνὶσσεται</span> 
     </span>
    </p>
   </div>
   <div class='ocr_carea' id='block_1_19' title="bbox 336 1994 1922 2072">
    <p class='ocr_par' dir='ltr' id='par_1_19' title="bbox 336 1994 1922 2072">
     <span class='ocr_line' id='line_1_19' title="bbox 336 1994 1922 2072; baseline 0.004 -25"><span class='ocrx_word' id='word_1_144' title='bbox 336 1994 397 2047; x_wconf 78' lang='grc' dir='ltr'>δὲ</span> <span class='ocrx_word' id='word_1_145' title='bbox 427 1995 456 2047; x_wconf 83' lang='grc' dir='ltr'><strong>ὁ</strong></span> <span class='ocrx_word' id='word_1_146' title='bbox 479 1997 638 2065; x_wconf 88' lang='grc' dir='ltr'>λόγος</span> <span class='ocrx_word' id='word_1_147' title='bbox 687 1999 789 2068; x_wconf 75' lang='grc' dir='ltr'>τὴν</span> <span class='ocrx_word' id='word_1_148' title='bbox 817 1999 1098 2054; x_wconf 71' lang='grc' dir='ltr'>δουλείανο</span> <span class='ocrx_word' id='word_1_149' title='bbox 1135 2001 1330 2056; x_wconf 74' lang='grc' dir='ltr'>ἕπεται</span> <span class='ocrx_word' id='word_1_150' title='bbox 1377 2001 1486 2072; x_wconf 75' lang='grc' dir='ltr'><strong>γὰρ</strong></span> <span class='ocrx_word' id='word_1_151' title='bbox 1529 2003 1644 2064; x_wconf 80' lang='grc' dir='ltr'>τοῖς</span> <span class='ocrx_word' id='word_1_152' title='bbox 1699 2001 1922 2055; x_wconf 88' lang='grc' dir='ltr'>δουλεύ-</span> 
     </span>
    </p>
   </div>
   <div class='ocr_carea' id='block_1_20' title="bbox 332 2091 1928 2164">
    <p class='ocr_par' dir='ltr' id='par_1_20' title="bbox 332 2091 1928 2164">
     <span class='ocr_line' id='line_1_20' title="bbox 332 2091 1928 2164; baseline 0.005 -23"><span class='ocrx_word' id='word_1_153' title='bbox 332 2105 490 2141; x_wconf 85' lang='grc' dir='ltr'>ουσιν</span> <span class='ocrx_word' id='word_1_154' title='bbox 548 2091 958 2158; x_wconf 78' lang='grc' dir='ltr'><strong>ἐπικεκυφότας</strong></span> <span class='ocrx_word' id='word_1_155' title='bbox 1008 2093 1281 2161; x_wconf 75' lang='grc' dir='ltr'>βαδίζεινο</span> <span class='ocrx_word' id='word_1_156' title='bbox 1333 2094 1494 2147; x_wconf 74' lang='grc' dir='ltr'>τοῦτο</span> <span class='ocrx_word' id='word_1_157' title='bbox 1539 2095 1640 2164; x_wconf 79' lang='grc' dir='ltr'>μὲν</span> <span class='ocrx_word' id='word_1_158' title='bbox 1689 2095 1928 2164; x_wconf 82' lang='grc' dir='ltr'>ἀχθοφο-</span> 
     </span>
    </p>
   </div>
   <div class='ocr_carea' id='block_1_21' title="bbox 337 2181 1921 2258">
    <p class='ocr_par' dir='ltr' id='par_1_21' title="bbox 337 2181 1921 2258">
     <span class='ocr_line' id='line_1_21' title="bbox 337 2181 1921 2258; baseline 0.005 -24"><span class='ocrx_word' id='word_1_159' title='bbox 337 2181 608 2249; x_wconf 81' lang='grc' dir='ltr'>ροῦντας,</span> <span class='ocrx_word' id='word_1_160' title='bbox 679 2185 842 2237; x_wconf 78' lang='grc' dir='ltr'>τοῦτο</span> <span class='ocrx_word' id='word_1_161' title='bbox 884 2185 942 2238; x_wconf 88' lang='grc' dir='ltr'>δὲ</span> <span class='ocrx_word' id='word_1_162' title='bbox 996 2186 1401 2257; x_wconf 81' lang='grc' dir='ltr'>βαρυνομένους</span> <span class='ocrx_word' id='word_1_163' title='bbox 1463 2191 1588 2251; x_wconf 85' lang='grc' dir='ltr'>ταῖς</span> <span class='ocrx_word' id='word_1_164' title='bbox 1653 2189 1921 2258; x_wconf 76' lang='grc' dir='ltr'>θλίψεσιν.</span> 
     </span>
    </p>
   </div>
   <div class='ocr_carea' id='block_1_22' title="bbox 335 2273 1924 2348">
    <p class='ocr_par' dir='ltr' id='par_1_22' title="bbox 335 2273 1924 2348">
     <span class='ocr_line' id='line_1_22' title="bbox 335 2273 1924 2348; baseline 0.004 -21"><span class='ocrx_word' id='word_1_165' title='bbox 335 2273 482 2343; x_wconf 86' lang='grc' dir='ltr'>Ὅρα</span> <span class='ocrx_word' id='word_1_166' title='bbox 511 2275 566 2328; x_wconf 84' lang='grc' dir='ltr'>δὲ</span> <span class='ocrx_word' id='word_1_167' title='bbox 589 2277 685 2343; x_wconf 83' lang='grc' dir='ltr'>τὴν</span> <span class='ocrx_word' id='word_1_168' title='bbox 719 2277 1027 2347; x_wconf 79' lang='grc' dir='ltr'>ἀκρίόειαν.</span> <span class='ocrx_word' id='word_1_169' title='bbox 1063 2279 1163 2332; x_wconf 82' lang='grc' dir='ltr'><strong>Διὰ</strong></span> <span class='ocrx_word' id='word_1_170' title='bbox 1193 2280 1394 2343; x_wconf 76' lang='grc' dir='ltr'>παντὸς</span> <span class='ocrx_word' id='word_1_171' title='bbox 1429 2282 1538 2348; x_wconf 83' lang='grc' dir='ltr'>γὰρ</span> <span class='ocrx_word' id='word_1_172' title='bbox 1601 2277 1778 2346; x_wconf 77' lang='grc' dir='ltr'>εἶπεν,</span> <span class='ocrx_word' id='word_1_173' title='bbox 1840 2281 1924 2334; x_wconf 84' lang='grc' dir='ltr'>ὅτι</span> 
     </span>
    </p>
   </div>
   <div class='ocr_carea' id='block_1_23' title="bbox 335 2365 1920 2440">
    <p class='ocr_par' dir='ltr' id='par_1_23' title="bbox 335 2365 1920 2440">
     <span class='ocr_line' id='line_1_23' title="bbox 335 2365 1920 2440; baseline 0.004 -23"><span class='ocrx_word' id='word_1_174' title='bbox 335 2367 433 2434; x_wconf 71' lang='grc' dir='ltr'><strong>οὐχ</strong></span> <span class='ocrx_word' id='word_1_175' title='bbox 457 2365 532 2428; x_wconf 85' lang='grc' dir='ltr'>ὼς</span> <span class='ocrx_word' id='word_1_176' title='bbox 561 2367 816 2431; x_wconf 76' lang='grc' dir='ltr'>πολλάκις</span> <span class='ocrx_word' id='word_1_177' title='bbox 839 2370 1221 2435; x_wconf 81' lang='grc' dir='ltr'>δουλωθέντες,</span> <span class='ocrx_word' id='word_1_178' title='bbox 1255 2368 1372 2424; x_wconf 77' lang='grc' dir='ltr'>εἶτα</span> <span class='ocrx_word' id='word_1_179' title='bbox 1415 2371 1920 2440; x_wconf 77' lang='grc' dir='ltr'>ἀπαλλαγήσονται,</span> 
     </span>
    </p>
   </div>
   <div class='ocr_carea' id='block_1_24' title="bbox 337 2453 1918 2530">
    <p class='ocr_par' dir='ltr' id='par_1_24' title="bbox 337 2453 1918 2530">
     <span class='ocr_line' id='line_1_24' title="bbox 337 2453 1918 2530; baseline 0.006 -25"><span class='ocrx_word' id='word_1_180' title='bbox 337 2453 456 2506; x_wconf 74' lang='grc' dir='ltr'>ἀλλ’</span> <span class='ocrx_word' id='word_1_181' title='bbox 488 2457 615 2526; x_wconf 79' lang='grc' dir='ltr'>ἄχρι</span> <span class='ocrx_word' id='word_1_182' title='bbox 665 2458 766 2526; x_wconf 81' lang='grc' dir='ltr'>τῆς</span> <span class='ocrx_word' id='word_1_183' title='bbox 797 2459 890 2512; x_wconf 80' lang='grc' dir='ltr'>τοῦ</span> <span class='ocrx_word' id='word_1_184' title='bbox 943 2461 1148 2530; x_wconf 81' lang='grc' dir='ltr'>κόσμου</span> <span class='ocrx_word' id='word_1_185' title='bbox 1203 2463 1516 2526; x_wconf 82' lang='grc' dir='ltr'>συντελείας</span> <span class='ocrx_word' id='word_1_186' title='bbox 1569 2462 1918 2516; x_wconf 78' lang='grc' dir='ltr'>δουλεύσουσι</span> 
     </span>
    </p>
   </div>
   <div class='ocr_carea' id='block_1_25' title="bbox 339 2550 871 2612">
    <p class='ocr_par' dir='ltr' id='par_1_25' title="bbox 339 2550 871 2612">
     <span class='ocr_line' id='line_1_25' title="bbox 339 2550 871 2612; baseline 0.013 -13"><span class='ocrx_word' id='word_1_187' title='bbox 339 2551 474 2600; x_wconf 80' lang='grc' dir='ltr'>πᾶσι</span> <span class='ocrx_word' id='word_1_188' title='bbox 497 2551 608 2612; x_wconf 81' lang='grc' dir='ltr'>τοῖς</span> <span class='ocrx_word' id='word_1_189' title='bbox 631 2550 871 2606; x_wconf 75' lang='grc' dir='ltr'>ἔθνεσιν.</span> 
     </span>
    </p>
   </div>
   <div class='ocr_carea' id='block_1_26' title="bbox 2041 1172 3620 1240">
    <p class='ocr_par' dir='ltr' id='par_1_26' title="bbox 2041 1172 3620 1240">
     <span class='ocr_line' id='line_1_26' title="bbox 2041 1172 3620 1240; baseline 0 -15"><span class='ocrx_word' id='word_1_190' title='bbox 2041 1172 2116 1227; x_wconf 90' lang='lat' dir='ltr'><strong>De</strong></span> <span class='ocrx_word' id='word_1_191' title='bbox 2150 1175 2347 1228; x_wconf 82' lang='lat' dir='ltr'><strong>animae</strong></span> <span class='ocrx_word' id='word_1_192' title='bbox 2376 1175 2553 1231; x_wconf 89' lang='lat' dir='ltr'><strong>oculis</strong></span> <span class='ocrx_word' id='word_1_193' title='bbox 2581 1191 2760 1230; x_wconf 88' lang='lat' dir='ltr'><strong>sermo</strong></span> <span class='ocrx_word' id='word_1_194' title='bbox 2791 1187 2894 1230; x_wconf 87' lang='lat' dir='ltr'><strong>est.</strong></span> <span class='ocrx_word' id='word_1_195' title='bbox 2926 1176 3378 1231; x_wconf 86' lang='lat' dir='ltr'><strong>Obtenebrentur</strong></span> <span class='ocrx_word' id='word_1_196' title='bbox 3408 1188 3620 1240; x_wconf 82' lang='lat' dir='ltr'><strong>autem,</strong></span> 
     </span>
    </p>
   </div>
   <div class='ocr_carea' id='block_1_27' title="bbox 2035 1265 3624 1338">
    <p class='ocr_par' dir='ltr' id='par_1_27' title="bbox 2035 1265 3624 1338">
     <span class='ocr_line' id='line_1_27' title="bbox 2035 1265 3624 1338; baseline 0.001 -18"><span class='ocrx_word' id='word_1_197' title='bbox 2035 1267 2164 1336; x_wconf 91' lang='lat' dir='ltr'><strong>quia</strong></span> <span class='ocrx_word' id='word_1_198' title='bbox 2197 1265 2374 1320; x_wconf 87' lang='lat' dir='ltr'><strong>lucem</strong></span> <span class='ocrx_word' id='word_1_199' title='bbox 2409 1266 2557 1320; x_wconf 86' lang='lat' dir='ltr'><strong>illam</strong></span> <span class='ocrx_word' id='word_1_200' title='bbox 2590 1269 2773 1322; x_wconf 87' lang='lat' dir='ltr'><strong>videre</strong></span> <span class='ocrx_word' id='word_1_201' title='bbox 2818 1269 3114 1323; x_wconf 91' lang='lat' dir='ltr'><strong>noluerunt</strong></span> <span class='ocrx_word' id='word_1_202' title='bbox 3175 1284 3296 1338; x_wconf 73' lang='lat' dir='ltr'><strong>quze</strong></span> <span class='ocrx_word' id='word_1_203' title='bbox 3349 1267 3624 1322; x_wconf 89' lang='lat' dir='ltr'><strong>illuminat</strong></span> 
     </span>
    </p>
   </div>
   <div class='ocr_carea' id='block_1_28' title="bbox 2034 1358 3623 1430">
    <p class='ocr_par' dir='ltr' id='par_1_28' title="bbox 2034 1358 3623 1430">
     <span class='ocr_line' id='line_1_28' title="bbox 2034 1358 3623 1430; baseline 0.001 -16"><span class='ocrx_word' id='word_1_204' title='bbox 2034 1373 2252 1414; x_wconf 90' lang='lat' dir='ltr'><strong>omnem</strong></span> <span class='ocrx_word' id='word_1_205' title='bbox 2283 1358 2602 1423; x_wconf 86' lang='lat' dir='ltr'><strong>hominem;</strong></span> <span class='ocrx_word' id='word_1_206' title='bbox 2657 1368 2714 1413; x_wconf 92' lang='lat' dir='ltr'><strong>et</strong></span> <span class='ocrx_word' id='word_1_207' title='bbox 2757 1360 2886 1430; x_wconf 85' lang='lat' dir='ltr'><strong>quia</strong></span> <span class='ocrx_word' id='word_1_208' title='bbox 2945 1361 3124 1429; x_wconf 85' lang='lat' dir='ltr'><strong>ipsum</strong></span> <span class='ocrx_word' id='word_1_209' title='bbox 3180 1361 3345 1414; x_wconf 89' lang='lat' dir='ltr'><strong>etiam</strong></span> <span class='ocrx_word' id='word_1_210' title='bbox 3390 1359 3623 1429; x_wconf 69' lang='lat' dir='ltr'><strong>iustitiae</strong></span> 
     </span>
    </p>
   </div>
   <div class='ocr_carea' id='block_1_29' title="bbox 2008 1450 3620 1509">
    <p class='ocr_par' dir='ltr' id='par_1_29' title="bbox 2008 1450 3620 1509">
     <span class='ocr_line' id='line_1_29' title="bbox 2008 1450 3620 1509; baseline 0.001 -3"><span class='ocrx_word' id='word_1_211' title='bbox 2008 1450 2224 1506; x_wconf 71' lang='lat' dir='ltr'><strong>Solem</strong></span> <span class='ocrx_word' id='word_1_212' title='bbox 2259 1451 2462 1506; x_wconf 89' lang='lat' dir='ltr'><strong>intueri</strong></span> <span class='ocrx_word' id='word_1_213' title='bbox 2495 1451 2818 1506; x_wconf 90' lang='lat' dir='ltr'><strong>noluerunt.</strong></span> <span class='ocrx_word' id='word_1_214' title='bbox 2851 1453 3056 1508; x_wconf 89' lang='lat' dir='ltr'><strong>Oculos</strong></span> <span class='ocrx_word' id='word_1_215' title='bbox 3095 1453 3298 1507; x_wconf 90' lang='lat' dir='ltr'><strong>etenim</strong></span> <span class='ocrx_word' id='word_1_216' title='bbox 3351 1453 3620 1509; x_wconf 79' lang='lat' dir='ltr'><strong>habentes</strong></span> 
     </span>
    </p>
   </div>
   <div class='ocr_carea' id='block_1_30' title="bbox 2033 1543 3616 1610">
    <p class='ocr_par' dir='ltr' id='par_1_30' title="bbox 2033 1543 3616 1610">
     <span class='ocr_line' id='line_1_30' title="bbox 2033 1543 3616 1610; baseline 0.002 -14"><span class='ocrx_word' id='word_1_217' title='bbox 2033 1557 2142 1597; x_wconf 90' lang='lat' dir='ltr'><strong>non</strong></span> <span class='ocrx_word' id='word_1_218' title='bbox 2179 1543 2456 1610; x_wconf 88' lang='lat' dir='ltr'><strong>viderunt,</strong></span> <span class='ocrx_word' id='word_1_219' title='bbox 2509 1553 2565 1598; x_wconf 89' lang='lat' dir='ltr'><strong>et</strong></span> <span class='ocrx_word' id='word_1_220' title='bbox 2614 1544 2880 1598; x_wconf 89' lang='lat' dir='ltr'><strong>habentes</strong></span> <span class='ocrx_word' id='word_1_221' title='bbox 2932 1559 3094 1599; x_wconf 88' lang='lat' dir='ltr'><strong>aures</strong></span> <span class='ocrx_word' id='word_1_222' title='bbox 3135 1558 3242 1598; x_wconf 91' lang='lat' dir='ltr'><strong>non</strong></span> <span class='ocrx_word' id='word_1_223' title='bbox 3297 1543 3616 1607; x_wconf 88' lang='lat' dir='ltr'><strong>audierunt,</strong></span> 
     </span>
    </p>
   </div>
   <div class='ocr_carea' id='block_1_31' title="bbox 2031 1634 3614 1707">
    <p class='ocr_par' dir='ltr' id='par_1_31' title="bbox 2031 1634 3614 1707">
     <span class='ocr_line' id='line_1_31' title="bbox 2031 1634 3614 1707; baseline 0.001 -18"><span class='ocrx_word' id='word_1_224' title='bbox 2031 1635 2198 1689; x_wconf 88' lang='lat' dir='ltr'><strong>sicuti</strong></span> <span class='ocrx_word' id='word_1_225' title='bbox 2226 1641 2281 1690; x_wconf 91' lang='lat' dir='ltr'><strong>et</strong></span> <span class='ocrx_word' id='word_1_226' title='bbox 2305 1636 2421 1706; x_wconf 87' lang='lat' dir='ltr'><strong>ipse</strong></span> <span class='ocrx_word' id='word_1_227' title='bbox 2471 1634 2670 1701; x_wconf 83' lang='lat' dir='ltr'><strong>Isaias,</strong></span> <span class='ocrx_word' id='word_1_228' title='bbox 2725 1645 2780 1690; x_wconf 89' lang='lat' dir='ltr'><strong>et</strong></span> <span class='ocrx_word' id='word_1_229' title='bbox 2813 1636 3072 1691; x_wconf 89' lang='lat' dir='ltr'><strong>Christus</strong></span> <span class='ocrx_word' id='word_1_230' title='bbox 3103 1635 3272 1690; x_wconf 89' lang='lat' dir='ltr'><strong>etiam</strong></span> <span class='ocrx_word' id='word_1_231' title='bbox 3302 1635 3382 1690; x_wconf 91' lang='lat' dir='ltr'><strong>eis</strong></span> <span class='ocrx_word' id='word_1_232' title='bbox 3409 1651 3614 1707; x_wconf 79' lang='lat' dir='ltr'><strong>expro-</strong></span> 
     </span>
    </p>
   </div>
   <div class='ocr_carea' id='block_1_32' title="bbox 2034 1724 2240 1780">
    <p class='ocr_par' dir='ltr' id='par_1_32' title="bbox 2034 1724 2240 1780">
     <span class='ocr_line' id='line_1_32' title="bbox 2034 1724 2240 1780; baseline -0.01 0"><span class='ocrx_word' id='word_1_233' title='bbox 2034 1724 2240 1780; x_wconf 88' lang='lat' dir='ltr'><strong>bravit.</strong></span> 
     </span>
    </p>
   </div>
   <div class='ocr_carea' id='block_1_33' title="bbox 2105 1807 3616 1888">
    <p class='ocr_par' dir='ltr' id='par_1_33' title="bbox 2105 1807 3616 1888">
     <span class='ocr_line' id='line_1_33' title="bbox 2105 1807 3616 1888; baseline 0.001 -16"><span class='ocrx_word' id='word_1_234' title='bbox 2105 1819 2175 1873; x_wconf 87' lang='lat' dir='ltr'><strong>Et</strong></span> <span class='ocrx_word' id='word_1_235' title='bbox 2218 1818 2438 1873; x_wconf 77' lang='lat' dir='ltr'><strong>dorsum</strong></span> <span class='ocrx_word' id='word_1_236' title='bbox 2482 1835 2662 1873; x_wconf 85' lang='lat' dir='ltr'><strong>eorum</strong></span> <span class='ocrx_word' id='word_1_237' title='bbox 2721 1834 2925 1887; x_wconf 77' lang='lat' dir='ltr'><strong>semper</strong></span> <span class='ocrx_word' id='word_1_238' title='bbox 2967 1818 3206 1873; x_wconf 85' lang='lat' dir='ltr'><strong>incurva.</strong></span> <span class='ocrx_word' id='word_1_239' title='bbox 3259 1818 3344 1874; x_wconf 79' lang='lat' dir='ltr'><strong>Ab</strong></span> <span class='ocrx_word' id='word_1_240' title='bbox 3373 1833 3441 1874; x_wconf 89' lang='lat' dir='ltr'><strong>eo</strong></span> <span class='ocrx_word' id='word_1_241' title='bbox 3468 1807 3616 1888; x_wconf 85' lang='lat' dir='ltr'><strong>quod</strong></span> 
     </span>
    </p>
   </div>
   <div class='ocr_carea' id='block_1_34' title="bbox 2029 1908 3614 1980">
    <p class='ocr_par' dir='ltr' id='par_1_34' title="bbox 2029 1908 3614 1980">
     <span class='ocr_line' id='line_1_34' title="bbox 2029 1908 3614 1980; baseline -0.001 -14"><span class='ocrx_word' id='word_1_242' title='bbox 2029 1910 2390 1980; x_wconf 89' lang='lat' dir='ltr'><strong>consequitur</strong></span> <span class='ocrx_word' id='word_1_243' title='bbox 2411 1910 2690 1965; x_wconf 84' lang='lat' dir='ltr'><strong>denotavit</strong></span> <span class='ocrx_word' id='word_1_244' title='bbox 2708 1910 2758 1964; x_wconf 88' lang='lat' dir='ltr'><strong>id</strong></span> <span class='ocrx_word' id='word_1_245' title='bbox 2783 1909 2932 1980; x_wconf 84' lang='lat' dir='ltr'><strong>quod</strong></span> <span class='ocrx_word' id='word_1_246' title='bbox 2963 1910 3248 1980; x_wconf 69' lang='lat' dir='ltr'><strong>praecedit.</strong></span> <span class='ocrx_word' id='word_1_247' title='bbox 3272 1908 3386 1964; x_wconf 88' lang='lat' dir='ltr'><strong>Hoc</strong></span> <span class='ocrx_word' id='word_1_248' title='bbox 3408 1911 3614 1965; x_wconf 84' lang='lat' dir='ltr'><strong>etenim</strong></span> 
     </span>
    </p>
   </div>
   <div class='ocr_carea' id='block_1_35' title="bbox 2030 2001 3615 2071">
    <p class='ocr_par' dir='ltr' id='par_1_35' title="bbox 2030 2001 3615 2071">
     <span class='ocr_line' id='line_1_35' title="bbox 2030 2001 3615 2071; baseline -0.001 -14"><span class='ocrx_word' id='word_1_249' title='bbox 2030 2017 2288 2058; x_wconf 91' lang='lat' dir='ltr'><strong>sermone</strong></span> <span class='ocrx_word' id='word_1_250' title='bbox 2318 2003 2641 2057; x_wconf 87' lang='lat' dir='ltr'><strong>servitutem</strong></span> <span class='ocrx_word' id='word_1_251' title='bbox 2675 2003 2852 2057; x_wconf 76' lang='lat' dir='ltr'><strong>voluit</strong></span> <span class='ocrx_word' id='word_1_252' title='bbox 2887 2002 3046 2057; x_wconf 89' lang='lat' dir='ltr'><strong>nobis</strong></span> <span class='ocrx_word' id='word_1_253' title='bbox 3077 2001 3355 2071; x_wconf 86' lang='lat' dir='ltr'><strong>Propheta</strong></span> <span class='ocrx_word' id='word_1_254' title='bbox 3403 2001 3615 2070; x_wconf 76' lang='lat' dir='ltr'><strong>signiﬁ-</strong></span> 
     </span>
    </p>
   </div>
   <div class='ocr_carea' id='block_1_36' title="bbox 2028 2095 3611 2165">
    <p class='ocr_par' dir='ltr' id='par_1_36' title="bbox 2028 2095 3611 2165">
     <span class='ocr_line' id='line_1_36' title="bbox 2028 2095 3611 2165; baseline 0 -15"><span class='ocrx_word' id='word_1_255' title='bbox 2028 2110 2178 2150; x_wconf 89' lang='lat' dir='ltr'><strong>care.</strong></span> <span class='ocrx_word' id='word_1_256' title='bbox 2215 2095 2351 2150; x_wconf 93' lang='lat' dir='ltr'><strong>lllud</strong></span> <span class='ocrx_word' id='word_1_257' title='bbox 2397 2103 2582 2151; x_wconf 90' lang='lat' dir='ltr'><strong>autem</strong></span> <span class='ocrx_word' id='word_1_258' title='bbox 2625 2110 2722 2150; x_wconf 92' lang='lat' dir='ltr'><strong>eos</strong></span> <span class='ocrx_word' id='word_1_259' title='bbox 2754 2111 2947 2151; x_wconf 88' lang='lat' dir='ltr'><strong>omnes</strong></span> <span class='ocrx_word' id='word_1_260' title='bbox 2981 2105 3040 2149; x_wconf 90' lang='lat' dir='ltr'><strong>ut</strong></span> <span class='ocrx_word' id='word_1_261' title='bbox 3077 2095 3374 2165; x_wconf 86' lang='lat' dir='ltr'><strong>plurimum</strong></span> <span class='ocrx_word' id='word_1_262' title='bbox 3412 2109 3611 2150; x_wconf 83' lang='lat' dir='ltr'><strong>conse-</strong></span> 
     </span>
    </p>
   </div>
   <div class='ocr_carea' id='block_1_37' title="bbox 2027 2188 3612 2259">
    <p class='ocr_par' dir='ltr' id='par_1_37' title="bbox 2027 2188 3612 2259">
     <span class='ocr_line' id='line_1_37' title="bbox 2027 2188 3612 2259; baseline -0.001 -15"><span class='ocrx_word' id='word_1_263' title='bbox 2027 2190 2238 2259; x_wconf 88' lang='lat' dir='ltr'><strong>quitur,</strong></span> <span class='ocrx_word' id='word_1_264' title='bbox 2279 2188 2372 2257; x_wconf 91' lang='lat' dir='ltr'><strong>qui</strong></span> <span class='ocrx_word' id='word_1_265' title='bbox 2407 2189 2548 2244; x_wconf 81' lang='lat' dir='ltr'><strong>servi</strong></span> <span class='ocrx_word' id='word_1_266' title='bbox 2587 2196 2738 2251; x_wconf 89' lang='lat' dir='ltr'><strong>sunt,</strong></span> <span class='ocrx_word' id='word_1_267' title='bbox 2793 2195 2853 2241; x_wconf 90' lang='lat' dir='ltr'><strong>ut</strong></span> <span class='ocrx_word' id='word_1_268' title='bbox 2911 2196 3080 2244; x_wconf 79' lang='lat' dir='ltr'><strong>one’re</strong></span> <span class='ocrx_word' id='word_1_269' title='bbox 3110 2197 3204 2242; x_wconf 91' lang='lat' dir='ltr'><strong>aut</strong></span> <span class='ocrx_word' id='word_1_270' title='bbox 3251 2189 3362 2244; x_wconf 90' lang='lat' dir='ltr'><strong>alio</strong></span> <span class='ocrx_word' id='word_1_271' title='bbox 3407 2188 3612 2244; x_wconf 91' lang='lat' dir='ltr'><strong>laboris</strong></span> 
     </span>
    </p>
   </div>
   <div class='ocr_carea' id='block_1_38' title="bbox 2031 2277 3607 2349">
    <p class='ocr_par' dir='ltr' id='par_1_38' title="bbox 2031 2277 3607 2349">
     <span class='ocr_line' id='line_1_38' title="bbox 2031 2277 3607 2349; baseline 0 -16"><span class='ocrx_word' id='word_1_272' title='bbox 2031 2293 2127 2333; x_wconf 89' lang='lat' dir='ltr'><strong>seu</strong></span> <span class='ocrx_word' id='word_1_273' title='bbox 2170 2277 2504 2333; x_wconf 88' lang='lat' dir='ltr'><strong>calamitatis</strong></span> <span class='ocrx_word' id='word_1_274' title='bbox 2532 2292 2731 2347; x_wconf 76' lang='lat' dir='ltr'><strong>genere</strong></span> <span class='ocrx_word' id='word_1_275' title='bbox 2758 2278 3034 2349; x_wconf 89' lang='lat' dir='ltr'><strong>oppressi,</strong></span> <span class='ocrx_word' id='word_1_276' title='bbox 3081 2278 3292 2332; x_wconf 87' lang='lat' dir='ltr'><strong>curvati</strong></span> <span class='ocrx_word' id='word_1_277' title='bbox 3327 2278 3607 2333; x_wconf 84' lang='lat' dir='ltr'><strong>incedant.</strong></span> 
     </span>
    </p>
   </div>
   <div class='ocr_carea' id='block_1_39' title="bbox 2028 2369 3607 2438">
    <p class='ocr_par' dir='ltr' id='par_1_39' title="bbox 2028 2369 3607 2438">
     <span class='ocr_line' id='line_1_39' title="bbox 2028 2369 3607 2438; baseline 0 -14"><span class='ocrx_word' id='word_1_278' title='bbox 2028 2369 2332 2425; x_wconf 87' lang='lat' dir='ltr'><strong>Considera</strong></span> <span class='ocrx_word' id='word_1_279' title='bbox 2364 2369 2530 2423; x_wconf 89' lang='lat' dir='ltr'><strong>etiam</strong></span> <span class='ocrx_word' id='word_1_280' title='bbox 2567 2377 2770 2438; x_wconf 77' lang='lat' dir='ltr'><strong>quanta</strong></span> <span class='ocrx_word' id='word_1_281' title='bbox 2800 2384 2933 2424; x_wconf 89' lang='lat' dir='ltr'><strong>cura</strong></span> <span class='ocrx_word' id='word_1_282' title='bbox 2969 2385 3279 2424; x_wconf 90' lang='lat' dir='ltr'><strong>sermonem</strong></span> <span class='ocrx_word' id='word_1_283' title='bbox 3311 2385 3469 2426; x_wconf 88' lang='lat' dir='ltr'><strong>suum</strong></span> <span class='ocrx_word' id='word_1_284' title='bbox 3506 2371 3607 2424; x_wconf 88' lang='lat' dir='ltr'><strong>ad-</strong></span> 
     </span>
    </p>
   </div>
   <div class='ocr_carea' id='block_1_40' title="bbox 2030 2459 3610 2529">
    <p class='ocr_par' dir='ltr' id='par_1_40' title="bbox 2030 2459 3610 2529">
     <span class='ocr_line' id='line_1_40' title="bbox 2030 2459 3610 2529; baseline -0.001 -14"><span class='ocrx_word' id='word_1_285' title='bbox 2030 2475 2224 2515; x_wconf 89' lang='lat' dir='ltr'><strong>versus</strong></span> <span class='ocrx_word' id='word_1_286' title='bbox 2259 2475 2358 2515; x_wconf 90' lang='lat' dir='ltr'><strong>eos</strong></span> <span class='ocrx_word' id='word_1_287' title='bbox 2389 2459 2731 2529; x_wconf 79' lang='lat' dir='ltr'><strong>perstringat</strong></span> <span class='ocrx_word' id='word_1_288' title='bbox 2760 2459 3056 2528; x_wconf 85' lang='lat' dir='ltr'><strong>Propheta,</strong></span> <span class='ocrx_word' id='word_1_289' title='bbox 3089 2459 3217 2513; x_wconf 92' lang='lat' dir='ltr'><strong>dum</strong></span> <span class='ocrx_word' id='word_1_290' title='bbox 3243 2461 3353 2515; x_wconf 86' lang='lat' dir='ltr'><strong>ait:</strong></span> <span class='ocrx_word' id='word_1_291' title='bbox 3391 2459 3610 2528; x_wconf 83' lang='lat' dir='ltr'><strong>Semper</strong></span> 
     </span>
    </p>
   </div>
   <div class='ocr_carea' id='block_1_41' title="bbox 2024 2550 3610 2621">
    <p class='ocr_par' dir='ltr' id='par_1_41' title="bbox 2024 2550 3610 2621">
     <span class='ocr_line' id='line_1_41' title="bbox 2024 2550 3610 2621; baseline 0 -16"><span class='ocrx_word' id='word_1_292' title='bbox 2024 2553 2290 2616; x_wconf 84' lang='lat' dir='ltr'><strong>incurva;</strong></span> <span class='ocrx_word' id='word_1_293' title='bbox 2326 2567 2389 2606; x_wconf 90' lang='lat' dir='ltr'><strong>ac</strong></span> <span class='ocrx_word' id='word_1_294' title='bbox 2423 2552 2471 2606; x_wconf 90' lang='lat' dir='ltr'><strong>si</strong></span> <span class='ocrx_word' id='word_1_295' title='bbox 2526 2550 2735 2606; x_wconf 88' lang='lat' dir='ltr'><strong>diceret</strong></span> <span class='ocrx_word' id='word_1_296' title='bbox 2773 2550 2921 2604; x_wconf 85' lang='lat' dir='ltr'><strong>:Eos</strong></span> <span class='ocrx_word' id='word_1_297' title='bbox 2965 2550 3203 2621; x_wconf 84' lang='lat' dir='ltr'><strong>amplius</strong></span> <span class='ocrx_word' id='word_1_298' title='bbox 3255 2564 3284 2604; x_wconf 88' lang='lat' dir='ltr'><strong>a</strong></span> <span class='ocrx_word' id='word_1_299' title='bbox 3345 2553 3610 2606; x_wconf 88' lang='lat' dir='ltr'><strong>servitute</strong></span> 
     </span>
    </p>
   </div>
   <div class='ocr_carea' id='block_1_42' title="bbox 338 2642 3611 2718">
    <p class='ocr_par' dir='ltr' id='par_1_42' title="bbox 338 2642 3611 2718">
     <span class='ocr_line' id='line_1_42' title="bbox 338 2642 3611 2718; baseline 0.001 -25"><span class='ocrx_word' id='word_1_300' title='bbox 338 2642 650 2698; x_wconf 86' lang='lat' dir='ltr'><strong>liberandos</strong></span> <span class='ocrx_word' id='word_1_301' title='bbox 679 2660 785 2698; x_wconf 93' lang='lat' dir='ltr'><strong>non</strong></span> <span class='ocrx_word' id='word_1_302' title='bbox 821 2659 961 2709; x_wconf 89' lang='lat' dir='ltr'><strong>esse,</strong></span> <span class='ocrx_word' id='word_1_303' title='bbox 1003 2647 1222 2700; x_wconf 83' lang='lat' dir='ltr'><strong>tametsi</strong></span> <span class='ocrx_word' id='word_1_304' title='bbox 1274 2663 1653 2717; x_wconf 67' lang='lat' dir='ltr'><strong>saepenumero</strong></span> <span class='ocrx_word' id='word_1_305' title='bbox 1678 2649 1731 2702; x_wconf 92' lang='lat' dir='ltr'><strong>in</strong></span> <span class='ocrx_word' id='word_1_306' title='bbox 1766 2645 2102 2718; x_wconf 67' lang='lat' dir='ltr'><strong>praeteritum</strong></span> <span class='ocrx_word' id='word_1_307' title='bbox 2129 2643 2336 2700; x_wconf 80' lang='lat' dir='ltr'><strong>fuerint</strong></span> <span class='ocrx_word' id='word_1_308' title='bbox 2366 2643 2609 2710; x_wconf 88' lang='lat' dir='ltr'><strong>liberati,</strong></span> <span class='ocrx_word' id='word_1_309' title='bbox 2635 2642 2733 2699; x_wconf 81' lang='lat' dir='ltr'><strong>sed</strong></span> <span class='ocrx_word' id='word_1_310' title='bbox 2795 2642 2864 2698; x_wconf 87' lang='lat' dir='ltr'><strong>ad</strong></span> <span class='ocrx_word' id='word_1_311' title='bbox 2925 2642 3105 2712; x_wconf 88' lang='lat' dir='ltr'><strong>ipsum</strong></span> <span class='ocrx_word' id='word_1_312' title='bbox 3177 2659 3354 2714; x_wconf 92' lang='lat' dir='ltr'><strong>usque</strong></span> <span class='ocrx_word' id='word_1_313' title='bbox 3413 2645 3611 2714; x_wconf 68' lang='lat' dir='ltr'><strong>mund;</strong></span> 
     </span>
    </p>
   </div>
   <div class='ocr_carea' id='block_1_43' title="bbox 339 2736 2478 2809">
    <p class='ocr_par' dir='ltr' id='par_1_43' title="bbox 339 2736 2478 2809">
     <span class='ocr_line' id='line_1_43' title="bbox 339 2736 2478 2809; baseline 0.002 -22"><span class='ocrx_word' id='word_1_314' title='bbox 339 2737 520 2798; x_wconf 85' lang='lat' dir='ltr'><strong>tinem,</strong></span> <span class='ocrx_word' id='word_1_315' title='bbox 575 2736 626 2789; x_wconf 90' lang='lat' dir='ltr'><strong>in</strong></span> <span class='ocrx_word' id='word_1_316' title='bbox 664 2753 987 2807; x_wconf 87' lang='lat' dir='ltr'><strong>quacunque</strong></span> <span class='ocrx_word' id='word_1_317' title='bbox 1013 2740 1163 2794; x_wconf 80' lang='lat' dir='ltr'><strong>orbis</strong></span> <span class='ocrx_word' id='word_1_318' title='bbox 1195 2750 1348 2808; x_wconf 88' lang='lat' dir='ltr'><strong>parte</strong></span> <span class='ocrx_word' id='word_1_319' title='bbox 1382 2743 1606 2809; x_wconf 82' lang='lat' dir='ltr'><strong>fuerint,</strong></span> <span class='ocrx_word' id='word_1_320' title='bbox 1643 2743 1764 2797; x_wconf 90' lang='lat' dir='ltr'><strong>aliis</strong></span> <span class='ocrx_word' id='word_1_321' title='bbox 1796 2738 2117 2795; x_wconf 84' lang='lat' dir='ltr'><strong>nationibus</strong></span> <span class='ocrx_word' id='word_1_322' title='bbox 2152 2739 2478 2794; x_wconf 84' lang='lat' dir='ltr'><strong>servituros.</strong></span> 
     </span>
    </p>
   </div>
   <div class='ocr_carea' id='block_1_44' title="bbox 411 2828 1916 2901">
    <p class='ocr_par' dir='ltr' id='par_1_44' title="bbox 411 2828 1916 2901">
     <span class='ocr_line' id='line_1_44' title="bbox 411 2828 1916 2901; baseline 0.005 -23"><span class='ocrx_word' id='word_1_323' title='bbox 411 2828 661 2894; x_wconf 77' lang='grc' dir='ltr'>Ἐκχεον</span> <span class='ocrx_word' id='word_1_324' title='bbox 688 2828 1023 2896; x_wconf 76' lang='grc' dir='ltr'>ἐπάὑτοὺς</span> <span class='ocrx_word' id='word_1_325' title='bbox 1063 2832 1180 2899; x_wconf 80' lang='grc' dir='ltr'><strong>τὴν</strong></span> <span class='ocrx_word' id='word_1_326' title='bbox 1203 2831 1390 2901; x_wconf 79' lang='grc' dir='ltr'>ὀργήν</span> <span class='ocrx_word' id='word_1_327' title='bbox 1412 2849 1550 2894; x_wconf 79' lang='grc' dir='ltr'>σου,</span> <span class='ocrx_word' id='word_1_328' title='bbox 1589 2833 1687 2886; x_wconf 77' lang='grc' dir='ltr'>καὶ</span> <span class='ocrx_word' id='word_1_329' title='bbox 1734 2835 1766 2886; x_wconf 85' lang='grc' dir='ltr'><em>ό</em></span> <span class='ocrx_word' id='word_1_330' title='bbox 1814 2836 1916 2888; x_wconf 78' lang='lat' dir='ltr'><strong>0v-</strong></span> 
     </span>
    </p>
   </div>
   <div class='ocr_carea' id='block_1_45' title="bbox 336 2921 1917 2991">
    <p class='ocr_par' dir='ltr' id='par_1_45' title="bbox 336 2921 1917 2991">
     <span class='ocr_line' id='line_1_45' title="bbox 336 2921 1917 2991; baseline 0.001 -17"><span class='ocrx_word' id='word_1_331' title='bbox 336 2926 445 2986; x_wconf 75' lang='grc' dir='ltr'>ιιὸς</span> <span class='ocrx_word' id='word_1_332' title='bbox 474 2921 584 2986; x_wconf 83' lang='grc' dir='ltr'>τῆς</span> <span class='ocrx_word' id='word_1_333' title='bbox 599 2921 779 2989; x_wconf 77' lang='grc' dir='ltr'>ὀργῆς</span> <span class='ocrx_word' id='word_1_334' title='bbox 806 2939 923 2976; x_wconf 86' lang='grc' dir='ltr'><strong>σου</strong></span> <span class='ocrx_word' id='word_1_335' title='bbox 943 2924 1264 2978; x_wconf 80' lang='grc' dir='ltr'>καταλάϐοι</span> <span class='ocrx_word' id='word_1_336' title='bbox 1291 2926 1530 2991; x_wconf 81' lang='grc' dir='ltr'>αὐτούς.</span> <span class='ocrx_word' id='word_1_337' title='bbox 1553 2927 1626 2978; x_wconf 79' lang='grc' dir='ltr'><strong>Τὸ</strong></span> <span class='ocrx_word' id='word_1_338' title='bbox 1649 2926 1782 2980; x_wconf 71' lang='grc' dir='ltr'>αὐτὸ</span> <span class='ocrx_word' id='word_1_339' title='bbox 1822 2925 1917 2978; x_wconf 69' lang='grc' dir='ltr'>καὶ</span> 
     </span>
    </p>
   </div>
   <div class='ocr_carea' id='block_1_46' title="bbox 337 3013 1917 3086">
    <p class='ocr_par' dir='ltr' id='par_1_46' title="bbox 337 3013 1917 3086">
     <span class='ocr_line' id='line_1_46' title="bbox 337 3013 1917 3086; baseline 0.001 -20"><span class='ocrx_word' id='word_1_340' title='bbox 337 3013 503 3080; x_wconf 77' lang='grc' dir='ltr'>ἄμφω</span> <span class='ocrx_word' id='word_1_341' title='bbox 548 3014 704 3067; x_wconf 77' lang='grc' dir='ltr'>ταυτὶ</span> <span class='ocrx_word' id='word_1_342' title='bbox 744 3013 813 3066; x_wconf 78' lang='grc' dir='ltr'><strong>τὰ</strong></span> <span class='ocrx_word' id='word_1_343' title='bbox 847 3015 986 3084; x_wconf 77' lang='grc' dir='ltr'>ῥητὰ</span> <span class='ocrx_word' id='word_1_344' title='bbox 1015 3015 1237 3084; x_wconf 82' lang='grc' dir='ltr'>δηλοῦσι</span> <span class='ocrx_word' id='word_1_345' title='bbox 1276 3033 1289 3046; x_wconf 79' lang='grc'><strong><em>⁸</em></strong></span> <span class='ocrx_word' id='word_1_346' title='bbox 1321 3015 1463 3086; x_wconf 81' lang='grc' dir='ltr'>πλὴν</span> <span class='ocrx_word' id='word_1_347' title='bbox 1497 3018 1582 3070; x_wconf 86' lang='grc' dir='ltr'>ὅτι</span> <span class='ocrx_word' id='word_1_348' title='bbox 1627 3016 1688 3070; x_wconf 79' lang='grc' dir='ltr'>τὸ</span> <span class='ocrx_word' id='word_1_349' title='bbox 1735 3017 1917 3070; x_wconf 85' lang='grc' dir='ltr'>δεύτε-</span> 
     </span>
    </p>
   </div>
   <div class='ocr_carea' id='block_1_47' title="bbox 341 3105 1267 3177">
    <p class='ocr_par' dir='ltr' id='par_1_47' title="bbox 341 3105 1267 3177">
     <span class='ocr_line' id='line_1_47' title="bbox 341 3105 1267 3177; baseline 0.006 -21"><span class='ocrx_word' id='word_1_350' title='bbox 341 3121 432 3173; x_wconf 86' lang='grc' dir='ltr'><strong>ρον</strong></span> <span class='ocrx_word' id='word_1_351' title='bbox 461 3105 821 3175; x_wconf 70' lang='grc' dir='ltr'>σφοδρότερον</span> <span class='ocrx_word' id='word_1_352' title='bbox 845 3105 940 3159; x_wconf 82' lang='grc' dir='ltr'>τοῦ</span> <span class='ocrx_word' id='word_1_353' title='bbox 968 3108 1267 3177; x_wconf 80' lang='grc' dir='ltr'>προτέρου.</span> 
     </span>
    </p>
   </div>
   <div class='ocr_carea' id='block_1_48' title="bbox 409 3197 1914 3270">
    <p class='ocr_par' dir='ltr' id='par_1_48' title="bbox 409 3197 1914 3270">
     <span class='ocr_line' id='line_1_48' title="bbox 409 3197 1914 3270; baseline 0.003 -21"><span class='ocrx_word' id='word_1_354' title='bbox 409 3197 728 3264; x_wconf 71' lang='grc' dir='ltr'>Γενηθήτω</span> <span class='ocrx_word' id='word_1_355' title='bbox 751 3197 789 3264; x_wconf 84' lang='grc' dir='ltr'><strong><em>ή</em></strong></span> <span class='ocrx_word' id='word_1_356' title='bbox 823 3197 1084 3264; x_wconf 75' lang='grc' dir='ltr'>ἔπαυλις</span> <span class='ocrx_word' id='word_1_357' title='bbox 1125 3197 1328 3254; x_wconf 81' lang='grc' dir='ltr'>αὐτῶν</span> <span class='ocrx_word' id='word_1_358' title='bbox 1349 3201 1708 3270; x_wconf 78' lang='grc' dir='ltr'>ἠρημωμένη</span> <span class='ocrx_word' id='word_1_359' title='bbox 1744 3217 1760 3230; x_wconf 84' lang='lat'><strong><em>&#39;</em></strong></span> <span class='ocrx_word' id='word_1_360' title='bbox 1815 3201 1914 3256; x_wconf 74' lang='grc' dir='ltr'><strong>καὶ</strong></span> 
     </span>
    </p>
   </div>
   <div class='ocr_carea' id='block_1_49' title="bbox 336 3287 1913 3360">
    <p class='ocr_par' dir='ltr' id='par_1_49' title="bbox 336 3287 1913 3360">
     <span class='ocr_line' id='line_1_49' title="bbox 336 3287 1913 3360; baseline 0.004 -23"><span class='ocrx_word' id='word_1_361' title='bbox 336 3287 404 3358; x_wconf 58' lang='grc' dir='ltr'><strong>ἐν</strong></span> <span class='ocrx_word' id='word_1_362' title='bbox 423 3288 549 3354; x_wconf 86' lang='grc' dir='ltr'>τοῖς</span> <span class='ocrx_word' id='word_1_363' title='bbox 587 3288 986 3358; x_wconf 79' lang='grc' dir='ltr'>σκηνώμασιν</span> <span class='ocrx_word' id='word_1_364' title='bbox 1017 3289 1317 3360; x_wconf 81' lang='grc' dir='ltr'>αὑτῶνμὴ</span> <span class='ocrx_word' id='word_1_365' title='bbox 1349 3292 1506 3346; x_wconf 82' lang='grc' dir='ltr'>ἐστω</span> <span class='ocrx_word' id='word_1_366' title='bbox 1529 3295 1562 3346; x_wconf 85' lang='grc' dir='ltr'><em>ό</em></span> <span class='ocrx_word' id='word_1_367' title='bbox 1591 3291 1913 3346; x_wconf 81' lang='grc' dir='ltr'>κατοικῶν.</span> 
     </span>
    </p>
   </div>
   <div class='ocr_carea' id='block_1_50' title="bbox 337 3380 1916 3454">
    <p class='ocr_par' dir='ltr' id='par_1_50' title="bbox 337 3380 1916 3454">
     <span class='ocr_line' id='line_1_50' title="bbox 337 3380 1916 3454; baseline 0.003 -22"><span class='ocrx_word' id='word_1_368' title='bbox 337 3380 605 3432; x_wconf 83' lang='grc' dir='ltr'>Ἐπαυλιν</span> <span class='ocrx_word' id='word_1_369' title='bbox 660 3380 760 3448; x_wconf 83' lang='grc' dir='ltr'>μὲν</span> <span class='ocrx_word' id='word_1_370' title='bbox 798 3381 998 3442; x_wconf 80' lang='grc' dir='ltr'>κοινῶς</span> <span class='ocrx_word' id='word_1_371' title='bbox 1057 3380 1205 3448; x_wconf 76' lang='grc' dir='ltr'>λέγει</span> <span class='ocrx_word' id='word_1_372' title='bbox 1267 3382 1371 3452; x_wconf 82' lang='grc' dir='ltr'>τὴν</span> <span class='ocrx_word' id='word_1_373' title='bbox 1411 3383 1568 3436; x_wconf 84' lang='grc' dir='ltr'>πόλιν</span> <span class='ocrx_word' id='word_1_374' title='bbox 1642 3384 1916 3454; x_wconf 79' lang='grc' dir='ltr'>Ἰερουσα-</span> 
     </span>
    </p>
   </div>
   <div class='ocr_carea' id='block_1_51' title="bbox 333 3463 1914 3544">
    <p class='ocr_par' dir='ltr' id='par_1_51' title="bbox 333 3463 1914 3544">
     <span class='ocr_line' id='line_1_51' title="bbox 333 3463 1914 3544; baseline 0.008 -26"><span class='ocrx_word' id='word_1_375' title='bbox 333 3469 465 3538; x_wconf 76' lang='grc' dir='ltr'>λὴμ,</span> <span class='ocrx_word' id='word_1_376' title='bbox 499 3473 557 3522; x_wconf 81' lang='grc' dir='ltr'>ὲν</span> <span class='ocrx_word' id='word_1_377' title='bbox 601 3463 864 3541; x_wconf 82' lang='grc' dir='ltr'>ᾖπάντες</span> <span class='ocrx_word' id='word_1_378' title='bbox 891 3471 943 3522; x_wconf 77' lang='grc' dir='ltr'>οἱ</span> <span class='ocrx_word' id='word_1_379' title='bbox 996 3470 1091 3524; x_wconf 80' lang='grc' dir='ltr'><strong>τοῦ</strong></span> <span class='ocrx_word' id='word_1_380' title='bbox 1135 3472 1388 3544; x_wconf 82' lang='grc' dir='ltr'><strong>Σωτῆρος</strong></span> <span class='ocrx_word' id='word_1_381' title='bbox 1437 3476 1620 3543; x_wconf 82' lang='grc' dir='ltr'>φονεῖς</span> <span class='ocrx_word' id='word_1_382' title='bbox 1663 3475 1914 3541; x_wconf 79' lang='grc' dir='ltr'>ηὒζίλονο</span> 
     </span>
    </p>
   </div>
   <div class='ocr_carea' id='block_1_52' title="bbox 330 3561 1910 3630">
    <p class='ocr_par' dir='ltr' id='par_1_52' title="bbox 330 3561 1910 3630">
     <span class='ocr_line' id='line_1_52' title="bbox 330 3561 1910 3630; baseline 0.006 -19"><span class='ocrx_word' id='word_1_383' title='bbox 330 3576 416 3620; x_wconf 86' lang='grc' dir='ltr'><strong>το,</strong></span> <span class='ocrx_word' id='word_1_384' title='bbox 480 3561 818 3630; x_wconf 76' lang='grc' dir='ltr'>σκηνώματα</span> <span class='ocrx_word' id='word_1_385' title='bbox 885 3563 944 3615; x_wconf 83' lang='grc' dir='ltr'>δὲ</span> <span class='ocrx_word' id='word_1_386' title='bbox 1005 3562 1151 3626; x_wconf 82' lang='grc' dir='ltr'>ἰδίως</span> <span class='ocrx_word' id='word_1_387' title='bbox 1225 3563 1324 3626; x_wconf 78' lang='grc' dir='ltr'>τὰς</span> <span class='ocrx_word' id='word_1_388' title='bbox 1381 3566 1665 3629; x_wconf 80' lang='grc' dir='ltr'>κατοικίας</span> <span class='ocrx_word' id='word_1_389' title='bbox 1709 3566 1910 3620; x_wconf 80' lang='grc' dir='ltr'>αὐτῶν.</span> 
     </span>
    </p>
   </div>
   <div class='ocr_carea' id='block_1_53' title="bbox 335 3652 1911 3725">
    <p class='ocr_par' dir='ltr' id='par_1_53' title="bbox 335 3652 1911 3725">
     <span class='ocr_line' id='line_1_53' title="bbox 335 3652 1911 3725; baseline 0.006 -22"><span class='ocrx_word' id='word_1_390' title='bbox 335 3653 443 3704; x_wconf 73' lang='grc' dir='ltr'><strong>Καὶ</strong></span> <span class='ocrx_word' id='word_1_391' title='bbox 474 3652 538 3721; x_wconf 80' lang='grc' dir='ltr'>δὴ</span> <span class='ocrx_word' id='word_1_392' title='bbox 566 3652 709 3706; x_wconf 78' lang='grc' dir='ltr'>οὕτω</span> <span class='ocrx_word' id='word_1_393' title='bbox 730 3653 904 3707; x_wconf 75' lang='grc' dir='ltr'>ταῦτα</span> <span class='ocrx_word' id='word_1_394' title='bbox 936 3655 1198 3724; x_wconf 65' lang='grc' dir='ltr'>γέγονεν,</span> <span class='ocrx_word' id='word_1_395' title='bbox 1247 3655 1343 3711; x_wconf 80' lang='grc' dir='ltr'>καὶ</span> <span class='ocrx_word' id='word_1_396' title='bbox 1383 3657 1558 3720; x_wconf 79' lang='grc' dir='ltr'>οὐδεὶς</span> <span class='ocrx_word' id='word_1_397' title='bbox 1621 3659 1680 3725; x_wconf 79' lang='grc' dir='ltr'><strong>ἐξ</strong></span> <span class='ocrx_word' id='word_1_398' title='bbox 1729 3660 1911 3713; x_wconf 79' lang='grc' dir='ltr'>αὐτῶν</span> 
     </span>
    </p>
   </div>
   <div class='ocr_carea' id='block_1_54' title="bbox 332 3743 1914 3820">
    <p class='ocr_par' dir='ltr' id='par_1_54' title="bbox 332 3743 1914 3820">
     <span class='ocr_line' id='line_1_54' title="bbox 332 3743 1914 3820; baseline 0.006 -24"><span class='ocrx_word' id='word_1_399' title='bbox 332 3743 657 3813; x_wconf 77' lang='grc' dir='ltr'>κατῴκησεν</span> <span class='ocrx_word' id='word_1_400' title='bbox 711 3747 768 3798; x_wconf 76' lang='grc' dir='ltr'>ἐν</span> <span class='ocrx_word' id='word_1_401' title='bbox 831 3746 1060 3810; x_wconf 78' lang='grc' dir='ltr'>ταύταις</span> <span class='ocrx_word' id='word_1_402' title='bbox 1139 3749 1279 3817; x_wconf 88' lang='grc' dir='ltr'><strong>μετά</strong></span> <span class='ocrx_word' id='word_1_403' title='bbox 1331 3749 1432 3820; x_wconf 80' lang='grc' dir='ltr'>τὴν</span> <span class='ocrx_word' id='word_1_404' title='bbox 1499 3752 1563 3804; x_wconf 84' lang='grc' dir='ltr'>ὲκ</span> <span class='ocrx_word' id='word_1_405' title='bbox 1621 3752 1914 3820; x_wconf 76' lang='grc' dir='ltr'>Ῥωμαίων</span> 
     </span>
    </p>
   </div>
   <div class='ocr_carea' id='block_1_55' title="bbox 330 3834 1916 3912">
    <p class='ocr_par' dir='ltr' id='par_1_55' title="bbox 330 3834 1916 3912">
     <span class='ocr_line' id='line_1_55' title="bbox 330 3834 1916 3912; baseline 0.007 -27"><span class='ocrx_word' id='word_1_406' title='bbox 330 3834 720 3902; x_wconf 76' lang='grc' dir='ltr'>πανωλεθρίαν</span> <span class='ocrx_word' id='word_1_407' title='bbox 739 3835 849 3887; x_wconf 85' lang='grc' dir='ltr'><strong>τῶν</strong></span> <span class='ocrx_word' id='word_1_408' title='bbox 887 3836 1302 3906; x_wconf 87' lang='grc' dir='ltr'>Ἰεροσολύμων.</span> <span class='ocrx_word' id='word_1_409' title='bbox 1339 3839 1524 3894; x_wconf 82' lang='grc' dir='ltr'>Ταῦτα</span> <span class='ocrx_word' id='word_1_410' title='bbox 1547 3841 1604 3893; x_wconf 78' lang='grc' dir='ltr'>δὲ</span> <span class='ocrx_word' id='word_1_411' title='bbox 1657 3841 1726 3895; x_wconf 81' lang='grc' dir='ltr'><strong>τὰ</strong></span> <span class='ocrx_word' id='word_1_412' title='bbox 1776 3843 1916 3912; x_wconf 75' lang='grc' dir='ltr'>ῥητὰ</span> 
     </span>
    </p>
   </div>
   <div class='ocr_carea' id='block_1_56' title="bbox 329 3925 1914 4000">
    <p class='ocr_par' dir='ltr' id='par_1_56' title="bbox 329 3925 1914 4000">
     <span class='ocr_line' id='line_1_56' title="bbox 329 3925 1914 4000; baseline 0.007 -23"><span class='ocrx_word' id='word_1_413' title='bbox 329 3925 540 3991; x_wconf 77' lang='grc' dir='ltr'>Πέτρος</span> <span class='ocrx_word' id='word_1_414' title='bbox 567 3926 595 3976; x_wconf 81' lang='grc' dir='ltr'>ὁ</span> <span class='ocrx_word' id='word_1_415' title='bbox 634 3926 934 3988; x_wconf 76' lang='grc' dir='ltr'>ἀπόστολος</span> <span class='ocrx_word' id='word_1_416' title='bbox 963 3928 1044 3988; x_wconf 80' lang='grc' dir='ltr'>εἰς</span> <span class='ocrx_word' id='word_1_417' title='bbox 1075 3928 1167 3980; x_wconf 84' lang='grc' dir='ltr'>τὸν</span> <span class='ocrx_word' id='word_1_418' title='bbox 1195 3930 1464 4000; x_wconf 78' lang='grc' dir='ltr'>προδότην</span> <span class='ocrx_word' id='word_1_419' title='bbox 1499 3932 1702 3986; x_wconf 85' lang='grc' dir='ltr'>Ἰούδαν</span> <span class='ocrx_word' id='word_1_420' title='bbox 1729 3933 1914 3998; x_wconf 76' lang='grc' dir='ltr'><strong>ἐξέλα-</strong></span> 
     </span>
    </p>
   </div>
   <div class='ocr_carea' id='block_1_57' title="bbox 328 4018 1912 4092">
    <p class='ocr_par' dir='ltr' id='par_1_57' title="bbox 328 4018 1912 4092">
     <span class='ocr_line' id='line_1_57' title="bbox 328 4018 1912 4092; baseline 0.006 -22"><span class='ocrx_word' id='word_1_421' title='bbox 328 4020 448 4082; x_wconf 72' lang='grc' dir='ltr'>σεν,</span> <span class='ocrx_word' id='word_1_422' title='bbox 472 4018 546 4079; x_wconf 82' lang='grc' dir='ltr'>ὡς</span> <span class='ocrx_word' id='word_1_423' title='bbox 578 4020 671 4070; x_wconf 72' lang='grc' dir='ltr'>καὶ</span> <span class='ocrx_word' id='word_1_424' title='bbox 704 4020 870 4072; x_wconf 79' lang='grc' dir='ltr'>αὑτὸν</span> <span class='ocrx_word' id='word_1_425' title='bbox 899 4020 999 4088; x_wconf 80' lang='grc' dir='ltr'>τῆς</span> <span class='ocrx_word' id='word_1_426' title='bbox 1042 4021 1262 4092; x_wconf 79' lang='grc' dir='ltr'>μερίδος</span> <span class='ocrx_word' id='word_1_427' title='bbox 1305 4023 1436 4078; x_wconf 76' lang='grc' dir='ltr'>ὄντα</span> <span class='ocrx_word' id='word_1_428' title='bbox 1463 4025 1570 4078; x_wconf 83' lang='grc' dir='ltr'>τῶν</span> <span class='ocrx_word' id='word_1_429' title='bbox 1591 4025 1912 4080; x_wconf 82' lang='grc' dir='ltr'>θεοκτόνων.</span> 
     </span>
    </p>
   </div>
   <div class='ocr_carea' id='block_1_58' title="bbox 406 4109 1915 4183">
    <p class='ocr_par' dir='ltr' id='par_1_58' title="bbox 406 4109 1915 4183">
     <span class='ocr_line' id='line_1_58' title="bbox 406 4109 1915 4183; baseline 0.01 -23"><span class='ocrx_word' id='word_1_430' title='bbox 406 4111 528 4161; x_wconf 88' lang='grc' dir='ltr'>Ὅτι</span> <span class='ocrx_word' id='word_1_431' title='bbox 558 4109 630 4162; x_wconf 82' lang='grc' dir='ltr'><strong>ὃν</strong></span> <span class='ocrx_word' id='word_1_432' title='bbox 655 4111 736 4164; x_wconf 87' lang='grc' dir='ltr'>σὺ</span> <span class='ocrx_word' id='word_1_433' title='bbox 785 4113 1113 4179; x_wconf 77' lang='grc' dir='ltr'>ἐπάταξας.</span> <span class='ocrx_word' id='word_1_434' title='bbox 1155 4118 1346 4170; x_wconf 81' lang='grc' dir='ltr'>αὑτὸν</span> <span class='ocrx_word' id='word_1_435' title='bbox 1395 4119 1784 4183; x_wconf 76' lang='grc' dir='ltr'>κατεδίωξαν.</span> <span class='ocrx_word' id='word_1_436' title='bbox 1843 4122 1915 4175; x_wconf 84' lang='grc' dir='ltr'>Τὸ</span> 
     </span>
    </p>
   </div>
   <div class='ocr_carea' id='block_1_59' title="bbox 327 4197 1915 4280">
    <p class='ocr_par' dir='ltr' id='par_1_59' title="bbox 327 4197 1915 4280">
     <span class='ocr_line' id='line_1_59' title="bbox 327 4197 1915 4280; baseline 0.008 -28"><span class='ocrx_word' id='word_1_437' title='bbox 327 4197 693 4266; x_wconf 77' lang='grc' dir='ltr'>Ἐπὰταξας,</span> <span class='ocrx_word' id='word_1_438' title='bbox 735 4202 876 4266; x_wconf 65' lang='grc' dir='ltr'>ἀντὶ,</span> <span class='ocrx_word' id='word_1_439' title='bbox 905 4205 1229 4274; x_wconf 83' lang='grc' dir='ltr'>Καταγῆναι</span> <span class='ocrx_word' id='word_1_440' title='bbox 1253 4208 1596 4278; x_wconf 86' lang='grc' dir='ltr'>παρέδωκας.</span> <span class='ocrx_word' id='word_1_441' title='bbox 1630 4209 1785 4262; x_wconf 82' lang='grc' dir='ltr'>Οὕτω</span> <span class='ocrx_word' id='word_1_442' title='bbox 1804 4212 1915 4280; x_wconf 70' lang='grc' dir='ltr'><strong>γὰρ</strong></span> 
     </span>
    </p>
   </div>
   <div class='ocr_carea' id='block_1_60' title="bbox 327 4288 1915 4370">
    <p class='ocr_par' dir='ltr' id='par_1_60' title="bbox 327 4288 1915 4370">
     <span class='ocr_line' id='line_1_60' title="bbox 327 4288 1915 4370; baseline 0.009 -30"><span class='ocrx_word' id='word_1_443' title='bbox 327 4292 426 4341; x_wconf 84' lang='grc' dir='ltr'><strong>καί</strong></span> <span class='ocrx_word' id='word_1_444' title='bbox 474 4292 746 4361; x_wconf 78' lang='grc' dir='ltr'>Ζαχαρίας</span> <span class='ocrx_word' id='word_1_445' title='bbox 796 4288 952 4345; x_wconf 78' lang='grc' dir='ltr'>εἶπεν</span> <span class='ocrx_word' id='word_1_446' title='bbox 986 4309 1002 4326; x_wconf 88' lang='grc'><strong>·</strong></span> <span class='ocrx_word' id='word_1_447' title='bbox 1065 4297 1315 4359; x_wconf 77' lang='grc' dir='ltr'>Πατάξω</span> <span class='ocrx_word' id='word_1_448' title='bbox 1361 4297 1471 4350; x_wconf 80' lang='grc' dir='ltr'><strong>τὸν</strong></span> <span class='ocrx_word' id='word_1_449' title='bbox 1523 4300 1779 4370; x_wconf 78' lang='grc' dir='ltr'>ποιμένα</span> <span class='ocrx_word' id='word_1_450' title='bbox 1815 4301 1915 4355; x_wconf 75' lang='grc' dir='ltr'><strong>καὶ</strong></span> 
     </span>
    </p>
   </div>
   <div class='ocr_carea' id='block_1_61' title="bbox 326 4380 1912 4459">
    <p class='ocr_par' dir='ltr' id='par_1_61' title="bbox 326 4380 1912 4459">
     <span class='ocr_line' id='line_1_61' title="bbox 326 4380 1912 4459; baseline 0.007 -28"><span class='ocrx_word' id='word_1_451' title='bbox 326 4380 993 4448; x_wconf 75' lang='grc' dir='ltr'>διασκορπισθήσονται</span> <span class='ocrx_word' id='word_1_452' title='bbox 1019 4388 1091 4441; x_wconf 85' lang='grc' dir='ltr'>τὰ</span> <span class='ocrx_word' id='word_1_453' title='bbox 1130 4390 1396 4456; x_wconf 78' lang='grc' dir='ltr'>πρόϐατα</span> <span class='ocrx_word' id='word_1_454' title='bbox 1456 4388 1565 4456; x_wconf 80' lang='grc' dir='ltr'>τῆς</span> <span class='ocrx_word' id='word_1_455' title='bbox 1611 4393 1870 4459; x_wconf 74' lang='grc' dir='ltr'>ποίμνης</span> <span class='ocrx_word' id='word_1_456' title='bbox 1897 4407 1912 4422; x_wconf 78' lang='grc' dir='ltr'><strong>ο</strong></span> 
     </span>
    </p>
   </div>
   <div class='ocr_carea' id='block_1_62' title="bbox 330 4473 1914 4552">
    <p class='ocr_par' dir='ltr' id='par_1_62' title="bbox 330 4473 1914 4552">
     <span class='ocr_line' id='line_1_62' title="bbox 330 4473 1914 4552; baseline 0.009 -28"><span class='ocrx_word' id='word_1_457' title='bbox 330 4473 426 4524; x_wconf 73' lang='grc' dir='ltr'>καὶ</span> <span class='ocrx_word' id='word_1_458' title='bbox 478 4473 704 4537; x_wconf 72' lang='grc' dir='ltr'>Ἡσαΐας</span> <span class='ocrx_word' id='word_1_459' title='bbox 746 4493 760 4504; x_wconf 83' lang='grc'><strong>·</strong></span> <span class='ocrx_word' id='word_1_460' title='bbox 786 4478 1004 4544; x_wconf 84' lang='grc' dir='ltr'>Κύριος</span> <span class='ocrx_word' id='word_1_461' title='bbox 1044 4481 1388 4545; x_wconf 78' lang='grc' dir='ltr'>παρέδωκεν</span> <span class='ocrx_word' id='word_1_462' title='bbox 1411 4481 1601 4536; x_wconf 79' lang='grc' dir='ltr'>αὐτὸν</span> <span class='ocrx_word' id='word_1_463' title='bbox 1626 4483 1777 4552; x_wconf 81' lang='grc' dir='ltr'>ὑπὲρ</span> <span class='ocrx_word' id='word_1_464' title='bbox 1797 4483 1914 4538; x_wconf 84' lang='grc' dir='ltr'>τῶν</span> 
     </span>
    </p>
   </div>
   <div class='ocr_carea' id='block_1_63' title="bbox 327 4562 1914 4640">
    <p class='ocr_par' dir='ltr' id='par_1_63' title="bbox 327 4562 1914 4640">
     <span class='ocr_line' id='line_1_63' title="bbox 327 4562 1914 4640; baseline 0.008 -27"><span class='ocrx_word' id='word_1_465' title='bbox 327 4562 632 4628; x_wconf 82' lang='grc' dir='ltr'>ἁμαρτιῶν</span> <span class='ocrx_word' id='word_1_466' title='bbox 662 4564 855 4632; x_wconf 74' lang='grc' dir='ltr'>ἡμῶν.</span> <span class='ocrx_word' id='word_1_467' title='bbox 909 4568 1130 4638; x_wconf 73' lang='grc' dir='ltr'>’ἰδίωμα</span> <span class='ocrx_word' id='word_1_468' title='bbox 1190 4573 1298 4640; x_wconf 86' lang='grc' dir='ltr'><strong>γάρ</strong></span> <span class='ocrx_word' id='word_1_469' title='bbox 1341 4570 1441 4640; x_wconf 80' lang='grc' dir='ltr'>τῆς</span> <span class='ocrx_word' id='word_1_470' title='bbox 1516 4571 1799 4640; x_wconf 76' lang='grc' dir='ltr'>Ἐϐραῖδος</span> <span class='ocrx_word' id='word_1_471' title='bbox 1850 4575 1914 4626; x_wconf 84' lang='grc' dir='ltr'>τὸ</span> 
     </span>
    </p>
   </div>
   <div class='ocr_carea' id='block_1_64' title="bbox 325 4652 1914 4737">
    <p class='ocr_par' dir='ltr' id='par_1_64' title="bbox 325 4652 1914 4737">
     <span class='ocr_line' id='line_1_64' title="bbox 325 4652 1914 4737; baseline 0.007 -30"><span class='ocrx_word' id='word_1_472' title='bbox 325 4652 848 4727; x_wconf 78' lang='grc' dir='ltr'>τὴνπαραχὼρησιν</span> <span class='ocrx_word' id='word_1_473' title='bbox 893 4659 1056 4728; x_wconf 79' lang='grc' dir='ltr'>ἔργον</span> <span class='ocrx_word' id='word_1_474' title='bbox 1098 4661 1410 4730; x_wconf 75' lang='grc' dir='ltr'>ὀνομάζειν,</span> <span class='ocrx_word' id='word_1_475' title='bbox 1459 4663 1536 4726; x_wconf 85' lang='grc' dir='ltr'>ὡς</span> <span class='ocrx_word' id='word_1_476' title='bbox 1587 4664 1684 4717; x_wconf 81' lang='grc' dir='ltr'>τοῦ</span> <span class='ocrx_word' id='word_1_477' title='bbox 1738 4682 1914 4737; x_wconf 87' lang='grc' dir='ltr'>παρα-</span> 
     </span>
    </p>
   </div>
   <div class='ocr_carea' id='block_1_65' title="bbox 327 4745 1910 4826">
    <p class='ocr_par' dir='ltr' id='par_1_65' title="bbox 327 4745 1910 4826">
     <span class='ocr_line' id='line_1_65' title="bbox 327 4745 1910 4826; baseline 0.011 -32"><span class='ocrx_word' id='word_1_478' title='bbox 327 4745 636 4813; x_wconf 66' lang='grc' dir='ltr'>χωροῦντας</span> <span class='ocrx_word' id='word_1_479' title='bbox 663 4748 966 4818; x_wconf 81' lang='grc' dir='ltr'>δυναμένου</span> <span class='ocrx_word' id='word_1_480' title='bbox 993 4752 1274 4817; x_wconf 83' lang='grc' dir='ltr'>κωλῦσαι,</span> <span class='ocrx_word' id='word_1_481' title='bbox 1308 4755 1402 4807; x_wconf 76' lang='grc' dir='ltr'>καὶ</span> <span class='ocrx_word' id='word_1_482' title='bbox 1459 4755 1534 4826; x_wconf 79' lang='grc' dir='ltr'>μὴ</span> <span class='ocrx_word' id='word_1_483' title='bbox 1589 4757 1910 4822; x_wconf 87' lang='grc' dir='ltr'>κωλύοντος.</span> 
     </span>
    </p>
   </div>
   <div class='ocr_carea' id='block_1_66' title="bbox 328 4834 1908 4918">
    <p class='ocr_par' dir='ltr' id='par_1_66' title="bbox 328 4834 1908 4918">
     <span class='ocr_line' id='line_1_66' title="bbox 328 4834 1908 4918; baseline 0.012 -34"><span class='ocrx_word' id='word_1_484' title='bbox 328 4834 403 4886; x_wconf 88' lang='grc' dir='ltr'><strong>Τὸ</strong></span> <span class='ocrx_word' id='word_1_485' title='bbox 435 4835 490 4887; x_wconf 84' lang='grc' dir='ltr'>δὲ</span> <span class='ocrx_word' id='word_1_486' title='bbox 524 4839 913 4906; x_wconf 77' lang='grc' dir='ltr'>κατεδίωξαν,</span> <span class='ocrx_word' id='word_1_487' title='bbox 943 4842 1062 4895; x_wconf 80' lang='grc' dir='ltr'>ἀντὶ</span> <span class='ocrx_word' id='word_1_488' title='bbox 1087 4841 1204 4908; x_wconf 84' lang='grc' dir='ltr'>τοῦ,</span> <span class='ocrx_word' id='word_1_489' title='bbox 1227 4844 1438 4914; x_wconf 57' lang='grc' dir='ltr'>Σψόδρα</span> <span class='ocrx_word' id='word_1_490' title='bbox 1465 4847 1875 4918; x_wconf 74' lang='grc' dir='ltr'>ἐτιμωρήσαντο</span> <span class='ocrx_word' id='word_1_491' title='bbox 1895 4866 1908 4882; x_wconf 74' lang='grc' dir='ltr'><strong><em>ο</em></strong></span> 
     </span>
    </p>
   </div>
   <div class='ocr_carea' id='block_1_67' title="bbox 325 4925 1902 5011">
    <p class='ocr_par' dir='ltr' id='par_1_67' title="bbox 325 4925 1902 5011">
     <span class='ocr_line' id='line_1_67' title="bbox 325 4925 1902 5011; baseline 0.014 -37"><span class='ocrx_word' id='word_1_492' title='bbox 325 4925 360 4990; x_wconf 84' lang='grc' dir='ltr'>ἠ</span> <span class='ocrx_word' id='word_1_493' title='bbox 423 4927 530 4995; x_wconf 72' lang='grc' dir='ltr'><strong>γὰρ</strong></span> <span class='ocrx_word' id='word_1_494' title='bbox 591 4929 849 4998; x_wconf 81' lang='grc' dir='ltr'>πρόθεσις</span> <span class='ocrx_word' id='word_1_495' title='bbox 896 4935 1206 5004; x_wconf 78' lang='grc' dir='ltr'>ὲμφαντική</span> <span class='ocrx_word' id='word_1_496' title='bbox 1261 4936 1409 4988; x_wconf 74' lang='grc' dir='ltr'>ἐστιν</span> <span class='ocrx_word' id='word_1_497' title='bbox 1461 4937 1807 5003; x_wconf 81' lang='grc' dir='ltr'>ἐπιτάσεως·</span> <span class='ocrx_word' id='word_1_498' title='bbox 1844 4941 1902 5011; x_wconf 81' lang='grc' dir='ltr'>ἢ,</span> 
     </span>
    </p>
   </div>
   <div class='ocr_carea' id='block_1_68' title="bbox 329 5015 1326 5090">
    <p class='ocr_par' dir='ltr' id='par_1_68' title="bbox 329 5015 1326 5090">
     <span class='ocr_line' id='line_1_68' title="bbox 329 5015 1326 5090; baseline 0.013 -26"><span class='ocrx_word' id='word_1_499' title='bbox 329 5015 689 5085; x_wconf 78' lang='grc' dir='ltr'>Κατέδραμον</span> <span class='ocrx_word' id='word_1_500' title='bbox 718 5018 880 5088; x_wconf 83' lang='grc' dir='ltr'>ἄχρις</span> <span class='ocrx_word' id='word_1_501' title='bbox 917 5020 984 5073; x_wconf 88' lang='grc' dir='ltr'>ἂν</span> <span class='ocrx_word' id='word_1_502' title='bbox 1004 5023 1326 5090; x_wconf 76' lang='grc' dir='ltr'>ἐφόνευσαν.</span> 
     </span>
    </p>
   </div>
   <div class='ocr_carea' id='block_1_69' title="bbox 2093 2826 3606 2900">
    <p class='ocr_par' dir='ltr' id='par_1_69' title="bbox 2093 2826 3606 2900">
     <span class='ocr_line' id='line_1_69' title="bbox 2093 2826 3606 2900; baseline 0.002 -21"><span class='ocrx_word' id='word_1_503' title='bbox 2093 2826 2257 2884; x_wconf 73' lang='lat' dir='ltr'><strong>Vens.</strong></span> <span class='ocrx_word' id='word_1_504' title='bbox 2295 2827 2385 2884; x_wconf 74' lang='lat'><strong>25.</strong></span> <span class='ocrx_word' id='word_1_505' title='bbox 2433 2827 2665 2897; x_wconf 69' lang='lat' dir='ltr'><strong>Eﬂ&#39;unde</strong></span> <span class='ocrx_word' id='word_1_506' title='bbox 2694 2847 2856 2898; x_wconf 86' lang='lat' dir='ltr'><strong>super</strong></span> <span class='ocrx_word' id='word_1_507' title='bbox 2885 2847 2972 2885; x_wconf 88' lang='lat' dir='ltr'><strong>eos</strong></span> <span class='ocrx_word' id='word_1_508' title='bbox 3007 2831 3144 2884; x_wconf 87' lang='lat' dir='ltr'><strong>iram</strong></span> <span class='ocrx_word' id='word_1_509' title='bbox 3175 2839 3348 2894; x_wconf 82' lang='lat' dir='ltr'><strong>tuam,</strong></span> <span class='ocrx_word' id='word_1_510' title='bbox 3377 2840 3425 2886; x_wconf 88' lang='lat' dir='ltr'><strong>et</strong></span> <span class='ocrx_word' id='word_1_511' title='bbox 3452 2831 3606 2900; x_wconf 78' lang='grc' dir='ltr'>[ανον</span> 
     </span>
    </p>
   </div>
   <div class='ocr_carea' id='block_1_70' title="bbox 2020 2918 3604 2989">
    <p class='ocr_par' dir='ltr' id='par_1_70' title="bbox 2020 2918 3604 2989">
     <span class='ocr_line' id='line_1_70' title="bbox 2020 2918 3604 2989; baseline 0.002 -17"><span class='ocrx_word' id='word_1_512' title='bbox 2020 2918 2118 2972; x_wconf 76' lang='lat' dir='ltr'><strong>ira:</strong></span> <span class='ocrx_word' id='word_1_513' title='bbox 2167 2928 2272 2972; x_wconf 74' lang='lat' dir='ltr'><strong>tua:</strong></span> <span class='ocrx_word' id='word_1_514' title='bbox 2321 2921 2733 2987; x_wconf 83' lang='lat' dir='ltr'><strong>comprehendat</strong></span> <span class='ocrx_word' id='word_1_515' title='bbox 2763 2937 2874 2975; x_wconf 85' lang='lat' dir='ltr'><strong>eos.</strong></span> <span class='ocrx_word' id='word_1_516' title='bbox 2911 2920 3090 2974; x_wconf 91' lang='lat' dir='ltr'><strong>Unum</strong></span> <span class='ocrx_word' id='word_1_517' title='bbox 3127 2929 3294 2989; x_wconf 85' lang='lat' dir='ltr'><strong>atque</strong></span> <span class='ocrx_word' id='word_1_518' title='bbox 3326 2921 3464 2975; x_wconf 84' lang='lat' dir='ltr'><strong>idem</strong></span> <span class='ocrx_word' id='word_1_519' title='bbox 3519 2923 3604 2975; x_wconf 66' lang='lat' dir='ltr'><strong>di.</strong></span> 
     </span>
    </p>
   </div>
   <div class='ocr_carea' id='block_1_71' title="bbox 2019 3009 3600 3082">
    <p class='ocr_par' dir='ltr' id='par_1_71' title="bbox 2019 3009 3600 3082">
     <span class='ocr_line' id='line_1_71' title="bbox 2019 3009 3600 3082; baseline 0.003 -18"><span class='ocrx_word' id='word_1_520' title='bbox 2019 3017 2152 3064; x_wconf 91' lang='lat' dir='ltr'><strong>cunt</strong></span> <span class='ocrx_word' id='word_1_521' title='bbox 2186 3009 2241 3062; x_wconf 92' lang='lat' dir='ltr'><strong>hi</strong></span> <span class='ocrx_word' id='word_1_522' title='bbox 2271 3009 2380 3064; x_wconf 91' lang='lat' dir='ltr'><strong>duo</strong></span> <span class='ocrx_word' id='word_1_523' title='bbox 2409 3010 2693 3075; x_wconf 90' lang='lat' dir='ltr'><strong>versiculi,</strong></span> <span class='ocrx_word' id='word_1_524' title='bbox 2733 3026 2799 3065; x_wconf 90' lang='lat' dir='ltr'><strong>eo</strong></span> <span class='ocrx_word' id='word_1_525' title='bbox 2833 3021 3083 3080; x_wconf 80' lang='lat' dir='ltr'><strong>excepto,</strong></span> <span class='ocrx_word' id='word_1_526' title='bbox 3137 3011 3286 3082; x_wconf 92' lang='lat' dir='ltr'><strong>quod</strong></span> <span class='ocrx_word' id='word_1_527' title='bbox 3317 3014 3600 3068; x_wconf 86' lang='lat' dir='ltr'><strong>secundus</strong></span> 
     </span>
    </p>
   </div>
   <div class='ocr_carea' id='block_1_72' title="bbox 2018 3099 3139 3170">
    <p class='ocr_par' dir='ltr' id='par_1_72' title="bbox 2018 3099 3139 3170">
     <span class='ocr_line' id='line_1_72' title="bbox 2018 3099 3139 3170; baseline -0.001 -13"><span class='ocrx_word' id='word_1_528' title='bbox 2018 3099 2414 3156; x_wconf 80' lang='lat' dir='ltr'><strong>vehementiori</strong></span> <span class='ocrx_word' id='word_1_529' title='bbox 2457 3101 2632 3154; x_wconf 89' lang='lat' dir='ltr'><strong>utitur</strong></span> <span class='ocrx_word' id='word_1_530' title='bbox 2658 3101 2916 3170; x_wconf 87' lang='lat' dir='ltr'><strong>loquendi</strong></span> <span class='ocrx_word' id='word_1_531' title='bbox 2954 3102 3139 3156; x_wconf 92' lang='lat' dir='ltr'><strong>modo.</strong></span> 
     </span>
    </p>
   </div>
   <div class='ocr_carea' id='block_1_73' title="bbox 2092 3189 3605 3260">
    <p class='ocr_par' dir='ltr' id='par_1_73' title="bbox 2092 3189 3605 3260">
     <span class='ocr_line' id='line_1_73' title="bbox 2092 3189 3605 3260; baseline 0.001 -17"><span class='ocrx_word' id='word_1_532' title='bbox 2092 3189 2259 3244; x_wconf 75' lang='lat' dir='ltr'><strong>Vens.</strong></span> <span class='ocrx_word' id='word_1_533' title='bbox 2302 3190 2391 3253; x_wconf 73' lang='grc'>26,</span> <span class='ocrx_word' id='word_1_534' title='bbox 2436 3189 2564 3245; x_wconf 88' lang='lat' dir='ltr'><strong>Fiat</strong></span> <span class='ocrx_word' id='word_1_535' title='bbox 2587 3191 2852 3246; x_wconf 78' lang='lat' dir='ltr'><strong>habitatio</strong></span> <span class='ocrx_word' id='word_1_536' title='bbox 2877 3208 3061 3246; x_wconf 85' lang='lat' dir='ltr'><strong>eorum</strong></span> <span class='ocrx_word' id='word_1_537' title='bbox 3088 3193 3322 3260; x_wconf 84' lang='lat' dir='ltr'><strong>deserta,</strong></span> <span class='ocrx_word' id='word_1_538' title='bbox 3350 3195 3401 3246; x_wconf 89' lang='lat' dir='ltr'><strong>in</strong></span> <span class='ocrx_word' id='word_1_539' title='bbox 3426 3197 3605 3247; x_wconf 80' lang='lat' dir='ltr'><strong>taber-</strong></span> 
     </span>
    </p>
   </div>
   <div class='ocr_carea' id='block_1_74' title="bbox 2021 3284 3604 3353">
    <p class='ocr_par' dir='ltr' id='par_1_74' title="bbox 2021 3284 3604 3353">
     <span class='ocr_line' id='line_1_74' title="bbox 2021 3284 3604 3353; baseline 0.002 -16"><span class='ocrx_word' id='word_1_540' title='bbox 2021 3284 2229 3338; x_wconf 83' lang='lat' dir='ltr'><strong>naculis</strong></span> <span class='ocrx_word' id='word_1_541' title='bbox 2263 3299 2447 3338; x_wconf 87' lang='lat' dir='ltr'><strong>eorum</strong></span> <span class='ocrx_word' id='word_1_542' title='bbox 2502 3300 2608 3338; x_wconf 87' lang='lat' dir='ltr'><strong>non</strong></span> <span class='ocrx_word' id='word_1_543' title='bbox 2657 3285 2751 3346; x_wconf 87' lang='lat' dir='ltr'><strong>sit.</strong></span> <span class='ocrx_word' id='word_1_544' title='bbox 2797 3286 2889 3353; x_wconf 86' lang='lat' dir='ltr'><strong>qui</strong></span> <span class='ocrx_word' id='word_1_545' title='bbox 2926 3286 3207 3341; x_wconf 78' lang='lat' dir='ltr'><strong>inhabitet.</strong></span> <span class='ocrx_word' id='word_1_546' title='bbox 3254 3285 3358 3342; x_wconf 89' lang='lat' dir='ltr'><strong>Per</strong></span> <span class='ocrx_word' id='word_1_547' title='bbox 3392 3286 3604 3341; x_wconf 84' lang='lat' dir='ltr'><strong>habita-</strong></span> 
     </span>
    </p>
   </div>
   <div class='ocr_carea' id='block_1_75' title="bbox 2021 3375 3598 3450">
    <p class='ocr_par' dir='ltr' id='par_1_75' title="bbox 2021 3375 3598 3450">
     <span class='ocr_line' id='line_1_75' title="bbox 2021 3375 3598 3450; baseline 0.003 -21"><span class='ocrx_word' id='word_1_548' title='bbox 2021 3375 2249 3440; x_wconf 89' lang='lat' dir='ltr'><strong>tionem,</strong></span> <span class='ocrx_word' id='word_1_549' title='bbox 2283 3376 2598 3432; x_wconf 83' lang='lat' dir='ltr'><strong>universam</strong></span> <span class='ocrx_word' id='word_1_550' title='bbox 2634 3378 2874 3448; x_wconf 83' lang='lat' dir='ltr'><strong>appellat</strong></span> <span class='ocrx_word' id='word_1_551' title='bbox 2907 3377 3370 3450; x_wconf 79' lang='lat' dir='ltr'><strong>Hierosolymam,</strong></span> <span class='ocrx_word' id='word_1_552' title='bbox 3406 3380 3461 3433; x_wconf 92' lang='lat' dir='ltr'><strong>in</strong></span> <span class='ocrx_word' id='word_1_553' title='bbox 3487 3395 3598 3448; x_wconf 87' lang='lat' dir='ltr'><strong>qua</strong></span> 
     </span>
    </p>
   </div>
   <div class='ocr_carea' id='block_1_76' title="bbox 2019 3470 3602 3540">
    <p class='ocr_par' dir='ltr' id='par_1_76' title="bbox 2019 3470 3602 3540">
     <span class='ocr_line' id='line_1_76' title="bbox 2019 3470 3602 3540; baseline -0.003 -12"><span class='ocrx_word' id='word_1_554' title='bbox 2019 3486 2210 3528; x_wconf 90' lang='lat' dir='ltr'><strong>omnes</strong></span> <span class='ocrx_word' id='word_1_555' title='bbox 2237 3470 2440 3526; x_wconf 87' lang='lat' dir='ltr'><strong>Christi</strong></span> <span class='ocrx_word' id='word_1_556' title='bbox 2478 3470 2758 3526; x_wconf 89' lang='lat' dir='ltr'><strong>occisores</strong></span> <span class='ocrx_word' id='word_1_557' title='bbox 2807 3471 3165 3535; x_wconf 80' lang='lat' dir='ltr'><strong>habitabant;</strong></span> <span class='ocrx_word' id='word_1_558' title='bbox 3199 3487 3295 3540; x_wconf 88' lang='lat' dir='ltr'><strong>per</strong></span> <span class='ocrx_word' id='word_1_559' title='bbox 3347 3470 3602 3526; x_wconf 89' lang='lat' dir='ltr'><strong>taberna-</strong></span> 
     </span>
    </p>
   </div>
   <div class='ocr_carea' id='block_1_77' title="bbox 2019 3561 3601 3632">
    <p class='ocr_par' dir='ltr' id='par_1_77' title="bbox 2019 3561 3601 3632">
     <span class='ocr_line' id='line_1_77' title="bbox 2019 3561 3601 3632; baseline 0 -14"><span class='ocrx_word' id='word_1_560' title='bbox 2019 3564 2142 3618; x_wconf 88' lang='lat' dir='ltr'><strong>cula</strong></span> <span class='ocrx_word' id='word_1_561' title='bbox 2181 3578 2311 3616; x_wconf 85' lang='lat' dir='ltr'><strong>vero</strong></span> <span class='ocrx_word' id='word_1_562' title='bbox 2355 3563 2604 3632; x_wconf 82' lang='lat' dir='ltr'><strong>privatas</strong></span> <span class='ocrx_word' id='word_1_563' title='bbox 2631 3578 2825 3617; x_wconf 89' lang='lat' dir='ltr'><strong>eorum</strong></span> <span class='ocrx_word' id='word_1_564' title='bbox 2850 3563 3044 3619; x_wconf 88' lang='lat' dir='ltr'><strong>domos</strong></span> <span class='ocrx_word' id='word_1_565' title='bbox 3072 3563 3348 3632; x_wconf 79' lang='lat' dir='ltr'><strong>intelligit.</strong></span> <span class='ocrx_word' id='word_1_566' title='bbox 3381 3561 3444 3615; x_wconf 83' lang='lat' dir='ltr'><strong>Et</strong></span> <span class='ocrx_word' id='word_1_567' title='bbox 3468 3579 3601 3618; x_wconf 85' lang='lat' dir='ltr'><strong>sane</strong></span> 
     </span>
    </p>
   </div>
   <div class='ocr_carea' id='block_1_78' title="bbox 2020 3651 3604 3723">
    <p class='ocr_par' dir='ltr' id='par_1_78' title="bbox 2020 3651 3604 3723">
     <span class='ocr_line' id='line_1_78' title="bbox 2020 3651 3604 3723; baseline 0.001 -15"><span class='ocrx_word' id='word_1_568' title='bbox 2020 3654 2095 3708; x_wconf 88' lang='lat' dir='ltr'><strong>ita</strong></span> <span class='ocrx_word' id='word_1_569' title='bbox 2124 3653 2378 3709; x_wconf 80' lang='lat' dir='ltr'><strong>eﬂ‘ectum</strong></span> <span class='ocrx_word' id='word_1_570' title='bbox 2413 3661 2518 3707; x_wconf 89' lang='lat' dir='ltr'><strong>est.</strong></span> <span class='ocrx_word' id='word_1_571' title='bbox 2549 3651 2720 3708; x_wconf 82' lang='lat' dir='ltr'><strong>Nemo</strong></span> <span class='ocrx_word' id='word_1_572' title='bbox 2741 3655 2884 3709; x_wconf 92' lang='lat' dir='ltr'><strong>enim</strong></span> <span class='ocrx_word' id='word_1_573' title='bbox 2924 3655 2977 3708; x_wconf 94' lang='lat' dir='ltr'><strong>in</strong></span> <span class='ocrx_word' id='word_1_574' title='bbox 3013 3654 3096 3710; x_wconf 91' lang='lat' dir='ltr'><strong>eis</strong></span> <span class='ocrx_word' id='word_1_575' title='bbox 3123 3656 3355 3723; x_wconf 85' lang='lat' dir='ltr'><strong>amplius</strong></span> <span class='ocrx_word' id='word_1_576' title='bbox 3393 3656 3604 3709; x_wconf 71' lang='lat' dir='ltr'><strong>habita~</strong></span> 
     </span>
    </p>
   </div>
   <div class='ocr_carea' id='block_1_79' title="bbox 2020 3743 3599 3814">
    <p class='ocr_par' dir='ltr' id='par_1_79' title="bbox 2020 3743 3599 3814">
     <span class='ocr_line' id='line_1_79' title="bbox 2020 3743 3599 3814; baseline 0.001 -17"><span class='ocrx_word' id='word_1_577' title='bbox 2020 3747 2122 3807; x_wconf 86' lang='lat' dir='ltr'><strong>vit,</strong></span> <span class='ocrx_word' id='word_1_578' title='bbox 2156 3755 2278 3814; x_wconf 89' lang='lat' dir='ltr'><strong>post</strong></span> <span class='ocrx_word' id='word_1_579' title='bbox 2307 3743 2645 3798; x_wconf 87' lang='lat' dir='ltr'><strong>eversionem</strong></span> <span class='ocrx_word' id='word_1_580' title='bbox 2698 3745 2846 3799; x_wconf 90' lang='lat' dir='ltr'><strong>illam</strong></span> <span class='ocrx_word' id='word_1_581' title='bbox 2877 3761 2908 3799; x_wconf 88' lang='lat' dir='ltr'><strong>a</strong></span> <span class='ocrx_word' id='word_1_582' title='bbox 2940 3745 3314 3802; x_wconf 78' lang='lat' dir='ltr'><strong>Romanorum</strong></span> <span class='ocrx_word' id='word_1_583' title='bbox 3355 3747 3599 3800; x_wconf 80' lang='lat' dir='ltr'><strong>exercitu</strong></span> 
     </span>
    </p>
   </div>
   <div class='ocr_carea' id='block_1_80' title="bbox 2020 3835 3600 3906">
    <p class='ocr_par' dir='ltr' id='par_1_80' title="bbox 2020 3835 3600 3906">
     <span class='ocr_line' id='line_1_80' title="bbox 2020 3835 3600 3906; baseline 0.001 -15"><span class='ocrx_word' id='word_1_584' title='bbox 2020 3837 2246 3891; x_wconf 86' lang='lat' dir='ltr'><strong>illatam.</strong></span> <span class='ocrx_word' id='word_1_585' title='bbox 2292 3835 2417 3890; x_wconf 59' lang='lat' dir='ltr'><strong>Haec</strong></span> <span class='ocrx_word' id='word_1_586' title='bbox 2450 3844 2631 3889; x_wconf 90' lang='lat' dir='ltr'><strong>autem</strong></span> <span class='ocrx_word' id='word_1_587' title='bbox 2666 3836 2832 3890; x_wconf 89' lang='lat' dir='ltr'><strong>verba</strong></span> <span class='ocrx_word' id='word_1_588' title='bbox 2883 3837 3170 3906; x_wconf 86' lang='lat' dir='ltr'><strong>apostolus</strong></span> <span class='ocrx_word' id='word_1_589' title='bbox 3220 3836 3414 3890; x_wconf 84' lang='lat' dir='ltr'><strong>Petrus</strong></span> <span class='ocrx_word' id='word_1_590' title='bbox 3469 3852 3600 3906; x_wconf 88' lang='lat' dir='ltr'><strong>pro-</strong></span> 
     </span>
    </p>
   </div>
   <div class='ocr_carea' id='block_1_81' title="bbox 2019 3927 3601 3998">
    <p class='ocr_par' dir='ltr' id='par_1_81' title="bbox 2019 3927 3601 3998">
     <span class='ocr_line' id='line_1_81' title="bbox 2019 3927 3601 3998; baseline 0.001 -16"><span class='ocrx_word' id='word_1_591' title='bbox 2019 3929 2184 3983; x_wconf 89' lang='lat' dir='ltr'><strong>ditori</strong></span> <span class='ocrx_word' id='word_1_592' title='bbox 2222 3927 2377 3983; x_wconf 78' lang='lat' dir='ltr'><strong>Judae</strong></span> <span class='ocrx_word' id='word_1_593' title='bbox 2405 3927 2846 3983; x_wconf 81' lang='lat' dir='ltr'><strong>accommodavit</strong></span> <span class='ocrx_word' id='word_1_594' title='bbox 2877 3938 3135 3998; x_wconf 85' lang='lat' dir='ltr'><strong>tanquam</strong></span> <span class='ocrx_word' id='word_1_595' title='bbox 3169 3928 3260 3982; x_wconf 93' lang='lat' dir='ltr'><strong>uni</strong></span> <span class='ocrx_word' id='word_1_596' title='bbox 3309 3944 3374 3984; x_wconf 79' lang='lat' dir='ltr'><strong>ex</strong></span> <span class='ocrx_word' id='word_1_597' title='bbox 3409 3929 3475 3985; x_wconf 89' lang='lat' dir='ltr'><strong>iis</strong></span> <span class='ocrx_word' id='word_1_598' title='bbox 3506 3929 3601 3998; x_wconf 88' lang='lat' dir='ltr'><strong>qui</strong></span> 
     </span>
    </p>
   </div>
   <div class='ocr_carea' id='block_1_82' title="bbox 2017 4020 2674 4077">
    <p class='ocr_par' dir='ltr' id='par_1_82' title="bbox 2017 4020 2674 4077">
     <span class='ocr_line' id='line_1_82' title="bbox 2017 4020 2674 4077; baseline 0 -1"><span class='ocrx_word' id='word_1_599' title='bbox 2017 4021 2296 4076; x_wconf 89' lang='lat' dir='ltr'><strong>Christum</strong></span> <span class='ocrx_word' id='word_1_600' title='bbox 2332 4020 2674 4077; x_wconf 88' lang='lat' dir='ltr'><strong>occiderunt.</strong></span> 
     </span>
    </p>
   </div>
   <div class='ocr_carea' id='block_1_83' title="bbox 2093 4113 3603 4185">
    <p class='ocr_par' dir='ltr' id='par_1_83' title="bbox 2093 4113 3603 4185">
     <span class='ocr_line' id='line_1_83' title="bbox 2093 4113 3603 4185; baseline 0.001 -19"><span class='ocrx_word' id='word_1_601' title='bbox 2093 4113 2254 4168; x_wconf 68' lang='lat' dir='ltr'><strong>Vens.</strong></span> <span class='ocrx_word' id='word_1_602' title='bbox 2292 4113 2385 4168; x_wconf 72' lang='grc'><strong>27.</strong></span> <span class='ocrx_word' id='word_1_603' title='bbox 2428 4113 2698 4179; x_wconf 84' lang='lat' dir='ltr'><strong>Quoniam</strong></span> <span class='ocrx_word' id='word_1_604' title='bbox 2723 4129 2876 4185; x_wconf 88' lang='lat' dir='ltr'><strong>quem</strong></span> <span class='ocrx_word' id='word_1_605' title='bbox 2910 4123 2965 4167; x_wconf 88' lang='lat' dir='ltr'><strong>tu</strong></span> <span class='ocrx_word' id='word_1_606' title='bbox 2985 4114 3292 4181; x_wconf 78' lang='lat' dir='ltr'><strong>percussisti</strong></span> <span class='ocrx_word' id='word_1_607' title='bbox 3328 4115 3429 4180; x_wconf 85' lang='lat' dir='ltr'><strong>ipsi</strong></span> <span class='ocrx_word' id='word_1_608' title='bbox 3469 4129 3603 4183; x_wconf 85' lang='lat' dir='ltr'><strong>per-</strong></span> 
     </span>
    </p>
   </div>
   <div class='ocr_carea' id='block_1_84' title="bbox 2015 4204 3596 4276">
    <p class='ocr_par' dir='ltr' id='par_1_84' title="bbox 2015 4204 3596 4276">
     <span class='ocr_line' id='line_1_84' title="bbox 2015 4204 3596 4276; baseline 0.003 -18"><span class='ocrx_word' id='word_1_609' title='bbox 2015 4207 2180 4260; x_wconf 83' lang='lat' dir='ltr'><strong>secuti</strong></span> <span class='ocrx_word' id='word_1_610' title='bbox 2211 4216 2359 4262; x_wconf 84' lang='lat' dir='ltr'><strong>sunt.</strong></span> <span class='ocrx_word' id='word_1_611' title='bbox 2391 4204 2715 4261; x_wconf 84' lang='lat' dir='ltr'><strong>Percussisti</strong></span> <span class='ocrx_word' id='word_1_612' title='bbox 2757 4206 2914 4272; x_wconf 80' lang='lat' dir='ltr'><strong>dixit,</strong></span> <span class='ocrx_word' id='word_1_613' title='bbox 2965 4221 3086 4276; x_wconf 92' lang='lat' dir='ltr'><strong>pro,</strong></span> <span class='ocrx_word' id='word_1_614' title='bbox 3130 4216 3414 4275; x_wconf 85' lang='lat' dir='ltr'><strong>perculere</strong></span> <span class='ocrx_word' id='word_1_615' title='bbox 3468 4223 3596 4276; x_wconf 87' lang='lat' dir='ltr'><strong>per-</strong></span> 
     </span>
    </p>
   </div>
   <div class='ocr_carea' id='block_1_85' title="bbox 2017 4295 3600 4369">
    <p class='ocr_par' dir='ltr' id='par_1_85' title="bbox 2017 4295 3600 4369">
     <span class='ocr_line' id='line_1_85' title="bbox 2017 4295 3600 4369; baseline 0.003 -18"><span class='ocrx_word' id='word_1_616' title='bbox 2017 4298 2238 4353; x_wconf 88' lang='lat' dir='ltr'><strong>misisti.</strong></span> <span class='ocrx_word' id='word_1_617' title='bbox 2269 4297 2360 4354; x_wconf 89' lang='lat' dir='ltr'><strong>Sic</strong></span> <span class='ocrx_word' id='word_1_618' title='bbox 2389 4301 2555 4355; x_wconf 88' lang='lat' dir='ltr'><strong>etiam</strong></span> <span class='ocrx_word' id='word_1_619' title='bbox 2590 4297 2889 4354; x_wconf 84' lang='lat' dir='ltr'><strong>Zacharias</strong></span> <span class='ocrx_word' id='word_1_620' title='bbox 2921 4297 3062 4352; x_wconf 81' lang='lat' dir='ltr'><strong>dixit</strong></span> <span class='ocrx_word' id='word_1_621' title='bbox 3089 4316 3102 4349; x_wconf 88' lang='lat'><strong>:</strong></span> <span class='ocrx_word' id='word_1_622' title='bbox 3142 4295 3450 4353; x_wconf 83' lang='lat' dir='ltr'><strong>Percutiam</strong></span> <span class='ocrx_word' id='word_1_623' title='bbox 3499 4316 3600 4369; x_wconf 88' lang='lat' dir='ltr'><strong>pa-</strong></span> 
     </span>
    </p>
   </div>
   <div class='ocr_carea' id='block_1_86' title="bbox 2015 4388 3596 4462">
    <p class='ocr_par' dir='ltr' id='par_1_86' title="bbox 2015 4388 3596 4462">
     <span class='ocr_line' id='line_1_86' title="bbox 2015 4388 3596 4462; baseline 0.003 -19"><span class='ocrx_word' id='word_1_624' title='bbox 2015 4398 2212 4444; x_wconf 88' lang='lat' dir='ltr'><strong>storem</strong></span> <span class='ocrx_word' id='word_1_625' title='bbox 2244 4400 2293 4444; x_wconf 87' lang='lat' dir='ltr'><strong>et</strong></span> <span class='ocrx_word' id='word_1_626' title='bbox 2326 4391 2690 4462; x_wconf 85' lang='lat' dir='ltr'><strong>dispergentur</strong></span> <span class='ocrx_word' id='word_1_627' title='bbox 2712 4407 2829 4444; x_wconf 83' lang='lat' dir='ltr'><strong>oves</strong></span> <span class='ocrx_word' id='word_1_628' title='bbox 2852 4394 3028 4460; x_wconf 85' lang='lat' dir='ltr'><strong>gregis</strong></span> <span class='ocrx_word' id='word_1_629' title='bbox 3041 4391 3105 4444; x_wconf 85' lang='grc'><strong>⁸³.</strong></span> <span class='ocrx_word' id='word_1_630' title='bbox 3136 4388 3201 4442; x_wconf 85' lang='grc' dir='ltr'><strong>Ει</strong></span> <span class='ocrx_word' id='word_1_631' title='bbox 3232 4389 3402 4448; x_wconf 88' lang='lat' dir='ltr'><strong>Isaias</strong></span> <span class='ocrx_word' id='word_1_632' title='bbox 3428 4393 3553 4446; x_wconf 88' lang='lat' dir='ltr'><strong>alibi</strong></span> <span class='ocrx_word' id='word_1_633' title='bbox 3579 4411 3596 4447; x_wconf 86' lang='lat'><strong><em>:</em></strong></span> 
     </span>
    </p>
   </div>
   <div class='ocr_carea' id='block_1_87' title="bbox 2023 4481 3598 4553">
    <p class='ocr_par' dir='ltr' id='par_1_87' title="bbox 2023 4481 3598 4553">
     <span class='ocr_line' id='line_1_87' title="bbox 2023 4481 3598 4553; baseline 0.002 -19"><span class='ocrx_word' id='word_1_634' title='bbox 2023 4481 2282 4536; x_wconf 81' lang='lat' dir='ltr'><strong>Dominus</strong></span> <span class='ocrx_word' id='word_1_635' title='bbox 2342 4483 2566 4537; x_wconf 83' lang='lat' dir='ltr'><strong>tradidit</strong></span> <span class='ocrx_word' id='word_1_636' title='bbox 2622 4498 2741 4536; x_wconf 84' lang='lat' dir='ltr'><strong>eum</strong></span> <span class='ocrx_word' id='word_1_637' title='bbox 2775 4499 2870 4553; x_wconf 90' lang='lat' dir='ltr'><strong>pro</strong></span> <span class='ocrx_word' id='word_1_638' title='bbox 2925 4484 3160 4551; x_wconf 85' lang='lat' dir='ltr'><strong>peccatis</strong></span> <span class='ocrx_word' id='word_1_639' title='bbox 3217 4485 3441 4538; x_wconf 85' lang='lat' dir='ltr'><strong>nostris.</strong></span> <span class='ocrx_word' id='word_1_640' title='bbox 3501 4485 3598 4541; x_wconf 87' lang='lat' dir='ltr'><strong>Est</strong></span> 
     </span>
    </p>
   </div>
   <div class='ocr_carea' id='block_1_88' title="bbox 2015 4573 3598 4646">
    <p class='ocr_par' dir='ltr' id='par_1_88' title="bbox 2015 4573 3598 4646">
     <span class='ocr_line' id='line_1_88' title="bbox 2015 4573 3598 4646; baseline 0.003 -20"><span class='ocrx_word' id='word_1_641' title='bbox 2015 4575 2177 4627; x_wconf 89' lang='lat' dir='ltr'><strong>etiam</strong></span> <span class='ocrx_word' id='word_1_642' title='bbox 2210 4584 2264 4629; x_wconf 89' lang='lat' dir='ltr'><strong>et</strong></span> <span class='ocrx_word' id='word_1_643' title='bbox 2295 4577 2406 4629; x_wconf 79' lang='lat' dir='ltr'><strong>lnec</strong></span> <span class='ocrx_word' id='word_1_644' title='bbox 2461 4573 2744 4630; x_wconf 73' lang='lat' dir='ltr'><strong>Hebraica:</strong></span> <span class='ocrx_word' id='word_1_645' title='bbox 2801 4576 3001 4644; x_wconf 61' lang='lat' dir='ltr'><strong>linguae</strong></span> <span class='ocrx_word' id='word_1_646' title='bbox 3054 4577 3386 4646; x_wconf 88' lang='lat' dir='ltr'><strong>proprietas.</strong></span> <span class='ocrx_word' id='word_1_647' title='bbox 3432 4585 3491 4632; x_wconf 90' lang='lat' dir='ltr'><strong>ut</strong></span> <span class='ocrx_word' id='word_1_648' title='bbox 3547 4578 3598 4632; x_wconf 87' lang='lat' dir='ltr'><strong>ei</strong></span> 
     </span>
    </p>
   </div>
   <div class='ocr_carea' id='block_1_89' title="bbox 2014 4665 3598 4736">
    <p class='ocr_par' dir='ltr' id='par_1_89' title="bbox 2014 4665 3598 4736">
     <span class='ocr_line' id='line_1_89' title="bbox 2014 4665 3598 4736; baseline 0.003 -17"><span class='ocrx_word' id='word_1_649' title='bbox 2014 4666 2108 4734; x_wconf 83' lang='lat' dir='ltr'><strong>qui</strong></span> <span class='ocrx_word' id='word_1_650' title='bbox 2166 4667 2436 4734; x_wconf 87' lang='lat' dir='ltr'><strong>permittit</strong></span> <span class='ocrx_word' id='word_1_651' title='bbox 2476 4666 2683 4724; x_wconf 81' lang='lat' dir='ltr'><strong>factum</strong></span> <span class='ocrx_word' id='word_1_652' title='bbox 2734 4667 2998 4732; x_wconf 87' lang='lat' dir='ltr'><strong>ascribat,</strong></span> <span class='ocrx_word' id='word_1_653' title='bbox 3031 4682 3098 4721; x_wconf 83' lang='lat' dir='ltr'><strong>co</strong></span> <span class='ocrx_word' id='word_1_654' title='bbox 3125 4665 3270 4736; x_wconf 87' lang='lat' dir='ltr'><strong>quod</strong></span> <span class='ocrx_word' id='word_1_655' title='bbox 3307 4667 3598 4736; x_wconf 86' lang='lat' dir='ltr'><strong>prohibere</strong></span> 
     </span>
    </p>
   </div>
   <div class='ocr_carea' id='block_1_90' title="bbox 2013 4758 3599 4830">
    <p class='ocr_par' dir='ltr' id='par_1_90' title="bbox 2013 4758 3599 4830">
     <span class='ocr_line' id='line_1_90' title="bbox 2013 4758 3599 4830; baseline 0.003 -21"><span class='ocrx_word' id='word_1_656' title='bbox 2013 4758 2216 4826; x_wconf 90' lang='lat' dir='ltr'><strong>potuit,</strong></span> <span class='ocrx_word' id='word_1_657' title='bbox 2274 4769 2329 4814; x_wconf 91' lang='lat' dir='ltr'><strong>et</strong></span> <span class='ocrx_word' id='word_1_658' title='bbox 2389 4775 2498 4814; x_wconf 90' lang='lat' dir='ltr'><strong>non</strong></span> <span class='ocrx_word' id='word_1_659' title='bbox 2574 4759 2878 4830; x_wconf 88' lang='lat' dir='ltr'><strong>prohibuit.</strong></span> <span class='ocrx_word' id='word_1_660' title='bbox 2940 4758 3098 4824; x_wconf 81' lang='lat' dir='ltr'><strong>Quod</strong></span> <span class='ocrx_word' id='word_1_661' title='bbox 3156 4774 3286 4814; x_wconf 91' lang='lat' dir='ltr'><strong>vero</strong></span> <span class='ocrx_word' id='word_1_662' title='bbox 3341 4761 3599 4828; x_wconf 81' lang='lat' dir='ltr'><strong>persecuti</strong></span> 
     </span>
    </p>
   </div>
   <div class='ocr_carea' id='block_1_91' title="bbox 2013 4850 3596 4922">
    <p class='ocr_par' dir='ltr' id='par_1_91' title="bbox 2013 4850 3596 4922">
     <span class='ocr_line' id='line_1_91' title="bbox 2013 4850 3596 4922; baseline 0 -18"><span class='ocrx_word' id='word_1_663' title='bbox 2013 4865 2156 4916; x_wconf 83' lang='lat' dir='ltr'><strong>sunt,</strong></span> <span class='ocrx_word' id='word_1_664' title='bbox 2216 4867 2471 4920; x_wconf 81' lang='lat' dir='ltr'><strong>expone,</strong></span> <span class='ocrx_word' id='word_1_665' title='bbox 2518 4867 2640 4918; x_wconf 84' lang='lat' dir='ltr'><strong>pro,</strong></span> <span class='ocrx_word' id='word_1_666' title='bbox 2687 4851 2949 4921; x_wconf 80' lang='lat' dir='ltr'><strong>gravibus</strong></span> <span class='ocrx_word' id='word_1_667' title='bbox 3003 4850 3317 4920; x_wconf 79' lang='lat' dir='ltr'><strong>aﬂlixerunt</strong></span> <span class='ocrx_word' id='word_1_668' title='bbox 3380 4851 3596 4922; x_wconf 84' lang='lat' dir='ltr'><strong>poenis;</strong></span> 
     </span>
    </p>
   </div>
   <div class='ocr_carea' id='block_1_92' title="bbox 2015 4943 3314 5013">
    <p class='ocr_par' dir='ltr' id='par_1_92' title="bbox 2015 4943 3314 5013">
     <span class='ocr_line' id='line_1_92' title="bbox 2015 4943 3314 5013; baseline 0.001 -18"><span class='ocrx_word' id='word_1_669' title='bbox 2015 4944 2121 5007; x_wconf 89' lang='lat' dir='ltr'><strong>vel,</strong></span> <span class='ocrx_word' id='word_1_670' title='bbox 2158 4944 2440 4999; x_wconf 82' lang='lat' dir='ltr'><strong>Persecuti</strong></span> <span class='ocrx_word' id='word_1_671' title='bbox 2469 4952 2620 5002; x_wconf 91' lang='lat' dir='ltr'><strong>sunt.</strong></span> <span class='ocrx_word' id='word_1_672' title='bbox 2661 4958 2951 5013; x_wconf 80' lang='lat' dir='ltr'><strong>quousque</strong></span> <span class='ocrx_word' id='word_1_673' title='bbox 2985 4943 3314 5013; x_wconf 81' lang='lat' dir='ltr'><strong>occiderint.</strong></span> 
     </span>
    </p>
   </div>
   <div class='ocr_carea' id='block_1_93' title="bbox 401 5110 1916 5196">
    <p class='ocr_par' dir='ltr' id='par_1_93' title="bbox 401 5110 1911 5190">
     <span class='ocr_line' id='line_1_93' title="bbox 401 5110 1911 5190; baseline 0.011 -29"><span class='ocrx_word' id='word_1_674' title='bbox 401 5110 508 5162; x_wconf 79' lang='grc' dir='ltr'><strong>Καὶ</strong></span> <span class='ocrx_word' id='word_1_675' title='bbox 533 5111 632 5164; x_wconf 78' lang='grc' dir='ltr'><strong>ἐπὶ</strong></span> <span class='ocrx_word' id='word_1_676' title='bbox 665 5111 732 5164; x_wconf 79' lang='grc' dir='ltr'>τὸ</span> <span class='ocrx_word' id='word_1_677' title='bbox 759 5113 949 5182; x_wconf 73' lang='grc' dir='ltr'>ἄλγος</span> <span class='ocrx_word' id='word_1_678' title='bbox 994 5115 1110 5168; x_wconf 80' lang='grc' dir='ltr'>τῶν</span> <span class='ocrx_word' id='word_1_679' title='bbox 1170 5118 1521 5187; x_wconf 80' lang='grc' dir='ltr'>τραυμάτων</span> <span class='ocrx_word' id='word_1_680' title='bbox 1550 5139 1670 5189; x_wconf 79' lang='grc' dir='ltr'><strong>μου</strong></span> <span class='ocrx_word' id='word_1_681' title='bbox 1725 5139 1911 5190; x_wconf 79' lang='grc' dir='ltr'>προσ-</span> 
     </span>
    </p>
   </div>
   <div class='ocr_carea' id='block_1_94' title="bbox 2029 5110 3586 5196">
    <p class='ocr_par' dir='ltr' id='par_1_94' title="bbox 2089 5124 3586 5196">
     <span class='ocr_line' id='line_1_94' title="bbox 2089 5124 3586 5196; baseline -0.002 -17"><span class='ocrx_word' id='word_1_682' title='bbox 2089 5126 2155 5179; x_wconf 79' lang='lat' dir='ltr'><strong>Et</strong></span> <span class='ocrx_word' id='word_1_683' title='bbox 2186 5143 2343 5196; x_wconf 83' lang='lat' dir='ltr'><strong>super</strong></span> <span class='ocrx_word' id='word_1_684' title='bbox 2383 5126 2619 5180; x_wconf 85' lang='lat' dir='ltr'><strong>dolorem</strong></span> <span class='ocrx_word' id='word_1_685' title='bbox 2660 5126 2935 5180; x_wconf 75' lang='lat' dir='ltr'><strong>vulnerum</strong></span> <span class='ocrx_word' id='word_1_686' title='bbox 2971 5142 3203 5180; x_wconf 84' lang='lat' dir='ltr'><strong>meorum</strong></span> <span class='ocrx_word' id='word_1_687' title='bbox 3240 5124 3586 5177; x_wconf 80' lang='lat' dir='ltr'><strong>addiderant.</strong></span> 
     </span>
    </p>
   </div>
   <div class='ocr_carea' id='block_1_95' title="bbox 325 5196 1905 5286">
    <p class='ocr_par' dir='ltr' id='par_1_95' title="bbox 325 5196 1905 5286">
     <span class='ocr_line' id='line_1_95' title="bbox 325 5196 1905 5286; baseline 0.01 -36"><span class='ocrx_word' id='word_1_688' title='bbox 325 5196 574 5266; x_wconf 74' lang='grc' dir='ltr'>ἐθηκαν.</span> <span class='ocrx_word' id='word_1_689' title='bbox 613 5202 873 5274; x_wconf 77' lang='grc' dir='ltr'>Ηύξησάν</span> <span class='ocrx_word' id='word_1_690' title='bbox 907 5224 994 5274; x_wconf 84' lang='grc' dir='ltr'><strong>μοι</strong></span> <span class='ocrx_word' id='word_1_691' title='bbox 1022 5209 1082 5260; x_wconf 84' lang='grc' dir='ltr'>τὸ</span> <span class='ocrx_word' id='word_1_692' title='bbox 1114 5209 1286 5277; x_wconf 80' lang='grc' dir='ltr'>ἄλγος</span> <span class='ocrx_word' id='word_1_693' title='bbox 1318 5211 1426 5263; x_wconf 77' lang='grc' dir='ltr'>τῶν</span> <span class='ocrx_word' id='word_1_694' title='bbox 1467 5212 1804 5281; x_wconf 79' lang='grc' dir='ltr'>τραυμάτων</span> <span class='ocrx_word' id='word_1_695' title='bbox 1838 5218 1905 5286; x_wconf 81' lang='grc' dir='ltr'>τῇ</span> 
     </span>
    </p>
   </div>
   <div class='ocr_carea' id='block_1_96' title="bbox 328 5289 1909 5376">
    <p class='ocr_par' dir='ltr' id='par_1_96' title="bbox 328 5289 1909 5376">
     <span class='ocr_line' id='line_1_96' title="bbox 328 5289 1909 5376; baseline 0.013 -37"><span class='ocrx_word' id='word_1_696' title='bbox 328 5291 613 5364; x_wconf 76' lang='grc' dir='ltr'>προσθήκῃ</span> <span class='ocrx_word' id='word_1_697' title='bbox 643 5295 736 5346; x_wconf 84' lang='grc' dir='ltr'>τοῦ</span> <span class='ocrx_word' id='word_1_698' title='bbox 768 5296 1097 5366; x_wconf 80' lang='grc' dir='ltr'>ὀνειδισμού,</span> <span class='ocrx_word' id='word_1_699' title='bbox 1129 5299 1161 5370; x_wconf 87' lang='grc' dir='ltr'>ἢ</span> <span class='ocrx_word' id='word_1_700' title='bbox 1198 5303 1264 5370; x_wconf 79' lang='grc' dir='ltr'>τῇ</span> <span class='ocrx_word' id='word_1_701' title='bbox 1303 5305 1667 5376; x_wconf 71' lang='grc' dir='ltr'>συκοφαντίᾳ,</span> <span class='ocrx_word' id='word_1_702' title='bbox 1694 5305 1776 5359; x_wconf 82' lang='grc' dir='ltr'>ὅτι</span> <span class='ocrx_word' id='word_1_703' title='bbox 1813 5289 1909 5361; x_wconf 79' lang='grc' dir='ltr'>τα-</span> 
     </span>
    </p>
   </div>
   <div class='ocr_carea' id='block_1_97' title="bbox 328 5382 1290 5462">
    <p class='ocr_par' dir='ltr' id='par_1_97' title="bbox 328 5382 1290 5462">
     <span class='ocr_line' id='line_1_97' title="bbox 328 5382 1290 5462; baseline 0.016 -31"><span class='ocrx_word' id='word_1_704' title='bbox 328 5382 746 5456; x_wconf 54' lang='grc' dir='ltr'>φεὶςρκλάπην,</span> <span class='ocrx_word' id='word_1_705' title='bbox 767 5387 883 5439; x_wconf 82' lang='grc' dir='ltr'>ἀλλ’</span> <span class='ocrx_word' id='word_1_706' title='bbox 905 5387 1003 5441; x_wconf 79' lang='grc' dir='ltr'><strong>οὐκ</strong></span> <span class='ocrx_word' id='word_1_707' title='bbox 1033 5391 1290 5462; x_wconf 82' lang='grc' dir='ltr'>ἀνέστην.</span> 
     </span>
    </p>
   </div>
   <div class='ocr_carea' id='block_1_98' title="bbox 401 5644 1902 5726">
    <p class='ocr_par' dir='ltr' id='par_1_98' title="bbox 401 5644 1902 5726">
     <span class='ocr_line' id='line_1_98' title="bbox 401 5644 1902 5726; baseline 0.018 -33"><span class='ocrx_word' id='word_1_708' title='bbox 401 5644 665 5710; x_wconf 82' lang='grc' dir='ltr'>Πρόσθες</span> <span class='ocrx_word' id='word_1_709' title='bbox 715 5648 973 5717; x_wconf 73' lang='grc' dir='ltr'>ἀνομίαν</span> <span class='ocrx_word' id='word_1_710' title='bbox 1020 5650 1120 5704; x_wconf 76' lang='grc' dir='ltr'><strong>ἐπὶ</strong></span> <span class='ocrx_word' id='word_1_711' title='bbox 1180 5654 1296 5720; x_wconf 81' lang='grc' dir='ltr'><strong>τὴν</strong></span> <span class='ocrx_word' id='word_1_712' title='bbox 1356 5658 1619 5726; x_wconf 74' lang='grc' dir='ltr'>ἀνομίαν</span> <span class='ocrx_word' id='word_1_713' title='bbox 1677 5661 1902 5720; x_wconf 76' lang='grc' dir='ltr'>αὐτῶν.</span> 
     </span>
    </p>
   </div>
   <div class='ocr_carea' id='block_1_99' title="bbox 382 5825 1456 5895">
    <p class='ocr_par' dir='ltr' id='par_1_99' title="bbox 382 5825 1456 5895">
     <span class='ocr_line' id='line_1_99' title="bbox 382 5825 1456 5895; baseline 0.009 -14"><span class='ocrx_word' id='word_1_714' title='bbox 382 5825 426 5856; x_wconf 82' lang='grc'>⁸³</span> <span class='ocrx_word' id='word_1_715' title='bbox 453 5825 683 5884; x_wconf 78' lang='lat' dir='ltr'><strong>Zachar.</strong></span> <span class='ocrx_word' id='word_1_716' title='bbox 710 5845 829 5890; x_wconf 80' lang='lat' dir='ltr'><strong>xm.</strong></span> <span class='ocrx_word' id='word_1_717' title='bbox 863 5831 933 5890; x_wconf 88' lang='lat'><strong>7:</strong></span> <span class='ocrx_word' id='word_1_718' title='bbox 971 5830 1158 5888; x_wconf 81' lang='lat' dir='ltr'><strong>Matth.</strong></span> <span class='ocrx_word' id='word_1_719' title='bbox 1190 5851 1339 5895; x_wconf 77' lang='lat' dir='ltr'><strong>nvi.</strong></span> <span class='ocrx_word' id='word_1_720' title='bbox 1368 5836 1456 5892; x_wconf 78' lang='grc'><strong>51.</strong></span> 
     </span>
    </p>
   </div>
   <div class='ocr_carea' id='block_1_100' title="bbox 2013 5215 3590 5282">
    <p class='ocr_par' dir='ltr' id='par_1_100' title="bbox 2013 5215 3590 5282">
     <span class='ocr_line' id='line_1_100' title="bbox 2013 5215 3590 5282; baseline -0.001 -11"><span class='ocrx_word' id='word_1_721' title='bbox 2013 5219 2302 5273; x_wconf 77' lang='lat' dir='ltr'><strong>Auxerunt</strong></span> <span class='ocrx_word' id='word_1_722' title='bbox 2332 5219 2465 5273; x_wconf 89' lang='lat' dir='ltr'><strong>mihi</strong></span> <span class='ocrx_word' id='word_1_723' title='bbox 2495 5219 2785 5274; x_wconf 87' lang='lat' dir='ltr'><strong>vulnerum</strong></span> <span class='ocrx_word' id='word_1_724' title='bbox 2816 5218 3084 5280; x_wconf 91' lang='lat' dir='ltr'><strong>dolorem,</strong></span> <span class='ocrx_word' id='word_1_725' title='bbox 3114 5215 3364 5271; x_wconf 86' lang='lat' dir='ltr'><strong>addendo</strong></span> <span class='ocrx_word' id='word_1_726' title='bbox 3390 5231 3590 5282; x_wconf 88' lang='lat' dir='ltr'><strong>oppro-</strong></span> 
     </span>
    </p>
   </div>
   <div class='ocr_carea' id='block_1_101' title="bbox 2013 5305 3592 5381">
    <p class='ocr_par' dir='ltr' id='par_1_101' title="bbox 2013 5305 3592 5381">
     <span class='ocr_line' id='line_1_101' title="bbox 2013 5305 3592 5381; baseline -0.004 -15"><span class='ocrx_word' id='word_1_727' title='bbox 2013 5311 2152 5367; x_wconf 89' lang='lat' dir='ltr'><strong>bria.</strong></span> <span class='ocrx_word' id='word_1_728' title='bbox 2211 5311 2329 5377; x_wconf 84' lang='lat' dir='ltr'><strong>Vel,</strong></span> <span class='ocrx_word' id='word_1_729' title='bbox 2409 5328 2575 5381; x_wconf 87' lang='lat' dir='ltr'><strong>super</strong></span> <span class='ocrx_word' id='word_1_730' title='bbox 2618 5312 2904 5366; x_wconf 91' lang='lat' dir='ltr'><strong>vulnerum</strong></span> <span class='ocrx_word' id='word_1_731' title='bbox 2964 5309 3210 5363; x_wconf 89' lang='lat' dir='ltr'><strong>dolorem</strong></span> <span class='ocrx_word' id='word_1_732' title='bbox 3266 5305 3592 5362; x_wconf 79' lang='lat' dir='ltr'><strong>addiderunt</strong></span> 
     </span>
    </p>
   </div>
   <div class='ocr_carea' id='block_1_102' title="bbox 2009 5395 3584 5468">
    <p class='ocr_par' dir='ltr' id='par_1_102' title="bbox 2009 5395 3584 5468">
     <span class='ocr_line' id='line_1_102' title="bbox 2009 5395 3584 5468; baseline -0.003 -15"><span class='ocrx_word' id='word_1_733' title='bbox 2009 5401 2365 5464; x_wconf 85' lang='lat' dir='ltr'><strong>calumniam,</strong></span> <span class='ocrx_word' id='word_1_734' title='bbox 2399 5401 2667 5464; x_wconf 89' lang='lat' dir='ltr'><strong>dicentes,</strong></span> <span class='ocrx_word' id='word_1_735' title='bbox 2698 5399 2840 5468; x_wconf 88' lang='lat' dir='ltr'><strong>quod</strong></span> <span class='ocrx_word' id='word_1_736' title='bbox 2890 5397 3164 5468; x_wconf 88' lang='lat' dir='ltr'><strong>sepultum</strong></span> <span class='ocrx_word' id='word_1_737' title='bbox 3207 5410 3292 5450; x_wconf 88' lang='lat' dir='ltr'><strong>me</strong></span> <span class='ocrx_word' id='word_1_738' title='bbox 3324 5395 3584 5464; x_wconf 88' lang='lat' dir='ltr'><strong>discipuli</strong></span> 
     </span>
    </p>
   </div>
   <div class='ocr_carea' id='block_1_103' title="bbox 2011 5486 3588 5560">
    <p class='ocr_par' dir='ltr' id='par_1_103' title="bbox 2011 5486 3588 5560">
     <span class='ocr_line' id='line_1_103' title="bbox 2011 5486 3588 5560; baseline -0.003 -20"><span class='ocrx_word' id='word_1_739' title='bbox 2011 5486 2160 5542; x_wconf 84' lang='lat' dir='ltr'><strong>furto</strong></span> <span class='ocrx_word' id='word_1_740' title='bbox 2195 5490 2619 5555; x_wconf 82' lang='lat' dir='ltr'><strong>subtraxisscnt,</strong></span> <span class='ocrx_word' id='word_1_741' title='bbox 2669 5499 2725 5545; x_wconf 84' lang='lat' dir='ltr'><strong>et</strong></span> <span class='ocrx_word' id='word_1_742' title='bbox 2775 5497 3032 5560; x_wconf 74' lang='lat' dir='ltr'><strong>negantes</strong></span> <span class='ocrx_word' id='word_1_743' title='bbox 3083 5501 3170 5542; x_wconf 88' lang='lat' dir='ltr'><strong>mc</strong></span> <span class='ocrx_word' id='word_1_744' title='bbox 3219 5500 3344 5540; x_wconf 72' lang='lat' dir='ltr'><strong>vere</strong></span> <span class='ocrx_word' id='word_1_745' title='bbox 3395 5501 3588 5540; x_wconf 72' lang='lat' dir='ltr'><strong>rcsur~</strong></span> 
     </span>
    </p>
   </div>
   <div class='ocr_carea' id='block_1_104' title="bbox 2007 5577 2238 5633">
    <p class='ocr_par' dir='ltr' id='par_1_104' title="bbox 2007 5577 2238 5633">
     <span class='ocr_line' id='line_1_104' title="bbox 2007 5577 2238 5633; baseline 0.017 -4"><span class='ocrx_word' id='word_1_746' title='bbox 2007 5577 2238 5633; x_wconf 80' lang='lat' dir='ltr'><strong>rexisse.</strong></span> 
     </span>
    </p>
   </div>
   <div class='ocr_carea' id='block_1_105' title="bbox 2094 5667 3585 5738">
    <p class='ocr_par' dir='ltr' id='par_1_105' title="bbox 2094 5667 3585 5738">
     <span class='ocr_line' id='line_1_105' title="bbox 2094 5667 3585 5738; baseline -0.003 -14"><span class='ocrx_word' id='word_1_747' title='bbox 2094 5667 2253 5725; x_wconf 72' lang='lat' dir='ltr'><strong>Vens.</strong></span> <span class='ocrx_word' id='word_1_748' title='bbox 2296 5671 2385 5727; x_wconf 72' lang='lat'><strong>28.</strong></span> <span class='ocrx_word' id='word_1_749' title='bbox 2431 5671 2645 5738; x_wconf 86' lang='lat' dir='ltr'><strong>Appone</strong></span> <span class='ocrx_word' id='word_1_750' title='bbox 2691 5669 3025 5737; x_wconf 80' lang='lat' dir='ltr'><strong>iniquitatem</strong></span> <span class='ocrx_word' id='word_1_751' title='bbox 3059 5683 3217 5737; x_wconf 85' lang='lat' dir='ltr'><strong>super</strong></span> <span class='ocrx_word' id='word_1_752' title='bbox 3247 5669 3585 5738; x_wconf 85' lang='lat' dir='ltr'><strong>iniquitatem</strong></span> 
     </span>
    </p>
   </div>
  </div>
