4070 6224
437 343 551 410 ’103

1677 348 2062 411 EUI‘HYMII
2111 350 2474 415 ZIGABENI

3593 345 3719 412 701

444 473 650 512 eorum.
712 455 817 509 Per
894 455 1236 526 iniquitatem
1289 458 1379 514 hic
1436 459 1590 514 multi
1650 461 2018 514 calamitatem

2136 463 2392 535 ’Λνομίαν
2431 466 2665 521 ἐνταῦθα
2700 469 2797 540 τὴν
2854 472 3142 541 συμφορὰν
3197 473 3245 523 οἱ
3290 466 3563 536 ἐξηγηταὶ
3614 484 3720 518 νε-

444 549 674 619 intelligi
728 549 944 610 dicunt,
995 552 1456 620 quemadmodum
1494 555 1660 608 etiam
1714 556 1767 608 in
1807 555 2019 624 psalmo

444 657 552 706 LVI,
592 643 707 695 ibi:
756 642 928 696 Donec
980 653 1217 699 transeat
1263 647 1557 715 iniquitas;
1612 646 1702 700 ubi
1759 646 2017 703 diximus.

446 735 685 802 Augebis
713 745 794 802 tu,
823 736 1020 807 inquit,
1053 752 1240 791 eorum
1273 739 1636 803 calamitates,
1677 741 1805 809 quia
1836 748 1889 793 ct
1918 739 2019 808 ipsi

443 823 764 881 amictiones
794 828 926 882 mihi
959 828 1121 883 etiam
1150 832 1453 899 augebant.

510 916 579 970 Et
603 934 705 971 non
733 920 929 973 intrent
966 921 1016 973 in
1041 920 1313 989 justitiam
1350 930 1522 975 tuam.
1557 918 1673 974 Non
1712 920 2018 991 ingredien-

439 1019 555 1075 tur,
588 1010 793 1079 inquit,
825 1018 886 1065 ut
912 1011 1293 1081 justilicentur
1329 1027 1359 1066 a
1392 1024 1465 1076 te,
1516 1021 1571 1066 et
1604 1020 2022 1081 consequantur

442 1100 903 1167 misericordiam,
955 1119 1019 1159 eo
1051 1105 1212 1159 modo
1245 1120 1353 1174 quo
1388 1120 1511 1159 eam
1545 1120 1740 1160 omnes
1776 1103 1852 1157 illi
1885 1118 2019 1157 con-

441 1194 690 1247 secuturi
722 1205 872 1261 sunt,
900 1196 1100 1265 quibus
1132 1211 1161 1249 a
1198 1207 1249 1251 te
1302 1195 1519 1251 dicetur
1551 1214 1566 1251 :
1616 1195 1820 1260 Venite,
1870 1196 2025 1249 bene-

440 1282 574 1336 dicti
610 1282 791 1339 Patris
821 1287 923 1340 mei
970 1287 1039 1341 “.
1084 1286 1265 1355 Aliqui
1301 1302 1432 1342 vero
1483 1288 1759 1357 justitiam
1796 1287 1884 1340 hic
1933 1300 2024 1339 ac-

445 1374 551 1444 cipi
602 1376 796 1431 dicunt
822 1393 924 1448 pro
954 1377 1274 1450 Evangelio.
1306 1380 1405 1436 Est
1431 1381 1633 1436 ctenim
1666 1379 2021 1450 Evangelium

442 1464 682 1532 justitia,
730 1482 796 1523 eo
830 1471 974 1537 quod
1010 1484 1201 1524 omnes
1248 1486 1403 1539 teque
1434 1481 1596 1527 vocat
1648 1472 1716 1526 ad
1768 1472 2023 1535 salutem,

445 1566 500 1613 et
525 1574 718 1616 omnes
751 1563 981 1632 suscipit
1014 1564 1106 1633 qui
1142 1564 1207 1617 ad
1241 1563 1376 1619 illud
1402 1563 1689 1619 accedunt.

476 1721 479 1725 η
521 1649 691 1706 νεεδ.
737 1652 827 1707 9.9.
873 1653 1164 1708 Deleantur
1191 1655 1255 1708 de
1298 1654 1434 1709 libro
1465 1655 1773 1709 viventium.
1804 1654 1910 1709 Hic
1941 1663 2025 1710 est

445 1742 539 1797 ille
574 1742 712 1799 liber
742 1744 809 1799 de
860 1761 973 1816 quo
1012 1746 1273 1816 legimus,
1303 1748 1453 1816 quod
1485 1764 1611 1803 cum
1647 1751 1828 1804 iratus
1872 1758 2022 1805 esset

449 1832 591 1891 Deus
619 1836 912 1892 adversum
965 1840 1252 1908 populum,
1284 1840 1378 1909 qui
1418 1840 1657 1894 vitulum
1707 1841 1934 1906 fecerat,
1968 1852 2024 1895 et

445 1925 744 1983 dixissctci
775 1928 974 1984 Moises
1013 1949 1025 1983 :
1063 1929 1122 1985 Si
1145 1932 1353 2002 quidem
1377 1933 1604 1987 dimittis
1625 1935 1699 1987 eis
1727 1943 2021 2003 peccatum,

443 2014 685 2083 dimitte;
741 2021 789 2074 si
844 2021 1042 2086 minus,
1076 2023 1189 2076 dele
1229 2040 1307 2077 me
1367 2024 1429 2079 de
1486 2024 1645 2091 libro,
1680 2043 1834 2096 quem
1883 2029 2022 2082 scri-

442 2108 645 2174 psisti;
678 2112 967 2181 respondit
992 2114 1041 2168 ei
1072 2114 1217 2171 Deus
1246 2132 1259 2168 :
1286 2114 1484 2185 Siquis
1516 2118 1811 2185 peccaverit
1841 2135 2022 2172 coram

2123 558 2401 626 νοήκασιν,
2435 558 2509 621 ὼς
2557 560 2614 611 ἐν
2640 559 2716 629 τῷ
2749 566 2834 623 νίζ’
2867 560 3067 629 ψαλμῶ
3118 561 3565 630 προειρήκαμεν,
3618 560 3713 619 εἰς

2122 652 2204 713 τὸ,
2235 652 2384 717 Ἕως
2414 646 2485 706 οὗ
2515 651 2783 720 παρέλθῃ
2814 652 2851 717 ἠ
2886 654 3127 721 ἀνομία.
3165 650 3429 722 Προλέγει
3466 648 3583 711 οὖν,
3615 648 3715 699 ὅτι

2122 742 2391 808 Αὒξήσεις
2434 746 2619 805 αὐτοῖς
2681 743 2780 805 τὰς
2835 741 3145 812 συμφοράς,
3222 742 3345 794 ἐπεὶ
3385 740 3485 793 καὶ
3540 737 3711 790 auro}.

2123 834 2418 904 αὐξήσουσι
2439 832 2537 897 τὰς
2560 834 2771 901 Ολίιζιεις
2800 834 2946 903 ἐμοί.

2191 926 2297 980 Kal
2327 926 2412 995 μὴ
2446 926 2883 980 εισελθέτωσαν
2912 926 2982 979 ἐν
3004 924 3358 992 δικαιοσύνῃ
3401 936 3543 976 σου.
3590 920 3713 972 Καὶ

2123 1018 2223 1071 οὐκ
2284 1015 2680 1069 εἰσελεύσονται
2737 1018 2816 1079 είς
2853 1018 2912 1068 τὸ
2962 1013 3321 1081 δικαιωθῆναι
3398 1008 3551 1079 παρὰ
3579 1009 3710 1070 σοῦ,

2125 1113 2218 1164 καὶ
2250 1112 2433 1180 τυχεῖν
2459 1108 2662 1171 ἐλέους,
2692 1108 2767 1170 ὡς
2792 1110 2840 1160 ol
2879 1105 3215 1167 ἀκούσαντες
3243 1104 3303 1157 τό
3336 1120 3351 1135 ’
3396 1104 3597 1163 Δεῦτε,
3645 1102 3711 1154 οἱ

2123 1198 2517 1269 εὐλογημένοι
2576 1198 2684 1253 τοῦ
2735 1198 2965 1266 Πατρός
3002 1214 3146 1267 μου.
3206 1194 3367 1257 Τινὲς
3417 1194 3473 1246 δὲ
3516 1192 3709 1245 νοοῦσι

2122 1290 2468 1363 δικαιοσύνην
2518 1289 2578 1343 τὸ
2634 1288 2972 1358 Εὐαγγέλιον
3025 1306 3041 1321 ·
3099 1287 3415 1357 δικαιοσύνη
3488 1285 3601 1355 γὰρ
3641 1284 3713 1336 ea

2126 1385 2336 1448 πάντας
2367 1385 2553 1439 καλεῖν
2581 1386 2661 1447 είς
2716 1383 3017 1455 σωτηρίαν,
3041 1382 3141 1436 καὶ
3205 1380 3415 1444 πάντας
3464 1378 3712 1450 παραδέ-

2126 1478 2316 1547 χεσθαι
2336 1480 2463 1542 τοὺς
2499 1476 2996 1548 προσερχομένους.

2210 1654 2778 1725 Ἔξαλειφθήτωσαν
2793 1653 2861 1707 ἐκ
2883 1652 3112 1717 ,βίϐλου
3140 1648 3397 1710 ζώντων.
3432 1646 3539 1700 Τοῦ
3574 1646 3711 1700 Μω-

2130 1750 2267 1815 σέως
2297 1750 2548 1813 εἰπόντος
2596 1749 2733 1818 πρὸς
2789 1744 2924 1801 Θεὸν
2970 1743 3111 1815 ὑπὲρ
3175 1740 3271 1795 τοῦ
3316 1738 3445 1793 λαοῦ
3502 1754 3711 1809 μοσχο-

2127 1844 2460 1912 ποιήσαντος
2483 1857 2498 1872 ·
2532 1842 2602 1894 El
2618 1839 2736 1908 μὲν
2763 1836 2927 1907 ἁφῆς
2954 1835 3159 1901 αὐτοῖς
3218 1833 3334 1902 τὴν
3384 1830 3709 1901 ἁμαρτίαν,

2125 1936 2276 2006 ἄφες
2300 1951 2316 1966 '
2343 1937 2396 1989 el
2427 1933 2497 1988 ea
2520 1934 2631 2003 μὴ,
2659 1932 2988 2000 ἐξάλειψόν
3014 1948 3089 1999 με
3116 1931 3185 1982 ἐκ
3212 1927 3327 1996 τῆς
3357 1926 3604 1991 βίϐλου,
3630 1919 3708 1993 ἧς

2123 2030 2429 2099 ἔγραψαςο
2460 2028 2621 2091 αὐτὸς
2679 2026 3053 2097 ἀπεκρίνατο·
3090 2022 3165 2076 Εἴ
3211 2039 3303 2088 τις
3354 2018 3710 2087 ἡμάρτηκεν

2123 2122 2383 2176 ἐνώπιόν
2407 2140 2549 2191 μου,
2589 2120 2896 2187 ἐξαλείψω
2933 2116 3123 2171 αὐτὸν
3193 2114 3263 2168 ἐκ
3328 2110 3438 2179 τῆς
3479 2110 3709 2174 ,ϐίϐλου

436 2216 546 2266 me,
572 2201 750 2255 delebo
784 2220 900 2256 eum
952 2205 1015 2257 de
1065 2206 1198 2260 libro
1232 2224 1345 2262 meo
1396 2210 1462 2262 ⁸³.
1496 2207 1649 2263 Unus
1698 2221 1783 2265 est
1836 2212 2021 2281 itaque

2128 2233 2259 2284 μου.
2278 2214 2395 2269 Μία
2429 2215 2527 2284 μὲν
2557 2213 2649 2266 οὖν
2675 2212 2811 2282 αὕτη
2836 2211 3016 2280 βίϐλος
3094 2207 3471 2277 ἐγγράφονται
3489 2202 3701 2269 οίζωῆς

446 2294 656 2348 liberin
682 2311 792 2365 quo
822 2311 1013 2353 omnes
1043 2301 1388 2367 scribuntur,
1413 2304 1506 2373 qui
1542 2306 1652 2357 vita
1687 2305 1837 2373 digni
1870 2316 2019 2367 sunt,

446 2393 501 2437 ct
536 2400 699 2452 quem
728 2387 1005 2456 Propheta
1068 2390 1156 2444 hic
1197 2395 1501 2448 viventium
1563 2395 1762 2449 librum
1835 2398 2028 2468 appel-'

447 2476 603 2543 lavit,
640 2479 948 2546 praedicens
977 2482 1102 2537 illos
1132 2498 1239 2538 non
1268 2484 1359 2539 diu
1390 2496 1513 2555 post
1544 2490 1849 2546 morituros
1874 2506 2024 2546 esse.

447 2568 604 2626 Alius
630 2570 799 2625 etiam
835 2570 974 2627 liber
999 2583 1107 2641 est,
1149 2574 1201 2629 in
1236 2591 1347 2645 quo
1371 2576 1506 2644 justi
1540 2594 1734 2635 omnes
1758 2582 2022 2637 scribun-

450 2667 563 2726 tur,
592 2676 757 2731 quem
792 2664 952 2721 nobis
981 2664 1315 2737 signiﬁcavit
1344 2666 1620 2739 PrOpheta
1648 2671 1842 2729 dicens
1870 2690 1887 2727 :

520 2748 590 2806 Et
617 2768 736 2807 cum
760 2754 926 2823 justie
947 2772 1048 2811 non
1070 2758 1393 2814 scribantur.
1426 2759 1503 2814 De
1534 2760 1637 2816 hoc
1665 2772 1847 2818 autem
1883 2760 2022 2820 libro

448 2844 668 2901 locutus
698 2855 779 2901 est
806 2846 1087 2911 Christus,
1110 2852 1331 2921 quando
1350 2851 1418 2906 ad
1450 2853 1730 2924 apostolos
1760 2856 2017 2911 dicebat:

443 2937 683 2993 Gaudete
708 2942 835 3011 quia
868 2943 1084 2997 nomina
1108 2955 1285 3000 vestra
1314 2947 1519 3016 scripta
1554 2957 1676 3002 sunt
1699 2949 1753 3002 in
1783 2949 1931 3004 caelis
1948 2948 2017 3005 ⁸⁸.

445 3031 538 3084 Ait
569 3031 737 3101 igitur
762 3048 859 3089 eos
888 3037 1189 3091 morituros
1218 3051 1364 3104 esse,
1397 3047 1451 3093 et
1477 3055 1599 3096 cum
1634 3042 2020 3109 peccatoribus

2124 2306 2443 2378 ἀξιούμενοι
2468 2322 2482 2336 ·
2516 2308 2584 2376 ἣν
2614 2306 2709 2358 καὶ
2772 2302 2955 2373 βίϐλον
3020 2299 3243 2365 ζώντων
3272 2301 3300 2352 ὁ
3330 2295 3544 2366 ψαλμὸς
3608 2293 3707 2345 νῦν

2124 2397 2411 2460 ἐκάλεσεν,
2442 2392 2857 2464 προαγορεύων,
2889 2391 2974 2443 ὅτι
3035 2387 3384 2458 τεθνήξονται
3437 2385 3504 2437 δι’
3548 2384 3707 2436 ἀναι-

2128 2490 2349 2559 ρέσεως.
2391 2486 2585 2555 Ἑτέρα
2615 2485 2669 2536 δὲ
2705 2485 2891 2543 πάλιν,
3009 2482 3386 2552 ἐγγράφονται
3414 2477 3463 2531 οἱ
3502 2475 3705 2529 δίκαιοι

2124 2580 2193 2651 ἢν
2232 2578 2325 2632 καὶ
2358 2578 2527 2645 αὐτὴν
2562 2575 2823 2644 ἐνέφηνεν
2852 2572 3025 2635 οὕτως
3055 2571 3223 2625 είπὼν
3252 2586 3267 2603 ο

2195 2759 2306 2814 Kal
2324 2757 2475 2829 μετὰ
2508 2755 2758 2810 δικαίων
2776 2752 2862 2824 μὴ
2887 2750 3311 2823 τροφήτωσαν.
3342 2748 3480 2817 Περὶ
3496 2742 3703 2812 ταύτης

2123 2854 2224 2922 τῆς
2259 2850 2443 2921 βίϐλου
2473 2850 2569 2903 καὶ
2615 2848 2645 2900 ὁ
2700 2846 2939 2917 Χριστὸς
2995 2840 3120 2897 εἷπε
3168 2843 3283 2905 τοῖς
3340 2836 3699 2897 ἀποστόλοις·

2126 2946 2371 3014 Χαίρετε
2394 2941 2464 2996 δὲ
2492 2941 2584 2996 ὅτι
2615 2938 2688 2993 τὰ
2719 2938 2985 3007 ὀνόματα
3016 2935 3186 3003 ὑμῶν
3218 2929 3449 3000 ἐγράφη
3477 2928 3550 2981 ἐν
3579 2925 3705 2990 τοῖς

2125 3034 2425 3104 οὐρανοῖς.
2453 3033 2616 3100 Λέγει
2650 3030 2850 3092 τοίνυν,
2902 3028 2983 3081 ὅτι
3036 3024 3130 3079 καὶ
3193 3021 3541 3092 τεθνήξονται
3606 3018 3703 3068 καὶ

446 3124 952 3180 connumerandos.
996 3124 1094 3179 Est
1125 3134 1179 3181 et
1216 3129 1415 3184 tertius
1466 3129 1629 3196 liber,
1658 3131 1713 3185 in
1752 3146 1863 3200 quo
1890 3147 2021 3201 pec-

2128 3132 2235 3191 τοῖς
2261 3124 2606 3197 ἁμαρτωλοῖς
2635 3117 3249 3190 συνταγὴσονται.Ἒστι
3272 3112 3383 3182 γὰρ
3415 3113 3511 3165 καὶ
3541 3110 3702 3178 τρίτη

448 3222 664 3267 calores
709 3214 1055 3269 scribuntur.
1104 3215 1385 3272 Iudicium
1430 3222 1601 3286 enim,
1631 3222 1834 3292 inquit,
1860 3223 2020 3290 cedit,

445 3312 493 3357 et
526 3302 649 3356 libri
676 3305 855 3373 aperti
904 3316 1030 3359 sunt
1072 3307 1144 3363 ⁸⁷.
1178 3306 1287 3364 Per
1316 3309 1487 3365 libros
1519 3320 1700 3366 autem
1734 3313 2021 3385 Scriptura

449 3397 657 3449 variam
704 3410 795 3474 ac_
826 3398 1185 3470 multiplicem
1243 3401 1338 3457 Dei
1382 3405 1752 3474 cognitionem
1791 3408 2023 3477 ligurate

450 3490 724 3561 intelligit.

520 3576 686 3639 Vsus.
723 3583 815 3640 51.
845 3585 1060 3656 Pauper
1088 3596 1138 3641 et
1166 3586 1352 3643 dolens
1402 3605 1517 3643 sum
1547 3605 1664 3660 ego.
1700 3590 1773 3648 De
1810 3593 2017 3651 Christi

446 3682 771 3744 paupertate
799 3677 1040 3734 diximus
1095 3678 1150 3734 in
1188 3680 1399 3750 psalmo
1427 3697 1541 3737 xu.
1570 3684 1636 3738 Et
1658 3701 1804 3743 nunc
1849 3689 2017 3745 etiam

447 3766 719 3833 dicemus,
755 3770 900 3838 quod
937 3785 1186 3829 summus
1241 3774 1357 3830 Rex
1412 3791 1602 3848 regum
1655 3779 1908 3839 Christus
1954 3783 2024 3838 de

449 3859 803 3928 pauperrima
838 3869 1018 3919 matre
1047 3873 1212 3922 natus
1239 3874 1348 3932 est,
1387 3882 1497 3923 non
1530 3869 1584 3924 in
1618 3870 1783 3928 domo
1814 3872 2021 3944 aliqua,

448 3950 546 4006 sed
586 3950 641 4006 in
689 3954 994 4023 spelunca;
1038 3959 1366 4030 positusque
1397 3974 1509 4016 non
1543 3962 1595 4015 in
1630 3962 1795 4029 lecto,
1828 3966 1925 4022 sed
1968 3968 2022 4021 in

447 4044 854 4101 irrationalium
903 4050 1227 4106 animalium
1284 4056 1579 4125 praesepio,
1619 4056 1908 4114 vilissimis
1959 4074 2025 4114 ac

447 4140 961 4210 contemptibilibus
986 4143 1185 4213 pannis
1215 4144 1573 4214 induebatur,
1621 4148 1888 4217 nulloque
1928 4164 2023 4206 co—

448 4231 676 4288 mitatus
700 4247 861 4289 servo
888 4233 1245 4300 circumibat,
1270 4246 1437 4308 atque
1460 4239 1580 4310 ipso
1605 4240 1774 4295 etiam
1799 4241 2022 4297 carebat

449 4325 691 4396 tugurio,
710 4334 766 4381 et
797 4327 867 4381 ab
896 4327 1020 4383 aliis
1047 4328 1389 4385 alimenta‘ei
1419 4332 1850 4399 praestabantur.
1886 4331 2025 4387 Eru-

448 4417 684 4474 bescant
728 4418 898 4490 igitur
927 4419 1024 4489 qui
1080 4420 1397 4492 gloriantur
1452 4423 1508 4479 in
1545 4423 1782 4481 divitiis.
1825 4424 2020 4483 Dolere

449 4524 580 4567 vero
631 4525 755 4566 eum
803 4508 1107 4566 introducit
1165 4510 1466 4584 Propheta,
1537 4514 1609 4570 ob
1656 4516 2024 4572 sacratissimi

447 4602 701 4672 corporis
753 4601 1066 4672 passiones,
1117 4616 1257 4672 quas
1292 4614 1523 4673 propter
1574 4620 1677 4662 nos
1732 4608 2023 4663 sustinuit.

2132 3222 2340 3292 βίϐλος,
2372 3220 2431 3271 ὲν
2475 3211 2508 3291 ᾖ
2551 3216 2855 3286 γράφονται
2908 3212 2956 3265 οί
3011 3206 3349 3278 ἁμαρτωλοί.
3387 3203 3705 3273 Κριτήριον

2131 3315 2262 3385 γὰρ,
2314 3310 2500 3379 φησὶν,
2541 3305 2810 3366 ἐκάθισε,
2878 3303 2978 3357 καί
3032 3296 3702 3397 ,Βίϐλοιλήνειρχθησαρ

2135 3404 2361 3464 Βίϐλους
2391 3400 2449 3454 δὲ
2482 3400 2536 3452 αἱ
2568 3397 2782 3466 Γραφαὶ
2818 3391 3065 3455 καλοῦσι,
3091 3390 3191 3453 τὰς
3247 3388 3537 3454 διαφόρους
3561 3388 3705 3450 γνώ-

2133 3511 2247 3558 σεις
2279 3491 2375 3545 τοῦ
2401 3490 2559 3544 Θεοῦ.

2205 3584 2449 3653 Πτωχὸς
2479 3583 2576 3637 καί
2600 3578 2804 3651 ἀλγῶν
2834 3580 2951 3647 ειμι
2980 3574 3115 3644 ἐπί).
3140 3575 3283 3642 ’Περὶ
3311 3572 3409 3640 τῆς
3437 3568 3529 3622 τοῦ
3569 3567 3706 3634 Χρι-

2136 3678 2263 3733 στοῦ
2291 3676 2565 3743 πτωχείας
2592 3673 2812 3743 εἴρηται
2841 3671 2901 3723 ὲν
2932 3668 3010 3739 τῷ
3064 3663 3151 3720 κα¹
3179 3662 3380 3734 ψαλμῷ
3399 3678 3415 3693 ’
3472 3659 3710 3731 ῥηθήσε-

2133 3788 2224 3825 ται
2250 3769 2309 3822 δὲ
2347 3768 2464 3831 νῦν,
2502 3768 2638 3819 ὅτιὸ
2677 3760 3059 3833 παμϐασιλεὺς
3117 3758 3148 3811 ὁ
3206 3753 3526 3815 παπέλειος
3582 3750 3704 3803 ὲτὲ-

2134 3863 2236 3934 χθη
2271 3860 2370 3932 μὲν
2388 3862 2452 3913 ἐκ
2485 3856 2692 3928 μητρὸς
2728 3853 3025 3923 πενιχρᾶς,
3080 3850 3175 3902 καὶ
3224 3846 3348 3900 οὐδὲ
3419 3844 3478 3897 ὲν
3532 3842 3705 3934 οίκία,

2132 3933 2246 4010 ἀλλ’
2273 3956 2332 4007 ὲν
2364 3949 2616 4022 σπηλαίῳ
2646 3960 2662 3977 ⁸
2684 3946 2881 4017 ἐτέχθη
2936 3943 2994 3998 δὲ
3048 3941 3151 3995 οὐκ
3184 3941 3278 3995 ἐπὶ
3334 3939 3550 4007 κλίνης,
3585 3933 3710 3991 ait)!

2135 4049 2228 4102 ἐπὶ
2251 4047 2460 4116 φάτνης
2491 4042 2703 4109 ἀλόγων
2737 4054 2752 4069 ’
2798 4035 3196 4108 περιεϐέϐλητο
3226 4033 3283 4085 δὲ
3312 4031 3436 4085 λιτὰ
3464 4030 3561 4084 καὶ
3611 4028 3707 4081 εὖ-

2133 4136 2524 4207 κιιταιρρόνητα
2560 4130 2698 4205 (55),
2756 4127 2973 4200 περιῄει
3006 4126 3063 4180 δὲ
3107 4123 3277 4196 χωρὶς
3327 4121 3658 4192 θεράποντος
3687 4134 3707 4155 ο

2131 4232 2245 4303 εἶχε
2269 4232 2327 4285 δὲ
2369 4229 2492 4283 οὐδὲ
2545 4223 2831 4294 καλύϐην⁹
2882 4220 3143 4291 ἐτρέφετο
3195 4218 3253 4270 δὲ
3304 4215 3435 4284 παρ’
3506 4213 3702 4269 ἄλλω-ιο.

2133 4322 2583 4396 Αίσχυνέσθωσαν
2622 4314 2717 4372 οὖν
2768 4316 2819 4369 οἱ
2879 4314 2973 4367 ἐπὶ
3027 4310 3243 4381 πλούτῳ
3307 4308 3708 4378 κομπάζοντες.

2146 4417 2353 4486 Ἂλγῶν
2382 4415 2439 4469 δὲ
2458 4410 2526 4485 ἦν
2552 4414 2667 4475 τοῖς
2726 4409 2795 4462 δι’
2823 4409 2972 4478 ἡμᾶς
3029 4405 3230 4458 πάθεσι
3287 4402 3381 4456 τοῦ
3435 4398 3708 4466 παναγίου

2134 4509 2299 4568 αὐτοῦ
2331 4508 2621 4579 σώματος·
2655 4502 2821 4574 μέχρι
2866 4501 2966 4570 μὲν
2995 4494 3090 4552 οὖν
3124 4495 3367 4552 ἐνταῦθα
3393 4494 3490 4547 τοῦ
3529 4492 3712 4546 Μονο-

2132 4602 2323 4672 γενοῦς
2350 4601 2400 4654 οἱ
2431 4599 2601 4666 λόγοι.
2636 4596 2717 4650 Τά
2740 4593 2799 4648 δὲ
2827 4593 2955 4661 ἑξῆς
3025 4588 3307 4662 προσώπῳ
3338 4586 3441 4656 τῆς
3479 4583 3710 4653 Ἐκκλη-

448 4693 733 4749 Hactenus
766 4703 949 4748 autem
982 4709 1046 4751 et
1080 4695 1349 4765 unigeniti
1388 4696 1515 4753 Filii
1541 4713 1777 4768 persona
1813 4715 2021 4757 sermo-

2134 4697 2255 4757 σῖας
2280 4692 2392 4746 τῶν
2420 4687 2629 4743 πιστῶν
2652 4684 3087 4755 ἀναγέγραπται.

448 4800 574 4839 nem
628 4786 779 4841 fecit.
814 4784 947 4852 Qua:
989 4798 1305 4860 sequuntur
1348 4804 1416 4846 ex
1466 4789 1729 4850 Ecclesiae
1782 4808 2022 4865 persona

444 4878 761 4947 conscripta
791 4886 941 4933 sunt.

519 4967 681 5024 Salue
709 4980 825 5033 tua,
878 4969 1041 5035 Deus,
1070 4971 1275 5042 adiuuit
1308 4989 1408 5027 me.
1444 4973 1564 5040 Illa,
1609 4974 1809 5047 inquit,
1852 4978 2025 5046 salus,

447 5076 571 5133 quae
626 5075 657 5116 a
699 5070 751 5118 te
799 5061 1189 5133 proﬁciscitur,
1241 5063 1309 5118 ab
1347 5079 1539 5122 errore
1600 5067 1654 5123 in
1705 5083 1819 5140 quo
1873 5086 2024 5126 eram

452 5167 539 5208 me
567 5151 844 5208 liberavit.

522 5244 692 5301 Vsus.
724 5245 915 5301 51-55.
954 5245 1215 5305 Laudabo
1249 5266 1436 5303 nomen
1474 5248 1571 5304 Dei
1609 5252 1711 5306 mei
1746 5268 1863 5304 cum
1897 5270 2027 5307 can-

449 5339 577 5406 tico,
603 5338 960 5405 magniﬁcabo
992 5357 1110 5394 eum
1138 5343 1192 5394 in
1236 5340 1416 5405 laude,
1452 5351 1501 5395 et
1530 5341 1755 5410 placebit
1790 5341 1896 5397 Deo
1926 5362 2019 5399 su-

448 5442 542 5494 per
573 5427 800 5482 vitulum
835 5430 1093 5483 novellum
1125 5447 1325 5485 cornua
1349 5431 1747 5501 producentem,
1782 5441 1831 5485 et
1852 5450 2019 5503 ungu-

2213 4974 2289 5029 'H
2344 4967 2609 5037 σωτηρία
2668 4979 2809 5029 σου,
2859 4965 2892 5017 ὀ
2946 4959 3112 5024 Θεὸς,
3150 4952 3514 5011 ἀντελάϐετό
3563 4969 3705 5022 μου.

2137 5070 2204 5122 Ἡ
2278 5062 2549 5133 σωτηρία,
2603 5060 2639 5129 ἡ
2690 5056 2799 5114 άπὸ
2856 5054 2972 5119 σοῦ,
3031 5048 3384 5123 ἠλευθέρωσε
3464 5062 3532 5116 με
3606 5044 3708 5112 τῆς

2127 5162 2355 5228 πλάνης.

2195 5250 2428 5307 Δινέσω
2457 5246 2523 5301 τὸ
2555 5245 2744 5312 ὄνομα
2777 5242 2883 5295 τοῦ
2904 5239 3052 5295 Θεοῦ
3086 5255 3228 5308 μου,
3271 5235 3391 5303 μετ’
3418 5232 3579 5300 ᾠδῆς
3606 5246 3707 5300 με·

2133 5340 2373 5413 γαλυνῶ
2394 5337 2582 5393 αὑτὸν
2631 5337 2701 5389 ἐν
2728 5334 2978 5389 αἰνέσει.
3047 5330 3153 5385 Kal
3206 5329 3409 5397 ἀρέσει
3460 5324 3540 5391 τῷ
3588 5321 3710 5387 Θεῷ

2132 5434 2285 5501 ὑπὲρ
2309 5432 2547 5501 μόσχον
2565 5427 2728 5493 νέον,
2760 5426 2976 5494 κέρατα
2994 5422 3325 5493 ἐκφέροντα
3361 5418 3457 5473 καί
3489 5414 3706 5481 ὁπλάς.

528 5608 575 5639 ⁸⁵
601 5606 787 5661 Matth.
832 5626 957 5674 xxv,
986 5611 1075 5666 54.
1150 5611 1192 5644 ⁸³
1223 5611 1591 5681 Exod..xxxu,
1627 5612 1718 5675 32,
1763 5612 1850 5667 55.
1931 5611 1976 5642 ⁸⁸
2010 5609 2021 5662 1

2131 5652 2143 5666 .
2201 5628 2255 5674 x,
2302 5611 2393 5665 20.
2472 5611 2518 5643 ⁸⁷
2556 5618 2699 5679 Apoc
2749 5625 2832 5667 xx,
2877 5608 2956 5660 l2.

1816 5705 2012 5770 Varia:
2036 5704 2367 5768 lectiones.

531 5798 640 5873 (ἵῶ)
673 5800 912 5869 Subatuli
939 5803 1143 5870 ἱμάτια.
