4070 6224
301 185 408 245 705

1475 175 1864 242 COMMENT.
1887 134 1969 240 in
2008 177 2374 240 PSALMOS.
2460 147 2468 152 “

3453 171 3564 239 τοο

331 296 448 370 Ορα
479 299 576 369 τὴν
605 298 976 368 εὐαγγελικὴν
1030 296 1220 350 ουσίαν
1279 297 1718 368 προτιμωμένην
1777 296 1877 367 τῆς

1997 294 2086 350 ’as.
2123 293 2258 351 Vide
2284 291 2663 365 evangelicum
2697 290 3032 346 sacrillcium
3086 290 3246 362 legali
3280 292 3555 363 praeponi,

301 387 558 458 νομικῆς,
595 388 696 457 τὴν
728 387 955 456 λογικὴν
985 389 1085 456 τῆς
1119 386 1342 454 ἀλόγου.
1403 385 1619 457 Ἀκμῆς
1652 386 1709 440 δὲ
1741 387 1886 456 σύμ-

305 480 462 534 ϐολον
522 480 556 548 ἡ
592 480 856 548 ἁρτιφυϊα
878 479 984 531 τῶν
1040 478 1288 549 κεράτων
1340 479 1434 531 καὶ
1488 479 1598 530 τῶν
1658 477 1886 547 ὀνύχων.

317 569 767 642 ’Υποδηλοῦσιδὲ
814 568 989 628 ταῦτα
1045 571 1140 622 καὶ
1192 569 1292 638 τῆς
1340 567 1574 638 νομικῆς
1629 566 1890 636 λατρείας

309 662 409 734 τὴν
485 663 806 732 νέκρωσιν·
865 663 1037 732 νεκρὰ
1118 661 1230 731 γὰρ
1290 660 1359 714 τὰ
1410 661 1622 732 κέρατα
1679 661 1775 712 καὶ
1830 659 1888 712 αἱ

302 754 483 806 ὁπλαί.

387 938 708 993 Ἰδέτωσαν
737 936 988 1004 πτωχοὶ,
1022 935 1121 990 καί
1159 931 1702 1004 εὐφρανθήτωσαν.
1735 932 1892 984 Πτω-

307 1030 436 1100 χοῦς
464 1027 559 1082 καὶ
595 1029 836 1098 πένητας
865 1026 994 1090 τοὺς
1026 1028 1256 1089 πιστοὺς
1286 1010 1594 1092 ὠνόμασεν,
1630 1024 1707 1087 ὼς
1738 1041 1890 1096 προ-

307 1119 616 1188 ειρήκαμεν
644 1121 701 1172 ὲν
732 1117 814 1189 τῷ
847 1117 892 1170 ϐ’
919 1115 1144 1188 ψαλμῷ.
1188 1116 1502 1181 ’Ῑδέτωσαν,
1553 1117 1743 1186 φησιν,
1789 1117 1891 1170 ὅσα

312 1214 340 1262 ὁ
370 1208 504 1273 Θεὸς
531 1207 770 1262 πέπονθε
816 1207 886 1262 δι’
937 1209 1156 1274 αὐτοὺς,
1185 1208 1282 1262 καὶ
1336 1209 1436 1262 ὅσα
1500 1207 1889 1278 κατώρθωσεν.

395 1384 792 1452 Ἐκζητήσατε
820 1383 929 1439 τὸν
962 1385 1131 1450 Θεὸν,
1181 1384 1282 1438 καὶ
1320 1383 1558 1450 ζήσεται
1627 1385 1664 1453 ἠ
1719 1384 1891 1452 ψυχὴ

307 1477 498 1546 ὑμῶν.
549 1478 787 1545 Ζήσεται
812 1478 909 1545 τὴν
943 1476 1224 1547 μακαρίαν
1251 1476 1419 1548 ζωήν.

379 1570 866 1632 Ὀτιείσήκουσε
921 1569 1038 1621 τῶν
1090 1569 1373 1639 πενήτων
1429 1571 1463 1623 ό
1502 1570 1742 1637 Κύριος,
1792 1571 1890 1622 καὶ

1989 395 2044 440 et
2072 385 2342 440 rationale
2378 382 2714 438 irrationali.
2762 380 2912 437 Nova
2938 390 3122 436 autem
3155 397 3424 439 cornuum
3480 392 3567 438 at-

1989 489 2098 544 que
2160 475 2488 545 ttngularum
2563 474 2858 543 productio
2927 473 3135 542 vigoris
3197 489 3294 529 seu
3351 475 3567 531 roboris

1991 566 2261 621 indicium
2313 576 2420 622 cst.
2455 565 2522 620 Et
2569 567 2874 622 subnotare
2907 565 3132 620 videtur
3169 564 3442 634 PrOpheta
3479 565 3566 620 his

1989 660 2178 714 verbis
2235 663 2480 713 futuram
2514 659 2704 729 legalis
2735 660 2922 714 cultus
2956 657 3399 712 cxstinctionem.
3431 657 3568 710 Cor-

1991 766 2102 804 nua
2133 750 2414 820 siquidem
2458 763 2514 805 et
2539 751 2780 822 ungulae,
2812 759 3081 806 emeruit?
3109 749 3358 825 quaedam
3385 756 3570 818 partes

1990 851 2120 897 sunt
2153 843 2208 896 in
2243 855 2504 912 corpore.

2073 933 2298 988 Videant
2355 951 2635 1003 pauperes,
2691 943 2740 989 et
2805 936 3074 989 lwtentur.
3127 932 3232 990 Pcr
3280 935 3474 1001 inopes
3517 940 3572 986 et

1993 1039 2286 1095 pauperes,
2343 1025 2531 1080 lideles
2579 1025 2863 1098 intelligit,
2917 1035 2976 1081 ut
3010 1024 3276 1090 diximus,
3317 1024 3370 1077 in
3425 1022 3574 1093 psal-

1996 1133 2088 1173 mo
2125 1134 2176 1173 ix
2211 1139 2223 1173 :
2268 1119 2522 1180 Videant,
2577 1119 2782 1190 inquit,
2819 1130 3162 1189 quaecunque
3202 1123 3429 1185 pr0pter
3472 1129 3572 1169 eos

1994 1211 2140 1267 Deus
2169 1226 2365 1282 passus
2389 1220 2496 1277 est,
2529 1219 2584 1266 et
2607 1225 2958 1282 quascunque
2983 1210 3151 1266 etiam
3177 1208 3445 1278 praeclara
3467 1206 3568 1262 ad-

1995 1302 2352 1360 ministravit.

2069 1396 2306 1461 Quazrite
2337 1395 2528 1460 Deum,
2556 1404 2606 1450 et
2635 1395 2764 1450 vivet
2803 1395 2983 1448 anima
3017 1404 3216 1448 vestra.
3253 1391 3476 1448 Beatam
3507 1405 3574 1444 ac

1997 1487 2211 1544 felicem
2249 1489 2420 1542 vitam
2449 1488 2619 1543 vivet.
3549 1472 3556 1479 ’

2073 1580 2235 1636 Vens.
2268 1582 2360 1636 34.
2392 1581 2663 1648 Quoniam
2705 1578 2976 1634 exaudiuit
3005 1591 3259 1646 pauperes
3285 1574 3571 1637 Dominus,

307 1659 453 1726 τοὺς
498 1660 954 1729 πεπεδημένους
1023 1659 1213 1714 αὐτοῦ
1264 1661 1376 1714 οὐκ
1447 1659 1887 1724 ἐξουδένωσεν.

1997 1679 2046 1725 et
2079 1672 2280 1725 vinctos
2302 1685 2426 1724 suos
2455 1686 2559 1724 non
2595 1668 2848 1739 neglexit.
2881 1667 3120 1733 Quinam
3152 1673 3338 1720 autem
3369 1664 3404 1718 ii
3433 1664 3573 1729 sint,

311 1750 478 1813 Τίνας
517 1751 668 1819 λέγει
709 1749 1151 1821 πεπεδημένους,
1215 1751 1523 1820 εἰρήκαμεν
1568 1752 1628 1802 ἐν
1673 1749 1754 1820 τῷ
1814 1749 1889 1815 ﬁt?

309 1841 534 1910 ψαλμῷο

381 1932 818 1994 Αηὶνεσάτωσαν
848 1931 1037 1985 αὑτὸν
1065 1933 1120 1986 al
1149 1931 1396 1999 οὐρανοὶ
1427 1933 1525 1986 καὶ
1553 1932 1592 2001 ή
1646 1933 1746 2004 γῆ,
1790 1934 1892 1989 καὶ

309 2020 680 2088 ήθάλασσα,
742 2022 841 2081 καί
895 2021 1096 2076 πάντα
1147 2021 1221 2076 τὰ
1273 2023 1536 2092 ἓρποντα
1594 2023 1666 2078 ἐν
1712 2023 1890 2093 αὐτῇ.

325 2112 415 2176 Ὠς
443 2112 548 2167 οὐκ
577 2114 962 2186 ἐξαρκούντων
988 2115 1098 2169 τῶν
1123 2115 1376 2185 ἀγγέλων
1415 2118 1510 2170 καὶ
1535 2117 1644 2170 τῶν
1673 2117 1894 2189 ἀνθρώ-

311 2219 433 2257 πων
453 2205 537 2266 είς
564 2205 666 2274 τὴν
696 2206 1082 2276 προσήκουσαν
1108 2205 1466 2278 εὐχαριστίαν
1497 2207 1595 2260 τοῦ
1619 2209 1779 2271 Θεοῦ,
1800 2209 1896 2264 καὶ

311 2296 384 2348 τὰ
417 2298 660 2366 στοιχεῖα
685 2298 953 2365 συγκαλεῖ
975 2297 1112 2368 πρὸς
1139 2295 1312 2364 αἶνον,
1368 2293 1446 2353 ὧν
1505 2299 1534 2350 ὁ
1588 2301 1800 2372 Μωσῆς
1832 2305 1893 2355 ὲν

317 2388 460 2457 ἀρχῇ
495 2387 592 2456 τῆς
624 2388 898 2452 Γενέσεως
925 2391 1355 2461 ἐμνημόνευσεν.
1400 2391 1735 2463 Ἀδιαφόρως
1778 2394 1893 2466 (54)

315 2478 460 2532 δὲτὰ
484 2479 724 2551 ἔρποντα
773 2482 1156 2552 προσέθηκεν
1223 2483 1256 2554 ἧ
1304 2485 1400 2538 καὶ
1449 2485 1537 2539 διὰ
1581 2487 1642 2539 τὸ
1687 2487 1891 2556 πλῆθος

315 2567 428 2618 τῶν
487 2566 708 2638 ἰχθύων.

387 2657 521 2713 Ὀτι
559 2662 592 2714 ό
620 2660 765 2728 Θεὸς
787 2659 975 2716 σώσει
988 2662 1103 2731 τὴν
1117 2663 1292 2720 Σιών.
1329 2665 1469 2718 Σιὼν
1494 2665 1645 2736 λέγει
1669 2668 1766 2722 νῦν
1791 2673 1893 2740 τὴν

315 2747 468 2815 νέαν,
507 2751 630 2821 ἦτοι
677 2751 778 2825 τὴν
832 2751 1158 2825 Ἐκκλησίαν
1217 2755 1325 2809 τῶν
1389 2757 1621 2812 πιστῶν.
1664 2760 1736 2813 Ἣ
1797 2761 1893 2815 καὶ

316 2843 490 2916 αὐτὴν
518 2843 616 2915 τὴν
649 2844 1010 2917 Ἰερουσαλὴμ
1039 2848 1370 2918 συντηρήσει
1407 2850 1602 2921 ἑαυτῷ.
1638 2854 1748 2906 Καὶ
1781 2854 1893 2926 γὰρ

319 2934 398 3006 τῷ
423 2936 648 3008 Χριστῷ
684 2939 918 3002 ἀνεῖται,
955 2939 1050 2994 καὶ
1098 2941 1198 3011 οὐχ
1253 2942 1426 3014 ἑτέρῳ
1501 2944 1622 3016 Θεῷ
1654 2962 1670 2978 ο

314 3027 428 3082 τῶν
461 3027 678 3082 ἀσεϐῶν
712 3029 814 3099 τῆς
845 3029 1030 3101 χώρας
1062 3031 1282 3104 ἐκείνης
1317 3037 1705 3106 κυριευόντων.

384 3212 497 3266 Kal
531 3210 1190 3280 οἰκοδομηθήσονταιαί
1208 3215 1420 3278 πόλεις
1447 3212 1558 3283 τῆς
1589 3214 1894 3284 Ἰουδαίας.

310 3301 859 3374 Οἰκοδομηθήσονται
936 3304 1019 3368 είς
1083 3305 1246 3368 ναοὺς
1337 3306 1488 3377 παρὰ
1564 3306 1674 3361 τῶν
1759 3310 1897 3380 Χρι-

311 3413 572 3450 στιανων.

387 3489 496 3546 Καὶ
529 3504 1004 3559 κατοικήσουσιν
1025 3489 1168 3559 ἐκεῖ,
1197 3492 1293 3546 καί
1321 3495 1896 3565 κληρονομήσουσιν

308 3582 532 3652 αὐτήν.
569 3583 631 3636 Ol
666 3583 1012 3653 Χριστιανοί.

385 3673 501 3728 Καὶ
531 3675 598 3729 τὸ
626 3676 866 3744 σπέρμα
920 3675 1038 3729 τῶν
1086 3676 1325 3731 δούλων
1359 3695 1476 3732 σου
1531 3680 1896 3745 καθέξουσιν

309 3767 539 3835 αὐτήν.
565 3765 753 3820 Δοῦλοι
779 3767 882 3837 μὲν
907 3767 1002 3820 τοῦ
1031 3767 1271 3838 Χριστοῦ
1303 3770 1353 3821 ol
1379 3769 1674 3825 ἀπόστολοι
1699 3789 1712 3802 ·
1747 3773 1898 3825 Παῦ-

308 3859 408 3920 λος
432 3857 540 3926 γάρ
575 3874 710 3929 φησι
733 3875 746 3887 ο
789 3857 1021 3924 Δοῦλος
1067 3860 1288 3928 ⁴Ἰησοῦ
1325 3861 1587 3930 Χριστοῦ
1617 3880 1633 3894 ι
1675 3866 1897 3934 σπέρμα

312 3949 376 4003 δὲ
440 3948 621 4001 αὐτῶν
651 3951 700 4001 ol
736 3949 978 4019 μαθηταὶ
1013 3950 1197 4003 αὐτῶν
1233 3952 1577 4022 Χριστιανοὶ,
1637 3953 1713 4017 ὡς
1762 3956 1894 4007 ἀνα-

312 4040 671 4111 γεννηθέντες
717 4041 902 4104 αὐτοῖς
928 4041 1016 4093 διὰ
1045 4041 1139 4094 τοῦ
1157 4041 1536 4112 βαπτίσματος
1573 4046 1673 4114 τῆς
1701 4045 1898 4113 παλιγ-

311 4135 593 4204 γενεσίας.
623 4133 728 4187 Τοῦ
753 4136 809 4187 δὲ
838 4135 1219 4201 Καθέξουσιν
1262 4141 1295 4207 ὴ
1338 4137 1596 4208 πρόθεσις
1641 4139 1897 4194 ἐπίτασιν

312 4227 418 4283 καὶ
458 4227 800 4298 μσνιμότητα
827 4228 999 4298 δηλοῖ.
1060 4229 1230 4282 Μόνοι
1285 4229 1394 4299 γὰρ
1427 4229 1754 4299 Χριστιανοὶ
1804 4229 1898 4299 βε.

312 4319 488 4383 ﬁuit»;
549 4319 722 4390 αὐτὴν
775 4320 1008 4386 οἰκοῦσι,
1092 4321 1372 4384 παντελῶς
1441 4322 1550 4375 τῶν
1623 4307 1972 4392 Ἐὅραίωνῧ

311 4410 736 4476 ἑξελασθέντων.

391 4503 500 4556 Kal
525 4504 580 4555 oi
633 4500 980 4570 ἀγαπῶντες
1012 4509 1076 4554 τὸ
1108 4500 1295 4568 ὄνομα
1332 4517 1449 4554 σου
1504 4505 1895 4570 κατασκηνώ-

315 4607 547 4646 σουσιν
568 4593 638 4646 ἐν
666 4591 840 4661 αὐτῇ.
876 4594 938 4646 Οί
968 4594 1025 4645 τὸ
1049 4591 1222 4662 ὄνομα
1248 4592 1309 4644 τὸ
1349 4593 1440 4644 σὸν
1463 4593 1894 4663 ἐπικαλούμενοι

316 4686 663 4755 Χριστιανοί.
693 4686 906 4755 Ὥσπερ
934 4686 989 4739 δὲ
1020 4686 1114 4738 καὶ
1137 4687 1206 4737 τὰ.
1242 4685 1508 4754 προοίμια
1555 4686 1648 4739 τοῦ
1678 4686 1899 4757 ψαλμοῦ

321 4781 490 4850 μέχρι
567 4780 687 4839 τοῦ,
758 4781 1349 4846 Ἀπηλλοτριωμένος
1407 4779 1704 4848 ἐγενήθην
1773 4781 1900 4846 τοῖς

314 4870 606 4939 ἀδελφοῖς
622 4890 768 4940 μου,
801 4873 900 4925 καὶ
932 4872 1108 4936 ξένος
1139 4873 1262 4937 τοῖς
1308 4872 1460 4937 υἱοῖς
1509 4872 1616 4940 τῆς
1669 4879 1898 4942 μητρός

311 4980 458 5030 μου,
485 4965 628 5026 τινὲς
664 4965 848 5017 πιστοὶ
873 4964 951 5034 τῷ
975 4964 1197 5034 Χριστῷ
1230 4965 1638 5034 προσαρμόζειν
1681 4966 1896 5032 βιάζον-

316 5070 412 5104 ται
449 5067 466 5083 ⁸
492 5051 636 5105 οὕτω
663 5055 825 5107 πάλιν
864 5055 1110 5107 Ἰουδαῖοι
1149 5054 1245 5106 καὶ
1275 5055 1344 5106 τὰ
1401 5056 1613 5106 ἐκεῖθεν
1643 5056 1773 5126 ἄχρι
1810 5057 1898 5108 τέ-

318 5142 450 5204 λοιις
502 5143 581 5213 τῷ
608 5148 664 5199 ὲν
694 5144 972 5198 Βαϐυλῶνι
1004 5141 1332 5214 αἰχμαλώτῳ
1380 5144 1494 5213 λαῷ
1551 5146 1892 5202 ἀνατιθέασι.

319 5233 447 5304 Χρὴ
475 5235 532 5288 δὲ
561 5236 683 5290 κατ’
718 5236 989 5306 ἐπιτομὴν
1021 5238 1217 5302 εἰπεῖν,
1248 5237 1397 5302 ῦπως
1457 5236 1614 5289 αὐτοὶ
1683 5237 1893 5307 ἐκλαμ-

403 5415 449 5445 ⁸⁸
474 5414 631 5467 Rom.
665 5431 704 5476 l,'
728 5413 778 5466 1.

1715 2949 1893 3002 καίτοι
1919 2977 1966 3037 c

1993 1777 2133 1834 quos
2167 1764 2384 1818 vinctos
2419 1769 2602 1826 vocat,
2633 1760 2879 1815 diximus
2911 1760 2965 1813 in
2996 1759 3211 1828 psalmo
3239 1771 3409 1810 urit.

2064 1940 2237 1998 Vens.
2280 1941 2376 1996 55.
2421 1938 2665 1993 Laudent
2709 1955 2828 1992 eum
2865 1938 3005 2002 cali,
3038 1948 3086 1992 et
3116 1947 3284 2000 terra,
3312 1953 3486 2001 mare,
3522 1947 3574 1990 et

1999 2032 2182 2084 omnia
2221 2033 2461 2100 repentis
2516 2032 2573 2084 in
2604 2045 2686 2084 eo.
2723 2027 2894 2094 Quasi
2929 2042 3040 2080 non
3065 2027 3177 2080 sint
3216 2027 3356 2080 satis
3391 2028 3571 2096 angeli

1995 2139 2176 2194 neque
2196 2123 2445 2178 homines
2472 2122 2541 2177 ad
2573 2121 2849 2190 agendum
2873 2120 3077 2189 gratias
3097 2118 3230 2181 Deo,
3257 2118 3372 2187 ipsa
3403 2121 3568 2172 etiam

1999 2222 2271 2270 convocat
2297 2213 2570 2284 Propheta
2605 2213 2879 2268 elementa
2917 2211 2984 2265 ad
3021 2210 3117 2266 Dei
3147 2211 3359 2274 laudes,
3388 2225 3455 2265 eo
3481 2226 3574 2263 or-

1997 2306 2124 2361 dine
2151 2318 2262 2374 quo
2291 2318 2482 2357 eorum
2508 2303 2756 2357 meminit
2779 2301 2998 2372 Moyses
3023 2302 3078 2356 in
3104 2300 3384 2357 Gcneseos
3413 2300 3571 2369 prin-

1997 2395 2166 2464 cipio.
2226 2392 2292 2446 Et
2346 2393 2644 2464 improprie
2697 2395 2848 2461 ipsos
2899 2391 3080 2460 pisces
3151 2391 3442 2460 appellavit
3491 2406 3578 2445 ree

1995 2485 2184 2555 pentia
2218 2502 2232 2539 :
2269 2491 2434 2552 atque
2495 2483 2571 2536 ita
2632 2481 2894 2538 fortassis
2943 2483 3013 2536 ob
3057 2481 3290 2551 piscium
3325 2479 3578 2536 multitu.

1993 2575 2179 2632 dinem
2667 2621 2670 2624 .
2864 2625 2872 2632 .

2071 2667 2237 2722 VEBS.
2273 2666 2362 2721 36.
2399 2665 2661 2732 Quoniam
2702 2665 2840 2720 Deus
2872 2664 3078 2719 salvam
3111 2665 3242 2734 facit
3273 2663 3429 2720 Sion.
3458 2663 3572 2719 No-

1995 2775 2119 2816 vam
2144 2759 2406 2814 nimirum
2434 2756 2592 2822 Sion,
2628 2757 2681 2812 id
2710 2767 2795 2812 est
2839 2757 3136 2811 Ecclesiam
3170 2757 3433 2822 ﬁdelium,
3492 2756 3578 2811 vel

1997 2851 2177 2922 ipsam
2217 2849 2531 2906 Jerusalem
2564 2848 2775 2904 salvam
2810 2846 3000 2911 faciet,
3037 2847 3143 2900 hoc
3197 2857 3301 2912 est,
3348 2861 3578 2901 conser-

1997 2944 2171 3010 vabit,
2205 2943 2312 2998 sibi
2364 2942 2470 3012 ipsi
2521 2940 2779 2996 videlicet
2829 2939 3075 3003 Christo,
3127 2939 3218 2993 cui
3253 2939 3353 2991 soli
3424 2938 3576 2994 illius

2000 3051 2136 3092 cura
2168 3033 2465 3090 commissa
2495 3039 2602 3096 est,
2653 3041 2708 3086 et
2739 3046 2848 3085 non
2891 3029 3054 3083 alteri
3107 3046 3122 3084 ι
3161 3029 3377 3084 tametsi
3407 3029 3571 3084 modo

1999 3125 2159 3195 impii
2185 3124 2335 3179 illius
2363 3121 2718 3177 dominentur
2751 3120 3022 3189 regionis.

2070 3214 2140 3269 Et
2169 3213 2580 3284 ludiﬁcabantur
2625 3213 2863 3266 civitates
2913 3210 3144 3266 ludam.
3192 3209 3321 3265 Mihi
3372 3209 3572 3281 templa

1999 3306 2284 3370 nimirum,
2311 3313 2473 3373 atque
2504 3303 2609 3358 hoc
2639 3317 2668 3356 a
2699 3301 3052 3358 Christianis.

2071 3482 2140 3538 Et
2172 3481 2548 3537 inhabitabunt
2588 3481 2663 3534 ibi
2686 3489 2734 3535 et
2781 3479 3096 3534 hamditate
3125 3477 3402 3548 nequirent
3425 3491 3571 3530 eam.

1999 3574 2298 3630 Christiani
2343 3573 2618 3627 videlicet.

2074 3665 2242 3718 Vens.
2277 3665 2368 3718 57.
2405 3663 2474 3716 Et
2510 3679 2685 3716 semen
2715 3679 2985 3718 servorum
3031 3671 3240 3711 tuorum
3281 3658 3573 3727 possidebit

1999 3775 2139 3814 eam.
2171 3755 2328 3811 Servi
2371 3755 2592 3824 quidem
2647 3753 2857 3808 Christi
2891 3751 3121 3819 apostoli
3156 3757 3324 3803 sunt:
3366 3747 3572 3800 Paulus

1999 3850 2169 3910 enim,
2227 3845 2429 3914 inquit,
2483 3853 2664 3897 servus
2709 3841 2835 3895 Jesu
2885 3839 3085 3896 Christi
3110 3839 3176 3893 ³⁸.
3207 3837 3410 3891 Eorum
3441 3851 3575 3890 vero

1999 3949 2214 3998 semen,
2267 3929 2554 4004 apostolici
2613 3929 2892 3998 discipuli,
2941 3937 3205 3994 tanquam
3259 3923 3328 3978 ah
3356 3922 3438 3977 eis
3470 3937 3566 3991 per

2001 4020 2272 4092 baptisma
2306 4015 2582 4088 spirituali
2628 4015 2839 4070 semine
2872 4011 3206 4083 regenerati.
3243 4008 3571 4078 Praepositio

1999 4123 2181 4167 autem
2219 4110 2372 4166 verbi
2429 4107 2753 4173 καθέξουσιν
2784 4104 3150 4159 intensionem
3185 4111 3240 4155 et
3276 4099 3574 4171 singulari-

2001 4212 2167 4259 tatem
2201 4200 2497 4272 signlllcat.
2539 4197 2653 4254 Soli
2704 4197 2848 4252 enim
2901 4194 3200 4250 Christiani
3247 4201 3570 4248 constanter

2003 4296 2179 4366 ipsam
2209 4293 2539 4357 inhabitant,
2565 4289 2767 4345 Iudaeis
2800 4302 3029 4358 prorsus
3057 4284 3329 4355 expulsis.

2084 4509 2147 4563 Et
2178 4524 2358 4562 omnes
2387 4507 2477 4575 qui
2509 4506 2740 4576 diligunt
2777 4519 2963 4559 nomen
3000 4509 3149 4556 tuum
3181 4499 3492 4554 habitabant
3521 4501 3578 4554 in

2005 4620 2090 4657 ea.
2131 4599 2426 4655 Christiani
2459 4598 2670 4654 scilicet
2731 4612 2932 4651 nomen
3013 4604 3162 4649 tuum
3229 4595 3572 4647 invocantes.

2006 4693 2207 4748 Verum
2233 4689 2693 4761 quemadmodum
2725 4688 2965 4743 fidelium
2992 4685 3147 4740 multi
3181 4685 3345 4754 hujus
3377 4684 3574 4754 psalmi
3641 4681 3644 4684 ’

2004 4783 2334 4854 principium
2378 4797 2550 4851 usque
2593 4781 2659 4834 ad
2710 4781 3042 4835 versiculum
3104 4793 3118 4830 :
3157 4777 3458 4830 Extraneus
3491 4777 3574 4845 {u-

2002 4886 2117 4929 etus
2145 4890 2260 4929 sum
2293 4874 2552 4941 fratribus
2586 4873 2737 4936 meis,
2768 4869 3113 4925 contendunt
3144 4866 3337 4938 referri
3372 4867 3572 4921 debere

2001 4969 2066 5021 ad
2098 4967 2404 5026 Christum,
2433 4967 2506 5018 ita
2530 4963 2702 5018 ,Ιυάιεὶ
2729 4970 2917 5018 contra
2971 4960 3186 5029 captivo
3219 4960 3270 5012 in
3299 4957 3575 5027 Babylone

2006 5058 2209 5128 populo
2267 5057 2454 5110 omnia
2511 5056 2783 5124 applicant
2817 5069 2936 5123 qua:
2964 5053 3116 5105 illinc
3142 5056 3448 5117 sequuntur
3478 5063 3574 5101 uso

2008 5162 2114 5216 que
2173 5147 2240 5200 ad
2309 5146 2468 5200 linem
2538 5145 2754 5214 psalmi.
2825 5145 3258 5215 Oportctitaqne
3333 5137 3574 5190 breviter

2003 5251 2298 5307 exponere,
2325 5237 2786 5308 quemadmodum
2839 5236 2947 5306 ipsi
2991 5240 3105 5289 lucc
3134 5229 3428 5299 accipiant.
3468 5226 3566 5280 Ελ-

1678 5501 1869 5563 Varite
1894 5501 2222 5566 lectiones.

403 5609 510 5677 (56)
542 5607 784 5673 Rectius,
809 5603 1186 5671 indi/ferent".
