4020 6218
471 153 622 226 ’Τοῖ’

1714 161 2031 222 EUTHYM
2050 160 2108 220 II
2147 159 2327 220 ZIGA
2341 159 2524 220 BENI

3639 165 3730 226 78

501 286 755 344 traneus,
791 276 1069 348 inquiunt,
1091 275 1269 333 factus
1295 293 1415 331 sum
1441 276 1587 349 [scu,
1612 285 1670 331 ut
1698 276 1871 346 magis
1896 283 2074 345 poscit

2183 275 2462 329 ϐάνουσιν.
2514 265 3000 344 ’Λπηλλοτριῶοην
3049 272 3160 326 τῶν
3214 274 3457 345 ἀδελφῶν
3504 295 3620 346 μου,
3667 283 3735 352 μὴ

500 368 691 425 (ἕνεκα
723 370 893 425 dictio
947 369 1491 439 ἀπηλλοτριωμένος,
1541 368 1810 422 alienatus
1853 383 1976 422 sum
2021 365 2074 438 a]

501 460 770 518 fratribus
799 464 960 527 meis,
1001 463 1129 532 quia
1155 460 1284 515 mihi
1313 475 1638 515 concessum
1670 474 1779 513 non
1817 468 1903 514 est
1949 475 2074 512 cum

503 555 585 610 eis
629 555 832 608 vivere.
876 553 1122 609 Diversis
1193 553 1464 624 siquidem
1503 551 1746 606 dominis
1785 551 2072 605 servieba-

505 658 654 705 mus,
674 655 725 696 et
746 643 876 712 quia
897 657 1178 698 servorum
1203 646 1590 712 cognationem
1614 643 1700 697 lex
1726 643 1876 696 nulla
1903 643 2073 697 novit.

504 735 708 788 Eadem
745 735 1020 801 sententia
1067 735 1122 788 in
1159 736 1416 805 proximo
1449 735 1564 790 illic
1609 737 1881 806 repetitur
1909 734 2076 790 versi-

502 827 650 880 culo.
685 825 895 881 Mecum
929 839 1192 898 ptaeterea
1230 829 1420 898 templi
1457 828 1860 883 desolationem
1912 843 2075 897 repu-

503 929 650 981 tans,
709 933 820 972 non
873 921 1139 976 mediocri
1191 936 1490 976 consumor
1527 921 1740 985 dolore,
1791 931 1845 976 et
1880 936 2080 991 oppro-

423 1060 425 1062 .
504 1009 622 1063 bria
651 1021 762 1077 tua,
803 1011 968 1076 Deus,
994 1026 1116 1080 qua:
1139 1025 1168 1063 a
1204 1011 1520 1082 Babyloniis
1547 1014 1810 1077 sustines,
1839 1029 1961 1066 cum
1992 1027 2082 1065 ar-

501 1095 628 1156 cere
657 1117 763 1156 non
789 1105 991 1172 possim
1017 1103 1152 1172 (56),
1176 1105 1395 1176 prepria
1429 1105 1676 1175 reputavi
1701 1123 1714 1158 :
1737 1106 1881 1160 unde
1909 1107 2074 1158 etiam

501 1194 708 1248 amisso
756 1195 865 1247 cibi
901 1197 1172 1264 appetitu,
1230 1195 1414 1250 lassus
1442 1198 1724 1251 contabui.
1763 1197 1964 1251 Verum
1998 1196 2078 1250 illi

504 1285 680 1353 magis
704 1300 790 1338 me
809 1286 1425 1354 exprobrabant,veluti
1457 1286 1736 1341 incassum
1766 1285 2076 1354 jejunarem

504 1378 584 1444 (et
622 1379 676 1429 in
713 1374 1034 1432 aiilictionis
1082 1377 1347 1431 indicium
1404 1377 1674 1431 induebar
1721 1392 1905 1432 sacco.
1945 1377 2078 1443 Qua:

501 1452 808 1538 sequuntur
855 1468 1132 1537 apertiora
1177 1467 1378 1537 sunt).
1431 1467 1635 1522 Deinde
1675 1469 1750 1520 ait
1788 1485 1800 1520 :
1835 1466 2073 1523 Orabam

503 1562 666 1616 etiam
701 1561 766 1614 ad
803 1570 876 1624 te,
897 1561 1159 1629 quoniam
1191 1568 1413 1629 tempus
1443 1571 1529 1614 est
1561 1562 1718 1615 bona:
1747 1561 2071 1624 voluntatis,

503 1652 605 1704 hoc
636 1661 739 1716 cst,
779 1659 999 1720 tempus
1036 1651 1455 1705 misericordia).
1488 1649 1621 1717 Quae
1645 1662 1956 1721 sequuntur
1985 1669 2078 1706 ex-
2110 1629 2149 1682 Β

501 1758 663 1813 pone,
703 1751 760 1794 ut
783 1743 895 1808 jam
921 1741 1297 1812 put-diximus,
1322 1753 1685 1812 praeterquam
1715 1744 1862 1812 quod
1904 1743 2074 1796 illium

502 1850 614 1889 non
637 1843 831 1888 natura
863 1833 1160 1904 intelliges,
1191 1832 1286 1888 sed
1319 1834 1613 1902 adaptione
1645 1853 1658 1887 :
1689 1832 1867 1887 Filius
1903 1836 2071 1898 enim,

500 1928 704 1995 inquit,
761 1926 1148 1996 primogenita:
1199 1941 1343 1978 meus
1396 1926 1669 1980 Israel”.
1714 1924 1810 1980 Vel
1863 1926 2071 1980 aliter:

497 2016 760 2078 Puerum,
791 2017 840 2070 id
867 2027 972 2081 est,
996 2031 1238 2070 servum.
1264 2014 1634 2086 Opprobrium
1657 2017 1841 2083 etiam,
1873 2017 2073 2086 inquit,

500 2114 557 2160 et
587 2105 768 2161 varias
792 2105 1123 2160 afﬂictioues
1154 2105 1495 2174 exspectavi,
1534 2114 1761 2175 propter
1792 2113 1865 2166 te,
1913 2105 2074 2174 quasi

499 2199 794 2268 captivus:
829 2207 883 2253 et
943 2197 1064 2252 ideo
1095 2198 1325 2267 quaesivi
1369 2198 1632 2267 aliquem,
1680 2199 1774 2267 qui
1819 2198 2079 2252 consola-

503 2299 673 2355 retur,
707 2299 762 2344 et
791 2303 898 2342 non
933 2289 1140 2354 inveni,
1173 2305 1296 2342 cum
1330 2302 1440 2343 non
1472 2289 1874 2344 concederetur
1905 2291 2064 2356 mihi,

501 2391 562 2437 ut
590 2380 880 2437 commode
908 2396 1033 2434 cum
1063 2380 1316 2451 cognatis
1365 2381 1502 2434 meis
1535 2395 1813 2437 versarer.
1846 2381 1912 2436 Et
1940 2383 2072 2437 dum

500 2487 566 2526 ca
593 2479 880 2541 exponunt
926 2470 1090 2524 verba
1126 2487 1143 2523 :
1177 2470 1444 2524 Dederunt
1476 2473 1531 2526 in
1563 2471 1735 2525 cibum
1777 2489 1947 2526 meum
1973 2473 2074 2543 fel,

391 2609 399 2614 .
498 2576 552 2620 ct
593 2564 650 2617 in
678 2564 770 2616 siti
801 2578 914 2615 mea
943 2572 1259 2629 potaverunt
1314 2579 1393 2616 me
1430 2571 1600 2627 aceto,
1657 2563 1918 2618 labuntur
1966 2581 2072 2621 non

500 2652 870 2718 mediocriter,
895 2651 1024 2704 dum
1052 2667 1118 2706 ex
1144 2652 1328 2722 pepuli
1356 2669 1587 2719 persona
1613 2654 1822 2709 dictum
1852 2665 2076 2726 putant,

500 2747 649 2816 quod
696 2745 982 2816 Babylonii
1040 2760 1288 2799 amarum
1323 2747 1526 2816 populo
1592 2747 1849 2816 poculum
1906 2751 2068 2820 quasi

502 2850 661 2890 servo
689 2837 926 2904 cuipiam
975 2835 1336 2904 prcjecerint,
1368 2843 1421 2890 et
1454 2835 1606 2904 quod
1635 2836 1914 2890 sitientem
1947 2851 2076 2890 ace-

501 2939 622 2982 tosu
654 2928 960 2998 potaverint
995 2928 1236 3005 vino,'et
1257 2927 1404 2996 quod
1431 2930 1503 2982 ob
1530 2929 1714 2983 varias
1733 2927 2072 2985 aiﬂictiones

498 3025 702 3075 iactum
729 3022 821 3086 sit,
860 3030 918 3073 ut
948 3021 1109 3075 cibus
1143 3022 1190 3074 ei
1226 3035 1451 3075 amarus
1499 3030 1553 3076 et
1588 3031 1753 3092 potus
1798 3023 2078 3077 videretur

499 3114 752 3164 acerbus.
792 3110 954 3176 Quod
983 3127 1116 3165 vero
1154 3115 1404 3181 sequitur
1445 3130 1460 3166 :
1497 3111 1613 3166 Fiat
1648 3130 1829 3168 mensa
1870 3131 2074 3181 eorum,

500 3215 556 3256 ct
593 3213 814 3264 caetera,
841 3204 996 3273 juxta
1025 3203 1263 3272 priorem
1291 3205 1698 3273 expositionem
1729 3206 2071 3275 intelligunt,

503 3303 558 3346 ct
587 3295 835 3356 pruxima
866 3296 953 3347 bis
980 3296 1146 3349 verba
1196 3296 1648 3364 imprecationetn
1676 3299 1963 3354 continere
1995 3299 2075 3352 di-

437 3442 443 3448 ,
501 3392 636 3436 cunt
677 3388 944 3440 adversus
972 3383 1322 3456 Babylonios.
1355 3389 1461 3443 Per
1491 3391 1887 3450 habitationem
1946 3407 2074 3446 vero

502 3475 784 3529 civitatem
845 3478 1162 3548 intelligunt
1213 3481 1544 3537 Jerusalem.
1595 3481 1750 3537 Illum
1809 3494 2072 3554 praeterea

2181 363 2644 434 συγχωρούμενος
2686 364 2999 429 συνδιάγειν
3054 363 3240 426 att-oi;
3271 379 3285 393 '
3331 365 3425 418 ἆτε
3478 367 3735 439 διαφόροις

2175 456 2469 518 δεσπόταις
2513 455 2876 508 δουλευόντων
2898 455 3010 526 (55)
3052 471 3066 486 ⁸
3103 458 3198 509 καὶ
3242 457 3321 509 ὅτι
3366 461 3392 511 ὁ
3453 461 3610 528 νόμος
3647 463 3737 517 οὐκ

2176 544 2286 601 οἶδε
2315 547 2518 599 δούλων
2552 545 2878 614 συγγένειαν
2899 563 2912 577 ·
2944 546 3004 598 τὸ
3030 547 3163 598 αὐτὸ
3231 547 3287 600 δὲ
3339 548 3431 600 καὶ
3475 551 3501 600 ὁ
3552 551 3738 620 ἐφεξῆς

2178 637 2402 702 διέξεισι
2436 638 2618 708 στίχος
2639 654 2654 668 ·
2679 636 3138 707 ἀναλογιζόμενος
3176 637 3232 690 δὲ
3262 639 3356 691 καλ⁵
3383 640 3480 710 τὴν
3527 643 3737 712 ἐρημω-

2181 747 2264 783 σιν
2297 728 2394 783 τοῦ
2421 729 2572 796 ναοῦ,
2605 730 3023 802 δαπανῶμαιτῇ
3060 730 3208 802 λύπῃ
3237 748 3249 762 '
3313 734 3404 784 καὶ
3461 733 3581 796 τοὺς
3625 736 3740 797 σοὺς

2179 829 2520 899 ὀνειδισμοὺς
2577 828 2672 891 οὒς
2737 828 2976 899 ὀνειδίζῃ
3034 828 3183 898 παρά
3219 828 3328 882 τῶν
3377 829 3738 894 Βαϐυλωνίων,

2179 923 2255 985 ὡς
2289 923 2364 993 μὴ
2386 922 2689 991 δυνάμενός
2717 939 2808 991 μοι
2835 920 3077 991 βοηθεῖν,
3121 921 3357 986 οἰκείους
3410 921 3719 990 λελόγισμαι

2179 1015 2272 1066 Διὸ
2296 1019 2392 1067 καὶ
2415 1013 2490 1084 μὴ
2514 1014 2872 1084 προσιέμενος
2888 1014 3096 1085 τροφὴν
3129 1013 3352 1084 ὲτάκην.
3384 1015 3445 1066 Οἱ
3470 1013 3525 1065 δὲ
3555 1012 3738 1082 μᾶλλον

2178 1107 2455 1170 ὠνείδιζον
2501 1105 2578 1168 ὡς
2644 1105 2820 1176 μάτην
2891 1105 3224 1176 νηστευόντα
3269 1105 3382 1177 (57)
3437 1105 3529 1158 καὶ
3566 1107 3739 1175 καιρὶς

2181 1197 2596 1266 ἁγαθοθελείας,
2631 1197 2812 1250 εἴτουν
2837 1197 3233 1267 ὲλεημοσύνης.
3280 1198 3362 1248 Τὰ
3391 1197 3448 1249 δὲ
3479 1194 3737 1258 ἐντεῦθεν,

2177 1290 2252 1354 ὡς
2278 1289 2843 1360 προηρμηνεύσαμεν,
2877 1290 3017 1360 πλὴν
3056 1289 3140 1342 ὃτι
3165 1289 3331 1342 παῖδα
3361 1290 3420 1342 οὐ
3455 1289 3544 1342 τὸν
3566 1288 3736 1356 φύσει,

2180 1379 2319 1434 ἀλλὰ
2341 1380 2431 1431 τὸν
2465 1379 2616 1432 θὲσ-ι
2648 1381 2905 1447 λέγουσιν
2931 1397 2945 1409 ·
2985 1379 3123 1444 Υἱὸς
3154 1377 3284 1448 γὰρ,
3329 1375 3483 1450 φησι,
3538 1379 3741 1445 πρωτόο

2179 1473 2357 1536 τοκός
2378 1488 2498 1540 μου
2529 1469 2766 1536 Ἰσραήλ
2793 1487 2808 1500 ·
2843 1471 2876 1541 ἢ
2914 1472 3009 1523 καὶ
3045 1471 3245 1534 ἄλλως,
3273 1471 3386 1542 (58)
3411 1471 3501 1523 τὸν
3516 1472 3735 1539 οἰκέτην.

2180 1559 2335 1624 Εἶτα,
2371 1561 2461 1613 τὸν
2489 1561 2795 1630 ὀνειδισμὸν
2819 1561 2911 1613 τὸν
2979 1559 3068 1613 διὰ
3105 1560 3165 1612 σὲ
3205 1560 3603 1630 προσεδόκησα,
3657 1559 3740 1610 καὶ

2180 1654 2280 1721 τὴν
2312 1649 2482 1718 ἄλλην
2530 1651 2932 1713 κακοπάθειαν,
2989 1645 3078 1702 οἶα
3113 1649 3573 1720 αἰχμαλωτισθεὶς
3603 1665 3616 1679 ·
3670 1649 3738 1700 διὸ

2179 1747 2424 1816 ἐζήτησα
2455 1743 2546 1796 τὸν
2583 1741 3107 1812 παραμυθούμενον,
3135 1743 3231 1792 καὶ¹
3261 1741 3364 1809 οὐχ
3389 1733 3565 1809 εὗρον,
3585 1739 3652 1800 ὡς
3674 1739 3736 1806 μὴ

2183 1836 2494 1908 συνομιλεῖν
2533 1834 2809 1903 εὐκαίρως
2837 1837 2950 1897 τοῖς
2976 1833 3269 1904 ὁμογενέσι
3314 1849 3416 1902 μου
3450 1830 3737 1899 συγχωρού-

2182 1949 2365 2002 μενος.
2407 1930 2498 1993 Εἰς
2523 1930 2580 1982 δὲ
2609 1930 2668 1981 τό
2687 1946 2701 1958 '
2739 1928 3016 1980 Ἔδωκαν
3041 1930 3128 1992 εις
3185 1924 3250 1978 τὸ
3287 1921 3499 1992 βρῶμά
3520 1939 3630 1991 μευ
3654 1936 3740 1986 χο-

2178 2025 2324 2093 λὴν,
2352 2022 2452 2077 καὶ
2483 2023 2571 2088 εις
2624 2021 2739 2097 τὴν
2782 2019 2974 2088 δίψαν
3013 2035 3131 2088 μου
3164 2015 3461 2070 ἑπότισάν
3492 2031 3564 2084 με
3595 2012 3737 2076 ὅξος,

2179 2115 2589 2187 προσκρούουσι
2642 2112 2914 2176 λέγοντες,
2977 2112 3059 2163 ὅτι
3123 2111 3342 2180 Πικράν
3413 2123 3501 2175 μοι
3555 2103 3737 2174 τροφὴν

2179 2206 2516 2276 ὲπέρριπτον
2545 2202 2594 2255 οἱ
2659 2199 3198 2270 αἰχμαλωτίσαντες,
3260 2197 3338 2259 ὡς
3395 2193 3560 2262 δούλῳ
3595 2208 3608 2222 ’
3658 2189 3736 2240 καὶ

2181 2296 2425 2367 διψῶντά
2457 2312 2526 2365 με
2555 2291 2807 2356 ὲπότιζον
2837 2291 3020 2360 ὀξίνην
3059 2285 3202 2342 οἶνον
3229 2305 3246 2320 ·
3276 2288 3311 2359 ἢ
3340 2285 3538 2354 πικράν
3553 2282 3736 2352 μοιτὴι

2182 2389 2388 2459 βρῶσιν
2425 2383 2718 2454 φαίνεσθαι
2771 2381 3212 2452 παρεσκεύαζον,
3251 2378 3343 2432 διὰ
3399 2376 3492 2447 τᾲς
3534 2372 3735 2440 θλίψεις.

2180 2479 2274 2534 καὶ
2292 2479 2544 2549 δριμεῖαν
2571 2475 2670 2545 τὴν
2703 2475 2883 2526 πόσιν.
2903 2471 2976 2525 Τὸ
3004 2471 3085 2537 δὲ,
3103 2467 3434 2538 Γενηθήτω
3461 2469 3496 2534 ἠ
3517 2461 3738 2533 rgias?!

2178 2570 2398 2634 αὐτῶν,
2430 2568 2570 2623 κατὰ
2603 2568 2703 2638 τὴν
2740 2566 2966 2634 πρώτην
3004 2563 3272 2633 ἐξήγησιν
3295 2578 3309 2592 ·
3348 2561 3416 2614 τὰ
3441 2557 3486 2613 δ’
3517 2553 3736 2610 ἐντεῦθεν

2178 2659 2542 2729 κατεύχεσθαι
2583 2659 2692 2710 τῶν
2715 2653 3078 2708 Βαϐυλωνξων
3132 2668 3146 2683 ⁸
3178 2652 3426 2704 ’ἔπαυλιν
3479 2650 3533 2702 δὲ
3583 2644 3736 2699 αὐτῶν

2179 2753 2278 2821 τὴν
2298 2750 2456 2802 πόλιν
2487 2748 2687 2802 αὐτῶν.
2713 2743 2848 2801 Εἶτα
2879 2747 2972 2798 τὸν
2995 2745 3144 2810 λαὸν,
3197 2746 3396 2817 φησιν,
3435 2743 3492 2797 δν
3530 2743 3588 2795 σὺ
3625 2753 3735 2790 παι·

2179 2839 2434 2910 δευθῆναι
2458 2837 2908 2908 παρεσκεύασας,
2933 2837 3086 2889 αὐτοὶ
3107 2837 3319 2906 σφόδρα
3337 2835 3734 2906 ἐτιμωρήσαντο,

2182 2933 2277 2987 καὶ
2309 2933 2472 2984 πάλιν
2504 2931 2860 3002 προσέθηκαν
2894 2930 2987 2982 ἐπὶ
3012 2929 3081 2982 τὰ
3103 2928 3455 2999 προλαϐόντα
3482 2928 3634 2994 ἄλγη,
3658 2917 3738 2972 καὶ

2186 3025 2256 3076 τὰ
2295 3023 2441 3093 ἑξῆς.
2476 3023 2570 3086 Εἰς
2616 3022 2672 3075 δὲ
2699 3024 2784 3088 τὸ,
2834 3021 3063 3089 Ἀρέσει
3087 3020 3168 3085 τῷ
3205 3021 3338 3086 Θεῷ
3367 3019 3739 3087 ὐπὲρμίσχον

2178 3116 2346 3182 νέον,
2375 3115 2582 3184 ὁμοίως
2613 3113 3040 3186 προσκρούουσι.
3067 3112 3148 3165 Τὰ
3173 3111 3230 3164 δὲ
3264 3111 3532 3172 ἐντεῦθεν,
3564 3109 3630 3170 ὼς
3653 3107 3731 3174 φί-

2185 3207 2276 3260 λον
2335 3207 2520 3270 αύτοῖς
2572 3205 2906 3274 ἐκδέχονται,
2954 3203 3259 3274 συνᾴδοντα
3285 3207 3353 3274 τῇ
3412 3203 3612 3271 ἱστορίᾳ
3657 3197 3741 3264 τῆς

2177 3298 2438 3352 ἐπανόδου
2468 3297 2577 3350 τῶν
2610 3296 2998 3366 αἰχμαλώτων.
3029 3295 3219 3364 Ἡμεῖς
3257 3296 3339 3363 δὲ,
3394 3297 3504 3355 τοῖς
3537 3287 3736 3358 ἁκριὸε-

2186 3393 2400 3460 στέροις
2427 3391 2535 3441 τῶν
2557 3389 2820 3458 Πατέρων
2837 3385 3340 3458 ἀκολουθήσαντες,
3361 3380 3740 3453 ἀσφαλεστάτην

2183 3482 2566 3553 ἐποιησάμεθα
2596 3480 2694 3552 τὴν
2726 3480 3014 3551 ἐξήγησιν.
3224 3485 3227 3487 ’

502 3567 788 3636 populum,
847 3569 1144 3636 inquiunt,
1211 3585 1374 3639 quem
1429 3581 1484 3625 tu
1543 3572 1775 3628 erudisti
1838 3584 1892 3629 et
1941 3573 2252 3642 eastigasti,
2292 3587 2389 3628 seu
2469 3587 2631 3640 quem
2704 3571 2963 3640 castigari
3041 3569 3375 3640 permisisti,
3439 3559 3744 3639 gravissimis

496 3658 778 3729 Babylonii
843 3659 1158 3715 afﬂixerunt
1229 3661 1516 3732 suppliciis
1543 3670 1564 3730 ,‘
1589 3672 1645 3718 et
1706 3664 1982 3734 prioribus
2057 3667 2340 3723 doloribus
2423 3663 2527 3734 ipsi
2616 3662 2772 3732 plura
2847 3677 3065 3731 semper
3151 3661 3507 3716 addiderunt.

3591 3657 3644 3709 In
3689 3668 3746 3706 eo

500 3751 664 3804 etiam
705 3753 980 3806 versiculo
1013 3753 1104 3824 qui
1135 3753 1271 3808 dicit
1300 3771 1314 3808 :
1341 3753 1407 3807 Et
1441 3755 1671 3823 placebit
1706 3755 1932 3812 Domino
1979 3773 2137 3827 super
2159 3759 2380 3813 vitulum
2415 3755 2702 3818 novellum,
2772 3755 2888 3824 pari
2945 3754 3206 3808 labuntur
3274 3770 3480 3808 errore.
3529 3751 3592 3806 Et
3645 3762 3747 3818 qua!

501 3849 806 3908 sequuntur
836 3843 1079 3908 gratiora
1105 3844 1186 3898 eis
1215 3853 1347 3899 sunt
1369 3843 1505 3915 (59),
1541 3847 1712 3900 veluti
1739 3847 1913 3916 magis
1942 3861 2187 3902 consona
2229 3845 2430 3902 reditui
2469 3862 2537 3900 ex
2569 3844 2904 3917 Babylonica
2947 3847 3294 3914 captivitate.
3331 3845 3441 3900 Nos
3468 3854 3632 3899 autem
3665 3855 3742 3891 ac-

501 3942 747 3985 curatam
794 3945 1110 3988 sanctorum
1176 3935 1398 3991 Patrum
1451 3938 1766 4008 opinionem
1826 3951 2140 4009 sequentes,
2183 3955 2307 3996 eam
2367 3938 2777 4009 expositionem
2835 3939 3010 3993 veluti
3057 3939 3323 3994 tutiorem
3392 3936 3741 4009 atnplectimur

504 4042 668 4093 quam
696 4027 950 4096 superius
972 4027 1288 4085 retulimus.

501 4137 571 4193 In
601 4142 754 4210 linem
785 4143 1023 4208 psalmus
1074 4145 1176 4214 ipsi
1237 4146 1405 4201 David
1457 4148 1514 4200 in
1563 4161 2074 4204 rememorattonem.

1029 4255 1350 4312 PSALMUS
1377 4258 1564 4313 LXIX.

575 4345 730 4402 llunc
781 4348 1048 4418 psalmum
1074 4349 1265 4404 beatus
1315 4350 1487 4406 David
1537 4353 1729 4408 iisdem
1776 4369 1914 4424 pene
1953 4369 2082 4410 sen-

505 4438 696 4493 tentiis
759 4453 823 4492 ac
861 4441 1044 4494 verbis
1093 4443 1423 4511 composuit,
1469 4459 1592 4514 qua
1632 4445 1762 4500 alibi
1808 4460 1904 4515 per
1955 4461 2080 4500 eum

499 4531 646 4584 dieta
677 4545 803 4585 esse
826 4530 1076 4586 videmus
1104 4533 1156 4586 in
1190 4534 1405 4602 psalmo
1429 4552 1618 4590 χχχιι.
1650 4537 2080 4608 Promptumque

501 4637 565 4676 ac
593 4637 707 4692 pra:
737 4622 993 4677 manibus
1031 4639 1156 4678 eum
1209 4641 1426 4697 semper
1455 4629 1714 4696 habebat,
1743 4632 1960 4700 quoties
1991 4629 2087 4684 de-

502 4715 615 4767 licti
661 4714 1122 4771 reminiscebatur
1151 4719 1300 4788 quod
1336 4719 1606 4778 adversus
1637 4718 1824 4776 Uriam
1861 4725 2087 4777 commi-

502 4815 668 4859 serat.
691 4804 846 4859 lllum
871 4809 1075 4862 etenim
1098 4810 1265 4865 veluti
1299 4822 1493 4882 potens
1515 4814 1736 4884 aliquod
1755 4829 1975 4869 carmen
1991 4816 2089 4868 ad-

502 4908 691 4949 versus
701 4894 972 4953 danuones
987 4900 1213 4954 canebat
1228 4911 1482 4973 tauquam
1494 4905 1753 4961 adversus
1768 4907 2089 4971 eos‘nostes,

585 5082 630 5114 δ’
678 5083 848 5137 Exod.
902 5099 979 5157 tv,
1023 5084 1115 5138 ‘22.

2363 4149 2469 4212 Εἰς
2511 4143 2576 4198 τὸ
2597 4142 2776 4208 τέλος
2807 4139 2886 4206 τῷ
2911 4140 3096 4195 Δαόιὸ
3117 4143 3209 4208 εὶς
3238 4139 3594 4210 ἀνάμνησιν.

2793 4259 3089 4316 ΨΑΛΜΟΣ
3124 4256 3249 4315 ΞΘ’.

2258 4359 2303 4410 Τ
2307 4357 2366 4410 δν
2397 4356 2643 4425 παρόντα
2672 4353 2888 4424 ψαλμὸν
2919 4351 3027 4405 ἀπὸ
3072 4351 3184 4403 τῶν
3235 4351 3541 4421 εἰρημένων
3583 4347 3636 4397 ἐν
3678 4341 3742 4406 τῷ

2189 4448 2269 4500 λθ¹
2297 4446 2496 4516 ψαλμῴ
2527 4444 2746 4506 συνθεὶς
2775 4443 3072 4515 πρόχειρον
3120 4438 3273 4511 εἶχεν
3328 4441 3418 4495 ἀεί
3452 4457 3464 4471 ·
3532 4437 3618 4489 καὶ
3665 4433 3738 4484 ὅτε

2189 4539 2639 4607 ἀνεμιμνῄσκετο
2670 4535 2773 4604 τῆς
2797 4535 2939 4588 κατὰ
2969 4537 3062 4586 τὸν
3093 4534 3303 4602 Οὐρίαν
3331 4525 3741 4604 ἁμαρτίας,τότε

2189 4631 2408 4692 τοῦτον,
2437 4629 2557 4682 οἷαν
2592 4629 2716 4680 τινὰ
2738 4625 2864 4701 ᾖδεν
2894 4627 3110 4697 ἐπῳδὴν
3152 4625 3301 4680 κατὰ
3331 4626 3439 4678 τῶν
3472 4621 3740 4689 δαιμόνων.

2189 4719 2299 4773 τῶν
2329 4719 2409 4781 εἰς
2441 4718 2540 4788 τὴν
2561 4719 2945 4790 πλημμέλειαν
2994 4716 3210 4787 εκείνην
3261 4711 3741 4786 ὲκτραχηλισὰντωι

2201 4811 2393 4875 αὑτὸν,
2426 4810 2699 4880 δεόμενος,
2752 4810 2950 4881 μηκέτι
3011 4808 3529 4878 κατακυριευθῆναι.
3576 4803 3633 4854 υἱ
3689 4796 3738 4848 δέ

2199 4919 2364 4972 φασιν
2389 4903 2499 4967 ὅτι,
2529 4904 2616 4955 ὅτε
2651 4903 3098 4974 ἀνεμιμνήσκετο
3129 4903 3232 4955 ὅσα
3255 4900 3404 4970 παρὰ
3421 4899 3525 4951 τῶν
3556 4888 3740 4964 ἐχθρῶν

1855 5180 2056 5240 Variae
2084 5179 2412 5244 lectiones.

579 5329 684 5401 (55)
728 5329 1259 5399 Videturlegcndum
1280 5330 1627 5384 δουλεύουσιν
1658 5342 1716 5385 ιιι
1751 5333 2080 5399 respondeat

503 5399 818 5522 ῖῷαὑτοῖς,
857 5413 946 5453 aut
969 5401 1611 5471 suuaudiendumﬁpév,
1655 5403 1892 5469 genitivo
1920 5405 2083 5458 abso-

528 5479 616 5521 utc
645 5479 841 5522 uosuto.

576 5484 1112 5609 k(filii)?sitimucinatus
1167 5546 1254 5594 est
1308 5540 1584 5608 interpres
1614 5541 1665 5594 in
1706 5541 1929 5596 minime
1985 5544 2078 5597 ob-

505 5620 668 5662 scuro
700 5609 842 5664 loco.
889 5611 1099 5668 Sensus
1149 5621 1252 5675 εει,
1298 5609 1490 5683 Quasi.
1519 5612 1649 5664 mihi
1695 5613 2079 5668 auxiliarium

2186 5350 2386 5402 posses.
3600 5400 3608 5404 _
3641 5393 3651 5404 ,
3725 5391 3733 5399 ,

2263 5405 2375 5475 (57)
2408 5404 2638 5461 Videtur
2694 5409 2888 5464 deesse
2957 5405 3162 5477 aliquid
3234 5405 3381 5477 quod
3449 5400 3733 5456 transitiom

2190 5477 2473 5546 inServiat.
2513 5477 2647 5530 Puta
2681 5477 2800 5533 εἶτα
2824 5480 2993 5546 λέγει,
3039 5476 3096 5530 ut
3125 5478 3288 5530 vertit
3321 5476 3602 5542 interpres.

2261 5547 2372 5614 (58)
2406 5545 2617 5617 ‘Supple
2648 5550 2739 5601 τὸν
2769 5549 2930 5602 παῖδα
2959 5549 3156 5599 νοοῦσι.

2267 5618 2378 5680 (59)
2404 5615 2625 5672 Rectius
2653 5634 2747 5688 pro
2768 5621 2934 5672 lubitu
2964 5617 3252 5670 accipiunt.
