4070 6224
3552 71 3591 79 π

330 206 437 269 70)
1477 202 1873 265 COMMENT.
1919 204 1998 264 IN
2035 206 2393 269 PSALMOS.
3492 210 3597 276 710

324 318 513 379 ἁπλῶς
541 316 802 382 πέπονθε,
825 318 948 371 τότε
969 318 1148 389 τούτῳ
1176 314 1467 389 ἐκέχρητο.
1499 317 1607 382 Εις
1637 314 1704 369 τὸ
1730 315 1907 382 τέλος

2011 318 2103 388 qui
2139 334 2198 374 se
2222 320 2277 374 in
2330 318 2466 373 illud
2496 318 2819 374 barathrum
2853 318 3226 389 coujecerant.
3275 320 3390 377 [loc
3425 322 3596 394 igitur

325 414 404 476 δὲ.
434 414 517 468 ὅτι
546 413 628 476 είς
665 413 820 476 τέλος
876 412 1154 477 ἐξέϐαινεν
1186 415 1220 483 ἡ
1252 413 1312 465 ὲν
1366 408 1546 481 τούτῳ
1596 410 1897 482 προσευχὴ.

2011 411 2233 480 psaltno'
2269 408 2439 464 Deum
2489 422 2660 481 rogat,
2702 419 2761 463 ut
2805 411 2890 465 sui
2915 413 3149 482 amplius
3180 412 3456 470 daemones
3485 432 3593 469 non

324 508 697 563 dominentur.
743 507 851 563 Alii
904 515 1086 562 autem
1118 507 1332 572 dicunt,
1359 506 1507 576 quod
1540 507 1761 576 quoties
1813 506 1864 561 ci
1910 503 1965 558 in
2026 504 2347 559 memoriam
2387 505 2682 560 veniebant
2722 517 2927 575 quanta
2977 506 3045 559 ab
3082 509 3321 563 inimicis
3390 503 3596 565 temere

331 613 528 668 passus
582 598 781 662 fuerat,
829 598 974 652 hunc
1022 598 1294 668 psalmum
1365 605 1496 652 tunc
1538 611 1737 651 canere
1791 595 2026 651 solebat.
2082 594 2152 649 In
2213 596 2371 664 ﬁnem
2430 608 2609 651 autem
2648 597 2771 652 ideo
2800 599 3145 665 inscribitur,
3179 604 3306 671 quin
3335 606 3510 659 oratio
3543 621 3598 666 et

331 700 544 756 preces,
611 702 733 757 qua:
797 686 852 741 in
907 702 973 742 eo
1002 687 1381 753 continentur,
1451 687 1518 740 ad
1559 699 1769 740 certum
1828 686 1989 741 linem
2047 686 2347 741 tendebant
2393 703 2556 757 quem
2595 690 2758 741 etiam
2792 700 3102 744 consecuta
3142 701 3291 746 sunt.

411 777 467 831 Ὀ
499 776 666 843 Θεὸς,
700 778 788 841 εις
813 775 928 847 τὴν
956 776 1257 847 ,ϐοήθειάν
1307 794 1427 848 μου
1477 775 1765 845 πρόσχες.
1819 775 1912 828 Ἑν

329 870 407 943 τῷ
427 867 507 924 λθ¹
538 870 673 940 φησί
708 885 724 901 ·
789 870 987 939 Κύριε,
1025 872 1114 938 είς
1148 871 1217 924 τὸ
1257 868 1573 937 ,βοηθῆσαί
1641 887 1734 937 μοι
1770 869 1912 938 πρό-

326 982 501 1035 σχες.

401 1058 605 1126 Κύριε,
628 1058 715 1120 είς
734 1057 800 1110 τὸ
839 1053 1153 1123 ,βοηθῆσαί
1197 1072 1301 1125 μοι
1351 1052 1648 1107 σπεῦσον.
1705 1051 1914 1106 Ταὺτδν

334 1149 629 1223 ὲρμηνεύει
657 1148 735 1219 τῷ
760 1165 774 1179 ⁸
810 1148 1084 1218 Τάχυνον
1108 1147 1213 1202 τοῦ
1266 1145 1585 1211 ἐξελέσθαι
1615 1160 1711 1214 με,
1744 1146 1802 1196 ὲν
1832 1143 1911 1215 τῷ

335 1245 378 1296 λ’
409 1242 630 1314 ψαλμῷ.

401 1331 927 1400 Αίσχυνθήτωσαγ
957 1331 1055 1384 καί
1084 1328 1561 1399 ἐντραπήτωσαν
1584 1328 1639 1380 oi
1671 1325 1911 1393 ζητοῦνο

328 1440 430 1489 τες
486 1424 603 1490 τὴν
678 1420 892 1491 ψυχήν
951 1437 1094 1491 μου.
1171 1419 1284 1472 Καὶ
1344 1418 1507 1471 τοῦτο
1574 1418 1634 1471 ὲν
1690 1415 1767 1487 τῷ
1836 1414 1900 1468 λθ

327 1515 524 1566 κεῖται.

2088 775 2258 831 Vens.
2288 782 2345 831 ‘2.
2389 777 2551 843 Deus,
2584 780 2638 833 in
2684 780 3014 849 adjutorium
3057 797 3230 835 meum
3260 784 3486 838 intende.
3536 787 3596 841 ln

2015 867 2224 936 psalmo
2244 879 2422 922 autem
2451 885 2614 923 χχχιχ
2640 869 2776 924 dixit
2817 889 2830 925 :
2866 871 3110 939 Domine,
3138 872 3206 923 ad
3234 872 3598 943 adjut-audum
3657 884 3667 897 ‘

2016 975 2099 1013 me
2132 961 2366 1033 intende.

2093 1051 2339 1120 Domine,
2372 1055 2441 1107 ad
2465 1055 2831 1124 adjuvandum
2859 1072 2939 1110 me
2986 1055 3202 1125 festina.
3243 1058 3388 1112 Idem
3426 1060 3599 1128 signi-

2017 1143 2182 1197 ﬁcant
2215 1144 2359 1214 quod
2395 1164 2410 1201 :
2446 1147 2717 1211 .lccelera,
2766 1156 2824 1201 ut
2892 1164 3053 1203 eruas
3112 1166 3212 1203 me.
3258 1148 3390 1215 Qua}
3434 1152 3597 1207 verba

2016 1235 2296 1290 habentur
2324 1238 2379 1291 in
2423 1239 2636 1307 p8nltlttt
2676 1256 2804 1294 xxx.

2082 1325 2254 1382 Vens.
2281 1328 2335 1383 '5.
2360 1327 2689 1384 Erubescant
2726 1340 2774 1385 et
2796 1333 3214 1404 confundantur,
3242 1338 3332 1405 qui
3355 1349 3597 1407 quarunt

2021 1420 2258 1472 animam
2287 1437 2478 1474 meum.
2504 1419 2629 1476 Haec
2660 1425 2825 1478 verba
2863 1425 3133 1481 habentur
3161 1430 3324 1482 etiam
3368 1429 3422 1484 in
3448 1420 3599 1501 'prze—

2021 1508 2169 1565 dicto
2197 1512 2407 1580 psalmo
2440 1528 2626 1569 χχιιι.

410 1601 998 1671 Ἀποστραςοήτωσαν
1053 1602 1141 1668 εἰς
1192 1599 1266 1653 τὰ
1311 1599 1528 1665 ὀπίσω,
1576 1598 1675 1659 καὶ
1718 1615 1907 1652 καται-

2094 1597 2262 1655 Vnns.
2298 1601 2351 1655 4.
2393 1601 2787 1659 Convertuntur
2820 1616 3136 1675 retrorsum,
3177 1620 3228 1664 et
3257 1612 3597 1681 confundan-

322 1697 775 1768 σχυνθιὶτωσαν
798 1699 853 1750 oi
884 1694 1256 1764 ,βουλόμενοί
1280 1711 1383 1763 μοι
1413 1691 1592 1746 κακά.
1628 1692 1735 1745 Καὶ
1759 1691 1917 1744 τοῦτο

326 1788 507 1840 ἐκεῖσε
534 1789 735 1851 κεῖται,
767 1787 907 1856 πλὴν
953 1788 1035 1840 ὅτι
1082 1786 1143 1838 τὸ
1199 1784 1769 1853 ἀποστραφήτωσαν
1819 1782 1916 1835 καὶ

325 1880 951 1947 καταισχυνθήτωσαν
977 1919 993 1942 ,
1041 1876 1587 1946 ἁποστραφείησαν
1651 1876 1748 1928 καὶ
1812 1890 1917 1928 και

325 1970 862 2039 ταισχυνθείησαν,
898 1970 956 2021 ὲν
990 1968 1188 2036 ἐκείνῳ
1211 1967 1530 2036 γέγραπται
1557 1980 1572 1995 ο
1631 1964 1709 2027 ὡς
1766 1960 1909 2017 εἶναι

324 2061 507 2130 δῆλον,
539 2061 622 2113 ὅτι
654 2061 705 2112 εί
737 2059 834 2114 καί⁵
855 2059 1242 2130 προστακτικὰ
1273 2058 1382 2110 εισι
1411 2054 1753 2119 τὰτοιαῦτα,
1775 2054 1915 2109 ἀλλά

331 2168 391 2222 γε
412 2149 642 2220 δύναμιν
659 2148 922 2219 εὐκτικὴν
948 2148 1316 2217 κεκλήρωται.

413 2240 1000 2314 Ἆποστραφήτωσαν
1022 2239 1362 2308 παραυτίκα
1390 2237 1822 2306 αίσχυνόμενοι
1859 2236 1915 2290 οι

327 2338 610 2408 λέγοντές
634 2353 755 2408 μοι⁴
789 2331 1145 2406 Εὖγε,εὗγε.
1171 2334 1400 2406 Ὀμοιόν
1421 2335 1538 2386 ἐστι
1558 2332 1620 2384 τὸ
1650 2329 1912 2399 Κομισάο

326 2435 579 2486 σθωσαν
604 2428 969 2499 παραχρῆμα
997 2428 1307 2497 αίσχύνην
1336 2424 1539 2481 αὐτῶν
1596 2427 1650 2479 ot
1692 2423 1910 2493 λέγονέ

326 2522 426 2588 τές
458 2538 561 2590 μοι
583 2536 598 2551 ·
628 2516 811 2590 Εὖγε,
835 2515 980 2589 εὖγε
1018 2533 1035 2550 ⁸
1067 2520 1127 2572 ὲν
1179 2516 1375 2586 ἐκείνῳ
1402 2516 1481 2586 τῷ
1505 2513 1732 2585 ψαλμῷ.

398 2610 934 2679 Ἀταλλιάσθωσαν
965 2609 1062 2664 καί
1088 2608 1613 2678 εὐφρανθήτωσαν
1663 2605 1763 2659 ἐπὶ
1808 2601 1910 2660 σοι

325 2701 551 2770 πάντες
588 2704 645 2758 οι
671 2701 1002 2770 ζητοῦντές
1032 2719 1129 2767 σε,
1169 2704 1204 2756 ό
1249 2702 1414 2767 Θεός.
1441 2699 1533 2753 Ἐν
1587 2697 1783 2770 ἐκείνῳ
1830 2697 1910 2769 τῷ

322 2794 525 2865 ψαλμῷ
554 2794 679 2849 ἀντὶ
716 2792 838 2859 τοῦ,
869 2796 903 2848 ὁ
933 2792 1098 2859 Θεὸς,
1138 2794 1173 2846 ὁ
1194 2792 1410 2860 Κύριος
1440 2792 1679 2861 εἴρηται.

379 2887 508 2965 ,Καὶ
536 2886 885 2959 λεγέτωσαν
909 2902 924 2918 ο
971 2885 1075 2941 Διὰ
1131 2883 1359 2952 παντὸς
1417 2881 1909 2980 μεγαλυτᾷιὶτωᾷό
1934 2921 1978 2980 c

2025 1701 2132 1756 tur,
2155 1692 2244 1761 qui
2286 1694 2617 1749 voluntmihi
2647 1697 2814 1751 mala.
2844 1697 2971 1753 llaec
3030 1692 3286 1756 similiter
3330 1705 3440 1758 illic
3494 1706 3595 1759 ha-

2020 1783 2241 1843 bentur,
2270 1796 2334 1836 eo
2355 1795 2610 1854 excepto,
2636 1789 2781 1856 quod
2818 1791 2978 1855 verba
3013 1792 3123 1847 illic
3173 1796 3412 1861 optantis
3443 1809 3594 1863 sunt,

2018 1888 2140 1942 quae
2164 1873 2249 1931 hic
2293 1880 2618 1946 imperantis
2673 1879 2842 1950 (quod
2880 1898 2946 1936 ex
2985 1881 3173 1938 (ιι-ωειλ
3205 1886 3441 1943 lectione
3482 1892 3596 1943 cla-

2014 1963 2131 2018 rius
2157 1964 2551 2039 dignoscitur).
2589 1969 2876 2038 Utoplans
2910 1971 3080 2043 igitur
3106 1974 3208 2030 hoc
3253 1979 3427 2045 poscit
3452 1966 3594 2035 i‘ro-

2016 2055 2203 2126 pheta,
2222 2060 2435 2115 tametsi
2457 2061 2728 2131 imperare
2747 2062 2978 2118 videtur.

2089 2235 2483 2292 Convertuntur
2535 2244 2720 2295 statim
2778 2230 3164 2311 erube’scentes,
3240 2251 3332 2318 qui
3411 2251 3596 2309 dicunt

2016 2327 2166 2392 mihi,
2226 2327 2395 2401 Euge,
2442 2348 2587 2403 euge.
2629 2332 2819 2390 Simile
2870 2331 3005 2392 est:
3066 2337 3266 2394 Ferant
3322 2330 3595 2419 confestim

2014 2424 2374 2490 confusionem
2394 2441 2547 2479 suam
2578 2429 2671 2497 qui
2704 2429 2890 2483 dicunt
2931 2430 3080 2499 mihi,
3121 2432 3291 2505 Euge,
3327 2452 3480 2508 euge,
3537 2439 3592 2496 in

2013 2511 2108 2567 illo
2135 2515 2368 2582 psalmo.

2083 2602 2251 2660 Vens.
2282 2608 2333 2661 5.
2372 2608 2650 2664 Exsultent
2678 2624 2728 2667 et
2774 2613 3021 2671 lwtentur
3069 2619 3125 2673 in
3164 2628 3213 2674 te
3272 2637 3452 2677 omnes
3499 2590 3590 2692 qu'i

2012 2709 2252 2767 quwrunt
2275 2710 2343 2765 te,
2370 2700 2529 2757 Deus.
2555 2703 2613 2759 ln
2638 2707 2728 2761 illo
2753 2710 2961 2777 psalmo
2997 2727 3116 2781 pro,
3148 2713 3312 2782 Deus,
3345 2718 3591 2789 positunt

2011 2801 2114 2855 est,
2146 2790 2429 2849 Dominus.

2084 2881 2154 2936 Et
2180 2882 2363 2940 dicunt
2393 2904 2629 2955 semper,
2652 2890 3025 2962 Magniﬁcetur
3051 2895 3334 2964 Dominus,
3361 2902 3450 2969 qui
3466 2902 3592 2955 dilic

326 2980 498 3048 Θεὸς,
531 2984 587 3037 οι
620 2978 973 3051 ἀγαπῶντες
1002 2979 1072 3033 τὸ
1104 2978 1409 3048 σωτήριον⁹
1432 2995 1574 3033 σου.
1610 2977 1782 3031 Πάλιν
1847 2977 1906 3029 ἐν

2010 2987 2138 3044 gunt
2169 2978 2410 3032 salutare
2440 2988 2607 3032 tuum.
2637 2980 2699 3035 Et
2730 2983 2783 3036 in
2818 2985 2909 3040 illo
2929 3002 3122 3041 rursus
3156 3005 3278 3058 pro,
3312 2991 3590 3056 Dominus,

324 3074 522 3145 ἐκείνῳ
552 3074 677 3127 ἀντὶ
709 3072 808 3126 τοῦ
838 3069 1206 3142 λεγέτωσαν.
1255 3070 1599 3125 είπάτωσαν
1633 3085 1647 3100 '
1696 3070 1819 3124 ἀντὶ
1850 3068 1907 3123 δὲ

323 3165 448 3231 τοῦ,
469 3168 502 3220 d
534 3165 703 3232 Θεὸς,
727 3166 760 3218 ὁ
790 3165 1005 3232 Κύριος
1029 3163 1269 3234 εἴρηται.

399 3255 553 3328 Ἐγὼ
581 3256 651 3310 δὲ
673 3256 910 3326 πτωχὸς
942 3254 1043 3308 καὶ
1086 3253 1311 3320 πένηςο
1374 3254 1407 3308 ό
1464 3254 1630 3321 Θεὸς,
1672 3254 1906 3322 ,βοήθη-

327 3352 447 3407 σόν
475 3368 598 3421 μοι.
627 3349 719 3404 Ἐν
745 3349 941 3418 ἐκείνῳ
962 3345 1039 3417 τῷ
1065 3346 1267 3425 ψαλμῷ
1316 3346 1439 3400 ἀντὶ
1458 3345 1553 3399 τοῦ
1603 3345 1668 3399 '0
1736 3346 1903 3413 Θεὸς,

318 3440 647 3507 ,βοήθησόν
672 3456 800 3508 μοι,
824 3437 1040 3504 Κύριος
1070 3434 1343 3505 φροντιεῖ
1364 3453 1512 3504 μου,
1546 3438 1752 3490 κεῖται.

396 3533 627 3600 Βοηθός
643 3548 764 3602 μου
791 3529 890 3583 καὶ
904 3531 1138 3598 ῥύστης
1158 3524 1217 3583 εί
1239 3528 1349 3594 σὺ,
1371 3529 1571 3596 Κύριε,
1588 3527 1674 3596 μὴ
1694 3524 1903 3597 χρονί-

323 3641 467 3695 σῃς.
499 3623 590 3678 Ἐν
602 3623 798 3692 ἐκείνῳ
820 3622 875 3676 δὲ
900 3623 1022 3676 ἀντὶ
1036 3620 1131 3674 τοῦ
1158 3620 1415 3689 ρὐτης,
1439 3619 1903 3688 ὑπερασπιστὴς

323 3720 507 3771 κεῖται
531 3733 546 3747 ·
580 3716 677 3769 καὶ
735 3715 858 3769 ἀντὶ
890 3713 1007 3779 τοῦ,
1068 3714 1269 3781 Κύριε,
1320 3711 1484 3766 πάλιν
1509 3712 1541 3764 ὁ
1574 3714 1719 3777 Oed;-
1756 3729 1900 3781 μου.

329 3805 419 3873 Τῷ
445 3804 623 3862 Δασίδ
672 3803 916 3874 ψαλμὸς
937 3802 1057 3856 τῶν
1078 3802 1228 3856 υἱῶν
1278 3798 1587 3865 Ἰωναδὰό,
1635 3801 1735 3854 καὶ
1780 3798 1903 3854 τῶν

397 3897 636 3968 πρώτως
652 3891 1266 3969 αἰχμαλωτισθέντων.
1302 3891 1731 3962 ’Δνεπίγραερος
1764 3895 1903 3961 παρ’

411 3989 717 4057 Ἑϐραίοις.

408 4076 417 4081 ’
913 4074 1211 4132 ΨΑΛΜΟΣ
1235 4075 1312 4133 0'.

400 4170 685 4242 Προσώπῳ
738 4170 849 4225 τῶν
881 4169 1036 4235 υίῶν,
1078 4170 1267 4240 φησὶν,
1328 4166 1608 4233 ἰωναδὰ6,
1644 4167 1741 4220 καὶ
1787 4166 1899 4221 τῶν

2010 3065 2216 3120 dictum
2246 3076 2352 3131 est,
2389 3066 2558 3125 Deus.

2084 3246 2314 3304 \'t-:ns.6.
2351 3251 2461 3320 Ego
2484 3263 2662 3307 autem
2692 3250 2843 3325 inops
2885 3274 3001 3311 sum
3057 3270 3107 3314 et
3165 3277 3381 3330 pauper.
3418 3263 3589 3332 Deus,

2008 3340 2206 3407 adjuva
2235 3358 2334 3395 me.
2358 3341 2414 3395 In
2446 3343 2534 3396 illa
2559 3355 2739 3399 autem
2770 3363 2888 3416 pro,
2920 3347 3292 3420 Deus,adjuva
3321 3369 3418 3417 me,
3447 3353 3587 3407 dizi-

2007 3441 2118 3498 tur,
2151 3430 2411 3487 Dominus
2443 3436 2710 3492 sollicitus
2741 3450 2816 3493 est
2852 3442 2972 3495 mei.

2074 3522 2306 3591 Adjutor
2336 3542 2478 3579 meus
2511 3536 2559 3581 et
2578 3529 2831 3584 liberator
2861 3548 3002 3586 meus
3032 3550 3084 3587 es
3116 3546 3195 3599 tu,
3252 3535 3493 3603 Domine,
3523 3556 3588 3595 ne

2006 3614 2324 3670 tardaveris.
2358 3615 2416 3670 In
2450 3617 2542 3674 illo
2573 3636 2670 3690 pro
2716 3622 2992 3688 liberator,
3044 3636 3313 3694 protector
3360 3630 3585 3695 dicitur,

2004 3713 2058 3761 et
2079 3721 2179 3775 pro
2211 3707 2452 3773 Domine,
2493 3711 2627 3765 Deus
2647 3729 2813 3767 meus.

2007 3794 2122 3867 Ipsi
2154 3798 2324 3854 David
2365 3803 2606 3872 psalmus
2637 3805 2876 3874 ﬁliorum
2919 3805 3194 3870 Jonadab,
3231 3819 3282 3863 et
3325 3812 3580 3869 aliarum.

2074 3890 2166 3959 qui
2184 3891 2355 3960 primo
2385 3896 2581 3963 captivi
2616 3896 2747 3965 facti
2774 3907 2919 3953 sunt.
2953 3900 3107 3983 Apud
3155 3900 3404 3959 Hebraos
3440 3917 3582 3961 caret

2073 3980 2441 4050 inscriptione.

2527 4074 2859 4133 PSALMUS
2892 4076 3062 4135 LXX.

2073 4159 2281 4220 Ferunt
2328 4164 2552 4224 beatum
2588 4168 2758 4224 David
2813 4173 3219 4244 conscripsisse
3255 4175 3399 4234 hunc
3433 4180 3578 4249 pSal-

325 4264 503 4320 ἄλλων
532 4263 642 4317 τῶν
659 4260 892 4333 πρώτως
925 4258 1476 4331 αἰχμαλωτισθέντων
1505 4257 1610 4312 ὑπὸ
1643 4257 1899 4312 Βαϐυλω-

2008 4267 2157 4309 mum
2178 4271 2243 4313 ex
2279 4274 2515 4330 persona
2556 4261 2791 4318 ﬁliorum
2819 4262 3090 4332 Jouadab,
3120 4275 3177 4321 et
3217 4248 3449 4325 aliorum
3482 4274 3575 4342 qui

323 4356 476 4422 νίων,
507 4355 537 4409 ὁ
566 4353 755 4426 παρὼν
790 4351 1005 4423 eamut;
1039 4350 1334 4422 πεποίηται
1375 4349 1455 4421 τῷ
1489 4349 1654 4403 Δαδίδ
1679 4365 1694 4381 ·
1757 4348 1890 4403 ταύ-

325 4463 429 4514 την
451 4447 524 4500 δὲ’
545 4445 862 4516 ἐπιγραφὴν
886 4444 936 4497 οι
976 4442 1385 4515 Ἕϐδομήκοντα
1417 4443 1761 4514 ἐπέγραψαν,
1805 4442 1899 4495 eo-

330 4538 516 4607 ρόντες
552 4536 930 4606 ἀνεπίγραφον
964 4533 1054 4587 τὸν
1077 4533 1323 4605 ψαλμὸν.
1363 4536 1428 4591 Οἱ
1471 4536 1656 4605 μέντοι
1681 4534 1896 4603 ἔκγονοι

324 4627 424 4682 τοῦ
445 4626 704 4681 Ἰωναδὰό
732 4626 993 4696 ἐπίσημοι
1029 4619 1171 4696 ἦσαν
1214 4625 1517 4696 τηνικαῦτα
1570 4624 1725 4696 παρὰ
1779 4626 1896 4688 τοῖς

323 4716 693 4789 αιχμαλώτοις
721 4733 734 4746 ·
792 4716 1068 4786 σωτηρίαν
1110 4715 1167 4769 δὲ
1221 4717 1249 4769 ὁ
1305 4715 1521 4786 ψαλμὸς
1581 4718 1743 4781 αἰτεῖ,
1801 4717 1894 4768 καὶ

319 4809 431 4861 τῶν
489 4806 874 4878 πολεμούντων
910 4805 1236 4875 ἀπαλλαγήν
1257 4822 1272 4836 ·
1321 4806 1402 4859 διδ
1431 4807 1528 4859 καὶ
1562 4807 1694 4877 ἡμῖν
1725 4822 1895 4878 προσ-

319 4900 447 4965 ήκει
474 4897 616 4950 κατὰ
666 4896 776 4948 τῶν
829 4894 1038 4961 νοητῶν
1106 4900 1200 4949 καὶ
1248 4894 1522 4965 αἰσθητῶν
1572 4894 1877 4965 πολεμίων.

2000 4348 2182 4417 primo
2225 4367 2253 4406 a
2303 4350 2624 4425 Babyloniis
2681 4357 2737 4411 in
2794 4358 3168 4429 captivitatem
3220 4359 3370 4415 ducti
3419 4372 3573 4421 sunt.

2000 4437 2155 4493 Hanc
2200 4449 2382 4497 autem
2431 4444 2850 4515 inscriptionem
2884 4446 3024 4502 LXX
3067 4448 3397 4518 interpretes
3439 4466 3576 4521 piar-

1999 4531 2141 4584 senti
2169 4532 2380 4601 psalmo
2405 4535 2735 4608 imposuere,
2769 4554 2893 4594 cum
2921 4540 3070 4594 omni
3107 4555 3335 4610 prorsus
3377 4541 3576 4596 inscri-

2000 4621 2185 4690 ptione
2243 4639 2436 4682 carere
2478 4643 2604 4684 eum
2672 4631 2815 4700 apud
2886 4630 3147 4687 llebrmos
3206 4632 3573 4689 invenissent.

2002 4710 2216 4769 Posteri
2275 4727 2454 4774 autem
2506 4718 2756 4777 Ionadab
2808 4739 3027 4778 summo
3083 4733 3214 4779 tunc
3266 4726 3319 4779 in
3365 4726 3595 4807 honore;

2001 4817 2155 4860 erant
2192 4810 2333 4878 apud
2370 4820 2596 4869 caeteros
2642 4815 2886 4885 captivos
2922 4832 2935 4868 :
2974 4831 3036 4870 ex
3066 4832 3297 4886 quorum
3329 4821 3591 4895 omnium

2004 4911 2264 4968 persona,
2320 4912 2378 4956 ut
2440 4903 2706 4969 diximus,
2762 4908 2894 4977 petit
2942 4922 2971 4962 a
3022 4906 3130 4963 Deo
3185 4909 3451 4978 Propheta
3504 4911 3572 4969 de

323 4990 568 5046 hostium
634 4994 903 5057 p0testate
946 4987 1192 5055 liberari,
1262 4995 1315 5041 et
1393 4986 1623 5041 saiutem
1682 4981 1968 5053 consequi.
2044 4985 2347 5046 Possumus
2412 5003 2466 5048 et
2526 4997 2811 5064 prwzetttis
2848 4997 3041 5067 psalmi
3121 5000 3283 5054 verba
3346 5015 3570 5055 accom-

322 5078 545 5133 modare
568 5076 835 5131 adversus
867 5074 1114 5130 visibiles
1147 5084 1308 5146 atque
1331 5074 1638 5129 invisibiles
1666 5072 1943 5128 inimicos.

409 5172 534 5227 Ὲπι
561 5169 681 5236 σοι,
716 5170 915 5239 Κύριε,
939 5169 1194 5238 ἤλπισα,
1239 5170 1326 5240 μὴ
1374 5169 1895 5238 καταισχυνθείην

319 5269 405 5332 είς
426 5266 534 5319 τὸν
568 5266 776 5330 αίῶνα,
800 5264 869 5318 ἐν
893 5263 969 5332 τῇ
998 5262 1358 5332 δικαιοσύνῃ
1395 5278 1512 5317 σου
1547 5262 1742 5329 ῥῦσαί
1793 5279 1892 5331 με,

2066 5172 2233 5230 Vens.
2267 5176 2320 5230 2.
2369 5177 2439 5232 In
2482 5187 2551 5245 te,
2591 5181 2832 5247 Domine,
2879 5187 3105 5251 speravi,
3135 5202 3237 5239 non
3268 5187 3567 5252 con/under

1989 5264 2045 5319 iu
2073 5277 2350 5333 teternum,
2395 5270 2449 5324 in
2469 5269 2685 5339 justitia
2719 5284 2812 5328 tua
2854 5275 3020 5328 libera
3056 5292 3156 5339 me,
3192 5286 3241 5329 et
3274 5276 3414 5339 eripe
3441 5292 3517 5329 me
3544 5293 3563 5329 :

320 5357 420 5410 καί
447 5358 664 5422 ἐξελοῦ
681 5375 759 5427 με
783 5375 798 5390 ο
830 5357 1047 5411 κλῖνον
1074 5355 1227 5425 πρὸς
1258 5372 1336 5426 με
1364 5357 1431 5409 τὸ
1476 5350 1586 5422 οὖς
1625 5371 1765 5419 σου,
1792 5355 1895 5409 καὶ

2011 5359 2186 5413 nclina
2223 5361 2293 5413 ad
2314 5377 2396 5416 me
2418 5380 2601 5418 aurem
2633 5374 2801 5433 tuam,
2828 5376 2878 5421 et
2905 5369 3052 5421 salva
3085 5383 3184 5420 me.
3223 5364 3346 5419 Hart;
3377 5369 3563 5421 onmia

320 5447 526 5503 σῶσόν
554 5448 871 5518 με.·Ταῦτα
895 5448 1077 5502 πάντα
1110 5447 1178 5502 τὰ
1218 5448 1358 5519 ῥητὰ
1386 5448 1446 5502 ὲν
1478 5446 1557 5518 τῷ
1586 5445 1634 5500 λ’
1687 5447 1890 5519 ψαλμῷ

2008 5457 2149 5511 rerba
2177 5455 2512 5528 habenturin
2538 5459 2749 5531 psalmo
2774 5476 2903 5525 xu,
2936 5470 2989 5515 et
3012 5474 3134 5529 pro,
3162 5458 3321 5515 Salva
3354 5474 3455 5521 me,
3485 5460 3558 5513 ibi

321 5543 546 5596 κεῖνται.
573 5542 722 5595 Ἀντὶ
743 5541 799 5595 δὲ
829 5540 947 5606 τοῦ,
972 5540 1185 5597 Σῶσόν
1206 5556 1304 5611 με,
1330 5540 1495 5611 φησὶν
1527 5540 1664 5604 ἐκεῖ,
1697 5538 1886 5608 Τάχυ-

321 5647 431 5683 νον
458 5631 566 5687 τοῦ
589 5631 902 5696 ἐξελέσθαι
920 5650 1018 5702 με.

1984 5559 2069 5603 est
2097 5564 2111 5602 :
2152 5549 2421 5618 Accelera,
2458 5560 2514 5605 ut
2537 5568 2695 5608 eruas
2728 5568 2826 5605 me.
