4020 6218
477 199 580 269 711
1670 219 2052 283 EUTIIYMII
2094 218 2455 283 ZlGABENI
3617 229 3723 293 71?.

549 317 717 378 Vitas.
750 320 804 376 3.
840 321 971 377 Esto
1010 326 1139 380 mihi
1167 330 1222 382 in
1256 329 1423 386 Deum
1474 346 1845 405 protectorem,
1893 347 1942 392 et
1993 339 2021 390 ii

549 429 641 441 ιι...-
672 414 926 441 ...ι-..ἓι......
986 424 1046 441 ..ι
1076 418 1271 441 --Ι-.--.--
1366 439 1374 441 Α
1410 425 1431 441 ι-
1501 428 1511 438 ι
1628 429 1661 441 ι.
1689 428 1699 439 ο
2006 430 2017 441 .

2221 337 2413 391 Feror”;
2433 354 2536 406 μοι
2557 338 2641 401 εἰς
2666 336 2815 389 Θεὸν
2832 339 3204 405 ὑπερασπιστ
3220 340 3311 407 llr,
3328 342 3424 395 καὶ
3442 345 3525 406 εις
3541 345 3723 397 τόκον

2164 423 2180 441 ,
2313 424 2324 441 ι
2486 425 2511 435 ς
2636 424 2660 433 -
2765 426 2778 441 .
2966 427 3020 441 ..ε
3093 430 3113 441 .
3166 428 3207 441 ..
3269 432 3281 441 .
3354 426 3368 441 .
3509 430 3534 441 -
3627 434 3663 441 ._

473 412 641 469 locum
672 414 951 481 munitum,
986 424 1046 468 ut
1071 418 1273 472 salvum
1299 438 1378 477 me
1402 425 1595 493 facias.
1628 428 1701 483 lbi
1729 444 1838 483 non
1871 430 2021 483 muni

2147 423 2371 492 ὀχυρὸν
2412 425 2514 476 τοῦ
2578 424 2778 478 σῶσαί
2812 443 2908 494 με.
2966 427 3113 479 Ἐκεῖ
3163 428 3219 480 δὲ
3259 426 3379 483 ἀντὶ
3442 430 3560 493 τοῦ,
3618 434 3722 498 Εις

474 512 583 558 tum
607 504 777 558 locum
804 506 962 570 dixit,
994 507 1094 575 sed,
1125 509 1294 565 locum
1322 517 1534 587 refugii.
1563 504 1568 510 ’

2146 516 2333 568 τόπον
2357 516 2603 583 ὀχυρὸν,
2640 521 2726 582 εἰς
2766 515 2937 571 οἷκον
2963 520 3339 589 καταφυγῆς,
3374 522 3615 593 εἴρηται.

542 596 803 662 Quoniam
833 599 1223 663 ﬁrmamentum
1253 624 1424 662 meum
1467 620 1515 664 et
1573 612 1833 681 refugium
1871 630 2021 667 meun

2222 610 2348 661 Ὀτι
2380 609 2683 678 στερέωμά
2702 627 2821 679 μου
2848 611 2941 664 καὶ
2980 614 3296 681 καταφυγή
3346 632 3465 682 μου
3509 610 3568 669 εἶ
3615 618 3717 670 σύ.

471 705 522 743 ιδ
552 697 625 739 ω.
668 688 741 741 lbi
773 687 1136 757 fortitudinem
1166 697 1302 752 dixit
1328 716 1425 769 pro
1464 704 1821 771 ﬁrmamento.

2160 698 2245 749 Ἐν
2276 698 2468 768 ἐκείνῳ
2501 699 2578 761 δὲ,
2614 698 2701 751 ὅτι
2730 701 3071 771 κραταίωμά
3098 720 3243 771 μου,
3279 704 3468 774 φησιν.

541 781 706 836 VERS.
735 782 790 837 4.
828 782 965 838 Deus
998 803 1161 855 meus,
1195 788 1360 845 libera
1380 810 1479 858 me,
1508 798 1569 849 de
1608 813 1767 848 manu
1795 806 2009 865 peccato

541 891 544 900 ι
597 874 1110 900 -ι.1-......,-.3-,3--.-
1156 898 1228 900 ,s,
1283 887 1316 900 -·
1416 896 1425 900 -
1466 888 1476 897 ο
1528 888 1537 898 ι
1617 890 1648 900 ,η
1695 886 1737 900 an
1779 890 1789 900 ι
1969 890 1979 900 ι

2229 794 2291 847 '0
2350 797 2493 860 Θεός
2507 813 2649 864 μου,
2676 796 2871 864 ῥῦσαί
2892 815 2971 866 με
2999 799 3068 852 ἐκ
3114 801 3314 868 χειρὸς
3344 802 3717 900 ἁμαρτωλῷ,

469 873 567 937 ris,
592 882 641 926 et
662 874 726 927 de
749 890 909 929 manu
934 878 1112 948 inique
1141 887 1344 951 agentis
1377 896 1427 939 et
1460 888 1666 956 injusti.
1695 886 1857 945 Tales
1895 890 2021 944 enin

469 972 622 988 Ann...
655 965 743 988 --.3
778 967 853 988 -2-
890 967 1060 988 .I--_-s-,
1083 972 1125 988 ,ι
1159 987 1162 988 ,
1223 982 1234 988 -

2142 880 2211 934 ἐκ
2229 882 2425 950 χειρός
2451 882 2946 953 παρανομοῦντος
2957 884 3055 939 καὶ
3077 886 3456 954 ᾀὸικοῦντος.
3475 873 3721 943 Τοιοῦτος,

467 972 625 1018 erant
652 965 745 1033 qui
773 967 855 1021 eis
883 967 1331 1029 dominabantur.

2144 973 2253 1041 γὰρ
2282 968 2425 1043 ἦσαν
2450 973 2499 1025 οἱ
2530 975 2884 1042 κυριεύοντες
2915 975 3122 1030 αὐτῶν.

541 1052 702 1109 Vnus.
739 1055 795 1110 5.
830 1059 1093 1122 Quoniam
1120 1072 1175 1117 tu
1197 1081 1250 1119 es
1282 1073 1603 1137 exspectatio
1632 1088 1774 1137 mea,
1800 1070 2016 1127 Domine

2212 1064 2335 1119 Ὅτι
2361 1065 2443 1120 σὺ
2472 1064 2528 1121 εἷ
2550 1067 2588 1137 ἡ
2619 1067 2893 1137 ὑπομονή
2946 1086 3085 1138 μου,
3104 1069 3314 1140 Κύριε.
3363 1071 3591 1143 Εἴρηται
3659 1074 3719 1126 ἐν

466 1142 681 1200 Dictum
712 1155 798 1202 est
844 1148 898 1202 in
941 1151 1151 1220 psalmo
1203 1171 1432 1226 xxxvm,
1468 1161 1540 1214 ibi
1579 1179 1594 1215 :
1632 1158 1701 1215 Et
1733 1178 1891 1229 nunc,
1921 1179 2021 1233 qua

2140 1158 2220 1229 τῷ
2242 1159 2325 1229 λη’
2378 1157 2614 1229 ψαλμῷ’
2671 1157 2783 1215 Kal
2830 1160 2948 1215 νῦν
2996 1163 3089 1229 τίς
3136 1164 3175 1231 ἠ
3230 1142 3505 1232 ὑπομονὴ
3562 1176 3716 1229 μους

462 1238 787 1307 exspectatio
812 1255 927 1295 mea
952 1244 980 1298 7
1012 1260 1182 1300 nonne
1210 1257 1291 1315 tu,
1324 1250 1465 1307 Deus
1495 1255 1520 1307 7
1552 1252 1684 1308 Item
1738 1254 1791 1309 in
1826 1256 2021 1324 psalmt

2140 1251 2276 1320 οὐχὶ
2299 1249 2556 1319 Κύριος;
2583 1254 2692 1307 Καὶ
2722 1254 2781 1305 ἐν
2818 1253 2897 1323 τῷ
2932 1254 3009 1308 κδ’
3045 1256 3247 1328 ψαλμῷ
3270 1274 3284 1289 ο
3317 1254 3429 1312 Kal
3463 1258 3539 1311 σὲ
3564 1257 3714 1313 ὐπέ·

465 1344 616 1398 xxiv,
654 1331 728 1386 ibi
758 1351 772 1386 :
806 1332 876 1386 Et
909 1340 958 1388 te
978 1342 1277 1404 exspectavi
1303 1349 1413 1396 tota
1445 1345 1551 1400 dis.

533 1421 793 1478 Dominus
839 1440 952 1493 spes
998 1444 1114 1483 mea
1142 1431 1466 1501 ajuoentute
1512 1451 1650 1492 mea.
1710 1437 1824 1495 Hoc
1851 1455 1949 1509 per
1979 1455 2039 1496 se

463 1510 672 1567 clarum
701 1524 803 1570 est.

536 1600 703 1660 Vsus.
734 1605 787 1661 6.
830 1606 897 1662 In
932 1619 979 1667 te
1011 1611 1260 1681 ﬁrmatus
1289 1632 1406 1670 sum
1447 1633 1513 1672 eo;
1553 1630 1725 1677 utero.
1763 1622 1951 1696 Neque
1981 1631 2033 1682 in

465 1699 520 1747 te
548 1700 761 1749 tantum
791 1701 1008 1767 speravi
1051 1716 1082 1755 a
1120 1704 1435 1773 juventute,
1493 1711 1588 1764 sed
1637 1726 1705 1766 ex
1748 1714 1867 1782 ipso
1922 1734 2040 1771 nta-

464 1791 625 1839 terno
654 1797 835 1855 utero,
868 1791 974 1846 hoc
1015 1803 1122 1860 est,
1175 1811 1237 1850 ex
1290 1812 1356 1852 eo
1415 1808 1661 1870 tempore
1708 1820 1819 1873 quo
1877 1819 2039 1864 natus

463 1888 611 1943 sum,
643 1878 697 1933 in
726 1886 778 1934 te
804 1881 922 1936 solo
958 1885 1238 1942 stabilitus
1264 1904 1409 1954 sum,
1431 1891 1598 1947 veluti
1618 1906 1783 1964 super
1800 1900 2053 1968 quodam.

465 1972 862 2026 sustentaculo
892 1989 957 2029 ac
986 1978 1290 2034 munimine
1322 1981 1454 2037 mihi
1483 2000 1513 2037 a
1546 1989 1869 2054 parentibus
1902 1994 2038 2050 meis

463 2061 684 2116 tradito.
724 2061 799 2116 Ex
831 2079 941 2134 quo
960 2067 1212 2136 judicare
1246 2072 1460 2129 videtur
1480 2079 1604 2146 pios
1638 2094 1698 2135 se
1724 2095 1788 2135 ac
1815 2084 2036 2154 religio-

460 2163 555 2205 sos
590 2161 847 2219 parentes
871 2155 1156 2215 habuisse.
1185 2160 1281 2217 Vel
1306 2164 1465 2221 aliter
1502 2185 1515 2221 :
1549 2168 1683 2225 Cum
1732 2183 1922 2230 octava
1948 2178 2036 2234 die

459 2240 749 2297 universos
838 2244 1081 2304 infantes
1137 2252 1613 2323 circumciderent,
1652 2275 1718 2314 ea:
1749 2264 1860 2330 ipso
1885 2270 2038 2335 quasi

459 2341 606 2384 utero
663 2347 759 2388 eos
810 2332 1044 2390 Domino
1104 2340 1384 2400 dicabant.
1446 2347 1581 2402 Illud
1654 2360 1838 2408 autem
1890 2332 2035 2412 scire

460 2430 704 2487 oportet,
730 2425 875 2491 quod
907 2428 1070 2483 verba
1100 2431 1237 2497 hanc,
1269 2450 1334 2487 ea:
1365 2445 1539 2503 utero,
1572 2440 1727 2509 item,
1756 2443 1820 2498 de
1859 2457 2035 2503 ventre

459 2513 649 2565 matris
679 2531 827 2580 mete,
874 2526 929 2571 ct
979 2521 1084 2573 alia
1142 2523 1480 2595 hujusmodi,
1536 2546 1635 2601 per
1674 2534 2031 2606 hyperbolen,

461 2602 567 2657 hoc
612 2614 718 2671 est,
780 2622 878 2675 per
920 2624 1208 2667 excessum
1267 2617 1325 2670 in
1380 2623 1550 2675 veteri
1584 2602 1866 2695 Scriptura
1921 2632 2031 2688 dici

456 2693 673 2762 solent,
731 2696 1187 2771 intelligendique
1239 2698 1313 2763 ac.
1361 2713 1636 2782 cogitandi
1692 2693 1907 2775 initium
1967 2739 2032 2781 ac

456 2796 672 2855 tempus
698 2788 1035 2859 signiﬁcant,
1065 2794 1198 2851 illud
1225 2800 1484 2856 nimirum
1516 2813 1757 2876 tempus,
1795 2826 1903 2882 quo
1930 2828 2030 2869 co-

454 2878 627 2950 gitare
653 2881 779 2952 quis
805 2896 870 2940 ac
895 2897 1094 2957 sapere
1130 2889 1344 2963 incipit.
1388 2893 1584 2954 Simile
1624 2902 1757 2971 quid
1791 2878 2027 2975 legimus

2136 1359 2315 1411 μεινα
2347 1342 2503 1410 ὅλην
2523 1343 2640 1412 τὴν
2665 1344 2913 1414 ἡμέραν.

2211 1433 2393 1502 Κύριε
2432 1437 2472 1503 ἠ
2515 1434 2693 1502 ἐλπίς
2738 1454 2860 1506 μου
2912 1437 2981 1492 ἐκ
3026 1439 3313 1508 νεότητός
3357 1458 3499 1511 μου.
3543 1440 3719 1495 Τοῦτο

2140 1529 2318 1600 δῆλον.

2226 1623 2361 1678 Ἐπὶ
2390 1626 2465 1679 σὲ
2511 1628 2961 1695 ἐπεστηριχθην
2989 1626 3107 1680 ἀπὸ
3143 1627 3427 1695 γαστρός.
3462 1624 3574 1678 Καὶ
3612 1625 3715 1678 οὐκ

2143 1717 2208 1769 ἐκ
2248 1718 2505 1787 νεότητος
2556 1720 2719 1787 μόνον
2755 1718 2846 1771 ἐπὶ
2878 1717 2962 1770 σοὶ
3019 1718 3247 1787 ἤλπισα,
3311 1716 3446 1770 ἀλλὰ
3500 1716 3596 1770 καὶ
3652 1716 3715 1778 ἐξ

2142 1811 2315 1877 αὐτῆς
2351 1812 2449 1879 τῆς
2478 1809 2739 1881 μητρῴας
2786 1812 3022 1881 γαστρός
3047 1826 3062 1841 ο
3101 1812 3282 1864 εῖτουν
3340 1810 3502 1873 εὐθὺς
3567 1813 3710 1879 μετὰ

2140 1902 2203 1955 τὸ
2252 1901 2512 1970 τεχθῆναι
2567 1903 2661 1955 ἐπὶ
2711 1902 2771 1954 σὲ
2827 1901 3175 1973 ἐφηδράσθην
3219 1901 3293 1964 ὡς
3336 1902 3429 1954 ἐπὶ
3480 1901 3712 1971 ἔρεισμα

2142 1996 2293 2063 παρὰ
2322 1994 2430 2047 τῶν
2457 1994 2608 2064 ἐμῶν
2637 1996 2862 2063 γονέων.
2895 1994 3056 2065 Δηλοῖ
3084 1995 3140 2048 δὲ
3192 1993 3445 2047 ἐντεῦθεν
3484 1994 3579 2048 καὶ
3634 1992 3711 2056 ὡς

2140 2087 2387 2151 εὐσεϐεῖς
2410 2087 2535 2157 ἔσχε
2578 2089 2707 2150 τοὺς
2731 2087 3090 2159 γεννήτορας.
3116 2089 3225 2141 Καὶ
3252 2088 3430 2151 άλλως
3458 2088 3585 2156 γάρ·
3619 2086 3712 2139 Ἐν

2138 2182 2204 2250 τῇ
2244 2178 2407 2249 ὀγδόῃ
2438 2178 2623 2250 ἡμέρᾳ
2648 2179 3072 2250 περιτέμνοντες
3116 2178 3185 2231 τὰ
3219 2177 3397 2250 βρέφη
3456 2177 3533 2248 τῷ
3567 2177 3708 2247 Θεῷ.

2137 2270 2312 2324 ταῦτα
2344 2270 2733 2323 κατεπίστευον
2759 2288 2773 2301 ο
2805 2273 2911 2340 χρὴ
2946 2270 3003 2323 δὲ
3035 2270 3324 2339 γινώσκειν
3348 2273 3431 2324 ὃτι
3464 2272 3526 2323 τὸ
3569 2269 3711 2323 Ἀπὸ

2137 2362 2416 2431 γαστρὸς,
2454 2361 2552 2415 καὶ
2579 2363 2647 2415 ἐκ
2674 2363 2907 2427 κοιλίας
2933 2363 3180 2432 μητρὸς,
3210 2366 3305 2431 καὶ
3327 2364 3395 2416 τὰ
3458 2361 3707 2426 τοιαῦτα,

2137 2454 2262 2507 καθ’
2330 2453 2637 2525 ὑπερϐολὴν
2704 2456 2738 2525 ἡ
2793 2454 3001 2508 παλαιά
3055 2454 3336 2518 διάλεκτος
3407 2454 3711 2525 λαμϐάνειν

2136 2546 2367 2600 εῖωθεψ
2424 2547 2766 2617 σημαίνοντα
2810 2548 2912 2618 τὴν
2981 2547 3157 2618 ἀρχὴν
3214 2548 3313 2618 τῆς
3356 2549 3699 2618 φρονήσεως.

2135 2638 2342 2703 ἐξὸτου
2392 2641 2613 2708 φρονεῖν
2670 2657 2754 2703 τις
2807 2639 3031 2709 ἤρξατο.
3091 2642 3231 2708 Φησὶ
3292 2640 3399 2711 γὰρ
3437 2636 3603 2693 ’1ώ6’
3636 2638 3713 2695 ει

2134 2726 2317 2784 δὲκαὶ
2346 2732 2463 2798 τὸν,
2483 2732 2695 2798 ψωμόν
2713 2748 2833 2799 μου
2862 2730 3090 2801 ἔφαγον
3112 2730 3322 2799 μόνος,
3352 2732 3449 2786 καὶ
3470 2730 3711 2801 ὀρφανῷ

2132 2823 2207 2876 οὐ
2223 2822 2551 2894 μετέδωκα,
2583 2824 2634 2875 ει
2654 2823 2740 2890 μὴ
2775 2822 2842 2875 ἐκ
2874 2825 3108 2887 κοιλίας
3129 2826 3355 2892 μητρὸς
3377 2824 3705 2893 μετέδωκα,

2134 2915 2230 2969 καὶ
2267 2916 2334 2969 τὰ
2370 2914 2519 2985 ἑξῆς.
2558 2913 2844 2968 Ἀδύνατον
2860 2913 2969 2984 γὰρ
2990 2914 3049 2980 ἐξ
3076 2914 3247 2984 αὐτῆς
3267 2915 3575 2985 γεννήσεως
3605 2932 3711 2968 κα-

452 2973 598 3042 apud
656 2974 875 3031 beatum
934 2976 1037 3034 Job
1085 2997 1101 3036 :
1145 2981 1207 3037 Si
1262 2984 1577 3055 buccellam,
1608 2993 1809 3063 inquit,
1850 2973 2021 3054 ineant

2134 3005 2365 3077 τορθούν
2390 2973 2635 3059 τοιαῦτα.
2665 3006 2834 3075 Δῆλον
2975 2973 3057 3059 δτῖ
3081 3010 3141 3059 τὸ
3169 2973 3297 3077 ἑξῆς
3322 2973 3545 3076 φρονεῖν
3599 3007 3702 3076 ἡρ-

451 3064 657 3117 comedi
678 3066 844 3132 solus,
874 3079 924 3122 et
944 3073 1197 3139 orphanis
1220 3092 1325 3131 non
1354 3080 1540 3144 tribui,
1568 3083 1616 3134 si
1643 3099 1744 3138 non
1764 3102 1830 3140 ex
1852 3099 2026 3144 ventre

2136 3092 2319 3163 ξάμην
2344 3094 2407 3146 τὸ
2435 3095 2624 3163 σχῆμα
2663 3094 2822 3147 τοῦτο
2859 3094 3032 3165 δηλοῖ.

452 3156 643 3209 matris
670 3173 797 3212 metu
843 3158 953 3214 dua:
1000 3162 1112 3217 nn.
1158 3165 1241 3234 fui
1285 3167 1353 3235 οο,
1403 3179 1514 3225 etc.
1561 3171 1910 3243 lmpossibile
1942 3191 2027 3238 est
2064 3156 2367 3250 ευίειίιζειι)
2400 3156 2865 3255 ίρέξι”ιιειίνίιειιρ,
2910 3156 3270 3258 ’ὴυίυειηοάῖ
3340 3189 3546 3260 aliquid
3584 3188 3706 3245 elli-

450 3257 598 3300 cere.
639 3245 829 3303 Restat
878 3251 1048 3321 igitur
1074 3264 1134 3308 ut
1186 3257 1277 3313 hic
1331 3261 1590 3333 loquendi
1649 3269 1846 3325 modus
1886 3272 2022 3328 illud
2063 3245 2282 3349 tempus
2312 3245 2696 3350 signiﬁcet,ex
2731 3245 2862 3349 quo.
2902 3245 3254 3352 quis-sapere
3314 3245 3523 3352 incipit.

522 3340 597 3395 De
628 3353 804 3398 ventre
860 3350 1052 3403 matris
1093 3368 1223 3408 mete
1258 3366 1315 3409 tu
1365 3373 1420 3411 es
1454 3368 1726 3427 protector
1774 3381 1940 3420 meus.
1968 3366 2027 3423 Si

450 3432 596 3484 enim
633 3434 817 3489 divina
865 3438 1037 3495 virtus
1072 3440 1263 3499 fatum
1318 3464 1426 3503 non
1458 3452 1823 3522 custodisset,
1856 3458 1903 3513 si
1938 3458 2024 3514 in-

449 3517 653 3576 fantem
690 3540 795 3578 non
830 3542 1123 3597 servasset,
1162 3536 1208 3589 sl
1243 3552 1469 3604 puerum
1499 3556 1608 3594 non
1662 3545 2020 3613 protexisset,

451 3615 687 3682 perisset
722 3632 854 3673 sane
885 3620 1027 3675 inter
1068 3628 1249 3680 varios
1281 3643 1445 3684 casus
1476 3633 1659 3702 aliquo
1690 3635 2019 3695 infortunio.

446 3705 512 3758 lli
558 3722 687 3761 vero
728 3717 837 3763 tres
869 3716 1145 3779 versiculi,
1212 3723 1404 3789 paucis
1459 3729 1709 3791 mutatis,
1747 3732 2022 3789 habentur

443 3799 609 3852 etiam
652 3801 706 3854 in
739 3803 949 3870 psalmo
988 3822 1073 3861 ut
1102 3828 1117 3874 ;
1162 3826 1351 3866 verum
1403 3816 1515 3870 illic
1545 3825 1731 3875 omnia
1762 3824 1830 3879 ad
1858 3825 2020 3880 Clui—

444 3898 590 3944 stum
626 3892 961 3949 referuntur.

518 3982 686 4038 Vens.
723 3985 774 4039 7.
808 3984 872 4038 In
894 3995 942 4041 te
968 3989 1209 4046 laudatio
1237 4011 1354 4049 mea
1381 4013 1601 4068 semper.
1629 4002 1690 4054 In
1716 4012 1790 4067 te,
1825 4007 2022 4076 inquit,

458 4072 691 4143 hymnos
727 4090 789 4130 ac
824 4076 1015 4134 laudes
1044 4097 1191 4137 meas
1218 4100 1438 4156 semper
1462 4088 1627 4147 feror

515 4163 685 4229 Quasi
706 4169 1001 4238 prodigium
1040 4171 1217 4239 factus
1253 4193 1370 4231 sum
1398 4182 1602 4248 multis,
1638 4195 1686 4240 et
1715 4194 1773 4239 tu
1804 4187 2023 4257 adjutor

438 4252 625 4322 fortis.
672 4254 808 4325 Ego,
847 4259 1043 4327 inquit,
1110 4267 1440 4335 squallidus,
1493 4283 1662 4344 atque
1711 4252 1945 4335 afﬂictus
1969 4289 2021 4335 et

2213 3375 2316 3428 Ἐκ
2349 3374 2582 3440 κοιλίας
2613 3376 2841 3445 μητρός
2862 3393 2982 3445 μου
3011 3376 3092 3430 σὺ
3123 3372 3182 3431 εἷ
3228 3376 3604 3444 σκεπαστής.
3638 3378 3701 3430 Εἰ

2127 3464 2238 3536 γὰρ
2269 3464 2404 3535 μ.ὴὴ
2440 3464 2558 3518 θεία
2612 3465 2845 3533 δύναμις
2890 3465 3154 3539 ἐφρούρει
3182 3468 3243 3521 τὸ
3290 3467 3555 3539 ἔμϐρυον,
3605 3470 3704 3523 καὶ

2128 3558 2403 3627 ἐφύλαττε
2433 3558 2491 3611 τὸ
2511 3558 2731 3628 βρέφος,
2750 3559 2845 3611 καὶ
2867 3557 3071 3613 ἔσκεπε
3100 3560 3162 3612 τὸ
3188 3560 3404 3632 νήπιον,
3435 3559 3703 3631 διεφθάρη

2128 3647 2195 3702 ἂν
2248 3650 2473 3713 πολλαῖς
2504 3650 2824 3719 συμπῖπτον
2852 3652 3230 3720 περιστάσεσι.
3280 3652 3467 3706 Ταῦτα
3527 3652 3585 3706 δὲ
3631 3655 3703 3705 τά

2124 3742 2252 3813 τρία
2284 3742 2423 3812 ῥητὰ
2457 3744 2550 3796 καὶ
2579 3743 2638 3794 ἐν
2664 3742 2744 3812 τῷ
2773 3749 2859 3796 καθ
2912 3742 3113 3814 ψαλμῷ
3146 3744 3392 3799 τέθεικεν
3417 3746 3445 3797 ὁ
3506 3745 3697 3808 Δαϐὶδ,

2127 3836 2325 3904 μικρὸν
2353 3834 2733 3905 παραλλάξας.
2762 3835 2909 3905 Πλὴν
2955 3838 3139 3889 ἐκεῖνα
3179 3838 3259 3900 εἰς
3305 3837 3541 3909 Χριστὸν
3563 3839 3702 3909 ἀνή-

2123 3925 2353 3995 χθησαν.
2448 3909 2452 3913 ’

2208 4018 2312 4068 Ἐν
2337 4016 2438 4071 σοὶ
2468 4018 2504 4084 ἡ
2536 4016 2803 4083 ὕμνησίς
2824 4035 2945 4086 μου
2984 4017 3081 4072 διὰ
3142 4021 3391 4085 παντός.
3450 4022 3538 4075 Ἐν
3588 4023 3695 4086 σοὶ,

2122 4107 2243 4159 ἀντὶ
2281 4106 2399 4170 τοῦ,
2431 4108 2510 4170 εἰς
2544 4106 2605 4159 σὲ
2632 4109 2819 4175 μόνον,
2850 4108 3012 4178 φησί·
3053 4109 3113 4161 σὲ
3145 4109 3351 4178 ὕμνουν
3375 4111 3481 4164 ἀει,

2204 4197 2364 4252 Ὠσεὶ
2394 4198 2569 4267 τέρας
2611 4198 2909 4268 ἐγενήθην
2963 4201 3088 4268 τοῖς
3141 4202 3421 4269 πολλοῖς,
3476 4205 3575 4257 καὶ
3612 4204 3693 4256 σὺ

2113 4289 2345 4355 βοηθός
2371 4304 2489 4355 μου
2512 4291 2815 4357 κραταιός.
2843 4290 3139 4355 Συντακεὶς
3162 4291 3268 4344 ὑπὸ
3295 4293 3571 4362 νηστείας,
3599 4295 3693 4347 καὶ

439 4347 709 4407 deformis
762 4352 1189 4422 eﬂ‘cctussum.
1253 4378 1363 4432 prae
1405 4366 1617 4437 jejunio
1658 4386 1935 4444 saccoque
1958 4383 2012 4430 et

2130 4347 2493 4445 τάχ-κοδύτῶς,
2532 4347 2627 4433 καὶ
2677 4347 2922 4450 εἰδεχθὴς
2975 4382 3042 4435 ἐκ
3101 4347 3279 4452 λύπης
3338 4347 3690 4453 φαινόμενος,

441 4440 721 4496 tristitia:
765 4454 927 4513 atque
989 4447 1116 4503 ideo
1170 4465 1201 4504 a
1263 4457 1449 4511 multis
1499 4462 1657 4529 quasi
1701 4440 2008 4520 monstrum

434 4534 710 4600 quoddam
777 4537 1123 4596 existimatus
1190 4560 1334 4607 sum.
1393 4553 1609 4606 tametsi
1664 4570 1853 4610 revera
1898 4573 2003 4613 non

435 4624 511 4677 ita
536 4641 739 4691 essem,
764 4632 856 4685 sed
891 4632 971 4688 sic
1002 4637 1241 4700 viderer,
1276 4642 1723 4709 imprudentibus
1751 4649 2005 4706 nimirum

435 4730 499 4768 ac
531 4718 710 4771 viliori
750 4724 1108 4783 multitudini.
1154 4727 1259 4783 Per
1290 4735 1499 4788 multos
1542 4736 1688 4790 enim
1722 4738 2005 4810 Scriptura

438 4810 578 4860 solet
629 4824 773 4879 saepe
814 4815 1110 4874 vilissimos
1140 4836 1389 4893 quosque
1442 4826 1767 4898 intelligere.
1805 4830 2009 4888 Paulus

434 4898 601 4951 etiam
624 4914 867 4958 consona
892 4904 1181 4978 Propheta:
1210 4917 1380 4969 nosu-i
1408 4917 1590 4974 verbis
1614 4918 1682 4975 de
1705 4924 2003 4977 multarunt

434 4989 694 5057 opinione
726 4993 958 5064 loquens
983 5001 1201 5055 dicebat
1230 5021 1243 5057 :
1279 5003 1393 5059 Nos
1433 5010 1587 5063 stulti
1612 5025 1822 5079 propter
1850 5015 2005 5071 Chri-

432 5090 593 5148 stum,
633 5102 720 5139 vos
761 5099 934 5144 autem
972 5095 1251 5160 prudentes
1281 5100 1333 5151 in
1363 5099 1569 5156 Christo
1601 5106 1666 5159 ".

506 5170 667 5228 Vens.
710 5177 762 5232 8.
797 5178 1093 5247 Implentur
1134 5199 1190 5237 os
1243 5203 1415 5240 meum
1467 5189 1644 5258 laude,
1687 5205 1741 5247 ut
1798 5207 2003 5250 cantem

430 5262 657 5331 gloriam
689 5280 854 5335 tuam,
876 5282 985 5325 tota
1019 5274 1103 5327 die
1133 5280 1544 5346 magnitudinem
1569 5293 1738 5339 tuam.
1771 5285 2001 5355 Implea-

434 5364 522 5406 tur
558 5358 880 5426 imperantis
907 5366 1133 5419 verbum
1165 5376 1271 5431 est,
1309 5372 1403 5425 sed
1432 5374 1670 5440 positum
1711 5393 1809 5445 pro
1838 5389 1993 5448 opta-

438 5446 571 5513 tivo,
604 5458 661 5502 ut
701 5450 963 5508 diximus.
998 5457 1320 5527 lmplehitur
1369 5472 1573 5529 autem,
1627 5467 1672 5521 si
1709 5471 1994 5539 servitute,

539 5623 586 5656 ⁸⁸
611 5623 713 5681 Job
745 5644 897 5695 xm,
938 5632 1025 5686 17.
1102 5637 1146 5669 ⁹¹
1196 5634 1217 5689 1
1257 5640 1384 5694 Cor.
1422 5652 1497 5697 tv.
1524 5638 1612 5694 10.

2116 4472 2248 4526 ὡσεὶ
2276 4473 2441 4544 τέρας
2504 4473 2774 4543 ἐγενήθην
2836 4474 2950 4535 τοῖς
3001 4472 3243 4536 πολλοῖς.
3309 4476 3455 4527 Ὠαεὶ
3522 4476 3693 4545 τέρας

2125 4564 2184 4619 δὲ
2221 4560 2368 4630 εἷπε,
2445 4564 2535 4619 διὰ
2600 4565 2662 4618 τὸ
2724 4566 2802 4636 μὴ
2847 4564 3061 4635 ἀληθῶς
3107 4559 3250 4620 εἶναι
3308 4566 3493 4637 τέρας,
3547 4567 3689 4621 ἀλλὰ

2111 4656 2292 4710 δοκεῖν
2313 4671 2326 4684 ·
2357 4658 2449 4709 καὶ
2481 4656 2543 4709 οὐ
2568 4658 2683 4719 τοῖς
2707 4656 3001 4726 ἔμφροσιν,
3052 4656 3187 4711 ἀλλὰ
3247 4660 3357 4720 τοῖς
3404 4658 3685 4728 χυδαιοτέ-

2115 4763 2234 4820 ροις
2263 4764 2278 4779 ο
2316 4747 2547 4810 πολλοὺς
2578 4752 2688 4819 γὰρ
2729 4751 2762 4817 ἡ
2799 4749 2992 4819 Γραφὴ
3022 4751 3152 4811 τοὺς
3217 4751 3469 4819 χείρονας
3508 4751 3680 4819 λέγει.

2111 4840 2251 4910 Φησὶ
2280 4838 2337 4893 δὲ
2357 4839 2452 4892 καὶ
2471 4842 2499 4892 ὁ
2516 4838 2725 4904 Παῦλος
2747 4857 2760 4872 ⁸
2795 4840 2995 4909 Ἡμεῖς
3028 4841 3126 4894 διὰ
3174 4843 3432 4909 Χριστὸν
3455 4844 3641 4911 μωροί
3665 4856 3680 4871 ·

2111 4932 2280 5000 ὑμεῖς
2310 4930 2378 4984 δὲ
2396 4933 2692 4999 φρόνιμοι.

2179 5195 2554 5263 Πληρωθήτω
2610 5199 2677 5248 τὸ
2713 5198 2907 5265 στόμα
2974 5214 3092 5266 μου
3150 5195 3461 5262 αἰνέσεως,
3518 5198 3683 5263 ὅπως

2109 5287 2364 5355 ὑμνήσω
2393 5288 2508 5354 τὴν
2557 5288 2748 5353 δόξαν
2801 5306 2942 5356 σου,
2969 5290 3125 5357 ὅλην
3148 5292 3261 5359 τὴν
3302 5293 3532 5360 ἡμέραν
3559 5292 3678 5357 τὴν

2104 5382 2626 5450 μεγαλοπρέπειὰν
2666 5402 2803 5436 σου.
2847 5385 2920 5437 Τὸ
2961 5385 3354 5454 Πληρωθήτω,
3388 5387 3511 5439 ἀντὶ
3556 5384 3677 5449 τοῦ,

2114 5477 2453 5549 πληρωθείη.
2486 5478 2917 5549 11ληρωθὴσεται
2953 5479 3031 5546 δὲ,
3063 5482 3111 5533 εἰ
3138 5478 3235 5548 τῆς
3291 5476 3537 5538 δουλείας
3569 5478 3682 5528 ἀπ-
