4070 6224
504 509 653 557 Mala
685 504 833 565 mihi,
872 497 1118 567 exposita
1159 498 1381 552 luerunt
1412 497 1464 552 in
1494 496 1711 551 Psalmo
1748 509 1956 548 xxxvii.
1981 495 2071 546 ln-

516 596 700 649 venies
733 593 897 647 etiam
933 591 985 645 in
1019 590 1229 658 psalmo
1272 586 1407 642 'cri'n
1453 607 1464 640 :

510 689 717 739 niantes
754 698 833 736 me
869 681 1196 751 confusione,
1228 689 1282 733 et
1307 682 1611 749 operiuntur
1664 679 1800 731 sicut
1854 676 2082 743 diploide

593 869 755 923 Vens.
784 867 869 921 H.
923 865 1041 936 Ego
1084 876 1257 918 autent
1301 880 1500 932 semper
1547 862 1764 932 sperabo
1816 863 1864 912 in
1913 870 1975 920 te,
2034 875 2079 911 ct

510 960 766 1027 adjiciam
813 974 969 1023 super
1026 974 1230 1011 omnem
1283 956 1493 1009 tandem
1536 964 1705 1007 tuam.
1760 952 1895 1017 Quia
1937 951 2083 1019 quod

516 1052 654 1104 votis
707 1051 1101 1120 expetiveram,
1165 1049 1394 1118 adeptus
1454 1062 1616 1135 sum.‘
1654 1044 1871 1099 Omnem
1904 1051 2084 1096 autem

513 1145 718 1195 laudem
743 1143 862 1196 ideo
880 1143 1038 1206 dixit,
1061 1142 1186 1211 quia
1211 1156 1321 1195 non
1345 1153 1601 1195 sermone
1622 1145 1832 1191 tantum
1857 1143 1951 1190 aut
1967 1149 2088 1189 ver-

510 1238 614 1299 bis,
640 1239 734 1291 sed
763 1237 1033 1306 operibus
1063 1237 1229 1289 etiam
1264 1234 1519 1289 laudetur
1552 1232 1832 1286 Dominus.
1872 1233 1934 1284 Et
1968 1232 2087 1285 ideo

510 1330 765 1381 Salvator
809 1342 996 1383 noster
1048 1328 1267 1381 dicebat
1309 1344 1323 1381 :
1364 1324 1428 1379 Ut
1484 1325 1689 1379 videant
1744 1322 1878 1378 bona
1929 1338 2087 1390 opera

508 1432 702 1477 rustra,
760 1432 809 1473 et
862 1421 1156 1491 gloriﬁcent
1223 1419 1438 1471 Patrem
1498 1427 1727 1470 vestrum
1782 1415 1870 1483 qui
1908 1414 1961 1467 in
1991 1429 2091 1466 cae—

510 1514 572 1564 lts‘
612 1522 685 1565 est
710 1514 778 1567 θ’.
1258 1508 1259 1511 Ἴ

586 1604 746 1659 Victis.
784 1607 873 1660 15.
909 1606 980 1660 Οδ
1012 1622 1184 1658 meum
1237 1603 1575 1658 annuntiabit
1600 1601 1870 1671 justitiam
1919 1610 2087 1665 tuam,

504 1705 620 1745 'ioltt
654 1693 736 1747 die
766 1695 992 1748 salutem
1022 1704 1186 1749 tuam.
1218 1692 1449 1758 Quando
1530 1691 1636 1744 vidi
1662 1689 1785 1744 licet
1822 1700 1873 1743 et
1914 1688 2093 1741 inimi-

509 1800 603 1838 eus
637 1783 1122 1849 condemnaveris,
1156 1793 1209 1839 et
1239 1799 1340 1838 nes
1371 1783 1698 1838 salvaveris.

584 1965 742 2019 Visus.
780 1965 864 2019 16.
900 1964 1165 2030 Quoniam
1186 1981 1286 2017 non
1312 1964 1433 2017 novi
1462 1962 1823 2021 litteraturas,
1858 1958 2089 2013 introibo
2123 1944 2162 1996 Β

509 2060 568 2111 in
603 2065 877 2126 potentatu
907 2056 1139 2111 Domini.
1173 2056 1306 2111 Cum
1344 2053 1620 2124 pollicitus
1646 2054 1716 2106 sit
1743 2049 2012 2119 Propheta
2036 2065 2094 2103 se

512 2152 961 2204 annuntiaturum
991 2165 1114 2204 esse
1139 2148 1408 2217 justitiam
1444 2144 1561 2210 Dei,
1582 2155 1635 2198 et
1667 2143 1900 2197 salutem
1924 2155 2089 2210 quam

508 2245 577 2293 ab
606 2256 671 2295 eo
700 2240 877 2295 fuerat
921 2250 1295 2301 consecutus,
1327 2248 1382 2292 et
1412 2236 1760 2307 postmodum
1804 2250 1862 2289 se
1896 2235 1961 2286 ad
1990 2234 2094 2286 hoc

509 2335 691 2385 minus
724 2331 983 2384 idoneum
1020 2345 1145 2385 esse
1188 2327 1551 2398 pchpexerit,
1591 2337 1898 2378 sermonem
1929 2336 2089 2374 suum

515 2428 801 2489 temperat,
864 2431 915 2473 ct
976 2419 1312 2473 moderatius
1359 2418 1635 2486 loquitur,
1688 2416 1901 2479 dicens,
1950 2428 2095 2466 nun-

508 2526 670 2579 quam
725 2509 989 2563 didicisse
1046 2525 1106 2562 se
1170 2508 1515 2577 disciplinas,
1566 2515 1658 2559 aut
1717 2504 2003 2567 scientias,
2035 2514 2094 2557 ut

505 2602 776 2671 condigne
836 2602 1008 2670 possit
1071 2600 1286 2654 divinas
1343 2601 1572 2653 virtutes
1636 2596 1964 2651 annuntiare
2000 2604 2093 2649 :ct

507 2696 654 2763 quod
700 2694 845 2759 ideo,
876 2702 934 2747 ut
966 2693 1209 2763 pollicita
1237 2708 1267 2747 a
1298 2708 1358 2747 se
1389 2691 1710 2762 adimpleat,
1742 2687 2085 2759 ingredietur

512 2788 567 2839 in
601 2784 788 2840 divina
842 2793 1133 2854 poteSIate,
1190 2800 1295 2854 qua
1363 2785 1545 2841 fretus
1602 2783 1919 2854 hujusmodi
1961 2797 2093 2853 pro-

507 2878 750 2933 vinciam
788 2878 1046 2934 tentabit.
1084 2877 1259 2934 Dictio
1289 2889 1468 2934 autem
1523 2880 1793 2949 quoniam,
1827 2877 2087 2935 abundat.

506 2970 590 3025 vel
625 2971 1006 3025 conﬁrmantis
1040 2969 1357 3025 adverbium
1436 2982 1519 3024 est
1570 2986 1665 3039 pro
1709 2985 1853 3023 vere.
1912 2968 2089 3036 Aliqui

518 3062 685 3115 etiam
736 3061 952 3125 dicunt,
981 3062 1122 3130 quod
1188 3062 1355 3116 dictio
1407 3064 1675 3130 quoniam,
1718 3063 1818 3113 hoc
1873 3061 1926 3112 in
1975 3060 2094 3113 loco

506 3155 777 3209 rationem
838 3153 1039 3218 reddit,
1096 3162 1261 3222 atque
1291 3153 1363 3207 ita
1400 3153 1766 3221 intelligentes
1822 3164 2085 3220 punctum

505 3254 719 3316 ponunt
772 3255 890 3316 post
918 3247 1213 3301 dictionem
1272 3246 1608 3299 litteraturas
1631 3254 1684 3299 et
1729 3246 2094 3313 conjungunt,

1698 380 2087 443 EUTlIYMII
2126 373 2486 438 ZIGABENI

1520 585 1829 639 lnduantnr
1878 585 2081 637 calum-

2189 582 2263 644 λζ’
2291 581 2518 651 ψαλμῷ.
2549 580 2819 649 Εὑρήσεις
2857 579 2910 630 δὲ
2943 581 3031 629 καὶ
3057 579 3114 629 ἐν
3169 576 3245 646 τῷ
3273 574 3359 644 pr,’
3381 592 3395 606 ·

3670 362 3769 426 716

2181 492 2236 544 δὲ
2291 489 2695 556 Οίζητοῦντες
2754 504 2822 540 τα
2878 486 3176 556 κακίὶμοι,
3215 486 3560 556 ἡρμήνευται
3592 486 3651 536 ὲν
3701 485 3773 554 τῷ

3474 574 3772 628 Ἐνδι-σά*

2188 676 2440 725 σθωσαν
2495 672 2547 723 οι
2611 665 3123 731 ἐνδιαϐάλλοντές
3187 681 3264 734 με
3300 662 3643 732 ἐντροπήν·
3678 665 3771 717 καὶ

509 777 708 844 pudore
733 791 849 830 suo.
2089 776 2157 844 ,δ
2187 766 2720 829 περιϐαλέσθωσαν
2755 761 2834 824 ὼς
2865 758 3146 819 διπλοΐδα
3190 756 3499 822 αἰσχύνην
3550 757 3771 807 αὐτων.

2256 856 2403 924 Ἐγὼ
2460 856 2527 907 δὲ
2591 854 2688 907 διὰ
2754 850 2981 915 παντὸς
3042 848 3230 902 sicut?)
3284 848 3377 900 ἐπ’
3422 848 3635 902 αὐτόν.
3668 845 3770 899 Kal

2187 946 2516 1015 προσθήσω
2545 945 2639 997 ἐπὶ
2670 945 2878 998 πᾶσαν
2896 942 3011 1009 τὴν
3035 941 3277 993 αἵνεσὶν
3300 953 3439 991 σου.
3461 937 3577 1004 Τῆς
3608 935 3767 1003 εὐχῆς

2191 1058 2290 1109 μου
2351 1037 2555 1107 δηλαδὴ
2584 1036 2755 1105 πέρας
2780 1033 3192 1103 λαμϐανούσης.
3262 1027 3479 1084 Πᾶσαν
3504 1026 3569 1079 δὲ
3626 1021 3773 1077 εἶπεν

2188 1131 2269 1183 ὅτι
2302 1130 2364 1182 οὐ
2416 1130 2503 1181 διὰ
2528 1128 2703 1195 λόγων
2754 1126 2934 1197 μόνον,
2968 1124 3103 1177 ἀλλὰ
3130 1123 3225 1175 καὶ
3285 1121 3352 1172 δι’
3408 1119 3590 1190 ἔργων
3631 1116 3773 1169 ἐστὶν

2190 1224 2399 1284 αίνεσις
2420 1237 2434 1249 '
2475 1221 2609 1289 φησι
2631 1220 2741 1288 γὰρ
2780 1221 2807 1270 ὁ
2832 1217 3028 1286 Σωτήρ
3056 1230 3067 1243 ’
3110 1214 3311 1278 Ὅπως
3336 1210 3505 1262 ἴδωσι
3527 1209 3600 1261 τὰ
3635 1209 3774 1275 ἔρῖα

2186 1311 2379 1381 ὑμῶν,
2412 1312 2510 1365 καὶ
2535 1308 2824 1374 δοξάζωσι
2855 1306 2960 1362 τὸν
3004 1304 3236 1373 Πατέρα
3266 1302 3459 1372 ὑμῶν,
3523 1301 3636 1352 τὸν
3706 1298 3777 1348 ἐν

2192 1401 2319 1469 τοῖς
2378 1400 2678 1469 οὐρανοῖς.

2271 1579 2341 1631 Τὸ
2364 1577 2563 1645 στόμα
2580 1593 2699 1646 μου
2726 1572 3051 1643 ἀναγγελεῖ
3063 1572 3179 1639 τὴν
3206 1569 3605 1633 δικαιοσύνην
3634 1582 3779 1626 σου,

2198 1670 2357 1738 ὅλην
2414 1668 2531 1738 τὴν
2547 1668 2782 1737 ἡμέραν
2808 1667 2929 1733 τὴν
2955 1664 3259 1731 σωτηρίαν
3276 1678 3421 1731 μου.
3456 1660 3784 1727 Ἀναγγελεῖ

2195 1761 2343 1824 ὅπως
2366 1776 2425 1829 τε
2452 1759 2822 1819 κατεδίκασας
2841 1758 2968 1819 τοὺς
2986 1754 3307 1825 πολεμίους,
3341 1753 3431 1805 καὶ
3458 1752 3607 1811 ὅπως
3629 1751 3781 1819 ἡμᾶς

2200 1853 2433 1915 ἔσωσας.

2270 1946 2389 1997 ’Ότι
2420 1944 2533 1996 οὐκ
2561 1943 2754 2010 ἔγνων
2788 1938 3214 2010 γραμματείας,
3248 1936 3683 2002 εἰσελεύσομαι
3711 1934 3784 1985 ἐν

2196 2037 2524 2103 δυναστείᾳ
2583 2036 2833 2101 Κυρίου.
2880 2030 3287 2101 ’Υποσχόμενος
3336 2027 3659 2093 ἀναγγεῖλαι
3682 2024 3784 2095 τὴν

2195 2129 2291 2183 τοῦ
2321 2115 2458 2182 Θεοῦ
2509 2126 2883 2194 δικαιοσύνην,
2933 2125 3030 2177 καὶ
3052 2124 3152 2192 τὴν
3190 2123 3335 2191 παρ’
3380 2119 3547 2173 αὐτοῦ
3602 2134 3785 2186 ato-zu-

2198 2223 2322 2293 ρίαν
2350 2264 2365 2286 ,
2409 2217 2534 2274 εἷτα
2562 2220 2744 2277 συνεὶς
2773 2219 2853 2270 ὅτι
2881 2217 2982 2269 οὐκ
3020 2215 3169 2266 ἐστιν
3205 2213 3413 2274 ἱκανὸς,
3446 2229 3783 2282 μετριοφρο-

2196 2318 2276 2365 νεῖ
2298 2313 2497 2377 λέγων·
2538 2310 2653 2362 Οὐκ
2709 2308 2915 2377 ἔμαθον
2977 2303 3295 2373 σοφιστείας
3352 2302 3635 2371 τεχνικὰς,
3693 2301 3787 2353 ἶνα

2195 2403 2407 2474 δυνηθῶ
2430 2403 2598 2469 ἀξίως
2622 2400 3004 2468 ἁναγγέλλειν.
3043 2397 3236 2465 Ὅμως
3286 2394 3673 2462 εἰσελεύσομαι
3706 2394 3785 2454 είς

2196 2498 2297 2566 τὴν
2328 2497 2653 2563 ὑπόσχεσιν,
2693 2494 2749 2543 ὲν
2781 2495 2848 2559 τῇ
2880 2491 2973 2542 τοῦ
3006 2488 3144 2541 Θεοῦ
3175 2487 3431 2554 δυνάμει,
3465 2486 3562 2539 καὶ
3602 2485 3784 2554 ταύτῃ

2198 2585 2436 2658 θαρρῶν,
2465 2586 2823 2657 ἐπιχειρήσω.
2869 2584 2942 2635 Τὸ
2969 2582 3024 2634 δὲ
3054 2582 3141 2634 ὅτι
3175 2582 3450 2650 παρέλκον
3504 2578 3783 2630 τεθειτπιθ

2195 2679 2227 2750 ἢ
2273 2676 2657 2748 βεδαιωτικὸν,
2690 2676 2811 2727 ἀντὶ
2845 2672 2940 2726 τοῦ
2982 2673 3173 2735 ὅντως.
3210 2672 3369 2734 Τινὲς
3430 2670 3488 2723 δὲ
3546 2668 3789 2722 αἰτιολο-

2197 2770 2350 2837 γικίν
2376 2768 2497 2822 ἀντὶ
2520 2767 2615 2819 τεῦ
2666 2767 2801 2819 διότι
2828 2765 2989 2818 τοῦτο
3012 2765 3283 2828 νοοῦντες,
3314 2763 3454 2835 μετὰ
3489 2762 3553 2815 τὸ
3606 2780 3789 2831 ξραμ-

2190 2863 2460 2930 ματείας,
2491 2858 2866 2922 ὑποστίζουσι,
2888 2858 2982 2911 καὶ
3014 2859 3352 2910 συνάπτουσι
3379 2854 3440 2907 τὸ
3476 2855 3624 2922 ἑξῆς.
3654 2854 3789 2904 Ἀλε-

2196 2955 2276 3006 λοι
2301 2953 2355 3005 δὲ
2388 2951 2786 3020 πριιιιματειάς
2816 2949 3043 3015 λέγουσι
3062 2949 3155 3010 τὰς
3211 2944 3623 3014 παραγγελλίας
3670 2944 3785 2996 τῶν

2196 3044 2601 3115 Γραμματέων,
2634 3043 2683 3096 οἳ
2709 3045 2829 3113 τρὶς
2856 3041 2949 3095 τοῦ
2983 3044 3136 3104 ἔτους
3172 3040 3524 3111 παρήγγελον
3557 3038 3637 3108 τῷ
3668 3036 3787 3106 λαῷ

2196 3140 2459 3193 εἰσελθεῖν
2490 3140 2569 3202 εἰς
2608 3136 2970 3206 Ἰεροσόλυμα
3001 3137 3095 3188 καὶ
3145 3134 3226 3197 εἷς
3255 3137 3348 3187 τὸν
3399 3132 3527 3186 ναόν
3551 3148 3565 3160 ·
3610 3131 3788 3199 φησὶν

2197 3235 2292 3289 οῦν
2310 3277 2323 3300 ,
2354 3235 2437 3287 ὅτι
2463 3233 2579 3285 Οὐκ
2602 3231 2712 3285 ἀπὸ
2746 3228 3126 3297 παραγγελίας
3157 3227 3360 3293 αὐτῶν,
3385 3224 3502 3279 ἀλλ’
3532 3226 3597 3277 ὲκ
3620 3225 3788 3277 δυνὰ-

502 3339 648 3408 quod
670 3339 935 3407 sequitur.
956 3338 1059 3391 Alii
1090 3353 1214 3392 vero
1281 3353 1379 3406 pro
1413 3338 1766 3399 litteraturas,
1795 3352 1889 3391 seu
1909 3337 2086 3406 potius

2204 3349 2346 3402 μεως
2376 3328 2528 3389 θείας
2555 3324 2963 3393 εἰσελεύσομαι,

506 3431 694 3503 [juxta
735 3432 897 3484 aliam
964 3429 1172 3484 Graeca:
1223 3429 1486 3503 dictionis
1560 3429 1951 3500 γραμματείας
2026 3419 2512 3497 significationem]
2567 3436 2664 3492 per
2745 3419 3063 3472 Scribarum
3139 3416 3461 3486 scripturas,
3526 3414 3787 3467 mandata

504 3525 836 3596 intelligunt.
887 3524 1093 3579 Scriba:
1125 3523 1330 3578 etenim
1381 3531 1464 3578 ter
1502 3524 1555 3577 in
1612 3538 1757 3577 anno
1815 3524 2075 3593 populum
2111 3521 2381 3592 jubebant
2410 3516 2619 3587 ingredi
2654 3516 2711 3570 in
2744 3516 3032 3581 templum,
3073 3508 3217 3579 quod
3274 3519 3389 3565 erat
3444 3508 3499 3561 in
3556 3505 3792 3562 JeruSn‘

504 3619 630 3672 lem.
669 3617 801 3689 Ego,
837 3619 1036 3687 inquit,
1064 3617 1291 3686 posthac
1317 3632 1422 3671 non
1455 3618 1527 3672 ob
1563 3616 2082 3686 Seribarumjussa,
2128 3616 2225 3671 sed
2260 3630 2323 3668 ex
2361 3612 2548 3666 divina
2587 3608 2826 3679 potentia
2865 3607 2995 3659 illuc
3028 3603 3329 3673 ingrediar.

574 3709 823 3773 Domine,
849 3709 1179 3762 memorabor
1196 3708 1430 3776 justitiw
1462 3717 1566 3761 tua:
1591 3705 2081 3777 solius.Nunquatn

502 3800 817 3869 huiusmodi
893 3801 1118 3870 justitia:
1174 3811 1279 3853 tua:
1341 3799 1672 3865 obliviscar,
1734 3799 1984 3870 quinimo
2028 3798 2081 3852 iu

500 3900 686 3949 mente
717 3909 838 3948 eam
869 3907 1086 3961 Semper
1138 3891 1405 3947 retinebo.
1457 3890 1636 3946 Solius
1700 3901 1884 3947 autem
1923 3891 2081 3953 dixit,

503 4002 568 4042 ac
598 3987 643 4041 si
697 3985 907 4040 diceret
936 4001 951 4038 :
988 3983 1068 4039 Tu
1102 3984 1255 4040 solus
1293 3996 1538 4039 nostram
1573 3982 1925 4038 inimicorum
1952 3996 2083 4035 cau-

511 4092 627 4132 sam
656 4075 956 4145 judicabis,
987 4085 1040 4132 et
1076 4077 1260 4131 nullus
1291 4075 1429 4131 alius
1466 4094 1477 4129 :
1504 4082 1666 4143 athc
1697 4074 1818 4129 ideo
1850 4089 1956 4129 non
1983 4074 2082 4128 bu-

498 4184 674 4224 mana:
699 4170 952 4238 jusﬁtiue,
990 4169 1084 4224 sed
1123 4182 1226 4224 tua:
1253 4168 1429 4225 solius
1466 4165 1834 4221 recordabor.

573 4262 733 4316 Vens.
768 4262 855 4315 17.
890 4261 1026 4315 Deus
1062 4278 1230 4327 meus,
1261 4277 1377 4329 qua:
1404 4259 1635 4312 docuisti
1665 4257 2085 4325 meajurentute

499 4372 640 4418 mea,
672 4365 721 4407 et
756 4370 918 4422 usque
946 4369 1105 4419 nunc,
1131 4351 1462 4405 annuntiabo
1491 4348 1762 4403 mirabilia
1790 4359 1904 4401 tua.
1957 4350 2081 4402 ilice.

498 4464 621 4515 qua;
661 4454 976 4515 sequuntur
1004 4444 1147 4499 dicta
1174 4459 1297 4499 esse
1324 4442 1703 4513 intelliguntur
1757 4457 1821 4495 ex
1855 4455 2083 4510 persona

499 4540 646 4595 beati
703 4538 915 4603 David;
966 4544 1021 4591 et
1075 4535 1422 4591 constructio
1453 4533 1511 4588 lit
1542 4548 1639 4604 per
1680 4532 2022 4604 hyperbaton
2068 4551 2080 4587 :

502 4634 649 4687 Deus
681 4647 861 4696 meus,
891 4628 1232 4684 annuntiabo
1261 4626 1534 4682 mirabilia
1575 4630 1823 4695 tua,‘,qu:e
1851 4625 2082 4679 docuisti

507 4741 595 4780 me
622 4740 649 4777 a
672 4724 961 4793 iuventute
980 4736 1098 4778 mea
1128 4730 1179 4778 et
1213 4734 1388 4790 usque
1415 4734 1583 4774 nunc.
1615 4716 1880 4771 illirabilia
1903 4726 2083 4771 autem

499 4819 789 4887 appellavit
832 4816 1017 4870 omnia
1053 4811 1383 4868 admiranda
1416 4825 1610 4879 opera,
1647 4823 1772 4878 qua:
1806 4808 1879 4861 ob
1905 4807 2054 4861 lsrae

502 4911 640 4966 litiei
690 4908 870 4981 populi
936 4906 1188 4973 salutem,
1240 4904 1410 4959 Deum
1448 4902 1650 4958 fecisse
1708 4900 1966 4971 legimus,
2000 4899 2081 4953 vel

498 5005 666 5059 etiam
707 5016 1051 5072 quan-utique
1085 4999 1426 5067 temporibus
1453 4996 1570 5052 suis
1599 4994 1968 5063 contigerant.

580 5094 744 5149 Vsus.
792 5092 878 5146 l8.
918 5091 983 5145 Et
1023 5107 1187 5159 usque
1213 5092 1281 5142 ad
1310 5100 1574 5143 senectam
1611 5094 1659 5140 et
1687 5084 1914 5148 senium,
1944 5082 2080 5137 Dens

495 5206 661 5252 meus,
693 5204 754 5241 ne
778 5185 1113 5253 derctinquas
1148 5198 1248 5236 me.
1280 5181 1380 5235 Per
1411 5180 1625 5234 senium
1661 5186 1964 5231 extremam
1991 5193 2081 5229 se-

498 5281 736 5337 nectutis
779 5286 993 5348 partem
1035 5273 1316 5342 intelligit,
1345 5269 1487 5324 unde
1520 5269 1695 5323 senior
1744 5267 1944 5337 populi.
1975 5265 2078 5331 Qui

497 5382 685 5427 autem
734 5388 763 5422 ιδ
802 5368 911 5422 Deo
966 5380 1215 5433 eousque
1271 5362 1439 5417 luerit
1484 5367 1782 5429 protectus,
1840 5358 2075 5427 amplius

495 5479 606 5518 non
661 5464 1103 5530 detelittquctur.
1164 5456 1261 5511 Vel
1326 5452 1744 5508 indeterminnte
1804 5449 2074 5518 intelliges

497 5555 795 5609 dictionem
846 5569 1035 5621 usque,
1062 5548 1525 5621 quemadmodum
1559 5561 1702 5614 saepe
1737 5544 1879 5613 apud
1934 5542 2079 5596 Scri-

497 5656 720 5716 pturam
774 5646 1068 5716 reperitur,
1106 5653 1159 5698 et
1208 5642 1545 5712 conjunctim
1603 5656 1667 5692 ac
1738 5638 1840 5694 sub
1889 5636 2079 5692 eodem

498 5753 665 5796 sensu
732 5738 1109 5807 intelligantur
1145 5736 1305 5792 verba
1348 5752 1468 5805 quae
1499 5742 1829 5805 sequuntur.

567 5853 614 5885 ”'
642 5849 834 5906 Matth.
878 5866 934 5917 v,
980 5850 1073 5906 16.

2269 3705 2470 3770 Κύριε,
2498 3698 2930 3769 μνησθήσομαι
2960 3694 3070 3761 τῆς
3108 3691 3503 3758 δικαιοσύνης
3539 3696 3787 3759 comid-

2190 3816 2321 3853 νου.
2344 3797 2457 3849 Οὐκ
2492 3792 2835 3860 ὲπιλόιθωμαί
2866 3806 2995 3842 ποτε
3019 3788 3116 3855 τῆς
3131 3785 3386 3854 τοιαύτης
3398 3802 3490 3836 σου
3509 3785 3790 3839 δικαιοσύ-

2192 3902 2310 3961 νης⁶
2328 3887 2445 3942 ἀλλ’
2467 3885 2561 3939 ἐπὶ
2592 3885 2811 3955 μνήμης
2840 3882 2947 3947 ἔξω
2979 3878 3184 3947 ταύτην
3201 3877 3306 3931 ἀεί.
3326 3878 3527 3931 Μόνον
3546 3877 3603 3930 δὲ
3622 3876 3779 3930 εἶπα

2192 3980 2496 4053 ἐμφαίνων,
2557 3978 2642 4030 ὅτι
2709 3975 2780 4028 Σὺ
2827 3973 2988 4043 μόνος
3043 3970 3289 4032 δικάσεις
3338 3971 3473 4040 ἡμῖν
3528 3971 3624 4022 καὶ
3662 3977 3783 4035 τοῖς

2191 4072 2433 4143 ἐχθροῖς,
2466 4068 2561 4122 καὶ
2596 4066 2773 4129 οὐδεὶς
2806 4065 3016 4133 ἕτερος.
3048 4062 3139 4115 Διὸ
3173 4061 3271 4115 καὶ
3320 4061 3422 4115 οὐκ
3480 4060 3783 4131 ἀνθρώπου

2193 4162 2567 4232 δικαιοσύνης,
2592 4160 2726 4213 ἀλλὰ
2752 4159 2849 4227 τῆς
2885 4155 2980 4209 σοῦ
3013 4155 3175 4225 μόνου
3211 4151 3618 4223 μνησθήσομαι.

2275 4257 2340 4309 '0
2375 4254 2518 4317 Θεός
2547 4270 2690 4321 μου,
2721 4250 2759 4303 ἂ
2787 4246 3069 4311 ἐδίδαξας
3093 4263 3165 4313 με
3213 4246 3282 4298 ἐκ
3314 4243 3602 4309 νεότητός
3630 4260 3780 4311 μου,

2195 4351 2290 4403 καὶ
2328 4348 2506 4418 μέχρι
2529 4345 2636 4399 τοῦ
2668 4343 2814 4409 νῦν,
2841 4337 3160 4410 ἀπαγγελῶ
3183 4337 3254 4391 τὰ
3280 4331 3587 4404 θαυμάσιὰ
3635 4348 3782 4386 σου.

2205 4442 2338 4494 Ἀπὸ
2357 4440 2450 4492 τοῦ
2474 4437 2638 4491 Δαϐὶδ
2668 4436 2723 4488 δὲ
2753 4435 2822 4486 τὰ
2853 4433 2986 4503 ἑξῆς
3019 4430 3297 4484 νοοῦνται.
3332 4426 3492 4491 Καθ’,
3529 4423 3780 4494 ὑπερϐα-

2192 4534 2281 4586 τὶν
2312 4532 2367 4584 δὲ
2400 4534 2433 4601 ἡ
2464 4528 2741 4594 σύνταξις.
2788 4526 2844 4580 Ὀ
2876 4524 3009 4587 Θεός
3052 4539 3178 4592 μου,
3208 4518 3509 4588 ἀπαγγελῶ
3541 4516 3612 4569 τὰ
3642 4515 3782 4569 θαυ-

2125 4664 2168 4717 D
2203 4626 2377 4696 μάπιά
2411 4641 2529 4688 σου,
2575 4621 2609 4675 5t
2649 4618 2896 4683 ἐδίδαξάς
2947 4634 3015 4687 με
3074 4618 3139 4668 ἐκ
3178 4612 3428 4682 νεότητός
3485 4627 3609 4680 μου,
3678 4610 3779 4663 καὶ

2198 4719 2362 4786 μέχρι
2390 4713 2483 4767 τοῦ
2510 4712 2629 4766 νῦν.
2657 4709 2948 4779 Θαυμάσια
2979 4705 3034 4758 δὲ
3066 4705 3213 4772 λέγει
3244 4702 3312 4755 τὰ
3344 4702 3402 4753 ὲν
3430 4703 3540 4761 τοῖς
3568 4698 3777 4769 βίϐλοις

2186 4805 2692 4876 ἀναγεγραμμένα,
2723 4802 2824 4854 ὅσα
2849 4801 2877 4851 ὁ
2901 4798 3034 4860 Θεὸς
3065 4796 3157 4849 ἐπὶ
3206 4793 3455 4864 σωτηρίᾳ
3508 4790 3601 4843 τοῦ
3639 4790 3773 4842 λαοῦ

2186 4901 2293 4954 τῶν
2311 4896 2582 4951 Ἰουδαίων
2638 4887 3198 4962 ὲτερατούργησεν,ῆ
3250 4885 3343 4938 καὶ
3402 4887 3501 4939 ὃσα
3548 4884 3605 4935 ἐν
3652 4883 3775 4942 ταῖς

2184 4993 2422 5064 ἡμέραις
2452 4986 2620 5042 αὐτοῦ
2652 4985 2935 5056 γεγόνασι.

2255 5061 2364 5138 Kal
2389 5082 2497 5147 ἕως
2524 5080 2717 5149 γήρως
2744 5075 2841 5130 καί
2866 5071 3216 5142 πρεσϐείου,
3245 5070 3277 5122 ό
3313 5066 3456 5132 Θεός
3496 5082 3638 5133 μου,
3683 5061 3770 5132 μὴ

2183 5176 2592 5247 ἐγκαταλίπῃ(
2620 5186 2717 5240 με.
2755 5166 3053 5238 Πρεσῧεῖον
3078 5163 3139 5214 τὸ
3162 5158 3394 5229 ἔσχατόν
3426 5160 3543 5213 ἐστι
3571 5156 3767 5225 γῆρας,

2179 5272 2238 5337 ἐξ
2263 5265 2324 5324 οῦ
2358 5271 2452 5322 καὶ
2485 5266 2862 5337 πρεσϐύτερος
2893 5258 2986 5312 τοῦ
3011 5256 3165 5311 λαοῦ.
3206 5255 3263 5308 '0
3296 5253 3353 5306 δὲ
3382 5251 3545 5323 μέχρι
3576 5246 3766 5302 τούτου

2178 5360 2508 5423 σκεπασθεὶς
2576 5356 2697 5410 οὐδὲ
2754 5355 2832 5417 εἰς
2883 5351 2943 5403 τὸ
3000 5349 3126 5417 ἑξῆς
3177 5343 3764 5415 ἐγκαταλειφθήσεται.

2179 5457 2249 5510 Ἢ
2278 5456 2370 5508 καὶ
2397 5453 2594 5517 ἄλλως,
2632 5448 2885 5519 ἀόριστον
2946 5443 3007 5496 τὸ
3052 5441 3183 5505 ἓως,
3224 5439 3367 5492 κατὰ
3413 5437 3616 5506 ἰδίωμα
3666 5434 3761 5501 τῆς

2188 5544 2432 5616 Γραφῆς,
2462 5543 2536 5605 ὡς
2579 5535 2971 5607 συννοουμένου
3004 5532 3097 5587 καὶ
3128 5530 3221 5584 τοῦ
3251 5530 3401 5600 ἑξῆς.
