4020 6218
424 388 533 454 ’719

496 507 565 557 Et
596 516 873 557 conversus
906 494 1208 549 consolatus
1236 508 1288 545 es
1334 507 1434 553 me,
1469 499 1515 543 et
1557 504 1619 542 ex
1650 489 1857 557 abyssis
1890 499 1995 540 ter-
2036 496 2074 548 Α

432 614 508 650 ra:
538 598 729 649 iterant
780 590 1039 645 reduxisti
1074 604 1173 641 me.
1226 587 1399 640 Verba
1433 586 1545 637 lucc
1596 585 1696 637 soli
1758 582 1996 635 lidrlium

428 688 631 757 populo
667 694 814 739 recte
843 680 1347 742 accommodantur,
1374 692 1533 746 quem
1571 676 1623 727 in
1685 674 2005 743 ignorantia:

427 777 675 847 atquein
724 775 994 829 idolorum
1044 772 1283 826 tenebris
1330 770 1457 821 olim
1505 774 1776 820 errantem
1839 766 2001 816 Chii-

428 879 547 922 stus
574 866 866 929 convertit,
899 872 951 919 et
982 863 1267 917 advocavit
1299 862 1351 912 in
1381 860 1632 919 salutem,
1672 866 1723 910 et
1754 856 2005 909 consola-

427 970 516 1012 tus
542 967 625 1011 est
655 973 779 1011 eum
810 956 997 1010 dicens
1025 972 1037 1007 :
1088 953 1267 1006 Venite
1294 955 1361 1003 ad
1395 967 1473 1003 me
1529 965 1705 1003 omnes
1734 949 1820 1017 qui
1860 946 2007 999 labo-

429 1051 586 1113 ratis,
613 1059 660 1102 et
691 1048 896 1101 onerati
926 1049 1068 1111 estis,
1096 1057 1141 1098 et
1176 1060 1264 1111 ego
1300 1044 1559 1111 quiescere
1591 1058 1674 1093 vos
1711 1040 1909 1107 faciam
1935 1035 2003 1091 ⁸³.

429 1139 600 1204 Quem
634 1142 796 1193 etiam
820 1139 973 1206 juxta
1012 1138 1193 1191 curuis
1220 1148 1471 1188 naturam
1505 1141 1778 1185 mortuum
1816 1131 2008 1185 eduxit

437 1231 702 1284 Dominus
726 1245 754 1284 e
784 1229 1086 1299 sepultura.
1115 1228 1248 1281 Nam
1288 1227 1413 1277 dum
1442 1240 1639 1292 corpus
1669 1239 1828 1277 suum
1851 1221 2010 1275 Chri-

432 1331 553 1377 stus
588 1330 863 1375 tnorluum
901 1320 1228 1382 viviﬁcavit,
1282 1326 1335 1369 et
1369 1331 1653 1384 resurgere
1710 1313 1889 1367 facite
1926 1327 2011 1367 sc-

428 1414 673 1482 pultura,
708 1423 868 1482 atque
911 1411 1318 1465 immortalitate
1350 1408 1591 1471 donavit,
1614 1414 2009 1475 consequenter

428 1507 595 1560 etiam
630 1505 911 1571 omnibus,
967 1505 1059 1574 qui
1112 1504 1295 1557 divina
1331 1502 1502 1571 gratia
1537 1500 1686 1570 digni
1728 1510 1879 1562 sunt,
1911 1500 2011 1552 htt-

428 1598 664 1661 jusmodi
715 1597 1178 1653 resurrectionem
1223 1595 1404 1649 cﬂecit
1447 1610 1569 1649 csse
1614 1607 2007 1648 communem:

430 1689 578 1759 quod
622 1705 686 1743 ex
744 1689 1033 1743 verborum
1081 1689 1267 1743 etiam.
1295 1688 1623 1756 repetitione
1653 1686 2009 1756 perspicuum

429 1794 553 1833 esse
587 1786 791 1848 potest.
826 1778 1015 1847 Neque
1049 1778 1196 1830 enim
1244 1777 1360 1829 haec
1392 1776 1552 1830 verba
1590 1774 1868 1845 superﬂue
1923 1788 2011 1828 re—

1652 373 2033 434 EUTllYMlI
2065 368 2425 429 ZlGABENI

3562 370 3663 433 7:20

2180 485 2287 538 Kal
2319 485 2695 552 ἐπιστρέψας
2715 524 2729 549 ,
2757 485 3180 554 παρεκάλεσάς
3210 504 3304 555 με,
3335 485 3429 540 καὶ
3460 488 3527 540 ἐκ
3558 506 3674 542 των

2105 579 2396 631 ἀϐύσσων
2430 577 2538 645 τῆς
2562 577 2674 646 γῆς
2714 579 2899 631 πάλιν
2928 577 3230 647 ἁνήγαγές
3258 596 3353 646 με.
3394 580 3577 633 Ταῦτα
3601 581 3678 649 τῷ

2111 670 2220 741 λαῷ
2239 672 2347 723 τῶν
2365 671 2711 739 Χριστιανῶν
2739 670 3042 739 ἀρμόζουσι
3075 670 3245 739 μόνῳ,
3264 670 3321 722 ὃν
3346 671 3675 739 ἐπιστρέψας

2107 764 2464 832 πλανώμενον
2513 764 2568 813 ὲν
2600 762 2794 831 ἀγνοίᾳ
2846 762 2938 813 καὶ
2974 762 3392 829 εἰδωλολατρεῄ
3433 766 3679 829 aspexi-

2105 855 2261 906 λεσεν
2309 856 2389 916 εἰς
2442 852 2753 923 σωτηρίαν·
2791 853 2871 904 ἐτι
2906 852 2961 905 δὲ
2994 853 3089 904 καὶ
3136 854 3545 923 παρηγόρησεν,
3605 857 3680 903 εἰ-

2110 946 2258 999 πών’
2310 946 2490 998 Δεῦτε
2520 947 2666 1011 πρός
2695 962 2792 1013 με,
2848 944 3071 1009 πάντες
3126 948 3178 997 οὶ
3234 944 3677 1008 κοπιῶντες-και

2110 1036 2597 1103 πεφορτισμένοι,
2632 1033 2795 1101 κάγὼ
2820 1034 3156 1087 ἀναπαύσω
3185 1034 3340 1103 ὑμᾶς
3361 1052 3375 1065 ·
3435 1037 3523 1086 καὶ
3550 1037 3681 1089 ἀπο-

2113 1124 2341 1178 θανόντα
2377 1129 2516 1179 κατά
2549 1126 2709 1194 φύσιν
2733 1126 2828 1196 τῆς
2856 1128 3058 1195 σαρκὸς
3094 1128 3261 1180 πάλιν
3317 1129 3587 1196 ἀνήγαγεν
3618 1130 3677 1179 ἐκ

2111 1216 2219 1269 τῶν
2252 1218 2439 1285 τάφων
2461 1234 2473 1248 ·
2502 1218 2731 1281 ζωώσας
2756 1219 2864 1288 γὰρ
2888 1219 2949 1271 τὸ
2981 1220 3253 1291 νεκρωοὲν
3292 1220 3456 1272 αὑτοῦ
3499 1221 3677 1289 σῶμα,

2112 1311 2207 1361 καὶ
2235 1310 2567 1379 ἀναστήσας,
2606 1313 2696 1363 καὶ
2732 1311 3170 1375 ἀπαθανατίσας,
3226 1312 3327 1381 ἤδη
3376 1314 3513 1365 πᾶσι
3569 1316 3679 1373 τοῖς

2113 1398 2284 1464 ἀξίοις
2342 1400 2508 1463 αὑτοῦ
2573 1401 2673 1472 τὴν
2704 1404 2961 1471 τοιαύτην
3008 1404 3304 1455 ἀνάστασιν
3349 1403 3676 1473 ἐχαρίσατο’

2113 1494 2209 1545 καὶ
2237 1493 2395 1545 τοῦτο
2438 1493 2601 1562 δῆλον
2632 1495 2737 1547 ἀπὸ
2770 1495 2873 1562 τῆς
2910 1494 3177 1564 δοκούσης
3212 1494 3587 1562 παλιλλογίας,
3615 1495 3676 1546 οὐ

2116 1584 2408 1655 περιττῶς,
2437 1584 2573 1639 ἀλλὰ
2605 1584 2694 1639 διὰ
2720 1586 2880 1639 τοῦτο
2914 1588 3197 1657 κειμένης.
3236 1586 3445 1650 Ἀλλως
3480 1605 3538 1640 τε
3588 1591 3679 1639 καὶ

2111 1677 2172 1730 τὸ
2234 1678 2415 1745 πάλιν,
2476 1678 2765 1751 ἐπίρρημα
2827 1681 3225 1751 προσκείμενον
3273 1681 3525 1747 ἐνταῦθα,
3580 1682 3680 1750 τὴν

2115 1771 2477 1842 παραλλαγὴν
2503 1775 2734 1842 ἐνέφηνε
2766 1772 2860 1825 τοῦ
2890 1776 3181 1842 νοήματος.

426 1873 592 1942 petita
624 1873 794 1928 videri
829 1874 1064 1938 debent,
1107 1870 1202 1924 sed
1247 1870 1383 1923 illud
1414 1872 1694 1934 denotare,
1731 1866 1877 1939 quod
1909 1866 2173 1933 diximus,
2208 1867 2515 1937 praesertim
2546 1881 2670 1921 cum
2735 1867 2926 1931 dictio,
2981 1872 3187 1931 iterum,
3260 1866 3361 1921 hoc
3430 1868 3483 1919 in
3560 1869 3676 1920 loco

426 1965 866 2020 immutationem
906 1980 1106 2020 sensus
1149 1963 1441 2033 signiticet.

497 2104 709 2158 Etenim
759 2120 853 2173 ego
894 2102 1178 2170 confitebor
1228 2101 1324 2154 tibi
1371 2102 1424 2153 in
1470 2100 1703 2170 populis,
1754 2096 1997 2152 Domine.

2178 2090 2287 2144 Kal
2322 2087 2431 2159 γὰρ
2472 2085 2586 2157 ἐγὼ
2618 2086 3143 2156 ἐξομολογήσομιιί
3200 2103 3296 2141 σοι
3361 2088 3430 2140 ἐν
3483 2088 3672 2153 λαοῖς,

429 2197 717 2268 Supert'lua
741 2205 844 2262 est,
880 2197 983 2250 hoc
1030 2198 1081 2249 in
1118 2196 1259 2257 loco,
1305 2193 1474 2247 dictio
1529 2193 1688 2258 enim,
1737 2188 2003 2261 quemad-

424 2287 644 2342 modum
674 2288 840 2340 etiam
875 2286 999 2339 aliis
1047 2287 1102 2338 in
1149 2284 1284 2338 locis
1318 2280 1664 2337 tradidimus.
1701 2282 1791 2335 Ait
1826 2283 1998 2352 igitur

423 2382 620 2433 beatus
650 2376 847 2438 David,
881 2375 1026 2444 quod
1073 2375 1336 2442 deinceps
1369 2382 1596 2428 acturus
1648 2383 1730 2427 est
1790 2376 1998 2443 gratias

424 2467 553 2531 Deo,
592 2470 643 2520 in
676 2466 912 2537 populis,
950 2481 1058 2519 non
1109 2465 1162 2519 in
1191 2479 1300 2518 uno
1332 2474 1543 2518 tantum
1569 2466 1789 2533 populo,
1824 2479 2001 2532 neque

423 2561 480 2612 in
525 2559 656 2612 solis
706 2556 937 2618 Judaais,
994 2556 1087 2611 sed
1142 2557 1196 2608 in
1233 2555 1489 2608 omnibus
1522 2555 1796 2623 gentibus,
1854 2556 1999 2626 quod

424 2647 583 2705 etiam
619 2647 965 2702 manifesuus
996 2646 1129 2700 dicit
1158 2647 1302 2700 circa
1334 2648 1496 2700 tinem
1527 2645 1721 2715 psalmi
1755 2661 1887 2699 xvtt.

494 2846 659 2903 Vens.
702 2848 790 2902 ΞΕ.
838 2846 901 2899 1η
935 2848 1074 2901 vasis
1108 2848 1303 2916 psalmi
1336 2848 1603 2900 veritatem
1633 2855 1801 2910 tuam,
1838 2848 1995 2900 Deus.

422 2943 525 2995 t‘er
550 2954 677 2993 vasa
704 2939 924 3007 psalmi,
955 2940 1101 2991 varia
1133 2938 1469 2992 musicorum
1505 2938 1994 2991 instrumentorum

423 3044 623 3098 genera
658 3027 933 3096 intelligit.
955 3026 1119 3080 Juxta
1140 3041 1419 3095 anagogen
1444 3042 1595 3090 vero,
1623 3042 1750 3080 vasa
1774 3028 1994 3096 psalmi,

426 3120 612 3173 ﬁdeles
641 3133 833 3172 omnes
885 3128 1051 3171 sunt:
1105 3132 1341 3186 quorum
1395 3119 1606 3171 animas
1638 3119 1692 3170 in
1725 3133 1993 3172 summam

428 3212 765 3265 harmoniam
824 3224 889 3264 ac
952 3210 1371 3263 consonantiam
1431 3210 1774 3264 coneiunans
1832 3220 1886 3264 et
1941 3211 1995 3264 in

431 3318 593 3357 suum
628 3302 897 3370 colligens
929 3301 1123 3355 beatus
1153 3300 1323 3354 David
1350 3311 1640 3370 perpetuas
1673 3301 1779 3355 Deo
1809 3301 1996 3356 laudes

423 3394 623 3463 psallit.
672 3391 717 3445 A
765 3393 1041 3446 communi
1095 3401 1277 3446 autem
1332 3406 1499 3446 sensu
1545 3392 1869 3445 sumendum
1912 3400 1996 3447 est

2104 2183 2301 2250 Κύριε.
2351 2178 2610 2250 Περιττὸς
2640 2175 2731 2232 οὖν
2766 2179 2794 2231 6
2840 2179 2950 2247 γὰρ
2994 2178 3287 2248 σύνδεσμος
3310 2220 3322 2243 ,
3378 2180 3453 2242 ὡς
3486 2180 3577 2232 καὶ
3616 2182 3674 2232 ἐν

2104 2274 2287 2335 ἄλλοις
2348 2269 2845 2341 παραδεδώκαμεν.
2901 2271 3071 2339 Φησὶν
3126 2266 3218 2324 οὖν
3274 2272 3299 2322 6
3354 2270 3539 2332 Δαϐἰδ,
3596 2271 3676 2323 ὅτι

2104 2365 2309 2419 Λοιπὸν
2333 2362 2443 2433 ἐγὼ
2476 2366 2858 2435 εὐχαριστήσω
2888 2366 2944 2417 ἐν
2968 2364 3118 2426 λαοῖς
3142 2402 3157 2426 ,
3215 2363 3311 2417 καὶ
3342 2365 3441 2416 οὐκ
3469 2366 3526 2416 ἐν
3554 2364 3666 2432 λαῷ

2108 2461 2305 2527 μόνον·
2340 2458 2400 2510 οὐ
2448 2459 2555 2527 γὰρ
2585 2447 2645 2510 έν
2691 2456 2967 2520 Ἰουδαίοις
3001 2458 3183 2527 μόνον,
3238 2456 3354 2508 ἀλλ’
3402 2460 3459 2511 ὲν
3512 2459 3678 2509 πᾶσιν

2105 2551 2307 2605 ἔθνεσι.
2336 2550 2509 2602 Τοῦτο
2535 2549 2592 2601 δὲ
2628 2548 2963 2617 σαφέστερον
2990 2538 3227 2617 εἴρηκεν]
3248 2546 3386 2618 πρὸς
3424 2547 3499 2617 τῷ
3533 2546 3675 2599 τέλει

2101 2642 2196 2697 τοῦ
2221 2642 2284 2705 ιζ’
2314 2641 2555 2712 ψαλμοῦ.

2182 2847 2288 2898 Ἐν
2344 2845 2595 2897 σκεύεσι
2642 2843 2889 2913 ψαλμοῦ
2924 2842 3038 2910 τὴν
3091 2841 3390 2909 ἀλήθειάν
3456 2858 3594 2903 σου,
3642 2845 3678 2895 ό

2104 2936 2268 2999 Θεός.
2292 2934 2471 3004 Σκεύη
2493 2935 2819 3005 ψαλμοῦ,τὰ
2848 2936 3083 3003 διάφορα
3115 2934 3229 3003 εἴδη
3258 2933 3364 2986 τῶν
3394 2935 3675 3002 μουσικῶν

2100 3026 2371 3094 ὀργάνων.
2419 3026 2809 3094 Ἀναγωγικῶς
2839 3026 2896 3079 δὲ
2923 3027 2972 3078 οε
3011 3026 3227 3088 πιστοὶ,
3262 3020 3335 3079 ὧν
3367 3028 3464 3088 τὰς
3497 3026 3677 3096 ψυχὰς

2104 3118 2513 3190 ἁρμοσάμενος,
2568 3119 2662 3172 καὶ
2695 3119 2961 3189 συνδήσας
3022 3121 3051 3171 ὁ
3113 3118 3297 3182 Δαόὶδ,
3347 3118 3539 3186 ψάλλει
3586 3120 3682 3174 διὰ

2100 3211 2302 3273 παντὸς
2331 3210 2408 3279 τῷ
2438 3211 2577 3281 Θεῷ.
2627 3212 2760 3263 Ἀπὸ
2788 3210 2969 3263 κοινοῦ
2993 3210 3049 3262 δὲ
3075 3210 3137 3262 τὸ
3167 3210 3637 3279 ὲξομολογήσομαι
3662 3230 3676 3241 ·

2101 3302 2198 3353 καὶ
2217 3297 2288 3371 ἦν
2324 3301 2422 3370 μὲν
2450 3301 2745 3355 ἀκόλουθον
2773 3302 2916 3354 κατὰ
2944 3301 3161 3366 δοτικὴν
3185 3302 3391 3354 πτῶσιν
3448 3302 3677 3368 ποιῆσαι

2099 3393 2382 3448 κάνταῦθα
2407 3394 2502 3464 τὴν
2529 3393 2802 3458 σύνταξιν.
2843 3394 2901 3446 '0
2927 3394 2985 3447 δὲ
3022 3394 3332 3464 ἀδιαφόρως
3359 3393 3678 3462 αἰτιατικὴν

424 3484 651 3537 verbum
687 3482 1005 3550 Conﬁtebor.
1042 3482 1107 3536 Et
1142 3498 1491 3552 consequens
1542 3482 1761 3552 quidem
1794 3484 1991 3548 fuerat,

2104 3486 2411 3555 ἐπήγαγεν.
2468 3485 2927 3554 Εὐχαριστήσω,
2956 3484 3110 3553 φησι,
3140 3483 3214 3551 τῇ
3247 3484 3497 3550 ἀληθείᾳ
3528 3499 3682 3536 σου·

427 3586 484 3624 ιιι
524 3574 743 3627 tertium
782 3587 967 3627 casum
996 3573 1265 3644 Propheta
1297 3574 1548 3629 redderet
1577 3575 1998 3641 constructioni,

428 3665 517 3716 ubi
549 3676 801 3732 qmutum
850 3666 1126 3733 apposuit.
1167 3664 1344 3719 Dictio
1397 3665 1690 3735 siquidem,
1752 3664 1996 3733 Conﬁte-

2105 3579 2189 3630 ὅτι
2220 3576 2425 3646 ἀληθὴς
2472 3570 2521 3628 εἷ
2552 3576 2707 3639 Θεὸς,
2738 3576 2800 3627 οὐ
2832 3576 2991 3646 μόνον
3026 3574 3147 3629 κατ’
3173 3576 3385 3643 οὐσίαν,
3419 3577 3555 3629 ἀλλά
3587 3579 3673 3628 κε’

2107 3668 2230 3719 κατ’
2262 3666 2620 3735 ἐπαγγελίαν.

420 3752 533 3817 bor,
568 3755 709 3808 idem
744 3757 1038 3824 signiﬁcat,
1072 3757 1215 3828 quod
1244 3758 1462 3814 Gratias
1506 3774 1685 3831 agam.
1735 3761 1973 3825 Gratias,
2012 3762 2210 3831 inquit,
2242 3777 2400 3831 agam
2432 3762 2652 3817 veritati
2686 3771 2812 3822 tuae.
2860 3761 3115 3828 quoniam
3184 3774 3238 3816 tu
3303 3776 3461 3814 verax
3537 3761 3610 3816 De

417 3866 498 3913 es,
548 3866 658 3911 non
694 3858 903 3906 tantum
953 3854 1080 3921 quia
1133 3869 1320 3909 verum
1380 3863 1433 3910 te
1479 3871 1600 3911 esse
1659 3873 1973 3914 asseramus
2012 3856 2204 3923 Deum,
2239 3860 2330 3915 sed
2363 3860 2550 3924 etiam,
2586 3859 2714 3928 quia
2745 3858 2926 3912 oumia
2962 3872 2992 3910 a
3047 3866 3097 3911 te
3134 3858 3397 3926 promissa
3461 3873 3601 3910 sum:

416 3958 539 3993 cum
576 3941 680 3995 ﬁde
710 3942 1005 4012 adimplcs.

491 4056 734 4110 Psallam
769 4059 863 4111 tibi
885 4060 938 4111 in
965 4060 1198 4125 cit/cara,
1232 4069 1447 4113 sanctus
1471 4060 1665 4116 Israel.
1693 4064 1993 4119 llazcverha

416 4150 486 4201 ad
520 4150 946 4203 declarationem
974 4150 1121 4204 dicta
1153 4160 1281 4206 sunt
1310 4153 1673 4220 praecedentis
1704 4156 1986 4219 versiculi,

419 4240 507 4291 ubi
538 4241 611 4291 ait
641 4258 652 4291 :
698 4239 1003 4309 Confitebor
1030 4242 1121 4293 tibi
1153 4242 1206 4293 in
1238 4243 1377 4295 uasis
1410 4243 1621 4306 psalmi.
1657 4243 1752 4299 Est
1786 4247 1987 4300 etenim

418 4333 627 4383 cithara
671 4347 765 4384 vas
798 4347 893 4385 seu
927 4332 1354 4385 instrumentum
1386 4334 1659 4402 quoddam
1693 4338 1987 4402 musicum,

421 4438 531 4488 quo
560 4422 809 4489 psalmos
838 4422 1003 4474 etiam
1043 4422 1355 4489 canebant;
1394 4440 1491 4494 per
1535 4427 1801 4481 citharam
1859 4446 1988 4483 vero

424 4514 627 4579 reliqua
680 4511 1018 4565 musicorum
1061 4511 1555 4568 instrumentorum
1584 4534 1783 4584 genera
1827 4521 1991 4573 intel—

425 4606 557 4675 ligit.
595 4602 708 4656 lloc
740 4617 919 4657 autem
957 4605 1010 4656 in
1040 4601 1160 4658 loco
1206 4620 1303 4673 per
1334 4605 1599 4661 citharam
1663 4610 1869 4677 regium
1902 4627 1994 4664 or-

421 4708 642 4762 ganum,
688 4694 1013 4763 psalterium
1048 4693 1322 4762 videlicet,
1359 4705 1491 4766 puto
1528 4699 1783 4771 intelligi,
1837 4711 1895 4755 ut
1926 4719 1992 4757 ex

424 4788 487 4837 iis
530 4792 697 4851 patet,
731 4797 853 4853 quae
883 4785 935 4840 iu
975 4786 1248 4853 protentio
1276 4789 1460 4855 operis
1487 4789 1838 4845 tradidimus.
1874 4791 1988 4847 llac

2173 4062 2355 4117 Ψαλῶ
2388 4076 2485 4115 σοι
2532 4061 2600 4114 ἐν
2646 4059 2878 4127 κιθάρᾳ,
2926 4062 2957 4111 ό
2990 4060 3198 4127 ’Ἄγιος
3250 4059 3355 4111 τοῦ
3396 4058 3673 4127 Ἰσραήλ.

2094 4154 2263 4208 Τοῦτο
2290 4152 2623 4223 ὲπεξήγησὶς
2675 4155 2789 4204 ἐστι
2844 4149 2937 4203 τοῦ
2986 4150 3539 4218 Ἑξομολοτήσομαί
3577 4166 3680 4202 στι

2092 4247 2161 4299 ἐν
2198 4245 2449 4297 σκεύεσι
2482 4242 2755 4311 ψαλμοῦ.
2803 4241 3003 4304 Σκεῦος
3058 4241 3167 4310 γὰρ
3222 4241 3397 4292 εῖτουν
3442 4241 3681 4310 ὄργανον

2088 4334 2301 4403 ψαλμοῦ
2334 4336 2367 4403 ή
2409 4332 2609 4401 κιθάρα
2631 4349 2642 4360 ·
2676 4332 2782 4384 ἀπὸ
2815 4331 2870 4384 δὲ
2924 4330 3127 4399 ταύτης
3181 4316 3273 4384 καὶ
3304 4330 3350 4382 τ’
3385 4330 3530 4383 ’ἄλλα
3558 4332 3676 4401 εἴδη

2094 4426 2334 4493 ὲσήμανε
2357 4440 2368 4451 ⁸
2410 4423 2614 4491 κιθάρα
2646 4421 2700 4473 δὲ
2732 4422 2826 4473 νῦν
2893 4422 2954 4473 τὸ
2984 4419 3264 4489 βασιλικὸν
3295 4420 3444 4486 λέγει
3469 4420 3648 4489 ψαλτή
3669 4453 3683 4462 ο

2099 4534 2233 4585 ριον,
2266 4517 2340 4578 ὡς
2370 4516 2425 4567 ὲν
2456 4514 2531 4583 τῷ
2559 4514 2830 4583 προοιμίῳ
2889 4514 2985 4581 τῆς
3040 4511 3224 4581 βῖδλου
3278 4512 3388 4564 τῶν
3417 4514 3675 4583 Ψαλμῶν

2099 4608 2513 4679 ὲξηγησάμεθα.
2576 4608 2672 4659 Διὰ
2698 4607 2856 4659 τοῦτο
2882 4606 2991 4674 γὰρ
3040 4605 3322 4660 καὶτοῦτο
3374 4606 3535 4675 μόνον
3598 4608 3680 4669 ὡς

2096 4699 2377 4769 ἐξαίρετον
2432 4699 2696 4751 τέθεικεν.
2728 4699 2848 4750 Ἵνα
2904 4697 2959 4749 δὲ
3014 4698 3107 4750 καὶ
3167 4698 3300 4766 ἡμῖν
3346 4698 3674 4766 ἀρμόσαιεν,

2098 4792 2269 4856 σκεύη
2303 4792 2401 4860 μὲν
2437 4790 2655 4860 ψαλμοῦ
2689 4791 2956 4860 νοήσομεν
2984 4789 3177 4857 στόμα,
3199 4788 3673 4858 χείλη,γλῶσσαν,

420 4876 619 4925 ctenim
652 4875 718 4928 de
746 4886 915 4929 causa
946 4876 1122 4930 solum
1148 4879 1251 4931 hoc
1281 4878 1702 4935 instrumentum
1730 4894 1985 4953 tanquam

2102 4886 2189 4936 καὶ
2222 4854 2320 4935 ὅσα
2348 4854 2564 4951 ὀργαναν
2592 4885 2689 4951 τῆς
2723 4854 2943 4949 φωνῆς’
2975 4854 3293 4949 κιθάρανίδὲ
3466 4880 3669 4949 ψυχήν.

422 4967 631 5019 caeteris
662 4967 919 5021 omnibus
978 4969 1337 5026 excellentius
1368 4975 1839 5026 commemoravit.
1881 4972 1987 5028 Ve-

423 5076 537 5112 rum
573 5068 631 5112 ut
661 5061 817 5115 nobis
848 5053 1012 5115 etiam
1042 5063 1153 5115 luet:
1195 5066 1386 5133 psalmi
1423 5066 1586 5119 verba
1612 5067 1989 5120 accommode-

422 5167 564 5214 mus,
603 5168 700 5221 per
729 5166 858 5205 vasa
884 5154 1100 5220 psalmi,
1136 5170 1220 5218 os,
1262 5156 1406 5209 labia
1458 5166 1509 5210 ct
1548 5158 1785 5225 linguam
1824 5156 1985 5209 intr-l-

417 5240 671 5313 ligemus,
708 5252 763 5297 et
796 5259 1138 5315 quaecunque
1191 5248 1295 5300 alia
1351 5256 1481 5300 sunt
1530 5250 1681 5301 vocis
1737 5263 1983 5316 organa:

419 5347 515 5403 per
551 5334 816 5388 citharam
859 5352 1004 5400 vero,
1043 5340 1278 5391 animam
1314 5340 1507 5407 ipsam.
1540 5338 1775 5391 Sanctus
1802 5350 1979 5392 autem

420 5422 584 5476 Fsrael
632 5426 721 5479 ille
770 5435 871 5489 cst,
937 5429 1028 5495 qui
1090 5429 1345 5483 lsraclem
1386 5430 1717 5483 sanctiﬁcat.
1772 5429 1982 5483 Dicitur

420 5524 581 5563 etiam
615 5513 753 5566 Deus
782 5526 1026 5580 Sanctus,
1062 5528 1111 5571 et
1144 5519 1391 5572 homines
1414 5521 1613 5583 sancti,
1644 5519 1731 5573 ille
1762 5520 1980 5588 quidem

425 5609 482 5650 ut
505 5603 877 5667 sanctiﬁcans,
912 5607 1002 5659 isti
1038 5625 1160 5663 vero
1192 5622 1245 5664 ut
1270 5611 1615 5675 sanctiﬁcati,
1651 5612 1736 5665 ille
1769 5623 1980 5671 natura.

493 5784 535 5814 9‘
567 5783 754 5837 Matth.
802 5802 872 5849 χι,
936 5788 1025 5841 28.

2100 4975 2286 5042 Ἀγιος
2323 4973 2377 5025 δὲ
2407 4973 2499 5025 τοῦ
2542 4971 2758 5041 Ἰσραὴλ
2820 4973 2848 5022 6
2880 4968 3122 5037 ἁγιάζων
3149 4970 3239 5023 τὶν
3281 4972 3520 5040 Ἰσραήλ.
3563 4975 3673 5024 Λέ-

2095 5067 2252 5131 γεται
2285 5064 2339 5117 δὲ
2388 5066 2481 5116 καὶ
2510 5066 2535 5115 6
2569 5064 2699 5126 Θεὸς
2741 5064 2896 5130 ἅγιος
2927 5104 2940 5127 ,
2976 5062 3069 5115 καὶ
3095 5064 3123 5113 6
3151 5062 3437 5133 ἅνθρωπος
3460 5080 3472 5092 ·
3503 5065 3529 5115 6
3568 5066 3674 5132 μὲν

2094 5156 2167 5218 ὡς
2202 5156 2464 5223 ἁγιάζων,
2510 5156 2537 5206 6
2577 5154 2631 5206 δὲ
2678 5154 2753 5215 ὡς
2784 5154 3143 5221 ἁγιαζόμενος
3166 5169 3181 5184 ’
3214 5153 3307 5204 καὶ
3338 5154 3365 5203 6
3399 5152 3499 5220 μὲν
3526 5157 3673 5204 κατὰ

2096 5248 2281 5316 φύσιν,
2307 5248 2332 5297 6
2358 5248 2414 5299 δὲ
2450 5247 2589 5298 κατά
2626 5247 2794 5309 Οέσιν,
2828 5248 2946 5315 ἤτοι
2984 5245 3123 5297 κατά
3158 5246 3414 5313 μετοχὴν.
3437 5245 3547 5297 Καὶ
3582 5246 3673 5298 ὅτι

2091 5339 2248 5392 τοῦτο
2262 5338 2478 5407 ἀληθὲς,
2496 5338 2657 5406 φησιν
2678 5340 2703 5389 6
2718 5337 3012 5399 ἀπόστολος
3030 5337 3237 5398 Παῦλος
3258 5353 3321 5386 πε
3332 5334 3383 5405 pl
3400 5336 3669 5403 Χριστοῦο

2099 5433 2194 5495 Ὃς
2216 5428 2469 5497 ἐγενήθη
2500 5428 2642 5494 ἡμῖν
2708 5428 2895 5495 σοφία
2927 5426 3044 5481 ἀπὸ
3072 5426 3239 5488 Θεοῦ,
3283 5424 3666 5489 δικαιοσύνη,

2094 5524 2189 5575 καὶ
2222 5521 2535 5589 ἁγιασμὸς,
2588 5521 2681 5573 καὶ
2723 5522 3161 5587 ἀπολύτρωσις.
3209 5519 3401 5585 Γέγονε
3436 5518 3545 5585 γὰρ
3581 5534 3673 5568 σο-

2098 5617 2190 5685 φία
2220 5620 2328 5679 τοῖς
2381 5616 2782 5687 σοφιζομένοις,
2831 5615 3145 5685 δικαιοσύνη
3168 5614 3223 5665 δὲ
3243 5614 3353 5673 τοῖς
3380 5611 3668 5663 δεδικαιω-
