  <div class='ocr_page' id='page_1' title='image "/cluster/home/n/w/nwhite01/storage/ocr_20150623/128/hvd.32044073502403/367.png"; bbox 0 0 4020 6218; ppageno 0'>
   <div class='ocr_carea' id='block_1_1' title="bbox 456 230 562 296">
    <p class='ocr_par' dir='ltr' id='par_1_1' title="bbox 456 230 562 296">
     <span class='ocr_line' id='line_1_1' title="bbox 456 230 562 296; baseline -0.019 -2"><span class='ocrx_word' id='word_1_1' title='bbox 456 230 562 296; x_wconf 69' lang='grc' dir='ltr'><strong>ἳὲ3</strong></span> 
     </span>
    </p>
   </div>
   <div class='ocr_carea' id='block_1_2' title="bbox 1686 231 2466 294">
    <p class='ocr_par' dir='ltr' id='par_1_2' title="bbox 1686 231 2466 294">
     <span class='ocr_line' id='line_1_2' title="bbox 1686 231 2466 294; baseline 0.003 -4"><span class='ocrx_word' id='word_1_2' title='bbox 1686 231 2075 292; x_wconf 83' lang='lat' dir='ltr'><strong>EUTHYM-Il</strong></span> <span class='ocrx_word' id='word_1_3' title='bbox 2106 233 2466 294; x_wconf 85' lang='lat' dir='ltr'><strong>ZIGABENI</strong></span> 
     </span>
    </p>
   </div>
   <div class='ocr_carea' id='block_1_3' title="bbox 3589 236 3684 302">
    <p class='ocr_par' dir='ltr' id='par_1_3' title="bbox 3589 236 3684 302">
     <span class='ocr_line' id='line_1_3' title="bbox 3589 236 3684 302; baseline 0 0"><span class='ocrx_word' id='word_1_4' title='bbox 3589 236 3684 302; x_wconf 61' lang='lat'><strong>724</strong></span> 
     </span>
    </p>
   </div>
   <div class='ocr_carea' id='block_1_4' title="bbox 533 329 2022 418">
    <p class='ocr_par' dir='ltr' id='par_1_4' title="bbox 533 331 2022 417">
     <span class='ocr_line' id='line_1_4' title="bbox 533 331 2022 417; baseline 0.003 -20"><span class='ocrx_word' id='word_1_5' title='bbox 533 344 599 398; x_wconf 88' lang='lat' dir='ltr'><strong>Ut</strong></span> <span class='ocrx_word' id='word_1_6' title='bbox 627 345 829 414; x_wconf 77' lang='lat' dir='ltr'><strong>judicet</strong></span> <span class='ocrx_word' id='word_1_7' title='bbox 856 331 1103 413; x_wconf 84' lang='lat' dir='ltr'><strong>populum</strong></span> <span class='ocrx_word' id='word_1_8' title='bbox 1136 355 1282 398; x_wconf 84' lang='lat' dir='ltr'><strong>tuum</strong></span> <span class='ocrx_word' id='word_1_9' title='bbox 1329 347 1383 399; x_wconf 87' lang='lat' dir='ltr'><strong>in</strong></span> <span class='ocrx_word' id='word_1_10' title='bbox 1409 346 1626 415; x_wconf 83' lang='lat' dir='ltr'><strong>justitia</strong></span> <span class='ocrx_word' id='word_1_11' title='bbox 1681 359 1730 402; x_wconf 86' lang='lat' dir='ltr'><strong>et</strong></span> <span class='ocrx_word' id='word_1_12' title='bbox 1769 364 2022 417; x_wconf 77' lang='lat' dir='ltr'><strong>pauperes</strong></span> 
     </span>
    </p>
   </div>
   <div class='ocr_carea' id='block_1_5' title="bbox 2126 329 3682 418">
    <p class='ocr_par' dir='ltr' id='par_1_5' title="bbox 2203 329 3682 418">
     <span class='ocr_line' id='line_1_5' title="bbox 2203 329 3682 418; baseline 0.003 -15"><span class='ocrx_word' id='word_1_13' title='bbox 2203 349 2441 418; x_wconf 73' lang='lat' dir='ltr'><strong>Kpt&#39;retr</strong></span> <span class='ocrx_word' id='word_1_14' title='bbox 2478 348 2584 402; x_wconf 80' lang='grc' dir='ltr'><strong>τὸν</strong></span> <span class='ocrx_word' id='word_1_15' title='bbox 2621 329 2776 402; x_wconf 71' lang='grc' dir='ltr'><em>λιῖόν</em></span> <span class='ocrx_word' id='word_1_16' title='bbox 2803 364 2920 404; x_wconf 90' lang='grc' dir='ltr'>σου</span> <span class='ocrx_word' id='word_1_17' title='bbox 2959 349 3028 403; x_wconf 78' lang='grc' dir='ltr'><strong>ἐν</strong></span> <span class='ocrx_word' id='word_1_18' title='bbox 3059 351 3414 417; x_wconf 67' lang='grc' dir='ltr'>δικαιοσύνῃ</span> <span class='ocrx_word' id='word_1_19' title='bbox 3443 349 3537 403; x_wconf 81' lang='grc' dir='ltr'><strong>καί</strong></span> <span class='ocrx_word' id='word_1_20' title='bbox 3559 353 3682 418; x_wconf 83' lang='grc' dir='ltr'><strong>τοὺς</strong></span> 
     </span>
    </p>
   </div>
   <div class='ocr_carea' id='block_1_6' title="bbox 455 437 2025 508">
    <p class='ocr_par' dir='ltr' id='par_1_6' title="bbox 455 437 2025 508">
     <span class='ocr_line' id='line_1_6' title="bbox 455 437 2025 508; baseline 0.003 -18"><span class='ocrx_word' id='word_1_21' title='bbox 455 439 642 493; x_wconf 75' lang='lat' dir='ltr'><strong>tttosiu</strong></span> <span class='ocrx_word' id='word_1_22' title='bbox 682 438 898 505; x_wconf 69' lang='lat' dir='ltr'><strong>judicio.</strong></span> <span class='ocrx_word' id='word_1_23' title='bbox 940 437 1063 491; x_wconf 70' lang='grc' dir='ltr'><strong>Πωο</strong></span> <span class='ocrx_word' id='word_1_24' title='bbox 1113 445 1196 492; x_wconf 89' lang='lat' dir='ltr'><strong>est</strong></span> <span class='ocrx_word' id='word_1_25' title='bbox 1236 452 1402 493; x_wconf 88' lang='lat' dir='ltr'><strong>causa</strong></span> <span class='ocrx_word' id='word_1_26' title='bbox 1434 479 1449 504; x_wconf 93' lang='lat'><strong>,</strong></span> <span class='ocrx_word' id='word_1_27' title='bbox 1499 455 1598 494; x_wconf 91' lang='lat' dir='ltr'><strong>cur</strong></span> <span class='ocrx_word' id='word_1_28' title='bbox 1641 448 1791 508; x_wconf 90' lang='lat' dir='ltr'><strong>petat</strong></span> <span class='ocrx_word' id='word_1_29' title='bbox 1835 442 2025 496; x_wconf 89' lang='lat' dir='ltr'><strong>beatus</strong></span> 
     </span>
    </p>
   </div>
   <div class='ocr_carea' id='block_1_7' title="bbox 454 527 2025 596">
    <p class='ocr_par' dir='ltr' id='par_1_7' title="bbox 454 527 2025 596">
     <span class='ocr_line' id='line_1_7' title="bbox 454 527 2025 596; baseline 0.001 -14"><span class='ocrx_word' id='word_1_30' title='bbox 454 530 621 584; x_wconf 80' lang='lat' dir='ltr'><strong>David</strong></span> <span class='ocrx_word' id='word_1_31' title='bbox 655 528 881 582; x_wconf 78' lang='lat' dir='ltr'><strong>Christo</strong></span> <span class='ocrx_word' id='word_1_32' title='bbox 916 527 1080 580; x_wconf 89' lang='lat' dir='ltr'><strong>tribui</strong></span> <span class='ocrx_word' id='word_1_33' title='bbox 1107 527 1390 596; x_wconf 82' lang='lat' dir='ltr'><strong>judicandi</strong></span> <span class='ocrx_word' id='word_1_34' title='bbox 1423 527 1741 582; x_wconf 78' lang='lat' dir='ltr'><strong>facultatem</strong></span> <span class='ocrx_word' id='word_1_35' title='bbox 1782 550 1796 584; x_wconf 87' lang='lat'><strong>:</strong></span> <span class='ocrx_word' id='word_1_36' title='bbox 1827 542 1884 584; x_wconf 90' lang='lat' dir='ltr'><strong>ut</strong></span> <span class='ocrx_word' id='word_1_37' title='bbox 1913 532 2025 586; x_wconf 91' lang='lat' dir='ltr'><strong>sci-</strong></span> 
     </span>
    </p>
   </div>
   <div class='ocr_carea' id='block_1_8' title="bbox 456 621 2023 692">
    <p class='ocr_par' dir='ltr' id='par_1_8' title="bbox 456 621 2023 692">
     <span class='ocr_line' id='line_1_8' title="bbox 456 621 2023 692; baseline 0.001 -16"><span class='ocrx_word' id='word_1_38' title='bbox 456 625 584 677; x_wconf 83' lang='lat' dir='ltr'><strong>licet</strong></span> <span class='ocrx_word' id='word_1_39' title='bbox 609 624 836 690; x_wconf 73' lang='lat' dir='ltr'><strong>judicet,</strong></span> <span class='ocrx_word' id='word_1_40' title='bbox 873 629 979 676; x_wconf 84' lang='lat' dir='ltr'><strong>etc.</strong></span> <span class='ocrx_word' id='word_1_41' title='bbox 1014 621 1115 676; x_wconf 88' lang='lat' dir='ltr'><strong>Per</strong></span> <span class='ocrx_word' id='word_1_42' title='bbox 1147 623 1404 692; x_wconf 84' lang='lat' dir='ltr'><strong>populum</strong></span> <span class='ocrx_word' id='word_1_43' title='bbox 1433 631 1635 688; x_wconf 89' lang='lat' dir='ltr'><strong>autem,</strong></span> <span class='ocrx_word' id='word_1_44' title='bbox 1677 623 1889 681; x_wconf 79' lang='lat' dir='ltr'><strong>ﬁdelem</strong></span> <span class='ocrx_word' id='word_1_45' title='bbox 1932 639 2023 692; x_wconf 92' lang='lat' dir='ltr'><strong>po-</strong></span> 
     </span>
    </p>
   </div>
   <div class='ocr_carea' id='block_1_9' title="bbox 454 712 2022 783">
    <p class='ocr_par' dir='ltr' id='par_1_9' title="bbox 454 712 2022 783">
     <span class='ocr_line' id='line_1_9' title="bbox 454 712 2022 783; baseline 0.001 -17"><span class='ocrx_word' id='word_1_46' title='bbox 454 715 639 781; x_wconf 87' lang='lat' dir='ltr'><strong>pulum</strong></span> <span class='ocrx_word' id='word_1_47' title='bbox 679 712 951 779; x_wconf 72' lang='lat' dir='ltr'><strong>intelligit,</strong></span> <span class='ocrx_word' id='word_1_48' title='bbox 989 713 1081 780; x_wconf 87' lang='lat' dir='ltr'><strong>qui</strong></span> <span class='ocrx_word' id='word_1_49' title='bbox 1108 713 1236 767; x_wconf 90' lang='lat' dir='ltr'><strong>licet</strong></span> <span class='ocrx_word' id='word_1_50' title='bbox 1259 712 1460 768; x_wconf 89' lang='lat' dir='ltr'><strong>Christi</strong></span> <span class='ocrx_word' id='word_1_51' title='bbox 1491 713 1630 783; x_wconf 70' lang='lat'><strong>(62),</strong></span> <span class='ocrx_word' id='word_1_52' title='bbox 1654 714 1757 770; x_wconf 89' lang='lat' dir='ltr'><strong>hoc</strong></span> <span class='ocrx_word' id='word_1_53' title='bbox 1777 713 2022 782; x_wconf 85' lang='lat' dir='ltr'><strong>est,Filii</strong></span> 
     </span>
    </p>
   </div>
   <div class='ocr_carea' id='block_1_10' title="bbox 454 801 2022 874">
    <p class='ocr_par' dir='ltr' id='par_1_10' title="bbox 454 801 2022 874">
     <span class='ocr_line' id='line_1_10' title="bbox 454 801 2022 874; baseline 0.003 -22"><span class='ocrx_word' id='word_1_54' title='bbox 454 801 685 870; x_wconf 88' lang='lat' dir='ltr'><strong>populus</strong></span> <span class='ocrx_word' id='word_1_55' title='bbox 710 803 1035 870; x_wconf 71' lang='lat' dir='ltr'><strong>appelletur,</strong></span> <span class='ocrx_word' id='word_1_56' title='bbox 1062 802 1266 856; x_wconf 90' lang='lat' dir='ltr'><strong>dicitur</strong></span> <span class='ocrx_word' id='word_1_57' title='bbox 1286 803 1454 857; x_wconf 77' lang='lat' dir='ltr'><strong>etiam</strong></span> <span class='ocrx_word' id='word_1_58' title='bbox 1480 812 1530 857; x_wconf 88' lang='lat' dir='ltr'><strong>et</strong></span> <span class='ocrx_word' id='word_1_59' title='bbox 1563 805 1737 858; x_wconf 70' lang='lat' dir='ltr'><strong>Patris</strong></span> <span class='ocrx_word' id='word_1_60' title='bbox 1786 803 2022 874; x_wconf 81' lang='lat' dir='ltr'><strong>(Omnia,</strong></span> 
     </span>
    </p>
   </div>
   <div class='ocr_carea' id='block_1_11' title="bbox 449 895 2025 965">
    <p class='ocr_par' dir='ltr' id='par_1_11' title="bbox 449 895 2025 965">
     <span class='ocr_line' id='line_1_11' title="bbox 449 895 2025 965; baseline 0.001 -19"><span class='ocrx_word' id='word_1_61' title='bbox 449 895 641 961; x_wconf 89' lang='lat' dir='ltr'><strong>inquit,</strong></span> <span class='ocrx_word' id='word_1_62' title='bbox 676 910 787 946; x_wconf 75' lang='lat' dir='ltr'><strong>mea</strong></span> <span class='ocrx_word' id='word_1_63' title='bbox 823 903 914 945; x_wconf 85' lang='lat' dir='ltr'><strong>tua</strong></span> <span class='ocrx_word' id='word_1_64' title='bbox 942 897 1161 964; x_wconf 77' lang='lat' dir='ltr'><strong>stml&#39;);</strong></span> <span class='ocrx_word' id='word_1_65' title='bbox 1202 910 1361 962; x_wconf 86' lang='lat' dir='ltr'><strong>quem</strong></span> <span class='ocrx_word' id='word_1_66' title='bbox 1398 896 1560 948; x_wconf 88' lang='lat' dir='ltr'><strong>etiam</strong></span> <span class='ocrx_word' id='word_1_67' title='bbox 1597 896 1855 965; x_wconf 84' lang='lat' dir='ltr'><strong>pepulttm</strong></span> <span class='ocrx_word' id='word_1_68' title='bbox 1918 895 2025 948; x_wconf 86' lang='lat' dir='ltr'><strong>alio</strong></span> 
     </span>
    </p>
   </div>
   <div class='ocr_carea' id='block_1_12' title="bbox 450 983 2026 1056">
    <p class='ocr_par' dir='ltr' id='par_1_12' title="bbox 450 983 2026 1056">
     <span class='ocr_line' id='line_1_12' title="bbox 450 983 2026 1056; baseline 0.001 -19"><span class='ocrx_word' id='word_1_69' title='bbox 450 983 668 1038; x_wconf 82' lang='lat' dir='ltr'><strong>nomine</strong></span> <span class='ocrx_word' id='word_1_70' title='bbox 704 985 938 1053; x_wconf 71' lang='grc' dir='ltr'><strong>εψννιιιη</strong></span> <span class='ocrx_word' id='word_1_71' title='bbox 963 1025 977 1048; x_wconf 91' lang='grc'><strong>,</strong></span> <span class='ocrx_word' id='word_1_72' title='bbox 1033 1002 1283 1054; x_wconf 80' lang='lat' dir='ltr'><strong>pauperes</strong></span> <span class='ocrx_word' id='word_1_73' title='bbox 1331 986 1458 1051; x_wconf 89' lang='lat' dir='ltr'><strong>Dei,</strong></span> <span class='ocrx_word' id='word_1_74' title='bbox 1487 990 1611 1056; x_wconf 89' lang='lat' dir='ltr'><strong>quia</strong></span> <span class='ocrx_word' id='word_1_75' title='bbox 1653 987 1837 1041; x_wconf 73' lang='lat' dir='ltr'><strong>fideles</strong></span> <span class='ocrx_word' id='word_1_76' title='bbox 1874 988 2026 1050; x_wconf 87' lang='lat' dir='ltr'><strong>veri,</strong></span> 
     </span>
    </p>
   </div>
   <div class='ocr_carea' id='block_1_13' title="bbox 446 1077 2017 1149">
    <p class='ocr_par' dir='ltr' id='par_1_13' title="bbox 446 1077 2017 1149">
     <span class='ocr_line' id='line_1_13' title="bbox 446 1077 2017 1149; baseline 0.003 -23"><span class='ocrx_word' id='word_1_77' title='bbox 446 1092 635 1131; x_wconf 70' lang='lat' dir='ltr'><strong>mattes</strong></span> <span class='ocrx_word' id='word_1_78' title='bbox 674 1087 893 1145; x_wconf 78' lang='lat' dir='ltr'><strong>propter</strong></span> <span class='ocrx_word' id='word_1_79' title='bbox 925 1077 1091 1130; x_wconf 83' lang='lat' dir='ltr'><strong>Deum</strong></span> <span class='ocrx_word' id='word_1_80' title='bbox 1131 1094 1400 1147; x_wconf 79' lang='lat' dir='ltr'><strong>pauperes</strong></span> <span class='ocrx_word' id='word_1_81' title='bbox 1443 1077 1573 1131; x_wconf 77' lang='lat' dir='ltr'><strong>laeti</strong></span> <span class='ocrx_word' id='word_1_82' title='bbox 1611 1087 1759 1134; x_wconf 88' lang='lat' dir='ltr'><strong>sunt.</strong></span> <span class='ocrx_word' id='word_1_83' title='bbox 1794 1077 1898 1132; x_wconf 83' lang='lat' dir='ltr'><strong>Per</strong></span> <span class='ocrx_word' id='word_1_84' title='bbox 1927 1078 2017 1149; x_wconf 87' lang='lat' dir='ltr'><strong>ju-</strong></span> 
     </span>
    </p>
   </div>
   <div class='ocr_carea' id='block_1_14' title="bbox 449 1168 2022 1239">
    <p class='ocr_par' dir='ltr' id='par_1_14' title="bbox 449 1168 2022 1239">
     <span class='ocr_line' id='line_1_14' title="bbox 449 1168 2022 1239; baseline 0.003 -19"><span class='ocrx_word' id='word_1_85' title='bbox 449 1169 519 1220; x_wconf 87' lang='lat' dir='ltr'><strong>si</strong></span> <span class='ocrx_word' id='word_1_86' title='bbox 551 1168 654 1222; x_wconf 81' lang='lat' dir='ltr'><strong>inn</strong></span> <span class='ocrx_word' id='word_1_87' title='bbox 701 1182 887 1221; x_wconf 85' lang='lat' dir='ltr'><strong>autem</strong></span> <span class='ocrx_word' id='word_1_88' title='bbox 941 1168 1030 1223; x_wconf 87' lang='lat' dir='ltr'><strong>Dei</strong></span> <span class='ocrx_word' id='word_1_89' title='bbox 1057 1210 1069 1230; x_wconf 91' lang='lat'><strong>,</strong></span> <span class='ocrx_word' id='word_1_90' title='bbox 1105 1169 1350 1224; x_wconf 81' lang='lat' dir='ltr'><strong>futurum</strong></span> <span class='ocrx_word' id='word_1_91' title='bbox 1393 1171 1659 1239; x_wconf 86' lang='lat' dir='ltr'><strong>judicium</strong></span> <span class='ocrx_word' id='word_1_92' title='bbox 1705 1171 1976 1239; x_wconf 81' lang='lat' dir='ltr'><strong>intelliges</strong></span> <span class='ocrx_word' id='word_1_93' title='bbox 2007 1209 2022 1234; x_wconf 91' lang='lat'><strong>,</strong></span> 
     </span>
    </p>
   </div>
   <div class='ocr_carea' id='block_1_15' title="bbox 450 1263 2028 1336">
    <p class='ocr_par' dir='ltr' id='par_1_15' title="bbox 450 1263 2028 1336">
     <span class='ocr_line' id='line_1_15' title="bbox 450 1263 2028 1336; baseline 0.006 -26"><span class='ocrx_word' id='word_1_94' title='bbox 450 1264 504 1314; x_wconf 85' lang='lat' dir='ltr'><strong>in</strong></span> <span class='ocrx_word' id='word_1_95' title='bbox 539 1279 648 1330; x_wconf 84' lang='lat' dir='ltr'><strong>quo</strong></span> <span class='ocrx_word' id='word_1_96' title='bbox 675 1263 972 1333; x_wconf 83' lang='lat' dir='ltr'><strong>unicuique</strong></span> <span class='ocrx_word' id='word_1_97' title='bbox 997 1266 1267 1336; x_wconf 89' lang='lat' dir='ltr'><strong>condigna</strong></span> <span class='ocrx_word' id='word_1_98' title='bbox 1306 1265 1449 1321; x_wconf 87' lang='lat' dir='ltr'><strong>Deus</strong></span> <span class='ocrx_word' id='word_1_99' title='bbox 1494 1281 1593 1334; x_wconf 90' lang='lat' dir='ltr'><strong>pro</strong></span> <span class='ocrx_word' id='word_1_100' title='bbox 1643 1267 1854 1319; x_wconf 90' lang='lat' dir='ltr'><strong>meritis</strong></span> <span class='ocrx_word' id='word_1_101' title='bbox 1907 1265 2028 1320; x_wconf 88' lang='lat' dir='ltr'><strong>red-</strong></span> 
     </span>
    </p>
   </div>
   <div class='ocr_carea' id='block_1_16' title="bbox 447 1355 2027 1429">
    <p class='ocr_par' dir='ltr' id='par_1_16' title="bbox 447 1355 2027 1429">
     <span class='ocr_line' id='line_1_16' title="bbox 447 1355 2027 1429; baseline 0.004 -22"><span class='ocrx_word' id='word_1_102' title='bbox 447 1355 538 1408; x_wconf 83' lang='lat' dir='ltr'><strong>det</strong></span> <span class='ocrx_word' id='word_1_103' title='bbox 577 1374 589 1410; x_wconf 95' lang='lat'>:</span> <span class='ocrx_word' id='word_1_104' title='bbox 627 1357 768 1426; x_wconf 89' lang='lat' dir='ltr'><strong>quod</strong></span> <span class='ocrx_word' id='word_1_105' title='bbox 797 1358 959 1424; x_wconf 85' lang='lat' dir='ltr'><strong>paulo</strong></span> <span class='ocrx_word' id='word_1_106' title='bbox 989 1367 1111 1426; x_wconf 89' lang='lat' dir='ltr'><strong>post</strong></span> <span class='ocrx_word' id='word_1_107' title='bbox 1147 1361 1320 1429; x_wconf 88' lang='lat' dir='ltr'><strong>magis</strong></span> <span class='ocrx_word' id='word_1_108' title='bbox 1365 1359 1607 1414; x_wconf 89' lang='lat' dir='ltr'><strong>declarat</strong></span> <span class='ocrx_word' id='word_1_109' title='bbox 1631 1401 1644 1423; x_wconf 91' lang='lat'><strong>,</strong></span> <span class='ocrx_word' id='word_1_110' title='bbox 1694 1359 1887 1416; x_wconf 90' lang='lat' dir='ltr'><strong>dicens.</strong></span> <span class='ocrx_word' id='word_1_111' title='bbox 1919 1379 1932 1415; x_wconf 89' lang='lat'><strong>:</strong></span> <span class='ocrx_word' id='word_1_112' title='bbox 1972 1361 2027 1414; x_wconf 86' lang='lat' dir='ltr'><strong>in</strong></span> 
     </span>
    </p>
   </div>
   <div class='ocr_carea' id='block_1_17' title="bbox 449 1448 2027 1519">
    <p class='ocr_par' dir='ltr' id='par_1_17' title="bbox 449 1448 2027 1519">
     <span class='ocr_line' id='line_1_17' title="bbox 449 1448 2027 1519; baseline 0.004 -21"><span class='ocrx_word' id='word_1_113' title='bbox 449 1448 687 1511; x_wconf 84' lang='lat' dir='ltr'><strong>iudicio;</strong></span> <span class='ocrx_word' id='word_1_114' title='bbox 717 1461 774 1504; x_wconf 91' lang='lat' dir='ltr'><strong>ut</strong></span> <span class='ocrx_word' id='word_1_115' title='bbox 807 1450 1018 1519; x_wconf 86' lang='lat' dir='ltr'><strong>judicet</strong></span> <span class='ocrx_word' id='word_1_116' title='bbox 1047 1457 1228 1510; x_wconf 79' lang='lat' dir='ltr'><strong>autem</strong></span> <span class='ocrx_word' id='word_1_117' title='bbox 1269 1465 1363 1505; x_wconf 90' lang='lat' dir='ltr'><strong>eos</strong></span> <span class='ocrx_word' id='word_1_118' title='bbox 1386 1493 1400 1517; x_wconf 91' lang='lat'><strong>,</strong></span> <span class='ocrx_word' id='word_1_119' title='bbox 1435 1466 1556 1505; x_wconf 81' lang='lat' dir='ltr'><strong>eum</strong></span> <span class='ocrx_word' id='word_1_120' title='bbox 1609 1450 1828 1509; x_wconf 86' lang='lat' dir='ltr'><strong>diabolo</strong></span> <span class='ocrx_word' id='word_1_121' title='bbox 1862 1452 2027 1505; x_wconf 91' lang='lat' dir='ltr'><strong>nimi-</strong></span> 
     </span>
    </p>
   </div>
   <div class='ocr_carea' id='block_1_18' title="bbox 451 1541 2024 1613">
    <p class='ocr_par' dir='ltr' id='par_1_18' title="bbox 451 1541 2024 1613">
     <span class='ocr_line' id='line_1_18' title="bbox 451 1541 2024 1613; baseline 0.004 -21"><span class='ocrx_word' id='word_1_122' title='bbox 451 1557 594 1607; x_wconf 85' lang='lat' dir='ltr'><strong>rum,</strong></span> <span class='ocrx_word' id='word_1_123' title='bbox 623 1555 671 1596; x_wconf 90' lang='lat' dir='ltr'><strong>et</strong></span> <span class='ocrx_word' id='word_1_124' title='bbox 701 1557 826 1596; x_wconf 90' lang='lat' dir='ltr'><strong>cum</strong></span> <span class='ocrx_word' id='word_1_125' title='bbox 864 1541 1089 1607; x_wconf 70' lang='lat' dir='ltr'><strong>Judzeis,</strong></span> <span class='ocrx_word' id='word_1_126' title='bbox 1122 1554 1286 1613; x_wconf 87' lang='lat' dir='ltr'><strong>atque</strong></span> <span class='ocrx_word' id='word_1_127' title='bbox 1311 1545 1432 1600; x_wconf 88' lang='lat' dir='ltr'><strong>aliis</strong></span> <span class='ocrx_word' id='word_1_128' title='bbox 1461 1545 1586 1601; x_wconf 84' lang='lat' dir='ltr'><strong>ﬁdei</strong></span> <span class='ocrx_word' id='word_1_129' title='bbox 1627 1545 1886 1601; x_wconf 85' lang='lat' dir='ltr'><strong>inimicis.</strong></span> <span class='ocrx_word' id='word_1_130' title='bbox 1919 1544 2024 1598; x_wconf 81' lang='lat' dir='ltr'><strong>Alii</strong></span> 
     </span>
    </p>
   </div>
   <div class='ocr_carea' id='block_1_19' title="bbox 451 1632 2026 1707">
    <p class='ocr_par' dir='ltr' id='par_1_19' title="bbox 451 1632 2026 1707">
     <span class='ocr_line' id='line_1_19' title="bbox 451 1632 2026 1707; baseline 0.003 -23"><span class='ocrx_word' id='word_1_131' title='bbox 451 1650 545 1695; x_wconf 84' lang='lat' dir='ltr'><strong>per</strong></span> <span class='ocrx_word' id='word_1_132' title='bbox 577 1633 855 1701; x_wconf 87' lang='lat' dir='ltr'><strong>populum,</strong></span> <span class='ocrx_word' id='word_1_133' title='bbox 892 1632 1181 1690; x_wconf 73' lang='lat' dir='ltr'><strong>Iudaicum</strong></span> <span class='ocrx_word' id='word_1_134' title='bbox 1218 1635 1570 1707; x_wconf 88' lang='lat' dir='ltr'><strong>intelligunt,</strong></span> <span class='ocrx_word' id='word_1_135' title='bbox 1615 1637 1711 1706; x_wconf 89' lang='lat' dir='ltr'><strong>qui</strong></span> <span class='ocrx_word' id='word_1_136' title='bbox 1759 1636 1886 1689; x_wconf 90' lang='lat' dir='ltr'><strong>olim</strong></span> <span class='ocrx_word' id='word_1_137' title='bbox 1915 1635 2026 1689; x_wconf 89' lang='lat' dir='ltr'><strong>‘Dei</strong></span> 
     </span>
    </p>
   </div>
   <div class='ocr_carea' id='block_1_20' title="bbox 2129 439 3678 507">
    <p class='ocr_par' dir='ltr' id='par_1_20' title="bbox 2129 439 3678 507">
     <span class='ocr_line' id='line_1_20' title="bbox 2129 439 3678 507; baseline 0.002 -15"><span class='ocrx_word' id='word_1_138' title='bbox 2129 439 2406 506; x_wconf 77' lang='grc' dir='ltr'>πτωχούς</span> <span class='ocrx_word' id='word_1_139' title='bbox 2435 454 2550 492; x_wconf 87' lang='grc' dir='ltr'><strong>σου</strong></span> <span class='ocrx_word' id='word_1_140' title='bbox 2571 440 2640 492; x_wconf 73' lang='grc' dir='ltr'><strong>ἐν</strong></span> <span class='ocrx_word' id='word_1_141' title='bbox 2665 439 2880 507; x_wconf 78' lang='grc' dir='ltr'>κρίσει.</span> <span class='ocrx_word' id='word_1_142' title='bbox 2913 440 3086 493; x_wconf 87' lang='grc' dir='ltr'>Τοῦτο</span> <span class='ocrx_word' id='word_1_143' title='bbox 3143 441 3292 493; x_wconf 80' lang='grc' dir='ltr'>αἰτία</span> <span class='ocrx_word' id='word_1_144' title='bbox 3341 441 3453 493; x_wconf 69' lang='grc' dir='ltr'>ἐστὶ</span> <span class='ocrx_word' id='word_1_145' title='bbox 3487 441 3577 503; x_wconf 79' lang='grc' dir='ltr'>τῆς</span> <span class='ocrx_word' id='word_1_146' title='bbox 3602 445 3678 495; x_wconf 84' lang='grc' dir='ltr'>εύ-</span> 
     </span>
    </p>
   </div>
   <div class='ocr_carea' id='block_1_21' title="bbox 2128 532 3678 604">
    <p class='ocr_par' dir='ltr' id='par_1_21' title="bbox 2128 532 3678 604">
     <span class='ocr_line' id='line_1_21' title="bbox 2128 532 3678 604; baseline 0.005 -25"><span class='ocrx_word' id='word_1_147' title='bbox 2128 533 2226 600; x_wconf 80' lang='grc' dir='ltr'>χῆς</span> <span class='ocrx_word' id='word_1_148' title='bbox 2268 547 2283 561; x_wconf 91' lang='grc'><strong>·</strong></span> <span class='ocrx_word' id='word_1_149' title='bbox 2319 532 2436 585; x_wconf 85' lang='grc' dir='ltr'><strong>Ἵνα</strong></span> <span class='ocrx_word' id='word_1_150' title='bbox 2498 532 2696 602; x_wconf 78' lang='grc' dir='ltr'>κρίνῃ,</span> <span class='ocrx_word' id='word_1_151' title='bbox 2729 532 2864 601; x_wconf 80' lang='grc' dir='ltr'>φησί</span> <span class='ocrx_word' id='word_1_152' title='bbox 2907 552 2917 562; x_wconf 92' lang='grc'>·</span> <span class='ocrx_word' id='word_1_153' title='bbox 2955 532 3084 585; x_wconf 73' lang='grc' dir='ltr'>λαδν</span> <span class='ocrx_word' id='word_1_154' title='bbox 3134 533 3189 584; x_wconf 81' lang='grc' dir='ltr'><strong>δὲ</strong></span> <span class='ocrx_word' id='word_1_155' title='bbox 3220 532 3369 599; x_wconf 87' lang='grc' dir='ltr'>λέγει</span> <span class='ocrx_word' id='word_1_156' title='bbox 3411 535 3527 596; x_wconf 76' lang='grc' dir='ltr'>τοὺς</span> <span class='ocrx_word' id='word_1_157' title='bbox 3559 535 3678 604; x_wconf 68' lang='grc' dir='ltr'>Χριει</span> 
     </span>
    </p>
   </div>
   <div class='ocr_carea' id='block_1_22' title="bbox 2130 624 3682 695">
    <p class='ocr_par' dir='ltr' id='par_1_22' title="bbox 2130 624 3682 695">
     <span class='ocr_line' id='line_1_22' title="bbox 2130 624 3682 695; baseline 0.003 -21"><span class='ocrx_word' id='word_1_158' title='bbox 2130 624 2399 687; x_wconf 84' lang='grc' dir='ltr'>στιανούς.</span> <span class='ocrx_word' id='word_1_159' title='bbox 2455 625 2511 676; x_wconf 85' lang='grc' dir='ltr'><strong>Ὀ</strong></span> <span class='ocrx_word' id='word_1_160' title='bbox 2547 624 2655 693; x_wconf 74' lang='grc' dir='ltr'><strong>γὰρ</strong></span> <span class='ocrx_word' id='word_1_161' title='bbox 2710 624 2802 676; x_wconf 89' lang='grc' dir='ltr'><strong>τοῦ</strong></span> <span class='ocrx_word' id='word_1_162' title='bbox 2858 624 2978 676; x_wconf 73' lang='grc' dir='ltr'><strong>Υἰοῦ</strong></span> <span class='ocrx_word' id='word_1_163' title='bbox 3036 625 3164 686; x_wconf 74' lang='grc' dir='ltr'>λαὸς</span> <span class='ocrx_word' id='word_1_164' title='bbox 3221 625 3316 678; x_wconf 67' lang='grc' dir='ltr'><strong>καὶ</strong></span> <span class='ocrx_word' id='word_1_165' title='bbox 3367 626 3458 676; x_wconf 85' lang='grc' dir='ltr'><strong>τοῦ</strong></span> <span class='ocrx_word' id='word_1_166' title='bbox 3491 627 3682 695; x_wconf 82' lang='grc' dir='ltr'><strong>Πατρός</strong></span> 
     </span>
    </p>
   </div>
   <div class='ocr_carea' id='block_1_23' title="bbox 2127 715 3683 786">
    <p class='ocr_par' dir='ltr' id='par_1_23' title="bbox 2127 715 3683 786">
     <span class='ocr_line' id='line_1_23' title="bbox 2127 715 3683 786; baseline 0.002 -21"><span class='ocrx_word' id='word_1_167' title='bbox 2127 715 2266 767; x_wconf 81' lang='grc' dir='ltr'>ἐστι.</span> <span class='ocrx_word' id='word_1_168' title='bbox 2302 715 2440 777; x_wconf 80' lang='grc' dir='ltr'>Τοὺς</span> <span class='ocrx_word' id='word_1_169' title='bbox 2473 715 2670 776; x_wconf 80' lang='grc' dir='ltr'>αὐτοὺς</span> <span class='ocrx_word' id='word_1_170' title='bbox 2701 715 2758 766; x_wconf 84' lang='grc' dir='ltr'>δὲ</span> <span class='ocrx_word' id='word_1_171' title='bbox 2826 715 2984 771; x_wconf 82' lang='grc' dir='ltr'>καλεῖ</span> <span class='ocrx_word' id='word_1_172' title='bbox 3016 718 3110 768; x_wconf 69' lang='grc' dir='ltr'><strong>καὶ</strong></span> <span class='ocrx_word' id='word_1_173' title='bbox 3135 717 3385 786; x_wconf 82' lang='grc' dir='ltr'>πτωχοὺς</span> <span class='ocrx_word' id='word_1_174' title='bbox 3429 715 3517 767; x_wconf 83' lang='grc' dir='ltr'><strong>τοῦ</strong></span> <span class='ocrx_word' id='word_1_175' title='bbox 3538 715 3683 781; x_wconf 83' lang='grc' dir='ltr'>Θεοῦ,</span> 
     </span>
    </p>
   </div>
   <div class='ocr_carea' id='block_1_24' title="bbox 2129 806 3684 877">
    <p class='ocr_par' dir='ltr' id='par_1_24' title="bbox 2129 806 3684 877">
     <span class='ocr_line' id='line_1_24' title="bbox 2129 806 3684 877; baseline -0.001 -18"><span class='ocrx_word' id='word_1_176' title='bbox 2129 809 2204 870; x_wconf 81' lang='grc' dir='ltr'>ὡς</span> <span class='ocrx_word' id='word_1_177' title='bbox 2252 807 2341 860; x_wconf 79' lang='grc' dir='ltr'>διὰ</span> <span class='ocrx_word' id='word_1_178' title='bbox 2370 807 2502 860; x_wconf 76' lang='grc' dir='ltr'>Θεὸν</span> <span class='ocrx_word' id='word_1_179' title='bbox 2536 806 2989 876; x_wconf 80' lang='grc' dir='ltr'>πτωχεύσαντας.</span> <span class='ocrx_word' id='word_1_180' title='bbox 3041 806 3404 877; x_wconf 78' lang='grc' dir='ltr'><strong>Δικαιοσύνην</strong></span> <span class='ocrx_word' id='word_1_181' title='bbox 3454 806 3508 860; x_wconf 83' lang='grc' dir='ltr'><strong>δὲ</strong></span> <span class='ocrx_word' id='word_1_182' title='bbox 3561 806 3684 861; x_wconf 84' lang='grc' dir='ltr'>Θεοῦ</span> 
     </span>
    </p>
   </div>
   <div class='ocr_carea' id='block_1_25' title="bbox 2129 893 3691 971">
    <p class='ocr_par' dir='ltr' id='par_1_25' title="bbox 2129 893 3691 971">
     <span class='ocr_line' id='line_1_25' title="bbox 2129 893 3691 971; baseline -0.001 -21"><span class='ocrx_word' id='word_1_183' title='bbox 2129 901 2346 969; x_wconf 77' lang='grc' dir='ltr'><strong>νοήσεις</strong></span> <span class='ocrx_word' id='word_1_184' title='bbox 2392 900 2492 969; x_wconf 77' lang='grc' dir='ltr'><strong>τὴν</strong></span> <span class='ocrx_word' id='word_1_185' title='bbox 2526 899 2826 970; x_wconf 85' lang='grc' dir='ltr'>μέλλουσαν</span> <span class='ocrx_word' id='word_1_186' title='bbox 2846 899 3048 968; x_wconf 90' lang='grc' dir='ltr'>κρίσιν,</span> <span class='ocrx_word' id='word_1_187' title='bbox 3070 899 3126 950; x_wconf 84' lang='grc' dir='ltr'><strong>ὲν</strong></span> <span class='ocrx_word' id='word_1_188' title='bbox 3208 896 3691 967; x_wconf 76' lang='grc' dir='ltr'>ἀποδώσειέκάστῳ</span> 
     </span>
    </p>
   </div>
   <div class='ocr_carea' id='block_1_26' title="bbox 2129 990 3691 1063">
    <p class='ocr_par' dir='ltr' id='par_1_26' title="bbox 2129 990 3691 1063">
     <span class='ocr_line' id='line_1_26' title="bbox 2129 990 3691 1063; baseline -0.002 -19"><span class='ocrx_word' id='word_1_189' title='bbox 2129 992 2196 1044; x_wconf 66' lang='grc' dir='ltr'><strong>τὰ</strong></span> <span class='ocrx_word' id='word_1_190' title='bbox 2225 993 2359 1063; x_wconf 82' lang='grc' dir='ltr'>πρὸς</span> <span class='ocrx_word' id='word_1_191' title='bbox 2388 992 2565 1052; x_wconf 79' lang='grc' dir='ltr'>ἀξίαν.</span> <span class='ocrx_word' id='word_1_192' title='bbox 2613 993 2697 1057; x_wconf 86' lang='grc' dir='ltr'>Ὀ,</span> <span class='ocrx_word' id='word_1_193' title='bbox 2730 993 2824 1044; x_wconf 78' lang='grc' dir='ltr'>καὶ</span> <span class='ocrx_word' id='word_1_194' title='bbox 2879 990 3110 1061; x_wconf 87' lang='grc' dir='ltr'>προῖὼν,</span> <span class='ocrx_word' id='word_1_195' title='bbox 3141 990 3430 1059; x_wconf 78' lang='grc' dir='ltr'>ἐδήλωσεν,</span> <span class='ocrx_word' id='word_1_196' title='bbox 3484 992 3691 1057; x_wconf 75' lang='grc' dir='ltr'>ἐπάγων</span> 
     </span>
    </p>
   </div>
   <div class='ocr_carea' id='block_1_27' title="bbox 2130 1080 3696 1153">
    <p class='ocr_par' dir='ltr' id='par_1_27' title="bbox 2130 1080 3696 1153">
     <span class='ocr_line' id='line_1_27' title="bbox 2130 1080 3696 1153; baseline -0.004 -16"><span class='ocrx_word' id='word_1_197' title='bbox 2130 1084 2210 1148; x_wconf 80' lang='grc' dir='ltr'><strong>τὸ,</strong></span> <span class='ocrx_word' id='word_1_198' title='bbox 2238 1084 2305 1136; x_wconf 80' lang='grc' dir='ltr'><strong>ἐν</strong></span> <span class='ocrx_word' id='word_1_199' title='bbox 2356 1084 2553 1150; x_wconf 79' lang='grc' dir='ltr'>κρίσεῖ</span> <span class='ocrx_word' id='word_1_200' title='bbox 2575 1100 2588 1113; x_wconf 92' lang='grc'><strong>·</strong></span> <span class='ocrx_word' id='word_1_201' title='bbox 2631 1084 2834 1153; x_wconf 89' lang='grc' dir='ltr'>κρίνειν</span> <span class='ocrx_word' id='word_1_202' title='bbox 2869 1083 2930 1135; x_wconf 81' lang='grc' dir='ltr'>δὲ</span> <span class='ocrx_word' id='word_1_203' title='bbox 2992 1083 3190 1145; x_wconf 73' lang='grc' dir='ltr'>αὐτοὺς</span> <span class='ocrx_word' id='word_1_204' title='bbox 3224 1083 3364 1152; x_wconf 85' lang='grc' dir='ltr'>μετά</span> <span class='ocrx_word' id='word_1_205' title='bbox 3385 1098 3442 1134; x_wconf 88' lang='grc' dir='ltr'><strong>τε</strong></span> <span class='ocrx_word' id='word_1_206' title='bbox 3468 1080 3558 1133; x_wconf 85' lang='grc' dir='ltr'><strong>τοῦ</strong></span> <span class='ocrx_word' id='word_1_207' title='bbox 3584 1081 3696 1132; x_wconf 60' lang='grc' dir='ltr'>διαε</span> 
     </span>
    </p>
   </div>
   <div class='ocr_carea' id='block_1_28' title="bbox 2132 1172 3695 1242">
    <p class='ocr_par' dir='ltr' id='par_1_28' title="bbox 2132 1172 3695 1242">
     <span class='ocr_line' id='line_1_28' title="bbox 2132 1172 3695 1242; baseline -0.004 -14"><span class='ocrx_word' id='word_1_208' title='bbox 2132 1177 2290 1230; x_wconf 83' lang='grc' dir='ltr'>ϐόλον</span> <span class='ocrx_word' id='word_1_209' title='bbox 2335 1179 2433 1231; x_wconf 77' lang='grc' dir='ltr'>καὶ</span> <span class='ocrx_word' id='word_1_210' title='bbox 2480 1177 2589 1230; x_wconf 83' lang='grc' dir='ltr'><strong>τῶν</strong></span> <span class='ocrx_word' id='word_1_211' title='bbox 2633 1177 2930 1240; x_wconf 78' lang='grc' dir='ltr'><strong>Ἰουδαίων,</strong></span> <span class='ocrx_word' id='word_1_212' title='bbox 2980 1177 3075 1229; x_wconf 79' lang='grc' dir='ltr'>καὶ</span> <span class='ocrx_word' id='word_1_213' title='bbox 3123 1176 3232 1229; x_wconf 84' lang='grc' dir='ltr'><strong>τῶν</strong></span> <span class='ocrx_word' id='word_1_214' title='bbox 3263 1175 3440 1233; x_wconf 76' lang='grc' dir='ltr'>ἄλλων</span> <span class='ocrx_word' id='word_1_215' title='bbox 3497 1172 3695 1242; x_wconf 72' lang='grc' dir='ltr'>ἐχθρῶν</span> 
     </span>
    </p>
   </div>
   <div class='ocr_carea' id='block_1_29' title="bbox 2131 1264 3694 1336">
    <p class='ocr_par' dir='ltr' id='par_1_29' title="bbox 2131 1264 3694 1336">
     <span class='ocr_line' id='line_1_29' title="bbox 2131 1264 3694 1336; baseline -0.005 -14"><span class='ocrx_word' id='word_1_216' title='bbox 2131 1271 2239 1335; x_wconf 81' lang='grc' dir='ltr'>τῆς</span> <span class='ocrx_word' id='word_1_217' title='bbox 2270 1269 2530 1332; x_wconf 87' lang='grc' dir='ltr'>πίστεως.</span> <span class='ocrx_word' id='word_1_218' title='bbox 2569 1269 2754 1321; x_wconf 82' lang='grc' dir='ltr'>Ἀλλοι</span> <span class='ocrx_word' id='word_1_219' title='bbox 2801 1268 2857 1321; x_wconf 91' lang='grc' dir='ltr'><strong>δέ</strong></span> <span class='ocrx_word' id='word_1_220' title='bbox 2890 1284 3024 1336; x_wconf 67' lang='grc' dir='ltr'>φασι</span> <span class='ocrx_word' id='word_1_221' title='bbox 3057 1267 3186 1322; x_wconf 79' lang='grc' dir='ltr'>λαὸν</span> <span class='ocrx_word' id='word_1_222' title='bbox 3223 1264 3322 1336; x_wconf 83' lang='grc' dir='ltr'>μὲν</span> <span class='ocrx_word' id='word_1_223' title='bbox 3353 1265 3443 1317; x_wconf 79' lang='grc' dir='ltr'>τὸν</span> <span class='ocrx_word' id='word_1_224' title='bbox 3485 1264 3694 1322; x_wconf 70' lang='grc' dir='ltr'>Ἰουδαῖ-</span> 
     </span>
    </p>
   </div>
   <div class='ocr_carea' id='block_1_30' title="bbox 2133 1355 3698 1428">
    <p class='ocr_par' dir='ltr' id='par_1_30' title="bbox 2133 1355 3698 1428">
     <span class='ocr_line' id='line_1_30' title="bbox 2133 1355 3698 1428; baseline -0.005 -15"><span class='ocrx_word' id='word_1_225' title='bbox 2133 1362 2251 1424; x_wconf 82' lang='grc' dir='ltr'>κδν,</span> <span class='ocrx_word' id='word_1_226' title='bbox 2282 1361 2375 1414; x_wconf 84' lang='grc' dir='ltr'><strong>τόν</strong></span> <span class='ocrx_word' id='word_1_227' title='bbox 2409 1377 2536 1414; x_wconf 86' lang='grc' dir='ltr'>ποτε</span> <span class='ocrx_word' id='word_1_228' title='bbox 2563 1361 2656 1414; x_wconf 88' lang='grc' dir='ltr'><strong>τοῦ</strong></span> <span class='ocrx_word' id='word_1_229' title='bbox 2693 1359 2828 1414; x_wconf 88' lang='grc' dir='ltr'>Θεοῦ</span> <span class='ocrx_word' id='word_1_230' title='bbox 2869 1361 3033 1413; x_wconf 78' lang='grc' dir='ltr'>ὅντα·</span> <span class='ocrx_word' id='word_1_231' title='bbox 3070 1359 3287 1428; x_wconf 75' lang='grc' dir='ltr'>πτωχὸν</span> <span class='ocrx_word' id='word_1_232' title='bbox 3317 1357 3396 1421; x_wconf 72' lang='grc' dir='ltr'>δὲ,</span> <span class='ocrx_word' id='word_1_233' title='bbox 3455 1356 3560 1426; x_wconf 39' lang='grc' dir='ltr'>τὸν.</span> <span class='ocrx_word' id='word_1_234' title='bbox 3585 1355 3698 1406; x_wconf 89' lang='grc' dir='ltr'>νέον</span> 
     </span>
    </p>
   </div>
   <div class='ocr_carea' id='block_1_31' title="bbox 2131 1448 3700 1522">
    <p class='ocr_par' dir='ltr' id='par_1_31' title="bbox 2131 1448 3700 1522">
     <span class='ocr_line' id='line_1_31' title="bbox 2131 1448 3700 1522; baseline -0.004 -17"><span class='ocrx_word' id='word_1_235' title='bbox 2131 1453 2258 1506; x_wconf 77' lang='grc' dir='ltr'>λαὸν</span> <span class='ocrx_word' id='word_1_236' title='bbox 2287 1453 2377 1513; x_wconf 73' lang='grc' dir='ltr'><strong>τὸν</strong></span> <span class='ocrx_word' id='word_1_237' title='bbox 2405 1455 2464 1518; x_wconf 81' lang='grc' dir='ltr'><strong>ἐξ</strong></span> <span class='ocrx_word' id='word_1_238' title='bbox 2499 1453 2688 1507; x_wconf 73' lang='grc' dir='ltr'>ἐθνῶν.</span> <span class='ocrx_word' id='word_1_239' title='bbox 2725 1454 2863 1522; x_wconf 70' lang='grc' dir='ltr'>Περὶ</span> <span class='ocrx_word' id='word_1_240' title='bbox 2893 1452 2950 1506; x_wconf 81' lang='grc' dir='ltr'>δὲ</span> <span class='ocrx_word' id='word_1_241' title='bbox 2979 1451 3258 1520; x_wconf 76' lang='grc' dir='ltr'><strong>πτωχείας</strong></span> <span class='ocrx_word' id='word_1_242' title='bbox 3292 1448 3456 1502; x_wconf 73' lang='grc' dir='ltr'>αὐτοῦ</span> <span class='ocrx_word' id='word_1_243' title='bbox 3483 1449 3700 1516; x_wconf 72' lang='grc' dir='ltr'>εἰρήκα-</span> 
     </span>
    </p>
   </div>
   <div class='ocr_carea' id='block_1_32' title="bbox 2135 1539 3703 1616">
    <p class='ocr_par' dir='ltr' id='par_1_32' title="bbox 2135 1539 3703 1616">
     <span class='ocr_line' id='line_1_32' title="bbox 2135 1539 3703 1616; baseline -0.004 -19"><span class='ocrx_word' id='word_1_244' title='bbox 2135 1560 2236 1613; x_wconf 85' lang='grc' dir='ltr'><strong>μεν</strong></span> <span class='ocrx_word' id='word_1_245' title='bbox 2267 1547 2324 1598; x_wconf 79' lang='grc' dir='ltr'>ὲν</span> <span class='ocrx_word' id='word_1_246' title='bbox 2349 1546 2426 1616; x_wconf 79' lang='grc' dir='ltr'>τῷ</span> <span class='ocrx_word' id='word_1_247' title='bbox 2457 1544 2504 1599; x_wconf 87' lang='grc' dir='ltr'>θ’</span> <span class='ocrx_word' id='word_1_248' title='bbox 2535 1546 2630 1598; x_wconf 71' lang='grc' dir='ltr'><strong>καὶ</strong></span> <span class='ocrx_word' id='word_1_249' title='bbox 2663 1542 2732 1597; x_wconf 79' lang='grc' dir='ltr'>ια’</span> <span class='ocrx_word' id='word_1_250' title='bbox 2773 1542 2997 1614; x_wconf 74' lang='grc' dir='ltr'>ψαλμῷ.</span> <span class='ocrx_word' id='word_1_251' title='bbox 3025 1543 3249 1613; x_wconf 84' lang='grc' dir='ltr'>Κρίνειν</span> <span class='ocrx_word' id='word_1_252' title='bbox 3279 1542 3336 1594; x_wconf 84' lang='grc' dir='ltr'>δὲ</span> <span class='ocrx_word' id='word_1_253' title='bbox 3360 1541 3578 1602; x_wconf 75' lang='grc' dir='ltr'>αὐτοὺς,</span> <span class='ocrx_word' id='word_1_254' title='bbox 3613 1539 3703 1598; x_wconf 64' lang='grc' dir='ltr'>καὶ</span> 
     </span>
    </p>
   </div>
   <div class='ocr_carea' id='block_1_33' title="bbox 2129 1629 3697 1707">
    <p class='ocr_par' dir='ltr' id='par_1_33' title="bbox 2129 1629 3697 1707">
     <span class='ocr_line' id='line_1_33' title="bbox 2129 1629 3697 1707; baseline -0.008 -15"><span class='ocrx_word' id='word_1_255' title='bbox 2129 1637 2258 1701; x_wconf 80' lang='grc' dir='ltr'>τοὺς</span> <span class='ocrx_word' id='word_1_256' title='bbox 2294 1636 2394 1707; x_wconf 81' lang='grc' dir='ltr'>μὲν</span> <span class='ocrx_word' id='word_1_257' title='bbox 2424 1636 2649 1700; x_wconf 76' lang='grc' dir='ltr'><strong>δικαίως</strong></span> <span class='ocrx_word' id='word_1_258' title='bbox 2683 1634 3086 1699; x_wconf 27' lang='grc' dir='ltr'>καταδικλάσαι,</span> <span class='ocrx_word' id='word_1_259' title='bbox 3119 1635 3245 1696; x_wconf 74' lang='grc' dir='ltr'>τοὺς</span> <span class='ocrx_word' id='word_1_260' title='bbox 3292 1632 3355 1693; x_wconf 61' lang='grc' dir='ltr'>δὲ,</span> <span class='ocrx_word' id='word_1_261' title='bbox 3395 1629 3697 1683; x_wconf 75' lang='grc' dir='ltr'>δικαιῶσαι.</span> 
     </span>
    </p>
   </div>
   <div class='ocr_carea' id='block_1_34' title="bbox 444 1725 3699 1800">
    <p class='ocr_par' dir='ltr' id='par_1_34' title="bbox 444 1725 3699 1800">
     <span class='ocr_line' id='line_1_34' title="bbox 444 1725 3699 1800; baseline 0 -25"><span class='ocrx_word' id='word_1_262' title='bbox 444 1726 677 1792; x_wconf 86' lang='lat' dir='ltr'><strong>populus</strong></span> <span class='ocrx_word' id='word_1_263' title='bbox 711 1725 1032 1793; x_wconf 83' lang='lat' dir='ltr'><strong>dicebatur;</strong></span> <span class='ocrx_word' id='word_1_264' title='bbox 1061 1735 1113 1782; x_wconf 91' lang='lat' dir='ltr'><strong>et</strong></span> <span class='ocrx_word' id='word_1_265' title='bbox 1143 1743 1238 1798; x_wconf 88' lang='lat' dir='ltr'><strong>per</strong></span> <span class='ocrx_word' id='word_1_266' title='bbox 1263 1742 1552 1798; x_wconf 88' lang='lat' dir='ltr'><strong>pauperes,</strong></span> <span class='ocrx_word' id='word_1_267' title='bbox 1589 1743 1791 1782; x_wconf 90' lang='lat' dir='ltr'><strong>novum</strong></span> <span class='ocrx_word' id='word_1_268' title='bbox 1831 1728 2090 1797; x_wconf 79' lang='lat' dir='ltr'><strong>pupulum</strong></span> <span class='ocrx_word' id='word_1_269' title='bbox 2112 1743 2178 1783; x_wconf 79' lang='lat' dir='ltr'><strong>ex</strong></span> <span class='ocrx_word' id='word_1_270' title='bbox 2207 1729 2464 1799; x_wconf 78' lang='lat' dir='ltr'><strong>gentibus</strong></span> <span class='ocrx_word' id='word_1_271' title='bbox 2537 1735 2952 1800; x_wconf 74' lang='lat' dir='ltr'><strong>congregatum,</strong></span> <span class='ocrx_word' id='word_1_272' title='bbox 3023 1726 3090 1779; x_wconf 91' lang='lat' dir='ltr'><strong>de</strong></span> <span class='ocrx_word' id='word_1_273' title='bbox 3144 1725 3302 1794; x_wconf 84' lang='lat' dir='ltr'><strong>cujus</strong></span> <span class='ocrx_word' id='word_1_274' title='bbox 3363 1727 3699 1792; x_wconf 86' lang='lat' dir='ltr'><strong>paupertate.</strong></span> 
     </span>
    </p>
   </div>
   <div class='ocr_carea' id='block_1_35' title="bbox 442 1811 3699 1890">
    <p class='ocr_par' dir='ltr' id='par_1_35' title="bbox 442 1811 3699 1890">
     <span class='ocr_line' id='line_1_35' title="bbox 442 1811 3699 1890; baseline -0.002 -21"><span class='ocrx_word' id='word_1_275' title='bbox 442 1815 679 1877; x_wconf 81' lang='lat' dir='ltr'><strong>diximus</strong></span> <span class='ocrx_word' id='word_1_276' title='bbox 714 1819 767 1872; x_wconf 92' lang='lat' dir='ltr'><strong>in</strong></span> <span class='ocrx_word' id='word_1_277' title='bbox 796 1834 848 1880; x_wconf 76' lang='lat' dir='ltr'><strong>ut</strong></span> <span class='ocrx_word' id='word_1_278' title='bbox 879 1826 934 1873; x_wconf 89' lang='lat' dir='ltr'><strong>et</strong></span> <span class='ocrx_word' id='word_1_279' title='bbox 966 1834 1021 1873; x_wconf 68' lang='grc' dir='ltr'>χι</span> <span class='ocrx_word' id='word_1_280' title='bbox 1076 1820 1306 1890; x_wconf 85' lang='lat' dir='ltr'><strong>psalmo.</strong></span> <span class='ocrx_word' id='word_1_281' title='bbox 1364 1818 1436 1876; x_wconf 89' lang='lat' dir='ltr'><strong>Ut</strong></span> <span class='ocrx_word' id='word_1_282' title='bbox 1510 1819 1717 1889; x_wconf 74' lang='lat' dir='ltr'><strong>iudicet</strong></span> <span class='ocrx_word' id='word_1_283' title='bbox 1778 1836 1894 1885; x_wconf 91' lang='lat' dir='ltr'><strong>cos,</strong></span> <span class='ocrx_word' id='word_1_284' title='bbox 1950 1820 2088 1874; x_wconf 91' lang='lat' dir='ltr'><strong>alios</strong></span> <span class='ocrx_word' id='word_1_285' title='bbox 2127 1821 2345 1890; x_wconf 90' lang='lat' dir='ltr'><strong>quidem</strong></span> <span class='ocrx_word' id='word_1_286' title='bbox 2377 1820 2528 1890; x_wconf 81' lang='lat' dir='ltr'><strong>justo</strong></span> <span class='ocrx_word' id='word_1_287' title='bbox 2561 1821 2766 1890; x_wconf 89' lang='lat' dir='ltr'><strong>judicio</strong></span> <span class='ocrx_word' id='word_1_288' title='bbox 2795 1819 3175 1876; x_wconf 86' lang='lat' dir='ltr'><strong>condemnans</strong></span> <span class='ocrx_word' id='word_1_289' title='bbox 3200 1857 3215 1882; x_wconf 90' lang='lat'><strong>,</strong></span> <span class='ocrx_word' id='word_1_290' title='bbox 3259 1816 3398 1873; x_wconf 87' lang='lat' dir='ltr'><strong>alios</strong></span> <span class='ocrx_word' id='word_1_291' title='bbox 3425 1824 3604 1868; x_wconf 86' lang='lat' dir='ltr'><strong>autem</strong></span> <span class='ocrx_word' id='word_1_292' title='bbox 3637 1811 3699 1864; x_wconf 87' lang='lat' dir='ltr'><strong>ad</strong></span> 
     </span>
    </p>
   </div>
   <div class='ocr_carea' id='block_1_36' title="bbox 447 1910 1047 1979">
    <p class='ocr_par' dir='ltr' id='par_1_36' title="bbox 447 1910 1047 1979">
     <span class='ocr_line' id='line_1_36' title="bbox 447 1910 1047 1979; baseline 0 -15"><span class='ocrx_word' id='word_1_293' title='bbox 447 1910 682 1965; x_wconf 86' lang='lat' dir='ltr'><strong>salutem</strong></span> <span class='ocrx_word' id='word_1_294' title='bbox 718 1910 1047 1979; x_wconf 87' lang='lat' dir='ltr'><strong>justilicans.</strong></span> 
     </span>
    </p>
   </div>
   <div class='ocr_carea' id='block_1_37' title="bbox 514 2001 2101 2072">
    <p class='ocr_par' dir='ltr' id='par_1_37' title="bbox 514 2001 2101 2072">
     <span class='ocr_line' id='line_1_37' title="bbox 514 2001 2101 2072; baseline -0.001 -16"><span class='ocrx_word' id='word_1_295' title='bbox 514 2001 677 2057; x_wconf 77' lang='lat' dir='ltr'><strong>Vens.</strong></span> <span class='ocrx_word' id='word_1_296' title='bbox 713 2003 767 2056; x_wconf 81' lang='lat'><strong>5.</strong></span> <span class='ocrx_word' id='word_1_297' title='bbox 805 2002 1112 2072; x_wconf 81' lang='lat' dir='ltr'><strong>Suscipiaut</strong></span> <span class='ocrx_word' id='word_1_298' title='bbox 1136 2012 1338 2058; x_wconf 86' lang='lat' dir='ltr'><strong>montes</strong></span> <span class='ocrx_word' id='word_1_299' title='bbox 1360 2019 1542 2072; x_wconf 88' lang='lat' dir='ltr'><strong>pacem</strong></span> <span class='ocrx_word' id='word_1_300' title='bbox 1564 2003 1773 2071; x_wconf 87' lang='lat' dir='ltr'><strong>populo,</strong></span> <span class='ocrx_word' id='word_1_301' title='bbox 1794 2013 1842 2057; x_wconf 85' lang='lat' dir='ltr'><strong>et</strong></span> <span class='ocrx_word' id='word_1_302' title='bbox 1865 2003 2024 2060; x_wconf 84' lang='lat' dir='ltr'><strong>colles</strong></span> <span class='ocrx_word' id='word_1_303' title='bbox 2053 2004 2101 2065; x_wconf 85' lang='grc' dir='ltr'><strong>Β</strong></span> 
     </span>
    </p>
   </div>
   <div class='ocr_carea' id='block_1_38' title="bbox 441 2094 2029 2166">
    <p class='ocr_par' dir='ltr' id='par_1_38' title="bbox 441 2094 2029 2166">
     <span class='ocr_line' id='line_1_38' title="bbox 441 2094 2029 2166; baseline 0 -16"><span class='ocrx_word' id='word_1_304' title='bbox 441 2097 726 2159; x_wconf 73' lang='lat' dir='ltr'><strong>iustitiam.</strong></span> <span class='ocrx_word' id='word_1_305' title='bbox 759 2094 816 2150; x_wconf 90' lang='lat' dir='ltr'><strong>In</strong></span> <span class='ocrx_word' id='word_1_306' title='bbox 855 2097 1257 2166; x_wconf 60' lang='lat' dir='ltr'><strong>prosopopoeia:</strong></span> <span class='ocrx_word' id='word_1_307' title='bbox 1295 2096 1531 2166; x_wconf 86' lang='lat' dir='ltr'><strong>speciem</strong></span> <span class='ocrx_word' id='word_1_308' title='bbox 1561 2137 1575 2161; x_wconf 94' lang='lat'><strong>,</strong></span> <span class='ocrx_word' id='word_1_309' title='bbox 1621 2108 1836 2151; x_wconf 90' lang='lat' dir='ltr'><strong>montes</strong></span> <span class='ocrx_word' id='word_1_310' title='bbox 1874 2096 2029 2165; x_wconf 88' lang='lat' dir='ltr'><strong>jubet</strong></span> 
     </span>
    </p>
   </div>
   <div class='ocr_carea' id='block_1_39' title="bbox 440 2187 2028 2259">
    <p class='ocr_par' dir='ltr' id='par_1_39' title="bbox 440 2187 2028 2259">
     <span class='ocr_line' id='line_1_39' title="bbox 440 2187 2028 2259; baseline 0.001 -17"><span class='ocrx_word' id='word_1_311' title='bbox 440 2187 719 2256; x_wconf 85' lang='lat' dir='ltr'><strong>suscipere</strong></span> <span class='ocrx_word' id='word_1_312' title='bbox 748 2201 934 2256; x_wconf 85' lang='lat' dir='ltr'><strong>pacem</strong></span> <span class='ocrx_word' id='word_1_313' title='bbox 987 2202 1119 2257; x_wconf 86' lang='lat' dir='ltr'><strong>erga</strong></span> <span class='ocrx_word' id='word_1_314' title='bbox 1148 2187 1354 2243; x_wconf 87' lang='lat' dir='ltr'><strong>Christi</strong></span> <span class='ocrx_word' id='word_1_315' title='bbox 1392 2188 1655 2259; x_wconf 87' lang='lat' dir='ltr'><strong>populum</strong></span> <span class='ocrx_word' id='word_1_316' title='bbox 1684 2229 1699 2255; x_wconf 94' lang='lat'><strong>,</strong></span> <span class='ocrx_word' id='word_1_317' title='bbox 1757 2196 1812 2242; x_wconf 92' lang='lat' dir='ltr'><strong>et</strong></span> <span class='ocrx_word' id='word_1_318' title='bbox 1859 2189 2028 2244; x_wconf 88' lang='lat' dir='ltr'><strong>colles</strong></span> 
     </span>
    </p>
   </div>
   <div class='ocr_carea' id='block_1_40' title="bbox 437 2278 2026 2350">
    <p class='ocr_par' dir='ltr' id='par_1_40' title="bbox 437 2278 2026 2350">
     <span class='ocr_line' id='line_1_40' title="bbox 437 2278 2026 2350; baseline 0.001 -19"><span class='ocrx_word' id='word_1_319' title='bbox 437 2280 727 2350; x_wconf 83' lang='lat' dir='ltr'><strong>justitiam,</strong></span> <span class='ocrx_word' id='word_1_320' title='bbox 761 2291 814 2334; x_wconf 91' lang='lat' dir='ltr'><strong>et</strong></span> <span class='ocrx_word' id='word_1_321' title='bbox 864 2287 1080 2334; x_wconf 84' lang='lat' dir='ltr'><strong>montes</strong></span> <span class='ocrx_word' id='word_1_322' title='bbox 1127 2279 1347 2348; x_wconf 84' lang='lat' dir='ltr'><strong>quidem</strong></span> <span class='ocrx_word' id='word_1_323' title='bbox 1410 2278 1690 2348; x_wconf 84' lang='lat' dir='ltr'><strong>paciﬁeam</strong></span> <span class='ocrx_word' id='word_1_324' title='bbox 1743 2279 1822 2332; x_wconf 88' lang='lat' dir='ltr'><strong>cis</strong></span> <span class='ocrx_word' id='word_1_325' title='bbox 1860 2279 2026 2332; x_wconf 86' lang='lat' dir='ltr'><strong>vitam</strong></span> 
     </span>
    </p>
   </div>
   <div class='ocr_carea' id='block_1_41' title="bbox 443 2372 2026 2441">
    <p class='ocr_par' dir='ltr' id='par_1_41' title="bbox 443 2372 2026 2441">
     <span class='ocr_line' id='line_1_41' title="bbox 443 2372 2026 2441; baseline 0.002 -17"><span class='ocrx_word' id='word_1_326' title='bbox 443 2385 724 2439; x_wconf 62' lang='lat' dir='ltr'><strong>prarstare,</strong></span> <span class='ocrx_word' id='word_1_327' title='bbox 761 2372 1006 2441; x_wconf 80' lang='lat' dir='ltr'><strong>expulsis</strong></span> <span class='ocrx_word' id='word_1_328' title='bbox 1032 2372 1289 2429; x_wconf 83' lang='lat' dir='ltr'><strong>nimirum</strong></span> <span class='ocrx_word' id='word_1_329' title='bbox 1326 2373 1608 2428; x_wconf 86' lang='lat' dir='ltr'><strong>seditiosis</strong></span> <span class='ocrx_word' id='word_1_330' title='bbox 1642 2385 1704 2423; x_wconf 91' lang='lat' dir='ltr'><strong>ac</strong></span> <span class='ocrx_word' id='word_1_331' title='bbox 1766 2372 2026 2440; x_wconf 77' lang='lat' dir='ltr'><strong>malignis</strong></span> 
     </span>
    </p>
   </div>
   <div class='ocr_carea' id='block_1_42' title="bbox 445 2465 2023 2535">
    <p class='ocr_par' dir='ltr' id='par_1_42' title="bbox 445 2465 2023 2535">
     <span class='ocr_line' id='line_1_42' title="bbox 445 2465 2023 2535; baseline -0.001 -17"><span class='ocrx_word' id='word_1_332' title='bbox 445 2469 756 2519; x_wconf 78' lang='lat' dir='ltr'><strong>daemonum</strong></span> <span class='ocrx_word' id='word_1_333' title='bbox 784 2465 1092 2533; x_wconf 87' lang='lat' dir='ltr'><strong>spiritibus,</strong></span> <span class='ocrx_word' id='word_1_334' title='bbox 1127 2465 1294 2520; x_wconf 88' lang='lat' dir='ltr'><strong>colles</strong></span> <span class='ocrx_word' id='word_1_335' title='bbox 1326 2481 1452 2520; x_wconf 84' lang='lat' dir='ltr'><strong>vero</strong></span> <span class='ocrx_word' id='word_1_336' title='bbox 1469 2467 1614 2535; x_wconf 90' lang='lat' dir='ltr'><strong>juste</strong></span> <span class='ocrx_word' id='word_1_337' title='bbox 1631 2467 1710 2519; x_wconf 86' lang='lat' dir='ltr'><strong>eis</strong></span> <span class='ocrx_word' id='word_1_338' title='bbox 1727 2465 2023 2527; x_wconf 87' lang='lat' dir='ltr'><strong>deservire,</strong></span> 
     </span>
    </p>
   </div>
   <div class='ocr_carea' id='block_1_43' title="bbox 447 2553 2027 2624">
    <p class='ocr_par' dir='ltr' id='par_1_43' title="bbox 447 2553 2027 2624">
     <span class='ocr_line' id='line_1_43' title="bbox 447 2553 2027 2624; baseline 0.001 -16"><span class='ocrx_word' id='word_1_339' title='bbox 447 2555 607 2624; x_wconf 89' lang='lat' dir='ltr'><strong>quasi</strong></span> <span class='ocrx_word' id='word_1_340' title='bbox 658 2553 938 2614; x_wconf 81' lang='lat' dir='ltr'><strong>Creatoris</strong></span> <span class='ocrx_word' id='word_1_341' title='bbox 971 2553 1065 2612; x_wconf 88' lang='lat' dir='ltr'><strong>Dei</strong></span> <span class='ocrx_word' id='word_1_342' title='bbox 1119 2555 1315 2610; x_wconf 88' lang='lat' dir='ltr'><strong>servis.</strong></span> <span class='ocrx_word' id='word_1_343' title='bbox 1363 2554 1467 2613; x_wconf 88' lang='lat' dir='ltr'><strong>Per</strong></span> <span class='ocrx_word' id='word_1_344' title='bbox 1503 2566 1702 2609; x_wconf 77' lang='lat' dir='ltr'><strong>montes</strong></span> <span class='ocrx_word' id='word_1_345' title='bbox 1753 2555 1915 2608; x_wconf 89' lang='lat' dir='ltr'><strong>etiam</strong></span> <span class='ocrx_word' id='word_1_346' title='bbox 1975 2559 2027 2609; x_wconf 84' lang='lat' dir='ltr'><strong>et.</strong></span> 
     </span>
    </p>
   </div>
   <div class='ocr_carea' id='block_1_44' title="bbox 440 2646 2025 2715">
    <p class='ocr_par' dir='ltr' id='par_1_44' title="bbox 440 2646 2025 2715">
     <span class='ocr_line' id='line_1_44' title="bbox 440 2646 2025 2715; baseline 0.001 -15"><span class='ocrx_word' id='word_1_347' title='bbox 440 2646 596 2701; x_wconf 75' lang='lat' dir='ltr'><strong>colles</strong></span> <span class='ocrx_word' id='word_1_348' title='bbox 633 2655 892 2715; x_wconf 87' lang='lat' dir='ltr'><strong>tanquam</strong></span> <span class='ocrx_word' id='word_1_349' title='bbox 927 2647 1342 2711; x_wconf 87' lang='lat' dir='ltr'><strong>eminentiores,</strong></span> <span class='ocrx_word' id='word_1_350' title='bbox 1380 2663 1598 2706; x_wconf 84' lang='lat' dir='ltr'><strong>omnem</strong></span> <span class='ocrx_word' id='word_1_351' title='bbox 1638 2658 1834 2703; x_wconf 86' lang='lat' dir='ltr'><strong>terram</strong></span> <span class='ocrx_word' id='word_1_352' title='bbox 1871 2664 2025 2705; x_wconf 87' lang='lat' dir='ltr'><strong>com--</strong></span> 
     </span>
    </p>
   </div>
   <div class='ocr_carea' id='block_1_45' title="bbox 438 2739 2023 2808">
    <p class='ocr_par' dir='ltr' id='par_1_45' title="bbox 438 2739 2023 2808">
     <span class='ocr_line' id='line_1_45' title="bbox 438 2739 2023 2808; baseline 0.001 -16"><span class='ocrx_word' id='word_1_353' title='bbox 438 2739 750 2808; x_wconf 81' lang='lat' dir='ltr'><strong>prehendit,</strong></span> <span class='ocrx_word' id='word_1_354' title='bbox 816 2739 868 2792; x_wconf 92' lang='lat' dir='ltr'><strong>in</strong></span> <span class='ocrx_word' id='word_1_355' title='bbox 911 2753 1016 2807; x_wconf 87' lang='lat' dir='ltr'><strong>qua</strong></span> <span class='ocrx_word' id='word_1_356' title='bbox 1063 2739 1359 2793; x_wconf 90' lang='lat' dir='ltr'><strong>habitaturi</strong></span> <span class='ocrx_word' id='word_1_357' title='bbox 1427 2753 1582 2794; x_wconf 87' lang='lat' dir='ltr'><strong>erant</strong></span> <span class='ocrx_word' id='word_1_358' title='bbox 1638 2741 2023 2806; x_wconf 61' lang='lat' dir='ltr'><strong>anachoreta,</strong></span> 
     </span>
    </p>
   </div>
   <div class='ocr_carea' id='block_1_46' title="bbox 441 2830 2025 2902">
    <p class='ocr_par' dir='ltr' id='par_1_46' title="bbox 441 2830 2025 2902">
     <span class='ocr_line' id='line_1_46' title="bbox 441 2830 2025 2902; baseline 0.003 -20"><span class='ocrx_word' id='word_1_359' title='bbox 441 2841 602 2900; x_wconf 87' lang='lat' dir='ltr'><strong>atque</strong></span> <span class='ocrx_word' id='word_1_360' title='bbox 647 2830 907 2898; x_wconf 66' lang='lat' dir='ltr'><strong>eremitae,</strong></span> <span class='ocrx_word' id='word_1_361' title='bbox 936 2839 990 2886; x_wconf 92' lang='lat' dir='ltr'><strong>et</strong></span> <span class='ocrx_word' id='word_1_362' title='bbox 1016 2846 1208 2885; x_wconf 87' lang='lat' dir='ltr'><strong>omnes</strong></span> <span class='ocrx_word' id='word_1_363' title='bbox 1251 2830 1458 2887; x_wconf 78' lang='lat' dir='ltr'><strong>Clu-isti</strong></span> <span class='ocrx_word' id='word_1_364' title='bbox 1509 2833 1730 2888; x_wconf 86' lang='lat' dir='ltr'><strong>milites.</strong></span> <span class='ocrx_word' id='word_1_365' title='bbox 1780 2831 1876 2888; x_wconf 88' lang='lat' dir='ltr'><strong>Vel</strong></span> <span class='ocrx_word' id='word_1_366' title='bbox 1929 2847 2025 2902; x_wconf 92' lang='lat' dir='ltr'><strong>per</strong></span> 
     </span>
    </p>
   </div>
   <div class='ocr_carea' id='block_1_47' title="bbox 442 2922 2021 2995">
    <p class='ocr_par' dir='ltr' id='par_1_47' title="bbox 442 2922 2021 2995">
     <span class='ocr_line' id='line_1_47' title="bbox 442 2922 2021 2995; baseline 0.002 -21"><span class='ocrx_word' id='word_1_367' title='bbox 442 2932 640 2977; x_wconf 80' lang='lat' dir='ltr'><strong>montes</strong></span> <span class='ocrx_word' id='word_1_368' title='bbox 713 2922 932 2990; x_wconf 87' lang='lat' dir='ltr'><strong>quidem</strong></span> <span class='ocrx_word' id='word_1_369' title='bbox 993 2922 1355 2993; x_wconf 87' lang='lat' dir='ltr'><strong>archangelos</strong></span> <span class='ocrx_word' id='word_1_370' title='bbox 1407 2924 1704 2995; x_wconf 83' lang='lat' dir='ltr'><strong>intelligit,</strong></span> <span class='ocrx_word' id='word_1_371' title='bbox 1761 2933 2021 2994; x_wconf 88' lang='lat' dir='ltr'><strong>tanquam</strong></span> 
     </span>
    </p>
   </div>
   <div class='ocr_carea' id='block_1_48' title="bbox 441 3013 2020 3085">
    <p class='ocr_par' dir='ltr' id='par_1_48' title="bbox 441 3013 2020 3085">
     <span class='ocr_line' id='line_1_48' title="bbox 441 3013 2020 3085; baseline 0.003 -19"><span class='ocrx_word' id='word_1_372' title='bbox 441 3013 832 3069; x_wconf 87' lang='lat' dir='ltr'><strong>eminentiores</strong></span> <span class='ocrx_word' id='word_1_373' title='bbox 887 3022 941 3067; x_wconf 90' lang='lat' dir='ltr'><strong>et</strong></span> <span class='ocrx_word' id='word_1_374' title='bbox 1009 3016 1320 3084; x_wconf 89' lang='lat' dir='ltr'><strong>superiores</strong></span> <span class='ocrx_word' id='word_1_375' title='bbox 1371 3016 1678 3084; x_wconf 87' lang='lat' dir='ltr'><strong>potentias;</strong></span> <span class='ocrx_word' id='word_1_376' title='bbox 1720 3032 1817 3085; x_wconf 87' lang='lat' dir='ltr'><strong>per</strong></span> <span class='ocrx_word' id='word_1_377' title='bbox 1863 3015 2020 3081; x_wconf 87' lang='lat' dir='ltr'><strong>colles</strong></span> 
     </span>
    </p>
   </div>
   <div class='ocr_carea' id='block_1_49' title="bbox 441 3103 2018 3174">
    <p class='ocr_par' dir='ltr' id='par_1_49' title="bbox 441 3103 2018 3174">
     <span class='ocr_line' id='line_1_49' title="bbox 441 3103 2018 3174; baseline 0.003 -21"><span class='ocrx_word' id='word_1_378' title='bbox 441 3119 591 3165; x_wconf 84' lang='lat' dir='ltr'><strong>vero,</strong></span> <span class='ocrx_word' id='word_1_379' title='bbox 635 3103 788 3173; x_wconf 88' lang='lat' dir='ltr'><strong>ipsos</strong></span> <span class='ocrx_word' id='word_1_380' title='bbox 821 3105 1046 3173; x_wconf 76' lang='lat' dir='ltr'><strong>angelos</strong></span> <span class='ocrx_word' id='word_1_381' title='bbox 1075 3145 1090 3171; x_wconf 93' lang='lat'><strong>,</strong></span> <span class='ocrx_word' id='word_1_382' title='bbox 1120 3117 1378 3174; x_wconf 80' lang='lat' dir='ltr'><strong>tanquam</strong></span> <span class='ocrx_word' id='word_1_383' title='bbox 1412 3107 1517 3160; x_wconf 88' lang='lat' dir='ltr'><strong>illis</strong></span> <span class='ocrx_word' id='word_1_384' title='bbox 1561 3105 1860 3173; x_wconf 82' lang='lat' dir='ltr'><strong>subjectos.</strong></span> <span class='ocrx_word' id='word_1_385' title='bbox 1895 3105 2018 3158; x_wconf 88' lang='lat' dir='ltr'><strong>Ele-</strong></span> 
     </span>
    </p>
   </div>
   <div class='ocr_carea' id='block_1_50' title="bbox 439 3192 2014 3261">
    <p class='ocr_par' dir='ltr' id='par_1_50' title="bbox 439 3192 2014 3261">
     <span class='ocr_line' id='line_1_50' title="bbox 439 3192 2014 3261; baseline 0.003 -17"><span class='ocrx_word' id='word_1_386' title='bbox 439 3192 552 3248; x_wconf 86' lang='lat' dir='ltr'><strong>vati</strong></span> <span class='ocrx_word' id='word_1_387' title='bbox 586 3201 767 3248; x_wconf 82' lang='lat' dir='ltr'><strong>tamen</strong></span> <span class='ocrx_word' id='word_1_388' title='bbox 798 3204 930 3248; x_wconf 85' lang='lat' dir='ltr'><strong>sunt</strong></span> <span class='ocrx_word' id='word_1_389' title='bbox 962 3195 1180 3261; x_wconf 84' lang='lat' dir='ltr'><strong>utrique</strong></span> <span class='ocrx_word' id='word_1_390' title='bbox 1215 3211 1401 3249; x_wconf 88' lang='lat' dir='ltr'><strong>eorum</strong></span> <span class='ocrx_word' id='word_1_391' title='bbox 1434 3195 1657 3250; x_wconf 86' lang='lat' dir='ltr'><strong>ordines</strong></span> <span class='ocrx_word' id='word_1_392' title='bbox 1683 3210 1712 3247; x_wconf 90' lang='lat' dir='ltr'><strong>a</strong></span> <span class='ocrx_word' id='word_1_393' title='bbox 1759 3195 2014 3256; x_wconf 78' lang='lat' dir='ltr'><strong>terrenis,</strong></span> 
     </span>
    </p>
   </div>
   <div class='ocr_carea' id='block_1_51' title="bbox 442 3289 2017 3359">
    <p class='ocr_par' dir='ltr' id='par_1_51' title="bbox 442 3289 2017 3359">
     <span class='ocr_line' id='line_1_51' title="bbox 442 3289 2017 3359; baseline 0.003 -21"><span class='ocrx_word' id='word_1_394' title='bbox 442 3301 552 3338; x_wconf 86' lang='lat' dir='ltr'><strong>non</strong></span> <span class='ocrx_word' id='word_1_395' title='bbox 583 3300 739 3340; x_wconf 90' lang='lat' dir='ltr'><strong>secus</strong></span> <span class='ocrx_word' id='word_1_396' title='bbox 768 3301 831 3341; x_wconf 89' lang='lat' dir='ltr'><strong>ac</strong></span> <span class='ocrx_word' id='word_1_397' title='bbox 879 3294 1094 3342; x_wconf 87' lang='lat' dir='ltr'><strong>montes</strong></span> <span class='ocrx_word' id='word_1_398' title='bbox 1122 3295 1177 3340; x_wconf 92' lang='lat' dir='ltr'><strong>et</strong></span> <span class='ocrx_word' id='word_1_399' title='bbox 1211 3289 1380 3343; x_wconf 89' lang='lat' dir='ltr'><strong>colles</strong></span> <span class='ocrx_word' id='word_1_400' title='bbox 1407 3304 1435 3341; x_wconf 91' lang='lat' dir='ltr'><strong>a</strong></span> <span class='ocrx_word' id='word_1_401' title='bbox 1469 3297 1634 3344; x_wconf 88' lang='lat' dir='ltr'><strong>terra.</strong></span> <span class='ocrx_word' id='word_1_402' title='bbox 1681 3289 1794 3343; x_wconf 84' lang='lat' dir='ltr'><strong>llos</strong></span> <span class='ocrx_word' id='word_1_403' title='bbox 1849 3290 2017 3359; x_wconf 79' lang='lat' dir='ltr'><strong>igitur</strong></span> 
     </span>
    </p>
   </div>
   <div class='ocr_carea' id='block_1_52' title="bbox 441 3377 2012 3448">
    <p class='ocr_par' dir='ltr' id='par_1_52' title="bbox 441 3377 2012 3448">
     <span class='ocr_line' id='line_1_52' title="bbox 441 3377 2012 3448; baseline 0.001 -18"><span class='ocrx_word' id='word_1_404' title='bbox 441 3377 898 3446; x_wconf 87' lang='lat' dir='ltr'><strong>deincepsjubet,</strong></span> <span class='ocrx_word' id='word_1_405' title='bbox 932 3391 990 3432; x_wconf 92' lang='lat' dir='ltr'><strong>ut</strong></span> <span class='ocrx_word' id='word_1_406' title='bbox 1021 3380 1247 3448; x_wconf 84' lang='lat' dir='ltr'><strong>pacilice</strong></span> <span class='ocrx_word' id='word_1_407' title='bbox 1282 3395 1342 3433; x_wconf 92' lang='lat' dir='ltr'><strong>se</strong></span> <span class='ocrx_word' id='word_1_408' title='bbox 1377 3379 1614 3433; x_wconf 87' lang='lat' dir='ltr'><strong>habeant</strong></span> <span class='ocrx_word' id='word_1_409' title='bbox 1647 3395 1770 3438; x_wconf 88' lang='lat' dir='ltr'><strong>cum</strong></span> <span class='ocrx_word' id='word_1_410' title='bbox 1807 3378 2012 3434; x_wconf 85' lang='lat' dir='ltr'><strong>Christi</strong></span> 
     </span>
    </p>
   </div>
   <div class='ocr_carea' id='block_1_53' title="bbox 441 3468 2017 3539">
    <p class='ocr_par' dir='ltr' id='par_1_53' title="bbox 441 3468 2017 3539">
     <span class='ocr_line' id='line_1_53' title="bbox 441 3468 2017 3539; baseline -0.001 -17"><span class='ocrx_word' id='word_1_411' title='bbox 441 3468 663 3539; x_wconf 89' lang='lat' dir='ltr'><strong>populo,</strong></span> <span class='ocrx_word' id='word_1_412' title='bbox 707 3476 874 3537; x_wconf 91' lang='lat' dir='ltr'><strong>utque</strong></span> <span class='ocrx_word' id='word_1_413' title='bbox 901 3469 1107 3536; x_wconf 88' lang='lat' dir='ltr'><strong>justam</strong></span> <span class='ocrx_word' id='word_1_414' title='bbox 1144 3469 1221 3521; x_wconf 91' lang='lat' dir='ltr'><strong>illi</strong></span> <span class='ocrx_word' id='word_1_415' title='bbox 1255 3483 1319 3521; x_wconf 85' lang='lat' dir='ltr'><strong>ac</strong></span> <span class='ocrx_word' id='word_1_416' title='bbox 1355 3469 1628 3533; x_wconf 87' lang='lat' dir='ltr'><strong>debitam,</strong></span> <span class='ocrx_word' id='word_1_417' title='bbox 1657 3469 1814 3538; x_wconf 87' lang='lat' dir='ltr'><strong>quasi</strong></span> <span class='ocrx_word' id='word_1_418' title='bbox 1840 3469 2017 3537; x_wconf 91' lang='lat' dir='ltr'><strong>ipsius</strong></span> 
     </span>
    </p>
   </div>
   <div class='ocr_carea' id='block_1_54' title="bbox 439 3559 2018 3629">
    <p class='ocr_par' dir='ltr' id='par_1_54' title="bbox 439 3559 2018 3629">
     <span class='ocr_line' id='line_1_54' title="bbox 439 3559 2018 3629; baseline 0 -17"><span class='ocrx_word' id='word_1_419' title='bbox 439 3559 653 3614; x_wconf 91' lang='lat' dir='ltr'><strong>Domini</strong></span> <span class='ocrx_word' id='word_1_420' title='bbox 699 3559 1046 3627; x_wconf 58' lang='lat' dir='ltr'><strong>hatreditati,</strong></span> <span class='ocrx_word' id='word_1_421' title='bbox 1095 3575 1251 3626; x_wconf 83' lang='lat' dir='ltr'><strong>opem</strong></span> <span class='ocrx_word' id='word_1_422' title='bbox 1321 3560 1518 3616; x_wconf 76' lang='lat' dir='ltr'><strong>ferant.</strong></span> <span class='ocrx_word' id='word_1_423' title='bbox 1576 3559 1733 3614; x_wconf 87' lang='lat' dir='ltr'><strong>Prius</strong></span> <span class='ocrx_word' id='word_1_424' title='bbox 1781 3577 2018 3629; x_wconf 83' lang='lat' dir='ltr'><strong>namque</strong></span> 
     </span>
    </p>
   </div>
   <div class='ocr_carea' id='block_1_55' title="bbox 441 3651 2015 3722">
    <p class='ocr_par' dir='ltr' id='par_1_55' title="bbox 441 3651 2015 3722">
     <span class='ocr_line' id='line_1_55' title="bbox 441 3651 2015 3722; baseline 0.001 -17"><span class='ocrx_word' id='word_1_425' title='bbox 441 3652 660 3707; x_wconf 85' lang='lat' dir='ltr'><strong>inimice</strong></span> <span class='ocrx_word' id='word_1_426' title='bbox 684 3651 964 3706; x_wconf 88' lang='lat' dir='ltr'><strong>nobiscum</strong></span> <span class='ocrx_word' id='word_1_427' title='bbox 1008 3652 1243 3720; x_wconf 81' lang='lat' dir='ltr'><strong>agebant</strong></span> <span class='ocrx_word' id='word_1_428' title='bbox 1297 3652 1512 3722; x_wconf 88' lang='lat' dir='ltr'><strong>angeli,</strong></span> <span class='ocrx_word' id='word_1_429' title='bbox 1539 3654 1609 3706; x_wconf 89' lang='lat' dir='ltr'><strong>ob</strong></span> <span class='ocrx_word' id='word_1_430' title='bbox 1646 3664 1885 3708; x_wconf 86' lang='lat' dir='ltr'><strong>veterem</strong></span> <span class='ocrx_word' id='word_1_431' title='bbox 1927 3656 2015 3707; x_wconf 86' lang='lat' dir='ltr'><strong>ni-</strong></span> 
     </span>
    </p>
   </div>
   <div class='ocr_carea' id='block_1_56' title="bbox 440 3742 2021 3814">
    <p class='ocr_par' dir='ltr' id='par_1_56' title="bbox 440 3742 2021 3814">
     <span class='ocr_line' id='line_1_56' title="bbox 440 3742 2021 3814; baseline 0.004 -18"><span class='ocrx_word' id='word_1_432' title='bbox 440 3745 638 3798; x_wconf 89' lang='lat' dir='ltr'><strong>mirum</strong></span> <span class='ocrx_word' id='word_1_433' title='bbox 674 3744 1028 3812; x_wconf 85' lang='lat' dir='ltr'><strong>impietatem.</strong></span> <span class='ocrx_word' id='word_1_434' title='bbox 1048 3742 1142 3799; x_wconf 87' lang='lat' dir='ltr'><strong>Vel</strong></span> <span class='ocrx_word' id='word_1_435' title='bbox 1176 3760 1268 3813; x_wconf 89' lang='lat' dir='ltr'><strong>per</strong></span> <span class='ocrx_word' id='word_1_436' title='bbox 1299 3755 1533 3810; x_wconf 77' lang='lat' dir='ltr'><strong>montes,</strong></span> <span class='ocrx_word' id='word_1_437' title='bbox 1572 3761 1724 3814; x_wconf 86' lang='lat' dir='ltr'><strong>reges</strong></span> <span class='ocrx_word' id='word_1_438' title='bbox 1756 3761 1818 3799; x_wconf 90' lang='lat' dir='ltr'><strong>ac</strong></span> <span class='ocrx_word' id='word_1_439' title='bbox 1849 3747 2021 3807; x_wconf 84' lang='lat' dir='ltr'><strong>duces</strong></span> 
     </span>
    </p>
   </div>
   <div class='ocr_carea' id='block_1_57' title="bbox 436 3837 2014 3908">
    <p class='ocr_par' dir='ltr' id='par_1_57' title="bbox 436 3837 2014 3908">
     <span class='ocr_line' id='line_1_57' title="bbox 436 3837 2014 3908; baseline 0 -16"><span class='ocrx_word' id='word_1_440' title='bbox 436 3837 856 3893; x_wconf 83' lang='lat' dir='ltr'><strong>cxcellentiores</strong></span> <span class='ocrx_word' id='word_1_441' title='bbox 903 3853 1152 3908; x_wconf 89' lang='lat' dir='ltr'><strong>quosque</strong></span> <span class='ocrx_word' id='word_1_442' title='bbox 1186 3838 1467 3907; x_wconf 81' lang='lat' dir='ltr'><strong>intelligo:</strong></span> <span class='ocrx_word' id='word_1_443' title='bbox 1509 3855 1603 3908; x_wconf 87' lang='lat' dir='ltr'><strong>per</strong></span> <span class='ocrx_word' id='word_1_444' title='bbox 1641 3841 1805 3894; x_wconf 88' lang='lat' dir='ltr'><strong>colles</strong></span> <span class='ocrx_word' id='word_1_445' title='bbox 1844 3855 1974 3894; x_wconf 85' lang='lat' dir='ltr'><strong>vero</strong></span> <span class='ocrx_word' id='word_1_446' title='bbox 2001 3879 2014 3902; x_wconf 93' lang='lat'><strong>,</strong></span> 
     </span>
    </p>
   </div>
   <div class='ocr_carea' id='block_1_58' title="bbox 437 3929 2015 3999">
    <p class='ocr_par' dir='ltr' id='par_1_58' title="bbox 437 3929 2015 3999">
     <span class='ocr_line' id='line_1_58' title="bbox 437 3929 2015 3999; baseline 0.003 -20"><span class='ocrx_word' id='word_1_447' title='bbox 437 3929 575 3982; x_wconf 88' lang='lat' dir='ltr'><strong>alios</strong></span> <span class='ocrx_word' id='word_1_448' title='bbox 604 3929 878 3998; x_wconf 82' lang='lat' dir='ltr'><strong>principes</strong></span> <span class='ocrx_word' id='word_1_449' title='bbox 920 3929 1029 3984; x_wconf 90' lang='lat' dir='ltr'><strong>illis</strong></span> <span class='ocrx_word' id='word_1_450' title='bbox 1079 3931 1382 3999; x_wconf 88' lang='lat' dir='ltr'><strong>subjectos.</strong></span> <span class='ocrx_word' id='word_1_451' title='bbox 1431 3930 1582 3984; x_wconf 85' lang='lat' dir='ltr'><strong>Multi</strong></span> <span class='ocrx_word' id='word_1_452' title='bbox 1635 3935 1778 3985; x_wconf 87' lang='lat' dir='ltr'><strong>enim</strong></span> <span class='ocrx_word' id='word_1_453' title='bbox 1828 3949 2015 3986; x_wconf 82' lang='lat' dir='ltr'><strong>eorum</strong></span> 
     </span>
    </p>
   </div>
   <div class='ocr_carea' id='block_1_59' title="bbox 435 4021 2016 4093">
    <p class='ocr_par' dir='ltr' id='par_1_59' title="bbox 435 4021 2016 4093">
     <span class='ocr_line' id='line_1_59' title="bbox 435 4021 2016 4093; baseline 0.003 -21"><span class='ocrx_word' id='word_1_454' title='bbox 435 4029 704 4074; x_wconf 85' lang='lat' dir='ltr'><strong>venerunt</strong></span> <span class='ocrx_word' id='word_1_455' title='bbox 733 4021 800 4076; x_wconf 90' lang='lat' dir='ltr'><strong>ad</strong></span> <span class='ocrx_word' id='word_1_456' title='bbox 839 4021 996 4076; x_wconf 81' lang='lat' dir='ltr'><strong>iidem</strong></span> <span class='ocrx_word' id='word_1_457' title='bbox 1024 4064 1038 4086; x_wconf 94' lang='lat'><strong>,</strong></span> <span class='ocrx_word' id='word_1_458' title='bbox 1076 4023 1304 4092; x_wconf 84' lang='lat' dir='ltr'><strong>paciﬁce</strong></span> <span class='ocrx_word' id='word_1_459' title='bbox 1349 4036 1605 4093; x_wconf 82' lang='lat' dir='ltr'><strong>agentes,</strong></span> <span class='ocrx_word' id='word_1_460' title='bbox 1671 4034 1834 4093; x_wconf 84' lang='lat' dir='ltr'><strong>atque</strong></span> <span class='ocrx_word' id='word_1_461' title='bbox 1889 4040 2016 4092; x_wconf 75' lang='lat' dir='ltr'><strong>erga</strong></span> 
     </span>
    </p>
   </div>
   <div class='ocr_carea' id='block_1_60' title="bbox 437 4112 1776 4182">
    <p class='ocr_par' dir='ltr' id='par_1_60' title="bbox 437 4112 1776 4182">
     <span class='ocr_line' id='line_1_60' title="bbox 437 4112 1776 4182; baseline 0.002 -18"><span class='ocrx_word' id='word_1_462' title='bbox 437 4112 643 4165; x_wconf 90' lang='lat' dir='ltr'><strong>Christi</strong></span> <span class='ocrx_word' id='word_1_463' title='bbox 682 4113 941 4182; x_wconf 90' lang='lat' dir='ltr'><strong>populum</strong></span> <span class='ocrx_word' id='word_1_464' title='bbox 974 4113 1368 4181; x_wconf 87' lang='lat' dir='ltr'><strong>benignissime</strong></span> <span class='ocrx_word' id='word_1_465' title='bbox 1395 4130 1454 4167; x_wconf 90' lang='lat' dir='ltr'><strong>se</strong></span> <span class='ocrx_word' id='word_1_466' title='bbox 1494 4114 1776 4167; x_wconf 88' lang='lat' dir='ltr'><strong>habentes.</strong></span> 
     </span>
    </p>
   </div>
   <div class='ocr_carea' id='block_1_61' title="bbox 512 4204 2018 4275">
    <p class='ocr_par' dir='ltr' id='par_1_61' title="bbox 512 4204 2018 4275">
     <span class='ocr_line' id='line_1_61' title="bbox 512 4204 2018 4275; baseline -0.001 -17"><span class='ocrx_word' id='word_1_467' title='bbox 512 4205 677 4258; x_wconf 76' lang='lat' dir='ltr'><strong>Vens.</strong></span> <span class='ocrx_word' id='word_1_468' title='bbox 707 4205 761 4258; x_wconf 71' lang='grc'><strong>4.</strong></span> <span class='ocrx_word' id='word_1_469' title='bbox 795 4204 1070 4259; x_wconf 84' lang='lat' dir='ltr'><strong>Judicabit</strong></span> <span class='ocrx_word' id='word_1_470' title='bbox 1099 4223 1354 4273; x_wconf 78' lang='lat' dir='ltr'><strong>pauperes</strong></span> <span class='ocrx_word' id='word_1_471' title='bbox 1384 4207 1564 4275; x_wconf 86' lang='lat' dir='ltr'><strong>populi</strong></span> <span class='ocrx_word' id='word_1_472' title='bbox 1594 4245 1606 4267; x_wconf 88' lang='lat'><strong>,</strong></span> <span class='ocrx_word' id='word_1_473' title='bbox 1634 4215 1681 4259; x_wconf 86' lang='lat' dir='ltr'><strong>et</strong></span> <span class='ocrx_word' id='word_1_474' title='bbox 1707 4206 1878 4258; x_wconf 85' lang='lat' dir='ltr'><strong>salvos</strong></span> <span class='ocrx_word' id='word_1_475' title='bbox 1930 4205 2018 4274; x_wconf 77' lang='lat' dir='ltr'><strong>fa-</strong></span> 
     </span>
    </p>
   </div>
   <div class='ocr_carea' id='block_1_62' title="bbox 438 4296 2016 4367">
    <p class='ocr_par' dir='ltr' id='par_1_62' title="bbox 438 4296 2016 4367">
     <span class='ocr_line' id='line_1_62' title="bbox 438 4296 2016 4367; baseline 0.001 -19"><span class='ocrx_word' id='word_1_476' title='bbox 438 4296 542 4348; x_wconf 81' lang='lat' dir='ltr'><strong>ciet</strong></span> <span class='ocrx_word' id='word_1_477' title='bbox 577 4296 718 4364; x_wconf 82' lang='lat' dir='ltr'><strong>ﬁlios</strong></span> <span class='ocrx_word' id='word_1_478' title='bbox 755 4311 1068 4364; x_wconf 84' lang='lat' dir='ltr'><strong>pauperum.</strong></span> <span class='ocrx_word' id='word_1_479' title='bbox 1097 4297 1199 4352; x_wconf 89' lang='lat' dir='ltr'><strong>Per</strong></span> <span class='ocrx_word' id='word_1_480' title='bbox 1229 4313 1482 4367; x_wconf 83' lang='lat' dir='ltr'><strong>pauperes</strong></span> <span class='ocrx_word' id='word_1_481' title='bbox 1532 4297 1732 4366; x_wconf 84' lang='lat' dir='ltr'><strong>populi,</strong></span> <span class='ocrx_word' id='word_1_482' title='bbox 1769 4297 2016 4350; x_wconf 79' lang='lat' dir='ltr'><strong>rudiores</strong></span> 
     </span>
    </p>
   </div>
   <div class='ocr_carea' id='block_1_63' title="bbox 435 4384 2018 4455">
    <p class='ocr_par' dir='ltr' id='par_1_63' title="bbox 435 4384 2018 4455">
     <span class='ocr_line' id='line_1_63' title="bbox 435 4384 2018 4455; baseline 0.001 -19"><span class='ocrx_word' id='word_1_483' title='bbox 435 4385 708 4454; x_wconf 88' lang='lat' dir='ltr'><strong>quoslibet</strong></span> <span class='ocrx_word' id='word_1_484' title='bbox 736 4384 1444 4455; x_wconf 68' lang='lat' dir='ltr'><strong>Iudaeorumintelligunt:</strong></span> <span class='ocrx_word' id='word_1_485' title='bbox 1496 4386 1587 4454; x_wconf 90' lang='lat' dir='ltr'><strong>qui</strong></span> <span class='ocrx_word' id='word_1_486' title='bbox 1636 4386 1912 4439; x_wconf 80' lang='lat' dir='ltr'><strong>intellectu</strong></span> <span class='ocrx_word' id='word_1_487' title='bbox 1963 4394 2018 4438; x_wconf 92' lang='lat' dir='ltr'><strong>et</strong></span> 
     </span>
    </p>
   </div>
   <div class='ocr_carea' id='block_1_64' title="bbox 437 4476 2016 4547">
    <p class='ocr_par' dir='ltr' id='par_1_64' title="bbox 437 4476 2016 4547">
     <span class='ocr_line' id='line_1_64' title="bbox 437 4476 2016 4547; baseline 0.001 -19"><span class='ocrx_word' id='word_1_488' title='bbox 437 4476 723 4541; x_wconf 86' lang='lat' dir='ltr'><strong>prudentia</strong></span> <span class='ocrx_word' id='word_1_489' title='bbox 760 4486 919 4531; x_wconf 86' lang='lat' dir='ltr'><strong>erant</strong></span> <span class='ocrx_word' id='word_1_490' title='bbox 958 4492 1253 4547; x_wconf 83' lang='lat' dir='ltr'><strong>pauperes,</strong></span> <span class='ocrx_word' id='word_1_491' title='bbox 1285 4477 1413 4530; x_wconf 90' lang='lat' dir='ltr'><strong>dum</strong></span> <span class='ocrx_word' id='word_1_492' title='bbox 1445 4477 1603 4530; x_wconf 74' lang='lat' dir='ltr'><strong>nuda:</strong></span> <span class='ocrx_word' id='word_1_493' title='bbox 1630 4477 1764 4546; x_wconf 83' lang='lat' dir='ltr'><strong>legis</strong></span> <span class='ocrx_word' id='word_1_494' title='bbox 1819 4476 2016 4530; x_wconf 77' lang='lat' dir='ltr'><strong>litterze</strong></span> 
     </span>
    </p>
   </div>
   <div class='ocr_carea' id='block_1_65' title="bbox 436 4568 2016 4636">
    <p class='ocr_par' dir='ltr' id='par_1_65' title="bbox 436 4568 2016 4636">
     <span class='ocr_line' id='line_1_65' title="bbox 436 4568 2016 4636; baseline 0.001 -16"><span class='ocrx_word' id='word_1_495' title='bbox 436 4569 794 4632; x_wconf 87' lang='lat' dir='ltr'><strong>insistentes,</strong></span> <span class='ocrx_word' id='word_1_496' title='bbox 855 4569 925 4626; x_wconf 81' lang='lat' dir='ltr'><strong>ad</strong></span> <span class='ocrx_word' id='word_1_497' title='bbox 973 4571 1223 4624; x_wconf 87' lang='lat' dir='ltr'><strong>occultas</strong></span> <span class='ocrx_word' id='word_1_498' title='bbox 1269 4569 1447 4623; x_wconf 87' lang='lat' dir='ltr'><strong>sancti</strong></span> <span class='ocrx_word' id='word_1_499' title='bbox 1497 4568 1737 4636; x_wconf 88' lang='lat' dir='ltr'><strong>Spiritus</strong></span> <span class='ocrx_word' id='word_1_500' title='bbox 1793 4569 2016 4622; x_wconf 81' lang='lat' dir='ltr'><strong>divitias</strong></span> 
     </span>
    </p>
   </div>
   <div class='ocr_carea' id='block_1_66' title="bbox 2211 1995 3704 2068">
    <p class='ocr_par' dir='ltr' id='par_1_66' title="bbox 2211 1995 3704 2068">
     <span class='ocr_line' id='line_1_66' title="bbox 2211 1995 3704 2068; baseline -0.005 -13"><span class='ocrx_word' id='word_1_501' title='bbox 2211 2001 2576 2055; x_wconf 76' lang='grc' dir='ltr'>Ἀναλαϐέτω</span> <span class='ocrx_word' id='word_1_502' title='bbox 2636 2001 2707 2054; x_wconf 84' lang='grc' dir='ltr'>τὰ</span> <span class='ocrx_word' id='word_1_503' title='bbox 2745 1999 2852 2068; x_wconf 78' lang='grc' dir='ltr'><strong>ὄρη</strong></span> <span class='ocrx_word' id='word_1_504' title='bbox 2903 1999 3157 2068; x_wconf 72' lang='grc' dir='ltr'>εἰρήνην</span> <span class='ocrx_word' id='word_1_505' title='bbox 3186 2000 3263 2064; x_wconf 84' lang='grc' dir='ltr'>τῷ</span> <span class='ocrx_word' id='word_1_506' title='bbox 3292 1999 3460 2063; x_wconf 76' lang='grc' dir='ltr'><strong>λαῷ·</strong></span> <span class='ocrx_word' id='word_1_507' title='bbox 3524 1997 3615 2048; x_wconf 79' lang='grc' dir='ltr'>καὶ</span> <span class='ocrx_word' id='word_1_508' title='bbox 3653 1995 3704 2048; x_wconf 80' lang='lat' dir='ltr'><strong>ol</strong></span> 
     </span>
    </p>
   </div>
   <div class='ocr_carea' id='block_1_67' title="bbox 2124 2085 3704 2159">
    <p class='ocr_par' dir='ltr' id='par_1_67' title="bbox 2124 2085 3704 2159">
     <span class='ocr_line' id='line_1_67' title="bbox 2124 2085 3704 2159; baseline -0.004 -14"><span class='ocrx_word' id='word_1_509' title='bbox 2124 2093 2348 2158; x_wconf 77' lang='grc' dir='ltr'>βουνοί</span> <span class='ocrx_word' id='word_1_510' title='bbox 2383 2092 2804 2158; x_wconf 77' lang='grc' dir='ltr'>δικαιοσύνην.</span> <span class='ocrx_word' id='word_1_511' title='bbox 2838 2091 2997 2143; x_wconf 78' lang='grc' dir='ltr'>Κατὰ</span> <span class='ocrx_word' id='word_1_512' title='bbox 3037 2091 3197 2158; x_wconf 83' lang='grc' dir='ltr'>λόγον</span> <span class='ocrx_word' id='word_1_513' title='bbox 3238 2085 3704 2159; x_wconf 82' lang='grc' dir='ltr'>προσωποποιίας,</span> 
     </span>
    </p>
   </div>
   <div class='ocr_carea' id='block_1_68' title="bbox 2129 2179 3703 2253">
    <p class='ocr_par' dir='ltr' id='par_1_68' title="bbox 2129 2179 3703 2253">
     <span class='ocr_line' id='line_1_68' title="bbox 2129 2179 3703 2253; baseline -0.003 -17"><span class='ocrx_word' id='word_1_514' title='bbox 2129 2183 2482 2253; x_wconf 80' lang='grc' dir='ltr'>έγκελεύεται</span> <span class='ocrx_word' id='word_1_515' title='bbox 2512 2186 2624 2246; x_wconf 82' lang='grc' dir='ltr'>τοῖς</span> <span class='ocrx_word' id='word_1_516' title='bbox 2675 2183 2827 2252; x_wconf 75' lang='grc' dir='ltr'>ὅρεσι</span> <span class='ocrx_word' id='word_1_517' title='bbox 2874 2182 2974 2250; x_wconf 83' lang='grc' dir='ltr'>μὲν</span> <span class='ocrx_word' id='word_1_518' title='bbox 3019 2181 3434 2248; x_wconf 70' lang='grc' dir='ltr'>ἀναλαμϐάνειν</span> <span class='ocrx_word' id='word_1_519' title='bbox 3489 2179 3703 2246; x_wconf 61' lang='grc' dir='ltr'><strong>εἰρήνην</strong></span> 
     </span>
    </p>
   </div>
   <div class='ocr_carea' id='block_1_69' title="bbox 2130 2267 3703 2347">
    <p class='ocr_par' dir='ltr' id='par_1_69' title="bbox 2130 2267 3703 2347">
     <span class='ocr_line' id='line_1_69' title="bbox 2130 2267 3703 2347; baseline -0.009 -17"><span class='ocrx_word' id='word_1_520' title='bbox 2130 2277 2264 2347; x_wconf 78' lang='grc' dir='ltr'>πρὸς</span> <span class='ocrx_word' id='word_1_521' title='bbox 2284 2275 2378 2329; x_wconf 89' lang='grc' dir='ltr'><strong>τοῦ</strong></span> <span class='ocrx_word' id='word_1_522' title='bbox 2411 2274 2650 2345; x_wconf 81' lang='grc' dir='ltr'>Χριστοῦ</span> <span class='ocrx_word' id='word_1_523' title='bbox 2679 2314 2694 2340; x_wconf 90' lang='grc'><strong>,</strong></span> <span class='ocrx_word' id='word_1_524' title='bbox 2736 2277 2846 2336; x_wconf 89' lang='grc' dir='ltr'>τοῖς</span> <span class='ocrx_word' id='word_1_525' title='bbox 2869 2273 2925 2326; x_wconf 81' lang='grc' dir='ltr'><strong>δέ</strong></span> <span class='ocrx_word' id='word_1_526' title='bbox 2967 2273 3177 2343; x_wconf 79' lang='grc' dir='ltr'>βουνοῖς</span> <span class='ocrx_word' id='word_1_527' title='bbox 3213 2271 3591 2338; x_wconf 59' lang='grc' dir='ltr'>δικαιοσύνην</span> <span class='ocrx_word' id='word_1_528' title='bbox 3617 2267 3703 2320; x_wconf 75' lang='grc' dir='ltr'><strong>καὶ</strong></span> 
     </span>
    </p>
   </div>
   <div class='ocr_carea' id='block_1_70' title="bbox 2127 2358 3750 2439">
    <p class='ocr_par' dir='ltr' id='par_1_70' title="bbox 2127 2358 3750 2439">
     <span class='ocr_line' id='line_1_70' title="bbox 2127 2358 3750 2439; baseline -0.007 -18"><span class='ocrx_word' id='word_1_529' title='bbox 2127 2369 2322 2437; x_wconf 75' lang='grc' dir='ltr'>τὰμὲν</span> <span class='ocrx_word' id='word_1_530' title='bbox 2347 2368 2630 2439; x_wconf 75' lang='grc' dir='ltr'>εἰρηνικὴν</span> <span class='ocrx_word' id='word_1_531' title='bbox 2685 2365 2833 2436; x_wconf 85' lang='grc' dir='ltr'>αύτῷ</span> <span class='ocrx_word' id='word_1_532' title='bbox 2870 2365 3133 2435; x_wconf 88' lang='grc' dir='ltr'>παρέχειν</span> <span class='ocrx_word' id='word_1_533' title='bbox 3189 2364 3434 2430; x_wconf 61' lang='grc' dir='ltr'>δίαιταν,</span> <span class='ocrx_word' id='word_1_534' title='bbox 3487 2358 3703 2413; x_wconf 83' lang='grc' dir='ltr'>ἀπωσὰ-</span> <span class='ocrx_word' id='word_1_535' title='bbox 3747 2417 3750 2420; x_wconf 96' lang='lat'><em>_</em></span> 
     </span>
    </p>
   </div>
   <div class='ocr_carea' id='block_1_71' title="bbox 2133 2451 3705 2531">
    <p class='ocr_par' dir='ltr' id='par_1_71' title="bbox 2133 2451 3705 2531">
     <span class='ocr_line' id='line_1_71' title="bbox 2133 2451 3705 2531; baseline -0.007 -18"><span class='ocrx_word' id='word_1_536' title='bbox 2133 2479 2266 2531; x_wconf 83' lang='grc' dir='ltr'>μενοι</span> <span class='ocrx_word' id='word_1_537' title='bbox 2290 2462 2416 2523; x_wconf 72' lang='grc' dir='ltr'>τοὺς</span> <span class='ocrx_word' id='word_1_538' title='bbox 2446 2459 2778 2520; x_wconf 83' lang='grc' dir='ltr'><strong>στασιαστὰς</strong></span> <span class='ocrx_word' id='word_1_539' title='bbox 2833 2459 3100 2526; x_wconf 81' lang='grc' dir='ltr'>δαίμονας</span> <span class='ocrx_word' id='word_1_540' title='bbox 3133 2497 3147 2520; x_wconf 88' lang='grc'><strong>,</strong></span> <span class='ocrx_word' id='word_1_541' title='bbox 3202 2457 3324 2517; x_wconf 65' lang='grc' dir='ltr'>τοὺς</span> <span class='ocrx_word' id='word_1_542' title='bbox 3377 2456 3436 2506; x_wconf 78' lang='grc' dir='ltr'>δὲ</span> <span class='ocrx_word' id='word_1_543' title='bbox 3487 2451 3705 2510; x_wconf 78' lang='grc' dir='ltr'><strong>δικαίως</strong></span> 
     </span>
    </p>
   </div>
   <div class='ocr_carea' id='block_1_72' title="bbox 2129 2540 3704 2614">
    <p class='ocr_par' dir='ltr' id='par_1_72' title="bbox 2129 2540 3704 2614">
     <span class='ocr_line' id='line_1_72' title="bbox 2129 2540 3704 2614; baseline -0.008 -9"><span class='ocrx_word' id='word_1_544' title='bbox 2129 2555 2311 2614; x_wconf 85' lang='grc' dir='ltr'>αὐτοῖς</span> <span class='ocrx_word' id='word_1_545' title='bbox 2341 2551 2631 2612; x_wconf 82' lang='grc' dir='ltr'><strong>δουλεύειν,</strong></span> <span class='ocrx_word' id='word_1_546' title='bbox 2655 2550 2728 2612; x_wconf 81' lang='grc' dir='ltr'>ὡς</span> <span class='ocrx_word' id='word_1_547' title='bbox 2751 2549 2961 2610; x_wconf 83' lang='grc' dir='ltr'>δούλοις</span> <span class='ocrx_word' id='word_1_548' title='bbox 2983 2548 3078 2601; x_wconf 87' lang='grc' dir='ltr'><strong>τοῦ</strong></span> <span class='ocrx_word' id='word_1_549' title='bbox 3110 2547 3343 2601; x_wconf 83' lang='grc' dir='ltr'>Κτίστου</span> <span class='ocrx_word' id='word_1_550' title='bbox 3372 2561 3387 2573; x_wconf 81' lang='lat'><strong><em>°</em></strong></span> <span class='ocrx_word' id='word_1_551' title='bbox 3421 2545 3510 2597; x_wconf 78' lang='grc' dir='ltr'><strong>διὰ</strong></span> <span class='ocrx_word' id='word_1_552' title='bbox 3529 2542 3585 2596; x_wconf 80' lang='grc' dir='ltr'>δὲ</span> <span class='ocrx_word' id='word_1_553' title='bbox 3607 2540 3704 2593; x_wconf 82' lang='grc' dir='ltr'>τῶν</span> 
     </span>
    </p>
   </div>
   <div class='ocr_carea' id='block_1_73' title="bbox 2125 2633 3704 2716">
    <p class='ocr_par' dir='ltr' id='par_1_73' title="bbox 2125 2633 3704 2716">
     <span class='ocr_line' id='line_1_73' title="bbox 2125 2633 3704 2716; baseline -0.009 -17"><span class='ocrx_word' id='word_1_554' title='bbox 2125 2647 2298 2716; x_wconf 81' lang='grc' dir='ltr'>ὁρέων</span> <span class='ocrx_word' id='word_1_555' title='bbox 2331 2645 2561 2699; x_wconf 72' lang='grc' dir='ltr'>καὶτῶν</span> <span class='ocrx_word' id='word_1_556' title='bbox 2595 2643 2798 2712; x_wconf 83' lang='grc' dir='ltr'>βουνῶν</span> <span class='ocrx_word' id='word_1_557' title='bbox 2835 2641 2910 2704; x_wconf 80' lang='grc' dir='ltr'><strong>ὡς</strong></span> <span class='ocrx_word' id='word_1_558' title='bbox 2943 2640 3321 2710; x_wconf 71' lang='grc' dir='ltr'><strong>ὑπερεχόντων</strong></span> <span class='ocrx_word' id='word_1_559' title='bbox 3404 2638 3586 2690; x_wconf 82' lang='grc' dir='ltr'>πᾶσαν</span> <span class='ocrx_word' id='word_1_560' title='bbox 3613 2633 3704 2700; x_wconf 82' lang='grc' dir='ltr'><strong>τὴν</strong></span> 
     </span>
    </p>
   </div>
   <div class='ocr_carea' id='block_1_74' title="bbox 2125 2723 3701 2807">
    <p class='ocr_par' dir='ltr' id='par_1_74' title="bbox 2125 2723 3701 2807">
     <span class='ocr_line' id='line_1_74' title="bbox 2125 2723 3701 2807; baseline -0.021 -1"><span class='ocrx_word' id='word_1_561' title='bbox 2125 2741 2230 2807; x_wconf 69' lang='grc' dir='ltr'><strong>γῆν</strong></span> <span class='ocrx_word' id='word_1_562' title='bbox 2293 2734 2759 2806; x_wconf 76' lang='grc' dir='ltr'>συμπεριέλαϐεν,</span> <span class='ocrx_word' id='word_1_563' title='bbox 2823 2735 2903 2796; x_wconf 83' lang='grc' dir='ltr'>εἰς</span> <span class='ocrx_word' id='word_1_564' title='bbox 2935 2734 3000 2802; x_wconf 76' lang='grc' dir='ltr'>ἣν</span> <span class='ocrx_word' id='word_1_565' title='bbox 3055 2731 3280 2800; x_wconf 76' lang='grc' dir='ltr'>ἔμελλον</span> <span class='ocrx_word' id='word_1_566' title='bbox 3343 2727 3624 2792; x_wconf 75' lang='grc' dir='ltr'>κατοικεῖν</span> <span class='ocrx_word' id='word_1_567' title='bbox 3657 2723 3701 2776; x_wconf 81' lang='lat' dir='ltr'><strong>oi</strong></span> 
     </span>
    </p>
   </div>
   <div class='ocr_carea' id='block_1_75' title="bbox 2125 2815 3710 2899">
    <p class='ocr_par' dir='ltr' id='par_1_75' title="bbox 2125 2815 3710 2899">
     <span class='ocr_line' id='line_1_75' title="bbox 2125 2815 3710 2899; baseline -0.008 -18"><span class='ocrx_word' id='word_1_568' title='bbox 2125 2829 2499 2899; x_wconf 74' lang='grc' dir='ltr'>ἀναχωρητσιὶ,</span> <span class='ocrx_word' id='word_1_569' title='bbox 2556 2827 2649 2879; x_wconf 72' lang='grc' dir='ltr'><strong>καὶ</strong></span> <span class='ocrx_word' id='word_1_570' title='bbox 2711 2825 2974 2894; x_wconf 77' lang='grc' dir='ltr'><strong>ἀσκηταὶ,</strong></span> <span class='ocrx_word' id='word_1_571' title='bbox 3024 2825 3117 2877; x_wconf 72' lang='grc' dir='ltr'><strong>καὶ</strong></span> <span class='ocrx_word' id='word_1_572' title='bbox 3179 2823 3531 2892; x_wconf 80' lang='grc' dir='ltr'>στρατιῶται</span> <span class='ocrx_word' id='word_1_573' title='bbox 3615 2815 3710 2878; x_wconf 72' lang='grc' dir='ltr'><strong>τοῦ</strong></span> 
     </span>
    </p>
   </div>
   <div class='ocr_carea' id='block_1_76' title="bbox 2123 2908 3702 2992">
    <p class='ocr_par' dir='ltr' id='par_1_76' title="bbox 2123 2908 3702 2992">
     <span class='ocr_line' id='line_1_76' title="bbox 2123 2908 3702 2992; baseline -0.007 -20"><span class='ocrx_word' id='word_1_574' title='bbox 2123 2919 2364 2992; x_wconf 79' lang='grc' dir='ltr'>Χριστοῦ</span> <span class='ocrx_word' id='word_1_575' title='bbox 2387 2937 2398 2947; x_wconf 89' lang='grc'><strong>·</strong></span> <span class='ocrx_word' id='word_1_576' title='bbox 2451 2921 2483 2989; x_wconf 82' lang='grc' dir='ltr'><strong>ἢ</strong></span> <span class='ocrx_word' id='word_1_577' title='bbox 2531 2919 2634 2988; x_wconf 74' lang='grc' dir='ltr'><strong>ὅρη</strong></span> <span class='ocrx_word' id='word_1_578' title='bbox 2682 2917 2782 2986; x_wconf 77' lang='grc' dir='ltr'><strong>μὲν</strong></span> <span class='ocrx_word' id='word_1_579' title='bbox 2812 2917 3025 2986; x_wconf 83' lang='grc' dir='ltr'>νοήσεις</span> <span class='ocrx_word' id='word_1_580' title='bbox 3054 2915 3181 2975; x_wconf 79' lang='grc' dir='ltr'>τοὺς</span> <span class='ocrx_word' id='word_1_581' title='bbox 3214 2913 3605 2984; x_wconf 77' lang='grc' dir='ltr'>ἁρχαγγέλους</span> <span class='ocrx_word' id='word_1_582' title='bbox 3631 2908 3702 2969; x_wconf 75' lang='grc' dir='ltr'><strong>ὡς</strong></span> 
     </span>
    </p>
   </div>
   <div class='ocr_carea' id='block_1_77' title="bbox 2124 3002 3705 3082">
    <p class='ocr_par' dir='ltr' id='par_1_77' title="bbox 2124 3002 3705 3082">
     <span class='ocr_line' id='line_1_77' title="bbox 2124 3002 3705 3082; baseline -0.008 -17"><span class='ocrx_word' id='word_1_583' title='bbox 2124 3013 2497 3082; x_wconf 83' lang='grc' dir='ltr'>ὑπερέχοντας</span> <span class='ocrx_word' id='word_1_584' title='bbox 2511 3013 2622 3070; x_wconf 77' lang='grc' dir='ltr'>τῶν</span> <span class='ocrx_word' id='word_1_585' title='bbox 2641 3009 2916 3079; x_wconf 78' lang='grc' dir='ltr'>ἀγγέλων,</span> <span class='ocrx_word' id='word_1_586' title='bbox 2945 3007 3168 3078; x_wconf 78' lang='grc' dir='ltr'>βουνοὺς</span> <span class='ocrx_word' id='word_1_587' title='bbox 3198 3007 3254 3061; x_wconf 80' lang='grc' dir='ltr'>δὲ</span> <span class='ocrx_word' id='word_1_588' title='bbox 3282 3009 3423 3069; x_wconf 72' lang='grc' dir='ltr'>τοὺς</span> <span class='ocrx_word' id='word_1_589' title='bbox 3447 3002 3705 3072; x_wconf 74' lang='grc' dir='ltr'><strong>ἀγγέλους</strong></span> 
     </span>
    </p>
   </div>
   <div class='ocr_carea' id='block_1_78' title="bbox 2120 3094 3705 3170">
    <p class='ocr_par' dir='ltr' id='par_1_78' title="bbox 2120 3094 3705 3170">
     <span class='ocr_line' id='line_1_78' title="bbox 2120 3094 3705 3170; baseline -0.006 -15"><span class='ocrx_word' id='word_1_590' title='bbox 2120 3104 2196 3168; x_wconf 83' lang='grc' dir='ltr'>ὡς</span> <span class='ocrx_word' id='word_1_591' title='bbox 2221 3104 2642 3170; x_wconf 80' lang='grc' dir='ltr'>ὑποϐεϐηκότας</span> <span class='ocrx_word' id='word_1_592' title='bbox 2673 3103 2881 3166; x_wconf 80' lang='grc' dir='ltr'>αὐτοῖς.</span> <span class='ocrx_word' id='word_1_593' title='bbox 2917 3100 3330 3170; x_wconf 81' lang='grc' dir='ltr'>’Υπερηρμένοι</span> <span class='ocrx_word' id='word_1_594' title='bbox 3390 3100 3447 3151; x_wconf 86' lang='grc' dir='ltr'><strong>δέ</strong></span> <span class='ocrx_word' id='word_1_595' title='bbox 3475 3100 3582 3150; x_wconf 87' lang='grc' dir='ltr'>εἱσι</span> <span class='ocrx_word' id='word_1_596' title='bbox 3615 3094 3705 3147; x_wconf 63' lang='grc' dir='ltr'><strong>καὶ</strong></span> 
     </span>
    </p>
   </div>
   <div class='ocr_carea' id='block_1_79' title="bbox 2123 3185 3699 3261">
    <p class='ocr_par' dir='ltr' id='par_1_79' title="bbox 2123 3185 3699 3261">
     <span class='ocr_line' id='line_1_79' title="bbox 2123 3185 3699 3261; baseline -0.006 -11"><span class='ocrx_word' id='word_1_597' title='bbox 2123 3190 2271 3256; x_wconf 69' lang='grc' dir='ltr'>οὗτοι</span> <span class='ocrx_word' id='word_1_598' title='bbox 2304 3199 2547 3249; x_wconf 79' lang='grc' dir='ltr'>κάκεῖνοι</span> <span class='ocrx_word' id='word_1_599' title='bbox 2571 3195 2680 3247; x_wconf 79' lang='grc' dir='ltr'>τῶν</span> <span class='ocrx_word' id='word_1_600' title='bbox 2713 3195 2921 3261; x_wconf 74' lang='grc' dir='ltr'>γηΐνων</span> <span class='ocrx_word' id='word_1_601' title='bbox 2955 3192 3031 3255; x_wconf 83' lang='grc' dir='ltr'>ὡς</span> <span class='ocrx_word' id='word_1_602' title='bbox 3069 3191 3137 3243; x_wconf 77' lang='grc' dir='ltr'>τὰ</span> <span class='ocrx_word' id='word_1_603' title='bbox 3168 3190 3269 3259; x_wconf 77' lang='grc' dir='ltr'><strong>ὅρη</strong></span> <span class='ocrx_word' id='word_1_604' title='bbox 3303 3193 3416 3243; x_wconf 69' lang='grc' dir='ltr'><strong>καὶ</strong></span> <span class='ocrx_word' id='word_1_605' title='bbox 3443 3192 3492 3242; x_wconf 84' lang='grc' dir='ltr'>οἱ</span> <span class='ocrx_word' id='word_1_606' title='bbox 3527 3185 3699 3257; x_wconf 66' lang='grc' dir='ltr'>βουνοὶ</span> 
     </span>
    </p>
   </div>
   <div class='ocr_carea' id='block_1_80' title="bbox 2122 3277 3708 3356">
    <p class='ocr_par' dir='ltr' id='par_1_80' title="bbox 2122 3277 3708 3356">
     <span class='ocr_line' id='line_1_80' title="bbox 2122 3277 3708 3356; baseline -0.013 -11"><span class='ocrx_word' id='word_1_607' title='bbox 2122 3289 2223 3355; x_wconf 80' lang='grc' dir='ltr'>τῆς</span> <span class='ocrx_word' id='word_1_608' title='bbox 2253 3291 2388 3356; x_wconf 74' lang='grc' dir='ltr'>γῆς,</span> <span class='ocrx_word' id='word_1_609' title='bbox 2423 3286 2516 3350; x_wconf 85' lang='grc' dir='ltr'>οὒς</span> <span class='ocrx_word' id='word_1_610' title='bbox 2548 3287 2646 3342; x_wconf 75' lang='grc' dir='ltr'><strong>καὶ</strong></span> <span class='ocrx_word' id='word_1_611' title='bbox 2691 3284 3066 3354; x_wconf 82' lang='grc' dir='ltr'>προτρέπεται</span> <span class='ocrx_word' id='word_1_612' title='bbox 3103 3283 3432 3352; x_wconf 79' lang='grc' dir='ltr'>εἰρηνεύειν</span> <span class='ocrx_word' id='word_1_613' title='bbox 3482 3279 3575 3332; x_wconf 63' lang='grc' dir='ltr'><strong>τοῦ</strong></span> <span class='ocrx_word' id='word_1_614' title='bbox 3608 3277 3708 3338; x_wconf 17' lang='grc' dir='ltr'>λοινι</span> 
     </span>
    </p>
   </div>
   <div class='ocr_carea' id='block_1_81' title="bbox 2124 3364 3710 3449">
    <p class='ocr_par' dir='ltr' id='par_1_81' title="bbox 2124 3364 3710 3449">
     <span class='ocr_line' id='line_1_81' title="bbox 2124 3364 3710 3449; baseline -0.009 -16"><span class='ocrx_word' id='word_1_615' title='bbox 2124 3380 2228 3433; x_wconf 88' lang='grc' dir='ltr'><strong>ποῦ</strong></span> <span class='ocrx_word' id='word_1_616' title='bbox 2288 3379 2425 3449; x_wconf 73' lang='grc' dir='ltr'>πρὸς</span> <span class='ocrx_word' id='word_1_617' title='bbox 2466 3378 2557 3430; x_wconf 80' lang='grc' dir='ltr'><strong>τὸν</strong></span> <span class='ocrx_word' id='word_1_618' title='bbox 2586 3376 2718 3430; x_wconf 72' lang='grc' dir='ltr'>λαὸν</span> <span class='ocrx_word' id='word_1_619' title='bbox 2747 3375 2842 3428; x_wconf 89' lang='grc' dir='ltr'><strong>τοῦ</strong></span> <span class='ocrx_word' id='word_1_620' title='bbox 2886 3373 3154 3444; x_wconf 76' lang='grc' dir='ltr'>Χριστοῦ,</span> <span class='ocrx_word' id='word_1_621' title='bbox 3184 3373 3281 3425; x_wconf 71' lang='grc' dir='ltr'><strong>καὶ</strong></span> <span class='ocrx_word' id='word_1_622' title='bbox 3301 3372 3546 3433; x_wconf 72' lang='grc' dir='ltr'>δικαίως</span> <span class='ocrx_word' id='word_1_623' title='bbox 3571 3364 3710 3435; x_wconf 80' lang='grc' dir='ltr'><strong>αὺτῷ</strong></span> 
     </span>
    </p>
   </div>
   <div class='ocr_carea' id='block_1_82' title="bbox 2125 3461 3708 3543">
    <p class='ocr_par' dir='ltr' id='par_1_82' title="bbox 2125 3461 3708 3543">
     <span class='ocr_line' id='line_1_82' title="bbox 2125 3461 3708 3543; baseline -0.008 -18"><span class='ocrx_word' id='word_1_624' title='bbox 2125 3470 2558 3543; x_wconf 70' lang='grc' dir='ltr'>προσφέρεσθαι,</span> <span class='ocrx_word' id='word_1_625' title='bbox 2606 3469 2682 3530; x_wconf 85' lang='grc' dir='ltr'>ὡς</span> <span class='ocrx_word' id='word_1_626' title='bbox 2713 3467 3051 3537; x_wconf 69' lang='grc' dir='ltr'>κληρονομίᾳ</span> <span class='ocrx_word' id='word_1_627' title='bbox 3081 3467 3173 3528; x_wconf 81' lang='grc' dir='ltr'><strong>τοῦ</strong></span> <span class='ocrx_word' id='word_1_628' title='bbox 3215 3468 3538 3521; x_wconf 74' lang='grc' dir='ltr'>Δεσπότου.,</span> <span class='ocrx_word' id='word_1_629' title='bbox 3577 3461 3708 3529; x_wconf 84' lang='grc' dir='ltr'>Πρό-</span> 
     </span>
    </p>
   </div>
   <div class='ocr_carea' id='block_1_83' title="bbox 2121 3549 3704 3634">
    <p class='ocr_par' dir='ltr' id='par_1_83' title="bbox 2121 3549 3704 3634">
     <span class='ocr_line' id='line_1_83' title="bbox 2121 3549 3704 3634; baseline -0.011 -16"><span class='ocrx_word' id='word_1_630' title='bbox 2121 3582 2279 3634; x_wconf 86' lang='grc' dir='ltr'>τερον</span> <span class='ocrx_word' id='word_1_631' title='bbox 2306 3563 2416 3633; x_wconf 83' lang='grc' dir='ltr'>γὰρ</span> <span class='ocrx_word' id='word_1_632' title='bbox 2445 3558 2585 3632; x_wconf 74' lang='grc' dir='ltr'>ἦσαν</span> <span class='ocrx_word' id='word_1_633' title='bbox 2611 3558 3141 3627; x_wconf 72' lang='grc' dir='ltr'>ἐκπεπολεμωμένοι</span> <span class='ocrx_word' id='word_1_634' title='bbox 3164 3558 3240 3626; x_wconf 78' lang='grc' dir='ltr'><strong>τῷ</strong></span> <span class='ocrx_word' id='word_1_635' title='bbox 3267 3557 3393 3626; x_wconf 83' lang='grc' dir='ltr'><strong>λαῷ</strong></span> <span class='ocrx_word' id='word_1_636' title='bbox 3426 3555 3603 3624; x_wconf 82' lang='grc' dir='ltr'>τούτῳ</span> <span class='ocrx_word' id='word_1_637' title='bbox 3621 3549 3704 3603; x_wconf 76' lang='grc' dir='ltr'>διὸ.</span> 
     </span>
    </p>
   </div>
   <div class='ocr_carea' id='block_1_84' title="bbox 2120 3646 3712 3728">
    <p class='ocr_par' dir='ltr' id='par_1_84' title="bbox 2120 3646 3712 3728">
     <span class='ocr_line' id='line_1_84' title="bbox 2120 3646 3712 3728; baseline -0.011 -18"><span class='ocrx_word' id='word_1_638' title='bbox 2120 3657 2218 3728; x_wconf 85' lang='grc' dir='ltr'><strong>τὴν</strong></span> <span class='ocrx_word' id='word_1_639' title='bbox 2243 3655 2600 3710; x_wconf 79' lang='grc' dir='ltr'>ἀσέϐειαν.“Η</span> <span class='ocrx_word' id='word_1_640' title='bbox 2631 3653 2729 3722; x_wconf 78' lang='grc' dir='ltr'><strong>ὅρη</strong></span> <span class='ocrx_word' id='word_1_641' title='bbox 2769 3651 2867 3720; x_wconf 87' lang='grc' dir='ltr'>μὲν</span> <span class='ocrx_word' id='word_1_642' title='bbox 2918 3653 2965 3702; x_wconf 80' lang='grc' dir='ltr'>οἱ</span> <span class='ocrx_word' id='word_1_643' title='bbox 3010 3649 3247 3719; x_wconf 78' lang='grc' dir='ltr'>βασιλεῖς</span> <span class='ocrx_word' id='word_1_644' title='bbox 3283 3651 3384 3701; x_wconf 72' lang='grc' dir='ltr'><strong>καὶ</strong></span> <span class='ocrx_word' id='word_1_645' title='bbox 3420 3646 3712 3715; x_wconf 59' lang='grc' dir='ltr'>ἡγεμόνες,</span> 
     </span>
    </p>
   </div>
   <div class='ocr_carea' id='block_1_85' title="bbox 2124 3733 3706 3819">
    <p class='ocr_par' dir='ltr' id='par_1_85' title="bbox 2124 3733 3706 3819">
     <span class='ocr_line' id='line_1_85' title="bbox 2124 3733 3706 3819; baseline -0.011 -17"><span class='ocrx_word' id='word_1_646' title='bbox 2124 3748 2304 3819; x_wconf 78' lang='grc' dir='ltr'>βουνοὶ</span> <span class='ocrx_word' id='word_1_647' title='bbox 2350 3747 2407 3799; x_wconf 86' lang='grc' dir='ltr'>δὲ</span> <span class='ocrx_word' id='word_1_648' title='bbox 2454 3747 2502 3798; x_wconf 88' lang='grc' dir='ltr'>οἱ</span> <span class='ocrx_word' id='word_1_649' title='bbox 2556 3742 2962 3813; x_wconf 78' lang='grc' dir='ltr'>ὑποϐεϐηκότες</span> <span class='ocrx_word' id='word_1_650' title='bbox 2991 3741 3296 3810; x_wconf 80' lang='grc' dir='ltr'>ἄρχοντες·</span> <span class='ocrx_word' id='word_1_651' title='bbox 3344 3739 3539 3792; x_wconf 74' lang='grc' dir='ltr'>πολλοὶ</span> <span class='ocrx_word' id='word_1_652' title='bbox 3601 3733 3706 3802; x_wconf 80' lang='grc' dir='ltr'><strong>γὰρ</strong></span> 
     </span>
    </p>
   </div>
   <div class='ocr_carea' id='block_1_86' title="bbox 2119 3823 3708 3906">
    <p class='ocr_par' dir='ltr' id='par_1_86' title="bbox 2119 3823 3708 3906">
     <span class='ocr_line' id='line_1_86' title="bbox 2119 3823 3708 3906; baseline -0.011 -14"><span class='ocrx_word' id='word_1_653' title='bbox 2119 3838 2355 3892; x_wconf 84' lang='grc' dir='ltr'>τοιοῦτοι</span> <span class='ocrx_word' id='word_1_654' title='bbox 2384 3837 2521 3906; x_wconf 85' lang='grc' dir='ltr'>πρὸς</span> <span class='ocrx_word' id='word_1_655' title='bbox 2549 3835 2648 3904; x_wconf 83' lang='grc' dir='ltr'><strong>τὴν</strong></span> <span class='ocrx_word' id='word_1_656' title='bbox 2674 3834 2857 3886; x_wconf 83' lang='grc' dir='ltr'>πίστιν</span> <span class='ocrx_word' id='word_1_657' title='bbox 2890 3827 3054 3902; x_wconf 77' lang='grc' dir='ltr'>ἦλθον</span> <span class='ocrx_word' id='word_1_658' title='bbox 3087 3830 3522 3899; x_wconf 80' lang='grc' dir='ltr'>είρηνεύσαντες</span> <span class='ocrx_word' id='word_1_659' title='bbox 3549 3870 3564 3892; x_wconf 87' lang='grc'><strong>,</strong></span> <span class='ocrx_word' id='word_1_660' title='bbox 3619 3823 3708 3886; x_wconf 71' lang='grc' dir='ltr'><strong>καὶ</strong></span> 
     </span>
    </p>
   </div>
   <div class='ocr_carea' id='block_1_87' title="bbox 2121 3922 3399 3999">
    <p class='ocr_par' dir='ltr' id='par_1_87' title="bbox 2121 3922 3399 3999">
     <span class='ocr_line' id='line_1_87' title="bbox 2121 3922 3399 3999; baseline -0.005 -16"><span class='ocrx_word' id='word_1_661' title='bbox 2121 3931 2344 3993; x_wconf 73' lang='grc' dir='ltr'>δικαίως</span> <span class='ocrx_word' id='word_1_662' title='bbox 2374 3929 2452 3999; x_wconf 80' lang='grc' dir='ltr'><strong>τῷ</strong></span> <span class='ocrx_word' id='word_1_663' title='bbox 2475 3926 2592 3996; x_wconf 80' lang='grc' dir='ltr'>λαῷ</span> <span class='ocrx_word' id='word_1_664' title='bbox 2623 3925 2717 3978; x_wconf 90' lang='grc' dir='ltr'><strong>τοῦ</strong></span> <span class='ocrx_word' id='word_1_665' title='bbox 2750 3923 2989 3994; x_wconf 87' lang='grc' dir='ltr'>Χριστοῦ</span> <span class='ocrx_word' id='word_1_666' title='bbox 3021 3922 3399 3994; x_wconf 77' lang='grc' dir='ltr'>χρησάμενοι.</span> 
     </span>
    </p>
   </div>
   <div class='ocr_carea' id='block_1_88' title="bbox 2192 4177 3710 4268">
    <p class='ocr_par' dir='ltr' id='par_1_88' title="bbox 2192 4177 3710 4268">
     <span class='ocr_line' id='line_1_88' title="bbox 2192 4177 3710 4268; baseline -0.016 -12"><span class='ocrx_word' id='word_1_667' title='bbox 2192 4199 2393 4268; x_wconf 72' lang='grc' dir='ltr'>Κρινεῖ</span> <span class='ocrx_word' id='word_1_668' title='bbox 2416 4196 2558 4262; x_wconf 79' lang='grc' dir='ltr'><strong>τοὺς</strong></span> <span class='ocrx_word' id='word_1_669' title='bbox 2583 4192 2853 4261; x_wconf 75' lang='grc' dir='ltr'>πτωχοὺς</span> <span class='ocrx_word' id='word_1_670' title='bbox 2873 4190 2979 4243; x_wconf 83' lang='grc' dir='ltr'><strong>τοῦ</strong></span> <span class='ocrx_word' id='word_1_671' title='bbox 3010 4189 3187 4250; x_wconf 65' lang='grc' dir='ltr'>λαοῦ,</span> <span class='ocrx_word' id='word_1_672' title='bbox 3214 4188 3324 4241; x_wconf 76' lang='grc' dir='ltr'>καὶ</span> <span class='ocrx_word' id='word_1_673' title='bbox 3350 4185 3549 4239; x_wconf 81' lang='grc' dir='ltr'>σώσει</span> <span class='ocrx_word' id='word_1_674' title='bbox 3570 4177 3710 4248; x_wconf 78' lang='grc' dir='ltr'>τοὺς</span> 
     </span>
    </p>
   </div>
   <div class='ocr_carea' id='block_1_89' title="bbox 2118 4271 3711 4357">
    <p class='ocr_par' dir='ltr' id='par_1_89' title="bbox 2118 4271 3711 4357">
     <span class='ocr_line' id='line_1_89' title="bbox 2118 4271 3711 4357; baseline -0.016 -9"><span class='ocrx_word' id='word_1_675' title='bbox 2118 4293 2288 4357; x_wconf 81' lang='grc' dir='ltr'><strong>υιοὺς</strong></span> <span class='ocrx_word' id='word_1_676' title='bbox 2318 4288 2435 4343; x_wconf 82' lang='grc' dir='ltr'>τῶν</span> <span class='ocrx_word' id='word_1_677' title='bbox 2455 4287 2747 4353; x_wconf 73' lang='grc' dir='ltr'>πενήτων,</span> <span class='ocrx_word' id='word_1_678' title='bbox 2796 4283 3052 4350; x_wconf 84' lang='grc' dir='ltr'>Πτωχοὺς</span> <span class='ocrx_word' id='word_1_679' title='bbox 3082 4279 3174 4332; x_wconf 87' lang='grc' dir='ltr'><strong>τοῦ</strong></span> <span class='ocrx_word' id='word_1_680' title='bbox 3205 4279 3343 4331; x_wconf 84' lang='grc' dir='ltr'>λαοῦ</span> <span class='ocrx_word' id='word_1_681' title='bbox 3377 4293 3519 4346; x_wconf 80' lang='grc' dir='ltr'>φησι</span> <span class='ocrx_word' id='word_1_682' title='bbox 3589 4271 3711 4329; x_wconf 71' lang='grc' dir='ltr'>τοὺς</span> 
     </span>
    </p>
   </div>
   <div class='ocr_carea' id='block_1_90' title="bbox 2123 4365 3718 4454">
    <p class='ocr_par' dir='ltr' id='par_1_90' title="bbox 2123 4365 3718 4454">
     <span class='ocr_line' id='line_1_90' title="bbox 2123 4365 3718 4454; baseline -0.014 -14"><span class='ocrx_word' id='word_1_683' title='bbox 2123 4384 2469 4454; x_wconf 80' lang='grc' dir='ltr'>παχυτέρους</span> <span class='ocrx_word' id='word_1_684' title='bbox 2499 4382 2608 4433; x_wconf 79' lang='grc' dir='ltr'>τῶν</span> <span class='ocrx_word' id='word_1_685' title='bbox 2659 4376 2946 4439; x_wconf 82' lang='grc' dir='ltr'>Ἰουδαίων,</span> <span class='ocrx_word' id='word_1_686' title='bbox 2983 4375 3235 4444; x_wconf 73' lang='grc' dir='ltr'>πτωχοὺς</span> <span class='ocrx_word' id='word_1_687' title='bbox 3261 4374 3458 4434; x_wconf 75' lang='grc' dir='ltr'>ὄντας,</span> <span class='ocrx_word' id='word_1_688' title='bbox 3489 4372 3571 4432; x_wconf 87' lang='grc' dir='ltr'>εἰς</span> <span class='ocrx_word' id='word_1_689' title='bbox 3594 4365 3718 4418; x_wconf 71' lang='grc' dir='ltr'>σύντ</span> 
     </span>
    </p>
   </div>
   <div class='ocr_carea' id='block_1_91' title="bbox 2120 4455 3714 4540">
    <p class='ocr_par' dir='ltr' id='par_1_91' title="bbox 2120 4455 3714 4540">
     <span class='ocr_line' id='line_1_91' title="bbox 2120 4455 3714 4540; baseline -0.016 -11"><span class='ocrx_word' id='word_1_690' title='bbox 2120 4494 2234 4528; x_wconf 85' lang='grc' dir='ltr'>εσιν</span> <span class='ocrx_word' id='word_1_691' title='bbox 2256 4493 2268 4505; x_wconf 89' lang='grc'><strong>·</strong></span> <span class='ocrx_word' id='word_1_692' title='bbox 2321 4467 2408 4532; x_wconf 71' lang='grc' dir='ltr'><strong>οἷα</strong></span> <span class='ocrx_word' id='word_1_693' title='bbox 2457 4468 2652 4540; x_wconf 81' lang='grc' dir='ltr'>γυμνῷ</span> <span class='ocrx_word' id='word_1_694' title='bbox 2674 4468 2751 4536; x_wconf 81' lang='grc' dir='ltr'>τῷ</span> <span class='ocrx_word' id='word_1_695' title='bbox 2780 4466 3075 4534; x_wconf 74' lang='grc' dir='ltr'>γράμματι</span> <span class='ocrx_word' id='word_1_696' title='bbox 3121 4463 3584 4531; x_wconf 80' lang='grc' dir='ltr'>παραμένοντας,</span> <span class='ocrx_word' id='word_1_697' title='bbox 3618 4455 3714 4516; x_wconf 69' lang='grc' dir='ltr'>καὶ</span> 
     </span>
    </p>
   </div>
   <div class='ocr_carea' id='block_1_92' title="bbox 2120 4549 3716 4637">
    <p class='ocr_par' dir='ltr' id='par_1_92' title="bbox 2120 4549 3716 4637">
     <span class='ocr_line' id='line_1_92' title="bbox 2120 4549 3716 4637; baseline -0.015 -17"><span class='ocrx_word' id='word_1_698' title='bbox 2120 4569 2256 4637; x_wconf 63' lang='grc' dir='ltr'>πρὸς</span> <span class='ocrx_word' id='word_1_699' title='bbox 2285 4565 2376 4618; x_wconf 76' lang='grc' dir='ltr'><strong>τὸν</strong></span> <span class='ocrx_word' id='word_1_700' title='bbox 2441 4558 2892 4631; x_wconf 80' lang='grc' dir='ltr'>ἐγκεκρυμμένον</span> <span class='ocrx_word' id='word_1_701' title='bbox 2946 4553 3174 4614; x_wconf 83' lang='grc' dir='ltr'>πλοῦτον</span> <span class='ocrx_word' id='word_1_702' title='bbox 3225 4553 3327 4605; x_wconf 83' lang='grc' dir='ltr'><strong>τοῦ</strong></span> <span class='ocrx_word' id='word_1_703' title='bbox 3395 4549 3716 4617; x_wconf 83' lang='grc' dir='ltr'>Πνεύματος</span> 
     </span>
    </p>
   </div>
   <div class='ocr_carea' id='block_1_93' title="bbox 435 4641 2022 4745">
    <p class='ocr_par' dir='ltr' id='par_1_93' title="bbox 435 4661 2015 4732">
     <span class='ocr_line' id='line_1_93' title="bbox 435 4661 2015 4732; baseline 0.003 -22"><span class='ocrx_word' id='word_1_704' title='bbox 435 4661 747 4728; x_wconf 87' lang='lat' dir='ltr'><strong>prospicere</strong></span> <span class='ocrx_word' id='word_1_705' title='bbox 781 4676 889 4719; x_wconf 93' lang='lat' dir='ltr'><strong>non</strong></span> <span class='ocrx_word' id='word_1_706' title='bbox 956 4663 1243 4729; x_wconf 80' lang='lat' dir='ltr'><strong>valebant;</strong></span> <span class='ocrx_word' id='word_1_707' title='bbox 1274 4677 1373 4732; x_wconf 89' lang='lat' dir='ltr'><strong>per</strong></span> <span class='ocrx_word' id='word_1_708' title='bbox 1419 4661 1559 4730; x_wconf 82' lang='lat' dir='ltr'><strong>ﬁlios</strong></span> <span class='ocrx_word' id='word_1_709' title='bbox 1598 4669 1777 4716; x_wconf 87' lang='lat' dir='ltr'><strong>autem</strong></span> <span class='ocrx_word' id='word_1_710' title='bbox 1826 4677 2015 4730; x_wconf 83' lang='lat' dir='ltr'><strong>paupe-</strong></span> 
     </span>
    </p>
   </div>
   <div class='ocr_carea' id='block_1_94' title="bbox 2126 4641 3712 4745">
    <p class='ocr_par' dir='ltr' id='par_1_94' title="bbox 2126 4641 3712 4725">
     <span class='ocr_line' id='line_1_94' title="bbox 2126 4641 3712 4725; baseline -0.014 -13"><span class='ocrx_word' id='word_1_711' title='bbox 2126 4660 2178 4712; x_wconf 76' lang='grc' dir='ltr'>οὐ</span> <span class='ocrx_word' id='word_1_712' title='bbox 2203 4657 2540 4725; x_wconf 77' lang='grc' dir='ltr'>δυναμένους</span> <span class='ocrx_word' id='word_1_713' title='bbox 2565 4650 2974 4720; x_wconf 81' lang='grc' dir='ltr'>παρακύπτειν·</span> <span class='ocrx_word' id='word_1_714' title='bbox 3005 4647 3154 4711; x_wconf 72' lang='grc' dir='ltr'>υἱοὺς</span> <span class='ocrx_word' id='word_1_715' title='bbox 3185 4645 3242 4714; x_wconf 70' lang='grc' dir='ltr'>δὲ</span> <span class='ocrx_word' id='word_1_716' title='bbox 3278 4644 3397 4696; x_wconf 83' lang='grc' dir='ltr'><strong>τῶν</strong></span> <span class='ocrx_word' id='word_1_717' title='bbox 3435 4641 3712 4708; x_wconf 84' lang='grc' dir='ltr'>πενήτων.</span> 
     </span>
    </p>
   </div>
   <div class='ocr_carea' id='block_1_95' title="bbox 436 4751 2015 4821">
    <p class='ocr_par' dir='ltr' id='par_1_95' title="bbox 436 4751 2015 4821">
     <span class='ocr_line' id='line_1_95' title="bbox 436 4751 2015 4821; baseline 0.002 -18"><span class='ocrx_word' id='word_1_718' title='bbox 436 4767 574 4815; x_wconf 83' lang='lat' dir='ltr'><strong>rum,</strong></span> <span class='ocrx_word' id='word_1_719' title='bbox 615 4751 802 4809; x_wconf 80' lang='lat' dir='ltr'><strong>ﬁdeles</strong></span> <span class='ocrx_word' id='word_1_720' title='bbox 834 4754 885 4808; x_wconf 93' lang='lat' dir='ltr'><strong>in</strong></span> <span class='ocrx_word' id='word_1_721' title='bbox 908 4753 1186 4809; x_wconf 90' lang='lat' dir='ltr'><strong>Christum</strong></span> <span class='ocrx_word' id='word_1_722' title='bbox 1221 4753 1488 4821; x_wconf 81' lang='lat' dir='ltr'><strong>intelligit,</strong></span> <span class='ocrx_word' id='word_1_723' title='bbox 1512 4767 1742 4821; x_wconf 54' lang='lat' dir='ltr'><strong>qut-rum</strong></span> <span class='ocrx_word' id='word_1_724' title='bbox 1764 4765 2015 4821; x_wconf 88' lang='lat' dir='ltr'><strong>parentes</strong></span> 
     </span>
    </p>
   </div>
   <div class='ocr_carea' id='block_1_96' title="bbox 437 4844 2019 4915">
    <p class='ocr_par' dir='ltr' id='par_1_96' title="bbox 437 4844 2019 4915">
     <span class='ocr_line' id='line_1_96' title="bbox 437 4844 2019 4915; baseline 0.003 -21"><span class='ocrx_word' id='word_1_725' title='bbox 437 4845 637 4912; x_wconf 82' lang='lat' dir='ltr'><strong>pietate</strong></span> <span class='ocrx_word' id='word_1_726' title='bbox 667 4859 729 4899; x_wconf 89' lang='lat' dir='ltr'><strong>ac</strong></span> <span class='ocrx_word' id='word_1_727' title='bbox 755 4846 1018 4915; x_wconf 80' lang='lat' dir='ltr'><strong>religione</strong></span> <span class='ocrx_word' id='word_1_728' title='bbox 1039 4861 1308 4915; x_wconf 83' lang='lat' dir='ltr'><strong>pauperes</strong></span> <span class='ocrx_word' id='word_1_729' title='bbox 1344 4844 1514 4909; x_wconf 81' lang='lat' dir='ltr'><strong>fuere,</strong></span> <span class='ocrx_word' id='word_1_730' title='bbox 1550 4845 1730 4899; x_wconf 89' lang='lat' dir='ltr'><strong>nullas</strong></span> <span class='ocrx_word' id='word_1_731' title='bbox 1757 4845 2019 4899; x_wconf 83' lang='lat' dir='ltr'><strong>habentes</strong></span> 
     </span>
    </p>
   </div>
   <div class='ocr_carea' id='block_1_97' title="bbox 434 4941 2018 5013">
    <p class='ocr_par' dir='ltr' id='par_1_97' title="bbox 434 4941 2018 5013">
     <span class='ocr_line' id='line_1_97' title="bbox 434 4941 2018 5013; baseline 0.002 -20"><span class='ocrx_word' id='word_1_732' title='bbox 434 4941 656 4996; x_wconf 86' lang='lat' dir='ltr'><strong>divitias</strong></span> <span class='ocrx_word' id='word_1_733' title='bbox 694 4957 836 4996; x_wconf 80' lang='lat' dir='ltr'><strong>verae</strong></span> <span class='ocrx_word' id='word_1_734' title='bbox 863 4943 1193 5012; x_wconf 83' lang='lat' dir='ltr'><strong>cognitionis</strong></span> <span class='ocrx_word' id='word_1_735' title='bbox 1228 4943 1355 5007; x_wconf 89' lang='lat' dir='ltr'><strong>Dei,</strong></span> <span class='ocrx_word' id='word_1_736' title='bbox 1390 4944 1472 4998; x_wconf 85' lang='lat' dir='ltr'><strong>vel</strong></span> <span class='ocrx_word' id='word_1_737' title='bbox 1506 4943 1656 5013; x_wconf 91' lang='lat' dir='ltr'><strong>ipsos</strong></span> <span class='ocrx_word' id='word_1_738' title='bbox 1688 4943 1850 4996; x_wconf 92' lang='lat' dir='ltr'><strong>etiam</strong></span> <span class='ocrx_word' id='word_1_739' title='bbox 1886 4956 2018 5012; x_wconf 78' lang='lat' dir='ltr'><strong>apo-</strong></span> 
     </span>
    </p>
   </div>
   <div class='ocr_carea' id='block_1_98' title="bbox 436 5034 2018 5104">
    <p class='ocr_par' dir='ltr' id='par_1_98' title="bbox 436 5034 2018 5104">
     <span class='ocr_line' id='line_1_98' title="bbox 436 5034 2018 5104; baseline 0.001 -19"><span class='ocrx_word' id='word_1_740' title='bbox 436 5034 698 5089; x_wconf 82' lang='lat' dir='ltr'><strong>stolarum</strong></span> <span class='ocrx_word' id='word_1_741' title='bbox 741 5034 1070 5104; x_wconf 85' lang='lat' dir='ltr'><strong>discipulos.</strong></span> <span class='ocrx_word' id='word_1_742' title='bbox 1105 5034 1417 5090; x_wconf 87' lang='lat' dir='ltr'><strong>Piscatores</strong></span> <span class='ocrx_word' id='word_1_743' title='bbox 1447 5037 1646 5090; x_wconf 89' lang='lat' dir='ltr'><strong>etenim</strong></span> <span class='ocrx_word' id='word_1_744' title='bbox 1699 5043 1857 5089; x_wconf 89' lang='lat' dir='ltr'><strong>erant</strong></span> <span class='ocrx_word' id='word_1_745' title='bbox 1886 5049 2018 5103; x_wconf 88' lang='lat' dir='ltr'><strong>apo-</strong></span> 
     </span>
    </p>
   </div>
   <div class='ocr_carea' id='block_1_99' title="bbox 435 5127 2015 5200">
    <p class='ocr_par' dir='ltr' id='par_1_99' title="bbox 435 5127 2015 5200">
     <span class='ocr_line' id='line_1_99' title="bbox 435 5127 2015 5200; baseline 0 -20"><span class='ocrx_word' id='word_1_746' title='bbox 435 5129 586 5192; x_wconf 74' lang='lat' dir='ltr'><strong>stoli,</strong></span> <span class='ocrx_word' id='word_1_747' title='bbox 629 5138 681 5184; x_wconf 88' lang='lat' dir='ltr'><strong>et</strong></span> <span class='ocrx_word' id='word_1_748' title='bbox 709 5137 936 5199; x_wconf 83' lang='lat' dir='ltr'><strong>aspectu</strong></span> <span class='ocrx_word' id='word_1_749' title='bbox 985 5128 1141 5189; x_wconf 85' lang='lat' dir='ltr'><strong>viles.</strong></span> <span class='ocrx_word' id='word_1_750' title='bbox 1195 5127 1321 5184; x_wconf 88' lang='lat' dir='ltr'><strong>Illos</strong></span> <span class='ocrx_word' id='word_1_751' title='bbox 1381 5129 1548 5200; x_wconf 87' lang='lat' dir='ltr'><strong>igitur</strong></span> <span class='ocrx_word' id='word_1_752' title='bbox 1584 5171 1600 5193; x_wconf 96' lang='lat'><strong>,</strong></span> <span class='ocrx_word' id='word_1_753' title='bbox 1653 5136 1712 5181; x_wconf 88' lang='lat' dir='ltr'><strong>ut</strong></span> <span class='ocrx_word' id='word_1_754' title='bbox 1767 5127 2015 5188; x_wconf 82' lang='lat' dir='ltr'><strong>inﬁdeles</strong></span> 
     </span>
    </p>
   </div>
   <div class='ocr_carea' id='block_1_100' title="bbox 435 5219 1742 5290">
    <p class='ocr_par' dir='ltr' id='par_1_100' title="bbox 435 5219 1742 5290">
     <span class='ocr_line' id='line_1_100' title="bbox 435 5219 1742 5290; baseline -0.003 -13"><span class='ocrx_word' id='word_1_755' title='bbox 435 5223 840 5287; x_wconf 88' lang='lat' dir='ltr'><strong>condemnabit,</strong></span> <span class='ocrx_word' id='word_1_756' title='bbox 875 5225 974 5276; x_wconf 87' lang='lat' dir='ltr'><strong>hos</strong></span> <span class='ocrx_word' id='word_1_757' title='bbox 1014 5237 1143 5277; x_wconf 79' lang='lat' dir='ltr'><strong>vero</strong></span> <span class='ocrx_word' id='word_1_758' title='bbox 1171 5221 1427 5290; x_wconf 76' lang='lat' dir='ltr'><strong>salvabit,</strong></span> <span class='ocrx_word' id='word_1_759' title='bbox 1451 5228 1508 5283; x_wconf 83' lang='lat' dir='ltr'><strong>ut</strong></span> <span class='ocrx_word' id='word_1_760' title='bbox 1537 5219 1742 5274; x_wconf 72' lang='lat' dir='ltr'><strong>liieles.</strong></span> 
     </span>
    </p>
   </div>
   <div class='ocr_carea' id='block_1_101' title="bbox 567 5490 1009 5556">
    <p class='ocr_par' dir='ltr' id='par_1_101' title="bbox 567 5490 1009 5556">
     <span class='ocr_line' id='line_1_101' title="bbox 567 5490 1009 5556; baseline 0.005 -13"><span class='ocrx_word' id='word_1_761' title='bbox 567 5490 726 5544; x_wconf 75' lang='lat' dir='ltr'><strong>Joan.</strong></span> <span class='ocrx_word' id='word_1_762' title='bbox 755 5509 884 5556; x_wconf 75' lang='grc' dir='ltr'>ιγιι,</span> <span class='ocrx_word' id='word_1_763' title='bbox 924 5492 1009 5546; x_wconf 79' lang='grc'><strong>10.</strong></span> 
     </span>
    </p>
   </div>
   <div class='ocr_carea' id='block_1_102' title="bbox 2119 4731 3706 4815">
    <p class='ocr_par' dir='ltr' id='par_1_102' title="bbox 2119 4731 3706 4815">
     <span class='ocr_line' id='line_1_102' title="bbox 2119 4731 3706 4815; baseline -0.014 -11"><span class='ocrx_word' id='word_1_764' title='bbox 2119 4752 2246 4813; x_wconf 78' lang='grc' dir='ltr'>τοὺς</span> <span class='ocrx_word' id='word_1_765' title='bbox 2280 4745 2715 4815; x_wconf 79' lang='grc' dir='ltr'>πεπιστευκότας</span> <span class='ocrx_word' id='word_1_766' title='bbox 2773 4745 2852 4805; x_wconf 85' lang='grc' dir='ltr'><strong>είς</strong></span> <span class='ocrx_word' id='word_1_767' title='bbox 2907 4740 3175 4812; x_wconf 60' lang='grc' dir='ltr'>Χριστόν</span> <span class='ocrx_word' id='word_1_768' title='bbox 3225 4731 3305 4789; x_wconf 82' lang='grc' dir='ltr'><strong>ὧν</strong></span> <span class='ocrx_word' id='word_1_769' title='bbox 3358 4738 3412 4789; x_wconf 83' lang='grc' dir='ltr'>οἱ</span> <span class='ocrx_word' id='word_1_770' title='bbox 3464 4731 3706 4800; x_wconf 80' lang='grc' dir='ltr'>πατέρες</span> 
     </span>
    </p>
   </div>
   <div class='ocr_carea' id='block_1_103' title="bbox 2118 4819 3710 4912">
    <p class='ocr_par' dir='ltr' id='par_1_103' title="bbox 2118 4819 3710 4912">
     <span class='ocr_line' id='line_1_103' title="bbox 2118 4819 3710 4912; baseline -0.016 -16"><span class='ocrx_word' id='word_1_771' title='bbox 2118 4844 2352 4911; x_wconf 77' lang='grc' dir='ltr'>πένητες</span> <span class='ocrx_word' id='word_1_772' title='bbox 2373 4836 2512 4912; x_wconf 81' lang='grc' dir='ltr'>ἦσαν</span> <span class='ocrx_word' id='word_1_773' title='bbox 2546 4841 2624 4900; x_wconf 85' lang='grc' dir='ltr'>εἰς</span> <span class='ocrx_word' id='word_1_774' title='bbox 2648 4836 2954 4896; x_wconf 79' lang='grc' dir='ltr'>εὐσέϐειαν,</span> <span class='ocrx_word' id='word_1_775' title='bbox 2988 4833 3077 4884; x_wconf 85' lang='grc' dir='ltr'><strong>τὸν</strong></span> <span class='ocrx_word' id='word_1_776' title='bbox 3105 4831 3206 4898; x_wconf 77' lang='grc' dir='ltr'>τῆς</span> <span class='ocrx_word' id='word_1_777' title='bbox 3235 4827 3517 4898; x_wconf 79' lang='grc' dir='ltr'>ἀληθείας</span> <span class='ocrx_word' id='word_1_778' title='bbox 3541 4819 3710 4912; x_wconf 82' lang='grc' dir='ltr'>πλοῦ·</span> 
     </span>
    </p>
   </div>
   <div class='ocr_carea' id='block_1_104' title="bbox 2116 4910 3715 5002">
    <p class='ocr_par' dir='ltr' id='par_1_104' title="bbox 2116 4910 3715 5002">
     <span class='ocr_line' id='line_1_104' title="bbox 2116 4910 3715 5002; baseline -0.015 -13"><span class='ocrx_word' id='word_1_779' title='bbox 2116 4953 2206 4989; x_wconf 83' lang='grc' dir='ltr'><strong>τον</strong></span> <span class='ocrx_word' id='word_1_780' title='bbox 2245 4936 2344 4986; x_wconf 75' lang='grc' dir='ltr'>οὐκ</span> <span class='ocrx_word' id='word_1_781' title='bbox 2376 4933 2618 5002; x_wconf 81' lang='grc' dir='ltr'>ἔχοντες.</span> <span class='ocrx_word' id='word_1_782' title='bbox 2647 4931 2715 4982; x_wconf 85' lang='grc' dir='ltr'><em>Ἦ</em></span> <span class='ocrx_word' id='word_1_783' title='bbox 2746 4929 2839 4984; x_wconf 74' lang='grc' dir='ltr'>καὶ</span> <span class='ocrx_word' id='word_1_784' title='bbox 2877 4927 3004 4988; x_wconf 76' lang='grc' dir='ltr'>τοὺς</span> <span class='ocrx_word' id='word_1_785' title='bbox 3028 4923 3282 4995; x_wconf 75' lang='grc' dir='ltr'>μαθητὰς</span> <span class='ocrx_word' id='word_1_786' title='bbox 3315 4921 3437 4974; x_wconf 79' lang='grc' dir='ltr'>τῶν</span> <span class='ocrx_word' id='word_1_787' title='bbox 3471 4910 3715 4971; x_wconf 73' lang='grc' dir='ltr'>ἀποστό-</span> 
     </span>
    </p>
   </div>
   <div class='ocr_carea' id='block_1_105' title="bbox 2117 5009 3712 5091">
    <p class='ocr_par' dir='ltr' id='par_1_105' title="bbox 2117 5009 3712 5091">
     <span class='ocr_line' id='line_1_105' title="bbox 2117 5009 3712 5091; baseline -0.012 -14"><span class='ocrx_word' id='word_1_788' title='bbox 2117 5027 2223 5077; x_wconf 81' lang='grc' dir='ltr'><strong>λων</strong></span> <span class='ocrx_word' id='word_1_789' title='bbox 2255 5025 2404 5086; x_wconf 81' lang='grc' dir='ltr'>υἱοὺς</span> <span class='ocrx_word' id='word_1_790' title='bbox 2432 5025 2683 5091; x_wconf 81' lang='grc' dir='ltr'>πενήτων</span> <span class='ocrx_word' id='word_1_791' title='bbox 2714 5019 2926 5088; x_wconf 86' lang='grc' dir='ltr'>οἰητέον</span> <span class='ocrx_word' id='word_1_792' title='bbox 2947 5035 2958 5046; x_wconf 90' lang='grc'><strong>·</strong></span> <span class='ocrx_word' id='word_1_793' title='bbox 2992 5017 3165 5078; x_wconf 84' lang='grc' dir='ltr'>ἁλιεῖς</span> <span class='ocrx_word' id='word_1_794' title='bbox 3199 5015 3314 5084; x_wconf 75' lang='grc' dir='ltr'>γὰρ</span> <span class='ocrx_word' id='word_1_795' title='bbox 3346 5014 3449 5066; x_wconf 76' lang='grc' dir='ltr'>καὶ</span> <span class='ocrx_word' id='word_1_796' title='bbox 3498 5009 3712 5074; x_wconf 78' lang='grc' dir='ltr'>ἀτελεῖς</span> 
     </span>
    </p>
   </div>
   <div class='ocr_carea' id='block_1_106' title="bbox 2114 5093 3710 5186">
    <p class='ocr_par' dir='ltr' id='par_1_106' title="bbox 2114 5093 3710 5186">
     <span class='ocr_line' id='line_1_106' title="bbox 2114 5093 3710 5186; baseline -0.011 -15"><span class='ocrx_word' id='word_1_797' title='bbox 2114 5121 2176 5171; x_wconf 74' lang='grc' dir='ltr'><strong>τὸ</strong></span> <span class='ocrx_word' id='word_1_798' title='bbox 2203 5117 2528 5186; x_wconf 82' lang='grc' dir='ltr'>φαινόμενον</span> <span class='ocrx_word' id='word_1_799' title='bbox 2554 5111 2693 5184; x_wconf 85' lang='grc' dir='ltr'>ἦσαν</span> <span class='ocrx_word' id='word_1_800' title='bbox 2734 5114 2781 5166; x_wconf 72' lang='grc' dir='ltr'>οἱ</span> <span class='ocrx_word' id='word_1_801' title='bbox 2814 5109 3106 5164; x_wconf 76' lang='grc' dir='ltr'>ἀπόστολοι</span> <span class='ocrx_word' id='word_1_802' title='bbox 3128 5121 3141 5135; x_wconf 88' lang='grc'><strong>·</strong></span> <span class='ocrx_word' id='word_1_803' title='bbox 3181 5105 3443 5167; x_wconf 77' lang='grc' dir='ltr'>ἐκείνους</span> <span class='ocrx_word' id='word_1_804' title='bbox 3482 5102 3586 5174; x_wconf 79' lang='grc' dir='ltr'>μὲν</span> <span class='ocrx_word' id='word_1_805' title='bbox 3615 5093 3710 5164; x_wconf 72' lang='grc' dir='ltr'><strong>οὖν</strong></span> 
     </span>
    </p>
   </div>
   <div class='ocr_carea' id='block_1_107' title="bbox 2119 5191 3712 5276">
    <p class='ocr_par' dir='ltr' id='par_1_107' title="bbox 2119 5191 3712 5276">
     <span class='ocr_line' id='line_1_107' title="bbox 2119 5191 3712 5276; baseline -0.009 -16"><span class='ocrx_word' id='word_1_806' title='bbox 2119 5209 2439 5276; x_wconf 84' lang='grc' dir='ltr'>κατακρινεῖ</span> <span class='ocrx_word' id='word_1_807' title='bbox 2459 5205 2535 5266; x_wconf 85' lang='grc' dir='ltr'>ὡς</span> <span class='ocrx_word' id='word_1_808' title='bbox 2562 5205 2969 5273; x_wconf 80' lang='grc' dir='ltr'>ἁπιστήσαντας</span> <span class='ocrx_word' id='word_1_809' title='bbox 2989 5241 3001 5264; x_wconf 88' lang='grc'><strong>,</strong></span> <span class='ocrx_word' id='word_1_810' title='bbox 3032 5200 3255 5259; x_wconf 81' lang='grc' dir='ltr'>τούτους</span> <span class='ocrx_word' id='word_1_811' title='bbox 3303 5198 3367 5266; x_wconf 77' lang='grc' dir='ltr'>δὲ</span> <span class='ocrx_word' id='word_1_812' title='bbox 3425 5195 3600 5250; x_wconf 82' lang='grc' dir='ltr'>σώσει</span> <span class='ocrx_word' id='word_1_813' title='bbox 3634 5191 3712 5258; x_wconf 53' lang='grc' dir='ltr'><strong>ὡς</strong></span> 
     </span>
    </p>
   </div>
   <div class='ocr_carea' id='block_1_108' title="bbox 2120 5298 2533 5368">
    <p class='ocr_par' dir='ltr' id='par_1_108' title="bbox 2120 5298 2533 5368">
     <span class='ocr_line' id='line_1_108' title="bbox 2120 5298 2533 5368; baseline -0.005 -16"><span class='ocrx_word' id='word_1_814' title='bbox 2120 5298 2483 5368; x_wconf 67' lang='grc' dir='ltr'>πιστεύσαντα</span> <span class='ocrx_word' id='word_1_815' title='bbox 2495 5315 2533 5355; x_wconf 79' lang='grc' dir='ltr'>ς.</span> 
     </span>
    </p>
   </div>
   <div class='ocr_carea' id='block_1_109' title="bbox 1772 5579 2326 5641">
    <p class='ocr_par' dir='ltr' id='par_1_109' title="bbox 1772 5579 2326 5641">
     <span class='ocr_line' id='line_1_109' title="bbox 1772 5579 2326 5641; baseline -0.011 0"><span class='ocrx_word' id='word_1_816' title='bbox 1772 5581 1966 5641; x_wconf 71' lang='lat' dir='ltr'><strong>Varite</strong></span> <span class='ocrx_word' id='word_1_817' title='bbox 2000 5579 2326 5640; x_wconf 86' lang='lat' dir='ltr'><strong>lectiones.</strong></span> 
     </span>
    </p>
   </div>
   <div class='ocr_carea' id='block_1_110' title="bbox 501 5681 2476 5772">
    <p class='ocr_par' dir='ltr' id='par_1_110' title="bbox 501 5681 2476 5772">
     <span class='ocr_line' id='line_1_110' title="bbox 501 5681 2476 5772; baseline -0.006 -28"><span class='ocrx_word' id='word_1_818' title='bbox 501 5690 1183 5772; x_wconf 62' lang='lat' dir='ltr'><strong>(62)Grmeesimpliciter</strong></span> <span class='ocrx_word' id='word_1_819' title='bbox 1220 5709 1234 5746; x_wconf 92' lang='lat'><strong>:</strong></span> <span class='ocrx_word' id='word_1_820' title='bbox 1284 5692 1412 5746; x_wconf 78' lang='lat' dir='ltr'><strong>Filii</strong></span> <span class='ocrx_word' id='word_1_821' title='bbox 1441 5691 1576 5746; x_wconf 83' lang='lat' dir='ltr'><strong>enim</strong></span> <span class='ocrx_word' id='word_1_822' title='bbox 1603 5689 1825 5768; x_wconf 78' lang='lat' dir='ltr'><strong>populus</strong></span> <span class='ocrx_word' id='word_1_823' title='bbox 1881 5697 1957 5740; x_wconf 88' lang='lat' dir='ltr'><strong>est</strong></span> <span class='ocrx_word' id='word_1_824' title='bbox 1999 5687 2136 5752; x_wconf 81' lang='lat' dir='ltr'><strong>idem</strong></span> <span class='ocrx_word' id='word_1_825' title='bbox 2192 5695 2238 5737; x_wconf 85' lang='lat' dir='ltr'><strong>et</strong></span> <span class='ocrx_word' id='word_1_826' title='bbox 2275 5681 2476 5744; x_wconf 79' lang='lat' dir='ltr'><strong>Panis.</strong></span> 
     </span>
    </p>
   </div>
  </div>
