4020 6218
354 248 465 319 725

414 369 526 424 Kal
558 371 910 426 ταπεινώσει
943 371 1362 442 συκοφάντην.
1396 373 1501 427 Τὸν
1527 373 1802 438 διάϐολον,
1862 374 1920 437 ὃς
1951 372 1998 433 Α

341 460 505 513 αὐτὸν
548 464 638 514 τὸν
663 463 799 516 Θεὸν
837 465 1056 534 πρῶτον
1100 464 1537 535 ἐσυκοφάντησε,
1599 467 1801 534 φήσας,
1829 465 1918 518 διὰ

342 552 537 622 φθόνον
583 554 746 607 αὐτὸν
801 555 1184 626 ἀπαγορεῦσαι
1219 558 1312 610 τοῦ
1341 556 1512 624 φυτοῦ
1539 558 1640 622 τὴν
1674 557 1917 626 μετάλη-

338 643 435 711 ψιν
457 661 470 674 ’
499 645 593 698 καὶ
636 647 848 709 πάντας
879 647 935 699 δὲ
966 651 1308 717 συκοφαντεῖ
1339 648 1435 702 καὶ
1485 641 1789 702 διαϐάλλει.
1829 648 1918 700 Διδ

345 733 439 785 καὶ
466 732 744 799 διάϐολος
769 736 1110 808 φερωνύμως
1137 737 1425 809 κέκληται.

406 997 512 1052 Καὶ
548 1000 1004 1068 συμπαραμενεῖ
1033 1000 1114 1068 τῷ
1129 1004 1280 1072 ἠλίῳ
1305 1004 1404 1057 καὶ
1422 1003 1537 1072 πρὸ
1581 1002 1692 1072 τῆς
1731 1002 1921 1070 08.1-11-

337 1106 449 1157 rnc
464 1091 674 1157 γενεὰς
698 1091 934 1161 γενεῶνι
965 1096 1300 1164 Βουλόμενος
1319 1099 1558 1167 ἐμφῆναι
1586 1097 1644 1150 τό
1671 1113 1729 1150 τε
1758 1098 1926 1168 ἄναρ-

337 1199 427 1252 χον
453 1185 548 1237 καί⁵
581 1187 638 1237 το
668 1187 1022 1259 ἀτελεύτητον
1082 1190 1176 1245 τοῦ
1222 1191 1464 1261 Χριστοῦ
1493 1192 1636 1245 κατὰ
1667 1191 1766 1262 τὴν
1796 1191 1918 1242 θεό-

338 1293 471 1346 τητα
499 1278 810 1348 παρέϐαλεν
837 1281 980 1335 αὐτὰ
1003 1286 1116 1346 τοῖς
1163 1285 1420 1354 μεγάλοις
1452 1286 1770 1358 φωστῆρσιν
1789 1306 1803 1320 ο
1825 1287 1926 1357 οὐχ

339 1367 609 1438 εὑρίσκων
647 1372 706 1425 ὲν
726 1375 792 1443 τῇ
820 1375 989 1446 όρατῇ
1015 1376 1192 1429 κτίσει
1220 1377 1412 1449 ἑτέρας
1430 1379 1644 1442 εἰκόνας
1661 1379 1927 1450 ἐπισημο-

337 1458 502 1525 τέρας
538 1463 632 1515 καὶ
683 1464 1096 1537 διαρκεστέρας.
1128 1471 1583 1541 Συμπαραμενεί,
1635 1475 1771 1542 φησὶ
1799 1513 1812 1534 ,
1845 1472 1922 1542 τῷ

339 1546 500 1618 ἡλίῳ,
544 1552 844 1620 τουτέστιν,
877 1556 1032 1610 ἔσται
1062 1558 1254 1628 μέχρις
1285 1559 1439 1612 ἔστιν
1485 1561 1513 1612 ὁ
1545 1560 1720 1629 ἧλιος.
1755 1560 1923 1613 ’ἰδίω-

340 1658 414 1706 μα
440 1641 495 1694 δὲ
523 1645 622 1714 τῆς
672 1645 894 1717 Γραφῆς
946 1649 1006 1702 τὺ
1053 1652 1213 1721 μέχρι
1253 1653 1352 1720 μέν
1383 1670 1531 1715 τινος
1568 1652 1809 1724 ὁρίζειν·
1864 1651 1924 1706 τδ

335 1732 380 1785 δ’
413 1734 565 1802 ἑξῆς.
612 1737 687 1806 μὴ
721 1740 1064 1808 ἀναίνεσθαι,
1095 1743 1170 1806 ὡς
1198 1744 1264 1797 ἐν
1285 1745 1496 1815 ἑτέροις
1521 1745 1758 1816 ἐροῦμεν
1787 1744 1924 1800 πλα-
1959 1731 1998 1782 Β

333 1824 595 1895 τύτερον·
645 1828 763 1882 ἀλλ’
811 1831 956 1886 οὕτω
989 1834 1089 1902 μὲν
1125 1834 1186 1886 τὸ
1220 1834 1619 1906 ἁτελεύτητονι
1671 1832 1794 1889 εἶτα
1828 1837 1923 1888 καὶ

335 1916 468 1984 περὶ
500 1915 594 1970 τοῦ
641 1919 882 1990 ἀνάρχου
916 1923 1103 1990 φησὶν,
1135 1925 1219 1977 ὅτι
1249 1925 1344 1978 καὶ
1396 1927 1504 1995 πρὸ
1551 1926 1653 1995 τῆς
1688 1927 1922 1996 σελήνης

334 2000 420 2074 ἦν.
456 2006 528 2059 Τὸ
557 2008 619 2061 δὲ
642 2012 850 2079 γενεᾶς
886 2014 1128 2083 γενεῶν,
1155 2015 1276 2068 ἀντὶ
1299 2016 1393 2070 τοῦ
1438 2016 1782 2088 διαστήματα
1808 2016 1924 2070 δια-

337 2096 650 2164 στημάτων,
679 2101 870 2170 ἤγουν,
895 2104 1248 2175 διαστήματα
1287 2107 1494 2177 ἄπειρα
1520 2123 1534 2137 ·
1585 2107 1780 2175 γενεὰν
1820 2125 1922 2160 κα-

335 2187 442 2239 λῶν
471 2190 746 2262 διάστημα
777 2195 972 2263 χρόνου
993 2214 1007 2228 ·
1043 2199 1168 2252 ὅσον
1202 2199 1268 2253 ἂν
1291 2201 1359 2272 ζῇ
1396 2200 1576 2267 γένος,
1615 2199 1796 2253 είτουν
1827 2199 1922 2253 ἄν-

337 2281 578 2351 θρωπος.
607 2285 764 2338 Ἐστι
785 2286 842 2339 δὲ
875 2290 971 2342 καὶ
997 2289 1173 2354 ἄλλως
1201 2293 1378 2344 εἰπεῖν
1410 2291 1562 2360 ἥλιον
1587 2289 1686 2359 τὴν
1730 2291 1923 2361 θεότη-

293 2447 310 2462 .
336 2388 442 2426 τα·
491 2374 522 2427 ὃ
553 2377 659 2447 γὰρ
696 2381 755 2431 ἐν
801 2382 917 2443 τοῖς
961 2381 1243 2452 αἰσθητοῖς
1287 2384 1460 2454 ἥλιος,
1503 2382 1668 2436 τοῦτο
1699 2385 1758 2436 ὲν
1810 2385 1922 2446 τοῖς

338 2471 548 2530 νοητοῖς
583 2469 740 2534 Θεὸς,
773 2473 917 2526 κατὰ
947 2475 1040 2528 τὸν
1066 2476 1332 2544 Θεολόγον
1379 2475 1702 2545 Γρηγόριον.
1734 2470 1921 2547 ’ᾙτινι

339 2557 559 2629 θεότητι
621 2579 682 2614 συ
692 2569 1044 2635 μπαραμενεῖ
1067 2570 1098 2638 ή
1134 2569 1229 2622 ἀνθ
1240 2571 1512 2640 ρωπότης,
1537 2569 1683 2634 ἅπαξ
1703 2571 1922 2623 ἐνωθείο

339 2665 410 2702 σα
436 2652 610 2722 αὑτῇο
655 2653 751 2706 καὶ
783 2655 1040 2711 οὐδέποτε
1093 2660 1264 2728 αὐτῆς
1306 2660 1733 2733 χωρισθήσεται.
1788 2656 1924 2715 Εἶτα

340 2742 570 2812 σελήνην
605 2746 820 2816 νοήσεις
871 2747 972 2820 τὴν
1035 2749 1364 2821 Ἐκκλησίαν
1414 2753 1525 2806 τῶν
1564 2753 1796 2818 πιστῶν,
1857 2746 1926 2821 ἦς

343 2834 452 2904 πρὸ
505 2837 804 2905 προσώπου
855 2841 949 2894 καὶ
985 2843 1219 2897 ἐνώπιον
1266 2846 1296 2898 ό
1330 2845 1568 2914 Χριστὸς
1629 2844 1785 2915 ἔστη,
1845 2847 1926 2908 εἰς

336 2927 532 2992 γενεὰς
560 2930 802 2997 γενεῶν,
842 2933 1145 2997 τουτέστιν,
1197 2935 1320 2990 ἀεί·
1372 2935 1568 3003 ὥσπερ
1614 2936 1671 2989 δὲ
1723 2935 1924 3006 σελήνη

337 3020 446 3073 ἀπὺ
476 3020 571 3074 τοῦ
613 3023 764 3092 ἡλίου
789 3025 1064 3095 λαμϐάνει
1089 3027 1153 3080 τὸ
1185 3027 1322 3096 φῶς,
1370 3027 1514 3080 οὕτω
1567 3028 1660 3080 καὶ
1697 3026 1834 3096 αὕτη
1866 3027 1925 3080 τὸ

338 3111 528 3180 νοητὸν
561 3113 679 3180 φῶς
711 3116 820 3168 ἀπὸ
873 3116 970 3170 τοῦ
1016 3117 1202 3172 Ἡλίου
1245 3119 1345 3189 τῆς
1395 3119 1748 3190 δικαιοσύνης
1796 3122 1928 3190 Χρι-

341 3205 489 3271 στοῦ,
515 3209 609 3262 καὶ
631 3213 966 3281 ωταυγάξει
994 3216 1120 3285 τοὺς
1147 3219 1206 3270 ὲν
1231 3219 1389 3272 νυκτὶ
1438 3218 1537 3289 τῆς
1566 3218 1800 3290 πλάνης,
1834 3219 1930 3272 καὶ

339 3299 438 3366 τὴν
477 3301 696 3358 εὐθεῖαν
721 3305 840 3360 όδδν
871 3307 1246 3364 ὑποδείκνυσι.

1551 259 1944 323 COMMENT.
1980 260 2060 321 IN
2096 260 2459 323 PSALMOS.

3489 258 3598 324 79.6

2101 374 2164 427 Et
2201 372 2502 428 humiliabit
2523 373 2982 428 ralumnialorent.
3011 372 3297 429 Diabolum
3323 374 3611 438 nimirum.

2024 466 2116 536 qui
2153 465 2322 521 Deum
2351 467 2530 535 ipsum
2563 465 2740 536 primo
2769 465 3141 522 calumniatus
3167 474 3251 522 est
3281 508 3295 533 ,
3335 467 3608 524 invidiose

2026 557 2175 610 illum
2204 559 2445 612 vetuisse
2479 572 2735 613 asserens
2769 599 2781 620 ,
2827 572 2893 611 ne
2925 556 3175 612 homines
3213 558 3279 611 de
3329 559 3476 630 ligno
3513 574 3610 614 su-

2029 657 2243 702 merent
2279 666 2291 699 :
2328 658 2380 702 et
2411 650 2503 718 qui
2539 664 2683 702 nunc
2718 649 2932 718 passim.
2955 662 3153 703 omnes
3190 649 3353 703 etiam
3407 650 3618 704 calum-

2026 736 2227 791 niatur.
2267 735 2442 800 Unde,
2470 738 2626 807 juxta
2665 739 2900 792 neminis
2937 738 3348 808 etymologiam,
3389 755 3519 794 vere
3555 756 3619 794 ac

2027 829 2244 898 proprie
2309 829 2563 883 diabolus
2595 829 2924 899 appellatur.
2959 829 3141 899 (Idem
3177 829 3322 883 enim
3349 838 3434 887 est
3462 829 3616 886 Crte-

2025 923 2104 980 cis
2136 923 2397 987 diabolus,
2430 923 2572 990 quod
2611 922 2798 978 latinis
2835 922 3254 990 calumniator.)

2100 1015 2265 1072 Vnus.
2316 1017 2368 1072 5.
2413 1015 2482 1070 Et
2534 1017 2857 1084 permanebit
2902 1032 3024 1070 cum
3073 1014 3182 1070 sole
3208 1027 3258 1070 et
3289 1026 3409 1072 ante
3434 1014 3618 1070 lunam

2027 1112 2387 1182 generationes
2429 1113 2848 1181 generationum.
2889 1108 3196 1166 Ostendere
3243 1109 3433 1165 volens
3485 1108 3618 1162 Pro-

2029 1203 2188 1274 pheta
2228 1201 2433 1258 Christi
2487 1201 2834 1256 divinitatem
2881 1203 3003 1258 sine
3050 1201 3323 1272 principio
3363 1215 3488 1256 esse
3515 1239 3531 1264 .
3563 1211 3617 1256 et

2028 1295 2149 1350 sine
2181 1295 2306 1359 line,
2331 1294 2547 1348 duobus
2577 1293 2788 1360 magnis
2819 1293 3184 1349 luminaribus
3224 1297 3346 1349 eam
3394 1307 3618 1362 compa-

2031 1387 2171 1442 ravit
2205 1404 2219 1438 :
2249 1386 2696 1456 quandoquidem
2721 1386 2867 1440 inter
2890 1401 3085 1442 omnes
3116 1385 3360 1441 visibiles
3399 1390 3616 1439 creato.

2029 1494 2120 1534 ras
2147 1479 2360 1549 potiora
2389 1477 2637 1547 exempla
2678 1485 2773 1530 aut
2812 1475 3202 1532 diuturniores.
3221 1473 3614 1530 similitudines

2031 1571 2262 1627 inveniri
2291 1569 2661 1641 nequiverint.
2692 1568 3063 1632 Permanebit,
3096 1568 3300 1638 inquit,
3324 1581 3444 1620 cum
3473 1567 3612 1626 sole.

2035 1664 2138 1718 hoc
2168 1673 2270 1728 est,
2307 1664 2411 1718 erit
2450 1665 2626 1717 donec
2675 1661 2782 1715 erit
2813 1661 2914 1716 sol.
2961 1659 3058 1717 Est
3106 1673 3287 1714 atttem
3325 1659 3620 1731 peculiAris

2031 1755 2252 1825 quidam
2289 1755 2549 1825 loquendi
2584 1754 2782 1809 modus
2819 1753 2964 1823 apud
2992 1751 3336 1821 Scripturam
3381 1765 3617 1811 sacram,

2033 1859 2090 1905 ut
2117 1859 2328 1918 tempus
2361 1849 2636 1918 usquead
2671 1845 2875 1915 aliquid
2925 1845 3258 1899 determinet
3292 1885 3306 1907 ,
3363 1853 3415 1896 et
3467 1844 3616 1910 quod

2033 1941 2307 2010 sequitur,
2340 1955 2446 1993 non
2479 1945 2659 2007 neget.
2691 1945 2749 1990 ttt
2783 1936 2909 1990 alibi
2945 1935 3107 1988 latius
3139 1933 3381 1987 diximus
3406 1972 3420 1994 ,
3447 1943 3500 1986 ct
3532 1932 3582 1982 di
3605 1961 3618 1970 ο

2031 2047 2217 2086 cemus
2251 2049 2266 2086 :
2299 2039 2353 2085 et
2385 2033 2488 2084 hoc
2515 2041 2674 2100 pacto
2703 2030 2920 2096 quidem
2952 2025 3160 2082 Christi
3188 2025 3608 2094 perpetuitatem

2031 2125 2268 2194 explicat
2297 2138 2361 2177 ex
2394 2131 2549 2194 parte
2579 2122 2724 2176 linis.
2771 2120 2976 2175 Deinde
3008 2120 3172 2174 etiam
3211 2117 3455 2172 declarat
3483 2131 3621 2185 quo-

2033 2217 2192 2269 modo
2217 2218 2288 2272 sit
2319 2216 2528 2284 absque
2560 2213 2832 2284 principio
2871 2233 2884 2265 :
2921 2221 2973 2268 et
3005 2211 3139 2266 dicit
3169 2209 3324 2280 quod.
3350 2214 3469 2263 erat
3494 2215 3622 2262 ante

2031 2308 2237 2363 lunam.
2283 2305 2437 2373 Quod
2500 2320 2631 2359 vero
2667 2306 2742 2359 ait
2771 2322 2785 2360 :
2818 2305 3176 2374 generationes
3198 2301 3618 2371 generationnm.

2033 2400 2173 2454 idem
2209 2399 2312 2453 sibi
2349 2398 2464 2452 vult
2497 2412 2559 2450 ac
2595 2397 2638 2450 si
2668 2396 2916 2461 dixisset,
2953 2409 3046 2465 per
3089 2393 3264 2462 spatia
3293 2390 3618 2460 spatiorum,

2033 2493 2137 2545 hoc
2171 2498 2278 2557 est,
2317 2505 2413 2559 per
2448 2490 2716 2543 immensa
2756 2497 2923 2558 atque
2949 2485 3156 2540 inﬁnita
3189 2493 3497 2553 temporum
3531 2481 3614 2533 in-

2035 2581 2276 2635 tervalla.
2314 2579 2414 2633 Per
2440 2577 2850 2649 generationem
2915 2573 3119 2630 etenim
3173 2570 3438 2640 temporis
3498 2583 3620 2636 spa-

2032 2676 2166 2727 tium
2203 2671 2502 2736 intellexit,
2530 2669 2682 2724 verbi
2705 2668 2901 2738 gratia,
2923 2675 3186 2736 quantum
3216 2678 3320 2715 uua
3343 2661 3620 2714 lmtttizmttt

2034 2764 2334 2834 generatio,
2365 2763 2468 2814 hoc
2501 2771 2604 2824 est,
2638 2767 2904 2828 quantum
2946 2771 3090 2812 unus
3127 2756 3290 2808 homo
3320 2759 3495 2820 potest
3530 2767 3623 2804 sn-

2035 2855 2338 2924 pervivere.
2378 2851 2474 2907 Vel
2515 2852 2672 2905 aliter
2703 2871 2717 2905 :
2752 2849 2935 2903 Solem
2973 2848 3160 2915 accipe
3181 2861 3277 2914 pro
3302 2843 3616 2904 divinitate,

2036 2960 2190 3010 cum,
2215 2952 2275 2998 ut
2303 2941 2613 3012 Theologus
2649 2940 2942 3010 Gregorius
2972 2939 3129 3000 dixit,
3166 2937 3215 2989 id
3256 2937 3324 2988 sit
3366 2934 3508 2988 Deus
3541 2933 3622 2984 in.

2036 3043 2119 3088 ter
2149 3033 2548 3088 iutellectuales
2581 3041 2864 3086 creaturas
2893 3071 2906 3093 ,
2942 3029 3086 3098 quod
3129 3027 3209 3079 sol
3269 3027 3412 3077 inter
3446 3024 3624 3078 sensi-

2038 3125 2196 3180 biles.
2234 3124 2369 3179 Cttm
2405 3125 2506 3178 hac
2527 3131 2707 3177 autem
2741 3119 3028 3175 divinitate
3052 3125 3314 3187 perpetuo
3339 3120 3622 3184 permanet

2037 3215 2241 3271 Christi
2273 3215 2610 3279 humanitas,
2637 3228 2703 3265 ex
2736 3226 2847 3281 quo
2879 3211 2924 3264 ei
2956 3209 3122 3264 semel
3167 3215 3249 3261 est
3306 3206 3620 3273 conjuncta,

2037 3318 2093 3366 et
2121 3309 2190 3363 ab
2229 3323 2290 3362 ea
2321 3321 2605 3377 nunquam
2636 3311 2923 3375 separatur
2969 3320 2984 3357 :
3014 3311 3066 3356 et
3100 3317 3196 3372 por
3230 3302 3414 3354 lunam
3449 3298 3623 3367 ipsam

343 3391 580 3448 ﬁdelium
613 3396 912 3456 Eeclesiam
944 3401 1208 3473 intellige,
1239 3413 1365 3459 ante
1404 3405 1563 3475 cujus
1618 3406 1811 3461 faciem
1859 3414 1912 3460 et
1947 3419 2132 3460 coram
2166 3416 2275 3472 qua
2329 3400 2579 3456 Christus
2631 3408 2754 3454 erat
2827 3399 2884 3451 in
2956 3395 3335 3464 generationes
3400 3405 3630 3459 genera-

343 3487 553 3540 tionum
583 3488 729 3550 ,hoc
775 3501 892 3553 est,
925 3502 1210 3564 perpetuo.
1265 3495 1397 3551 Nam
1452 3499 1912 3568 quemadmodum
1948 3499 2078 3552 luna
2111 3511 2140 3549 a
2171 3495 2324 3560 sole,‘
2397 3495 2468 3548 ita
2541 3492 2786 3548 Ecclesia
2826 3506 2854 3544 a
2903 3489 3120 3543 Christo
3171 3488 3341 3540 altero
3401 3484 3628 3551 iustitiae

345 3583 478 3645 Sole.
515 3582 690 3638 lucem
743 3585 976 3656 accipit;
1025 3588 1173 3643 unde
1214 3596 1310 3643 eos
1357 3606 1549 3646 omnes
1603 3592 1929 3656 illuminat,
1971 3590 2146 3657 quiin
2175 3570 2381 3643 erroris
2413 3595 2539 3641 sunt
2577 3595 2757 3650 nocte,
2790 3591 3000 3638 rectum
3038 3581 3144 3634 illis
3212 3578 3463 3631 videlicet
3509 3575 3624 3629 cal:

344 3675 448 3740 lem
487 3675 896 3732 demonstrans.
925 3707 931 3712 -

414 3767 824 3837 Καταϐήσεται
863 3771 944 3835 ὡς
988 3774 1162 3838 ὑετὸς
1221 3775 1318 3827 ἐπὶ
1389 3776 1602 3834 πόκον,
1636 3776 1730 3829 καὶ
1789 3775 1931 3828 ὡσεὶ

345 3860 642 3928 σταγόνες
669 3859 994 3921 στάζουσαι
1027 3864 1124 3916 ἐπὶ
1159 3864 1276 3932 τὴν
1305 3867 1441 3935 γῆν.
1488 3864 1562 3918 Τὸ
1589 3867 1814 3936 λεληῦξς
1848 3869 1934 3918 ἐν·

346 3949 524 4004 ταῦθα
550 3952 812 4020 μηνύεται
844 3954 943 4020 τῆς
971 3955 1065 4008 τοῦ
1091 3956 1266 4024 Λόγου
1292 3957 1623 4026 σαρκώσεως
1655 3957 1936 4009 καταδέν-

347 4057 439 4102 to;
464 4042 882 4112 ἀνεπαισθήτως
912 4047 1003 4099 ἐπὶ
1034 4048 1132 4116 τὴν
1173 4049 1342 4119 νηδὺν
1390 4049 1490 4118 τῆς
1530 4049 1830 4119 Παρθένον.
1877 4049 1936 4101 ’0

352 4134 460 4200 rip
492 4135 643 4198 om;
678 4137 915 4207 ἀψοφητὶ
950 4139 1195 4193 κάτεισιν
1219 4141 1318 4193 ἐπὶ
1386 4139 1478 4193 τὸν
1515 4140 1703 4204 πόκον,
1736 4141 1938 4209 ὁμοίιος

350 4231 405 4282 δὲ
432 4230 575 4298 καὶὴ
613 4232 822 4298 σταγὼν
845 4233 937 4286 ἐπὶ
966 4234 1066 4305 τὴν
1093 4237 1218 4304 γῆν.
1247 4233 1473 4302 Σταγὼν
1501 4233 1558 4286 δέ
1603 4235 1804 4303 ἐστινὴ
1831 4233 1937 4304 πρὸ

355 4321 449 4373 τοῦ
491 4325 702 4390 νείφειν
734 4325 1008 4396 σποράδην
1065 4328 1156 4379 καὶ
1189 4329 1252 4380 ἐκ
1279 4326 1689 4397 διαλειμμάτων
1743 4344 1941 4398 κατερ-

360 4411 584 4481 χομὲνη.

441 4676 748 4738 Ἀνατελεῖ
775 4678 847 4731 ἐν
887 4679 1016 4745 ταῖς
1051 4680 1303 4750 ἡμέραις
1334 4684 1519 4738 αὑτοῦ
1556 4685 1940 4752 δικαιοσύνη,

361 4771 454 4824 καὶ
499 4771 732 4838 πλῆθος
760 4771 1005 4842 εἰρήνης
1048 4775 1159 4840 ἕως
1199 4772 1272 4832 οὗ
1317 4777 1720 4848 ἀνταναιρεθῇ
1765 4781 1802 4848 ἡ
1837 4796 1941 4834 σε·

362 4861 546 4929 λήγῃ.
601 4864 958 4934 Γεννηθέντος
991 4870 1099 4938 γὰρ
1129 4868 1221 4921 τοῦ
1263 4866 1525 4938 Χριστοῦ,
1581 4874 1636 4924 αἱ
1686 4872 1938 4942 διάφοροι

362 4955 654 5025 τοπαρχίαι
704 4958 812 5011 τῶν
840 4958 1008 5011 ἐθνῶν
1059 4962 1140 5023 εἰς
1179 4965 1479 5032 μοναρχῶν
1506 4964 1608 5035 τὴν
1658 4965 1770 5017 τῶν
1811 4966 1941 5019 Ῥωο

366 5045 541 5113 μαίων
586 5047 975 5117 περιέστηςαν.
1063 5051 1330 5118 Ἔξῆλθε,
1365 5053 1494 5123 γὰρ,
1536 5054 1690 5123 φησὶ,
1750 5055 1940 5123 δόγμα

362 5136 519 5202 παρὰ
547 5138 845 5205 Καίσαρος
860 5142 1233 5208 Αὐγούστου,
1253 5144 1702 5214 ἀπογράφεσθαι
1733 5144 1942 5202 πᾶσαν

361 5227 478 5294 τὴν
507 5230 886 5299 οἰκουμένην.
921 5232 1054 5286 Τότε
1088 5234 1270 5288 τοίνυν
1333 5238 1641 5307 ἐκέχρηντο
1670 5238 1944 5292 δικαιοσύ-

361 5337 427 5391 νῃ
453 5322 546 5374 καὶ
571 5323 763 5394 εἰρήνῃ
785 5324 921 5393 προς
946 5326 1180 5396 ἀλλήλας
1214 5331 1268 5381 αί
1295 5331 1424 5400 πρὶν
1467 5329 1714 5400 πολέμιο.
1757 5332 1936 5397 πόλει,

364 5412 470 5466 ὑπὸ
499 5413 633 5482 μιᾶς
688 5416 1001 5486 ίθυνόμεναι
1064 5419 1364 5489 βασιλείας.
1429 5423 1839 5493 Ἀνταναίρεσιν
1885 5423 1942 5476 δὲ

363 5505 461 5574 τῆς
492 5507 740 5578 σελήνης,
773 5512 971 5576 εἵτουν,
1013 5514 1292 5586 ἀναίρεσιν
1347 5517 1506 5572 καλεῖ
1544 5517 1646 5588 τὴν
1689 5519 1779 5571 ἐπὶ
1820 5534 1942 5569 συν-

404 5687 425 5720 ³
454 5689 591 5747 Luc.
628 5706 685 5752 tt,
721 5691 770 5746 l.

2115 3767 2284 3821 Vsus.
2317 3765 2371 3818 6.
2413 3761 2700 3817 Descendet
2728 3761 2863 3813 sicut
2888 3758 3066 3826 pluvia
3103 3759 3153 3811 in
3189 3755 3373 3816 vellus,
3405 3763 3452 3807 et
3488 3753 3626 3805 sicut

2043 3861 2191 3917 stilla
2219 3857 2436 3911 stillam
2463 3869 2622 3922 super
2663 3863 2882 3906 terram.
2924 3850 3091 3903 Docet
3117 3843 3401 3917 quomodo
3441 3841 3627 3897 divina

2042 3953 2206 4009 Verbi
2246 3946 2558 4004 incarnatio
2594 3945 2837 3999 latenter
2862 3956 2927 3996 ac
2963 3940 3104 3994 clam
3165 3938 3321 3990 facta
3353 3936 3424 3990 sit
3465 3951 3478 3986 :
3521 3933 3624 3988 de-

2047 4044 2351 4104 scendente
2375 4040 2636 4095 nimirum
2669 4036 2837 4090 vcrho
2870 4032 3270 4088 insensibiliter
3302 4029 3353 4083 in
3388 4026 3626 4097 Virginis

2046 4151 2288 4194 uterum.
2322 4132 2512 4187 Pluvia
2531 4131 2732 4186 etenim
2755 4127 2967 4195 absque
2997 4124 3110 4178 ullo
3135 4122 3368 4191 strepitu
3405 4122 3457 4174 in
3491 4119 3626 4172 lanzc

2047 4231 2253 4285 vellera
2285 4223 2576 4282 descendit
2611 4238 2624 4274 :
2662 4229 2828 4290 atque
2882 4217 3074 4272 eodem
3114 4221 3278 4285 pacto
3320 4212 3463 4266 stilla
3506 4227 3627 4280 qua:

2049 4322 2102 4377 iu
2134 4329 2336 4375 terram
2373 4316 2541 4370 cadit.
2586 4312 2787 4367 Verum
2841 4324 2940 4380 per
2973 4305 3149 4362 stillas
3177 4347 3191 4369 ,
3221 4304 3625 4358 minutissimas

1971 4395 2169 4467 l)illas
2227 4416 2449 4480 guttas,
2507 4420 2607 4460 seu
2687 4402 2872 4474 potius
2942 4414 3096 4454 rores
3177 4395 3469 4467 intelligit,
3530 4395 3623 4463 qui

2044 4513 2172 4556 ante
2209 4499 2451 4570 pluviam
2487 4511 2551 4550 ex
2601 4491 2892 4548 intervallo
2921 4489 3157 4560 sparsim
3193 4489 3245 4540 in
3281 4494 3486 4542 terram
3536 4499 3625 4536 ca-

2061 4594 2205 4646 lunt.

2062 4601 2076 4644 1
2192 4633 2205 4646 .

2044 4601 2284 4733 (ῃῧέιιιε.
2311 4679 2364 4732 7.
2407 4675 2622 4732 Orietur
2647 4674 2701 4727 in
2741 4670 2924 4726 diebus
2953 4669 3068 4738 ejus
3099 4669 3319 4738 justitia
3354 4677 3403 4722 et
3445 4667 3627 4721 multi-

2047 4770 2173 4825 tudo
2203 4769 2352 4840 pacis
2390 4769 2556 4820 donec
2579 4764 2864 4833 auferatur
2891 4762 3040 4816 luna.
3074 4758 3214 4816 Nato
3244 4760 3448 4816 etenim
3472 4758 3626 4814 Chri-

2049 4875 2136 4919 sto
2175 4864 2331 4916 varia
2385 4861 2626 4930 gentium
2700 4872 2864 4926 regna
2922 4856 2974 4909 in
3026 4870 3191 4910 unam
3253 4854 3624 4909 Romanorum

2051 4956 2427 5011 tuouarchiam
2486 4951 2739 5006 deducta
2775 4959 2924 5005 sunt.
2976 4947 3128 5004 Exiit
3207 4948 3374 5009 enim,
3421 4947 3623 5015 inquit,

2049 5049 2276 5102 edictum
2303 5061 2336 5094 a
2367 5041 2579 5096 Ca'sare
2609 5040 2871 5107 Augusto,
2901 5047 2956 5088 ut
2994 5035 3384 5089 describeretur
3416 5034 3624 5084 univcr—

2050 5159 2139 5194 sus
2172 5139 2316 5192 orbis
2351 5136 2391 5191 ³.
2426 5133 2583 5188 Tunc
2615 5133 2786 5203 igitur
2836 5131 3115 5190 civitates.
3169 5144 3291 5196 quze
3336 5127 3478 5178 inter
3507 5139 3632 5178 sese.

2053 5243 2210 5286 antea
2254 5227 2576 5283 inimicitias
2608 5233 2994 5284 exercuerant,
3047 5236 3157 5274 uno
3189 5227 3404 5271 tantum
3449 5217 3625 5282 impc-

2054 5321 2450 5380 ratore-omnia
2479 5316 2826 5377 moderante,
2885 5321 3074 5364 mutua
3121 5309 3336 5378 iustitia
3390 5321 3453 5360 ac
3483 5320 3618 5375 pace

2055 5419 2370 5475 utebantur.
2410 5414 2474 5468 Et
2531 5410 2674 5483 quod
2707 5409 2784 5462 ait
2812 5424 2824 5461 :
2855 5407 3018 5458 donec
3043 5403 3322 5471 auferatur
3353 5401 3498 5461 luna,
3531 5413 3636 5468 po.

2057 5512 2164 5567 suit
2190 5524 2309 5580 pro,
2331 5509 2506 5562 donec
2551 5507 2679 5559 luua
2713 5502 2779 5554 ah
2810 5497 2986 5552 ollicio
3015 5509 3116 5551 suo
3133 5502 3334 5556 cesset,
3371 5491 3516 5563 quod
3543 5490 3629 5548 ni:
