4020 6218
335 242 444 307 729

1500 250 1894 311 COMMENT.
1940 247 2020 307 IN
2061 246 2424 307 PSALMOS.

3486 241 3593 303 730

333 374 508 430 γματι
561 359 1070 431 μεταβληθήσονται
1095 379 1109 396 ο
1164 362 1261 417 καὶ
1292 363 1360 418 τὰ
1390 364 1560 435 ἐδάφη
1614 365 1722 419 τῶν
1756 363 1914 432 ἱερῶν

2021 361 2460 439 prmdicationem
2493 364 2830 426 oppugnant,
2861 355 3015 410 multi
3042 369 3233 412 eorum
3266 367 3594 411 converten-

333 448 502 503 αὐτοῦ
539 450 683 503 ναῶν
719 453 1204 523 καταφιλήσουσιν.
1265 454 1335 507 Ἢ
1366 455 1461 507 καὶ
1490 451 1650 518 αὖθις
1681 454 1910 523 ἐχθροὺς

333 541 497 594 αὐτοῦ
547 542 674 605 τοὺς
717 543 980 614 δαίμονας
1018 546 1400 615 ὑποληπτέον,
1451 547 1642 609 οἵτινες
1692 549 1769 609 εἰς
1806 549 1909 614 γῆν

333 633 440 687 ὑπὸ
469 634 578 688 τῶν
627 635 870 689 εὐσεὸὦν
923 637 1432 706 καταϐληῦὴσονται
1483 639 1576 690 καὶ
1617 654 1908 705 συμπατη-

333 723 592 793 θήσονται
645 727 898 778 τοσοῦτον
932 727 1006 789 ὡς
1036 727 1216 780 δοκεῖν
1268 727 1465 797 λείχειν
1500 727 1596 798 τὴν
1627 729 1751 798 γῆν,
1785 729 1910 792 ἐξα-

332 816 596 884 ναστῆναι
627 817 706 900 pa
733 819 1018 889 συγχωρού
1028 836 1180 888 μενοι
1192 860 1204 874 .

401 1015 685 1080 Βασιλεῖς
725 1016 978 1084 Θαρσεῖς
1008 1018 1104 1070 καὶ
1137 1019 1320 1087 νῆσοι
1355 1020 1513 1086 δῶρα
1545 1019 1913 1087 προσοίσον-

332 1123 418 1167 σι,
441 1107 696 1170 ,ϐασιλεῖ
699 1127 730 1171 ς
779 1108 1042 1175 Ἀράϐων
1068 1109 1164 1162 καὶ
1194 1111 1351 1164 Σιιόᾶ
1393 1110 1548 1177 δῶρα
1569 1109 1911 1178 προσάξου-

331 1213 418 1252 σι.
459 1199 694 1267 Θαρσεῖς
763 1198 861 1268 τὴν
925 1201 1250 1270 Καρχηδόνα
1307 1202 1508 1264 πάντες
1561 1201 1909 1269 ὀνομάζουσι,

333 1293 760 1362 προκαθημένην
794 1293 895 1361 τῆς
926 1294 1155 1364 Λιϐύης.
1189 1294 1337 1348 Σαϐὰ
1355 1295 1413 1347 δὲ
1449 1295 1605 1355 πόλις
1636 1297 1785 1346 ἐστὶν
1815 1295 1914 1346 Ὶν·

331 1385 449 1447 δίας
481 1383 947 1453 περιφανεστέρα.
987 1384 1110 1436 Τῶν
1141 1389 1200 1438 ὲν
1249 1387 1388 1456 αὐτῇ
1427 1385 1538 1438 τῶν
1572 1385 1911 1454 ὲπισημοτέυ

337 1493 446 1544 ρων
471 1476 565 1529 οὖν
617 1476 740 1529 τότε
777 1476 1068 1546 βασιλειῶν
1117 1477 1524 1547 μνημονεύσας,
1574 1478 1662 1531 διὰ
1704 1478 1914 1531 τούτων

331 1571 424 1623 καὶ
450 1569 548 1632 τὰς
589 1567 757 1630 ἄλλας
793 1568 1054 1638 ἐνέφηνεν
1077 1581 1094 1598 ⁸
1125 1569 1153 1622 ὃ
1182 1570 1278 1623 καὶ
1297 1569 1388 1624 διὰ
1414 1569 1526 1622 τῶν
1553 1571 1682 1640 ἑξῆς
1709 1569 1914 1640 ἐδήλω-

333 1679 393 1714 σε
434 1661 673 1730 στίχωνο
711 1660 1012 1732 συλλήϐδην
1058 1663 1268 1727 πάντας
1319 1663 1448 1726 τοὺς
1492 1664 1736 1734 βασιλεῖς
1817 1661 1913 1717 καὶ

2017 1666 2378 1738 sequentibus
2399 1663 2565 1720 etiam
2597 1662 2950 1718 manifestius
2983 1669 3231 1731 apparet,
3264 1661 3394 1713 dum
3427 1658 3591 1713 colle-
3675 1684 3700 1694 -

332 1751 512 1804 πάντα
545 1748 616 1802 τὰ
667 1749 794 1820 ἔθνη
826 1749 1025 1820 φήσας,
1058 1751 1135 1815 ὡς
1169 1752 1228 1804 ἐν
1259 1751 1340 1822 τῷ
1374 1752 1450 1816 ξθ¹
1481 1752 1682 1822 ψαλμῷ
1713 1751 1915 1821 ἐδηλώ-

332 1859 531 1912 σαμεν.
560 1842 780 1912 Νήσους
835 1842 892 1894 δὲ
931 1842 1027 1907 τὰς
1059 1845 1118 1898 ὲν
1141 1845 1209 1913 τῇ
1239 1843 1484 1915 Θαλάσσῃ
1519 1845 1699 1908 πάσας
1727 1843 1911 1914 φησίν.

337 1935 545 1998 Ὄντως
580 1935 638 1988 δὲ
675 1937 784 1989 πᾶν
818 1935 974 1999 ἔθνος
1005 1937 1389 2011 ὲδωροφόρησε
1435 1938 1514 2007 τῷ
1545 1937 1768 2008 Χριστῷ
1792 1955 1804 1967 ·
1853 1938 1915 1988 τὸ

336 2027 436 2098 μὲν
491 2027 653 2090 ναοὺς
689 2028 782 2082 καὶ
817 2027 1170 2098 ἀναθήματα,
1227 2029 1290 2083 τὸ
1343 2030 1402 2083 δὲ
1446 2029 1648 2100 ἀρετάς
1671 2045 1686 2060 ·
1720 2028 1815 2082 καὶ
1853 2029 1915 2081 τὸ

337 2121 436 2192 μὲν
471 2121 708 2191 αἰσθητὰ
735 2121 908 2190 δῶρα,
949 2121 1010 2176 τὸ
1041 2121 1098 2176 δὲ
1128 2123 1318 2196 νοητά.

401 2389 512 2443 Kal
536 2388 1091 2456 προσκυνήσουσιν
1118 2388 1282 2455 αὐτῷ
1309 2404 1536 2454 παντες
1556 2391 1611 2442 οι
1628 2387 1914 2454 ,ϐασιλεῖς

334 2477 444 2548 τῆς
472 2480 607 2548 γῆς.
657 2480 1081 2552 Προσεκὺνησαν
1114 2480 1172 2534 δὲ
1215 2480 1371 2534 οὔπω
1395 2481 1622 2546 πάντες,
1654 2481 1687 2551 ἢ
1725 2481 1820 2534 καὶ
1850 2480 1915 2534 ἐκ

335 2571 538 2636 παντὸς
586 2572 798 2638 ἔθνους,
854 2572 930 2637 ὡς
981 2575 1042 2626 ὲν
1084 2573 1164 2640 τῷ
1201 2570 1278 2637 εἶ’
1302 2572 1506 2644 ψαλμῷ
1560 2573 1911 2645 προείρηται.

336 2664 520 2716 Ἕοικε
549 2663 606 2716 δὲ
645 2663 708 2716 τὸ
744 2663 910 2734 ῥητὸν
961 2663 1121 2717 τοῦτο
1148 2663 1226 2734 τῷ
1253 2663 1349 2718 τοῦ
1381 2664 1602 2731 Ἰακὼϐ,
1635 2665 1714 2736 τῷ
1737 2682 1753 2699 ο
1801 2666 1913 2719 Kal

330 2753 516 2820 αὐτὸς
539 2751 880 2822 προσδοκία
902 2753 1116 2809 ἐθνῶν.

2017 462 2126 516 tur,
2183 462 2238 506 et
2291 458 2609 506 sanctorum
2662 449 2868 503 Christi
2927 449 3252 518 templorum
3311 448 3486 502 solum
3528 453 3592 502 ac

2012 544 2326 613 pavimenta
2355 543 2845 598 exosculabuntur.
2876 539 2972 594 Vel
3007 556 3224 606 rursus,
3263 557 3358 610 per
3383 541 3590 594 Christi

2012 634 2287 699 inimicos,
2314 634 2590 688 daemones
2624 633 2878 704 intellige,
2914 633 3009 703 qui
3050 647 3080 686 a
3123 633 3338 688 sanctis
3373 633 3510 688 viris
3536 635 3590 685 in

2015 730 2217 779 terram
2245 724 2595 794 dejicientur,
2628 734 2794 794 atque
2824 726 2962 779 adeo
3001 724 3505 788 conculcabuntur,
3535 734 3590 778 ut

2014 819 2192 886 ipsam
2227 818 2452 870 humum
2489 817 2730 872 lambere
2761 817 3074 883 videantur,
3133 816 3264 870 dum
3302 817 3458 869 illinc
3494 831 3586 868 ex-

2014 924 2240 978 surgere
2275 918 2577 978 nequeunt.

2086 1024 2248 1079 Vens.
2298 1023 2385 1077 10.
2415 1023 2580 1092 Reges
2650 1022 2871 1077 Tharsis
2902 1030 2952 1076 et
2978 1023 3170 1077 insula:
3195 1037 3417 1075 munera
3467 1020 3592 1090 olfe-

2014 1127 2153 1182 rent,
2184 1133 2326 1186 reges
2359 1116 2626 1179 Arabum,
2663 1124 2714 1169 et
2765 1115 2912 1170 Saba
2949 1115 3093 1170 dona
3150 1116 3437 1168 adducent.
3492 1113 3593 1168 Per

2014 1208 2244 1263 Tharsis
2297 1208 2643 1277 expositores
2681 1222 2874 1263 omnes
2920 1207 3272 1277 Carthaginis
3313 1206 3589 1260 civitatem

2016 1299 2350 1368 intelligunt,
2386 1314 2504 1367 qua:
2530 1308 2615 1352 est
2659 1296 2842 1368 Libyre
2872 1307 3057 1368 caput,
3087 1306 3140 1352 et
3169 1313 3267 1368 per
3299 1297 3464 1362 Saba,
3507 1295 3592 1350 ci-

2014 1392 2236 1446 vitatem
2267 1389 2556 1459 quamdam
2575 1389 2831 1444 Indorum
2861 1388 3298 1444 celeberrimam.
3321 1387 3593 1458 Insignio-

2014 1497 2136 1536 rum
2173 1481 2343 1548 igitur
2364 1494 2553 1550 regum
2579 1479 2900 1534 memoriam
2932 1479 3142 1533 faciens
3165 1478 3462 1549 Propheta,
3487 1477 3591 1532 alia

2015 1574 2226 1646 pariter
2275 1587 2441 1643 regna
2477 1572 2660 1626 omnia
2718 1569 3014 1625 denotasse
3047 1569 3300 1632 videtur;
3341 1568 3490 1638 quod
3526 1581 3591 1621 ex

2019 1763 2151 1817 etim
2177 1759 2476 1816 universos
2508 1771 2664 1827 reges
2708 1762 2874 1826 atque
2905 1755 3192 1810 universas
3239 1760 3428 1824 gentes
3458 1765 3593 1806 con-

2018 1861 2273 1911 numerat
2307 1871 2322 1907 :
2357 1851 2821 1923 quemadmodum
2853 1849 2909 1904 in
2939 1865 3067 1904 thx
3103 1848 3318 1918 psalmo
3344 1846 3595 1910 declara-

2017 1947 2217 2002 vimus.
2247 1941 2460 1999 Insulas
2495 1947 2701 2005 autem,
2728 1954 2923 1996 omnes
2961 1938 3206 2008 intellige
3226 1953 3347 2007 quae
3379 1937 3432 1990 in
3453 1935 3589 1990 mari
3660 1953 3663 1957 '

2020 2045 2168 2093 sunt.
2199 2035 2338 2091 Vere
2383 2040 2567 2089 autem
2605 2032 2864 2103 quaelibet
2895 2045 3030 2101 gens
3075 2030 3296 2084 Christo
3333 2027 3475 2083 dona
3506 2035 3592 2081 tu-

1977 2150 1981 2154 π
2018 2125 2106 2191 lit,
2163 2126 2281 2180 haec
2311 2121 2533 2193 quidem
2585 2121 2811 2192 templa,
2867 2121 2964 2175 illa
2999 2119 3133 2173 alias
3169 2118 3496 2184 oblationes,
3538 2127 3592 2172 et

2017 2218 2158 2273 alias
2189 2215 2450 2278 virtutes,
2509 2221 2565 2270 et
2595 2213 2649 2268 hi
2683 2212 2904 2282 quidem
2959 2210 3268 2275 sensibilia,
3323 2209 3412 2262 alii
3463 2225 3588 2263 vero

2017 2302 2416 2360 intellectualia
2445 2301 2589 2356 dona
2613 2301 2960 2357 obtulerunt.

2089 2393 2257 2452 Vens.
2289 2395 2378 2452 11.
2415 2393 2484 2449 Et
2515 2393 2818 2448 adorabunt
2865 2409 2985 2447 eum
3016 2409 3192 2446 omnes
3245 2408 3387 2462 reges
3418 2400 3592 2452 term,

2018 2485 2197 2542 amnes
2254 2495 2431 2557 gentes
2483 2484 2706 2540 servient
2755 2485 2828 2539 ei.
2885 2483 3138 2537 Nondum
3191 2491 3371 2535 tamen
3404 2495 3594 2535 omnes

2016 2577 2406 2641 adoravcrunt,
2437 2576 2657 2630 tametsi
2689 2590 2756 2629 ex
2785 2575 2933 2628 omni
2956 2581 3116 2644 gente
3137 2573 3230 2640 sit,
3256 2572 3349 2642 qui
3402 2572 3593 2626 adoret

2016 2676 2072 2722 et
2099 2668 2340 2733 serviat,
2381 2676 2441 2722 ut
2479 2669 2532 2722 in
2564 2682 2711 2722 vatt
2767 2666 2980 2736 psalmo
3011 2664 3331 2735 praedictum
3375 2672 3479 2720 est.
3513 2662 3595 2718 Si-

2016 2761 2165 2815 milis
2201 2770 2288 2816 est
2321 2771 2508 2814 autem
2541 2761 2630 2815 hic
2671 2759 2976 2814 versiculus
3027 2756 3208 2811 verbis
3245 2757 3377 2822 illis,
3417 2771 3538 2826 quae
3561 2775 3590 2810 ιι

2017 2853 2333 2923 patriarcha
2382 2851 2553 2907 Jacob
2610 2852 2678 2906 de
2729 2851 2952 2905 Christo
3004 2847 3262 2919 praedicta
3315 2855 3482 2902 sunt:
3525 2846 3595 2900 Et

2019 2943 2152 3012 ipse,
2183 2942 2380 3012 inquit,
2422 2943 2522 2995 erit
2554 2941 2878 3009 exspectatio
2897 2940 3153 3009 gentium.

410 3023 536 3075 Ὀτι
563 3021 859 3092 ἐρρὑατο
887 3023 1131 3092 πτωχὸν
1161 3025 1230 3079 ἐκ
1255 3024 1567 3082 δυνάστου
1593 3069 1608 3094 ,
1662 3030 1761 3082 καὶ
1806 3028 1910 3082 πέ-

2091 3033 2260 3088 Vens.
2291 3033 2379 3087 12.
2430 3033 2697 3099 Quoniam
2749 3031 2943 3098 eripuit
2981 3030 3184 3096 inopem
3216 3047 3246 3083 η
3276 3036 3505 3097 potente,
3545 3037 3594 3080 et

264 3118 275 3130 ’
335 3130 489 3183 νητα
519 3108 568 3182 ᾦ
599 3115 710 3184 οὐχ
740 3113 977 3185 ὑπῆρχε
1000 3116 1249 3184 βοηθός.
1297 3111 1520 3188 Πτωχὸν
1571 3120 1667 3173 καὶ
1703 3120 1914 3190 πένητα

334 3205 481 3274 λέγει
515 3206 610 3260 νῦν
639 3208 729 3262 τὸν
780 3207 910 3261 λαὸν
940 3208 1048 3262 τῶν
1095 3209 1464 3279 Χριστιανῶν,
1508 3211 1584 3275 ὼς
1636 3211 1694 3266 ὲν
1724 3212 1803 3281 τῷ
1833 3211 1912 3264 λθ⁸

332 3297 532 3367 ψαλμῷ
563 3299 909 3369 προείρηται,
945 3301 1038 3353 καὶ
1072 3301 1211 3354 πολὺ
1264 3299 1372 3372 πρὸ
1420 3300 1610 3355 τούτου
1654 3305 1712 3356 ὲν
1738 3301 1816 3372 τῷ
1845 3303 1914 3358 θ’.

334 3391 612 3462 Δυνάστην
641 3390 696 3444 δὲ
722 3392 882 3446 καλεί
911 3392 1002 3446 τὸν
1022 3393 1295 3459 διάϐολον,
1325 3394 1402 3458 ὠς
1436 3395 1914 3466 κατακυριεύσαν-

335 3499 402 3537 τα
432 3483 602 3536 πάλαι
631 3483 742 3537 τῶν
775 3484 1106 3556 ἀνθρώπων.
1142 3486 1252 3540 Καὶ
1287 3485 1464 3550 ἄλλως
1495 3486 1552 3540 δὲ
1591 3487 1758 3556 φόϐον
1789 3489 1913 3541 ἐπιο

338 3579 473 3630 σείει
497 3579 608 3640 τοῖς
631 3578 924 3640 δυνάσταις
954 3581 982 3632 δ
1012 3581 1330 3651 Προφήτης,
1362 3581 1440 3644 ὡς
1461 3581 1556 3634 τοῦ
1591 3581 1729 3636 Θεοῦ
1764 3582 1916 3636 ἀντι-

333 3668 746 3739 λαμϐανομένου
773 3671 866 3725 τὸν
894 3674 1522 3744 καταδυναστευὸμενον.

407 3871 683 3926 Φείσεται
709 3873 952 3942 πτωχοῦ
976 3852 1073 3928 παι
1096 3874 1376 3943 πένητος,
1405 3875 1502 3930 καὶ
1533 3877 1742 3945 ψυχὰς
1813 3892 1915 3931 πε-

333 3965 534 4032 νήτων
558 3965 766 4019 σώσει.
803 3965 875 4018 Τὸ
913 3967 1044 4021 αὐτὸ
1075 3965 1239 4022 πάλιν
1273 3967 1437 4038 φησίν
1459 3985 1473 3999 ’
1504 3969 1536 4040 ἢ
1574 3971 1790 4040 πτωχῷ
1818 3971 1917 4041 μὲν

334 4059 592 4127 ὀνομάζει
639 4058 732 4112 τὸν
779 4058 1073 4113 Ἰουδαϊκὸν
1102 4059 1251 4125 λαδν,
1283 4059 1358 4123 ὡς
1415 4059 1527 4131 (65)
1562 4062 1916 4116 ἀποπεσὸντα

336 4152 432 4203 τοῦ
460 4150 692 4205 πλούτου
754 4153 853 4222 τῆς
912 4152 1085 4226 θείας,
1107 4152 1402 4222 βοηθείας·
1457 4153 1669 4226 πένητα
1702 4154 1782 4217 δὲ,
1823 4155 1916 4208 τὸν

340 4243 575 4297 ὲθνικδν.
603 4244 973 4314 ’Ᾱμφοτέρους
998 4222 1098 4314 μὲν
1125 4245 1233 4315 γὰρ
1276 4245 1493 4316 ἠλέησε,
1533 4222 1621 4298 καὶ
1644 4246 1710 4299 δι’
1740 4249 1916 4315 ἀμφο-

1026 4337 1168 4359 ’ΔἚἏὉ
1217 4341 1230 4358 Ὁ

2015 3147 2292 3202 pauperem
2334 3127 2555 3182 cuinon
2582 3133 2696 3178 erat
2766 3123 3003 3192 adjutor.
3035 3123 3256 3191 Inopem
3297 3130 3351 3175 et
3393 3135 3596 3190 paupe-

2017 3238 2128 3278 rem
2187 3221 2278 3276 hic
2319 3218 2693 3275 Christianum
2733 3213 2996 3286 populum
3039 3213 3302 3288 appellat,
3352 3221 3410 3264 ut
3452 3212 3506 3263 in
3543 3228 3591 3266 tx

2017 3323 2180 3383 atque
2208 3312 2262 3366 in
2289 3325 2454 3366 χχιιι
2494 3309 2703 3378 psalmo
2731 3306 2998 3360 diximus.
3025 3304 3128 3359 Per
3156 3311 3434 3374 potentem
3469 3317 3595 3355 vero

2019 3405 2201 3474 ipsum
2233 3403 2493 3472 intelligit
2541 3401 2844 3463 diabolum,
2902 3399 2994 3470 qui
3044 3397 3138 3452 diu
3185 3397 3316 3451 olim
3356 3396 3597 3449 immane

2018 3495 2203 3566 generi
2290 3507 2455 3564 atque
2508 3494 2768 3547 universo
2827 3490 2945 3545 orbi
2986 3489 3305 3545 dominatus
3361 3497 3463 3542 est.
3503 3485 3596 3540 Vel

2019 3587 2270 3641 timorem
2302 3584 2625 3656 potentibus
2672 3582 2951 3653 Propheta
2987 3581 3074 3636 his
3104 3581 3293 3635 verbis
3345 3580 3592 3633 incutere

2019 3677 2216 3740 voluit,
2277 3675 2445 3731 veluti
2485 3675 2742 3729 Christus
2778 3675 2845 3728 iis
2879 3672 3136 3727 omnibus
3177 3686 3334 3742 opem
3385 3672 3595 3722 laturus

2019 3771 2113 3835 sit,
2145 3770 2238 3839 qui
2270 3769 2340 3824 ab
2371 3769 2451 3822 eis
2474 3766 2725 3837 oppressi
2761 3765 2995 3820 fuerint.

2092 3879 2258 3934 Vsus.
2322 3880 2408 3933 15.
2463 3879 2654 3932 Parcet
2700 3876 2922 3945 pauperi
2975 3885 3021 3929 et
3068 3875 3235 3943 inopi,
3291 3881 3341 3927 et
3391 3872 3596 3926 animus

2019 3987 2312 4042 pauperum
2347 3970 2524 4023 salvas
2577 3968 2762 4037 faciet.
2824 3967 3080 4021 Eamdem
3143 3965 3339 4032 repetit
3369 3972 3592 4019 sentcn-

2023 4065 2174 4127 tiam,
2208 4071 2261 4117 et
2290 4065 2508 4130 inopem
2543 4059 2762 4130 quidem
2790 4057 3082 4113 Iudaicum
3112 4054 3370 4124 populum
3404 4053 3596 4122 appel-

2025 4159 2120 4222 lat,
2153 4157 2320 4212 veluti
2350 4171 2472 4210 eum
2506 4155 2598 4225 qui
2668 4153 2843 4224 [juxta
2879 4151 3051 4206 Grazci
3091 4151 3330 4205 nominis
3380 4158 3592 4221 etymo-

2025 4249 2250 4323 logiam]
2289 4251 2358 4304 ab
2389 4264 2495 4319 0pc
2541 4257 2708 4316 atque
2761 4262 2792 4300 a
2844 4244 3056 4300 divitiis
3111 4243 3374 4298 ceciderit
3425 4241 3593 4296 divini

2025 4343 2238 4408 auxilii,
2277 4356 2572 4410 pauperem
2605 4354 2733 4394 vero
2763 4337 3021 4409 gentilem
3047 4335 3346 4405 populum;
3384 4343 3596 4386 utrum»

345 4426 609 4493 ξαμένους
642 4427 805 4478 αὐτὸν
833 4429 1016 4480 εἴασεν
1037 4445 1052 4460 ο
1084 4430 1153 4480 τὰ
1182 4428 1308 4497 ἔθνη
1338 4429 1394 4481 δὲ
1423 4429 1808 4499 προδραμόντα
1836 4431 1912 4493 εἰς

2021 4449 2126 4503 que
2159 4435 2304 4487 enim
2355 4432 2614 4502 pepulum
2653 4430 2957 4485 miseratus
3011 4438 3096 4483 est
3147 4426 3311 4481 Deus.
3368 4423 3595 4491 Propter

350 4519 507 4570 αὑτὸν
531 4519 712 4572 πίστει
737 4519 961 4573 ἔσωσεν.
988 4519 1098 4571 Καὶ
1124 4519 1297 4582 ἄλλως
1321 4520 1402 4584 δὲ,
1444 4520 1634 4592 ῥύεται
1673 4521 1766 4574 καὶ
1795 4524 1915 4589 φεί-

346 4613 518 4674 δεται,
552 4611 644 4664 καὶ
677 4610 839 4676 σώζει
883 4612 1006 4674 τοὺς
1031 4610 1102 4663 δι’
1129 4610 1293 4664 αὐτὸν
1319 4614 1572 4683 πτωχοὺς
1606 4615 1700 4666 καὶ
1753 4615 1919 4683 πένηο

343 4717 460 4764 τας.

2028 4527 2339 4581 universum
2363 4523 2564 4579 etenim
2593 4523 2892 4576 humanum
2925 4534 3099 4590 genus
3125 4521 3445 4572 incarnatus
3471 4521 3592 4579 est;

2027 4633 2217 4672 verum
2249 4615 2490 4681 Iudaeos,
2528 4615 2622 4685 qui
2660 4629 2784 4669 eum
2830 4627 2940 4666 non
2971 4617 3316 4679 receperunt,
3349 4605 3598 4669 dimisit;

2029 4717 2219 4779 gentes
2242 4724 2396 4772 vero,
2445 4722 2566 4777 qua:
2591 4706 2660 4761 ad
2687 4705 2809 4773 ejus
2844 4703 3005 4757 (idem
3039 4707 3425 4764 accurreruut,
3482 4696 3593 4752 sal-
3678 4754 3685 4760 _

346 4793 512 4847 vavit.
572 4791 665 4848 Vel
721 4794 903 4859 aliter,
971 4797 1169 4868 eripiet
1203 4795 1478 4865 Christus,
1550 4808 1740 4870 parcet
1811 4808 1865 4855 et
1923 4802 2155 4857 salvabit
2215 4817 2346 4867 eos,
2387 4799 2646 4853 nimirum
2699 4811 2891 4849 (mines
2956 4793 3047 4862 qui
3105 4799 3326 4860 propter
3415 4790 3596 4860 ipsum

347 4885 535 4955 inopes
577 4887 705 4942 facti
737 4887 941 4943 fuerint
968 4900 1020 4943 et
1047 4905 1342 4959 pauperes.

415 4981 519 5032 Ἐκ
551 4981 733 5034 τόκου
762 4982 860 5035 καὶ
893 4982 962 5047 ἐξ
988 4984 1227 5050 ἀδικίας
1269 4984 1637 5052 λυτρώσεται
1672 4988 1775 5052 τὰς
1810 4990 1927 5054 duo

350 5069 458 5138 χὰς
486 5071 706 5127 αὐτῶν.
740 5076 838 5129 Διὰ
893 5076 988 5128 τοῦ
1026 5078 1186 5129 τόκου
1243 5077 1342 5148 τὴν
1384 5077 1752 5149 φιλαργυρίαν
1801 5081 1925 5147 ἐσή-

2098 4988 2265 5041 Vens.
2297 4985 2380 5038 Η.
2416 4981 2497 5036 Ea:
2545 4981 2720 5036 usuris
2752 4988 2802 5032 et
2832 4977 3101 5046 injustitia
3132 4973 3352 5027 redimet
3383 4974 3596 5027 animus

2025 5093 2224 5138 eorum.
2261 5074 2365 5127 Per
2396 5088 2619 5135 usuras,
2657 5069 2900 5124 avaritiae
2917 5068 3106 5120 vitium
3141 5064 3417 5133 intelligit.
3445 5065 3590 5130 quod

354 5178 509 5230 μανε,
570 5165 792 5236 χείρονα
841 5167 950 5220 τῶν
981 5167 1157 5222 ἄλλων
1206 5167 1373 5223 οὖσαν
1431 5169 1658 5224 παθῶνο
1712 5166 1831 5224 εἶτα
1861 5173 1914 5240 ri

2027 5169 2173 5223 inter
2205 5175 2400 5220 caetera
2449 5162 2750 5233 pessimum
2801 5167 2904 5215 est.
2937 5156 3228 5228 lnjustititc
3279 5161 3460 5206 autem
3499 5166 3596 5204 no-

351 5249 532 5323 ἀδικίᾳ
589 5256 684 5307 καὶ
726 5257 907 5310 πᾶσαν
935 5257 1215 5328 ἁμαρτίαν
1245 5259 1682 5329 καθολικώτερον
1719 5275 1930 5328 συμπε-

2032 5259 2177 5313 mine
2230 5272 2392 5312 omne
2457 5255 2602 5309 aliud
2675 5266 2845 5324 genus
2891 5247 3112 5320 peccati
3161 5245 3215 5297 in
3279 5243 3595 5296 universqu

356 5341 604 5410 ριέλαϐεο
639 5348 748 5412 πᾶς
783 5349 893 5420 γὰρ
944 5351 972 5404 ὁ
1021 5351 1353 5422 ἁμαρτάνων
1406 5353 1618 5406 ἀδικεῖ·
1669 5353 1703 5422 ἢ
1737 5353 1914 5405 ἐαυτὺκ

2029 5349 2468 5420 comprehendit.
2527 5347 2718 5402 Omnis
2781 5343 2926 5400 enim
2979 5340 3072 5409 qui
3136 5343 3346 5407 peccat,
3395 5334 3597 5402 injuste

1705 5528 1906 5590 Variae
1939 5527 2269 5590 lectiones.

431 5674 544 5748 (65)
590 5675 710 5734 Sibi
755 5675 928 5761 placet
955 5677 1010 5733 in
1056 5677 1252 5748 ctymis
1307 5676 1573 5746 interpres
1605 5695 1616 5732 :
1650 5691 1759 5732 non
1794 5677 1919 5734 item
1964 5675 2196 5732 fortasse
2238 5676 2515 5730 curulibus.
