  <div class='ocr_page' id='page_1' title='image "/cluster/home/n/w/nwhite01/storage/ocr_20150623/128/hvd.32044073502403/371.png"; bbox 0 0 4020 6218; ppageno 0'>
   <div class='ocr_carea' id='block_1_1' title="bbox 453 204 550 269">
    <p class='ocr_par' dir='ltr' id='par_1_1' title="bbox 453 204 550 269">
     <span class='ocr_line' id='line_1_1' title="bbox 453 204 550 269; baseline 0 -1"><span class='ocrx_word' id='word_1_1' title='bbox 453 204 550 269; x_wconf 74' lang='lat'><strong>731</strong></span> 
     </span>
    </p>
   </div>
   <div class='ocr_carea' id='block_1_2' title="bbox 1675 212 2466 280">
    <p class='ocr_par' dir='ltr' id='par_1_2' title="bbox 1675 212 2466 280">
     <span class='ocr_line' id='line_1_2' title="bbox 1675 212 2466 280; baseline 0.001 -4"><span class='ocrx_word' id='word_1_2' title='bbox 1675 212 2055 276; x_wconf 59' lang='lat' dir='ltr'><strong>EUTHYNHI</strong></span> <span class='ocrx_word' id='word_1_3' title='bbox 2099 215 2466 280; x_wconf 74' lang='lat' dir='ltr'><strong>ZIGAB’ENI</strong></span> 
     </span>
    </p>
   </div>
   <div class='ocr_carea' id='block_1_3' title="bbox 3581 189 3686 291">
    <p class='ocr_par' dir='ltr' id='par_1_3' title="bbox 3581 189 3686 291">
     <span class='ocr_line' id='line_1_3' title="bbox 3581 189 3686 291; baseline 0 0"><span class='ocrx_word' id='word_1_4' title='bbox 3581 189 3686 291; x_wconf 56' lang='grc' dir='ltr'><strong>ἀεὶ</strong></span> 
     </span>
    </p>
   </div>
   <div class='ocr_carea' id='block_1_4' title="bbox 453 319 2000 409">
    <p class='ocr_par' dir='ltr' id='par_1_4' title="bbox 453 319 2000 396">
     <span class='ocr_line' id='line_1_4' title="bbox 453 319 2000 396; baseline 0.003 -24"><span class='ocrx_word' id='word_1_5' title='bbox 453 319 585 389; x_wconf 84' lang='lat' dir='ltr'><strong>agit,</strong></span> <span class='ocrx_word' id='word_1_6' title='bbox 637 328 800 390; x_wconf 85' lang='lat' dir='ltr'><strong>atque</strong></span> <span class='ocrx_word' id='word_1_7' title='bbox 846 322 1104 392; x_wconf 83' lang='lat' dir='ltr'><strong>injuriam</strong></span> <span class='ocrx_word' id='word_1_8' title='bbox 1140 324 1291 389; x_wconf 82' lang='lat' dir='ltr'><strong>facit,</strong></span> <span class='ocrx_word' id='word_1_9' title='bbox 1327 327 1431 380; x_wconf 87' lang='lat' dir='ltr'><strong>sibi</strong></span> <span class='ocrx_word' id='word_1_10' title='bbox 1474 327 1574 396; x_wconf 84' lang='lat' dir='ltr'><strong>ipsi</strong></span> <span class='ocrx_word' id='word_1_11' title='bbox 1631 327 1890 382; x_wconf 87' lang='lat' dir='ltr'><strong>nimirum</strong></span> <span class='ocrx_word' id='word_1_12' title='bbox 1922 340 2000 381; x_wconf 62' lang='lat' dir='ltr'><strong>aui</strong></span> 
     </span>
    </p>
   </div>
   <div class='ocr_carea' id='block_1_5' title="bbox 2106 319 3688 409">
    <p class='ocr_par' dir='ltr' id='par_1_5' title="bbox 2121 329 3688 409">
     <span class='ocr_line' id='line_1_5' title="bbox 2121 329 3688 409; baseline 0.013 -30"><span class='ocrx_word' id='word_1_13' title='bbox 2121 329 2304 396; x_wconf 85' lang='grc' dir='ltr'>μόνον.</span> <span class='ocrx_word' id='word_1_14' title='bbox 2355 331 2387 402; x_wconf 85' lang='grc' dir='ltr'>ἢ</span> <span class='ocrx_word' id='word_1_15' title='bbox 2448 333 2544 386; x_wconf 79' lang='grc' dir='ltr'><strong>καὶ</strong></span> <span class='ocrx_word' id='word_1_16' title='bbox 2573 334 2779 405; x_wconf 75' lang='grc' dir='ltr'>ἕτερον.</span> <span class='ocrx_word' id='word_1_17' title='bbox 2817 336 3036 391; x_wconf 84' lang='grc' dir='ltr'><strong>Τούτων</strong></span> <span class='ocrx_word' id='word_1_18' title='bbox 3085 337 3142 392; x_wconf 81' lang='grc' dir='ltr'><strong>δὲ</strong></span> <span class='ocrx_word' id='word_1_19' title='bbox 3188 340 3535 409; x_wconf 83' lang='grc' dir='ltr'>ἑλυτρώσατο</span> <span class='ocrx_word' id='word_1_20' title='bbox 3563 347 3688 408; x_wconf 80' lang='grc' dir='ltr'>τοὺς</span> 
     </span>
    </p>
   </div>
   <div class='ocr_carea' id='block_1_6' title="bbox 451 412 2012 483">
    <p class='ocr_par' dir='ltr' id='par_1_6' title="bbox 451 412 2012 483">
     <span class='ocr_line' id='line_1_6' title="bbox 451 412 2012 483; baseline 0.008 -18"><span class='ocrx_word' id='word_1_21' title='bbox 451 413 633 467; x_wconf 88' lang='lat' dir='ltr'><strong>alteri.</strong></span> <span class='ocrx_word' id='word_1_22' title='bbox 660 412 743 467; x_wconf 84' lang='lat' dir='ltr'><strong>Ab</strong></span> <span class='ocrx_word' id='word_1_23' title='bbox 775 415 858 468; x_wconf 84' lang='lat' dir='ltr'><strong>his</strong></span> <span class='ocrx_word' id='word_1_24' title='bbox 887 423 1066 469; x_wconf 91' lang='lat' dir='ltr'><strong>autem</strong></span> <span class='ocrx_word' id='word_1_25' title='bbox 1093 418 1330 483; x_wconf 74' lang='lat' dir='ltr'><strong>peccatis</strong></span> <span class='ocrx_word' id='word_1_26' title='bbox 1360 419 1592 476; x_wconf 89' lang='lat' dir='ltr'><strong>redemit</strong></span> <span class='ocrx_word' id='word_1_27' title='bbox 1629 437 1820 477; x_wconf 89' lang='lat' dir='ltr'><strong>omnes</strong></span> <span class='ocrx_word' id='word_1_28' title='bbox 1851 421 2012 477; x_wconf 88' lang='lat' dir='ltr'><strong>Chri-</strong></span> 
     </span>
    </p>
   </div>
   <div class='ocr_carea' id='block_1_7' title="bbox 451 503 1262 573">
    <p class='ocr_par' dir='ltr' id='par_1_7' title="bbox 451 503 1262 573">
     <span class='ocr_line' id='line_1_7' title="bbox 451 503 1262 573; baseline 0.006 -19"><span class='ocrx_word' id='word_1_29' title='bbox 451 511 571 556; x_wconf 84' lang='lat' dir='ltr'><strong>stus</strong></span> <span class='ocrx_word' id='word_1_30' title='bbox 597 503 931 570; x_wconf 82' lang='lat' dir='ltr'><strong>evangelicis</strong></span> <span class='ocrx_word' id='word_1_31' title='bbox 974 506 1262 573; x_wconf 70' lang='lat' dir='ltr'><strong>praeceptis</strong></span> 
     </span>
    </p>
   </div>
   <div class='ocr_carea' id='block_1_8' title="bbox 525 591 2012 666">
    <p class='ocr_par' dir='ltr' id='par_1_8' title="bbox 525 591 2012 666">
     <span class='ocr_line' id='line_1_8' title="bbox 525 591 2012 666; baseline 0.015 -24"><span class='ocrx_word' id='word_1_32' title='bbox 525 591 589 644; x_wconf 77' lang='lat' dir='ltr'><strong>Et</strong></span> <span class='ocrx_word' id='word_1_33' title='bbox 619 593 928 646; x_wconf 82' lang='lat' dir='ltr'><strong>honorabile</strong></span> <span class='ocrx_word' id='word_1_34' title='bbox 977 610 1165 649; x_wconf 85' lang='lat' dir='ltr'><strong>nomen</strong></span> <span class='ocrx_word' id='word_1_35' title='bbox 1205 598 1319 666; x_wconf 78' lang='lat' dir='ltr'><strong>ejus</strong></span> <span class='ocrx_word' id='word_1_36' title='bbox 1372 616 1554 653; x_wconf 80' lang='lat' dir='ltr'><strong>coram</strong></span> <span class='ocrx_word' id='word_1_37' title='bbox 1595 602 1726 658; x_wconf 82' lang='lat' dir='ltr'><strong>illis.</strong></span> <span class='ocrx_word' id='word_1_38' title='bbox 1773 605 1843 659; x_wconf 85' lang='grc' dir='ltr'><strong>Ει·</strong></span> <span class='ocrx_word' id='word_1_39' title='bbox 1888 623 2012 664; x_wconf 79' lang='lat' dir='ltr'><strong>vere</strong></span> 
     </span>
    </p>
   </div>
   <div class='ocr_carea' id='block_1_9' title="bbox 447 683 2012 763">
    <p class='ocr_par' dir='ltr' id='par_1_9' title="bbox 447 683 2012 763">
     <span class='ocr_line' id='line_1_9' title="bbox 447 683 2012 763; baseline 0.013 -31"><span class='ocrx_word' id='word_1_40' title='bbox 447 683 586 737; x_wconf 87' lang='lat' dir='ltr'><strong>adeo</strong></span> <span class='ocrx_word' id='word_1_41' title='bbox 644 684 973 738; x_wconf 87' lang='lat' dir='ltr'><strong>honoratum</strong></span> <span class='ocrx_word' id='word_1_42' title='bbox 1007 696 1088 740; x_wconf 86' lang='lat' dir='ltr'><strong>est</strong></span> <span class='ocrx_word' id='word_1_43' title='bbox 1127 689 1229 742; x_wconf 89' lang='lat' dir='ltr'><strong>hoc</strong></span> <span class='ocrx_word' id='word_1_44' title='bbox 1276 706 1472 744; x_wconf 82' lang='lat' dir='ltr'><strong>nomen</strong></span> <span class='ocrx_word' id='word_1_45' title='bbox 1515 695 1657 762; x_wconf 90' lang='lat' dir='ltr'><strong>apud</strong></span> <span class='ocrx_word' id='word_1_46' title='bbox 1714 696 1923 763; x_wconf 87' lang='lat' dir='ltr'><strong>ﬁdeles,</strong></span> <span class='ocrx_word' id='word_1_47' title='bbox 1954 708 2012 754; x_wconf 88' lang='lat' dir='ltr'><strong>ut</strong></span> 
     </span>
    </p>
   </div>
   <div class='ocr_carea' id='block_1_10' title="bbox 325 775 2010 856">
    <p class='ocr_par' dir='ltr' id='par_1_10' title="bbox 325 775 2010 856">
     <span class='ocr_line' id='line_1_10' title="bbox 325 775 2010 856; baseline 0.016 -38"><span class='ocrx_word' id='word_1_48' title='bbox 325 827 338 840; x_wconf 47' lang='lat'><strong>.</strong></span> <span class='ocrx_word' id='word_1_49' title='bbox 446 787 544 838; x_wconf 87' lang='lat' dir='ltr'><strong>pro</strong></span> <span class='ocrx_word' id='word_1_50' title='bbox 583 787 798 827; x_wconf 83' lang='lat' dir='ltr'><strong>summa</strong></span> <span class='ocrx_word' id='word_1_51' title='bbox 830 775 1096 846; x_wconf 75' lang='lat' dir='ltr'><strong>dignitate</strong></span> <span class='ocrx_word' id='word_1_52' title='bbox 1157 780 1237 835; x_wconf 88' lang='lat' dir='ltr'><strong>eis</strong></span> <span class='ocrx_word' id='word_1_53' title='bbox 1293 782 1385 842; x_wconf 91' lang='lat' dir='ltr'><strong>sit,</strong></span> <span class='ocrx_word' id='word_1_54' title='bbox 1420 792 1473 836; x_wconf 85' lang='lat' dir='ltr'><strong>et</strong></span> <span class='ocrx_word' id='word_1_55' title='bbox 1515 785 1581 838; x_wconf 89' lang='lat' dir='ltr'><strong>ad</strong></span> <span class='ocrx_word' id='word_1_56' title='bbox 1617 788 2010 856; x_wconf 80' lang='lat' dir='ltr'><strong>amplissimam</strong></span> 
     </span>
    </p>
   </div>
   <div class='ocr_carea' id='block_1_11' title="bbox 444 863 2003 950">
    <p class='ocr_par' dir='ltr' id='par_1_11' title="bbox 444 863 2003 950">
     <span class='ocr_line' id='line_1_11' title="bbox 444 863 2003 950; baseline 0.012 -35"><span class='ocrx_word' id='word_1_57' title='bbox 444 863 781 919; x_wconf 87' lang='lat' dir='ltr'><strong>uobilitatetn</strong></span> <span class='ocrx_word' id='word_1_58' title='bbox 818 877 1118 937; x_wconf 84' lang='lat' dir='ltr'><strong>rcputetur,</strong></span> <span class='ocrx_word' id='word_1_59' title='bbox 1165 873 1310 940; x_wconf 86' lang='lat' dir='ltr'><strong>quod</strong></span> <span class='ocrx_word' id='word_1_60' title='bbox 1338 872 1407 926; x_wconf 91' lang='lat' dir='ltr'><strong>ab</strong></span> <span class='ocrx_word' id='word_1_61' title='bbox 1447 889 1511 929; x_wconf 86' lang='lat' dir='ltr'><strong>eo</strong></span> <span class='ocrx_word' id='word_1_62' title='bbox 1543 875 1848 932; x_wconf 80' lang='lat' dir='ltr'><strong>Christiani</strong></span> <span class='ocrx_word' id='word_1_63' title='bbox 1909 895 2003 950; x_wconf 87' lang='lat' dir='ltr'><strong>ap-</strong></span> 
     </span>
    </p>
   </div>
   <div class='ocr_carea' id='block_1_12' title="bbox 441 953 743 1022">
    <p class='ocr_par' dir='ltr' id='par_1_12' title="bbox 441 953 743 1022">
     <span class='ocr_line' id='line_1_12' title="bbox 441 953 743 1022; baseline 0.02 -17"><span class='ocrx_word' id='word_1_64' title='bbox 441 953 743 1022; x_wconf 88' lang='lat' dir='ltr'><strong>pellentur.</strong></span> 
     </span>
    </p>
   </div>
   <div class='ocr_carea' id='block_1_13' title="bbox 519 1041 2007 1124">
    <p class='ocr_par' dir='ltr' id='par_1_13' title="bbox 519 1041 2007 1124">
     <span class='ocr_line' id='line_1_13' title="bbox 519 1041 2007 1124; baseline 0.015 -28"><span class='ocrx_word' id='word_1_65' title='bbox 519 1041 800 1102; x_wconf 55' lang='lat'><strong>“133.15.</strong></span> <span class='ocrx_word' id='word_1_66' title='bbox 830 1047 900 1102; x_wconf 86' lang='lat' dir='ltr'><strong>Et</strong></span> <span class='ocrx_word' id='word_1_67' title='bbox 932 1050 1089 1105; x_wconf 75' lang='lat' dir='ltr'><strong>vivet.</strong></span> <span class='ocrx_word' id='word_1_68' title='bbox 1114 1051 1316 1105; x_wconf 78' lang='lat' dir='ltr'><strong>Dicunt</strong></span> <span class='ocrx_word' id='word_1_69' title='bbox 1351 1054 1518 1124; x_wconf 86' lang='lat' dir='ltr'><strong>aliqui</strong></span> <span class='ocrx_word' id='word_1_70' title='bbox 1555 1056 1638 1111; x_wconf 87' lang='lat' dir='ltr'><strong>his</strong></span> <span class='ocrx_word' id='word_1_71' title='bbox 1664 1061 1844 1116; x_wconf 83' lang='lat' dir='ltr'><strong>verbis</strong></span> <span class='ocrx_word' id='word_1_72' title='bbox 1865 1063 2007 1118; x_wconf 73' lang='lat' dir='ltr'><strong>idrm</strong></span> 
     </span>
    </p>
   </div>
   <div class='ocr_carea' id='block_1_14' title="bbox 440 1132 2008 1219">
    <p class='ocr_par' dir='ltr' id='par_1_14' title="bbox 440 1132 2008 1219">
     <span class='ocr_line' id='line_1_14' title="bbox 440 1132 2008 1219; baseline 0.013 -33"><span class='ocrx_word' id='word_1_73' title='bbox 440 1132 764 1202; x_wconf 80' lang='lat' dir='ltr'><strong>signiﬁcari,</strong></span> <span class='ocrx_word' id='word_1_74' title='bbox 802 1138 945 1202; x_wconf 90' lang='lat' dir='ltr'><strong>quod</strong></span> <span class='ocrx_word' id='word_1_75' title='bbox 982 1139 1110 1192; x_wconf 82' lang='lat' dir='ltr'><strong>alibi</strong></span> <span class='ocrx_word' id='word_1_76' title='bbox 1148 1139 1352 1195; x_wconf 89' lang='lat' dir='ltr'><strong>dicitur</strong></span> <span class='ocrx_word' id='word_1_77' title='bbox 1387 1160 1402 1199; x_wconf 87' lang='lat'><strong>:</strong></span> <span class='ocrx_word' id='word_1_78' title='bbox 1443 1143 1508 1197; x_wconf 85' lang='lat' dir='ltr'><strong>Et</strong></span> <span class='ocrx_word' id='word_1_79' title='bbox 1539 1149 1688 1217; x_wconf 85' lang='lat' dir='ltr'><strong>regni</strong></span> <span class='ocrx_word' id='word_1_80' title='bbox 1734 1150 1849 1219; x_wconf 83' lang='lat' dir='ltr'><strong>ejus</strong></span> <span class='ocrx_word' id='word_1_81' title='bbox 1906 1170 2008 1207; x_wconf 88' lang='lat' dir='ltr'><strong>non</strong></span> 
     </span>
    </p>
   </div>
   <div class='ocr_carea' id='block_1_15' title="bbox 439 1224 2010 1312">
    <p class='ocr_par' dir='ltr' id='par_1_15' title="bbox 439 1224 2010 1312">
     <span class='ocr_line' id='line_1_15' title="bbox 439 1224 2010 1312; baseline 0.015 -38"><span class='ocrx_word' id='word_1_82' title='bbox 439 1224 540 1276; x_wconf 82' lang='lat' dir='ltr'><strong>erit</strong></span> <span class='ocrx_word' id='word_1_83' title='bbox 585 1224 708 1290; x_wconf 84' lang='lat' dir='ltr'><strong>ﬁnis</strong></span> <span class='ocrx_word' id='word_1_84' title='bbox 742 1227 783 1279; x_wconf 82' lang='grc'>⁵.</span> <span class='ocrx_word' id='word_1_85' title='bbox 823 1225 976 1281; x_wconf 87' lang='lat' dir='ltr'><strong>Vivet</strong></span> <span class='ocrx_word' id='word_1_86' title='bbox 1025 1228 1168 1284; x_wconf 90' lang='lat' dir='ltr'><strong>enim</strong></span> <span class='ocrx_word' id='word_1_87' title='bbox 1205 1245 1419 1301; x_wconf 84' lang='lat' dir='ltr'><strong>semper</strong></span> <span class='ocrx_word' id='word_1_88' title='bbox 1458 1250 1485 1300; x_wconf 47' lang='lat'><strong>;.</strong></span> <span class='ocrx_word' id='word_1_89' title='bbox 1511 1250 1612 1306; x_wconf 80' lang='lat' dir='ltr'><strong>ego</strong></span> <span class='ocrx_word' id='word_1_90' title='bbox 1655 1247 1838 1296; x_wconf 79' lang='lat' dir='ltr'><strong>autem</strong></span> <span class='ocrx_word' id='word_1_91' title='bbox 1878 1252 2010 1312; x_wconf 87' lang='lat' dir='ltr'><strong>puto</strong></span> 
     </span>
    </p>
   </div>
   <div class='ocr_carea' id='block_1_16' title="bbox 441 1312 2008 1398">
    <p class='ocr_par' dir='ltr' id='par_1_16' title="bbox 441 1312 2008 1398">
     <span class='ocr_line' id='line_1_16' title="bbox 441 1312 2008 1398; baseline 0.017 -34"><span class='ocrx_word' id='word_1_92' title='bbox 441 1312 590 1368; x_wconf 93' lang='lat' dir='ltr'><strong>illius</strong></span> <span class='ocrx_word' id='word_1_93' title='bbox 624 1319 1084 1372; x_wconf 81' lang='lat' dir='ltr'><strong>resurrectionem</strong></span> <span class='ocrx_word' id='word_1_94' title='bbox 1116 1319 1203 1373; x_wconf 90' lang='lat' dir='ltr'><strong>hic</strong></span> <span class='ocrx_word' id='word_1_95' title='bbox 1230 1321 1462 1392; x_wconf 81' lang='lat' dir='ltr'><strong>signari,</strong></span> <span class='ocrx_word' id='word_1_96' title='bbox 1497 1337 1550 1381; x_wconf 91' lang='lat' dir='ltr'><strong>et</strong></span> <span class='ocrx_word' id='word_1_97' title='bbox 1578 1330 1724 1398; x_wconf 91' lang='lat' dir='ltr'><strong>quod</strong></span> <span class='ocrx_word' id='word_1_98' title='bbox 1760 1344 2008 1391; x_wconf 87' lang='lat' dir='ltr'><strong>mortuus</strong></span> 
     </span>
    </p>
   </div>
   <div class='ocr_carea' id='block_1_17' title="bbox 441 1403 812 1462">
    <p class='ocr_par' dir='ltr' id='par_1_17' title="bbox 441 1403 812 1462">
     <span class='ocr_line' id='line_1_17' title="bbox 441 1403 812 1462; baseline 0.011 -5"><span class='ocrx_word' id='word_1_99' title='bbox 441 1403 624 1458; x_wconf 86' lang='lat' dir='ltr'><strong>denuo</strong></span> <span class='ocrx_word' id='word_1_100' title='bbox 648 1407 812 1462; x_wconf 80' lang='lat' dir='ltr'><strong>vivet.</strong></span> 
     </span>
    </p>
   </div>
   <div class='ocr_carea' id='block_1_18' title="bbox 509 1495 2015 1572">
    <p class='ocr_par' dir='ltr' id='par_1_18' title="bbox 509 1495 2015 1572">
     <span class='ocr_line' id='line_1_18' title="bbox 509 1495 2015 1572; baseline 0.017 -26"><span class='ocrx_word' id='word_1_101' title='bbox 509 1495 579 1548; x_wconf 87' lang='lat' dir='ltr'><strong>Et</strong></span> <span class='ocrx_word' id='word_1_102' title='bbox 606 1497 823 1550; x_wconf 81' lang='lat' dir='ltr'><strong>dabitur</strong></span> <span class='ocrx_word' id='word_1_103' title='bbox 848 1499 896 1553; x_wconf 88' lang='lat' dir='ltr'><strong>ei</strong></span> <span class='ocrx_word' id='word_1_104' title='bbox 922 1501 984 1553; x_wconf 85' lang='lat' dir='ltr'><strong>de</strong></span> <span class='ocrx_word' id='word_1_105' title='bbox 1013 1517 1145 1556; x_wconf 88' lang='lat' dir='ltr'><strong>auro</strong></span> <span class='ocrx_word' id='word_1_106' title='bbox 1207 1503 1439 1560; x_wconf 68' lang='lat' dir='ltr'><strong>Arabia.</strong></span> <span class='ocrx_word' id='word_1_107' title='bbox 1477 1508 1680 1565; x_wconf 80' lang='lat' dir='ltr'><strong>Arabia</strong></span> <span class='ocrx_word' id='word_1_108' title='bbox 1709 1513 1833 1567; x_wconf 90' lang='lat' dir='ltr'><strong>olim</strong></span> <span class='ocrx_word' id='word_1_109' title='bbox 1874 1531 2015 1572; x_wconf 85' lang='lat' dir='ltr'><strong>auro</strong></span> 
     </span>
    </p>
   </div>
   <div class='ocr_carea' id='block_1_19' title="bbox 441 1587 2268 1696">
    <p class='ocr_par' dir='ltr' id='par_1_19' title="bbox 441 1587 2268 1696">
     <span class='ocr_line' id='line_1_19' title="bbox 441 1587 2268 1696; baseline 0.014 -55"><span class='ocrx_word' id='word_1_110' title='bbox 441 1587 775 1654; x_wconf 77' lang='lat' dir='ltr'><strong>abundabat,</strong></span> <span class='ocrx_word' id='word_1_111' title='bbox 827 1600 880 1645; x_wconf 93' lang='lat' dir='ltr'><strong>et</strong></span> <span class='ocrx_word' id='word_1_112' title='bbox 929 1592 1054 1646; x_wconf 82' lang='lat' dir='ltr'><strong>felix</strong></span> <span class='ocrx_word' id='word_1_113' title='bbox 1105 1594 1229 1649; x_wconf 88' lang='lat' dir='ltr'><strong>ideo</strong></span> <span class='ocrx_word' id='word_1_114' title='bbox 1261 1606 1425 1666; x_wconf 87' lang='lat' dir='ltr'><strong>atque</strong></span> <span class='ocrx_word' id='word_1_115' title='bbox 1453 1616 1628 1658; x_wconf 89' lang='lat' dir='ltr'><strong>aurea.</strong></span> <span class='ocrx_word' id='word_1_116' title='bbox 1659 1605 1953 1663; x_wconf 81' lang='lat' dir='ltr'><strong>dicebatur</strong></span> <span class='ocrx_word' id='word_1_117' title='bbox 1978 1627 2007 1664; x_wconf 93' lang='lat' dir='ltr'><strong>a</strong></span> <span class='ocrx_word' id='word_1_118' title='bbox 2044 1676 2081 1696; x_wconf 50' lang='grc' dir='ltr'>δ</span> <span class='ocrx_word' id='word_1_119' title='bbox 2117 1587 2268 1696; x_wconf 50' lang='lat'><strong>51;;</strong></span> 
     </span>
    </p>
   </div>
   <div class='ocr_carea' id='block_1_20' title="bbox 440 1676 2089 1760">
    <p class='ocr_par' dir='ltr' id='par_1_20' title="bbox 440 1676 2089 1760">
     <span class='ocr_line' id='line_1_20' title="bbox 440 1676 2089 1760; baseline 0.015 -28"><span class='ocrx_word' id='word_1_120' title='bbox 440 1678 643 1733; x_wconf 88' lang='lat' dir='ltr'><strong>Graiis.</strong></span> <span class='ocrx_word' id='word_1_121' title='bbox 673 1679 777 1735; x_wconf 75' lang='lat' dir='ltr'><strong>Per</strong></span> <span class='ocrx_word' id='word_1_122' title='bbox 805 1682 950 1736; x_wconf 86' lang='lat' dir='ltr'><strong>hanc</strong></span> <span class='ocrx_word' id='word_1_123' title='bbox 977 1693 1157 1739; x_wconf 87' lang='lat' dir='ltr'><strong>autem</strong></span> <span class='ocrx_word' id='word_1_124' title='bbox 1204 1690 1566 1760; x_wconf 78' lang='lat' dir='ltr'><strong>provinciam,</strong></span> <span class='ocrx_word' id='word_1_125' title='bbox 1591 1697 1757 1752; x_wconf 88' lang='lat' dir='ltr'><strong>veluti</strong></span> <span class='ocrx_word' id='word_1_126' title='bbox 1793 1700 1846 1754; x_wconf 93' lang='lat' dir='ltr'><strong>in</strong></span> <span class='ocrx_word' id='word_1_127' title='bbox 1879 1701 2008 1756; x_wconf 87' lang='lat' dir='ltr'><strong>Asia</strong></span> <span class='ocrx_word' id='word_1_128' title='bbox 2044 1676 2089 1728; x_wconf 60' lang='grc' dir='ltr'><strong><em>Β</em></strong></span> 
     </span>
    </p>
   </div>
   <div class='ocr_carea' id='block_1_21' title="bbox 439 1770 2007 1864">
    <p class='ocr_par' dir='ltr' id='par_1_21' title="bbox 439 1770 2007 1864">
     <span class='ocr_line' id='line_1_21' title="bbox 439 1770 2007 1864; baseline 0.018 -41"><span class='ocrx_word' id='word_1_129' title='bbox 439 1770 823 1836; x_wconf 84' lang='lat' dir='ltr'><strong>celebriorem,</strong></span> <span class='ocrx_word' id='word_1_130' title='bbox 860 1775 1107 1831; x_wconf 88' lang='lat' dir='ltr'><strong>indicare</strong></span> <span class='ocrx_word' id='word_1_131' title='bbox 1142 1781 1380 1846; x_wconf 85' lang='lat' dir='ltr'><strong>videtur,</strong></span> <span class='ocrx_word' id='word_1_132' title='bbox 1435 1787 1579 1851; x_wconf 89' lang='lat' dir='ltr'><strong>quod</strong></span> <span class='ocrx_word' id='word_1_133' title='bbox 1630 1791 1808 1844; x_wconf 87' lang='lat' dir='ltr'><strong>omnis</strong></span> <span class='ocrx_word' id='word_1_134' title='bbox 1861 1796 2007 1864; x_wconf 74' lang='lat' dir='ltr'><strong>regio</strong></span> 
     </span>
    </p>
   </div>
   <div class='ocr_carea' id='block_1_22' title="bbox 405 1863 2005 1940">
    <p class='ocr_par' dir='ltr' id='par_1_22' title="bbox 405 1863 2005 1940">
     <span class='ocr_line' id='line_1_22' title="bbox 405 1863 2005 1940; baseline 0.018 -28"><span class='ocrx_word' id='word_1_135' title='bbox 405 1923 408 1926; x_wconf 21' lang='grc' dir='ltr'>ν</span> <span class='ocrx_word' id='word_1_136' title='bbox 441 1875 673 1915; x_wconf 87' lang='lat' dir='ltr'><strong>munera</strong></span> <span class='ocrx_word' id='word_1_137' title='bbox 708 1863 1122 1922; x_wconf 80' lang='lat' dir='ltr'><strong>oﬁ&#39;eretChristi</strong></span> <span class='ocrx_word' id='word_1_138' title='bbox 1156 1871 1395 1940; x_wconf 81' lang='lat' dir='ltr'><strong>templis.</strong></span> <span class='ocrx_word' id='word_1_139' title='bbox 1427 1871 1521 1929; x_wconf 85' lang='lat' dir='ltr'><strong>Vel</strong></span> <span class='ocrx_word' id='word_1_140' title='bbox 1558 1877 1716 1932; x_wconf 86' lang='lat' dir='ltr'><strong>aliter</strong></span> <span class='ocrx_word' id='word_1_141' title='bbox 1754 1899 1767 1934; x_wconf 87' lang='lat'><strong>:</strong></span> <span class='ocrx_word' id='word_1_142' title='bbox 1801 1863 2005 1940; x_wconf 82' lang='lat' dir='ltr'><strong>Arabes</strong></span> 
     </span>
    </p>
   </div>
   <div class='ocr_carea' id='block_1_23' title="bbox 440 1951 2002 2045">
    <p class='ocr_par' dir='ltr' id='par_1_23' title="bbox 440 1951 2002 2045">
     <span class='ocr_line' id='line_1_23' title="bbox 440 1951 2002 2045; baseline 0.019 -41"><span class='ocrx_word' id='word_1_143' title='bbox 440 1951 604 2021; x_wconf 92' lang='lat' dir='ltr'><strong>primi</strong></span> <span class='ocrx_word' id='word_1_144' title='bbox 631 1955 876 2010; x_wconf 90' lang='lat' dir='ltr'><strong>omnium</strong></span> <span class='ocrx_word' id='word_1_145' title='bbox 909 1961 1150 2028; x_wconf 88' lang='lat' dir='ltr'><strong>gentium</strong></span> <span class='ocrx_word' id='word_1_146' title='bbox 1216 1964 1424 2021; x_wconf 87' lang='lat' dir='ltr'><strong>Christi</strong></span> <span class='ocrx_word' id='word_1_147' title='bbox 1462 1970 1619 2026; x_wconf 88' lang='lat' dir='ltr'><strong>ﬁdem</strong></span> <span class='ocrx_word' id='word_1_148' title='bbox 1660 1990 2002 2045; x_wconf 84' lang='lat' dir='ltr'><strong>receperunt,</strong></span> 
     </span>
    </p>
   </div>
   <div class='ocr_carea' id='block_1_24' title="bbox 439 2043 2005 2137">
    <p class='ocr_par' dir='ltr' id='par_1_24' title="bbox 439 2043 2005 2137">
     <span class='ocr_line' id='line_1_24' title="bbox 439 2043 2005 2137; baseline 0.019 -42"><span class='ocrx_word' id='word_1_149' title='bbox 439 2043 617 2097; x_wconf 88' lang='lat' dir='ltr'><strong>edocti</strong></span> <span class='ocrx_word' id='word_1_150' title='bbox 649 2046 914 2102; x_wconf 88' lang='lat' dir='ltr'><strong>nimirum</strong></span> <span class='ocrx_word' id='word_1_151' title='bbox 955 2065 984 2103; x_wconf 89' lang='lat' dir='ltr'><strong>a</strong></span> <span class='ocrx_word' id='word_1_152' title='bbox 1017 2051 1211 2115; x_wconf 83' lang='lat' dir='ltr'><strong>Paulo,</strong></span> <span class='ocrx_word' id='word_1_153' title='bbox 1273 2062 1736 2125; x_wconf 76' lang='lat' dir='ltr'><strong>quemadmodum</strong></span> <span class='ocrx_word' id='word_1_154' title='bbox 1773 2043 1892 2137; x_wconf 79' lang='lat' dir='ltr'><strong>ipse</strong></span> <span class='ocrx_word' id='word_1_155' title='bbox 1939 2043 2005 2125; x_wconf 91' lang='lat' dir='ltr'><strong>ad</strong></span> 
     </span>
    </p>
   </div>
   <div class='ocr_carea' id='block_1_25' title="bbox 439 2134 2008 2217">
    <p class='ocr_par' dir='ltr' id='par_1_25' title="bbox 439 2134 2008 2217">
     <span class='ocr_line' id='line_1_25' title="bbox 439 2134 2008 2217; baseline 0.018 -30"><span class='ocrx_word' id='word_1_156' title='bbox 439 2134 660 2191; x_wconf 86' lang='lat' dir='ltr'><strong>Galatas</strong></span> <span class='ocrx_word' id='word_1_157' title='bbox 689 2139 944 2196; x_wconf 86' lang='lat' dir='ltr'><strong>scribens</strong></span> <span class='ocrx_word' id='word_1_158' title='bbox 989 2151 1243 2217; x_wconf 69' lang='lat' dir='ltr'><strong>testatur,</strong></span> <span class='ocrx_word' id='word_1_159' title='bbox 1287 2148 1475 2206; x_wconf 84' lang='lat' dir='ltr'><strong>dicens</strong></span> <span class='ocrx_word' id='word_1_160' title='bbox 1508 2171 1520 2208; x_wconf 90' lang='lat'><strong>:</strong></span> <span class='ocrx_word' id='word_1_161' title='bbox 1561 2152 1694 2208; x_wconf 81' lang='lat' dir='ltr'><strong>Cum</strong></span> <span class='ocrx_word' id='word_1_162' title='bbox 1745 2134 1923 2214; x_wconf 75' lang='lat' dir='ltr'><strong>autem</strong></span> <span class='ocrx_word' id='word_1_163' title='bbox 1961 2163 2008 2216; x_wconf 82' lang='lat' dir='ltr'><strong>ei</strong></span> 
     </span>
    </p>
   </div>
   <div class='ocr_carea' id='block_1_26' title="bbox 433 2225 2003 2316">
    <p class='ocr_par' dir='ltr' id='par_1_26' title="bbox 433 2225 2003 2316">
     <span class='ocr_line' id='line_1_26' title="bbox 433 2225 2003 2316; baseline 0.021 -41"><span class='ocrx_word' id='word_1_164' title='bbox 433 2225 660 2293; x_wconf 78' lang='lat' dir='ltr'><strong>placuit,</strong></span> <span class='ocrx_word' id='word_1_165' title='bbox 694 2231 785 2296; x_wconf 80' lang='lat' dir='ltr'><strong>qui</strong></span> <span class='ocrx_word' id='word_1_166' title='bbox 809 2225 900 2284; x_wconf 50' lang='lat' dir='ltr'><strong>&#39;me</strong></span> <span class='ocrx_word' id='word_1_167' title='bbox 932 2237 1213 2305; x_wconf 72' lang='lat' dir='ltr'><strong>segregavit</strong></span> <span class='ocrx_word' id='word_1_168' title='bbox 1239 2255 1304 2292; x_wconf 74' lang='lat' dir='ltr'><strong>ea:</strong></span> <span class='ocrx_word' id='word_1_169' title='bbox 1325 2252 1472 2295; x_wconf 84' lang='lat' dir='ltr'><strong>utero</strong></span> <span class='ocrx_word' id='word_1_170' title='bbox 1506 2247 1690 2300; x_wconf 87' lang='lat' dir='ltr'><strong>matris</strong></span> <span class='ocrx_word' id='word_1_171' title='bbox 1725 2265 1872 2316; x_wconf 61' lang='lat' dir='ltr'><strong>meae,</strong></span> <span class='ocrx_word' id='word_1_172' title='bbox 1895 2262 2003 2309; x_wconf 85' lang='lat' dir='ltr'><strong>etc.</strong></span> 
     </span>
    </p>
   </div>
   <div class='ocr_carea' id='block_1_27' title="bbox 438 2314 2004 2406">
    <p class='ocr_par' dir='ltr' id='par_1_27' title="bbox 438 2314 2004 2406">
     <span class='ocr_line' id='line_1_27' title="bbox 438 2314 2004 2406; baseline 0.021 -40"><span class='ocrx_word' id='word_1_173' title='bbox 438 2314 564 2370; x_wconf 84' lang='lat' dir='ltr'><strong>Non</strong></span> <span class='ocrx_word' id='word_1_174' title='bbox 603 2319 805 2373; x_wconf 80' lang='lat' dir='ltr'><strong>contuli</strong></span> <span class='ocrx_word' id='word_1_175' title='bbox 857 2328 1011 2378; x_wconf 84' lang='lat' dir='ltr'><strong>carni</strong></span> <span class='ocrx_word' id='word_1_176' title='bbox 1059 2337 1109 2379; x_wconf 86' lang='lat' dir='ltr'><strong>et</strong></span> <span class='ocrx_word' id='word_1_177' title='bbox 1174 2333 1441 2401; x_wconf 73' lang='lat' dir='ltr'><strong>sanguini,</strong></span> <span class='ocrx_word' id='word_1_178' title='bbox 1495 2351 1660 2406; x_wconf 76' lang='lat' dir='ltr'><strong>neque</strong></span> <span class='ocrx_word' id='word_1_179' title='bbox 1703 2344 1916 2397; x_wconf 82' lang='lat' dir='ltr'><strong>ascendi</strong></span> <span class='ocrx_word' id='word_1_180' title='bbox 1950 2344 2004 2398; x_wconf 86' lang='lat' dir='ltr'><strong>in</strong></span> 
     </span>
    </p>
   </div>
   <div class='ocr_carea' id='block_1_28' title="bbox 437 2405 1595 2482">
    <p class='ocr_par' dir='ltr' id='par_1_28' title="bbox 437 2405 1595 2482">
     <span class='ocr_line' id='line_1_28' title="bbox 437 2405 1595 2482; baseline 0.02 -24"><span class='ocrx_word' id='word_1_181' title='bbox 437 2405 882 2482; x_wconf 80' lang='lat' dir='ltr'><strong>Hierosolymam,</strong></span> <span class='ocrx_word' id='word_1_182' title='bbox 919 2415 1011 2469; x_wconf 86' lang='lat' dir='ltr'><strong>sed</strong></span> <span class='ocrx_word' id='word_1_183' title='bbox 1037 2419 1144 2471; x_wconf 85' lang='lat' dir='ltr'><strong>abii</strong></span> <span class='ocrx_word' id='word_1_184' title='bbox 1174 2420 1228 2472; x_wconf 88' lang='lat' dir='ltr'><strong>in</strong></span> <span class='ocrx_word' id='word_1_185' title='bbox 1270 2422 1527 2477; x_wconf 80' lang='lat' dir='ltr'><strong>Arabiam</strong></span> <span class='ocrx_word' id='word_1_186' title='bbox 1553 2405 1595 2481; x_wconf 18' lang='grc'><strong>⁸⁷.</strong></span> 
     </span>
    </p>
   </div>
   <div class='ocr_carea' id='block_1_29' title="bbox 507 2497 2006 2596">
    <p class='ocr_par' dir='ltr' id='par_1_29' title="bbox 507 2497 2006 2596">
     <span class='ocr_line' id='line_1_29' title="bbox 507 2497 2006 2596; baseline 0.022 -47"><span class='ocrx_word' id='word_1_187' title='bbox 507 2497 578 2551; x_wconf 85' lang='lat' dir='ltr'><strong>Et</strong></span> <span class='ocrx_word' id='word_1_188' title='bbox 619 2503 848 2558; x_wconf 84' lang='lat' dir='ltr'><strong>orabunt</strong></span> <span class='ocrx_word' id='word_1_189' title='bbox 880 2505 946 2560; x_wconf 85' lang='lat' dir='ltr'><strong>de</strong></span> <span class='ocrx_word' id='word_1_190' title='bbox 975 2507 1089 2576; x_wconf 84' lang='lat' dir='ltr'><strong>ipso</strong></span> <span class='ocrx_word' id='word_1_191' title='bbox 1146 2527 1368 2579; x_wconf 87' lang='lat' dir='ltr'><strong>semper.</strong></span> <span class='ocrx_word' id='word_1_192' title='bbox 1425 2515 1729 2576; x_wconf 87' lang='lat' dir='ltr'><strong>Christiani</strong></span> <span class='ocrx_word' id='word_1_193' title='bbox 1788 2539 2006 2596; x_wconf 75' lang='lat' dir='ltr'><strong>seraper</strong></span> 
     </span>
    </p>
   </div>
   <div class='ocr_carea' id='block_1_30' title="bbox 442 2589 2004 2686">
    <p class='ocr_par' dir='ltr' id='par_1_30' title="bbox 442 2589 2004 2686">
     <span class='ocr_line' id='line_1_30' title="bbox 442 2589 2004 2686; baseline 0.022 -48"><span class='ocrx_word' id='word_1_194' title='bbox 442 2589 678 2647; x_wconf 86' lang='lat' dir='ltr'><strong>orabunt</strong></span> <span class='ocrx_word' id='word_1_195' title='bbox 705 2595 768 2649; x_wconf 90' lang='lat' dir='ltr'><strong>de</strong></span> <span class='ocrx_word' id='word_1_196' title='bbox 814 2597 952 2664; x_wconf 86' lang='lat' dir='ltr'><strong>ipso,</strong></span> <span class='ocrx_word' id='word_1_197' title='bbox 979 2615 1072 2652; x_wconf 85' lang='lat' dir='ltr'><strong>seu</strong></span> <span class='ocrx_word' id='word_1_198' title='bbox 1102 2618 1197 2669; x_wconf 86' lang='lat' dir='ltr'><strong>pro</strong></span> <span class='ocrx_word' id='word_1_199' title='bbox 1225 2604 1360 2670; x_wconf 81' lang='lat' dir='ltr'><strong>ipso,</strong></span> <span class='ocrx_word' id='word_1_200' title='bbox 1397 2606 1499 2663; x_wconf 87' lang='lat' dir='ltr'><strong>hoc</strong></span> <span class='ocrx_word' id='word_1_201' title='bbox 1535 2619 1636 2672; x_wconf 91' lang='lat' dir='ltr'><strong>est,</strong></span> <span class='ocrx_word' id='word_1_202' title='bbox 1670 2627 1765 2681; x_wconf 92' lang='lat' dir='ltr'><strong>pro</strong></span> <span class='ocrx_word' id='word_1_203' title='bbox 1796 2631 1855 2669; x_wconf 90' lang='lat' dir='ltr'><strong>ea</strong></span> <span class='ocrx_word' id='word_1_204' title='bbox 1883 2633 2004 2686; x_wconf 63' lang='lat' dir='ltr'><strong>quae</strong></span> 
     </span>
    </p>
   </div>
   <div class='ocr_carea' id='block_1_31' title="bbox 434 2683 1998 2771">
    <p class='ocr_par' dir='ltr' id='par_1_31' title="bbox 434 2683 1998 2771">
     <span class='ocr_line' id='line_1_31' title="bbox 434 2683 1998 2771; baseline 0.02 -37"><span class='ocrx_word' id='word_1_205' title='bbox 434 2683 502 2734; x_wconf 79' lang='lat' dir='ltr'><strong>ab</strong></span> <span class='ocrx_word' id='word_1_206' title='bbox 532 2684 649 2750; x_wconf 87' lang='lat' dir='ltr'><strong>ipso</strong></span> <span class='ocrx_word' id='word_1_207' title='bbox 671 2694 775 2751; x_wconf 90' lang='lat' dir='ltr'><strong>est,</strong></span> <span class='ocrx_word' id='word_1_208' title='bbox 810 2689 1008 2753; x_wconf 84' lang='lat' dir='ltr'><strong>salute,</strong></span> <span class='ocrx_word' id='word_1_209' title='bbox 1039 2701 1094 2745; x_wconf 88' lang='lat' dir='ltr'><strong>ttt</strong></span> <span class='ocrx_word' id='word_1_210' title='bbox 1118 2693 1329 2750; x_wconf 75' lang='lat' dir='ltr'><strong>scilicet</strong></span> <span class='ocrx_word' id='word_1_211' title='bbox 1360 2713 1453 2752; x_wconf 83' lang='lat' dir='ltr'><strong>eos</strong></span> <span class='ocrx_word' id='word_1_212' title='bbox 1479 2699 1697 2771; x_wconf 80' lang='lat' dir='ltr'><strong>adiuvet</strong></span> <span class='ocrx_word' id='word_1_213' title='bbox 1727 2713 1780 2759; x_wconf 91' lang='lat' dir='ltr'><strong>et</strong></span> <span class='ocrx_word' id='word_1_214' title='bbox 1805 2683 1998 2766; x_wconf 79' lang='lat' dir='ltr'><strong>salvet.</strong></span> 
     </span>
    </p>
   </div>
   <div class='ocr_carea' id='block_1_32' title="bbox 433 2771 2001 2864">
    <p class='ocr_par' dir='ltr' id='par_1_32' title="bbox 433 2771 2001 2864">
     <span class='ocr_line' id='line_1_32' title="bbox 433 2771 2001 2864; baseline 0.022 -41"><span class='ocrx_word' id='word_1_215' title='bbox 433 2771 621 2840; x_wconf 74' lang='lat' dir='ltr'><strong>Aliqui</strong></span> <span class='ocrx_word' id='word_1_216' title='bbox 675 2785 856 2832; x_wconf 87' lang='lat' dir='ltr'><strong>autent</strong></span> <span class='ocrx_word' id='word_1_217' title='bbox 895 2778 997 2834; x_wconf 92' lang='lat' dir='ltr'><strong>hoc</strong></span> <span class='ocrx_word' id='word_1_218' title='bbox 1049 2781 1253 2837; x_wconf 88' lang='lat' dir='ltr'><strong>dictum</strong></span> <span class='ocrx_word' id='word_1_219' title='bbox 1291 2788 1356 2840; x_wconf 88' lang='lat' dir='ltr'><strong>ad</strong></span> <span class='ocrx_word' id='word_1_220' title='bbox 1393 2791 1697 2859; x_wconf 86' lang='lat' dir='ltr'><strong>prophetas</strong></span> <span class='ocrx_word' id='word_1_221' title='bbox 1730 2796 2001 2864; x_wconf 80' lang='lat' dir='ltr'><strong>referunt.</strong></span> 
     </span>
    </p>
   </div>
   <div class='ocr_carea' id='block_1_33' title="bbox 433 3044 1358 3123">
    <p class='ocr_par' dir='ltr' id='par_1_33' title="bbox 433 3044 1358 3123">
     <span class='ocr_line' id='line_1_33' title="bbox 433 3044 1358 3123; baseline 0.018 -26"><span class='ocrx_word' id='word_1_222' title='bbox 433 3044 693 3105; x_wconf 63' lang='lat' dir='ltr'><strong>daamonis</strong></span> <span class='ocrx_word' id='word_1_223' title='bbox 723 3054 1062 3123; x_wconf 85' lang='lat' dir='ltr'><strong>tyrannidem</strong></span> <span class='ocrx_word' id='word_1_224' title='bbox 1091 3060 1358 3115; x_wconf 86' lang='lat' dir='ltr'><strong>destruat.</strong></span> 
     </span>
    </p>
   </div>
   <div class='ocr_carea' id='block_1_34' title="bbox 508 3222 1996 3318">
    <p class='ocr_par' dir='ltr' id='par_1_34' title="bbox 508 3222 1996 3318">
     <span class='ocr_line' id='line_1_34' title="bbox 508 3222 1996 3318; baseline 0.021 -42"><span class='ocrx_word' id='word_1_225' title='bbox 508 3223 641 3280; x_wconf 88' lang='lat' dir='ltr'><strong>Tota</strong></span> <span class='ocrx_word' id='word_1_226' title='bbox 665 3228 750 3282; x_wconf 83' lang='lat' dir='ltr'><strong>die</strong></span> <span class='ocrx_word' id='word_1_227' title='bbox 776 3229 1079 3287; x_wconf 80' lang='lat' dir='ltr'><strong>benediceut</strong></span> <span class='ocrx_word' id='word_1_228' title='bbox 1112 3252 1251 3291; x_wconf 89' lang='lat' dir='ltr'><strong>eum.</strong></span> <span class='ocrx_word' id='word_1_229' title='bbox 1291 3222 1403 3294; x_wconf 77' lang='lat' dir='ltr'><strong>&quot;oc</strong></span> <span class='ocrx_word' id='word_1_230' title='bbox 1425 3313 1430 3318; x_wconf 29' lang='lat'>‘</span> <span class='ocrx_word' id='word_1_231' title='bbox 1452 3253 1557 3309; x_wconf 80' lang='lat' dir='ltr'><strong>est,</strong></span> <span class='ocrx_word' id='word_1_232' title='bbox 1604 3261 1824 3318; x_wconf 83' lang='lat' dir='ltr'><strong>semper</strong></span> <span class='ocrx_word' id='word_1_233' title='bbox 1871 3270 1996 3310; x_wconf 88' lang='lat' dir='ltr'><strong>eum</strong></span> 
     </span>
    </p>
   </div>
   <div class='ocr_carea' id='block_1_35' title="bbox 435 3313 1430 3378">
    <p class='ocr_par' dir='ltr' id='par_1_35' title="bbox 435 3313 1430 3378">
     <span class='ocr_line' id='line_1_35' title="bbox 435 3313 1430 3378; baseline 0.019 -10"><span class='ocrx_word' id='word_1_234' title='bbox 435 3313 620 3371; x_wconf 90' lang='lat' dir='ltr'><strong>ﬁdeles</strong></span> <span class='ocrx_word' id='word_1_235' title='bbox 650 3318 968 3378; x_wconf 84' lang='lat' dir='ltr'><strong>laudabunt.</strong></span> <span class='ocrx_word' id='word_1_236' title='bbox 1425 3313 1430 3319; x_wconf 48' lang='grc'><strong>’</strong></span> 
     </span>
    </p>
   </div>
   <div class='ocr_carea' id='block_1_36' title="bbox 448 3396 1997 3498">
    <p class='ocr_par' dir='ltr' id='par_1_36' title="bbox 448 3396 1997 3498">
     <span class='ocr_line' id='line_1_36' title="bbox 448 3396 1997 3498; baseline 0.023 -42"><span class='ocrx_word' id='word_1_237' title='bbox 448 3396 454 3402; x_wconf 72' lang='grc'><em>’</em></span> <span class='ocrx_word' id='word_1_238' title='bbox 511 3405 670 3461; x_wconf 69' lang='lat' dir='ltr'><strong>Vsus.</strong></span> <span class='ocrx_word' id='word_1_239' title='bbox 713 3410 800 3465; x_wconf 80' lang='grc'><strong>16.</strong></span> <span class='ocrx_word' id='word_1_240' title='bbox 837 3411 958 3467; x_wconf 87' lang='lat' dir='ltr'><strong>Erit</strong></span> <span class='ocrx_word' id='word_1_241' title='bbox 985 3416 1376 3484; x_wconf 83' lang='lat' dir='ltr'><strong>ﬁrmamentum</strong></span> <span class='ocrx_word' id='word_1_242' title='bbox 1406 3427 1460 3479; x_wconf 88' lang='lat' dir='ltr'><strong>in</strong></span> <span class='ocrx_word' id='word_1_243' title='bbox 1493 3437 1656 3498; x_wconf 87' lang='lat' dir='ltr'><strong>terra,</strong></span> <span class='ocrx_word' id='word_1_244' title='bbox 1697 3433 1997 3494; x_wconf 71' lang='lat' dir='ltr'><strong>insummis</strong></span> 
     </span>
    </p>
   </div>
   <div class='ocr_carea' id='block_1_37' title="bbox 436 3500 1999 3589">
    <p class='ocr_par' dir='ltr' id='par_1_37' title="bbox 436 3500 1999 3589">
     <span class='ocr_line' id='line_1_37' title="bbox 436 3500 1999 3589; baseline 0.025 -41"><span class='ocrx_word' id='word_1_245' title='bbox 436 3500 714 3554; x_wconf 86' lang='lat' dir='ltr'><strong>montium.</strong></span> <span class='ocrx_word' id='word_1_246' title='bbox 746 3503 998 3564; x_wconf 89' lang='lat' dir='ltr'><strong>Christus</strong></span> <span class='ocrx_word' id='word_1_247' title='bbox 1020 3511 1126 3565; x_wconf 91' lang='lat' dir='ltr'><strong>erit</strong></span> <span class='ocrx_word' id='word_1_248' title='bbox 1176 3512 1578 3576; x_wconf 82' lang='lat' dir='ltr'><strong>firmamentum</strong></span> <span class='ocrx_word' id='word_1_249' title='bbox 1611 3525 1661 3577; x_wconf 91' lang='lat' dir='ltr'><strong>in</strong></span> <span class='ocrx_word' id='word_1_250' title='bbox 1696 3534 1861 3589; x_wconf 87' lang='lat' dir='ltr'><strong>terra.</strong></span> <span class='ocrx_word' id='word_1_251' title='bbox 1896 3532 1999 3588; x_wconf 91' lang='lat' dir='ltr'><strong>hoc</strong></span> 
     </span>
    </p>
   </div>
   <div class='ocr_carea' id='block_1_38' title="bbox 433 3591 1999 3677">
    <p class='ocr_par' dir='ltr' id='par_1_38' title="bbox 433 3591 1999 3677">
     <span class='ocr_line' id='line_1_38' title="bbox 433 3591 1999 3677; baseline 0.024 -36"><span class='ocrx_word' id='word_1_252' title='bbox 433 3598 541 3650; x_wconf 83' lang='lat' dir='ltr'><strong>est.</strong></span> <span class='ocrx_word' id='word_1_253' title='bbox 579 3591 646 3646; x_wconf 89' lang='lat' dir='ltr'><strong>iis</strong></span> <span class='ocrx_word' id='word_1_254' title='bbox 681 3594 769 3662; x_wconf 92' lang='lat' dir='ltr'><strong>qui</strong></span> <span class='ocrx_word' id='word_1_255' title='bbox 814 3606 944 3651; x_wconf 91' lang='lat' dir='ltr'><strong>sunt</strong></span> <span class='ocrx_word' id='word_1_256' title='bbox 971 3600 1024 3654; x_wconf 93' lang='lat' dir='ltr'><strong>in</strong></span> <span class='ocrx_word' id='word_1_257' title='bbox 1056 3613 1223 3671; x_wconf 90' lang='lat' dir='ltr'><strong>terra,</strong></span> <span class='ocrx_word' id='word_1_258' title='bbox 1261 3606 1486 3666; x_wconf 87' lang='lat' dir='ltr'><strong>ﬁrmans</strong></span> <span class='ocrx_word' id='word_1_259' title='bbox 1524 3613 1784 3673; x_wconf 88' lang='lat' dir='ltr'><strong>nimirum</strong></span> <span class='ocrx_word' id='word_1_260' title='bbox 1823 3636 1919 3677; x_wconf 89' lang='lat' dir='ltr'><strong>eos</strong></span> <span class='ocrx_word' id='word_1_261' title='bbox 1947 3637 1999 3677; x_wconf 90' lang='lat' dir='ltr'><strong>et</strong></span> 
     </span>
    </p>
   </div>
   <div class='ocr_carea' id='block_1_39' title="bbox 434 3684 1998 3768">
    <p class='ocr_par' dir='ltr' id='par_1_39' title="bbox 434 3684 1998 3768">
     <span class='ocr_line' id='line_1_39' title="bbox 434 3684 1998 3768; baseline 0.022 -33"><span class='ocrx_word' id='word_1_262' title='bbox 434 3684 742 3753; x_wconf 85' lang='lat' dir='ltr'><strong>stabiliens,</strong></span> <span class='ocrx_word' id='word_1_263' title='bbox 774 3690 866 3758; x_wconf 90' lang='lat' dir='ltr'><strong>qui</strong></span> <span class='ocrx_word' id='word_1_264' title='bbox 910 3700 1068 3748; x_wconf 88' lang='lat' dir='ltr'><strong>antea</strong></span> <span class='ocrx_word' id='word_1_265' title='bbox 1109 3698 1275 3765; x_wconf 86' lang='lat' dir='ltr'><strong>quasi</strong></span> <span class='ocrx_word' id='word_1_266' title='bbox 1319 3711 1574 3760; x_wconf 90' lang='lat' dir='ltr'><strong>nutantes</strong></span> <span class='ocrx_word' id='word_1_267' title='bbox 1633 3709 1998 3768; x_wconf 74' lang='lat' dir='ltr'><strong>circumiere.-</strong></span> 
     </span>
    </p>
   </div>
   <div class='ocr_carea' id='block_1_40' title="bbox 433 3772 1999 3862">
    <p class='ocr_par' dir='ltr' id='par_1_40' title="bbox 433 3772 1999 3862">
     <span class='ocr_line' id='line_1_40' title="bbox 433 3772 1999 3862; baseline 0.025 -37"><span class='ocrx_word' id='word_1_268' title='bbox 433 3772 634 3828; x_wconf 88' lang='lat' dir='ltr'><strong>bantur</strong></span> <span class='ocrx_word' id='word_1_269' title='bbox 667 3791 695 3830; x_wconf 90' lang='lat' dir='ltr'><strong>a</strong></span> <span class='ocrx_word' id='word_1_270' title='bbox 737 3779 1003 3838; x_wconf 74' lang='lat' dir='ltr'><strong>dzemone.</strong></span> <span class='ocrx_word' id='word_1_271' title='bbox 1037 3783 1102 3838; x_wconf 82' lang='lat' dir='ltr'><strong>Et</strong></span> <span class='ocrx_word' id='word_1_272' title='bbox 1158 3791 1300 3856; x_wconf 86' lang='lat' dir='ltr'><strong>quod</strong></span> <span class='ocrx_word' id='word_1_273' title='bbox 1333 3793 1406 3846; x_wconf 90' lang='lat' dir='ltr'><strong>ait</strong></span> <span class='ocrx_word' id='word_1_274' title='bbox 1454 3813 1467 3848; x_wconf 93' lang='lat'>:</span> <span class='ocrx_word' id='word_1_275' title='bbox 1501 3797 1553 3850; x_wconf 86' lang='lat' dir='ltr'><strong>in</strong></span> <span class='ocrx_word' id='word_1_276' title='bbox 1598 3805 1816 3858; x_wconf 87' lang='lat' dir='ltr'><strong>summis</strong></span> <span class='ocrx_word' id='word_1_277' title='bbox 1847 3822 1999 3862; x_wconf 88' lang='lat' dir='ltr'><strong>mon-</strong></span> 
     </span>
    </p>
   </div>
   <div class='ocr_carea' id='block_1_41' title="bbox 433 3865 1995 3966">
    <p class='ocr_par' dir='ltr' id='par_1_41' title="bbox 433 3865 1995 3966">
     <span class='ocr_line' id='line_1_41' title="bbox 433 3865 1995 3966; baseline 0.024 -51"><span class='ocrx_word' id='word_1_278' title='bbox 433 3865 587 3931; x_wconf 78' lang='lat' dir='ltr'><strong>tium,</strong></span> <span class='ocrx_word' id='word_1_279' title='bbox 615 3871 796 3936; x_wconf 90' lang='lat' dir='ltr'><strong>posuit</strong></span> <span class='ocrx_word' id='word_1_280' title='bbox 832 3887 952 3942; x_wconf 85' lang='lat' dir='ltr'><strong>pro,</strong></span> <span class='ocrx_word' id='word_1_281' title='bbox 990 3893 1160 3948; x_wconf 90' lang='lat' dir='ltr'><strong>usque</strong></span> <span class='ocrx_word' id='word_1_282' title='bbox 1186 3882 1252 3936; x_wconf 87' lang='lat' dir='ltr'><strong>ad</strong></span> <span class='ocrx_word' id='word_1_283' title='bbox 1280 3898 1492 3941; x_wconf 89' lang='lat' dir='ltr'><strong>summa</strong></span> <span class='ocrx_word' id='word_1_284' title='bbox 1524 3893 1788 3948; x_wconf 89' lang='lat' dir='ltr'><strong>montium</strong></span> <span class='ocrx_word' id='word_1_285' title='bbox 1813 3897 1995 3966; x_wconf 87' lang='lat' dir='ltr'><strong>:‘quod</strong></span> 
     </span>
    </p>
   </div>
   <div class='ocr_carea' id='block_1_42' title="bbox 432 3967 1995 4044">
    <p class='ocr_par' dir='ltr' id='par_1_42' title="bbox 432 3967 1995 4044">
     <span class='ocr_line' id='line_1_42' title="bbox 432 3967 1995 4044; baseline 0.023 -37"><span class='ocrx_word' id='word_1_286' title='bbox 432 3967 657 4027; x_wconf 90' lang='lat' dir='ltr'><strong>propter</strong></span> <span class='ocrx_word' id='word_1_287' title='bbox 693 3973 918 4022; x_wconf 84' lang='lat' dir='ltr'><strong>sanctos</strong></span> <span class='ocrx_word' id='word_1_288' title='bbox 975 3973 1233 4028; x_wconf 90' lang='lat' dir='ltr'><strong>eremitas</strong></span> <span class='ocrx_word' id='word_1_289' title='bbox 1267 3976 1474 4032; x_wconf 89' lang='lat' dir='ltr'><strong>dictum</strong></span> <span class='ocrx_word' id='word_1_290' title='bbox 1505 3989 1610 4044; x_wconf 88' lang='lat' dir='ltr'><strong>est,</strong></span> <span class='ocrx_word' id='word_1_291' title='bbox 1641 3993 1696 4037; x_wconf 86' lang='lat' dir='ltr'><strong>et</strong></span> <span class='ocrx_word' id='word_1_292' title='bbox 1729 3985 1866 4041; x_wconf 91' lang='lat' dir='ltr'><strong>alios</strong></span> <span class='ocrx_word' id='word_1_293' title='bbox 1902 3989 1995 4042; x_wconf 84' lang='lat' dir='ltr'><strong>Dei</strong></span> 
     </span>
    </p>
   </div>
   <div class='ocr_carea' id='block_1_43' title="bbox 433 4048 1998 4147">
    <p class='ocr_par' dir='ltr' id='par_1_43' title="bbox 433 4048 1998 4147">
     <span class='ocr_line' id='line_1_43' title="bbox 433 4048 1998 4147; baseline 0.022 -48"><span class='ocrx_word' id='word_1_294' title='bbox 433 4048 656 4115; x_wconf 85' lang='lat' dir='ltr'><strong>milites,</strong></span> <span class='ocrx_word' id='word_1_295' title='bbox 679 4054 770 4121; x_wconf 91' lang='lat' dir='ltr'><strong>qui</strong></span> <span class='ocrx_word' id='word_1_296' title='bbox 797 4055 907 4110; x_wconf 91' lang='lat' dir='ltr'><strong>illic</strong></span> <span class='ocrx_word' id='word_1_297' title='bbox 937 4057 1232 4118; x_wconf 89' lang='lat' dir='ltr'><strong>habitaturi</strong></span> <span class='ocrx_word' id='word_1_298' title='bbox 1264 4077 1442 4132; x_wconf 89' lang='lat' dir='ltr'><strong>erant,</strong></span> <span class='ocrx_word' id='word_1_299' title='bbox 1476 4073 1752 4129; x_wconf 80' lang='lat' dir='ltr'><strong>veiulieos</strong></span> <span class='ocrx_word' id='word_1_300' title='bbox 1782 4092 1998 4147; x_wconf 86' lang='lat' dir='ltr'><strong>quoque</strong></span> 
     </span>
    </p>
   </div>
   <div class='ocr_carea' id='block_1_44' title="bbox 430 4145 983 4204">
    <p class='ocr_par' dir='ltr' id='par_1_44' title="bbox 430 4145 983 4204">
     <span class='ocr_line' id='line_1_44' title="bbox 430 4145 983 4204; baseline 0.022 -12"><span class='ocrx_word' id='word_1_301' title='bbox 430 4151 580 4194; x_wconf 86' lang='lat' dir='ltr'><strong>esset</strong></span> <span class='ocrx_word' id='word_1_302' title='bbox 610 4145 983 4204; x_wconf 86' lang='lat' dir='ltr'><strong>stabiliturus.</strong></span> 
     </span>
    </p>
   </div>
   <div class='ocr_carea' id='block_1_45' title="bbox 501 4230 1996 4322">
    <p class='ocr_par' dir='ltr' id='par_1_45' title="bbox 501 4230 1996 4322">
     <span class='ocr_line' id='line_1_45' title="bbox 501 4230 1996 4322; baseline 0.019 -38"><span class='ocrx_word' id='word_1_303' title='bbox 501 4230 948 4299; x_wconf 73' lang='lat' dir='ltr'><strong>Superextolletur</strong></span> <span class='ocrx_word' id='word_1_304' title='bbox 977 4256 1141 4310; x_wconf 85' lang='lat' dir='ltr'><strong>super</strong></span> <span class='ocrx_word' id='word_1_305' title='bbox 1173 4243 1432 4300; x_wconf 87' lang='lat' dir='ltr'><strong>Libanum</strong></span> <span class='ocrx_word' id='word_1_306' title='bbox 1465 4249 1673 4318; x_wconf 79' lang='lat' dir='ltr'><strong>fructus</strong></span> <span class='ocrx_word' id='word_1_307' title='bbox 1729 4255 1867 4322; x_wconf 89' lang='lat' dir='ltr'><strong>ejus.</strong></span> <span class='ocrx_word' id='word_1_308' title='bbox 1906 4257 1996 4312; x_wconf 85' lang='lat' dir='ltr'><strong>Li-</strong></span> 
     </span>
    </p>
   </div>
   <div class='ocr_carea' id='block_1_46' title="bbox 2115 420 3378 496">
    <p class='ocr_par' dir='ltr' id='par_1_46' title="bbox 2115 420 3378 496">
     <span class='ocr_line' id='line_1_46' title="bbox 2115 420 3378 496; baseline 0.009 -22"><span class='ocrx_word' id='word_1_309' title='bbox 2115 420 2459 492; x_wconf 81' lang='grc' dir='ltr'>ἀνθρώπους,</span> <span class='ocrx_word' id='word_1_310' title='bbox 2483 425 2572 478; x_wconf 82' lang='grc' dir='ltr'>διὰ</span> <span class='ocrx_word' id='word_1_311' title='bbox 2600 426 2710 480; x_wconf 79' lang='grc' dir='ltr'><strong>τῶν</strong></span> <span class='ocrx_word' id='word_1_312' title='bbox 2740 427 3112 496; x_wconf 77' lang='grc' dir='ltr'>εύαγγελικῶν</span> <span class='ocrx_word' id='word_1_313' title='bbox 3145 431 3378 485; x_wconf 80' lang='grc' dir='ltr'><strong>ἐντολῶν</strong></span> 
     </span>
    </p>
   </div>
   <div class='ocr_carea' id='block_1_47' title="bbox 2184 609 3681 680">
    <p class='ocr_par' dir='ltr' id='par_1_47' title="bbox 2184 609 3681 680">
     <span class='ocr_line' id='line_1_47' title="bbox 2184 609 3681 680; baseline 0.005 -16"><span class='ocrx_word' id='word_1_314' title='bbox 2184 609 2292 664; x_wconf 90' lang='lat' dir='ltr'><strong>Kal</strong></span> <span class='ocrx_word' id='word_1_315' title='bbox 2337 611 2580 678; x_wconf 75' lang='grc' dir='ltr'>ἔντιμον</span> <span class='ocrx_word' id='word_1_316' title='bbox 2635 611 2700 665; x_wconf 81' lang='grc' dir='ltr'>τὸ</span> <span class='ocrx_word' id='word_1_317' title='bbox 2729 611 2912 680; x_wconf 76' lang='grc' dir='ltr'>ὄνομα</span> <span class='ocrx_word' id='word_1_318' title='bbox 2951 613 3139 667; x_wconf 84' lang='grc' dir='ltr'>αὑτοῦ</span> <span class='ocrx_word' id='word_1_319' title='bbox 3189 613 3450 668; x_wconf 77' lang='grc' dir='ltr'><strong>ἐνώπιον</strong></span> <span class='ocrx_word' id='word_1_320' title='bbox 3476 619 3681 671; x_wconf 76' lang='grc' dir='ltr'>αὐτους</span> 
     </span>
    </p>
   </div>
   <div class='ocr_carea' id='block_1_48' title="bbox 2114 699 3686 772">
    <p class='ocr_par' dir='ltr' id='par_1_48' title="bbox 2114 699 3686 772">
     <span class='ocr_line' id='line_1_48' title="bbox 2114 699 3686 772; baseline 0.007 -22"><span class='ocrx_word' id='word_1_321' title='bbox 2114 700 2222 751; x_wconf 74' lang='grc' dir='ltr'>Καὶ</span> <span class='ocrx_word' id='word_1_322' title='bbox 2255 699 2425 762; x_wconf 75' lang='grc' dir='ltr'>ὅντως</span> <span class='ocrx_word' id='word_1_323' title='bbox 2457 699 2632 764; x_wconf 78' lang='grc' dir='ltr'>οὕτως</span> <span class='ocrx_word' id='word_1_324' title='bbox 2661 701 2810 754; x_wconf 76' lang='grc' dir='ltr'>ἐστὶν</span> <span class='ocrx_word' id='word_1_325' title='bbox 2834 701 3074 772; x_wconf 74' lang='grc' dir='ltr'>ἔντιμον,</span> <span class='ocrx_word' id='word_1_326' title='bbox 3098 704 3173 767; x_wconf 83' lang='grc' dir='ltr'>ὡς</span> <span class='ocrx_word' id='word_1_327' title='bbox 3208 705 3302 757; x_wconf 74' lang='grc' dir='ltr'><strong>καὶ</strong></span> <span class='ocrx_word' id='word_1_328' title='bbox 3322 706 3444 760; x_wconf 69' lang='lat' dir='ltr'><strong>am</strong></span> <span class='ocrx_word' id='word_1_329' title='bbox 3481 707 3686 769; x_wconf 72' lang='grc' dir='ltr'>παντὸς</span> 
     </span>
    </p>
   </div>
   <div class='ocr_carea' id='block_1_49' title="bbox 2112 790 3684 870">
    <p class='ocr_par' dir='ltr' id='par_1_49' title="bbox 2112 790 3684 870">
     <span class='ocr_line' id='line_1_49' title="bbox 2112 790 3684 870; baseline 0.007 -28"><span class='ocrx_word' id='word_1_330' title='bbox 2112 790 2422 859; x_wconf 81' lang='grc' dir='ltr'>ἀξιώματος</span> <span class='ocrx_word' id='word_1_331' title='bbox 2465 791 2652 855; x_wconf 83' lang='grc' dir='ltr'>αὐτοῖς</span> <span class='ocrx_word' id='word_1_332' title='bbox 2707 793 2898 863; x_wconf 80' lang='grc' dir='ltr'>ἀρκεῖν</span> <span class='ocrx_word' id='word_1_333' title='bbox 2935 797 3018 858; x_wconf 82' lang='grc' dir='ltr'><strong>είς</strong></span> <span class='ocrx_word' id='word_1_334' title='bbox 3055 796 3521 866; x_wconf 42' lang='grc' dir='ltr'>εὐγένειανκτοὺς</span> <span class='ocrx_word' id='word_1_335' title='bbox 3555 801 3684 870; x_wconf 86' lang='grc' dir='ltr'>Χρι-</span> 
     </span>
    </p>
   </div>
   <div class='ocr_carea' id='block_1_50' title="bbox 2113 883 2782 951">
    <p class='ocr_par' dir='ltr' id='par_1_50' title="bbox 2113 883 2782 951">
     <span class='ocr_line' id='line_1_50' title="bbox 2113 883 2782 951; baseline 0.007 -18"><span class='ocrx_word' id='word_1_336' title='bbox 2113 885 2364 944; x_wconf 78' lang='grc' dir='ltr'>στιανοὺς</span> <span class='ocrx_word' id='word_1_337' title='bbox 2393 883 2782 951; x_wconf 77' lang='grc' dir='ltr'>ὀνομάζεσθαι.</span> 
     </span>
    </p>
   </div>
   <div class='ocr_carea' id='block_1_51' title="bbox 2185 1083 3691 1158">
    <p class='ocr_par' dir='ltr' id='par_1_51' title="bbox 2185 1083 3691 1158">
     <span class='ocr_line' id='line_1_51' title="bbox 2185 1083 3691 1158; baseline 0.006 -23"><span class='ocrx_word' id='word_1_338' title='bbox 2185 1083 2294 1136; x_wconf 78' lang='lat' dir='ltr'><strong>K1l</strong></span> <span class='ocrx_word' id='word_1_339' title='bbox 2347 1083 2607 1152; x_wconf 82' lang='grc' dir='ltr'><strong>ζήσεται.</strong></span> <span class='ocrx_word' id='word_1_340' title='bbox 2663 1085 2834 1140; x_wconf 81' lang='grc' dir='ltr'>Τοῦτό</span> <span class='ocrx_word' id='word_1_341' title='bbox 2882 1104 3030 1152; x_wconf 83' lang='grc' dir='ltr'>τινες</span> <span class='ocrx_word' id='word_1_342' title='bbox 3082 1089 3182 1158; x_wconf 80' lang='grc' dir='ltr'><strong>μὲν</strong></span> <span class='ocrx_word' id='word_1_343' title='bbox 3227 1091 3392 1143; x_wconf 81' lang='grc' dir='ltr'>ταὺτῦ</span> <span class='ocrx_word' id='word_1_344' title='bbox 3421 1091 3691 1146; x_wconf 82' lang='grc' dir='ltr'>δύνασΘαε-</span> 
     </span>
    </p>
   </div>
   <div class='ocr_carea' id='block_1_52' title="bbox 2114 1174 3683 1245">
    <p class='ocr_par' dir='ltr' id='par_1_52' title="bbox 2114 1174 3683 1245">
     <span class='ocr_line' id='line_1_52' title="bbox 2114 1174 3683 1245; baseline 0.007 -18"><span class='ocrx_word' id='word_1_345' title='bbox 2114 1191 2246 1243; x_wconf 78' lang='grc' dir='ltr'>φασι</span> <span class='ocrx_word' id='word_1_346' title='bbox 2276 1174 2372 1243; x_wconf 80' lang='grc' dir='ltr'>τῷ,</span> <span class='ocrx_word' id='word_1_347' title='bbox 2408 1174 2517 1229; x_wconf 80' lang='grc' dir='ltr'><strong>Καὶ</strong></span> <span class='ocrx_word' id='word_1_348' title='bbox 2576 1175 2713 1243; x_wconf 82' lang='grc' dir='ltr'><strong>τῆς⁸</strong></span> <span class='ocrx_word' id='word_1_349' title='bbox 2732 1179 3056 1245; x_wconf 70' lang='grc' dir='ltr'>,βασιλείας</span> <span class='ocrx_word' id='word_1_350' title='bbox 3112 1181 3300 1235; x_wconf 83' lang='grc' dir='ltr'>αὑτοῦ</span> <span class='ocrx_word' id='word_1_351' title='bbox 3353 1183 3464 1236; x_wconf 71' lang='grc' dir='ltr'><strong>οὐκ</strong></span> <span class='ocrx_word' id='word_1_352' title='bbox 3515 1185 3683 1238; x_wconf 76' lang='grc' dir='ltr'>ἔσται</span> 
     </span>
    </p>
   </div>
   <div class='ocr_carea' id='block_1_53' title="bbox 2111 1265 3684 1343">
    <p class='ocr_par' dir='ltr' id='par_1_53' title="bbox 2111 1265 3684 1343">
     <span class='ocr_line' id='line_1_53' title="bbox 2111 1265 3684 1343; baseline 0.006 -23"><span class='ocrx_word' id='word_1_353' title='bbox 2111 1265 2286 1331; x_wconf 79' lang='grc' dir='ltr'>τέλος</span> <span class='ocrx_word' id='word_1_354' title='bbox 2317 1307 2331 1320; x_wconf 92' lang='grc'><strong>.</strong></span> <span class='ocrx_word' id='word_1_355' title='bbox 2375 1266 2602 1338; x_wconf 80' lang='grc' dir='ltr'><strong>ζήσεται</strong></span> <span class='ocrx_word' id='word_1_356' title='bbox 2627 1269 2734 1340; x_wconf 81' lang='grc' dir='ltr'>γὰρ</span> <span class='ocrx_word' id='word_1_357' title='bbox 2784 1272 2870 1323; x_wconf 81' lang='grc' dir='ltr'>ἀεί</span> <span class='ocrx_word' id='word_1_358' title='bbox 2893 1285 2912 1303; x_wconf 80' lang='grc' dir='ltr'><strong>ο</strong></span> <span class='ocrx_word' id='word_1_359' title='bbox 2943 1273 3064 1341; x_wconf 78' lang='grc' dir='ltr'><strong>ἐμοὶ</strong></span> <span class='ocrx_word' id='word_1_360' title='bbox 3093 1273 3148 1325; x_wconf 83' lang='grc' dir='ltr'><strong>δὲ</strong></span> <span class='ocrx_word' id='word_1_361' title='bbox 3195 1273 3344 1327; x_wconf 77' lang='grc' dir='ltr'>δοκεῖ</span> <span class='ocrx_word' id='word_1_362' title='bbox 3371 1274 3468 1343; x_wconf 82' lang='grc' dir='ltr'>τὴν</span> <span class='ocrx_word' id='word_1_363' title='bbox 3500 1277 3564 1329; x_wconf 82' lang='grc' dir='ltr'>ἐκ</span> <span class='ocrx_word' id='word_1_364' title='bbox 3600 1293 3684 1328; x_wconf 60' lang='grc' dir='ltr'><strong>νεν</strong></span> 
     </span>
    </p>
   </div>
   <div class='ocr_carea' id='block_1_54' title="bbox 2112 1354 3686 1433">
    <p class='ocr_par' dir='ltr' id='par_1_54' title="bbox 2112 1354 3686 1433">
     <span class='ocr_line' id='line_1_54' title="bbox 2112 1354 3686 1433; baseline 0.005 -25"><span class='ocrx_word' id='word_1_365' title='bbox 2112 1354 2261 1424; x_wconf 73' lang='grc' dir='ltr'>χρῶ-ι</span> <span class='ocrx_word' id='word_1_366' title='bbox 2323 1354 2628 1412; x_wconf 75' lang='grc' dir='ltr'>ἀνάστασιν</span> <span class='ocrx_word' id='word_1_367' title='bbox 2689 1361 2854 1414; x_wconf 73' lang='grc' dir='ltr'>αὐτοῦ</span> <span class='ocrx_word' id='word_1_368' title='bbox 2926 1363 3342 1433; x_wconf 68' lang='grc' dir='ltr'><strong>προαγορεύειν,</strong></span> <span class='ocrx_word' id='word_1_369' title='bbox 3374 1366 3456 1419; x_wconf 85' lang='grc' dir='ltr'>ὅτι</span> <span class='ocrx_word' id='word_1_370' title='bbox 3506 1366 3686 1420; x_wconf 80' lang='grc' dir='ltr'>θανὼν</span> 
     </span>
    </p>
   </div>
   <div class='ocr_carea' id='block_1_55' title="bbox 2112 1447 2495 1503">
    <p class='ocr_par' dir='ltr' id='par_1_55' title="bbox 2112 1447 2495 1503">
     <span class='ocr_line' id='line_1_55' title="bbox 2112 1447 2495 1503; baseline 0.005 -3"><span class='ocrx_word' id='word_1_371' title='bbox 2112 1447 2495 1503; x_wconf 77' lang='grc' dir='ltr'>ἀναϐιώσεται.</span> 
     </span>
    </p>
   </div>
   <div class='ocr_carea' id='block_1_56' title="bbox 2183 1540 3684 1617">
    <p class='ocr_par' dir='ltr' id='par_1_56' title="bbox 2183 1540 3684 1617">
     <span class='ocr_line' id='line_1_56' title="bbox 2183 1540 3684 1617; baseline 0.007 -24"><span class='ocrx_word' id='word_1_372' title='bbox 2183 1540 2288 1593; x_wconf 86' lang='lat' dir='ltr'><strong>Kal</strong></span> <span class='ocrx_word' id='word_1_373' title='bbox 2321 1540 2644 1608; x_wconf 74' lang='grc' dir='ltr'><strong>δοθήσεται</strong></span> <span class='ocrx_word' id='word_1_374' title='bbox 2670 1543 2830 1608; x_wconf 84' lang='grc' dir='ltr'><strong>αὑτῷ</strong></span> <span class='ocrx_word' id='word_1_375' title='bbox 2854 1544 2921 1598; x_wconf 86' lang='grc' dir='ltr'><strong>ἐκ</strong></span> <span class='ocrx_word' id='word_1_376' title='bbox 2952 1545 3056 1599; x_wconf 81' lang='grc' dir='ltr'>τοῦ</span> <span class='ocrx_word' id='word_1_377' title='bbox 3089 1546 3346 1612; x_wconf 82' lang='grc' dir='ltr'><strong>χρυσίου</strong></span> <span class='ocrx_word' id='word_1_378' title='bbox 3375 1546 3488 1615; x_wconf 82' lang='grc' dir='ltr'>τῆς</span> <span class='ocrx_word' id='word_1_379' title='bbox 3516 1550 3684 1617; x_wconf 81' lang='grc' dir='ltr'>Ἀρα-</span> 
     </span>
    </p>
   </div>
   <div class='ocr_carea' id='block_1_57' title="bbox 2308 1631 3680 1709">
    <p class='ocr_par' dir='ltr' id='par_1_57' title="bbox 2308 1631 3680 1709">
     <span class='ocr_line' id='line_1_57' title="bbox 2308 1631 3680 1709; baseline 0.007 -24"><span class='ocrx_word' id='word_1_380' title='bbox 2308 1631 2373 1685; x_wconf 85' lang='grc' dir='ltr'><em>Ἦ</em></span> <span class='ocrx_word' id='word_1_381' title='bbox 2403 1632 2632 1703; x_wconf 82' lang='grc' dir='ltr'>Ἀραϐία</span> <span class='ocrx_word' id='word_1_382' title='bbox 2662 1634 2828 1688; x_wconf 79' lang='grc' dir='ltr'>πολὺν</span> <span class='ocrx_word' id='word_1_383' title='bbox 2889 1636 2982 1688; x_wconf 78' lang='grc' dir='ltr'><strong>καὶ</strong></span> <span class='ocrx_word' id='word_1_384' title='bbox 3029 1636 3314 1690; x_wconf 81' lang='grc' dir='ltr'>κάλλιστον</span> <span class='ocrx_word' id='word_1_385' title='bbox 3367 1634 3481 1709; x_wconf 76' lang='grc' dir='ltr'>εἶχε</span> <span class='ocrx_word' id='word_1_386' title='bbox 3513 1641 3680 1695; x_wconf 81' lang='grc' dir='ltr'>πάλαι</span> 
     </span>
    </p>
   </div>
   <div class='ocr_carea' id='block_1_58' title="bbox 2113 1722 3678 1803">
    <p class='ocr_par' dir='ltr' id='par_1_58' title="bbox 2113 1722 3678 1803">
     <span class='ocr_line' id='line_1_58' title="bbox 2113 1722 3678 1803; baseline -0.003 -24"><span class='ocrx_word' id='word_1_387' title='bbox 2113 1722 2314 1796; x_wconf 73' lang='grc' dir='ltr'>χρυσόν</span> <span class='ocrx_word' id='word_1_388' title='bbox 2363 1741 2378 1756; x_wconf 81' lang='grc' dir='ltr'><strong><em>ο</em></strong></span> <span class='ocrx_word' id='word_1_389' title='bbox 2410 1726 2539 1779; x_wconf 54' lang='grc' dir='ltr'>ἐπει</span> <span class='ocrx_word' id='word_1_390' title='bbox 2561 1726 2655 1779; x_wconf 79' lang='grc' dir='ltr'><strong>καὶ</strong></span> <span class='ocrx_word' id='word_1_391' title='bbox 2688 1726 2976 1796; x_wconf 69' lang='grc' dir='ltr'>Εὐδαίμων</span> <span class='ocrx_word' id='word_1_392' title='bbox 3031 1727 3346 1796; x_wconf 79' lang='grc' dir='ltr'><strong>ὠνομάζετο</strong></span> <span class='ocrx_word' id='word_1_393' title='bbox 3374 1732 3467 1783; x_wconf 77' lang='grc' dir='ltr'>καὶ</span> <span class='ocrx_word' id='word_1_394' title='bbox 3505 1735 3678 1803; x_wconf 80' lang='grc' dir='ltr'>χρυσῆ</span> 
     </span>
    </p>
   </div>
   <div class='ocr_carea' id='block_1_59' title="bbox 2111 1817 3680 1893">
    <p class='ocr_par' dir='ltr' id='par_1_59' title="bbox 2111 1817 3680 1893">
     <span class='ocr_line' id='line_1_59' title="bbox 2111 1817 3680 1893; baseline 0.004 -24"><span class='ocrx_word' id='word_1_395' title='bbox 2111 1817 2261 1886; x_wconf 77' lang='grc' dir='ltr'><strong>παρᾶ</strong></span> <span class='ocrx_word' id='word_1_396' title='bbox 2291 1821 2401 1882; x_wconf 80' lang='grc' dir='ltr'>τοῖς</span> <span class='ocrx_word' id='word_1_397' title='bbox 2435 1820 2715 1891; x_wconf 78' lang='grc' dir='ltr'>Ἕλλησιν.</span> <span class='ocrx_word' id='word_1_398' title='bbox 2746 1822 3051 1876; x_wconf 79' lang='grc' dir='ltr'>Αίνίττεται</span> <span class='ocrx_word' id='word_1_399' title='bbox 3077 1822 3131 1875; x_wconf 68' lang='grc' dir='ltr'><strong>δὲ</strong></span> <span class='ocrx_word' id='word_1_400' title='bbox 3159 1823 3248 1876; x_wconf 72' lang='grc' dir='ltr'>διὰ</span> <span class='ocrx_word' id='word_1_401' title='bbox 3274 1826 3502 1893; x_wconf 76' lang='grc' dir='ltr'>ταύτης.</span> <span class='ocrx_word' id='word_1_402' title='bbox 3526 1828 3601 1889; x_wconf 74' lang='grc' dir='ltr'><strong>ὡς</strong></span> <span class='ocrx_word' id='word_1_403' title='bbox 3626 1830 3680 1878; x_wconf 79' lang='grc' dir='ltr'>ἐν</span> 
     </span>
    </p>
   </div>
   <div class='ocr_carea' id='block_1_60' title="bbox 2107 1907 3678 1988">
    <p class='ocr_par' dir='ltr' id='par_1_60' title="bbox 2107 1907 3678 1988">
     <span class='ocr_line' id='line_1_60' title="bbox 2107 1907 3678 1988; baseline 0.007 -29"><span class='ocrx_word' id='word_1_404' title='bbox 2107 1907 2284 1979; x_wconf 85' lang='grc' dir='ltr'>τούτῳ</span> <span class='ocrx_word' id='word_1_405' title='bbox 2310 1912 2801 1983; x_wconf 73' lang='grc' dir='ltr'>περιφανεστέρας,</span> <span class='ocrx_word' id='word_1_406' title='bbox 2832 1914 2915 1966; x_wconf 82' lang='grc' dir='ltr'>ὅτι</span> <span class='ocrx_word' id='word_1_407' title='bbox 2947 1915 3095 1967; x_wconf 77' lang='grc' dir='ltr'>πᾶσα</span> <span class='ocrx_word' id='word_1_408' title='bbox 3121 1915 3272 1984; x_wconf 82' lang='grc' dir='ltr'><strong>χώρα</strong></span> <span class='ocrx_word' id='word_1_409' title='bbox 3302 1917 3678 1988; x_wconf 73' lang='grc' dir='ltr'>δωροφορήσει</span> 
     </span>
    </p>
   </div>
   <div class='ocr_carea' id='block_1_61' title="bbox 2106 2000 3678 2079">
    <p class='ocr_par' dir='ltr' id='par_1_61' title="bbox 2106 2000 3678 2079">
     <span class='ocr_line' id='line_1_61' title="bbox 2106 2000 3678 2079; baseline 0.007 -29"><span class='ocrx_word' id='word_1_410' title='bbox 2106 2001 2219 2061; x_wconf 73' lang='grc' dir='ltr'>τοῖς</span> <span class='ocrx_word' id='word_1_411' title='bbox 2245 2003 2392 2063; x_wconf 84' lang='grc' dir='ltr'>ναοῖς</span> <span class='ocrx_word' id='word_1_412' title='bbox 2425 2000 2518 2054; x_wconf 83' lang='grc' dir='ltr'><strong>τού</strong></span> <span class='ocrx_word' id='word_1_413' title='bbox 2557 2002 2814 2072; x_wconf 80' lang='grc' dir='ltr'><strong>Χριστοῦ.</strong></span> <span class='ocrx_word' id='word_1_414' title='bbox 2862 2004 3070 2070; x_wconf 67' lang='lat' dir='ltr'><strong>&quot;Atch</strong></span> <span class='ocrx_word' id='word_1_415' title='bbox 3117 2022 3177 2057; x_wconf 89' lang='grc' dir='ltr'><strong>τε</strong></span> <span class='ocrx_word' id='word_1_416' title='bbox 3219 2005 3296 2068; x_wconf 85' lang='grc' dir='ltr'><strong>δὲ.</strong></span> <span class='ocrx_word' id='word_1_417' title='bbox 3327 2008 3422 2060; x_wconf 78' lang='grc' dir='ltr'><strong>καὶ</strong></span> <span class='ocrx_word' id='word_1_418' title='bbox 3474 2009 3678 2079; x_wconf 82' lang='grc' dir='ltr'>πρῶτοι</span> 
     </span>
    </p>
   </div>
   <div class='ocr_carea' id='block_1_62' title="bbox 2112 2091 3678 2164">
    <p class='ocr_par' dir='ltr' id='par_1_62' title="bbox 2112 2091 3678 2164">
     <span class='ocr_line' id='line_1_62' title="bbox 2112 2091 3678 2164; baseline 0.005 -21"><span class='ocrx_word' id='word_1_419' title='bbox 2112 2091 2352 2162; x_wconf 80' lang='grc' dir='ltr'>Ἀραϐες</span> <span class='ocrx_word' id='word_1_420' title='bbox 2383 2091 2628 2156; x_wconf 80' lang='grc' dir='ltr'>ἐδέξαντο</span> <span class='ocrx_word' id='word_1_421' title='bbox 2675 2093 2774 2164; x_wconf 82' lang='grc' dir='ltr'>τὴν</span> <span class='ocrx_word' id='word_1_422' title='bbox 2805 2094 2989 2148; x_wconf 81' lang='grc' dir='ltr'>πίστιν</span> <span class='ocrx_word' id='word_1_423' title='bbox 3031 2095 3122 2148; x_wconf 78' lang='grc' dir='ltr'>διὰ</span> <span class='ocrx_word' id='word_1_424' title='bbox 3175 2097 3272 2148; x_wconf 81' lang='grc' dir='ltr'><strong>τοῦ</strong></span> <span class='ocrx_word' id='word_1_425' title='bbox 3323 2097 3571 2151; x_wconf 80' lang='grc' dir='ltr'><strong>Παύλου·</strong></span> <span class='ocrx_word' id='word_1_426' title='bbox 3605 2101 3678 2160; x_wconf 81' lang='grc' dir='ltr'><strong>ὡς</strong></span> 
     </span>
    </p>
   </div>
   <div class='ocr_carea' id='block_1_63' title="bbox 2108 2183 3676 2252">
    <p class='ocr_par' dir='ltr' id='par_1_63' title="bbox 2108 2183 3676 2252">
     <span class='ocr_line' id='line_1_63' title="bbox 2108 2183 3676 2252; baseline 0.004 -17"><span class='ocrx_word' id='word_1_427' title='bbox 2108 2183 2271 2247; x_wconf 78' lang='grc' dir='ltr'>αὐτὸς</span> <span class='ocrx_word' id='word_1_428' title='bbox 2297 2184 2566 2248; x_wconf 82' lang='grc' dir='ltr'><strong>Γαλάταις</strong></span> <span class='ocrx_word' id='word_1_429' title='bbox 2589 2185 2922 2239; x_wconf 73' lang='grc' dir='ltr'><strong>ἐπιστέλλων</strong></span> <span class='ocrx_word' id='word_1_430' title='bbox 2963 2187 3200 2252; x_wconf 80' lang='grc' dir='ltr'>ἐδίδαξεν</span> <span class='ocrx_word' id='word_1_431' title='bbox 3229 2189 3420 2241; x_wconf 80' lang='grc' dir='ltr'>εἰπών’</span> <span class='ocrx_word' id='word_1_432' title='bbox 3444 2191 3583 2243; x_wconf 81' lang='grc' dir='ltr'>Ὅτε</span> <span class='ocrx_word' id='word_1_433' title='bbox 3612 2190 3676 2242; x_wconf 69' lang='grc' dir='ltr'><em>δὲ</em></span> 
     </span>
    </p>
   </div>
   <div class='ocr_carea' id='block_1_64' title="bbox 2105 2273 3676 2347">
    <p class='ocr_par' dir='ltr' id='par_1_64' title="bbox 2105 2273 3676 2347">
     <span class='ocr_line' id='line_1_64' title="bbox 2105 2273 3676 2347; baseline 0.003 -20"><span class='ocrx_word' id='word_1_434' title='bbox 2105 2273 2442 2342; x_wconf 80' lang='grc' dir='ltr'><strong>εὐδόκησεν</strong></span> <span class='ocrx_word' id='word_1_435' title='bbox 2491 2278 2524 2330; x_wconf 85' lang='grc' dir='ltr'><em>ὁ</em></span> <span class='ocrx_word' id='word_1_436' title='bbox 2577 2275 2742 2341; x_wconf 82' lang='grc' dir='ltr'><strong>Θεὸς,</strong></span> <span class='ocrx_word' id='word_1_437' title='bbox 2775 2278 2868 2328; x_wconf 78' lang='grc' dir='ltr'><strong>καὶ</strong></span> <span class='ocrx_word' id='word_1_438' title='bbox 2910 2277 2977 2330; x_wconf 77' lang='grc' dir='ltr'><strong>τὰ</strong></span> <span class='ocrx_word' id='word_1_439' title='bbox 3023 2277 3173 2347; x_wconf 77' lang='grc' dir='ltr'><strong>ἑξῆς,</strong></span> <span class='ocrx_word' id='word_1_440' title='bbox 3207 2274 3328 2330; x_wconf 79' lang='grc' dir='ltr'>εἶτά</span> <span class='ocrx_word' id='word_1_441' title='bbox 3362 2295 3523 2346; x_wconf 67' lang='grc' dir='ltr'>φησιν</span> <span class='ocrx_word' id='word_1_442' title='bbox 3547 2295 3561 2308; x_wconf 87' lang='grc'><strong>·</strong></span> <span class='ocrx_word' id='word_1_443' title='bbox 3598 2283 3676 2332; x_wconf 77' lang='grc' dir='ltr'><strong>Οὐ</strong></span> 
     </span>
    </p>
   </div>
   <div class='ocr_carea' id='block_1_65' title="bbox 2105 2363 3677 2434">
    <p class='ocr_par' dir='ltr' id='par_1_65' title="bbox 2105 2363 3677 2434">
     <span class='ocr_line' id='line_1_65' title="bbox 2105 2363 3677 2434; baseline 0.004 -18"><span class='ocrx_word' id='word_1_444' title='bbox 2105 2363 2516 2432; x_wconf 81' lang='grc' dir='ltr'><strong>προανεθέμην</strong></span> <span class='ocrx_word' id='word_1_445' title='bbox 2537 2363 2839 2432; x_wconf 69' lang='lat' dir='ltr'><strong>a‘apxl&#39;xal</strong></span> <span class='ocrx_word' id='word_1_446' title='bbox 2868 2365 3090 2434; x_wconf 77' lang='grc' dir='ltr'>αἵματι,</span> <span class='ocrx_word' id='word_1_447' title='bbox 3125 2365 3276 2420; x_wconf 52' lang='grc' dir='ltr'><strong>οὐδὲν</strong></span> <span class='ocrx_word' id='word_1_448' title='bbox 3289 2366 3560 2434; x_wconf 72' lang='grc' dir='ltr'><strong>ἀνῆλθον</strong></span> <span class='ocrx_word' id='word_1_449' title='bbox 3592 2370 3677 2433; x_wconf 61' lang='grc' dir='ltr'>εἰς</span> 
     </span>
    </p>
   </div>
   <div class='ocr_carea' id='block_1_66' title="bbox 2117 2453 3462 2524">
    <p class='ocr_par' dir='ltr' id='par_1_66' title="bbox 2117 2453 3462 2524">
     <span class='ocr_line' id='line_1_66' title="bbox 2117 2453 3462 2524; baseline 0.005 -19"><span class='ocrx_word' id='word_1_450' title='bbox 2117 2453 2527 2523; x_wconf 75' lang='grc' dir='ltr'>Ἰεροσόλυμα,</span> <span class='ocrx_word' id='word_1_451' title='bbox 2559 2454 2723 2509; x_wconf 70' lang='grc' dir='ltr'><strong>ἀλλὰ</strong></span> <span class='ocrx_word' id='word_1_452' title='bbox 2753 2455 3032 2522; x_wconf 67' lang='grc' dir='ltr'><strong>ἀπῆλθον</strong></span> <span class='ocrx_word' id='word_1_453' title='bbox 3057 2458 3144 2521; x_wconf 86' lang='grc' dir='ltr'>είς</span> <span class='ocrx_word' id='word_1_454' title='bbox 3167 2457 3462 2524; x_wconf 73' lang='grc' dir='ltr'>Ἀραϐίαν.</span> 
     </span>
    </p>
   </div>
   <div class='ocr_carea' id='block_1_67' title="bbox 2175 2543 3684 2614">
    <p class='ocr_par' dir='ltr' id='par_1_67' title="bbox 2175 2543 3684 2614">
     <span class='ocr_line' id='line_1_67' title="bbox 2175 2543 3684 2614; baseline 0.002 -16"><span class='ocrx_word' id='word_1_455' title='bbox 2175 2543 2287 2598; x_wconf 92' lang='lat' dir='ltr'><strong>Kal</strong></span> <span class='ocrx_word' id='word_1_456' title='bbox 2315 2545 2754 2612; x_wconf 74' lang='grc' dir='ltr'>προσεύξονται</span> <span class='ocrx_word' id='word_1_457' title='bbox 2799 2547 2934 2614; x_wconf 78' lang='grc' dir='ltr'>περὶ</span> <span class='ocrx_word' id='word_1_458' title='bbox 2969 2547 3157 2602; x_wconf 82' lang='grc' dir='ltr'>αὐτοῦ</span> <span class='ocrx_word' id='word_1_459' title='bbox 3193 2547 3292 2601; x_wconf 84' lang='grc' dir='ltr'><strong>διὰ</strong></span> <span class='ocrx_word' id='word_1_460' title='bbox 3326 2550 3572 2614; x_wconf 79' lang='grc' dir='ltr'>παντός.</span> <span class='ocrx_word' id='word_1_461' title='bbox 3609 2553 3684 2602; x_wconf 62' lang='grc' dir='ltr'><strong>Οίη</strong></span> 
     </span>
    </p>
   </div>
   <div class='ocr_carea' id='block_1_68' title="bbox 2104 2635 3672 2710">
    <p class='ocr_par' dir='ltr' id='par_1_68' title="bbox 2104 2635 3672 2710">
     <span class='ocr_line' id='line_1_68' title="bbox 2104 2635 3672 2710; baseline 0.006 -24"><span class='ocrx_word' id='word_1_462' title='bbox 2104 2635 2420 2705; x_wconf 67' lang='grc' dir='ltr'>Χριστιανοὶ</span> <span class='ocrx_word' id='word_1_463' title='bbox 2450 2635 2841 2706; x_wconf 81' lang='grc' dir='ltr'>προσεύξονται</span> <span class='ocrx_word' id='word_1_464' title='bbox 2875 2637 2967 2690; x_wconf 76' lang='grc' dir='ltr'><strong>ἐπὶ</strong></span> <span class='ocrx_word' id='word_1_465' title='bbox 2998 2638 3099 2708; x_wconf 83' lang='grc' dir='ltr'>τῆς</span> <span class='ocrx_word' id='word_1_466' title='bbox 3149 2642 3426 2710; x_wconf 78' lang='grc' dir='ltr'>σωτηρίας</span> <span class='ocrx_word' id='word_1_467' title='bbox 3470 2643 3672 2707; x_wconf 68' lang='grc' dir='ltr'>αὐτῶν,</span> 
     </span>
    </p>
   </div>
   <div class='ocr_carea' id='block_1_69' title="bbox 2113 2728 3671 2804">
    <p class='ocr_par' dir='ltr' id='par_1_69' title="bbox 2113 2728 3671 2804">
     <span class='ocr_line' id='line_1_69' title="bbox 2113 2728 3671 2804; baseline 0.004 -24"><span class='ocrx_word' id='word_1_468' title='bbox 2113 2729 2294 2781; x_wconf 79' lang='grc' dir='ltr'>εῖτουν</span> <span class='ocrx_word' id='word_1_469' title='bbox 2327 2728 2428 2797; x_wconf 83' lang='grc' dir='ltr'>τῆς</span> <span class='ocrx_word' id='word_1_470' title='bbox 2481 2728 2615 2800; x_wconf 80' lang='grc' dir='ltr'>παρ’</span> <span class='ocrx_word' id='word_1_471' title='bbox 2640 2729 2834 2796; x_wconf 80' lang='grc' dir='ltr'>αὐτοῦ,</span> <span class='ocrx_word' id='word_1_472' title='bbox 2877 2729 2952 2793; x_wconf 84' lang='grc' dir='ltr'>ὦς</span> <span class='ocrx_word' id='word_1_473' title='bbox 2985 2747 3044 2783; x_wconf 86' lang='grc' dir='ltr'><strong>τε</strong></span> <span class='ocrx_word' id='word_1_474' title='bbox 3067 2731 3671 2804; x_wconf 64' lang='grc' dir='ltr'>αὐτῶνιὰντιλαμϐάνε-</span> 
     </span>
    </p>
   </div>
   <div class='ocr_carea' id='block_1_70' title="bbox 2105 2818 3668 2898">
    <p class='ocr_par' dir='ltr' id='par_1_70' title="bbox 2105 2818 3668 2898">
     <span class='ocr_line' id='line_1_70' title="bbox 2105 2818 3668 2898; baseline 0.004 -26"><span class='ocrx_word' id='word_1_475' title='bbox 2105 2818 2249 2882; x_wconf 82' lang='grc' dir='ltr'>σθαι,</span> <span class='ocrx_word' id='word_1_476' title='bbox 2292 2821 2388 2873; x_wconf 78' lang='grc' dir='ltr'>καὶ</span> <span class='ocrx_word' id='word_1_477' title='bbox 2422 2818 2614 2884; x_wconf 78' lang='grc' dir='ltr'>σώζειν</span> <span class='ocrx_word' id='word_1_478' title='bbox 2643 2820 2892 2885; x_wconf 74' lang='grc' dir='ltr'>ἑαυτούς.</span> <span class='ocrx_word' id='word_1_479' title='bbox 2931 2822 3087 2885; x_wconf 81' lang='grc' dir='ltr'>Τινὲς</span> <span class='ocrx_word' id='word_1_480' title='bbox 3111 2822 3166 2875; x_wconf 79' lang='grc' dir='ltr'><strong>δὲ</strong></span> <span class='ocrx_word' id='word_1_481' title='bbox 3201 2824 3282 2886; x_wconf 87' lang='grc' dir='ltr'><strong>εἰς</strong></span> <span class='ocrx_word' id='word_1_482' title='bbox 3309 2825 3436 2889; x_wconf 84' lang='grc' dir='ltr'>τοὺς</span> <span class='ocrx_word' id='word_1_483' title='bbox 3459 2828 3668 2898; x_wconf 71' lang='grc' dir='ltr'>προφή-</span> 
     </span>
    </p>
   </div>
   <div class='ocr_carea' id='block_1_71' title="bbox 2101 3090 3784 3173">
    <p class='ocr_par' dir='ltr' id='par_1_71' title="bbox 2101 3090 3784 3173">
     <span class='ocr_line' id='line_1_71' title="bbox 2101 3090 3784 3173; baseline 0.008 -31"><span class='ocrx_word' id='word_1_484' title='bbox 2101 3090 2238 3160; x_wconf 81' lang='grc' dir='ltr'>τέρα</span> <span class='ocrx_word' id='word_1_485' title='bbox 2267 3093 2585 3146; x_wconf 85' lang='grc' dir='ltr'>ἀποστεῖλαι</span> <span class='ocrx_word' id='word_1_486' title='bbox 2621 3095 2784 3149; x_wconf 78' lang='grc' dir='ltr'>αὐτὸν</span> <span class='ocrx_word' id='word_1_487' title='bbox 2837 3097 3047 3166; x_wconf 83' lang='grc' dir='ltr'>τάχιον,</span> <span class='ocrx_word' id='word_1_488' title='bbox 3101 3097 3187 3151; x_wconf 82' lang='grc' dir='ltr'>ἵνα</span> <span class='ocrx_word' id='word_1_489' title='bbox 3237 3101 3515 3173; x_wconf 79' lang='grc' dir='ltr'>καταλύσῃ</span> <span class='ocrx_word' id='word_1_490' title='bbox 3552 3105 3674 3171; x_wconf 71' lang='grc' dir='ltr'><strong>-τὴν</strong></span> <span class='ocrx_word' id='word_1_491' title='bbox 3774 3093 3784 3104; x_wconf 80' lang='grc'><em>’</em></span> 
     </span>
    </p>
   </div>
   <div class='ocr_carea' id='block_1_72' title="bbox 2101 3184 2819 3251">
    <p class='ocr_par' dir='ltr' id='par_1_72' title="bbox 2101 3184 2819 3251">
     <span class='ocr_line' id='line_1_72' title="bbox 2101 3184 2819 3251; baseline 0.008 -17"><span class='ocrx_word' id='word_1_492' title='bbox 2101 3184 2398 3251; x_wconf 79' lang='grc' dir='ltr'>τυραννίδα</span> <span class='ocrx_word' id='word_1_493' title='bbox 2427 3185 2519 3237; x_wconf 83' lang='grc' dir='ltr'><strong>τοῦ</strong></span> <span class='ocrx_word' id='word_1_494' title='bbox 2549 3186 2819 3240; x_wconf 83' lang='grc' dir='ltr'>διαϐόλου.</span> 
     </span>
    </p>
   </div>
   <div class='ocr_carea' id='block_1_73' title="bbox 2174 3273 3666 3362">
    <p class='ocr_par' dir='ltr' id='par_1_73' title="bbox 2174 3273 3666 3362">
     <span class='ocr_line' id='line_1_73' title="bbox 2174 3273 3666 3362; baseline 0.007 -38"><span class='ocrx_word' id='word_1_495' title='bbox 2174 3273 2368 3342; x_wconf 70' lang='grc' dir='ltr'><strong>Ὅλην</strong></span> <span class='ocrx_word' id='word_1_496' title='bbox 2397 3275 2510 3342; x_wconf 79' lang='grc' dir='ltr'><strong>τὴν</strong></span> <span class='ocrx_word' id='word_1_497' title='bbox 2557 3275 2782 3342; x_wconf 74' lang='grc' dir='ltr'>ἡμέραν</span> <span class='ocrx_word' id='word_1_498' title='bbox 2817 3280 3244 3362; x_wconf 29' lang='grc' dir='ltr'>εὐλογήσουσι.</span> <span class='ocrx_word' id='word_1_499' title='bbox 3285 3281 3490 3336; x_wconf 76' lang='grc' dir='ltr'>αὐτόν.</span> <span class='ocrx_word' id='word_1_500' title='bbox 3560 3285 3666 3337; x_wconf 72' lang='grc' dir='ltr'><strong>Ἀεὶ</strong></span> 
     </span>
    </p>
   </div>
   <div class='ocr_carea' id='block_1_74' title="bbox 2099 3367 3076 3438">
    <p class='ocr_par' dir='ltr' id='par_1_74' title="bbox 2099 3367 3076 3438">
     <span class='ocr_line' id='line_1_74' title="bbox 2099 3367 3076 3438; baseline 0.004 -18"><span class='ocrx_word' id='word_1_501' title='bbox 2099 3367 2560 3438; x_wconf 81' lang='grc' dir='ltr'>ὑμνολογήσουσιν</span> <span class='ocrx_word' id='word_1_502' title='bbox 2595 3368 2757 3422; x_wconf 83' lang='grc' dir='ltr'>αὐτὸν</span> <span class='ocrx_word' id='word_1_503' title='bbox 2787 3371 2838 3423; x_wconf 85' lang='grc' dir='ltr'><strong>οί</strong></span> <span class='ocrx_word' id='word_1_504' title='bbox 2873 3372 3076 3424; x_wconf 86' lang='grc' dir='ltr'>πιστοί.</span> 
     </span>
    </p>
   </div>
   <div class='ocr_carea' id='block_1_75' title="bbox 2183 3458 3692 3533">
    <p class='ocr_par' dir='ltr' id='par_1_75' title="bbox 2183 3458 3692 3533">
     <span class='ocr_line' id='line_1_75' title="bbox 2183 3458 3692 3533; baseline -0.009 -3"><span class='ocrx_word' id='word_1_505' title='bbox 2183 3458 2395 3511; x_wconf 81' lang='grc' dir='ltr'>Ἔσται</span> <span class='ocrx_word' id='word_1_506' title='bbox 2448 3458 2746 3528; x_wconf 81' lang='grc' dir='ltr'>στήριγμα</span> <span class='ocrx_word' id='word_1_507' title='bbox 2791 3460 2861 3514; x_wconf 82' lang='grc' dir='ltr'><strong>ἐν</strong></span> <span class='ocrx_word' id='word_1_508' title='bbox 2909 3462 2987 3530; x_wconf 78' lang='grc' dir='ltr'>τῇ</span> <span class='ocrx_word' id='word_1_509' title='bbox 3031 3461 3109 3531; x_wconf 77' lang='grc' dir='ltr'><em>τῇ</em></span> <span class='ocrx_word' id='word_1_510' title='bbox 3147 3466 3250 3518; x_wconf 77' lang='grc' dir='ltr'><strong>ἀπ’</strong></span> <span class='ocrx_word' id='word_1_511' title='bbox 3292 3465 3494 3533; x_wconf 72' lang='grc' dir='ltr'>ἀκρων</span> <span class='ocrx_word' id='word_1_512' title='bbox 3552 3463 3692 3518; x_wconf 61' lang='grc' dir='ltr'><strong>τῶν</strong></span> 
     </span>
    </p>
   </div>
   <div class='ocr_carea' id='block_1_76' title="bbox 2098 3548 3666 3630">
    <p class='ocr_par' dir='ltr' id='par_1_76' title="bbox 2098 3548 3666 3630">
     <span class='ocr_line' id='line_1_76' title="bbox 2098 3548 3666 3630; baseline 0.008 -30"><span class='ocrx_word' id='word_1_513' title='bbox 2098 3548 2306 3616; x_wconf 79' lang='grc' dir='ltr'>ὀρέων.</span> <span class='ocrx_word' id='word_1_514' title='bbox 2334 3549 2531 3604; x_wconf 82' lang='grc' dir='ltr'>Ἔσται</span> <span class='ocrx_word' id='word_1_515' title='bbox 2562 3552 2590 3604; x_wconf 85' lang='grc' dir='ltr'><strong>ὁ</strong></span> <span class='ocrx_word' id='word_1_516' title='bbox 2615 3552 2848 3621; x_wconf 76' lang='grc' dir='ltr'>Χριστὸς</span> <span class='ocrx_word' id='word_1_517' title='bbox 2872 3555 2930 3607; x_wconf 79' lang='grc' dir='ltr'>ἐν</span> <span class='ocrx_word' id='word_1_518' title='bbox 2960 3557 3027 3624; x_wconf 75' lang='grc' dir='ltr'>τῇ</span> <span class='ocrx_word' id='word_1_519' title='bbox 3059 3558 3153 3626; x_wconf 79' lang='grc' dir='ltr'><strong>γῇ,</strong></span> <span class='ocrx_word' id='word_1_520' title='bbox 3184 3556 3360 3610; x_wconf 76' lang='grc' dir='ltr'>εἶτουν</span> <span class='ocrx_word' id='word_1_521' title='bbox 3383 3561 3499 3622; x_wconf 82' lang='grc' dir='ltr'>τοῖς</span> <span class='ocrx_word' id='word_1_522' title='bbox 3521 3560 3576 3611; x_wconf 80' lang='grc' dir='ltr'>ἐν</span> <span class='ocrx_word' id='word_1_523' title='bbox 3603 3565 3666 3630; x_wconf 83' lang='grc' dir='ltr'>τῇ</span> 
     </span>
    </p>
   </div>
   <div class='ocr_carea' id='block_1_77' title="bbox 2097 3643 3667 3728">
    <p class='ocr_par' dir='ltr' id='par_1_77' title="bbox 2097 3643 3667 3728">
     <span class='ocr_line' id='line_1_77' title="bbox 2097 3643 3667 3728; baseline 0.002 -28"><span class='ocrx_word' id='word_1_524' title='bbox 2097 3644 2166 3712; x_wconf 78' lang='grc' dir='ltr'><strong>γῇ</strong></span> <span class='ocrx_word' id='word_1_525' title='bbox 2235 3643 2535 3712; x_wconf 83' lang='grc' dir='ltr'>στήριγμα.</span> <span class='ocrx_word' id='word_1_526' title='bbox 2593 3643 2836 3712; x_wconf 82' lang='grc' dir='ltr'>ἑδράζων</span> <span class='ocrx_word' id='word_1_527' title='bbox 2887 3644 2980 3699; x_wconf 84' lang='grc' dir='ltr'><strong>καὶ</strong></span> <span class='ocrx_word' id='word_1_528' title='bbox 3017 3646 3254 3716; x_wconf 84' lang='grc' dir='ltr'>στερεῶν</span> <span class='ocrx_word' id='word_1_529' title='bbox 3283 3649 3506 3728; x_wconf 68' lang='grc' dir='ltr'>αὐτοὺς</span> <span class='ocrx_word' id='word_1_530' title='bbox 3541 3651 3667 3703; x_wconf 66' lang='lat' dir='ltr'><strong>x10—</strong></span> 
     </span>
    </p>
   </div>
   <div class='ocr_carea' id='block_1_78' title="bbox 2097 3731 3670 3807">
    <p class='ocr_par' dir='ltr' id='par_1_78' title="bbox 2097 3731 3670 3807">
     <span class='ocr_line' id='line_1_78' title="bbox 2097 3731 3670 3807; baseline 0.008 -24"><span class='ocrx_word' id='word_1_531' title='bbox 2097 3731 2392 3800; x_wconf 79' lang='grc' dir='ltr'>νουμὲνους</span> <span class='ocrx_word' id='word_1_532' title='bbox 2422 3732 2525 3785; x_wconf 72' lang='grc' dir='ltr'><strong>ὑπὸ</strong></span> <span class='ocrx_word' id='word_1_533' title='bbox 2555 3733 2649 3786; x_wconf 81' lang='grc' dir='ltr'>τοῦ</span> <span class='ocrx_word' id='word_1_534' title='bbox 2676 3734 2945 3790; x_wconf 87' lang='grc' dir='ltr'>διαϐόλου.</span> <span class='ocrx_word' id='word_1_535' title='bbox 2985 3735 3057 3789; x_wconf 81' lang='grc' dir='ltr'><strong>Τὸ</strong></span> <span class='ocrx_word' id='word_1_536' title='bbox 3079 3736 3136 3790; x_wconf 78' lang='grc' dir='ltr'><strong>δὲ</strong></span> <span class='ocrx_word' id='word_1_537' title='bbox 3174 3738 3300 3791; x_wconf 82' lang='grc' dir='ltr'><strong>Ἀπ’</strong></span> <span class='ocrx_word' id='word_1_538' title='bbox 3323 3741 3519 3807; x_wconf 78' lang='grc' dir='ltr'>ἄκρων</span> <span class='ocrx_word' id='word_1_539' title='bbox 3553 3741 3670 3795; x_wconf 85' lang='grc' dir='ltr'><strong>τῶν</strong></span> 
     </span>
    </p>
   </div>
   <div class='ocr_carea' id='block_1_79' title="bbox 2097 3822 3666 3900">
    <p class='ocr_par' dir='ltr' id='par_1_79' title="bbox 2097 3822 3666 3900">
     <span class='ocr_line' id='line_1_79' title="bbox 2097 3822 3666 3900; baseline 0.008 -26"><span class='ocrx_word' id='word_1_540' title='bbox 2097 3822 2300 3890; x_wconf 81' lang='grc' dir='ltr'><strong>ὀρέων,</strong></span> <span class='ocrx_word' id='word_1_541' title='bbox 2331 3825 2451 3878; x_wconf 75' lang='grc' dir='ltr'>ἀντὶ</span> <span class='ocrx_word' id='word_1_542' title='bbox 2496 3823 2610 3888; x_wconf 83' lang='grc' dir='ltr'>τοῦ.</span> <span class='ocrx_word' id='word_1_543' title='bbox 2655 3825 2847 3897; x_wconf 65' lang='grc' dir='ltr'>Μέχριί</span> <span class='ocrx_word' id='word_1_544' title='bbox 2874 3827 2983 3880; x_wconf 84' lang='grc' dir='ltr'>τῶν</span> <span class='ocrx_word' id='word_1_545' title='bbox 3029 3829 3369 3900; x_wconf 64' lang='grc' dir='ltr'>ἀκρωρειιῖω.</span> <span class='ocrx_word' id='word_1_546' title='bbox 3407 3832 3580 3888; x_wconf 73' lang='grc' dir='ltr'>Τοῦτο</span> <span class='ocrx_word' id='word_1_547' title='bbox 3606 3835 3666 3887; x_wconf 68' lang='grc' dir='ltr'><strong>δὲ</strong></span> 
     </span>
    </p>
   </div>
   <div class='ocr_carea' id='block_1_80' title="bbox 2097 3910 3670 3994">
    <p class='ocr_par' dir='ltr' id='par_1_80' title="bbox 2097 3910 3670 3994">
     <span class='ocr_line' id='line_1_80' title="bbox 2097 3910 3670 3994; baseline 0.008 -30"><span class='ocrx_word' id='word_1_548' title='bbox 2097 3910 2420 3980; x_wconf 75' lang='grc' dir='ltr'>πρόσκειται</span> <span class='ocrx_word' id='word_1_549' title='bbox 2467 3915 2556 3968; x_wconf 76' lang='grc' dir='ltr'>διὰ</span> <span class='ocrx_word' id='word_1_550' title='bbox 2611 3917 2737 3980; x_wconf 79' lang='grc' dir='ltr'>τοὺς</span> <span class='ocrx_word' id='word_1_551' title='bbox 2771 3918 2827 3968; x_wconf 78' lang='grc' dir='ltr'>ἐν</span> <span class='ocrx_word' id='word_1_552' title='bbox 2862 3920 2974 3982; x_wconf 76' lang='grc' dir='ltr'>τοῖς</span> <span class='ocrx_word' id='word_1_553' title='bbox 3023 3920 3212 3990; x_wconf 78' lang='grc' dir='ltr'>ἄκροις</span> <span class='ocrx_word' id='word_1_554' title='bbox 3243 3921 3351 3974; x_wconf 82' lang='grc' dir='ltr'><strong>τῶν</strong></span> <span class='ocrx_word' id='word_1_555' title='bbox 3382 3923 3552 3994; x_wconf 81' lang='grc' dir='ltr'>ὀρέων</span> <span class='ocrx_word' id='word_1_556' title='bbox 3588 3927 3670 3977; x_wconf 84' lang='grc' dir='ltr'><strong>οξ-</strong></span> 
     </span>
    </p>
   </div>
   <div class='ocr_carea' id='block_1_81' title="bbox 2096 4002 3484 4080">
    <p class='ocr_par' dir='ltr' id='par_1_81' title="bbox 2096 4002 3484 4080">
     <span class='ocr_line' id='line_1_81' title="bbox 2096 4002 3484 4080; baseline 0.009 -26"><span class='ocrx_word' id='word_1_557' title='bbox 2096 4002 2326 4066; x_wconf 67' lang='grc' dir='ltr'>κοῦντας</span> <span class='ocrx_word' id='word_1_558' title='bbox 2361 4006 2686 4073; x_wconf 77' lang='grc' dir='ltr'>ἀγωνιστὰς,</span> <span class='ocrx_word' id='word_1_559' title='bbox 2717 4007 2791 4070; x_wconf 71' lang='grc' dir='ltr'>ὡς</span> <span class='ocrx_word' id='word_1_560' title='bbox 2827 4008 3114 4075; x_wconf 71' lang='grc' dir='ltr'>κάκείνους</span> <span class='ocrx_word' id='word_1_561' title='bbox 3145 4012 3484 4080; x_wconf 69' lang='grc' dir='ltr'>ἐδράζοντος.</span> 
     </span>
    </p>
   </div>
   <div class='ocr_carea' id='block_1_82' title="bbox 2181 4266 3661 4339">
    <p class='ocr_par' dir='ltr' id='par_1_82' title="bbox 2181 4266 3661 4339">
     <span class='ocr_line' id='line_1_82' title="bbox 2181 4266 3661 4339; baseline 0.007 -22"><span class='ocrx_word' id='word_1_562' title='bbox 2181 4266 2603 4332; x_wconf 71' lang='grc' dir='ltr'>Ὑπαρθήσεται</span> <span class='ocrx_word' id='word_1_563' title='bbox 2632 4268 2778 4336; x_wconf 80' lang='grc' dir='ltr'><strong>ὑπὲρ</strong></span> <span class='ocrx_word' id='word_1_564' title='bbox 2802 4269 2906 4321; x_wconf 78' lang='grc' dir='ltr'>τὸν</span> <span class='ocrx_word' id='word_1_565' title='bbox 2943 4271 3204 4324; x_wconf 74' lang='grc' dir='ltr'>Λίϐανον</span> <span class='ocrx_word' id='word_1_566' title='bbox 3227 4275 3260 4326; x_wconf 83' lang='grc' dir='ltr'><em>ὁ</em></span> <span class='ocrx_word' id='word_1_567' title='bbox 3302 4273 3529 4339; x_wconf 74' lang='grc' dir='ltr'><strong>καρπὸς</strong></span> <span class='ocrx_word' id='word_1_568' title='bbox 3557 4277 3661 4328; x_wconf 79' lang='grc' dir='ltr'><strong>αὐ-</strong></span> 
     </span>
    </p>
   </div>
   <div class='ocr_carea' id='block_1_83' title="bbox 432 4321 2000 4434">
    <p class='ocr_par' dir='ltr' id='par_1_83' title="bbox 432 4321 1987 4434">
     <span class='ocr_line' id='line_1_83' title="bbox 432 4321 1987 4410; baseline 0.019 -37"><span class='ocrx_word' id='word_1_569' title='bbox 432 4334 630 4373; x_wconf 86' lang='lat' dir='ltr'><strong>nanum</strong></span> <span class='ocrx_word' id='word_1_570' title='bbox 662 4321 798 4377; x_wconf 88' lang='lat' dir='ltr'><strong>dixit</strong></span> <span class='ocrx_word' id='word_1_571' title='bbox 853 4339 1078 4396; x_wconf 88' lang='lat' dir='ltr'><strong>propter</strong></span> <span class='ocrx_word' id='word_1_572' title='bbox 1137 4348 1402 4390; x_wconf 89' lang='lat' dir='ltr'><strong>summam</strong></span> <span class='ocrx_word' id='word_1_573' title='bbox 1454 4338 1574 4410; x_wconf 79' lang='lat' dir='ltr'><strong>ejus</strong></span> <span class='ocrx_word' id='word_1_574' title='bbox 1619 4321 1987 4406; x_wconf 86' lang='lat' dir='ltr'><strong>altitudinem.</strong></span> 
     </span>
     <span class='ocr_line' id='line_1_84' title="bbox 432 4405 1591 4434; baseline 0 0"><span class='ocrx_word' id='word_1_575' title='bbox 432 4405 660 4434; x_wconf 64' lang='lat' dir='ltr'><strong>D-..-n..-</strong></span> <span class='ocrx_word' id='word_1_576' title='bbox 708 4413 876 4434; x_wconf 72' lang='lat'><strong>:___-!.</strong></span> <span class='ocrx_word' id='word_1_577' title='bbox 927 4418 982 4434; x_wconf 68' lang='grc' dir='ltr'><strong>η.</strong></span> <span class='ocrx_word' id='word_1_578' title='bbox 1039 4421 1049 4431; x_wconf 82' lang='lat'><strong>.</strong></span> <span class='ocrx_word' id='word_1_579' title='bbox 1094 4422 1126 4434; x_wconf 31' lang='grc' dir='ltr'><strong>Α.</strong></span> <span class='ocrx_word' id='word_1_580' title='bbox 1231 4425 1243 4434; x_wconf 93' lang='grc'><strong>.</strong></span> <span class='ocrx_word' id='word_1_581' title='bbox 1391 4427 1405 4434; x_wconf 89' lang='grc'><strong>-</strong></span> <span class='ocrx_word' id='word_1_582' title='bbox 1581 4432 1591 4434; x_wconf 69' lang='lat'><strong><em>_</em></strong></span> 
     </span>
    </p>
   </div>
   <div class='ocr_carea' id='block_1_84' title="bbox 2106 4321 3685 4434">
    <p class='ocr_par' dir='ltr' id='par_1_84' title="bbox 2106 4356 3685 4434">
     <span class='ocr_line' id='line_1_85' title="bbox 2106 4356 3685 4434; baseline 0.005 -24"><span class='ocrx_word' id='word_1_583' title='bbox 2106 4356 2221 4411; x_wconf 84' lang='grc' dir='ltr'>τοῦ.</span> <span class='ocrx_word' id='word_1_584' title='bbox 2249 4357 2352 4409; x_wconf 73' lang='grc' dir='ltr'><strong>Τὸν</strong></span> <span class='ocrx_word' id='word_1_585' title='bbox 2377 4359 2607 4411; x_wconf 80' lang='grc' dir='ltr'>Λίϐανον</span> <span class='ocrx_word' id='word_1_586' title='bbox 2639 4359 2725 4411; x_wconf 84' lang='grc' dir='ltr'>διὰ.</span> <span class='ocrx_word' id='word_1_587' title='bbox 2756 4361 2812 4411; x_wconf 73' lang='grc' dir='ltr'>τὸ</span> <span class='ocrx_word' id='word_1_588' title='bbox 2840 4362 2978 4428; x_wconf 82' lang='grc' dir='ltr'>ἄγαν</span> <span class='ocrx_word' id='word_1_589' title='bbox 3005 4361 3166 4433; x_wconf 70' lang='grc' dir='ltr'>-ὖψος</span> <span class='ocrx_word' id='word_1_590' title='bbox 3203 4363 3296 4415; x_wconf 87' lang='grc' dir='ltr'>νῦν</span> <span class='ocrx_word' id='word_1_591' title='bbox 3328 4366 3631 4434; x_wconf 81' lang='grc' dir='ltr'>προσέλαϐε</span> <span class='ocrx_word' id='word_1_592' title='bbox 3649 4409 3685 4428; x_wconf 63' lang='grc'><em>,,</em></span> 
     </span>
    </p>
   </div>
   <div class='ocr_carea' id='block_1_85' title="bbox 429 4405 1990 4505">
    <p class='ocr_par' dir='ltr' id='par_1_85' title="bbox 429 4405 1990 4505">
     <span class='ocr_line' id='line_1_86' title="bbox 429 4405 1990 4505; baseline 0.023 -47"><span class='ocrx_word' id='word_1_593' title='bbox 429 4405 684 4473; x_wconf 87' lang='lat' dir='ltr'><strong>Fructus,</strong></span> <span class='ocrx_word' id='word_1_594' title='bbox 708 4413 904 4482; x_wconf 89' lang='lat' dir='ltr'><strong>inquit,</strong></span> <span class='ocrx_word' id='word_1_595' title='bbox 924 4418 1152 4488; x_wconf 89' lang='lat' dir='ltr'><strong>Christi,</strong></span> <span class='ocrx_word' id='word_1_596' title='bbox 1173 4425 1370 4479; x_wconf 90' lang='lat' dir='ltr'><strong>mirum</strong></span> <span class='ocrx_word' id='word_1_597' title='bbox 1391 4427 1444 4482; x_wconf 91' lang='lat' dir='ltr'><strong>in</strong></span> <span class='ocrx_word' id='word_1_598' title='bbox 1471 4405 1690 4486; x_wconf 84' lang='lat' dir='ltr'><strong>modum</strong></span> <span class='ocrx_word' id='word_1_599' title='bbox 1715 4448 1990 4505; x_wconf 82' lang='lat' dir='ltr'><strong>augescet.</strong></span> 
     </span>
    </p>
   </div>
   <div class='ocr_carea' id='block_1_86' title="bbox 431 4496 1990 4586">
    <p class='ocr_par' dir='ltr' id='par_1_86' title="bbox 431 4496 1990 4586">
     <span class='ocr_line' id='line_1_87' title="bbox 431 4496 1990 4586; baseline 0.021 -37"><span class='ocrx_word' id='word_1_600' title='bbox 431 4496 530 4552; x_wconf 84' lang='lat' dir='ltr'><strong>Per</strong></span> <span class='ocrx_word' id='word_1_601' title='bbox 561 4501 799 4557; x_wconf 80' lang='lat' dir='ltr'><strong>fructum</strong></span> <span class='ocrx_word' id='word_1_602' title='bbox 844 4523 972 4563; x_wconf 83' lang='lat' dir='ltr'><strong>vero</strong></span> <span class='ocrx_word' id='word_1_603' title='bbox 1002 4509 1227 4576; x_wconf 89' lang='lat' dir='ltr'><strong>Christi,</strong></span> <span class='ocrx_word' id='word_1_604' title='bbox 1261 4520 1633 4586; x_wconf 80' lang='lat' dir='ltr'><strong>evangelicam</strong></span> <span class='ocrx_word' id='word_1_605' title='bbox 1683 4525 1990 4583; x_wconf 89' lang='lat' dir='ltr'><strong>doctrinam</strong></span> 
     </span>
    </p>
   </div>
   <div class='ocr_carea' id='block_1_87' title="bbox 427 4588 1987 4682">
    <p class='ocr_par' dir='ltr' id='par_1_87' title="bbox 427 4588 1987 4682">
     <span class='ocr_line' id='line_1_88' title="bbox 427 4588 1987 4682; baseline 0.021 -40"><span class='ocrx_word' id='word_1_606' title='bbox 427 4588 702 4661; x_wconf 77' lang='lat' dir='ltr'><strong>intelligit.</strong></span> <span class='ocrx_word' id='word_1_607' title='bbox 734 4593 824 4650; x_wconf 86' lang='lat' dir='ltr'><strong>Vel</strong></span> <span class='ocrx_word' id='word_1_608' title='bbox 856 4599 1037 4662; x_wconf 85' lang='lat' dir='ltr'><strong>aliter.</strong></span> <span class='ocrx_word' id='word_1_609' title='bbox 1075 4601 1340 4660; x_wconf 86' lang='lat' dir='ltr'><strong>Libanum</strong></span> <span class='ocrx_word' id='word_1_610' title='bbox 1397 4609 1485 4664; x_wconf 93' lang='lat' dir='ltr'><strong>hic</strong></span> <span class='ocrx_word' id='word_1_611' title='bbox 1546 4628 1644 4682; x_wconf 90' lang='lat' dir='ltr'><strong>pro</strong></span> <span class='ocrx_word' id='word_1_612' title='bbox 1715 4616 1987 4674; x_wconf 90' lang='lat' dir='ltr'><strong>idolorum</strong></span> 
     </span>
    </p>
   </div>
   <div class='ocr_carea' id='block_1_88' title="bbox 427 4683 1989 4770">
    <p class='ocr_par' dir='ltr' id='par_1_88' title="bbox 427 4683 1989 4770">
     <span class='ocr_line' id='line_1_89' title="bbox 427 4683 1989 4770; baseline 0.024 -37"><span class='ocrx_word' id='word_1_613' title='bbox 427 4683 576 4737; x_wconf 76' lang='lat' dir='ltr'><strong>cultu</strong></span> <span class='ocrx_word' id='word_1_614' title='bbox 609 4688 815 4754; x_wconf 89' lang='lat' dir='ltr'><strong>posuit,</strong></span> <span class='ocrx_word' id='word_1_615' title='bbox 856 4706 919 4745; x_wconf 92' lang='lat' dir='ltr'><strong>eo</strong></span> <span class='ocrx_word' id='word_1_616' title='bbox 941 4695 1084 4760; x_wconf 85' lang='lat' dir='ltr'><strong>quod</strong></span> <span class='ocrx_word' id='word_1_617' title='bbox 1116 4697 1429 4766; x_wconf 73' lang='lat' dir='ltr'><strong>huiusmodi</strong></span> <span class='ocrx_word' id='word_1_618' title='bbox 1471 4689 1630 4760; x_wconf 76' lang='lat' dir='ltr'><strong>mons</strong></span> <span class='ocrx_word' id='word_1_619' title='bbox 1657 4707 1786 4762; x_wconf 90' lang='lat' dir='ltr'><strong>olim</strong></span> <span class='ocrx_word' id='word_1_620' title='bbox 1829 4712 1989 4770; x_wconf 86' lang='lat' dir='ltr'><strong>idolis</strong></span> 
     </span>
    </p>
   </div>
   <div class='ocr_carea' id='block_1_89' title="bbox 427 4774 1994 4863">
    <p class='ocr_par' dir='ltr' id='par_1_89' title="bbox 427 4774 1994 4863">
     <span class='ocr_line' id='line_1_90' title="bbox 427 4774 1994 4863; baseline 0.022 -39"><span class='ocrx_word' id='word_1_621' title='bbox 427 4774 622 4842; x_wconf 88' lang='lat' dir='ltr'><strong>plenus</strong></span> <span class='ocrx_word' id='word_1_622' title='bbox 650 4787 818 4834; x_wconf 82' lang='lat' dir='ltr'><strong>esset.</strong></span> <span class='ocrx_word' id='word_1_623' title='bbox 859 4782 1065 4840; x_wconf 87' lang='lat' dir='ltr'><strong>Sensus</strong></span> <span class='ocrx_word' id='word_1_624' title='bbox 1094 4799 1170 4842; x_wconf 77' lang='grc' dir='ltr'><strong>εει</strong></span> <span class='ocrx_word' id='word_1_625' title='bbox 1199 4790 1386 4859; x_wconf 77' lang='lat' dir='ltr'><strong>igitur,</strong></span> <span class='ocrx_word' id='word_1_626' title='bbox 1423 4795 1567 4863; x_wconf 89' lang='lat' dir='ltr'><strong>quod</strong></span> <span class='ocrx_word' id='word_1_627' title='bbox 1599 4795 1812 4855; x_wconf 81' lang='lat' dir='ltr'><strong>fructus</strong></span> <span class='ocrx_word' id='word_1_628' title='bbox 1837 4802 1994 4859; x_wconf 87' lang='lat' dir='ltr'><strong>Chri-</strong></span> 
     </span>
    </p>
   </div>
   <div class='ocr_carea' id='block_1_90' title="bbox 427 4864 1987 4958">
    <p class='ocr_par' dir='ltr' id='par_1_90' title="bbox 427 4864 1987 4958">
     <span class='ocr_line' id='line_1_91' title="bbox 427 4864 1987 4958; baseline 0.022 -42"><span class='ocrx_word' id='word_1_629' title='bbox 427 4864 522 4930; x_wconf 87' lang='lat' dir='ltr'><strong>sti,</strong></span> <span class='ocrx_word' id='word_1_630' title='bbox 548 4866 652 4922; x_wconf 92' lang='lat' dir='ltr'><strong>hoc</strong></span> <span class='ocrx_word' id='word_1_631' title='bbox 667 4879 768 4936; x_wconf 89' lang='lat' dir='ltr'><strong>est,</strong></span> <span class='ocrx_word' id='word_1_632' title='bbox 789 4875 933 4939; x_wconf 86' lang='lat' dir='ltr'><strong>quod</strong></span> <span class='ocrx_word' id='word_1_633' title='bbox 955 4878 1270 4943; x_wconf 68' lang='lat' dir='ltr'><strong>prmdicatio</strong></span> <span class='ocrx_word' id='word_1_634' title='bbox 1289 4887 1622 4954; x_wconf 80' lang='lat' dir='ltr'><strong>evangelica,</strong></span> <span class='ocrx_word' id='word_1_635' title='bbox 1645 4897 1704 4942; x_wconf 88' lang='lat' dir='ltr'><strong>ut</strong></span> <span class='ocrx_word' id='word_1_636' title='bbox 1726 4891 1987 4958; x_wconf 79' lang='lat' dir='ltr'><strong>diximus,</strong></span> 
     </span>
    </p>
   </div>
   <div class='ocr_carea' id='block_1_91' title="bbox 425 4961 1988 5053">
    <p class='ocr_par' dir='ltr' id='par_1_91' title="bbox 425 4961 1988 5053">
     <span class='ocr_line' id='line_1_92' title="bbox 425 4961 1988 5053; baseline 0.022 -46"><span class='ocrx_word' id='word_1_637' title='bbox 425 4961 881 5024; x_wconf 79' lang='lat' dir='ltr'><strong>superexlolletur</strong></span> <span class='ocrx_word' id='word_1_638' title='bbox 910 4981 1074 5034; x_wconf 84' lang='lat' dir='ltr'><strong>super</strong></span> <span class='ocrx_word' id='word_1_639' title='bbox 1103 4968 1393 5041; x_wconf 88' lang='lat' dir='ltr'><strong>Libanum,</strong></span> <span class='ocrx_word' id='word_1_640' title='bbox 1447 4977 1500 5030; x_wconf 89' lang='lat' dir='ltr'><strong>id</strong></span> <span class='ocrx_word' id='word_1_641' title='bbox 1549 4989 1654 5044; x_wconf 88' lang='lat' dir='ltr'><strong>est,</strong></span> <span class='ocrx_word' id='word_1_642' title='bbox 1711 4987 1988 5053; x_wconf 88' lang='lat' dir='ltr'><strong>superabit</strong></span> 
     </span>
    </p>
   </div>
   <div class='ocr_carea' id='block_1_92' title="bbox 423 5047 953 5109">
    <p class='ocr_par' dir='ltr' id='par_1_92' title="bbox 423 5047 953 5109">
     <span class='ocr_line' id='line_1_93' title="bbox 423 5047 953 5109; baseline 0.021 -11"><span class='ocrx_word' id='word_1_643' title='bbox 423 5047 632 5100; x_wconf 90' lang='lat' dir='ltr'><strong>cultum</strong></span> <span class='ocrx_word' id='word_1_644' title='bbox 658 5049 953 5109; x_wconf 84' lang='lat' dir='ltr'><strong>idolorum.</strong></span> 
     </span>
    </p>
   </div>
   <div class='ocr_carea' id='block_1_93' title="bbox 497 5134 1974 5221">
    <p class='ocr_par' dir='ltr' id='par_1_93' title="bbox 497 5134 1974 5221">
     <span class='ocr_line' id='line_1_94' title="bbox 497 5134 1974 5221; baseline 0.022 -33"><span class='ocrx_word' id='word_1_645' title='bbox 497 5134 787 5196; x_wconf 77' lang='lat' dir='ltr'><strong>Florebant</strong></span> <span class='ocrx_word' id='word_1_646' title='bbox 815 5143 880 5198; x_wconf 84' lang='lat' dir='ltr'><strong>de</strong></span> <span class='ocrx_word' id='word_1_647' title='bbox 904 5147 1138 5211; x_wconf 80' lang='lat' dir='ltr'><strong>civitate,</strong></span> <span class='ocrx_word' id='word_1_648' title='bbox 1165 5155 1322 5220; x_wconf 84' lang='lat' dir='ltr'><strong>quasi</strong></span> <span class='ocrx_word' id='word_1_649' title='bbox 1350 5157 1512 5211; x_wconf 83' lang='lat' dir='ltr'><strong>herba</strong></span> <span class='ocrx_word' id='word_1_650' title='bbox 1564 5170 1734 5217; x_wconf 78' lang='lat' dir='ltr'><strong>teme.</strong></span> <span class='ocrx_word' id='word_1_651' title='bbox 1773 5163 1974 5221; x_wconf 68' lang='lat' dir='ltr'><strong>Civitao</strong></span> 
     </span>
    </p>
   </div>
   <div class='ocr_carea' id='block_1_94' title="bbox 422 5230 1980 5313">
    <p class='ocr_par' dir='ltr' id='par_1_94' title="bbox 422 5230 1980 5313">
     <span class='ocr_line' id='line_1_95' title="bbox 422 5230 1980 5313; baseline 0.022 -34"><span class='ocrx_word' id='word_1_652' title='bbox 422 5235 530 5282; x_wconf 89' lang='lat' dir='ltr'><strong>tem</strong></span> <span class='ocrx_word' id='word_1_653' title='bbox 563 5230 862 5298; x_wconf 86' lang='lat' dir='ltr'><strong>indeﬁnite,</strong></span> <span class='ocrx_word' id='word_1_654' title='bbox 918 5252 982 5292; x_wconf 90' lang='lat' dir='ltr'><strong>eo</strong></span> <span class='ocrx_word' id='word_1_655' title='bbox 1011 5242 1172 5310; x_wconf 87' lang='lat' dir='ltr'><strong>quod&#39;</strong></span> <span class='ocrx_word' id='word_1_656' title='bbox 1206 5245 1273 5301; x_wconf 88' lang='lat' dir='ltr'><strong>de</strong></span> <span class='ocrx_word' id='word_1_657' title='bbox 1309 5250 1456 5302; x_wconf 90' lang='lat' dir='ltr'><strong>omni</strong></span> <span class='ocrx_word' id='word_1_658' title='bbox 1513 5251 1738 5308; x_wconf 74' lang='lat' dir='ltr'><strong>civitate</strong></span> <span class='ocrx_word' id='word_1_659' title='bbox 1794 5256 1980 5313; x_wconf 89' lang='lat' dir='ltr'><strong>ﬁdeles</strong></span> 
     </span>
    </p>
   </div>
   <div class='ocr_carea' id='block_1_95' title="bbox 423 5318 1986 5416">
    <p class='ocr_par' dir='ltr' id='par_1_95' title="bbox 423 5318 1986 5416">
     <span class='ocr_line' id='line_1_96' title="bbox 423 5318 1986 5416; baseline 0.02 -44"><span class='ocrx_word' id='word_1_660' title='bbox 423 5318 620 5380; x_wconf 78' lang='lat' dir='ltr'><strong>ﬂorere</strong></span> <span class='ocrx_word' id='word_1_661' title='bbox 661 5327 955 5397; x_wconf 87' lang='lat' dir='ltr'><strong>debebant,</strong></span> <span class='ocrx_word' id='word_1_662' title='bbox 983 5343 1146 5404; x_wconf 89' lang='lat' dir='ltr'><strong>atque</strong></span> <span class='ocrx_word' id='word_1_663' title='bbox 1181 5337 1284 5394; x_wconf 91' lang='lat' dir='ltr'><strong>hoc</strong></span> <span class='ocrx_word' id='word_1_664' title='bbox 1324 5349 1471 5394; x_wconf 87' lang='lat' dir='ltr'><strong>tanta</strong></span> <span class='ocrx_word' id='word_1_665' title='bbox 1515 5359 1640 5397; x_wconf 89' lang='lat' dir='ltr'><strong>cum</strong></span> <span class='ocrx_word' id='word_1_666' title='bbox 1698 5350 1874 5416; x_wconf 85' lang='lat' dir='ltr'><strong>capia,</strong></span> <span class='ocrx_word' id='word_1_667' title='bbox 1929 5359 1986 5404; x_wconf 94' lang='lat' dir='ltr'><strong>ut</strong></span> 
     </span>
    </p>
   </div>
   <div class='ocr_carea' id='block_1_96' title="bbox 426 5408 1979 5508">
    <p class='ocr_par' dir='ltr' id='par_1_96' title="bbox 426 5408 1979 5508">
     <span class='ocr_line' id='line_1_97' title="bbox 426 5408 1979 5508; baseline 0.021 -47"><span class='ocrx_word' id='word_1_668' title='bbox 426 5408 787 5472; x_wconf 76' lang='lat' dir='ltr'><strong>ﬁoridissimze</strong></span> <span class='ocrx_word' id='word_1_669' title='bbox 837 5435 902 5476; x_wconf 87' lang='lat' dir='ltr'><strong>ac</strong></span> <span class='ocrx_word' id='word_1_670' title='bbox 926 5422 1271 5481; x_wconf 73' lang='lat' dir='ltr'><strong>densissima:</strong></span> <span class='ocrx_word' id='word_1_671' title='bbox 1304 5427 1485 5485; x_wconf 64' lang='lat' dir='ltr'><strong>herbae</strong></span> <span class='ocrx_word' id='word_1_672' title='bbox 1513 5437 1820 5503; x_wconf 87' lang='lat' dir='ltr'><strong>comparari</strong></span> <span class='ocrx_word' id='word_1_673' title='bbox 1851 5453 1979 5508; x_wconf 85' lang='lat' dir='ltr'><strong>pos-</strong></span> 
     </span>
    </p>
   </div>
   <div class='ocr_carea' id='block_1_97' title="bbox 498 5594 1623 5678">
    <p class='ocr_par' dir='ltr' id='par_1_97' title="bbox 498 5594 1623 5678">
     <span class='ocr_line' id='line_1_98' title="bbox 498 5594 1623 5678; baseline 0.02 -33"><span class='ocrx_word' id='word_1_674' title='bbox 498 5594 516 5624; x_wconf 84' lang='lat'>&#39;</span> <span class='ocrx_word' id='word_1_675' title='bbox 553 5594 692 5649; x_wconf 77' lang='lat' dir='ltr'><strong>I’sal.</strong></span> <span class='ocrx_word' id='word_1_676' title='bbox 723 5613 903 5665; x_wconf 78' lang='lat' dir='ltr'><strong>chtv,</strong></span> <span class='ocrx_word' id='word_1_677' title='bbox 933 5601 987 5657; x_wconf 79' lang='lat'><strong>3.</strong></span> <span class='ocrx_word' id='word_1_678' title='bbox 1055 5603 1075 5635; x_wconf 84' lang='lat'><strong>&#39;</strong></span> <span class='ocrx_word' id='word_1_679' title='bbox 1107 5603 1286 5661; x_wconf 67' lang='lat' dir='ltr'><strong>Calai.</strong></span> <span class='ocrx_word' id='word_1_680' title='bbox 1322 5624 1358 5674; x_wconf 87' lang='grc' dir='ltr'>ι,</span> <span class='ocrx_word' id='word_1_681' title='bbox 1407 5609 1494 5678; x_wconf 77' lang='lat' dir='ltr'><strong>i5,</strong></span> <span class='ocrx_word' id='word_1_682' title='bbox 1537 5613 1623 5667; x_wconf 79' lang='grc'><strong>16.</strong></span> 
     </span>
    </p>
   </div>
   <div class='ocr_carea' id='block_1_98' title="bbox 2091 4448 3665 4524">
    <p class='ocr_par' dir='ltr' id='par_1_98' title="bbox 2091 4448 3665 4524">
     <span class='ocr_line' id='line_1_99' title="bbox 2091 4448 3665 4524; baseline 0.004 -23"><span class='ocrx_word' id='word_1_683' title='bbox 2091 4448 2172 4501; x_wconf 83' lang='grc' dir='ltr'>ὅτι</span> <span class='ocrx_word' id='word_1_684' title='bbox 2213 4449 2273 4503; x_wconf 88' lang='lat'><strong>&#39;0</strong></span> <span class='ocrx_word' id='word_1_685' title='bbox 2298 4451 2509 4522; x_wconf 50' lang='grc' dir='ltr'><strong>καμπὰς</strong></span> <span class='ocrx_word' id='word_1_686' title='bbox 2535 4450 2627 4503; x_wconf 76' lang='grc' dir='ltr'><strong>τοῦ</strong></span> <span class='ocrx_word' id='word_1_687' title='bbox 2654 4453 2893 4521; x_wconf 78' lang='grc' dir='ltr'>Χριστοῦ</span> <span class='ocrx_word' id='word_1_688' title='bbox 2925 4452 3150 4522; x_wconf 76' lang='grc' dir='ltr'>αὐξήσει</span> <span class='ocrx_word' id='word_1_689' title='bbox 3170 4456 3330 4523; x_wconf 74' lang='grc' dir='ltr'>μάλα.</span> <span class='ocrx_word' id='word_1_690' title='bbox 3352 4457 3578 4524; x_wconf 62' lang='grc' dir='ltr'>Καρπθρν</span> <span class='ocrx_word' id='word_1_691' title='bbox 3607 4459 3665 4510; x_wconf 78' lang='grc' dir='ltr'><strong>δὲ</strong></span> 
     </span>
    </p>
   </div>
   <div class='ocr_carea' id='block_1_99' title="bbox 2090 4540 3664 4615">
    <p class='ocr_par' dir='ltr' id='par_1_99' title="bbox 2090 4540 3664 4615">
     <span class='ocr_line' id='line_1_100' title="bbox 2090 4540 3664 4615; baseline 0.006 -23"><span class='ocrx_word' id='word_1_692' title='bbox 2090 4540 2246 4592; x_wconf 82' lang='grc' dir='ltr'>καλεῖ</span> <span class='ocrx_word' id='word_1_693' title='bbox 2301 4541 2773 4610; x_wconf 77' lang='grc' dir='ltr'>τὴν.διδασκαλίαν</span> <span class='ocrx_word' id='word_1_694' title='bbox 2802 4544 2896 4596; x_wconf 78' lang='grc' dir='ltr'>τοῦ</span> <span class='ocrx_word' id='word_1_695' title='bbox 2931 4547 3282 4615; x_wconf 80' lang='grc' dir='ltr'>Εύαγγελίου.</span> <span class='ocrx_word' id='word_1_696' title='bbox 3318 4549 3426 4600; x_wconf 73' lang='grc' dir='ltr'><strong>Καὶ</strong></span> <span class='ocrx_word' id='word_1_697' title='bbox 3454 4549 3664 4611; x_wconf 67' lang='grc' dir='ltr'>ἄλλως,</span> 
     </span>
    </p>
   </div>
   <div class='ocr_carea' id='block_1_100' title="bbox 2089 4630 3666 4708">
    <p class='ocr_par' dir='ltr' id='par_1_100' title="bbox 2089 4630 3666 4708">
     <span class='ocr_line' id='line_1_101' title="bbox 2089 4630 3666 4708; baseline 0.004 -26"><span class='ocrx_word' id='word_1_698' title='bbox 2089 4630 2318 4693; x_wconf 79' lang='grc' dir='ltr'>Λίϐανος</span> <span class='ocrx_word' id='word_1_699' title='bbox 2369 4631 2467 4700; x_wconf 80' lang='grc' dir='ltr'><strong>μὲν</strong></span> <span class='ocrx_word' id='word_1_700' title='bbox 2501 4634 2595 4683; x_wconf 70' lang='grc' dir='ltr'><strong>καὶ</strong></span> <span class='ocrx_word' id='word_1_701' title='bbox 2631 4633 3044 4703; x_wconf 74' lang='grc' dir='ltr'>εέδωλολατρεία</span> <span class='ocrx_word' id='word_1_702' title='bbox 3089 4635 3309 4708; x_wconf 80' lang='grc' dir='ltr'>νοηθείη</span> <span class='ocrx_word' id='word_1_703' title='bbox 3366 4638 3453 4700; x_wconf 80' lang='grc' dir='ltr'><strong>ἂν,</strong></span> <span class='ocrx_word' id='word_1_704' title='bbox 3484 4638 3574 4692; x_wconf 84' lang='grc' dir='ltr'>διὰ</span> <span class='ocrx_word' id='word_1_705' title='bbox 3603 4639 3666 4690; x_wconf 80' lang='grc' dir='ltr'>τὸ</span> 
     </span>
    </p>
   </div>
   <div class='ocr_carea' id='block_1_101' title="bbox 2088 4719 3665 4800">
    <p class='ocr_par' dir='ltr' id='par_1_101' title="bbox 2088 4719 3665 4800">
     <span class='ocr_line' id='line_1_102' title="bbox 2088 4719 3665 4800; baseline 0.004 -26"><span class='ocrx_word' id='word_1_706' title='bbox 2088 4721 2411 4775; x_wconf 77' lang='grc' dir='ltr'>κατείδωλον</span> <span class='ocrx_word' id='word_1_707' title='bbox 2441 4719 2580 4776; x_wconf 74' lang='grc' dir='ltr'>εἶναι</span> <span class='ocrx_word' id='word_1_708' title='bbox 2615 4725 2783 4777; x_wconf 83' lang='grc' dir='ltr'>πάλαι</span> <span class='ocrx_word' id='word_1_709' title='bbox 2813 4727 2904 4778; x_wconf 69' lang='grc' dir='ltr'><strong>τὸν</strong></span> <span class='ocrx_word' id='word_1_710' title='bbox 2939 4726 3172 4780; x_wconf 81' lang='grc' dir='ltr'>Λίϐανον</span> <span class='ocrx_word' id='word_1_711' title='bbox 3191 4745 3207 4761; x_wconf 80' lang='grc' dir='ltr'><strong><em>ο</em></strong></span> <span class='ocrx_word' id='word_1_712' title='bbox 3247 4729 3458 4800; x_wconf 76' lang='grc' dir='ltr'>καρπὸς</span> <span class='ocrx_word' id='word_1_713' title='bbox 3489 4730 3571 4794; x_wconf 84' lang='grc' dir='ltr'><strong>δὲ,</strong></span> <span class='ocrx_word' id='word_1_714' title='bbox 3604 4730 3665 4782; x_wconf 61' lang='grc' dir='ltr'><strong>τὺ</strong></span> 
     </span>
    </p>
   </div>
   <div class='ocr_carea' id='block_1_102' title="bbox 2088 4813 3664 4891">
    <p class='ocr_par' dir='ltr' id='par_1_102' title="bbox 2088 4813 3664 4891">
     <span class='ocr_line' id='line_1_103' title="bbox 2088 4813 3664 4891; baseline 0.002 -25"><span class='ocrx_word' id='word_1_715' title='bbox 2088 4814 2348 4882; x_wconf 76' lang='grc' dir='ltr'>κήρυγμα</span> <span class='ocrx_word' id='word_1_716' title='bbox 2378 4813 2468 4866; x_wconf 75' lang='grc' dir='ltr'>τοῦ</span> <span class='ocrx_word' id='word_1_717' title='bbox 2500 4814 2830 4882; x_wconf 72' lang='grc' dir='ltr'>Εὐαγγελίου</span> <span class='ocrx_word' id='word_1_718' title='bbox 2853 4833 2866 4847; x_wconf 76' lang='grc' dir='ltr'><strong>ο</strong></span> <span class='ocrx_word' id='word_1_719' title='bbox 2891 4818 2919 4868; x_wconf 75' lang='grc' dir='ltr'>ὃ</span> <span class='ocrx_word' id='word_1_720' title='bbox 2965 4819 3060 4870; x_wconf 77' lang='grc' dir='ltr'><strong>καὶ</strong></span> <span class='ocrx_word' id='word_1_721' title='bbox 3095 4819 3493 4891; x_wconf 79' lang='grc' dir='ltr'>ὑπερενίκησεν</span> <span class='ocrx_word' id='word_1_722' title='bbox 3517 4819 3664 4876; x_wconf 82' lang='grc' dir='ltr'>ὲκεί-</span> 
     </span>
    </p>
   </div>
   <div class='ocr_carea' id='block_1_103' title="bbox 2087 4906 2668 4978">
    <p class='ocr_par' dir='ltr' id='par_1_103' title="bbox 2087 4906 2668 4978">
     <span class='ocr_line' id='line_1_104' title="bbox 2087 4906 2668 4978; baseline 0.007 -22"><span class='ocrx_word' id='word_1_723' title='bbox 2087 4923 2184 4973; x_wconf 77' lang='grc' dir='ltr'>νην</span> <span class='ocrx_word' id='word_1_724' title='bbox 2240 4906 2330 4957; x_wconf 72' lang='grc' dir='ltr'><strong>καὶ</strong></span> <span class='ocrx_word' id='word_1_725' title='bbox 2364 4906 2668 4978; x_wconf 72' lang='grc' dir='ltr'>ἀπέκρυψε.</span> 
     </span>
    </p>
   </div>
   <div class='ocr_carea' id='block_1_104' title="bbox 2160 5171 3661 5243">
    <p class='ocr_par' dir='ltr' id='par_1_104' title="bbox 2160 5171 3661 5243">
     <span class='ocr_line' id='line_1_105' title="bbox 2160 5171 3661 5243; baseline 0.003 -20"><span class='ocrx_word' id='word_1_726' title='bbox 2160 5172 2264 5223; x_wconf 88' lang='lat' dir='ltr'><strong>Kal</strong></span> <span class='ocrx_word' id='word_1_727' title='bbox 2294 5171 2747 5238; x_wconf 72' lang='grc' dir='ltr'>ἐξανθήσουσιν</span> <span class='ocrx_word' id='word_1_728' title='bbox 2774 5175 2841 5226; x_wconf 85' lang='grc' dir='ltr'><strong><em>ἐκ</em></strong></span> <span class='ocrx_word' id='word_1_729' title='bbox 2859 5174 3111 5240; x_wconf 70' lang='grc' dir='ltr'>πόλεως,</span> <span class='ocrx_word' id='word_1_730' title='bbox 3138 5172 3281 5226; x_wconf 80' lang='grc' dir='ltr'>ὡσεί</span> <span class='ocrx_word' id='word_1_731' title='bbox 3307 5173 3521 5243; x_wconf 85' lang='grc' dir='ltr'>χόρτος</span> <span class='ocrx_word' id='word_1_732' title='bbox 3551 5172 3661 5239; x_wconf 80' lang='grc' dir='ltr'>τῆς</span> 
     </span>
    </p>
   </div>
   <div class='ocr_carea' id='block_1_105' title="bbox 2090 5260 3660 5334">
    <p class='ocr_par' dir='ltr' id='par_1_105' title="bbox 2090 5260 3660 5334">
     <span class='ocr_line' id='line_1_106' title="bbox 2090 5260 3660 5334; baseline -0.002 -16"><span class='ocrx_word' id='word_1_733' title='bbox 2090 5260 2222 5329; x_wconf 79' lang='grc' dir='ltr'><strong>γῆς.</strong></span> <span class='ocrx_word' id='word_1_734' title='bbox 2243 5263 2453 5326; x_wconf 82' lang='grc' dir='ltr'>Πόλεως</span> <span class='ocrx_word' id='word_1_735' title='bbox 2475 5264 2760 5334; x_wconf 79' lang='grc' dir='ltr'>ἀορίστως,</span> <span class='ocrx_word' id='word_1_736' title='bbox 2791 5264 2880 5318; x_wconf 77' lang='grc' dir='ltr'><strong>διὰ</strong></span> <span class='ocrx_word' id='word_1_737' title='bbox 2902 5266 2961 5317; x_wconf 75' lang='grc' dir='ltr'><strong>τὸ</strong></span> <span class='ocrx_word' id='word_1_738' title='bbox 2988 5265 3230 5330; x_wconf 80' lang='grc' dir='ltr'>ἐξανθεῖν</span> <span class='ocrx_word' id='word_1_739' title='bbox 3261 5267 3323 5318; x_wconf 71' lang='grc' dir='ltr'><strong>ἐκ</strong></span> <span class='ocrx_word' id='word_1_740' title='bbox 3358 5265 3541 5332; x_wconf 65' lang='grc' dir='ltr'>πάσης</span> <span class='ocrx_word' id='word_1_741' title='bbox 3570 5266 3660 5316; x_wconf 83' lang='grc' dir='ltr'><strong>πό-</strong></span> 
     </span>
    </p>
   </div>
   <div class='ocr_carea' id='block_1_106' title="bbox 2091 5351 3658 5426">
    <p class='ocr_par' dir='ltr' id='par_1_106' title="bbox 2091 5351 3658 5426">
     <span class='ocr_line' id='line_1_107' title="bbox 2091 5351 3658 5426; baseline -0.001 -23"><span class='ocrx_word' id='word_1_742' title='bbox 2091 5352 2227 5412; x_wconf 74' lang='grc' dir='ltr'>λεως</span> <span class='ocrx_word' id='word_1_743' title='bbox 2251 5354 2472 5418; x_wconf 81' lang='grc' dir='ltr'>πιστούς</span> <span class='ocrx_word' id='word_1_744' title='bbox 2493 5370 2508 5386; x_wconf 77' lang='grc' dir='ltr'><strong>ο</strong></span> <span class='ocrx_word' id='word_1_745' title='bbox 2540 5356 2672 5408; x_wconf 78' lang='grc' dir='ltr'>ὡσεὶ</span> <span class='ocrx_word' id='word_1_746' title='bbox 2704 5356 2895 5425; x_wconf 86' lang='grc' dir='ltr'>χόρτος</span> <span class='ocrx_word' id='word_1_747' title='bbox 2917 5356 2996 5422; x_wconf 82' lang='grc' dir='ltr'><strong>δὲ,</strong></span> <span class='ocrx_word' id='word_1_748' title='bbox 3036 5358 3122 5411; x_wconf 80' lang='grc' dir='ltr'>διὰ</span> <span class='ocrx_word' id='word_1_749' title='bbox 3155 5355 3252 5426; x_wconf 79' lang='grc' dir='ltr'>τὴν</span> <span class='ocrx_word' id='word_1_750' title='bbox 3274 5356 3536 5412; x_wconf 79' lang='grc' dir='ltr'>ἐπίδοσιν,</span> <span class='ocrx_word' id='word_1_751' title='bbox 3563 5351 3658 5403; x_wconf 71' lang='grc' dir='ltr'><strong>καὶ</strong></span> 
     </span>
    </p>
   </div>
   <div class='ocr_carea' id='block_1_107' title="bbox 2091 5442 3654 5518">
    <p class='ocr_par' dir='ltr' id='par_1_107' title="bbox 2091 5442 3654 5518">
     <span class='ocr_line' id='line_1_108' title="bbox 2091 5442 3654 5518; baseline -0.002 -22"><span class='ocrx_word' id='word_1_752' title='bbox 2091 5444 2177 5496; x_wconf 72' lang='grc' dir='ltr'>διὰ</span> <span class='ocrx_word' id='word_1_753' title='bbox 2227 5443 2288 5496; x_wconf 75' lang='grc' dir='ltr'><strong>τὸ</strong></span> <span class='ocrx_word' id='word_1_754' title='bbox 2321 5444 2521 5514; x_wconf 73' lang='grc' dir='ltr'>πλῆθος</span> <span class='ocrx_word' id='word_1_755' title='bbox 2546 5463 2559 5478; x_wconf 78' lang='grc'><strong><em>⁸</em></strong></span> <span class='ocrx_word' id='word_1_756' title='bbox 2592 5448 2789 5500; x_wconf 82' lang='grc' dir='ltr'>νοεῖται</span> <span class='ocrx_word' id='word_1_757' title='bbox 2817 5445 2874 5499; x_wconf 82' lang='grc' dir='ltr'><strong>δὲ</strong></span> <span class='ocrx_word' id='word_1_758' title='bbox 2923 5447 3017 5500; x_wconf 75' lang='grc' dir='ltr'><strong>καὶ</strong></span> <span class='ocrx_word' id='word_1_759' title='bbox 3051 5449 3083 5518; x_wconf 79' lang='grc' dir='ltr'>ἠ</span> <span class='ocrx_word' id='word_1_760' title='bbox 3128 5446 3420 5514; x_wconf 71' lang='grc' dir='ltr'><strong>Ἐκκλησέα</strong></span> <span class='ocrx_word' id='word_1_761' title='bbox 3462 5442 3654 5507; x_wconf 68' lang='grc' dir='ltr'>πόλις*</span> 
     </span>
    </p>
   </div>
  </div>
