4070 6224
822 128 855 164 \

412 166 523 233 733

1577 168 1943 230 COMMENT
1999 168 2077 228 IN
2129 171 2488 236 PSALMOS.

3533 178 3643 241 73b

407 285 552 348 τινὲς
573 284 632 338 δὲ
657 283 812 338 πόλιν
845 283 1025 347 ἰδικῶς
1054 286 1151 356 τὴν
1188 286 1546 356 Ἰερουσαλὴμ
1575 285 1967 357 ὑπολαμϐάνω

2085 297 2228 342 sent.
2290 289 2593 347 Possumus
2631 293 2794 347 etiam
2844 307 2938 362 per
2984 269 3284 359 civitatem,
3338 292 3640 348 Ecclesiam

409 391 516 438 σιν,
548 375 640 442 ἀφ’
670 368 737 444 ἧς
763 373 1074 444 ὲξανθῆσαι,
1101 377 1194 428 καὶ
1223 377 1410 445 τάχιον
1442 375 1786 445 μαρανθῆναι
1822 373 1978 442 δίκην

408 471 604 536 χόρτου
645 467 773 528 τοὺς
833 466 1134 532 Ἰουδαίους,
1185 468 1484 538 αὐξομένου
1532 468 1627 521 τοῦ
1689 467 1980 538 κηρύγμα-

407 574 522 620 τος.

476 740 690 794 Ἔσται
714 758 783 796 το
812 759 998 813 ονομα
1029 746 1217 800 αὐτοῦ
1263 746 1673 815 εὐλογημένον
1706 749 1795 812 εις
1832 746 1977 811 τοὺς

403 831 642 897 αἰῶνας.
697 833 868 886 Τοῦτο
900 833 1080 896 δῆλον.
1118 835 1461 906 Εὑφημεϊται
1519 836 1627 907 γὰρ
1689 837 1776 890 ἀεὶ
1823 838 1974 906 παρὰ

401 926 509 978 τῶν
537 926 850 995 ἁπανταχοῦ
887 927 1117 982 πιστῶν.
1157 930 1367 998 Ὀνομα
1400 929 1455 982 δὲ
1516 928 1664 997 λέγει
1714 929 1798 994 τὺ,
1843 931 1976 999 Χρι-

405 1018 549 1081 στὸς,
571 1018 688 1088 ἦτοι
711 1020 790 1085 τὸ,
833 1019 1068 1090 Ἰησοῦς,
1965 1028 1970 1033 ’

480 1200 594 1265 Πρὸ
649 1200 754 1253 τοῦ
783 1201 962 1268 ἡλίου
999 1203 1260 1270 διαμένει
1288 1205 1350 1257 τὸ
1399 1205 1587 1274 ὄνομα
1628 1207 1835 1260 αὑτοῦ.
1859 1206 1970 1276 (66)

400 1287 492 1351 Τὸ,
526 1287 590 1340 '0
622 1285 726 1354 ὢν,
755 1289 782 1341 ὃ
805 1290 886 1354 τὸ,
915 1291 1020 1344 Ἀεὶ
1047 1293 1182 1361 ἔχει,
1208 1293 1284 1349 ὡς
1308 1295 1470 1355 αὐτὸς
1494 1295 1684 1348 ἑαυτὸν
1717 1295 1971 1365 ὀνομάζει

397 1380 476 1448 τῷ
510 1382 680 1452 Μωτῇ
709 1382 1066 1452 χρηματίζων
1095 1385 1188 1436 ἐπὶ
1219 1385 1312 1438 τοῦ
1361 1386 1543 1456 ὅρους.
1594 1387 1657 1454 El
1695 1388 1752 1440 δὲ
1793 1389 1972 1442 καὶτὸ

395 1472 633 1540 Χριστος
683 1474 880 1539 εῐποις,
914 1475 995 1536 τὸ,
1033 1476 1149 1542 πρὸ
1204 1475 1310 1530 τοῦ
1341 1479 1548 1544 ἡλίου,
1595 1480 1810 1547 νοήσεις
1841 1461 1973 1534 ’ἀντὶ

393 1564 510 1632 τοῦ,
543 1565 716 1637 ’Υπὲρ
736 1566 826 1620 τὸν
854 1567 1025 1634 ἥλιον,
1061 1567 1247 1620 πλεῖον
1279 1571 1373 1622 τοῦ
1404 1570 1579 1640 ἡλίου.
1617 1571 1681 1623 '0
1715 1573 1816 1641 μὲν
1859 1571 1970 1641 γὰρ

390 1657 545 1728 ἥλιος
577 1659 636 1711 ὲν
664 1661 728 1729 τῇ
766 1659 1048 1730 συντελείᾳ
1084 1659 1293 1724 πίπτει,
1331 1662 1426 1715 καὶ
1455 1662 1526 1716 τὰ
1552 1662 1716 1716 λοιπὰ
1746 1664 1964 1735 ἄστρα]

395 1750 456 1802 τὸ
480 1749 536 1803 δὲ
562 1750 804 1804 τοιοῦτον
851 1751 1022 1822 ὄνομα
1053 1751 1392 1806 ἀδιάπτωτον
1429 1755 1583 1824 μένει
1636 1759 1788 1828 παρὰ
1832 1760 1967 1816 πᾶσι

392 1843 810 1914 γνωριζόμενον,

471 2113 575 2164 Kal
617 2115 1129 2184 εὐλογηθήσονται
1153 2121 1225 2172 ἐν
1263 2119 1424 2185 αὐτῷ
1461 2119 1654 2177 πᾶσαι
1685 2123 1746 2174 al
1779 2117 1968 2189 φυλαὶ

395 2202 509 2271 τῆς
533 2205 666 2274 γῆς.
691 2207 764 2260 Τδ
791 2207 892 2278 μὲν
913 2210 1469 2280 Εὐλογηθήσονται,
1499 2215 1622 2268 ἀντὶ
1657 2211 1750 2267 τοῦ
1805 2213 1968 2282 ἁγια-

401 2296 716 2366 σθήσονται,
763 2301 1251 2373 χαριτωθήσονται.
1303 2304 1392 2356 Ἐν
1422 2304 1497 2373 τῷ
1541 2305 1824 2358 καλεῖσθαι
1857 2307 1964 2376 γὰρ

391 2388 735 2457 Χριστιανοὶ,
773 2391 1132 2463 δοξαζόμεθα.
1165 2393 1339 2446 Τοῦτο
1371 2395 1427 2447 δὲ
1458 2396 1552 2448 καὶ
1591 2397 1669 2464 τῷ
1711 2395 1965 2468 Ἀδραὰμ

389 2483 418 2534 ὁ
445 2481 581 2545 θεὸς
618 2485 747 2553 περὶ
796 2486 1114 2554 σπέρματος
1142 2486 1310 2540 αὐτοῦ
1358 2487 1748 2556 ἐπηγγείλατο,
1783 2489 1810 2541 ὃ
1842 2485 1910 2560 ἦν
1933 2488 1964 2542 ὁ

391 2574 650 2644 Χριστός.
684 2576 859 2638 Φυλὰς
891 2576 1067 2639 δὲτὰς
1102 2578 1302 2644 γενεὰς
1325 2578 1601 2634 ἐκάλεσεν.

466 2666 667 2721 Πάντα
711 2667 782 2721 τὰ
822 2668 970 2724 ἔθνη
1001 2669 1407 2740 μακαριοῦσιν
1447 2672 1655 2726 αὐτόν.
1695 2672 1963 2742 Εὗφημή-

395 2775 604 2812 σουσιν.

457 2849 802 2919 Εὐλογητὸς
859 2850 1075 2919 Κύριος
1113 2853 1147 2904 ό
1187 2852 1334 2917 Θεὸς
1393 2851 1653 2920 Ἰσραὴλ.
1694 2855 1726 2908 ὀ
1773 2852 1963 2906 ποιῶν

2080 379 2406 450 intelligere,
2440 383 2661 436 tametsi
2696 383 2942 436 nonnulli
2997 384 3170 451 ipsam
3217 383 3637 454 intelligantle-

2079 472 2425 552 rusalem,ex
2469 488 2573 542 qua
2605 473 2775 527 Judaei
2814 473 3120 527 floruerunt
3155 491 3169 527 :
3203 475 3320 544 qui,
3359 482 3640 529 crescente

2077 562 2424 631 postmodum
2460 563 2734 633 Evangelii
2793 565 3198 634 praedicatione,
3246 564 3419 619 instar
3457 565 3642 620 herbas

2075 658 2361 712 celerrime
2381 658 2677 726 perierunt.

2150 749 2311 808 Vsus.
2352 750 2439 804 17.
2478 749 2592 803 Erit
2619 767 2800 804 nomen
2824 751 2936 818 ejus
2977 748 3302 805 benedictum
3331 750 3381 802 in
3416 749 3636 803 alecula.

2075 839 2191 896 lloc
2232 857 2329 911 per
2380 857 2440 898 se
2477 841 2828 898 manifestum
2891 851 2999 898 est.
3055 841 3396 896 Laudabitur
3455 847 3636 894 autem

2075 933 2275 1002 ubique
2339 943 2393 989 et
2429 945 2746 1004 perpetuen
2795 933 3066 988 ﬁdelibus.
3116 934 3216 987 Per
3274 945 3471 985 nomen
3523 944 3627 982 au-

2071 1033 2180 1080 tem
2231 1027 2373 1096 ejus,
2433 1042 2631 1081 no'uen
2686 1027 2889 1082 Christi
2943 1025 3218 1095 intelligit,
3269 1032 3366 1078 aut
3432 1035 3630 1076 nomen

2071 1119 2222 1174 Jcsu.

2142 1211 2276 1263 Ante
2298 1198 2461 1264 solem
2497 1220 2767 1278 permanet
2806 1227 2991 1264 nomen
3030 1210 3170 1279 ejus.
3214 1207 3349 1264 illud
3381 1207 3504 1262 dico
3535 1220 3638 1259 no.

2072 1315 2195 1356 men
2258 1302 2351 1357 Dei
2408 1313 2692 1371 permanet
2751 1313 2878 1357 ante
2925 1303 3118 1367 solem,
3179 1317 3289 1372 quo
3342 1301 3458 1371 ipse
3489 1300 3635 1354 sein

2073 1401 2263 1447 monte
2314 1394 2635 1463 appellavit,
2673 1392 2842 1464 Moysi
2903 1394 3136 1462 loquens
3196 1391 3454 1461 (quando
3508 1390 3638 1443 ait:

2071 1483 2184 1554 Ego
2209 1499 2350 1548 sum,
2395 1485 2485 1553 qui
2516 1500 2634 1538 sum
2668 1485 2718 1549 ";
2757 1484 2886 1538 item
2935 1483 3039 1549 Qui
3072 1490 3170 1545 est,
3232 1482 3395 1535 mittit
3449 1496 3530 1534 me
3559 1481 3636 1547 ⁸).

2072 1570 2228 1637 Quod
2283 1573 2326 1624 si
2387 1573 2455 1626 de
2503 1572 2708 1628 Christi
2773 1573 2997 1627 nomine
3037 1572 3144 1625 hoc
3189 1570 3397 1625 dictum
3457 1576 3638 1637 putes,

2075 1675 2197 1718 ante
2227 1665 2387 1718 solem
2431 1680 2665 1734 expone,
2697 1679 2798 1734 pro
2825 1679 2987 1734 supra
3023 1664 3214 1725 solem,
3251 1663 3354 1716 hoc
3384 1669 3488 1721 est,
3519 1675 3637 1714 am-

2069 1759 2215 1829 plius
2243 1773 2405 1824 quam
2433 1757 2535 1810 sol.
2571 1754 2707 1808 Nam
2741 1755 2795 1808 in
2832 1754 3309 1808 consummatione
3336 1751 3521 1806 saeculi
3552 1752 3633 1804 sol

2068 1851 2252 1915 cadet,
2287 1858 2342 1904 et
2371 1859 2569 1902 caetera
2603 1857 2776 1902 astra.
2815 1846 2930 1901 Hoc
2983 1853 3166 1898 autem
3196 1843 3405 1898 Christi
3435 1857 3632 1895 nomen

2069 1957 2287 2011 semper
2310 1941 2550 2034 firmum,
2569 1947 2733 2009 atque
2755 1938 3030 2006 integrum
3061 1943 3115 1991 et
3144 1935 3405 1992 omnibus
3436 1943 3628 1989 notum

2068 2033 2434 2106 permanebit.

2144 2125 2207 2177 Et
2227 2125 2586 2178 benedicentur
2611 2123 2664 2175 in
2679 2137 2738 2176 eo
2751 2135 2928 2174 omnes
2951 2118 3116 2172 tribus
3134 2125 3309 2171 terra.
3336 2139 3401 2154 —
3414 2112 3637 2168 Benedi-

2067 2228 2250 2273 centur
2276 2257 2290 2281 ,
2325 2218 2432 2272 hoc
2462 2225 2568 2278 est,
2601 2213 3112 2275 sanctiﬁcabuntur,
3148 2207 3233 2264 vel
3265 2206 3470 2278 gratias
3497 2218 3634 2258 con-

2067 2319 2382 2383 sequentur.
2428 2309 2815 2366 Glorilica'nur
2861 2305 3062 2360 etenint
3089 2343 3104 2367 ,
3160 2302 3291 2356 dum
3333 2294 3632 2352 Christiani

2064 2405 2320 2460 dicimur.
2364 2403 2430 2458 Et
2457 2403 2562 2456 hoc
2591 2409 2694 2464 est,
2728 2397 2871 2469 quod
2908 2397 3049 2452 Deus
3092 2393 3325 2448 Abrahae
3352 2387 3631 2459 pollicitus

2062 2503 2165 2562 est,
2202 2509 2301 2564 pro
2332 2493 2453 2562 ejus
2486 2491 2714 2555 semine,
2751 2488 2898 2560 quod
2923 2495 3007 2543 est
3033 2527 3048 2552 ,
3089 2484 3366 2540 Christus.
3398 2478 3504 2533 Per
3531 2477 3630 2531 tri-

2002 2624 2008 2630 -
2062 2586 2167 2642 bus
2195 2592 2372 2638 autem
2397 2592 2580 2647 terrae,
2601 2581 2782 2636 varias
2815 2578 3056 2650 gentium
3076 2575 3328 2630 nationes
3358 2567 3632 2638 intelligit.

2134 2677 2326 2730 Umnes
2361 2682 2533 2744 gentes
2570 2669 2945 2739 beatiﬁcabunt
2976 2681 3117 2720 eum.
3150 2661 3260 2718 lloc
3289 2669 3402 2726 est,
3435 2657 3633 2711 lauda-

2119 2783 2132 2818 ι
2206 2803 2220 2818 .

2063 2768 2298 2914 ὺιὲἒιιε.
2334 2855 2423 2910 l8.
2453 2853 2764 2908 Benedictus
2795 2849 3049 2904 Dominus
3085 2846 3220 2900 Deus
3279 2845 3452 2899 Israel
3481 2885 3494 2909 ,
3543 2846 3635 2914 qui

390 2939 694 3008 θαυμάσια
720 2942 928 3010 μόνος.
968 2942 1100 2996 Ἰδοὺ
1134 2941 1196 2995 τὸ
1229 2943 1610 3013 κεκρυμμένον
1654 2943 1914 3014 ἐξέφηνεν
1939 2959 1956 2976 ο

2068 2952 2195 3022 facit
2237 2945 2506 3002 mirabilia
2535 2943 2702 2996 solus.
2732 2940 2874 2994 Ecce
2908 2937 3050 3007 quod
3073 2951 3194 3005 quae
3213 2935 3430 2990 occulta
3453 2943 3634 2997 erant,

392 3030 526 3116 6)st
556 3030 718 3084 αὐτὸν
743 3032 1115 3102 ἀνακηρύξας,
1151 3035 1245 3087 καὶ
1287 3034 1423 3087 Θεὸν
1464 3035 1556 3088 τοῦ
1605 3033 1841 3106 Ἰσραὴλ,
1875 3037 1961 3088 ἵνα

393 3118 542 3189 δεξξῃ
577 3119 658 3171 ὅτι
693 3119 846 3182 οὗτός
886 3123 1002 3174 ὲστι
1041 3123 1135 3176 καὶ
1164 3122 1259 3175 τοῦ
1313 3123 1530 3194 Ἰσραὴλ
1571 3126 1600 3176 ὁ
1634 3125 1767 3188 Θεὸς
1788 3167 1803 3191 ,
1836 3131 1864 3180 ὁ
1895 3130 1965 3183 τὰ

394 3208 675 3278 θαυμάσια
718 3211 902 3263 ἐκεῖνα
929 3211 997 3264 δι’
1036 3213 1247 3265 ἐκεῖνον
1275 3217 1740 3285 τερατουργήσας.
1775 3219 1847 3270 Τὸ
1880 3219 1960 3285 δὲ,

391 3300 574 3368 μόνος
605 3341 620 3354 .
686 3299 820 3368 reb;
864 3301 1272 3375 ἀιτιδιαστολὴν
1307 3302 1518 3357 τέθεικε
1552 3303 1662 3358 τῶν
1689 3304 1963 3377 ψευδωνύ-

398 3410 510 3460 pte-2
539 3391 692 3444 Θεῶν.

469 3574 576 3626 Kal
613 3572 1026 3642 εὐλογημένον
1075 3573 1140 3627 τὸ
1183 3575 1375 3646 ὄνομα
1418 3577 1530 3646 τῆς
1563 3577 1748 3646 δόξης
1775 3579 1963 3634 αὐτοῦ

397 3669 483 3732 εις
523 3666 628 3718 τέν
684 3664 870 3718 αἰῶνα
919 3664 1025 3717 καῖ
1067 3669 1154 3731 εἰς
1209 3667 1316 3720 τὸν
1356 3665 1542 3722 αἰῶνα
1573 3670 1680 3723 τοῦ
1727 3669 1962 3738 αἰῶνος.

394 3757 532 3821 Δόξα
574 3755 666 3809 τοῦ
704 3755 969 3826 Χριστοῦ,
1011 3758 1043 3824 ἡ
1080 3756 1496 3827 ὲνανθρώπησις
1555 3761 1649 3812 καὶ
1706 3763 1774 3814 τὰ
1823 3763 1966 3815 κατὰ

394 3851 600 3919 ταύτην
631 3850 927 3919 παθήματα
956 3864 971 3878 ⁶
997 3850 1083 3903 διὰ
1112 3851 1319 3904 τούτων
1349 3852 1460 3922 γὰρ
1500 3851 1764 3922 ἐδοξάσθη
1809 3853 1964 3923 παρὰ

395 3945 507 4004 τοῖς
539 3945 772 4008 πιστοῖτ,
797 3943 877 3996 ὅτι
908 3943 1041 4006 Θεὸς
1085 3943 1160 3996 ὢν
1190 3944 1258 3997 δι’
1289 3946 1436 4014 ἡμᾶς
1450 3944 1622 4003 ταῦτα
1654 3945 1923 4000 πέπονθεν
1949 3963 1963 3978 ο

394 4034 560 4102 ινομα
587 4035 642 4086 δὲ
674 4035 896 4104 ταύτης,
952 4035 1012 4087 τὸ
1045 4036 1319 4103 Χριστὸς.
1346 4037 1375 4090 ὃ
1398 4037 1490 4090 καὶ
1511 4039 1590 4101 εἰς
1611 4038 1702 4090 τὸν
1723 4039 1967 4106 παρόντα

398 4125 572 4177 αἰῶνα
615 4125 942 4192 εὐλογεῖται,
988 4126 1174 4189 καθὼς
1211 4127 1471 4200 ἀνωτέρω
1500 4127 1835 4197 δεδήλωται,
1871 4131 1968 4184 καὶ

396 4215 578 4286 πολλῷ
616 4218 818 4287 μᾶλλον
855 4219 937 4282 εἰς
962 4220 1051 4273 τὸν
1081 4220 1366 4289 μέλλοντα,
1414 4222 1503 4274 ὅτε
1555 4221 1729 4285 οὐδεὶς
1763 4222 1915 4277 ἔσται
1938 4225 1967 4278 ὁ

2068 3037 2324 3095 revelavit
2361 3054 2375 3090 :
2405 3034 2691 3088 Dominum
2714 3032 2862 3086 illum
2889 3042 3012 3084 esse
3034 3026 3360 3096 praedicans,
3385 3033 3442 3079 et
3467 3024 3634 3078 Deum

2065 3130 2253 3195 lsrael,
2281 3138 2340 3182 ut
2369 3126 2685 3181 ostenderet
2738 3121 2884 3192 quod
2915 3109 3168 3174 Christus
3224 3117 3368 3172 idem
3416 3115 3508 3170 ille
3553 3123 3638 3169 est

2068 3222 2232 3282 Deus,
2261 3219 2353 3289 qui
2379 3218 2510 3272 olim
2535 3216 2824 3271 dicebatur
2852 3211 2995 3267 Deus
3027 3210 3218 3273 Israel,
3250 3217 3306 3263 et
3328 3208 3420 3278 qui
3467 3207 3635 3261 mira~

2064 3313 2190 3367 bilia
2225 3311 2354 3365 olim
2390 3316 2613 3379 propter
2649 3305 2801 3358 illum
2837 3310 3094 3372 operatus
3143 3308 3247 3355 est.
3296 3296 3451 3364 Quod
3504 3309 3635 3350 vero

2065 3405 2160 3466 ait,
2186 3402 2332 3457 solus
2356 3441 2372 3464 ,
2398 3400 2464 3454 ad
2499 3397 2904 3452 distinctionem
2931 3395 3161 3448 aliorum
3181 3391 3406 3446 deorum
3427 3388 3634 3444 dictum

2064 3501 2171 3558 est,
2201 3491 2292 3556 qui
2322 3488 2458 3544 falso
2491 3476 2566 3541 dii
2607 3487 2967 3555 appellantur.

2141 3580 2306 3634 Vens.
2356 3578 2442 3633 l9.
2484 3577 2552 3631 Et
2593 3575 2918 3631 benedictum
2966 3587 3149 3626 nomen
3195 3572 3377 3640 gloria:
3424 3568 3540 3637 ejus
3582 3567 3638 3619 in

2066 3671 2341 3733 ueculum,
2363 3677 2411 3722 et
2443 3669 2494 3721 in
2512 3667 2762 3722 sarculum
2790 3665 2991 3719 swculi.
3021 3663 3124 3720 Per
3141 3660 3348 3716 Christi
3377 3658 3639 3727 gloriam,

2067 3765 2188 3834 ejus
2223 3775 2514 3831 possumus
2550 3751 3342 3833 incarnationemintelligere,
3373 3758 3426 3805 et
3448 3763 3639 3802 omnes

2068 3859 2271 3928 pariter
2303 3855 2422 3922 ejus
2453 3852 2766 3932 passiones.
2793 3862 2914 3917 quae
2938 3849 3004 3902 ad
3025 3845 3272 3902 eamdem
3301 3839 3638 3896 incarnatio-

2068 3927 2192 3999 nem
2215 3927 2527 4010 pertinent,
2563 3947 2616 3994 et
2645 3947 2863 4008 propter
2889 3949 3026 4005 quas
3058 3933 3401 4004 gloriﬁcatur
3441 3945 3471 3984 a
3507 3927 3641 3983 lide-

2070 4037 2234 4100 libus,
2267 4031 2414 4104 quod
2443 4040 2589 4086 tanta
2621 4045 2685 4085 ac
2707 4038 2816 4082 tam
2850 4028 3032 4095 gravia
3062 4023 3390 4081 sustinuerit
3415 4027 3640 4092 propter

2070 4143 2193 4192 nos,
2222 4127 2314 4196 qui
2354 4124 2498 4180 Deus
2527 4130 2661 4178 erat.
2695 4118 2903 4174 Nomen
2957 4126 3137 4171 autem
3185 4114 3348 4183 hujus
3407 4111 3594 4182 gloria:
3618 4147 3637 4174 ,

2070 4220 2324 4276 Christus
2353 4225 2460 4280 est,
2487 4214 2578 4284 qui
2609 4214 2665 4268 in
2700 4209 2956 4281 presenti
3003 4207 3202 4262 smculo
3252 4203 3599 4260 benedicitur
3623 4239 3642 4265 ,

399 4284 737 4378 place-qi).th
769 4351 783 4374 ,
817 4310 966 4381 αὐτῷ
1011 4284 1197 4364 λοιπὸν
1222 4284 1439 4366 πάντων
1483 4315 1962 4385 ὑποτεταγμένων.

2071 4321 2132 4367 ut
2169 4308 2426 4379 superius
2461 4303 2882 4365 declaravimus,
2911 4309 2964 4355 et
2993 4298 3168 4354 multo
3199 4296 3371 4364 magis
3413 4291 3640 4351 benedi-

398 4398 686 4466 Δυνάμεθα
712 4399 767 4452 δὲ
795 4401 889 4452 καὶ
922 4401 1375 4470 περιφραστικῶς
1400 4403 1598 4468 εἰπεῖν,
1635 4404 1744 4470 τῆς
1779 4405 1966 4473 δόξης

396 4490 601 4552 αὐτοῦ,
641 4493 762 4553 ἀντὶ
786 4492 878 4544 τοῦ
926 4492 1116 4553 αὑτοῦ.

466 4756 572 4811 Kal
613 4756 1070 4825 πληρωθήσεται
1105 4757 1215 4822 τῆς
1267 4757 1448 4824 δόξης
1476 4758 1663 4812 αὑτοῦ
1717 4757 1883 4814 πᾶσα
1927 4762 1964 4830 ὴ

395 4849 495 4919 γῆ.
522 4849 788 4912 Γένοιτο,
823 4852 1072 4917 γένοιτο.
1099 4848 1269 4902 Τοῦτο
1297 4851 1630 4919 προφητεύει
1664 4851 1760 4920 τὴν
1781 4851 1966 4904 πίστιν

396 4943 612 4996 πάντων
642 4943 752 4995 τῶν
778 4942 968 4996 ἐθνῶν.
1000 4941 1158 4996 Οὕτω
1178 4942 1233 4995 δὲ
1261 4943 1356 4995 καὶ⁵
1381 4943 1517 5014 πρὸς
1531 4946 1770 5013 Μωῦσῆν
1799 4941 1956 4999 εἶπεν

393 5037 422 5093 ἁ
443 5035 574 5098 Θεός
596 5053 610 5068 ο
642 5033 728 5102 Ζῇ
769 5033 878 5102 γὰρ
904 5033 971 5086 τὸ
1007 5033 1194 5102 ὄνομά
1216 5052 1355 5103 μου,
1387 5035 1477 5088 ὅτι
1511 5037 1971 5105 πληρωθήσεται

401 5125 510 5193 τῆς
531 5127 718 5192 δόξης
770 5144 891 5194 μου
957 5125 1125 5179 πᾶσα
1182 5125 1222 5193 ἡ
1256 5125 1351 5195 γῆ.
1407 5125 1578 5180 Τοῦτο
1608 5128 1700 5183 καὶ
1744 5130 1968 5195 Ἡσαΐας

394 5219 619 5288 ἤκουσε,
683 5218 930 5287 βοώντων
979 5219 1091 5271 τῶν
1160 5219 1409 5289 Σεραφίμ
1437 5234 1451 5248 ⁸
1500 5220 1722 5290 Ἄγιος,
1780 5221 1966 5291 ἅγιος,

397 5306 562 5376 ἅγιος
617 5308 830 5373 Κύριος
871 5306 1111 5362 Σαϐαὼθ
1134 5327 1145 5338 θ
1184 5307 1420 5376 πλήρης
1470 5307 1638 5362 πᾶσα
1671 5309 1709 5375 ἡ
1746 5310 1822 5378 γῆ
1856 5309 1967 5378 τῆς

399 5397 584 5464 δόξης
605 5398 792 5452 αὐτοῦ
813 5415 827 5429 ο
859 5399 938 5462 δίς
969 5398 1024 5452 δὲ
1050 5399 1112 5450 τὸ
1151 5399 1406 5468 γένοιτο,
1439 5398 1620 5462 καθὼς
1648 5401 1704 5454 ἐν
1727 5401 1803 5470 τῷ
1825 5403 1967 5456 τέλει

2068 4416 2223 4457 cetur
2249 4400 2301 4453 in
2338 4398 2547 4460 luturo,
2576 4394 2800 4465 quando
2831 4391 3014 4446 nullus
3043 4389 3093 4443 ei
3128 4387 3432 4448 maledicct,
3459 4381 3639 4436 omni-

2067 4493 2172 4546 bus
2219 4487 2475 4543 nimirum
2509 4495 2638 4540 tunc
2691 4485 2740 4535 ei
2788 4479 3072 4550 subjectis.
3123 4475 3424 4531 Possumus
3477 4472 3639 4524 etiam

2069 4597 2164 4652 per
2196 4582 2314 4648 ejus
2345 4578 2598 4650 gloriam,
2630 4571 3117 4639 circumloquendo
3147 4569 3325 4638 ipsum
3352 4563 3629 4618 Christum

2071 4673 2403 4740 intelligere.

2147 4763 2217 4818 Et
2247 4761 2532 4830 replebitur
2580 4759 2750 4828 gloria
2788 4755 2901 4824 ejus
2931 4753 3096 4808 omnis
3146 4761 3310 4813 terra,
3342 4747 3493 4808 Fiat,
3519 4744 3639 4809 ﬁat.

2078 4857 2170 4912 llis
2199 4854 2380 4910 verbis
2411 4850 2656 4906 omnium
2689 4847 2928 4916 gentium
2974 4843 3108 4898 ﬁdes
3164 4839 3499 4910 praedicitur.
3558 4833 3636 4887 lta

2075 4950 2239 5004 etiam
2270 4945 2337 4999 ad
2369 4943 2606 5013 Moysem
2635 4939 2773 4993 dixit
2805 4938 2948 4993 Deus
2985 4954 3001 4990 ι
3037 4933 3173 4989 Vivit
3201 4949 3386 4986 nomen
3421 4945 3587 4983 nicum
3624 4966 3640 4990 ,

2076 5037 2324 5110 quoniam
2362 5031 2661 5097 implebilur
2691 5028 2862 5097 gloria
2890 5042 3004 5080 mea
3031 5024 3198 5079 omnis
3253 5031 3394 5076 terra
3421 5021 3464 5072 ’.
3526 5016 3635 5069 Hoc

2077 5105 2130 5186 et
2156 5127 2325 5184 Isaias
2367 5123 2633 5195 propheta
2651 5119 2876 5181 audivit,
2912 5114 3278 5171 clamantibus
3311 5105 3638 5195 Seraphiin:

2074 5221 2328 5283 Sanctus,
2349 5193 2588 5277 sanctus,
2625 5221 2836 5267 sanctus
2908 5207 3188 5265 Dominus,
3223 5199 3355 5253 Deus
3383 5193 3641 5256 Sabaoth,

2073 5311 2227 5379 plena
2252 5316 2328 5362 est
2380 5305 2550 5361 omnis
2582 5312 2723 5356 terra
2765 5298 2935 5368 gloria
2984 5293 3096 5356 eius
3148 5291 3215 5344 ¹⁰.
3270 5287 3417 5341 illam
3458 5290 3637 5338 autem

2075 5372 2450 5470 repetitionem
2492 5394 2672 5455 verbi,
2706 5393 2802 5460 fiat
2831 5431 2846 5456 ,
2881 5384 3124 5454 intellige
3149 5387 3312 5452 prout
3338 5372 3639 5432 declaravi-

460 5489 676 5545 ’Exod.
730 5505 812 5554 ut,
857 5490 944 5544 ll.
1008 5488 1194 5546 'lbid.
1278 5491 1299 5522 ’
1335 5490 1500 5546 Num.
1551 5498 1664 5557 xiv,
1707 5493 1798 5545 2i.
1877 5495 1920 5525 '°

2068 5533 2074 5547 .
2126 5507 2202 5555 vr,
2258 5491 2312 5544 '5.

1747 5589 1947 5648 Variae
1972 5588 2297 5650 lectiones.

473 5684 583 5758 (66)
611 5684 692 5753 Ad
724 5685 966 5752 verbum,
1009 5684 1298 5752 Nimirum,
1333 5685 1436 5752 Qui
1463 5693 1564 5754 est,
1599 5686 1734 5756 quod
1756 5703 1938 5742 nomen
1978 5701 2179 5756 semper
2212 5681 2385 5745 habet,
2424 5688 2474 5734 ut
2498 5679 2603 5746 ipse
2633 5691 2704 5742 δι’,
2739 5681 2843 5728 CIC-
