4070 6224
429 177 538 238 735

1697 157 2077 226 ΕΠΤΗΥΜΙΙ
2123 161 2482 223 ZIGABENI

3611 151 3718 216 726

429 307 556 346 mus
593 292 645 345 in
682 291 786 346 line
816 291 1009 361 psalmi
1042 306 1128 343 ιι..
1162 287 1299 343 lllud
1343 287 1508 342 etiam
1561 285 1703 341 scire
1751 289 1967 352 oportet
1997 323 2011 347 ,

2131 283 2210 335 τοῦ
2253 277 2546 350 μ’ῲαλμοῦ
2594 278 2932 360 προείρηται.
2979 275 3098 345 Χρὴ
3149 273 3206 325 δὲ
3249 270 3608 336 γινώσκειν,
3644 271 3723 335 ὡς

432 382 579 451 quod
613 381 820 436 Hebraei
860 381 1105 435 dividunt
1141 379 1428 432 Davidicos
1462 377 1703 446 psalmos
1750 376 1803 428 iu
1839 375 2011 444 quin-

433 489 540 542 que
570 474 759 535 l'rbros,
797 472 1052 537 quodque
1110 478 1343 538 quatuor
1367 469 1575 538 primos
1611 467 1780 521 libros
1809 467 2010 520 habere

435 565 624 618 dicunt
658 565 709 615 in
748 563 850 615 fine
881 561 1057 614 ultimi
1095 561 1323 629 psalmi,
1380 557 1525 621 Fiat,
1561 561 1681 627 ﬁat.
1738 557 1802 609 Et
1854 557 2008 625 primi

436 657 654 722 quidem
686 655 806 707 libri
848 653 1007 706 finem
1035 668 1157 707 esse
1214 654 1401 705 dicunt
1457 653 1728 721 psalmum
1784 665 1883 712 XL,
1927 662 2013 700 se-

435 745 597 798 cundi
636 759 783 807 LXXI,
818 744 960 796 tertii
995 757 1258 801 Lxxxvm,
1296 741 1474 808 quarti
1502 756 1588 802 cv,
1619 737 1795 807 quinti
1831 745 2010 789 autem

439 837 560 891 libri
603 836 726 890 finis
763 836 954 889 ultimo
985 834 1260 890 clauditur
1292 832 1523 902 psalmo.

616 1012 1179 1081 Defeceruntlhymui
1249 1012 1416 1065 David
1469 1012 1571 1080 ﬁlii
1636 1007 1812 1064 Iesse.

907 1103 1158 1159 Psalmus
1217 1106 1320 1171 ipsi
1366 1104 1567 1173 Asaph.

942 1194 1266 1249 PSALMUS
1316 1194 1529 1248 LXXII.

514 1287 810 1342 Docuimus
861 1287 914 1340 in
969 1285 1246 1340 Prooemio
1281 1285 1463 1355 operis
1491 1322 1507 1348 ,
1561 1300 1752 1339 omnes
1781 1285 2019 1354 psalmos

439 1377 777 1445 compositos
808 1375 978 1432 fuisse
1008 1393 1036 1430 a
1074 1377 1233 1431 beato
1267 1377 1434 1431 David
1465 1393 1480 1441 ;
1520 1378 1796 1445 quomodo
1857 1377 2021 1446 igitur

443 1484 590 1522 nunc
611 1468 865 1538 prasenti
892 1468 1105 1535 psalmo
1153 1467 1493 1532 inscribitur,
1526 1468 1668 1538 quod
1691 1453 2022 1522 defecerint?

444 1559 581 1623 Quia
617 1559 826 1614 scilicet
855 1575 961 1612 non
991 1557 1258 1613 defecisse
1293 1559 1536 1628 psalmos
1565 1599 1580 1622 ,
1637 1558 1730 1613 scd
1786 1559 2020 1630 hymnos

446 1652 598 1704 dicit.
633 1651 910 1720 Siquidem
945 1652 1278 1720 psalmorum
1311 1653 1470 1715 alios,
1500 1652 1663 1706 veluti
1695 1651 1925 1722 hymnos
1956 1667 2019 1706 ac
2052 1632 2091 1686 Β

448 1741 638 1796 laudes
669 1742 788 1810 ipse
818 1757 914 1796 sua
966 1741 1076 1796 Deo
1121 1743 1346 1797 canebat
1404 1744 1612 1797 cithara
1641 1782 1655 1806 ,
1702 1743 1840 1798 alios
1893 1758 2019 1796 vero

447 1842 734 1886 cantorum
772 1833 1008 1888 ducibus
1039 1834 1318 1890 canendos
1350 1835 1624 1905 prazbebat
1646 1877 1660 1900 ,
1687 1835 1847 1891 sicuti
1887 1851 2024 1905 pra:-

448 1931 656 1977 sentem
685 1924 978 1993 psalmum,
1011 1933 1064 1979 et
1088 1923 1337 1980 undecim
1375 1925 1510 1980 alios
1536 1935 1848 1995 sequentes,
1885 1943 2022 1994 quos

449 2014 614 2068 unius
637 2015 790 2069 chori
819 2025 1105 2071 cantorum
1145 2017 1375 2088 principi
1421 2019 1625 2088 Asaph,
1662 2018 2022 2073 modulandos

451 2104 624 2169 dedit,
660 2108 785 2160 item
815 2107 938 2164 aliis
964 2109 1126 2170 alios,
1159 2109 1617 2178 quemadmodum
1672 2111 1870 2166 ibidem
1911 2112 2025 2180 ple-

447 2197 575 2251 nius
615 2196 872 2253 diximus.
905 2199 1082 2254 DEctio
1112 2200 1276 2270 igitur
1323 2201 1669 2271 defecerunt,
1707 2219 1813 2256 non
1867 2213 2030 2272 negat

450 2295 742 2355 sequentes
768 2289 1009 2358 psalmos
1037 2293 1370 2361 compositos
1393 2293 1564 2348 fuisse
1590 2308 1619 2347 a
1650 2294 1809 2349 beato
1834 2295 2026 2359 David,

449 2378 544 2432 scd
580 2378 648 2432 ab
673 2393 736 2432 eo
766 2388 928 2447 negat
960 2381 1131 2438 fuisse
1160 2383 1504 2439 decantatos.
1541 2385 1679 2440 Illud
1712 2394 1896 2439 autem
1935 2388 2026 2438 ad.

450 2468 738 2523 miratione
781 2469 1005 2538 dignum
1056 2479 1182 2535 est,
1228 2474 1506 2540 quomodo
1557 2474 1736 2528 sancti
1788 2474 2027 2543 Spiritus

451 2560 620 2628 gratia
659 2559 1052 2630 multiplicibus
1088 2562 1369 2617 hominum
1403 2564 1689 2622 affectibus
1715 2605 1729 2628 ,
1758 2580 1822 2619 ac
1863 2566 2030 2621 variis

453 2649 761 2704 animorum
787 2652 1226 2721 egritudinibus,
1261 2653 1582 2724 multiplicia
1615 2655 1778 2710 etiam
1800 2670 1863 2709 ac
1879 2657 2028 2710 varia

452 2753 550 2808 per
571 2741 811 2810 psalmos
839 2742 1136 2813 pharmaca
1178 2745 1484 2809 miscuerit,
1516 2746 1675 2800 sicuti
1711 2747 2030 2815 impraesen-

453 2831 652 2888 tiarum
715 2833 867 2890 facit.
909 2834 1158 2892 Pertinet
1211 2837 1356 2892 enim
1394 2837 1494 2894 hic.
1515 2839 1762 2908 psalmus
1817 2839 1884 2893 ad
1940 2854 2032 2908 pu-

453 2923 779 2991 sillanimes,
811 2935 868 2983 et
893 2928 962 2984 ad
991 2944 1087 2984 eos
1120 2930 1215 2999 qui
1246 2931 1301 2984 in
1333 2930 1905 3000 imperscrutabilibus
1933 2931 2025 2985 Dei

451 3013 673 3082 iudiciis
705 3018 861 3074 facile
890 3019 1369 3084 scandalizantur,
1398 3023 1526 3076 dum
1550 3021 1761 3076 scilicet
1793 3032 2026 3074 cernunt.

454 3106 623 3159 Deum
683 3123 972 3176 pravorum
1026 3111 1304 3167 hominum
1380 3127 1542 3180 quam
1592 3114 1858 3181 plurimos
1915 3129 2025 3168 non

457 3206 666 3252 tantum
699 3201 950 3268 tolerare,
972 3204 1063 3258 sed
1080 3205 1501 3262 scelestissimos
1525 3222 1773 3277 quosque
1798 3201 2030 3263 felicith

2121 375 2363 444 Ἑβραῖοι
2397 371 2521 432 τοὺς
2545 354 3134 436 Δαδιδικοὺςῴαλμους
3165 365 3244 425 είς
3277 362 3455 415 πέντε
3491 360 3722 431 βίϐλους.

2111 466 2492 536 διαιροῦντες,
2541 463 2695 523 τέλος
2726 462 2962 529 ἑκάστης
3014 460 3122 512 τῶν
3174 455 3483 524 τεσσάρων
3550 454 3721 522 φασὶν

2112 558 2342 608 ἕκαστον
2368 553 2602 623 ψαλμὸν,
2627 552 2777 612 τέλος
2800 549 3012 619 ἔχοντα,
3047 548 3106 600 τὸ
3139 548 3384 607 Γένοιτο,
3451 544 3675 612 γένοιτο
3701 559 3715 574 ο

2115 650 2209 700 καὶ
2262 642 2400 698 εἶναι
2451 646 2546 714 μὲν
2581 643 2733 704 τέλος
2782 640 3004 710 πρώτης
3065 639 3246 708 βίϐλου
3317 637 3425 689 τὸν
3480 642 3560 704 μ’.
3619 634 3721 702 τῆς

2114 741 2367 805 δευτέρας
2395 739 2447 791 δὲ
2476 738 2564 789 τὸν
2595 742 2695 797 οα’,
2755 735 2852 802 τῆς
2886 734 2940 786 δὲ
2995 733 3185 801 τρίτης
3218 730 3305 782 τὸν
3344 732 3474 796 σπη’,
3533 726 3637 793 τῆς
3664 725 3718 777 δὲ

2116 833 2382 900 τετάρτης
2421 830 2511 882 τὸν
2542 834 2616 898 ρε¹
2658 846 2672 860 ·
2707 827 2806 896 τῆς
2847 826 3106 895 πέμπτης
3153 821 3262 892 γὰρ
3304 823 3336 873 ὁ
3398 818 3722 876 τελευταῖος

2118 924 2290 992 πέρας
2325 923 2495 974 ἐστίν.

2131 1013 2436 1076 Ἐξέλιπον
2499 1013 2552 1063 οἱ
2616 1010 2790 1075 ῦμνοι
2851 1005 3029 1060 Δαϐἶδ
3083 1005 3187 1058 τοῦ
3235 1003 3380 1056 υίοῦ
3456 999 3715 1055 Ἰεσσαί.

2583 1103 2834 1170 Ψαλμὸς
2893 1100 2974 1164 τῷ
3015 1098 3227 1167 Ἀσάφ.

2693 1191 2988 1247 ΨΑΛΜΟΣ
3009 1188 3128 1244 013'.

2192 1289 2302 1342 Καὶ
2338 1287 2441 1358 μὴν
2474 1287 2568 1340 τοῦ
2600 1286 2764 1341 Δαόὶδ
2800 1282 2941 1339 εἶναι
2969 1284 3174 1344 πάντας
3205 1283 3335 1343 τοὺς
3372 1278 3640 1348 ψαλμοὺς
3666 1279 3718 1331 ἐν

2125 1381 2200 1452 τῷ
2263 1379 2535 1450 προοιμίῳ
2567 1381 2665 1448 τῆς
2711 1378 2895 1448 βίϐλου
2935 1375 3115 1431 αὐτῶν
3151 1373 3540 1440 ἀπεδείξαμεν
3563 1389 3576 1402 ·
3608 1371 3718 1431 πῶς

2122 1470 2215 1528 οὖν
2243 1473 2538 1538 ὲξέλιπονς
2580 1471 2723 1524 ὥστε
2781 1471 2884 1539 οὐχ
2932 1471 2979 1522 oi
3023 1468 3228 1537 ψαλμοὶ
3256 1465 3549 1531 ἐξέλιπον,
3608 1461 3720 1515 ἀλλ’

2124 1566 2171 1617 oi
2223 1562 2403 1632 ὕμνοι.
2455 1562 2577 1614 Τῶν
2631 1561 2742 1632 γὰρ
2790 1560 3024 1630 ψαλμῶν
3071 1553 3146 1612 ὧν
3213 1559 3397 1609 ὲποιει
3440 1556 3571 1615 τοὺς
3626 1554 3718 1622 μὲν

2123 1655 2284 1717 αὐτὸς
2329 1653 2565 1722 ὑμνῴδει
2614 1651 2692 1720 τῷ
2739 1650 2860 1718 Θεῷ
2909 1649 2998 1702 διὰ
3045 1648 3143 1716 τῆς
3189 1645 3400 1700 ἑαυτοῦ
3440 1643 3715 1709 κιϐἀραςο

2121 1749 2246 1811 τοὺς
2279 1749 2335 1801 δὲ
2405 1749 2515 1810 τοῖς
2544 1746 2844 1815 χοράρχαις
2885 1743 3055 1794 ἐδίδου
3092 1740 3362 1810 μελῳδεῖν
3391 1779 3408 1800 ,
3465 1737 3714 1802 καθάπερ

2122 1843 2295 1893 τόντε
2326 1841 2705 1912 προκείμενον,
2773 1837 2867 1890 καὶ
2927 1837 3054 1898 τοὺς
3119 1832 3326 1902 ἐφεξῆς
3388 1831 3586 1884 ἕνδεκα
3644 1829 3712 1893 τῷ

2137 1933 2331 2000 ’Λσὰφ,
2385 1931 2482 1984 καὶ
2527 1930 2722 1992 ἄλλους
2790 1928 2994 1990 ἄλλοις,
3061 1927 3135 1988 ὡς
3186 1927 3244 1976 ὲν
3291 1924 3374 1995 τῷ
3426 1921 3714 1992 δηλωθέντι

2127 2026 2423 2096 προοιμίῳ,
2450 2023 2809 2092 παραδέδοται
2839 2039 2850 2051 ⁸
2886 2021 2946 2073 τὸ
2993 2019 3123 2088 γοῦν
3167 2019 3524 2080 Ἐξέλιπον
3554 2013 3711 2082 δηλοῖ,

2125 2121 2206 2172 ὅτι
2238 2120 2287 2170 οἱ
2331 2118 2457 2186 ἑξῆς
2515 2115 2692 2168 λοιποὶ
2730 2113 2940 2184 ψαλμοὶ
2983 2112 3082 2180 οὐχ
3133 2110 3551 2179 ὑμνῳδήοησαν
3575 2103 3712 2169 παρὰ

2126 2208 2219 2263 τοῦ
2265 2207 2448 2269 Δαϐὶδ,
2497 2207 2543 2259 εί
2576 2206 2670 2259 καὶ
2708 2207 2840 2274 παρ’
2891 2203 3058 2269 αὐτοῦ
3088 2201 3462 2270 ἐποιήθησαν.
3498 2198 3616 2265 Χρὴ
3665 2193 3714 2244 δὲ

2130 2297 2434 2366 Θαυμάζειν
2487 2297 2635 2358 ὅπως
2679 2297 2711 2365 ἡ
2749 2295 2869 2348 θεία
2903 2295 3064 2364 χάρις
3102 2291 3194 2345 τοῦ
3227 2291 3568 2359 Πνεῦματος
3613 2286 3719 2344 τοῖς·

2128 2389 2406 2458 διαφόροις
2440 2387 2642 2440 πάθεσι
2702 2387 2810 2440 τῶν
2860 2385 3218 2452 ἀνθρωπίνων
3269 2379 3566 2450 λογισμῶν
3609 2378 3714 2429 διὰ·

2131 2496 2272 2549 φορα
2308 2478 2576 2548 φάρμακα
2617 2477 2703 2530 διὰ
2741 2476 2849 2530 τῶν
2898 2475 3129 2545 ψαλμῶν
3202 2473 3494 2543 ἐδήλωσε,
3558 2466 3710 2522 καθά-

2129 2588 2236 2642 περ
2281 2572 2372 2623 καὶ
2430 2569 2522 2623 νῦν
2591 2570 2684 2622 ἐπὶ
2729 2568 2837 2623 τοῦ·
2882 2569 3147 2637 παρόντος
3180 2583 3196 2607 -°
3244 2567 3402 2636 πρὸς
3443 2564 3551 2635 γὰρ
3598 2559 3712 2618 τοὺς

2134 2660 2508 2734 μικροψύχους
2542 2661 2634 2714 καὶ
2664 2660 3182 2729 σκανδαλιζομένους
3217 2658 3324 2710 ἐπὶ
3361 2659 3476 2719 τοῖς
3541 2650 3704 2712 ἀνεξε·

2131 2756 2412 2827 ρευνήτοις
2441 2753 2670 2824 κρίμασι
2698 2753 2790 2805 τοῦ
2817 2751 2976 2817 Θεοῦ,
3005 2753 3152 2812 ὅπως
3173 2751 3438 2820 ἀνέχεται
3467 2747 3561 2819 μὲν
3591 2742 3709 2809 εὐην-

2135 2845 2432 2916 μεροῦντας
2467 2846 2596 2909 τοὺς
2615 2845 2904 2916 πονηροὺς,
2927 2845 3158 2915 περιορᾷ
3204 2845 3270 2898 δὲ
3306 2845 3434 2905 τοὺς
3465 2854 3692 2894 κακοπαο

2134 2935 2358 2998 θοῦντας
2396 2934 2655 3003 ἀγαθοὺς,
2685 2935 2713 2988 ὁ
2743 2935 2953 3004 enim;
2981 2935 3082 3004 ὁρᾷ
3109 2953 3120 2964 ·
3156 2937 3258 2988 καὶ
3318 2931 3708 3003 ἐσχημάτισται.

2138 3026 2233 3096 μὲν
2264 3025 2539 3096 προσώπῳ
2580 3025 2673 3078 τοῦ
2715 3027 2774 3078 ἐν
2818 3026 3098 3079 Βαὸυλῶνι
3166 3024 3520 3096 δορυαλώτου
3557 3010 3708 3079 λαοῦ,

2135 3119 2232 3172 κιὶ
2265 3119 2498 3187 μάλιστα
2519 3116 2612 3169 τοῦ
2644 3115 3058 3186 Θεοφιλεστέρου
3087 3135 3101 3148 ·
3139 3118 3263 3187 ἀρμ
3297 3120 3382 3182 ζει
3425 3116 3483 3168 δὲ
3515 3110 3663 3167 παντὶ
3683 3145 3696 3170 ν

2137 3205 2628 3276 παραμυθούμενος
2658 3205 2772 3272 (67)
2813 3209 2912 3277 τὴν
2953 3207 3186 3260 ἑκάστου
3240 3204 3622 3280 μικροψυχίαν.

458 3302 700 3358 Ροτεωρθ
731 3291 932 3356 νίνυτθν
961 3300 1151 3347 contra
1200 3303 1380 3350 autem
1434 3299 1635 3363 probos
1717 3299 1773 3352 in
1850 3296 2237 3353 afﬂictionibus
2293 3308 2348 3351 ct
2397 3297 2805 3352 calamitatibus
2854 3307 2914 3352 ut
3005 3299 3311 3370 plurimum
3399 3285 3710 3357 constitutos

457 3397 601 3449 esse,
635 3392 689 3440 et
721 3399 858 3453 pene
882 3387 1076 3458 negligi
1107 3391 1175 3443 ab
1209 3405 1296 3444 eo.
1341 3390 1661 3474 Ellerendus
1708 3400 1793 3450 est
1844 3405 2024 3450 autem
2100 3395 2191 3450 hic
2253 3396 2521 3465 psalmus,
2557 3411 2623 3451 ex
2653 3393 2932 3453 lsraelitici
2968 3399 3150 3469 populi
3182 3414 3464 3470 persona,
3507 3395 3593 3466 qui
3621 3410 3698 3446 ca-

459 3480 638 3550 ptivus
670 3480 1016 3537 detinebatur
1044 3483 1096 3538 in
1123 3483 1420 3557 Babylone,
1457 3496 1512 3543 et
1542 3503 1609 3544 ex
1650 3489 1865 3544 illorum
1885 3493 2210 3561 praesertim,
2242 3493 2334 3562 qui
2353 3494 2420 3557 in
2450 3501 2562 3548 toto
2633 3493 2726 3549 illo
2795 3495 2993 3565 popqu
3064 3496 3242 3566 magis
3312 3497 3385 3566 pii
3441 3495 3492 3549 in
3529 3494 3705 3546 Deum,

461 3587 525 3624 ac
557 3572 730 3642 magis
758 3573 999 3644 religiosi
1022 3572 1274 3632 fuerunt:
1301 3580 1515 3635 tametsi
1541 3580 1838 3652 unicuique
1854 3584 2018 3638 etiam
2061 3581 2206 3638 ﬁdeli
2237 3585 2638 3640 accommodari
2680 3586 2852 3656 possit
2886 3587 2979 3656 qui
3012 3587 3246 3656 proximi
3335 3587 3421 3644 sui
3493 3583 3693 3658 pusilla-

460 3662 762 3718 nimitatem
795 3665 1011 3721 studeat
1055 3669 1355 3725 consolari.

535 3752 698 3810 Vens.
731 3756 783 3810 1.
811 3757 982 3824 Quam
1008 3760 1170 3824 bonus
1211 3761 1348 3816 Deus
1393 3763 1497 3831 ipsi
1549 3761 1745 3819 Israel.
1814 3764 1990 3821 Dictio
2019 3805 2035 3828 .

459 3865 640 3917 quam,
671 3849 1051 3908 confirmantis
1083 3854 1190 3908 vim
1225 3855 1388 3911 habet
1428 3856 1530 3912 hoc
1563 3857 1617 3932 in
1672 3857 1812 3912 loco.
1857 3857 1998 3914 Vere
2021 3899 2036 3923 ,

464 3937 638 4008 inquit
659 3977 674 4000 ,
705 3940 884 3996 bonus
915 3951 999 3998 est
1030 3942 1172 4000 Deus
1201 3948 1399 4015 populo
1432 3946 1600 4004 Israel
1643 3967 1659 4004 :
1708 3951 1911 4020 quippe
1949 3953 2039 4021 qui

466 4045 562 4098 per
615 4031 942 4091 afﬂictione:
1000 4042 1054 4090 et
1087 4037 1425 4094 calamitates
1457 4055 1582 4095 eum
1613 4042 1796 4096 erudit
1844 4053 1894 4098 et
1947 4059 2040 4098 ca-

465 4126 633 4194 stigat
659 4165 674 4187 ,
703 4127 904 4197 quique
952 4129 1186 4185 salutem
1223 4131 1270 4186 ei
1323 4133 1621 4200 excogitat.
1659 4131 1847 4202 Neque
1884 4135 2031 4190 enim

463 4232 526 4269 ex
564 4218 691 4272 odio
720 4222 952 4292 castigat
983 4224 1218 4292 aliquem
1257 4223 1418 4287 Deus,
1444 4233 1536 4278 aut
1570 4225 1777 4295 dirigit,
1804 4226 1896 4281 sed
1927 4243 2036 4297 pra:

466 4323 651 4364 amore
679 4321 732 4366 et
765 4313 1079 4367 dilectione.

538 4399 616 4453 Iis
652 4404 740 4469 qui
764 4412 899 4456 recto
929 4414 1048 4457 sunt
1073 4403 1249 4460 corde.
1291 4405 1426 4460 Cum
1484 4407 1626 4462 Deus
1681 4408 1814 4462 adeo
1862 4410 2039 4465 bonus

466 4492 556 4552 sit,
595 4499 650 4543 ut
683 4493 992 4559 docuimus,
1035 4497 1161 4549 talis
1221 4497 1382 4550 etiam
1421 4512 1542 4550 esse
1567 4499 1847 4566 iudicatur
1880 4500 2040 4553 abiis

469 4583 560 4648 qui
597 4594 742 4637 recte
771 4586 1033 4640 sentiunt.
1067 4586 1262 4642 Cordis
1295 4589 1493 4642 ctenim
1531 4589 1892 4656 appellatione
1949 4590 2038 4643 hic

472 4688 625 4732 incus
649 4683 702 4728 et
741 4676 997 4742 cogitatio
1035 4679 1148 4748 ipsa
1189 4679 1527 4750 intelligitur.
1819 4745 1834 4753 κ

543 4763 705 4822 Vens.
735 4767 789 4823 2.
853 4768 958 4822 Mei
1001 4781 1170 4825 autem
1213 4788 1338 4840 pene
1369 4775 1492 4826 moti
1521 4781 1647 4828 sunt
1700 4773 1878 4842 pedes.
1936 4773 2039 4828 Per

471 4862 633 4934 pedes
669 4862 756 4916 hic
786 4862 1145 4932 cogitationes
1170 4865 1442 4935 intelligit,
1465 4866 1642 4921 'veluti
1684 4882 1804 4934 quae
1842 4867 2036 4921 anima:

472 4962 674 5010 nostrae
703 4953 1018 5023 religionem
1053 4955 1246 5024 pedum
1284 4957 1460 5010 instar
1513 4967 1708 5028 regunt
1766 4972 1831 5013 ac
1873 4958 2039 5013 sustic

473 5051 626 5100 nent.
664 5044 828 5111 Pene,
858 5045 1059 5116 inquit,
1095 5061 1411 5115 pervorsus,
1443 5063 1502 5101 ac
1530 5064 1668 5117 pene
1691 5048 1875 5119 lapsus
1894 5065 2038 5113 sum,

475 5148 538 5194 ut
568 5139 770 5194 nullam
801 5139 966 5194 Deum
1004 5139 1278 5195 crederem
1306 5140 1489 5192 mundi
1519 5139 1718 5195 habere
1753 5139 2045 5210 providen-

2221 3767 2320 3834 Ὧς
2349 3765 2572 3835 ἀγαθὸς
2598 3768 2632 3820 ό
2663 3765 2809 3833 Θεὸς
2843 3766 2922 3832 τῷ
2939 3766 3216 3835 Ἰσραήλ.
3253 3768 3329 3821 Τὸ
3355 3768 3453 3833 Ὦς
3483 3764 3692 3835 βεὸαιω·

2137 3856 2289 3911 τικόν
2319 3858 2487 3911 ἐστιν.
2527 3854 2760 3920 Ὄντως,
2797 3857 2983 3925 φησιν,
3025 3856 3230 3925 ἀγαθός
3263 3861 3411 3912 ἐστιν
3435 3861 3461 3911 ὁ
3487 3855 3608 3915 Geo;
3631 3849 3698 3917 τῷ

2151 3948 2371 4018 Ἰσραήλ
2391 3964 2406 3979 ’
2427 3942 2519 4002 οἷα
2535 3947 2622 4001 διὰ
2653 3947 2888 4016 Θλίψεων
2909 3949 3302 4017 παιδαγωγῶν,
3335 3951 3427 4003 καὶ
3445 3943 3699 4012 σωτηρίαν

2146 4039 2294 4110 αὖτῷ
2335 4040 2870 4112 πραγματευόμενος
2894 4057 2908 4074 ο
2943 4041 3043 4094 οὐκ
3091 4043 3155 4096 ὲκ
3189 4045 3384 4112 μίσους
3422 4042 3545 4110 γὰρ,
3591 4027 3706 4087 ἀλλθ

2145 4131 2204 4195 ὲξ
2229 4132 2451 4199 ἀγάπης
2487 4133 2543 4184 αἱ
2578 4131 2838 4193 παιδεῖαι,
2868 4131 2963 4183 καὶ
2995 4131 3131 4202 πρὸς
3160 4133 3466 4205 διόρθωσιν.

2222 4400 2345 4465 Τοῖς
2390 4401 2591 4454 εῠθὲσι
2625 4399 2700 4469 τῇ
2739 4401 2971 4469 καρδίᾳ.
3019 4404 3191 4458 Τοῦτο
3235 4406 3291 4459 δὲ
3342 4403 3415 4456 ὢν
3462 4398 3690 4470 κρίνεται

2146 4491 2297 4563 παρὰ
2324 4493 2434 4554 τοῖς
2458 4493 2594 4562 ὀρθὰ
2634 4494 3001 4560 λογιζομένοις
3021 4515 3034 4528 ο
3063 4496 3290 4567 καρδίαν
3321 4496 3426 4566 γὰρ
3473 4485 3679 4545 ἐνταῦθα

2142 4583 2234 4637 τὸν
2267 4583 2524 4654 λογισμὸν
2547 4583 2912 4652 ὑποληπτέον.

2223 4763 2402 4833 Ἕμοῦ
2433 4763 2501 4816 δὲ
2533 4767 2692 4830 παρὰ
2731 4765 2947 4833 μικρὸν
2977 4766 3398 4834 ἐσαλεύθησαν
3420 4764 3471 4817 οι
3499 4755 3658 4816 πόδες
3663 4789 3678 4805 ο

2147 4859 2320 4922 Πόδας
2361 4859 2519 4912 καλεῖ
2569 4859 2694 4922 τοὺς
2723 4861 3022 4930 λογισμοὺς
3051 4863 3178 4924 τοὺς
3212 4857 3572 4929 ὑπερείδοντας
3589 4846 3676 4911 τῆς

2145 4951 2325 5022 ᾴυχῆς
2358 4954 2458 5022 τὴν
2499 4953 2802 5008 εὐσέσειαν.
2839 4953 3078 5022 ἣνῐικροῦ,
3123 4956 3252 5025 φησὶ
3277 4992 3291 5014 ,
3329 4941 3674 5020 παρετράπηνο

2150 5047 2242 5099 καὶ
2277 5045 2558 5116 ὑπεσύρην
2614 5047 2694 5108 είς
2736 5046 2951 5099 ὄλισθον
2981 5047 3074 5099 τοῦ
3105 5048 3180 5117 μὴ
3214 5047 3304 5098 τὸν
3339 5041 3464 5094 Θεὸν
3490 5030 3672 5087 οἴεσθαι

2152 5142 2401 5210 προνοεῖν
2431 5137 2524 5190 τοῦ
2555 5138 2758 5207 κόσμου
2771 5179 2783 5194 .

479 5233 633 5287 tiam.
691 5230 882 5304 (Quod
911 5239 1090 5285 autem
1141 5230 1364 5288 Latinus
1400 5233 1665 5300 interpres
1697 5233 1868 5298 dixit,
1903 5235 2032 5286 moti
2060 5242 2198 5296 sunt,
2235 5232 2420 5286 Graeca
2455 5230 2619 5285 dictio
2650 5230 3024 5301 ὲσαλεύθησαν
3077 5232 3350 5302 aliquanto
3400 5215 3671 5290 signiﬁcat“

480 5329 586 5381 tius
608 5325 880 5396 exprimit,
911 5333 965 5382 et
999 5341 1101 5380 nos
1127 5327 1346 5396 propius
1374 5326 1555 5381 dicere
1603 5342 1896 5398 possumus
1923 5327 2300 5396 ﬂuctuarunt.)

1805 5440 2005 5502 Varize
2045 5441 2370 5503 lectiones.

556 5534 667 5601 (67)
715 5535 941 5610 Videtur
969 5538 1241 5607 interpres
1303 5538 2040 5610 legisse_«:apap.uOoo;1évcp

484 5619 582 5664 Dl'O
616 5607 1129 5676 παραμυθούμενος,
1149 5607 1468 5665 vertendum
1488 5627 1500 5662 :
1521 5607 1696 5663 Potest
1727 5607 1906 5662 autem
1933 5607 2042 5664 ent-

2151 5542 2301 5593 nibus
2336 5541 2746 5661 ([zrcommoaari,
2786 5553 2831 5596 et
2863 5543 3270 5613 uniuscujusque
3290 5521 3663 5604 pud/[animus-

2151 5622 2246 5661 tem
2281 5627 2336 5661 so
2365 5621 2504 5661 amr.

2149 5622 2246 5665 tam
2281 5621 2504 5663 solatur.
