4070 6224
344 370 453 435 ,3,
1497 364 1887 428 COMMENT.
1943 367 2022 427 1N
2070 369 2422 430 l’SALMOS.
3492 374 3612 455 738

420 484 566 555 Uap’
588 482 797 553 ὀλίγον
814 482 1068 551 ἐξεχύθη
1101 478 1530 549 τὰβιαὸἠματὰ
1551 484 1691 550 μου.
1723 481 1911 553 Διαὸή-

2095 484 2235 538 Pene
2264 486 2419 553 θιγμεὶ
2463 494 2585 539 sunt
2613 502 2827 556 gressus
2874 488 2999 541 mei.
3028 487 3132 545 Per
3173 507 3390 560 gressus
3415 494 3587 551 simili

353 595 502 649 ματα
532 575 652 638 νῦν,
697 581 765 628 τὰ
799 575 1157 643 διανοήματα.
1215 570 1505 641 Ἔξεχύθη
1544 571 1633 632 δὲ,
1680 571 1803 625 ἀντὶ
1832 572 1911 624 τοί

2029 578 2193 631 modo
2225 578 2589 646 cogitationes
2615 580 2896 652 intelligit,
2926 595 3024 636 seu
3052 582 3340 652 opiniones
3365 595 3422 642 et
3467 603 3598 644 scn-

346 665 632 740 ἐχαυνώθη
653 683 666 696 ·
698 664 892 734 χαῦνον
925 664 1032 734 γὰρ
1086 662 1148 715 τὸ
1197 663 1471 732 χεόμενον.
1513 658 1646 715 Εἶτα
1677 665 1904 733 ἐπιφέρε

2028 669 2225 724 tentias
2248 671 2438 726 animi.
2478 669 2654 740 Effusi
2680 684 2863 726 autem
2900 682 3046 737 sunt,
3081 690 3185 744 pro
3240 693 3586 735 evanuerunt.

352 761 450 816 καὶ
490 761 590 827 τὴν
641 758 844 819 αἰτίαν,
886 755 956 809 δι’
979 756 1045 826 ἣν
1085 754 1401 808 ἐκινδύνευε
1455 753 1780 824 σαλευθῆναι
1832 756 1911 808 ad

2027 759 2322 813 Evanescit
2381 760 2554 826 enim,
2584 761 2731 832 quod
2765 763 3085 819 eﬂ‘unditur.
3123 765 3330 823 Deinde
3365 783 3591 826 causam

350 850 671 922 ἐκχυθῆναι.

421 1120 550 1173 Ὅτι
581 1117 852 1187 ἐζήλωσα
876 1118 975 1171 ἐπὶ
1012 1119 1137 1184 τοῖς
1168 1118 1415 1188 ἀνόμοις
1458 1118 1710 1186 εἰρήνην
1733 1120 1919 1188 ἁμαρ-

348 1206 555 1265 τωλῶν
606 1209 860 1277 θεωρῶν.
906 1210 1076 1280 Ζῆλον
1105 1209 1323 1278 λέγουσι
1349 1209 1441 1263 τὸν
1480 1209 1703 1279 εὔλογον
1746 1211 1919 1280 θυμὸν

351 1304 490 1354 κατὰ
526 1301 853 1372 πράγματος
897 1301 1215 1370 ἀνευλόγου.
1258 1302 1405 1365 Ὅτι,
1457 1303 1644 1371 φησὶν,
1685 1302 1776 1354 ἐπὶ
1805 1304 1919 1364 τοῖς

348 1397 574 1466 ἀνόμοις
596 1395 814 1466 ἐχθροῖς
836 1395 1128 1465 ὲθυμώθην
1140 1394 1387 1459 δικαίως,
1417 1392 1493 1456 ὡς
1512 1391 1916 1462 ὑπελάμϐανον,

342 1483 434 1539 οἷα
459 1487 844 1558 εἰρηνεύοντας
889 1487 1086 1549 αὐτοὺς
1121 1485 1364 1555 θεωρῶν,
1409 1485 1614 1549 show,
1652 1484 1730 1555 μὴ
1756 1484 1919 1537 πολε-

343 1579 658 1647 μουμένους
702 1578 806 1631 ὑπὸ
839 1578 1213 1648 δυνατωτέρου
1258 1575 1444 1639 ἔθνους
1480 1616 1495 1642 ,
1555 1576 1690 1630 ἀλλά
1732 1576 1918 1639 ἀδείας

346 1666 757 1733 ἀπολαύοντας,
777 1667 959 1721 καίτοι
988 1665 1352 1737 ἁμαρτωλοὺς
1379 1665 1562 1729 ὄντας.

2021 850 2187 902 etiam
2210 848 2381 903 infert
2404 851 2474 906 ob
2503 867 2665 921 quam
2705 854 2756 906 in
2787 854 3100 923 ltujusmodi
3136 857 3298 911 fuerit
3330 860 3595 928 periculo,

2028 950 2090 994 ut
2144 940 2475 997 ﬂuctuarent
2529 943 2650 1014 ejus
2696 945 2883 1015 pedes,
2912 956 2967 1001 et
3005 947 3424 1005 eﬂ'underentur
3473 952 3595 1014 ejus

2028 1045 2277 1100 gressus.

2101 1120 2266 1180 Vens.
2305 1125 2359 1179 5.
2390 1125 2655 1189 Quoniam
2690 1126 2859 1181 zelaui
2903 1137 3115 1195 propter
3145 1129 3379 1196 iniquos,
3412 1148 3596 1200 pacem

2027 1223 2365 1282 peccatorum
2387 1218 2586 1271 videns.
2620 1216 2725 1273 Per
2752 1218 2954 1286 zelum,
2987 1219 3123 1272 iram
3158 1221 3306 1275 illam
3337 1238 3482 1291 saepe
3510 1225 3592 1277 in—

2029 1302 2351 1373 telligimus,
2387 1321 2509 1375 quae
2555 1321 2586 1359 ιι
2638 1316 2795 1362 recta
2827 1309 3046 1363 ratione
3077 1309 3347 1366 adversus
3385 1314 3593 1383 aliquid

2026 1394 2484 1450 irrationabiliter
2514 1396 2718 1452 factum
2772 1398 3159 1467 proficiscitur.
3192 1401 3487 1471 Quoniam,
3508 1405 3595 1458 in.

2023 1489 2167 1556 quit,
2194 1485 2467 1543 adversus
2487 1488 2708 1558 iniquos
2745 1488 2931 1545 hostes
2959 1492 3182 1549 nostros
3217 1494 3390 1551 iratus
3410 1511 3532 1551 sum
3575 1512 3590 1549 :

2024 1559 2242 1630 et'mea
2296 1576 2516 1647 quidem
2569 1580 2844 1634 sententia
2898 1596 3011 1636 non
3059 1591 3287 1647 temere,
3317 1600 3385 1641 eo
3443 1589 3592 1655 quod

2025 1682 2217 1738 pacem
2246 1683 2341 1725 eos
2368 1683 2532 1739 agere
2565 1670 2839 1736 videbam,
2871 1684 2927 1728 et
2950 1688 2979 1726 a
3012 1676 3421 1744 potentioribus
3452 1694 3594 1733 nun-

341 1774 509 1828 quam
544 1761 755 1825 vexari,
785 1767 839 1814 et
863 1760 993 1829 quia
1026 1768 1086 1814 ut
1105 1760 1288 1813 sec‘uri
1316 1773 1382 1813 ac
1413 1757 1519 1812 tuti
1555 1757 1721 1812 multa
1745 1757 2073 1813 fruebantur
2107 1761 2315 1830 quiete,
2385 1761 2604 1816 tametsi
2689 1764 2937 1818 omnium
3026 1765 3313 1820 hominum
3404 1778 3595 1824 essent

322 1851 700 1919 .prrditissimi
712 1891 726 1906 .

359 1985 363 1988 .
405 1947 547 1997 ’Ὅτι
582 1946 693 1998 οὐκ
721 1943 854 1997 ἐστι
884 1941 1217 2009 ἀνάνευσις
1246 1940 1413 2008 ἐντῷ
1434 1941 1667 2010 θανάτῳ
1694 1943 1911 1998 αὐτῶν.

2095 1937 2262 1994 Vsus.
2302 1939 2358 1993 4.
2402 1939 2666 2006 Quoniam
2728 1958 2832 1996 non
2888 1952 2966 1997 est
3018 1946 3249 2004 renuitio
3306 1948 3363 2001 in
3421 1959 3594 2003 morte

345 2038 455 2091 Καὶ
488 2038 569 2090 ὅτι
598 2037 698 2089 οὐκ
726 2035 875 2089 ἐστιν
902 2034 1276 2104 ἀπαγόρευσις
1298 2036 1357 2088 ὲν
1378 2035 1454 2105 τῷ
1481 2033 1695 2101 Θανάτῳ
1716 2036 1916 2101 αὐτῶν,

350 2127 530 2179 εῖτουν
560 2125 835 2188 ἁπευκτὸς
862 2127 891 2178 ὁ
922 2124 1154 2188 θάνατος
1181 2124 1387 2189 αὐτῶν,
1421 2124 1518 2178 ἁτε
1558 2126 1699 2178 κατὰ
1732 2124 1915 2193 φύσιν,

347 2219 443 2272 ὒαὶ
470 2218 545 2288 μὴ
583 2217 774 2288 βιαίως
799 2216 1197 2288 ἀπερχόμενος.

418 2401 527 2454 Καὶ
586 2400 888 2470 στερέωμα
942 2400 1013 2453 ἐν
1072 2398 1145 2467 τῇ
1204 2397 1453 2469 μάστιγι
1506 2399 1726 2454 αὐτῶν.
1777 2400 1915 2454 Οὐδὲ

343 2493 583 2562 ἐπιμονὴ
611 2495 670 2545 ἑν
699 2495 765 2562 τῇ
806 2491 988 2561 πληγῇ
1012 2491 1213 2544 αὐτῶν.
1257 2492 1318 2544 Εἰ
1354 2492 1462 2561 γὰρ
1491 2495 1585 2545 καὶ
1614 2494 1913 2546 κακιυθεῖέν

344 2599 498 2649 ποτε,
528 2583 668 2652 ταχὺ
699 2583 795 2652 τῆς
826 2580 1059 2650 θλίψεως
1080 2581 1538 2635 ἀπαλλάττονται.

425 2755 529 2812 Ἐν
579 2759 788 2824 κόποις
836 2758 1163 2826 ἀνθρώπων
1189 2760 1302 2813 οὐκ
1335 2759 1595 2824 εἰσὶμιαὶ
1627 2760 1778 2831 μετὰ
1805 2761 1912 2816 ἁν-

342 2849 591 2918 θρώπων
634 2852 706 2904 οὐ
732 2851 1316 2920 μαστιγωθήσονται.
1350 2853 1486 2907 Οὒδέ
1539 2856 1677 2907 εἰσιν
1726 2857 1784 2907 ὲν
1819 2857 1919 2908 κόέ

344 2958 488 3006 ποις,
524 2940 600 3004 ὡς
629 2941 680 2993 οἱ
705 2941 884 2995 λοιποὶ
915 2941 1198 3015 ἄνθρωποι
1229 2960 1242 2973 ·
1292 2945 1356 2997 τὸ
1386 2946 1496 3013 γὰρ
1521 2947 1740 3016 κοπιᾷν,
1779 2946 1911 3001 ἴδιον

341 3032 648 3104 ἀνθρώπων
687 3050 703 3065 ο
760 3028 898 3088 ἀλλὰ
981 3034 1202 3100 ἀκὸπως
1271 3036 1510 3089 κτῶνται
1568 3037 1636 3090 τὰ
1691 3036 1908 3106 ἁγαθάο

339 3125 485 3190 οὐδὲ,
519 3127 595 3189 ὡς
623 3125 745 3196 ἐμοὶ
800 3125 1105 3196 φαίνονται,
1159 3127 1233 3192 ὡς
1269 3129 1320 3180 οἱ
1383 3127 1564 3181 λοιποὶ
1626 3127 1906 3199 ἄνθρωποι

294 3224 297 3227 ’
342 3217 783 3289 κακωθήσονται.

408 3396 510 3450 Διὰ
534 3396 711 3451 τοῦτο
732 3395 1068 3465 ἐκράτησεν
1096 3397 1318 3464 αὐτοὺς
1348 3396 1387 3465 ἢ
1418 3399 1794 3469 ὑπερηφανιά
1823 3400 1909 3465 εἷς

340 3489 535 3555 τέλος.
572 3487 672 3542 Διὰ
702 3487 764 3541 τὸ
801 3489 942 3542 κατὰ
968 3487 1096 3558 ῥοῦν
1128 3490 1311 3553 αὐτοῖς
1333 3491 1594 3561 φέρεσθαι
1627 3492 1697 3544 τὰ
1728 3492 1911 3562 πράγ-

341 3597 509 3649 ματα,
587 3578 847 3649 συνέσχεν
888 3578 1084 3642 αὐτοὺς
1132 3580 1165 3648 ἡ
1214 3581 1560 3651 ὑπερηφανία
1598 3584 1677 3645 εἰς
1736 3584 1907 3647 τέλος.

414 3667 883 3737 Περιεόάλλοντο
929 3670 1170 3748 ἀδικίμν
1194 3671 1293 3724 καὶ
1336 3672 1621 3727 ἀσέϐειαν
1652 3674 1906 3742 ἑαυτοῖς.

341 3760 498 3813 Οὕτω
550 3760 607 3813 δὲ
662 3759 1181 3831 ἀλαζονευσὰμενοι,
1238 3761 1428 3814 λοιπὸν
1478 3763 1636 3833 δίκην
1691 3765 1908 3833 ἱματίου

343 3847 765 3915 περιεϐάλλοντο
780 3850 879 3919 τὴν
913 3850 1129 3902 ἀδικίαν
1154 3853 1246 3903 καὶ
1273 3852 1373 3921 τὴν
1399 3852 1656 3905 ἀσέϐειαν
1675 3853 1906 3907 ἑαυτῶν.

354 3939 637 4010 Ἐμφαίνει
666 3941 721 3993 δὲ
752 3940 1014 4013 περιϐολὴ
1042 3942 1105 3995 τὸ
1132 3943 1396 4014 κύκλωμα
1444 3946 1540 3997 καὶ
1573 3946 1671 4018 τὴν
1704 3963 1911 4000 παντα-

339 4031 497 4101 χόθεν
529 4033 756 4102 συνοχήν
780 4050 795 4064 ο
825 4031 1097 4104 πολλαχοῦ
1138 4033 1195 4087 δὲ
1226 4035 1336 4087 τῶν
1360 4035 1591 4105 ψαλμῶν
1639 4037 1716 4108 τῷ
1778 4038 1909 4091 εἴδει

340 4121 516 4191 τούτῳ
584 4123 847 4193 κέχρηται
882 4138 898 4154 ⁸
946 4124 1022 4187 ὡς
1078 4126 1134 4178 ὲν
1190 4125 1268 4196 τῷ
1294 4142 1309 4157 ’
1372 4128 1911 4196 Περιϐαλέσθωσαν

341 4215 646 4283 αἰσχύνην
674 4216 772 4269 καὶ
819 4215 1122 4285 ἑντροπήν
1148 4234 1164 4250 '
1210 4220 1309 4272 καὶ
1353 4219 1516 4272 πάλιν
1544 4238 1558 4250 ·
1619 4219 1912 4275 Ἐνδυσὼ

341 4306 591 4357 σθωσαν
629 4307 682 4357 cl
734 4304 1234 4373 ὲνδιαόἀλλοντές
1285 4323 1363 4378 με
1408 4309 1713 4379 ἐντροπὴν
1737 4328 1751 4341 ·
1808 4313 1907 4366 καὶ

341 4392 914 4456 περιδαλὶέσθωσαν
954 4395 1030 4460 ὡς
1053 4394 1329 4450 διπλοΐδα
1360 4399 1663 4467 αἰσχύνην
1689 4400 1907 4456 αὐτᾶν·

341 4485 436 4535 καὶ
466 4481 621 4545 αὖθις
653 4499 666 4513 ’
713 4483 1117 4537 Ἑνεδύσαντο
1146 4484 1506 4554 κατάρανώς
1541 4488 1792 4557 ἱμάτιον,
1814 4507 1908 4543 κα.

2022 2045 2229 2084 eorum.
2289 2030 2558 2095 Quoniam
2597 2045 2769 2095 mors,
2800 2032 3001 2102 inquit,
3038 2050 3158 2104 qua:
3207 2038 3288 2092 eis
3346 2040 3592 2104 obvenit,

2022 2121 2339 2183 abnuenda,
2393 2130 2489 2176 aut
2547 2124 2859 2192 respuenda
2920 2140 3029 2180 non
3088 2136 3194 2192 est,
3254 2130 3423 2184 veluti
3472 2146 3595 2200 quae

2019 2222 2075 2265 et
2105 2213 2408 2268 secundum
2444 2220 2707 2270 naturam
2739 2217 2999 2285 {advenit,
3034 2224 3089 2273 et
3117 2218 3267 2277 nulla
3310 2235 3437 2276 cum
3472 2223 3592 2277 vio-

2018 2300 2210 2358 lentia.

2089 2389 2158 2443 Et
2192 2391 2584 2459 ﬁrmamentum
2600 2394 2656 2448 in
2675 2394 2838 2465 plaga
2859 2412 3063 2451 eorum.
3085 2396 3193 2454 Nec
3223 2399 3358 2464 ulla,
3387 2400 3587 2471 inquit,

2016 2479 2377 2547 diuturnitas,
2412 2491 2506 2537 aut
2543 2489 2962 2555 perseverantia
2991 2490 3152 2546 estin
3184 2506 3379 2547 eorum
3403 2495 3584 2566 plaga.

2016 2571 2154 2626 Nam
2192 2576 2296 2630 etsi
2349 2577 2657 2648 aliquando
2682 2581 3002 2638 calamitate
3034 2583 3218 2655 aliqua
3247 2586 3589 2659 afﬂiguntur,

2013 2667 2199 2720 statim
2225 2677 2403 2723 tamen
2443 2670 2513 2725 ab
2547 2668 2850 2727 afﬂictione
2874 2674 3203 2734 liberantur.

2091 2755 2253 2815 Vens.
2282 2760 2335 2817 5.
2377 2760 2444 2816 In
2471 2763 2739 2822 laboribus
2772 2767 3046 2822 hominum
3076 2785 3183 2824 non
3212 2780 3357 2839 sunt,
3388 2782 3437 2828 et
3463 2790 3587 2829 cum

2014 2849 2316 2908 hominibus
2349 2872 2454 2911 non
2512 2858 2950 2930 ﬂagellabantur.
2979 2861 3169 2934 Neque
3198 2875 3351 2933 sunt,
3386 2879 3446 2921 ut
3478 2884 3587 2926 ca:-

2013 2942 2111 2993 tcri
2143 2940 2453 3011 hominum,
2494 2945 2550 3000 in
2597 2947 2902 3004 laboribus.
2940 2950 3038 3005 Est
3066 2953 3268 3007 etenim
3301 2957 3586 3026 proprium

2011 3043 2075 3084 ac
2111 3032 2387 3100 peculiare
2417 3039 2664 3092 omnium
2721 3040 3036 3108 hominum,
3084 3054 3144 3098 ut
3170 3043 3388 3101 labores
3416 3049 3589 3104 susti-

2012 3134 2176 3177 neant
2210 3142 2222 3178 :
2273 3138 2330 3180 at
2368 3127 2448 3182 illi
2478 3131 2688 3200 absque
2721 3131 2834 3187 ullo
2880 3133 3070 3189 labore
3107 3136 3395 3205 possident
3418 3141 3587 3206 bona,

2011 3222 2066 3268 et
2093 3217 2371 3271 communi
2403 3220 2649 3275 omnium
2693 3225 2970 3279 sententia
2999 3226 3135 3297 (68),
3177 3243 3243 3283 eo
3282 3229 3446 3285 modo
3473 3248 3587 3289 non

1936 3291 1979 3348 (ἶ
2014 3305 2353 3379 afﬂiguntur,
2391 3324 2501 3381 quo
2525 3312 2664 3370 alios
2696 3324 2756 3368 ut
2784 3291 3285 3392 plurimum-afﬂigi
3314 3323 3583 3380 videmus.

2082 3398 2251 3456 Vens.
2287 3401 2344 3458 6.
2384 3402 2675 3474 Propterea
2708 3409 2872 3462 tenuit
2903 3426 2994 3465 eos
3038 3414 3282 3480 superbia
3322 3431 3499 3470 eorum
3528 3417 3585 3471 in

2013 3489 2192 3558 ﬁnem.
2229 3492 2422 3548 Omnia
2448 3496 2552 3562 eis,
2590 3499 2789 3568 inquit,
2843 3503 3087 3563 secunda
3141 3505 3443 3563 obreniunt
3471 3547 3488 3574 ,
3528 3520 3586 3566 et

2013 3585 2266 3653 ampliori
2301 3586 2511 3642 idcirco
2550 3591 2809 3659 superbia
2845 3593 3187 3650 detinentur.

2083 3672 2274 3729 Induti
2312 3690 2431 3730 sunt
2503 3680 2775 3748 injustitia
2828 3692 2878 3737 et
2928 3687 3194 3753 impietate
3242 3705 3365 3744 sua.
3413 3691 3583 3757 Adeo,

2012 3763 2213 3834 inquit,
2254 3769 2473 3836 superbi
2532 3780 2663 3826 sunt
2735 3781 2789 3827 et
2842 3777 3146 3840 temerarii,
3195 3788 3255 3833 ut
3302 3781 3586 3849 impietate

2012 3864 2176 3927 atque
2204 3858 2473 3929 injustitia
2502 3879 2609 3918 non
2658 3880 2821 3920 secus
2860 3882 2923 3922 ac
2944 3879 3090 3923 veste
3113 3872 3295 3942 aliqua
3322 3876 3585 3942 operian-

2014 3953 2131 4001 tur.
2167 3946 2232 4002 Et
2263 3947 2391 4003 dum
2429 3950 2578 4005 indui
2608 3969 2705 4009 eos
2737 3955 2871 4009 dicit
2897 3958 3252 4026 impietateet
3285 3963 3580 4033 injustitia,

2010 4054 2282 4095 summam
2319 4040 2561 4114 undique
2596 4045 2918 4115 ltujusmodi
2960 4051 3221 4106 vitiorum
3260 4056 3580 4124 amplitudi-

2013 4143 2138 4185 nem
2193 4131 2412 4187 videtttr
2473 4136 2812 4206 significare.
2886 4139 3001 4194 Hac
3074 4152 3256 4197 autem
3322 4145 3581 4216 loquendi

2014 4221 2334 4290 metaphora
2382 4239 2760 4293 saepenumero
2790 4229 2919 4285 alibi
2948 4229 3277 4301 Prophetant
3313 4250 3468 4289 usum
3505 4240 3583 4291 vi-

2012 4309 2227 4374 demus,
2259 4312 2425 4367 veluti
2456 4315 2678 4383 quando
2734 4319 2811 4373 ait
2844 4336 2858 4375 :
2894 4318 3204 4376 lnduantur
3248 4325 3580 4395 confusione,

2008 4410 2055 4451 et
2086 4399 2288 4467 pudore
2339 4403 2408 4469 υς
2458 4405 2588 4459 item
2632 4423 2647 4461 :
2696 4406 3024 4477 Induantur,
3054 4414 3144 4483 qui
3171 4415 3579 4472 calumniantur

2012 4505 2113 4551 me,
2148 4493 2481 4562 confusione,
2505 4508 2554 4552 et
2586 4502 2918 4570 aperiantur,
2945 4508 3103 4576 quasi
3126 4506 3363 4578 diploide
3379 4513 3579 4578 pudore

340 4576 441 4627 ὅσα
479 4574 727 4629 τοιαῦτα.
772 4575 896 4630 Ἐπὶ
936 4576 992 4630 δὲ
1025 4576 1120 4630 τοῦ
1152 4579 1519 4650 προκειμένου
1556 4580 1720 4650 ῥητοῦ
1771 4581 1907 4634 ὐπο-

2014 4598 2112 4636 suo
2144 4584 2229 4652 ";
2272 4592 2328 4641 et
2369 4602 2566 4646 rursus
2602 4610 2615 4646 :
2649 4591 2834 4649 Induit
2861 4574 3305 4665 maledictionem,
3337 4612 3394 4655 ut
3419 4608 3577 4657 vesti-

339 4664 595 4735 δηλοῦται
655 4666 749 4720 καὶ
798 4666 859 4719 τὸ
916 4666 1323 4722 δπιδείκνυσθαι
1410 4671 1506 4723 καὶ
1565 4671 1905 4742 ὲναμερύνε-

346 4757 493 4809 σθαι.

424 4847 834 4912 Ἐξελεύσεται
864 4848 945 4912 ὡς
975 4848 1043 4901 ἐκ
1086 4849 1340 4915 στέατος
1376 4852 1415 4919 ή
1450 4850 1650 4906 ἀδικία
1687 4853 1905 4910 αὐτῶν.

345 4938 570 5008 Λιπαρὰ
604 4940 698 4993 καὶ
744 4938 988 5008 δαψιλής.
1026 4940 1277 4993 Τοιοῦτον
1305 4940 1414 5012 γὰρ
1444 4943 1501 4996 τὸ
1540 4945 1809 5016 ἀπορρέον
1844 4950 1908 5000 ὲκ

349 5028 574 5091 στέατος
594 5043 609 5057 ·
643 5029 675 5098 ῆ
707 5030 874 5096 στέαρ
910 5028 1063 5081 καλεί
1092 5032 1192 5097 τὴν
1217 5030 1515 5085 εὐπάθειαν
1549 5036 1642 5086 καὶ
1672 5040 1905 5107 τρυφὴν,

347 5117 546 5183 λέγων,
594 5119 678 5170 ὃτι
726 5117 1068 5182 ἐξελεύσεται
1116 5122 1178 5171 ἐκ
1209 5121 1443 5191 τρυφῆς,
1478 5124 1644 5192 ἤγουν
1669 5129 1777 5179 ἀπὸ
1809 5131 1908 5198 τῆς

343 5207 483 5274 ἄγαν
512 5211 746 5280 τρυφῆς,
784 5210 1151 5279 παρέλκοντος
1171 5212 1266 5265 τοῦ
1294 5214 1495 5286 ἐπιρρή
1509 5234 1698 5284 ματος.
1740 5221 1911 5275 Ἀντι-

344 5300 536 5370 χρονία
559 5301 613 5353 δὲ
646 5303 704 5353 τὸ
737 5302 1141 5367 ἐξελεύσεται,
1169 5306 1290 5358 ἀντὶ
1338 5306 1429 5359 τοῦ
1486 5308 1743 5378 ἐξῆλθενο
1767 5313 1911 5366 οὕτω

342 5392 450 5460 γὰρ
480 5390 772 5463 Σύμμαχος
801 5389 940 5446 εἷπε.
974 5395 1144 5465 Δῆλον
1173 5394 1265 5449 οὖν
1289 5398 1371 5451 ὅτι
1401 5401 1491 5451 καὶ
1529 5400 1609 5467 τδ,
1677 5405 1759 5456 Οὐ
1796 5422 1910 5472 μα-

406 5569 449 5600 ¹¹
496 5571 639 5627 I’sal.
668 5590 857 5639 xxxiv,
880 5575 969 5629 26.

2012 4686 2241 4731 mentum
2276 4679 2343 4747 ",
2375 4689 2430 4736 et
2458 4685 2564 4737 alia
2600 4687 2932 4756 liujusntodi.
2986 4689 3099 4747 Hoc
3138 4703 3320 4747 autem
3369 4697 3420 4749 in
3457 4698 3576 4753 loco

2009 4769 2192 4836 posuit
2231 4786 2330 4841 pro
2356 4783 2624 4830 ostentare
2648 4787 2697 4831 et
2734 4779 2981 4849 gloriari.

2086 4859 2255 4917 Vens.
2290 4865 2342 4921 7.
2385 4865 2704 4936 Egredietur
2736 4873 2892 4936 quasi
2912 4888 2977 4927 ea:
3002 4874 3155 4944 adipe
3188 4878 3458 4948 injustitia
3484 4900 3574 4936 eo-

2008 4967 2149 5005 rum.
2177 4956 2253 5007 Ac
2278 4957 2321 5008 si
2351 4956 2553 5011 diceret
2580 4976 2595 5013 :
2629 4962 2818 5030 Ampio
2845 4978 2893 5016 ct
2933 4964 3219 5023 abundans
3253 4972 3358 5024 erit
3382 4990 3571 5028 eorum

2010 5039 2295 5107 iniquitas.
2325 5042 2605 5113 Pinguedo
2638 5051 2859 5117 etenim,
2882 5070 3002 5123 qua:
3038 5057 3262 5125 proﬂuit
3295 5076 3360 5114 ex
3390 5063 3568 5131 adipe,

2013 5134 2226 5200 cupiam
2278 5148 2445 5205 atque
2493 5142 2884 5197 abundantiam
2934 5150 3223 5216 quamdam
3273 5151 3568 5220 significat.

2011 5220 2105 5275 Vel
2163 5238 2260 5290 per
2305 5226 2542 5295 adipem,
2615 5232 2971 5287 indolentiam
3006 5250 3069 5289 ac
3119 5237 3347 5290 delicias
3376 5253 3568 5294 eorum

2010 5316 2286 5385 intelligit,
2320 5320 2534 5381 dicens,
2574 5325 2716 5391 quod
2777 5334 2928 5380 tanta
2966 5341 3153 5381 corum
3208 5329 3468 5399 iniquitas
3502 5347 3571 5389 ex

2017 5410 2199 5464 multis
2233 5413 2484 5480 provenit
2508 5414 2743 5486 deliciis,
2771 5428 2936 5491 atque
2952 5435 3019 5476 cs
3043 5419 3214 5478 multa
3240 5424 3567 5493 petulantia.

1064 5575 1270 5632 "Psal.
1302 5593 1457 5641 cvm.
1503 5581 1573 5637 29
1668 5583 1711 5615 ’³
1760 5584 1898 5643 Ibid.
1948 5588 2032 5645 l8.

1649 5675 1840 5735 Variae
1870 5676 2201 5744 lectiones.

413 5762 520 5831 (68)
553 5761 756 5818 Graec.
782 5777 835 5816 nt
860 5769 957 5819 iniit
1016 5771 1210 5833 Ἱυέιίωξο
1247 5786 1269 5822 ι’
1294 5777 1497 5825 dentur.
