4020 6218
508 362 617 438 739

1704 382 2087 449 EUTHYMII
2126 390 2485 449 ZlGABENI

3648 382 3750 447 Ἱιίθ

510 488 576 543 Et
601 490 756 559 juxta
791 492 937 546 hunc
991 510 1214 550 sensum
1252 498 1494 556 abundat
1548 504 1738 567 dictio.
1797 508 1975 575 quasi.
2012 507 2050 559 E

2176 508 2669 576 στιγωθήσονται,
2735 511 2859 563 ἀντὶ
2918 510 3036 573 τοῦ,
3088 510 3203 562 Οῦκ
3257 505 3749 577 ὲμαστιγώθησαν,

506 583 651 650 quod
686 582 780 647 ait,
805 585 1119 652 egredietur,
1149 588 1287 643 dixit
1342 607 1441 662 pro
1499 611 1703 665 egressa
1727 606 1825 660 est,
1855 607 2071 666 tempus

2180 603 2372 669 νοῆσαι
2403 600 2703 669 δυνάμεθα.

506 689 717 745 ponens
747 690 844 743 pro
876 686 1140 746 tempore.
1172 680 1237 734 Et
1277 682 1351 736 ita
1398 685 1637 740 reddidit
1700 688 2084 743 Svmmacbus.
2132 689 2284 745 Unde
2350 700 2406 746 et
2478 693 2699 775 verbum
2759 694 3165 762 ﬂugellabuntnr
3212 704 3611 763 consequenter
3665 706 3753 744 cx-

506 782 699 837 poues,
724 782 820 835 pro
849 768 1127 837 ﬂlagellati
1152 788 1292 827 sunt.

579 886 929 940 Transierunt
982 891 1035 941 in
1082 892 1477 958 dispositionem
1532 899 1729 951 cordis.
1778 900 2078 963 Venerunt,

504 982 706 1045 inquit,
744 980 796 1033 in
851 981 1097 1034 habitum
1151 980 1456 1052 injustitize.
1524 987 1627 1043 Per
1656 989 2075 1060 dispositionem

500 1073 699 1123 etenim
729 1085 824 1123 seu
857 1085 953 1138 per
978 1071 1355 1128 habitudinem
1392 1076 1879 1148 cordisghabitum
1920 1082 2080 1137 intel-

503 1160 624 1237 ligit
651 1160 717 1211 ad
756 1158 984 1214 malum.

573 1269 736 1328 Vens.
768 1273 822 1329 8.
863 1273 1240 1343 Cogitavernnt
1266 1288 1313 1331 et
1354 1280 1515 1333 locuti
1543 1292 1666 1335 sunt
1697 1284 1750 1337 in
1784 1286 2072 1353 pravitate.

500 1362 895 1425 Praemcditati.
933 1368 1132 1437 inquit,
1166 1378 1219 1423 et
1268 1385 1391 1423 cum
1420 1374 1865 1431 consideratione
1899 1377 2071 1433 locuti

498 1468 628 1513 sunt
658 1475 847 1529 prava.
904 1461 1092 1529 Neque
1149 1462 1296 1515 enim
1335 1463 1671 1530 inconsulto,
1704 1478 1801 1523 aut
1841 1472 2067 1539 raptim,

495 1551 590 1605 sed
627 1566 846 1605 summo
882 1567 1007 1605 cum
1046 1553 1232 1607 studio
1268 1558 1454 1610 omnia
1480 1570 1734 1629 egerunt.

565 1663 902 1731 lnjustitiam
936 1666 1287 1720 in'excelsum
1331 1669 1498 1723 locuti
1530 1684 1672 1727 sunt.
1724 1672 1836 1729 Hoc
1869 1685 1949 1729 est
1978 1676 2071 1729 atl-

494 1768 686 1809 versus
720 1754 884 1808 Deum
924 1756 1283 1825 altissimum,
1329 1760 1576 1817 dicentes
1628 1764 1889 1818 nimirum
1942 1782 2066 1819 eum

497 1846 665 1900 Deum
698 1862 805 1901 non
837 1864 980 1903 esse.
1011 1851 1349 1914 lniustitiam
1389 1869 1517 1907 vero
1556 1870 1650 1910 eos
1681 1857 1894 1912 locutos
1945 1875 2070 1914 esse

490 1938 645 2001 dicit,
695 1941 825 2009 quia
883 1941 1153 2009 injustitia
1210 1958 1423 1998 summa
1479 1954 1584 2012 est,
1632 1950 1849 2017 privare
1900 1949 2066 2004 Deum

487 2032 683 2102 gloria,
723 2044 777 2087 et
813 2035 1015 2089 creatis
1056 2035 1125 2089 ab
1172 2036 1263 2090 illo
1296 2037 1463 2093 rebus
1495 2056 1614 2094 eam
1644 2052 1933 2111 praestare.
1970 2045 2068 2099 llle

2253 899 2593 966 Διήλθοσαν
2643 904 2731 967 εἰς
2787 901 3056 955 διάθεσιν
3100 901 3369 969 καρδίας.
3422 897 3630 954 Ἦλθον
3677 905 3753 963 εἰς

2180 985 2289 1051 ἕξιν
2323 987 2422 1056 τῆς
2441 988 2673 1050 ἀδικίας.
2700 988 2852 1054 "Eii;
2873 991 2981 1058 γὰρ
3021 992 3053 1058 ἡ
3099 992 3228 1059 περί
3258 1008 3313 1043 τι
3342 991 3602 1057 διάθεσις,
3639 992 3750 1061 ἦτοι

2182 1077 2369 1148 σχέσις
2397 1079 2498 1148 τῆς
2530 1081 2781 1150 καρδίας.

2248 1286 2660 1349 Διενοήθησιιν
2714 1286 2807 1339 καὶ
2870 1286 3185 1352 ἐλάλησαν
3216 1286 3287 1339 ἐν
3325 1284 3605 1353 πονηρίᾳ.
3660 1285 3750 1337 Ἕκ

2178 1378 2412 1448 μελέτης
2438 1380 2529 1431 καὶ
2556 1379 2799 1441 σκέψεως
2828 1379 3098 1447 ἐλάλησαν
3133 1381 3366 1451 πονηρὰ,
3403 1379 3499 1433 καὶ
3524 1380 3587 1433 οὐ
3612 1381 3745 1433 κατά

2178 1473 2557 1543 συναρπαγήν.

2257 1672 2513 1724 Ἀδικίαν
2541 1673 2623 1736 εἰς
2658 1670 2723 1723 τὸ
2750 1664 2906 1738 ὕψος
2936 1670 3450 1737 Mannert—Eii;
3481 1673 3543 1725 τὸ
3571 1673 3738 1740 ὕψι-ς,

2172 1762 2293 1815 ἀντὶ
2316 1762 2433 1820 τοῦ,
2480 1762 2622 1815 κατὰ
2668 1762 2760 1814 τοῦ
2795 1751 3020 1831 ὑψίστου
3050 1763 3206 1826 Θεοῦ,
3248 1764 3516 1831 λέγοντες,
3539 1767 3621 1819 ὅτι
3648 1768 3741 1818 ουκ

2172 1852 2320 1907 ἔστιν
2354 1849 2508 1915 οὗτος
2575 1855 2727 1913 Θεός.
2779 1854 2987 1907 Ἀδικία
3016 1855 3125 1923 γὰρ
3167 1854 3229 1906 τὸ
3270 1859 3595 1926 ἀποστερεῖν
3650 1859 3741 1909 αὐ-

2171 1945 2263 1998 τὸν
2284 1945 2382 2013 τῆς
2411 1945 2567 2013 δόξης
2590 1944 2776 2009 αὑτοῦ,
2816 1944 2910 1997 καὶ
2925 1943 3130 2015 ἑτέροις
3151 1948 3355 2015 ταύτην
3382 1947 3737 2014 προσάπτειν.

2183 2037 2426 2090 Ἀδικίαν
2472 2037 2528 2089 δὲ
2605 2036 2684 2093 είς
2732 2037 2792 2089 τὸ
2821 2036 2953 2106 ὕψος
2977 2037 3127 2089 λαλεῖ
3182 2038 3275 2090 καὶ
3307 2038 3415 2101 πᾶς
3447 2038 3475 2090 ὁ
3520 2039 3597 2108 τῷ
3630 2032 3739 2108 Θεῷ

488 2126 669 2173 autem
710 2120 957 2189 loquitur
990 2122 1316 2191 injustitiam
1354 2126 1405 2178 in
1438 2128 1628 2193 altum,
1674 2144 1769 2183 seu
1797 2130 1850 2183 in
1880 2131 2054 2185 excel-

2173 2128 2505 2198 προσάπτων
2533 2125 2729 2192 ἀνάξια
2763 2128 3036 2197 θεότητος.
3068 2128 3241 2197 “’Υψος
3276 2131 3386 2197 γὰρ
3440 2130 3471 2198 ἡ
3522 2129 3737 2197 Θεότης,

487 2226 632 2275 sum,
679 2212 775 2281 qui
832 2213 1037 2282 aliquid
1098 2214 1209 2269 Deo
1262 2218 1539 2283 attribuit,
1578 2220 1724 2289 quod
1778 2221 2061 2276 divinitate

487 2300 771 2370 indignum
801 2304 893 2357 sit.
927 2306 1251 2374 Appellatur
1281 2308 1444 2361 etiam
1481 2309 1744 2365 divinitas
1803 2312 2057 2377 altitudo,

484 2392 612 2461 quia
643 2394 805 2447 altius
826 2410 890 2448 ea
917 2394 1053 2448 nihil
1086 2408 1190 2456 est.
1230 2405 1322 2450 aut
1348 2399 1664 2456 sublimius.

557 2505 721 2559 Vens.
762 2508 815 2561 9.
856 2508 1159 2563 Posuerunt
1193 2514 1245 2565 in
1274 2514 1459 2566 calum
1499 2532 1555 2569 os
1587 2534 1765 2583 suum,
1793 2530 1842 2574 et
1877 2521 2060 2593 lingua

482 2612 663 2650 eorum
709 2603 1014 2663 pertransiit
1069 2605 1122 2656 in
1177 2613 1397 2661 terram.
1440 2606 1543 2662 Per
1577 2611 1775 2665 cmlum
1830 2614 2056 2683 quidem

485 2688 654 2743 Deum
684 2692 957 2762 intelligit,
990 2697 1081 2764 qui
1117 2697 1169 2749 in
1215 2700 1373 2753 caelis
1423 2702 1635 2757 habitat
1668 2722 1680 2757 :
1718 2722 1814 2775 per
1852 2716 2054 2763 terram

486 2797 637 2843 vero,
673 2784 925 2840 homines
953 2786 1004 2841 in
1044 2802 1109 2841 eo
1135 2802 1569 2856 commorantes,
1605 2812 1671 2850 ac
1704 2799 1751 2852 si
1794 2799 1999 2856 diceret
2038 2821 2051 2857 :

483 2874 558 2929 Os
589 2891 752 2930 suum
788 2876 1239 2947 blaspltemantes
1268 2885 1534 2942 adversus
1565 2890 1846 2945 caelestem
1889 2893 2055 2949 Deum

483 2977 800 3033 moverunt,
835 2978 889 3023 et
917 2971 1099 3043 lingua
1134 2989 1324 3029 eorum
1359 2977 1616 3034 similiter
1638 2981 1908 3038 adversus
1938 2994 2051 3041 ter-

480 3072 645 3113 renos
700 3060 948 3117 homines
1000 3065 1267 3119 (Iesaiviit.
1306 3069 1345 3120 li
1383 3071 1607 3136 etenim,
1639 3076 1838 3141 quibus
1872 3080 2055 3133 omnia

481 3153 721 3205 secunda
751 3164 929 3218 erant,
969 3162 1023 3207 et
1054 3157 1149 3224 qui
1188 3158 1581 3217 incumbebant
1609 3164 1845 3232 deliciis,
1887 3172 2055 3224 multa

482 3242 633 3297 ducti
667 3246 1000 3307 temeritate,
1050 3254 1105 3300 et
1138 3248 1306 3303 Deum
1337 3256 1705 3325 contumeliis,
1735 3270 1789 3315 et
1811 3262 2058 3318 homines

480 3331 780 3387 calumniis
825 3336 1266 3394 insectabantur.
1306 3340 1402 3396 Vel
1448 3356 1667 3415 pr0pter
1700 3351 2055 3421 philosophos

481 3423 661 3479 dictus
708 3432 793 3480 est
826 3426 914 3480 hic
946 3443 1150 3494 sermo,
1195 3432 1287 3500 qui
1343 3447 1647 3499 posuerunt
1679 3440 1730 3492 in
1761 3445 1959 3497 ccelum
1995 3460 2056 3500 os

478 3528 665 3579 suum,
701 3515 829 3569 dum
862 3519 980 3572 ausi
1012 3529 1140 3573 sunt
1169 3522 1236 3575 de
1280 3524 1387 3578 Deo
1433 3541 1485 3580 et
1547 3528 1613 3583 de
1654 3533 1852 3589 divinis
1890 3537 2052 3590 rebus

478 3606 875 3676 phil050phari,
898 3617 952 3663 et
980 3612 1165 3682 lingua
1191 3630 1382 3671 eorum
1409 3624 1728 3688 pertransiit
1747 3627 1800 3678 in
1827 3640 2049 3689 terram,

478 3696 605 3751 dum
643 3706 861 3753 terrena
917 3701 983 3756 de
1031 3702 1139 3759 Deo
1186 3720 1544 3777 uugarentur.
1612 3710 1711 3769 Vel
1765 3719 1956 3795 aliter,_
1993 3736 2053 3772 a-

486 3791 763 3859 etiologos
787 3795 1108 3865 carpit.‘.qni
1130 3812 1193 3853 os
1221 3816 1379 3854 suum
1413 3798 1713 3869 posuerunt
1743 3810 1795 3863 in
1828 3791 2048 3878 uelum,

479 3877 607 3932 dum
634 3881 797 3937 nimis
823 3884 1042 3939 curiose
1074 3896 1222 3941 astra
1253 3903 1317 3944 ac
1353 3892 1540 3947 stellas
1581 3900 2046 3968 contemplantur,

476 3986 596 4039 quae
630 3972 682 4024 in
709 3975 849 4027 caelo
878 3983 1009 4029 sunt
1057 3993 1073 4032 :
1119 3986 1174 4031 et
1212 3978 1395 4049 lingua
1430 3997 1620 4036 corum
1652 3991 1967 4054 pertransiit
1995 3994 2046 4045 in

475 4070 701 4127 terram,
737 4066 867 4119 dum
906 4066 1167 4124 inanibus
1210 4073 1371 4141 nugis
1408 4076 1737 4133 universum
1770 4083 2047 4152 complent

476 4156 686 4211 orbem.

548 4266 713 4325 Vsus.
751 4270 835 4337 10.
893 4272 1021 4328 Ideo
1083 4290 1418 4334 convertetur
1458 4285 1684 4353 populus
1745 4302 1890 4341 meus
1920 4290 2041 4344 huc.

472 4358 597 4414 Περ
631 4364 797 4416 verba
830 4363 981 4418 dicta
1017 4378 1150 4421 sunt
1207 4387 1302 4439 per
1332 4372 1667 4443 Prophetam
1704 4394 1767 4432 ex
1810 4395 2043 4447 persona

471 4449 590 4507 Dei.
652 4452 977 4525 Propterea,
1040 4461 1241 4530 inquit,
1303 4467 1404 4519 hoc
1442 4478 1545 4530 est,
1601 4468 1671 4522 ob
1722 4471 2041 4538 praedictam

469 4560 658 4600 eorum
714 4549 1086 4619 iniquitatem,
1122 4557 1357 4625 populus
1395 4574 1571 4624 meus,
1620 4562 1710 4616 ille
1755 4564 2041 4633 nimirum,

468 4640 562 4707 qui
601 4640 655 4692 in
709 4643 1031 4711 captivitate
1063 4651 1401 4702 constitutus
1432 4660 1540 4713 est,
1599 4665 1953 4710 convertctur
1988 4658 2041 4711 in

470 4731 703 4796 patriam
730 4749 909 4788 suam.
942 4736 1018 4789 Ita
1049 4740 1189 4791 enim
1220 4741 1492 4811 significat
1519 4744 1661 4812 quod
1708 4747 1806 4808 ait,
1832 4764 2046 4802 conver-

2170 2212 2237 2289 ἦς
2266 2219 2419 2273 οὐδὲν
2447 2219 2799 2289 ὑψηλότερον.

2243 2504 2487 2560 Ἔθεντο
2534 2504 2622 2571 εἰς
2660 2507 2921 2573 οὐρανδν
2974 2508 3039 2561 τὸ
3076 2508 3271 2576 στόμα
3314 2507 3532 2575 αὐτῶν,
3570 2510 3665 2564 καί
3702 2509 3741 2577 ἡ

2170 2596 2425 2664 γλῶσσα
2453 2595 2655 2649 αὐτῶν
2680 2596 2929 2665 διῆλθεν
2959 2598 3057 2650 ἐπὶ
3090 2598 3200 2666 τῆς
3228 2599 3362 2668 γῆς.
3395 2602 3492 2654 Διὰ
3524 2602 3622 2669 μὲν
3649 2600 3743 2653 τοῦ

2168 2687 2404 2758 οὐρανοῦ
2465 2688 2557 2740 τὸν
2648 2687 3009 2742 κατοικοῦντα
3061 2689 3153 2741 ἐπὶ
3203 2689 3295 2742 τοῦ
3337 2691 3569 2759 οὐρανοῦ
3612 2692 3745 2745 Θεὸν

2170 2781 2450 2849 σημαίνει,
2500 2781 2588 2833 διὰ
2616 2781 2671 2834 δὲ
2696 2781 2794 2848 τῆς
2824 2781 2948 2850 γῆς,
2978 2784 3103 2845 τοὺς
3124 2781 3218 2834 ἐπὶ
3233 2783 3333 2850 γῆς
3360 2785 3745 2847 κατοικοῦντας

2167 2873 2509 2944 ἀνθρώπους,
2549 2875 2831 2944 μονονουχὶ
2876 2874 3051 2942 λέγων
3082 2876 3162 2928 ὅτι
3196 2873 3454 2947 ἐκίνησαν
3485 2879 3624 2932 κατὰ
3650 2874 3743 2933 τοῦ

2168 2965 2493 3034 ἐπουρανίου
2530 2965 2667 3018 Θεοῦ
2700 2965 2760 3017 τὸ
2816 2965 2990 3035 στόμα
3039 2967 3244 3032 αὐτῶν,
3292 2968 3741 3040 βλασφημοῦντες

2167 3056 2358 3109 αὐτόν’
2398 3058 2491 3111 καὶ
2526 3060 2559 3128 ὴ
2607 3057 2827 3125 γλῶσσα
2873 3059 3053 3112 αὐτῶν
3099 3059 3324 3130 ἐκινήθη
3375 3060 3539 3114 πάλιν
3601 3063 3740 3115 κατὰ

2166 3147 2276 3200 τῶν
2296 3148 2558 3215 ἐπιγείων
2580 3147 2905 3219 ἀνθρώπων.
2930 3150 3313 3215 Εὐπαθοῦντες
3340 3153 3451 3222 γὰρ
3480 3154 3573 3205 καὶ
3603 3170 3738 3207 σπα-

2164 3240 2457 3304 ταλῶντες,
2506 3240 2729 3309 ὕϐριζον
2770 3241 2862 3294 τὸν
2898 3241 3034 3295 Θεόν
3059 3258 3072 3272 ·
3104 3245 3538 3315 κατεκωμῴδουν
3562 3244 3619 3299 δὲ
3649 3244 3741 3301 καὶ

2165 3330 2447 3384 διέϐαλλον
2495 3333 2705 3395 πάντας
2745 3334 2873 3396 τοὺς
2909 3333 3238 3405 ἀνθρώπους
3265 3352 3280 3367 ο
3329 3337 3359 3406 ἢ
3402 3338 3491 3391 διὰ
3530 3341 3659 3401 τοὺς
3688 3343 3741 3392 ὲν

2166 3423 2348 3486 αὐτοῖς
2393 3423 2719 3493 φιλοσόφους
2741 3428 2768 3478 ό
2796 3423 2953 3494 λόγος
2984 3442 2998 3456 ο
3051 3425 3133 3479 ὅτι
3169 3426 3352 3481 ἔθεντο
3390 3432 3469 3491 είς
3512 3431 3742 3500 οὐρανὸν

2160 3516 2222 3567 τὸ
2246 3516 2422 3583 στόμα
2460 3515 2665 3579 αὐτῶν,
2716 3517 3083 3587 φιλοσοφῆσαι
3129 3521 3257 3589 περὶ
3287 3520 3447 3573 θείων
3518 3524 3611 3573 καὶ
3651 3518 3739 3575 τοῦ

2163 3606 2323 3659 Θείου
2352 3606 2686 3676 βουλόμενοι.
2733 3608 2795 3661 Ἡ
2848 3610 2903 3662 δὲ
2933 3610 3155 3677 γλῶσσα
3188 3612 3369 3665 αὐτῶν
3403 3613 3621 3682 διῆλθεν
3654 3613 3744 3665 ἐπὶ

2159 3699 2256 3767 τῆς
2289 3696 2414 3766 γῆς,
2453 3697 2628 3769 γεώδη
2662 3699 2757 3753 καὶ
2782 3701 3107 3770 ἀνθρώπινα
3144 3705 3273 3773 περὶ
3313 3703 3449 3757 Θεοῦ
3494 3704 3743 3775 φλυαρήει

2161 3810 2297 3844 σασα
2327 3808 2339 3821 ·
2376 3792 2407 3860 ἢ
2450 3793 2545 3844 καὶ
2580 3791 2668 3844 διὰ
2694 3793 2822 3854 τοὺς
2875 3794 2934 3844 ἐν
2983 3794 3217 3857 ἐκείνοις
3264 3795 3633 3864 ἀστρολόγους
3686 3798 3745 3847 τὸ

2160 3887 2360 3956 ῥητόν·
2393 3888 2475 3939 ὅτι
2511 3886 2699 3938 ἔθεντο
2752 3888 2829 3953 εἰς
2879 3885 3112 3955 οὐρανὸν
3178 3886 3238 3937 τὸ
3296 3888 3471 3953 στόμα
3530 3888 3734 3948 αὐτῶν,

2163 3980 2290 4049 περὶ
2325 3979 2435 4031 τῶν
2477 3979 2534 4030 ἐν
2565 3978 2816 4048 οὐρανοῖς
2873 3977 3122 4047 ἀστέρων
3176 3981 3738 4049 μετεωρολογοῦντες,

2158 4071 2251 4123 καὶ
2279 4074 2311 4139 ἡ
2350 4072 2571 4139 γλῶσσαι
2616 4070 2799 4123 αὐτῶν
2846 4070 3066 4139 διῆλθεν
3096 4071 3189 4124 ἐπὶ
3244 4073 3343 4141 τῆς
3372 4074 3497 4140 γῆς,
3524 4076 3738 4145 ἐμπιμ·

2158 4162 2348 4217 πλῶσα
2383 4163 2564 4218 πᾶσαν
2604 4164 2703 4233 τῆς
2745 4163 3015 4233 ληρωδίας
3042 4162 3245 4219 αὐτῶν.

2232 4278 2336 4330 Διὰ
2386 4277 2563 4331 τοῦτο
2620 4277 2972 4346 ἐπιστρέψει
3019 4281 3051 4331 d
3101 4277 3251 4342 λαός
3298 4294 3415 4344 μου
3454 4278 3737 4333 ἐνταῦθα.

2162 4369 2326 4422 Τουτὶ
2358 4370 2419 4422 τὸ
2447 4371 2617 4439 ῥητὸν
2642 4370 2716 4432 ὡς
2753 4371 2862 4423 ἀπὸ
2889 4369 3184 4440 προσώπου
3239 4369 3332 4422 τοῦ
3362 4368 3497 4422 Θεοῦ
3562 4370 3735 4422 τέθει-

2155 4477 2250 4513 κεν
2299 4464 2326 4513 ό
2384 4462 2676 4532 Προφήτης
2713 4477 2726 4490 ο
2765 4463 2847 4514 ὅτι
2897 4461 2985 4515 διὰ
3036 4460 3219 4527 τοῦτο,
3275 4463 3454 4515 είτουν
3498 4463 3592 4515 διὰ
3645 4462 3740 4531 τὴν

2156 4552 2418 4623 ῥηθεῖσαν
2434 4554 2633 4607 κακίαν
2659 4553 2766 4606 τῶν
2798 4552 3014 4624 ἐχθρῶν
3041 4553 3362 4624 ἐπιστρέψει
3394 4554 3425 4606 ὁ
3452 4544 3509 4607 ἐν
3538 4556 3740 4624 αἰχμα-

2158 4645 2331 4715 λωσίᾳ
2372 4645 2497 4707 λαός
2534 4664 2634 4713 μου
2661 4648 2753 4698 ἐπὶ
2804 4647 2903 4714 τὴν
2954 4646 3147 4699 ἑαυτοῦ
3180 4646 3412 4716 πατρίδα
3460 4647 3563 4716 τὴν
3607 4647 3739 4697 Ἰου-

2151 4738 2325 4791 δαίαν.
2381 4738 2599 4806 Ταύτην
2655 4740 2764 4809 γὰρ
2801 4739 2951 4809 δηλοί
3008 4740 3066 4793 τὸ
3092 4778 3106 4802 ,
3135 4739 3392 4794 ἐνταῦθα
3422 4756 3435 4769 ·
3470 4742 3527 4792 ὲν
3566 4738 3739 4807 ταύτῃ

470 4831 609 4874 tetur
635 4825 754 4878 huc.
790 4825 866 4881 Ibi
890 4830 1037 4883 enim
1064 4844 1184 4886 erat
1213 4835 1407 4889 beatus
1426 4836 1595 4890 David
1617 4852 1741 4891 cum
1772 4842 2042 4909 psalmum

2163 4834 2265 4901 γὰρ
2291 4828 2366 4883 ὢν
2396 4832 2422 4882 ὁ
2446 4832 2634 4895 Δαὸὶδ,
2676 4831 2883 4901 ἔγραψε
2911 4831 3002 4884 τὸν
3035 4820 3272 4901 ψαλμόν.

469 4910 611 4964 hunc
645 4927 996 4984 componeret
1026 4935 1042 4973 :
1079 4922 1131 4973 in
1163 4921 1470 4977 Jerusalem
1509 4927 1746 4981 scilicet.

546 5022 613 5077 Et
655 5027 766 5082 dies
819 5030 962 5097 pleni
998 5034 1330 5089 invenientur
1376 5040 1429 5091 in
1472 5041 1569 5093 eis.
1603 5040 1778 5107 Pleni,
1812 5043 1913 5099 hoc
1941 5054 2047 5108 est,

470 5114 701 5187 impleti,
758 5122 821 5175 atl
878 5126 1000 5179 vita:
1050 5126 1305 5181 nimirum
1362 5147 1676 5186 mensuram
1715 5174 1727 5198 ,
1786 5137 1868 5190 vel
1909 5138 2048 5206 pleni

469 5210 729 5276 Operibus
761 5215 1046 5269 virtutum.
1091 5215 1154 5269 Et
1196 5233 1395 5274 sensus
1431 5232 1537 5287 est,
1574 5230 1719 5291 quod
1781 5242 2048 5284 consene-

2221 5035 2327 5087 Καὶ
2388 5033 2597 5102 ἡμέραι
2643 5035 2895 5103 πλήρεις
2927 5035 3363 5103 εὑρεθήσονται
3406 5038 3476 5089 ἐν
3504 5030 3715 5094 αὐτοῖς

2155 5126 2599 5196 Πεπληρωμέναι
2645 5128 2769 5178 ὅσον
2810 5131 2888 5190 είς
2929 5132 3126 5197 μέτρον
3166 5128 3333 5198 ζωῆς,
3400 5129 3431 5200 ἢ
3482 5128 3609 5179 ὅσον
3645 5126 3722 5184 είς

2154 5220 2379 5290 ἀρετήν.
2412 5220 2575 5285 Λέγει
2589 5218 2644 5270 δὲ
2671 5220 2752 5271 ὅτι
2771 5221 3171 5289 γηράσουσιν,ἣ
3198 5221 3278 5273 ὅτι
3310 5219 3738 5289 εῦαρεστήσουσι

470 5314 646 5361 scent.
668 5306 750 5357 vel
782 5307 927 5374 quod
975 5309 1270 5376 placebunt
1304 5311 1431 5367 Deo.
1466 5314 1696 5383 lnlelligi
1724 5319 1887 5372 etiam
1932 5335 2053 5389 pose

2163 5310 2225 5379 τῷ
2277 5311 2415 5379 Θεῷ.
2483 5311 2701 5363 Νοείται
2739 5311 2793 5362 δὲ
2851 5311 2945 5363 καὶ
3033 5313 3172 5365 κατὰ
3227 5312 3333 5364 τών
3386 5309 3621 5389 ἐχθρῶν,
3682 5306 3738 5357 τὸ

470 5404 601 5447 Sunt
636 5398 746 5451 haec
789 5404 977 5462 verba,
1030 5410 1085 5453 nt
1118 5403 1385 5457 adversus
1440 5406 1695 5459 inimicos
1726 5408 1876 5463 dicta
1913 5410 2045 5472 sint,

470 5487 615 5553 quod
639 5488 755 5543 dies
789 5506 980 5545 eorum
1009 5493 1060 5545 in
1089 5493 1168 5547 eis
1204 5494 1557 5550 invenientur
1594 5497 1735 5565 plcui
1771 5500 1823 5553 in
1866 5504 2047 5562 malis,

470 5576 545 5630 ita
578 5587 637 5629 ut
663 5580 727 5631 ad
754 5598 945 5635 corum
979 5586 1303 5651 pravitatem
1337 5587 1473 5639 nihil
1508 5587 1673 5641 desit.

545 5711 707 5768 \(ens.
771 5720 852 5771 ll.
918 5720 984 5773 Et
1026 5725 1312 5778 dixerunt:
1342 5725 1618 5790 Quomodo
1654 5730 1795 5781 novit
1868 5728 2001 5783 Deus
2026 5735 2051 5786 ?

470 5801 749 5874 Quotquot
783 5808 832 5861 in
886 5815 1086 5881 populo
1111 5827 1267 5870 erant
1308 5820 1479 5887 uirgis
1518 5819 1922 5886 pusillanimes,
1956 5831 2049 5875 aut

2151 5406 2333 5474 ῥητὸν,
2368 5404 2451 5457 ὅτι
2482 5404 2873 5473 εὑρεθήσονται
2902 5404 2958 5455 ὲν
2990 5404 3173 5466 αὐτοῖς
3206 5405 3260 5455 αἱ
3306 5403 3510 5474 ἡμέραι
3532 5397 3735 5458 αὐτῶν,

2151 5500 2380 5568 πλήρεις
2436 5498 2513 5559 είς
2563 5498 2762 5550 κακίαν
2791 5539 2804 5558 ,
2846 5497 2920 5559 ὡς
2985 5497 3153 5567 μηδὲν
3200 5500 3278 5560 είς
3324 5495 3594 5565 πονηρίαν
3651 5493 3735 5543 ἔν’

2149 5592 2281 5643 δεῖν.

2228 5730 2333 5783 Καὶ
2366 5726 2537 5782 εἶπεν
2562 5745 2573 5758 ’
2610 5729 2737 5795 Πῶς
2789 5731 2941 5799 ἔγνω
2986 5735 3017 5783 ὀ
3072 5731 3257 5793 Θειῗς;
3296 5730 3444 5780 Ὅσοι
3480 5724 3578 5777 τοῦ
3609 5723 3733 5772 λαιυ

2163 5823 2641 5893 μικροψυχότεροι,
2689 5828 2781 5875 καὶ
2838 5824 3233 5893 ἀσυνετώτεροι
3269 5823 3581 5891 βλέποντες.
3619 5817 3733 5865 ἔθελ’
