4020 6218
338 365 438 430 ιιι
487 409 494 414 ι

1493 379 1886 440 υΟΜΜΕΝΤ.
1932 378 2015 438 ΙΝ
2043 380 2402 444 PSALMOS.

3486 393 3597 457 742

335 500 452 550 γον·
491 484 612 547 Πῶς
652 486 795 553 ἔγνω
813 484 981 539 ταῦτα
1013 490 1040 540 6
1065 487 1219 554 θεὸς,
1245 491 1335 544 καὶ
1360 490 1655 563 ἠνέσχετο;
1696 495 1904 555 Ὄντως

2017 493 2192 550 minus
2220 495 2543 564 prudentes,
2583 502 2736 552 tanta
2760 509 3054 556 cernentes
3077 499 3318 557 facinora
3375 505 3598 575 (quanta

335 579 434 628 οὐκ
466 575 624 643 ἔγνω.

408 838 511 891 Καὶ
541 842 593 892 εί
615 840 748 895 ἐστι
785 842 1005 912 γνῶσις
1026 847 1096 899 ἐν
1127 847 1204 913 τῷ
1246 849 1531 917 ’Υιένιίγτῳ⁸
1573 851 1910 916 Συνεξακού-

333 949 454 984 erat
513 936 574 984 τὸ
607 974 620 993 ,
654 934 975 1004 ἐζήτησαν.
1032 940 1236 1004 Γνῶσις
1267 943 1345 1005 δὲ,
1391 944 1424 1012 ή
1455 944 1565 996 τῶν
1595 943 1739 998 οὕτω
1771 962 1914 1012 γινο-

331 1025 536 1090 μένων.

421 1115 563 1169 Ἰδοὺ
625 1114 792 1173 οὗτοι
839 1121 1173 1188 ἁμαρτωλοὶ
1223 1125 1626 1192 εὐθηνοῦντες
1673 1130 1759 1193 εἷς
1805 1129 1911 1181 τὸν

327 1205 518 1260 αἰῶνα
551 1209 852 1278 κατέσχον
903 1215 1193 1270 πλούτου.
1257 1217 1416 1271 Οὕτω
1447 1219 1504 1272 δὲ
1547 1220 1909 1291 λογιζόμενοι,

334 1297 520 1366 ἔλεγον
546 1316 559 1328 ·
605 1301 735 1356 Ἰδοὺ
772 1303 854 1356 ὃτι
884 1306 930 1357 οἱ
963 1306 1295 1361 Βαϐυλώνιοι
1324 1310 1640 1380 ἁμαρτωλοί
1663 1313 1791 1378 εἰσι,
1818 1314 1910 1365 καὶ

329 1392 484 1461 ὅμως
517 1392 874 1463 εὐθηνοῦντες
932 1399 1014 1460 εἰς
1069 1397 1160 1451 τὸν
1212 1400 1422 1464 αἰῶνα,
1465 1403 1584 1454 ἀντὶ
1657 1402 1774 1467 τοῦ,
1820 1404 1912 1455 ἐπὶ

337 1482 504 1536 πολὺν
535 1484 744 1554 χρόνον.
783 1488 986 1556 Ὅμοια
1016 1488 1075 1541 δὲ
1097 1489 1175 1560 τῷ
1221 1493 1450 1561 παρόντι
1477 1494 1625 1565 ῥητῷ
1683 1497 1775 1547 καὶ
1823 1496 1912 1548 Ἰεο

336 1575 532 1644 ρεμίας
557 1576 880 1646 ἐφθέγξατο,
915 1579 1056 1651 πρὸς
1082 1581 1212 1635 Θεὸν
1246 1583 1416 1638 εἰπών
1447 1603 1460 1616 ⁸
1509 1587 1571 1641 Τί
1624 1587 1712 1641 ὅτι
1773 1589 1911 1654 ὁδὸς

330 1666 570 1722 ἀσεϐῶν
622 1669 934 1725 εὐοδοῦταί
957 1691 977 1736 ;
1007 1673 1360 1742 εὐθήνησαν
1406 1678 1630 1744 πάντες
1667 1683 1724 1734 ol
1772 1683 1908 1736 dila-

335 1760 583 1827 τοῦντες
645 1763 986 1834 doctrinam
1013 1782 1034 1831 ;
1081 1767 1426 1836 ἐφύτευσας
1486 1771 1749 1838 αὐτοὺς,
1811 1775 1907 1827 καὶ

336 1852 608 1921 ἐρῤιζώθη
617 1872 758 1911 σαν.

423 2025 523 2078 Kal
556 2023 696 2079 εἶπα
717 2042 728 2055 ο
756 2024 897 2093 Ἄρα
919 2027 1179 2096 ματαίως
1202 2028 1524 2084 ἐδικαίωσα
1538 2031 1652 2099 τὴν
1666 2032 1920 2100 καρδίαν

341 2134 500 2183 you;
542 2116 701 2170 Ἀλλά
741 2120 838 2170 καὶ
884 2119 1046 2183 αὐτὸς
1080 2121 1107 2170 6
1135 2121 1644 2192 μεγαλοψυχότερος
1673 2127 1767 2178 καὶ
1801 2144 1925 2179 συν-

345 2208 612 2278 ετώτερος
660 2213 965 2282 ἐσαλεύθην
1014 2215 1129 2278 τοίς
1175 2215 1415 2284 ἐμαυτοῦ
1462 2217 1781 2291 λογισμοῖςο
1830 2223 1924 2276 καὶ

339 2295 500 2352 εἷπον
549 2302 606 2353 ὲν
655 2299 1076 2374 ἐμαυτῷοτΑρα
1119 2305 1378 2375 διακενῆς
1427 2307 1647 2376 δικαίαν
1693 2314 1925 2382 ἐποίησα

343 2394 442 2464 τὴν
467 2396 698 2466 καρδῖαν
731 2415 860 2466 μου,
911 2396 1221 2468 καθαρίσας
1250 2401 1420 2472 αὐτὴν
1444 2404 1554 2456 ἀπὸ
1589 2405 1770 2473 πάσης
1803 2407 1922 2458 ἀδι-

345 2486 496 2549 κίαςς
961 2553 964 2556 ,

417 2579 524 2633 Καὶ
559 2582 863 2653 ἐνιψάμην
908 2588 977 2639 ἐν
1006 2589 1218 2655 ἀθώοις
1252 2589 1361 2656 τὰς
1389 2589 1593 2658 χεῖράς
1630 2609 1772 2660 μου.
1815 2593 1924 2647 Καὶ

339 2667 495 2724 εἷπον
527 2673 690 2728 πάλιν
712 2691 724 2703 ·
746 2672 892 2746 *Λρα
924 2679 1183 2750 διακενῆς
1215 2683 1272 2733 ὲν
1301 2681 1502 2746 ἀθώοις
1530 2683 1803 2754 ἐνιψάμην
1823 2685 1922 2748 τὰς

344 2766 536 2835 χεῖράς
565 2785 708 2836 μους
753 2769 818 2821 Τί
862 2771 916 2823 δὲ
962 2772 1118 2825 τοῦτο
1161 2774 1443 2844 σημαίνει,
1489 2777 1819 2847 προείρηται
1867 2779 1925 2831 ὲν

341 2857 418 2926 τῷ
458 2864 535 2910 κε’
582 2858 807 2930 ψαλμῷ.
846 2862 980 2915 Ἀπὸ
1006 2864 1186 2917 κοινοῦ
1242 2865 1298 2920 δὲ
1329 2866 1565 2937 ληπτέον
1598 2868 1800 2937 ὁμοίως
1841 2869 1924 2936 τὸ,

341 2949 444 3002 καὶ
476 2946 653 3005 εἷπον
673 2971 684 2983 ·
715 2948 856 3022 Ἆρα
889 2954 1176 3024 διακενῆς
1197 2998 1212 3023 ,
1267 2960 1362 3012 ἐπὶ
1402 2961 1514 3012 τῶν
1544 2959 1670 3030 ἑξῆς
1699 2960 1792 3014 δύο
1829 2961 1928 3031 ρη-

334 3037 448 3092 ’τῶν
471 3055 483 3068 ⁸
510 3041 946 3112 ἐπαπορητικῶς
974 3044 1085 3115 γὰρ
1113 3049 1206 3099 καὶ
1235 3047 1413 3102 ταῦτα
1443 3049 1847 3116 ἀναγνωστέον.

411 3227 519 3281 Kal
566 3228 868 3298 ἐγενόμην
899 3232 1427 3302 μεμαστιγωμένος
1454 3233 1611 3301 ὅλην
1631 3236 1746 3304 τὴν
1778 3239 1916 3306 ἠμέ-

327 3335 472 3387 ⁴ραν.
505 3321 1016 3393 Μεμαστιγωμένος
1055 3326 1284 3398 νηστείᾳ
1335 3328 1428 3380 καὶ
1475 3327 1757 3401 ἀγρυπνίᾳ
1779 3372 1792 3396 ,
1825 3332 1921 3386 καὶ

336 3415 457 3477 ταῖς
489 3414 768 3478 τοιαύταις
797 3418 862 3470 δι’
886 3418 1089 3489 ἀρετὴν
1112 3419 1508 3484 κακοπαθείαις
1532 3423 1656 3476 καθ’
1675 3424 1916 3496 ἑκάστην

334 3507 573 3575 ἡμέραν.

407 3597 513 3650 Καὶ
546 3599 578 3651 ό
603 3598 858 3667 ἔλεγχός
885 3617 1006 3669 μου
1038 3605 1124 3668 εὶς
1169 3603 1279 3670 τὰς
1307 3607 1551 3672 πρωτας.
1594 3605 1654 3659 '0
1692 3606 1914 3679 ἔλεγχός

333 3703 480 3756 μου,
541 3691 569 3742 6
623 3690 758 3760 παρ’
809 3691 946 3760 ἐμοῦ
996 3693 1139 3747 κατὰ
1223 3697 1370 3767 πρωῒ
1424 3701 1910 3769 προσφερόμενοςο

329 3779 565 3850 ἤλεγχον
591 3781 702 3853 γὰρ
732 3782 970 3851 ἐμαυτὸν
1000 3784 1075 3849 ὡς
1114 3791 1600 3859 προσκεκρουκότα
1625 3792 1777 3864 Θεῷ,
1817 3793 1913 3848 καὶ

327 3871 571 3936 ἀναξίως
602 3875 1050 3946 πολιτευόμενον.

403 4059 468 4110 Et
511 4057 744 4129 ἔλεγον,
794 4063 1170 4133 Διηγήσομαι
1219 4067 1444 4133 οὕτως·
1480 4067 1607 4123 ἰδοὺ
1637 4070 1708 4138 τῇ
1731 4071 1909 4142 γενεᾷ

327 4145 448 4200 τῶν
476 4148 623 4203 υἱῶν
660 4168 777 4206 σου
822 4154 1233 4222 ἡσυνθέτηκιι.
1275 4155 1333 4210 Ei
1375 4156 1564 4226 ἔλεγον
1600 4163 1656 4212 ἐν
1685 4163 1908 4235 ἐμαυτῷ

322 4241 412 4293 ὅτι
441 4241 644 4307 ἐξείπω
673 4246 767 4298 καὶ
793 4250 906 4309 τοῖς
938 4247 1143 4314 ἄλλοις.
1171 4250 1346 4316 οὕτως
1378 4252 1453 4316 ὡς
1478 4252 1639 4318 αὐτὸς
1663 4255 1866 4326 ἐνόησα
1887 4271 1902 4286 ⁸

324 4329 581 4405 ὅτιτΑρα
616 4339 866 4408 ματαίως
899 4342 1201 4398 ἐδικαίωσα
1222 4346 1326 4416 τὴν
1359 4347 1589 4415 καρδίαν
1628 4367 1773 4417 μου;
1811 4353 1905 4408 καὶ

326 4427 396 4482 τά
420 4428 547 4500 ἑξῆς
570 4446 584 4459 ⁸
618 4431 752 4486 Ἰδοὺ
784 4433 972 4488 λοιπὸν
1002 4436 1276 4492 ἀσύνθετα
1301 4437 1631 4511 ἐλογιζόμην
1659 4442 1736 4511 τῷ
1754 4443 1869 4514 λαῷ
1888 4461 1902 4475 ·

2022 584 2240 639 barbari
2298 585 2372 639 illi
2417 587 2764 644 committere
2814 591 3090 646 audebant
3138 593 3405 650 adversus
3449 598 3600 654 viros

2020 673 2146 729 illos
2174 675 2435 745 sanctos)
2467 677 2764 736 dicebant:
2798 679 3072 744 Quomodo
3108 683 3248 735 novit
3280 683 3420 738 Deus
3443 688 3551 740 hac
3573 689 3600 740 ?

2019 770 2071 814 ct
2103 764 2378 831 quomodo
2439 767 2682 822 tolerat?
2722 768 2857 824 Vere
2889 772 3002 825 haec
3041 772 3183 827 Deus
3221 789 3326 826 non
3382 778 3558 830 novit.

2093 853 2159 908 Et
2189 857 2236 909 si
2270 865 2347 909 est
2370 859 2590 912 scientia
2632 861 2685 912 in
2709 860 2999 917 Altissimo.
3031 862 3478 920 Subaudiendum
3517 879 3600 924 est

2021 947 2245 1001 verbum
2292 950 2705 1018 exquisiverunt.
2748 955 3076 1009 .Scientiam
3161 967 3346 1012 autem
3406 974 3594 1014 eorum
3694 1010 3696 1012 ,

2019 1037 2180 1101 dicit,
2224 1055 2342 1110 qum
2367 1041 2636 1096 adversus
2671 1061 2766 1100 eos
2800 1045 2938 1100 facta
2972 1047 3209 1105 fuerant.

2094 1129 2254 1184 Vens.
2303 1133 2389 1184 1'3.
2457 1133 2587 1186 Ecrc
2611 1135 2665 1186 lii
2695 1148 2996 1204 peccatores
3031 1148 3083 1192 et
3138 1139 3468 1196 abundantes
3495 1183 3510 1208 ,
3543 1144 3597 1198 in

2018 1225 2266 1276 sa'cnlnm
2300 1227 2643 1287 possederunt
2680 1231 2920 1286 divitias.
2963 1231 3038 1284 Ita
3073 1232 3215 1286 enim
3238 1236 3598 1290 consideran-

2020 1325 2100 1367 ινδ
2131 1317 2267 1368 intra
2305 1335 2364 1371 se
2395 1318 2655 1373 dicebant
2685 1337 2697 1371 :
2739 1321 2878 1374 Ecce
2901 1323 3046 1391 quod
3079 1324 3134 1378 hi
3163 1323 3443 1397 Babylonii
3469 1344 3599 1399 pec-

2020 1414 2233 1461 catores
2257 1416 2406 1470 sunt,
2426 1417 2478 1461 ct
2503 1417 2684 1463 tamen
2706 1411 2758 1463 in
2788 1415 3041 1480 praesenti
3069 1418 3270 1471 smculo
3292 1418 3594 1485 abundant,

2019 1508 2072 1553 et
2101 1497 2319 1552 divitias
2353 1499 2660 1567 possident.
2694 1499 2811 1573 Vpl,
2851 1501 3206 1560 Possederunt
3233 1510 3286 1561 in
3320 1510 3594 1573 saeculum,

2020 1605 2140 1658 pro,
2166 1591 2255 1643 diu
2285 1600 2333 1645 et
2374 1590 2528 1662 longo
2557 1602 2806 1661 tempore.
2845 1593 3169 1661 Huiusmodi
3206 1601 3373 1656 etiam
3429 1603 3594 1658 verba

2019 1697 2046 1733 a
2079 1681 2312 1736 Jeremia
2370 1684 2634 1754 propheta
2686 1686 2750 1739 ad
2807 1685 2974 1741 Deum
3019 1689 3279 1745 dicuntur
3319 1734 3332 1746 .
3375 1693 3592 1761 Quare,

2021 1773 2216 1842 inquit,
2236 1775 2317 1827 via
2333 1776 2612 1842 impiorum
2633 1789 2975 1846 prosperatur
2996 1780 3374 1838 ?abundarunt
3393 1802 3592 1851 omnes,

2013 1867 2102 1934 qui
2128 1865 2404 1934 reprobant
2440 1871 2830 1936 reprobationes
2856 1874 2880 1925 ?
2908 1875 3170 1941 plantasti
3199 1894 3309 1942 eos,
3344 1887 3393 1931 et
3445 1880 3594 1934 radi-

2016 1974 2123 2011 cem
2144 1960 2398 2012 miserunt
2431 1961 2494 2012 “.

2088 2051 2248 2104 Vens.
2293 2051 2377 2106 15.
2402 2051 2466 2102 Et
2492 2052 2605 2104 dixi
2635 2070 2651 2106 :
2685 2051 2960 2122 Numquid
2988 2056 3042 2108 in
3064 2073 3253 2111 vanum
3290 2062 3591 2128 justi/icavi

2015 2156 2106 2196 eor
2159 2144 2375 2196 meum?
2435 2142 2588 2212 Ego,
2620 2144 2836 2213 inquit,
2884 2148 2977 2215 qui
3015 2148 3298 2217 aliquanto
3358 2154 3592 2221 majores

2014 2235 2180 2288 animi
2220 2251 2284 2288 ac
2328 2235 2632 2303 prudentia:
2667 2237 2810 2290 vires
2854 2254 2938 2292 me
2982 2238 3186 2294 habere
3218 2242 3470 2309 conﬁdo,
3499 2243 3596 2296 ﬁu-

2015 2327 2192 2382 Ctuavi
2221 2327 2647 2397 cogitationibus
2675 2327 2832 2392 meis,
2862 2337 2917 2382 et
2968 2330 3082 2383 dixi
3119 2349 3132 2384 :
3170 2330 3443 2400 Numquid
3478 2335 3594 2389 fru-

2015 2427 2130 2471 stra
2162 2434 2259 2472 cor
2285 2434 2465 2472 meum
2509 2420 2577 2471 ab
2631 2420 2780 2472 oinni
2833 2419 3105 2488 injusﬁtia
3157 2425 3453 2479 emundavi
3481 2468 3496 2492 ,
3533 2434 3588 2482 et

2009 2511 2218 2575 justum
2257 2525 2382 2563 esse
2409 2511 2560 2564 elleci
2586 2511 2608 2562 ?

2087 2600 2149 2654 Et
2194 2599 2304 2653 lavi
2351 2601 2406 2654 in
2449 2604 2811 2658 innocentibus
2863 2620 3054 2658 manus
3109 2621 3273 2658 meas.
3329 2603 3394 2657 Et
3427 2607 3590 2662 dixi:

2014 2692 2270 2762 Nunquid
2324 2693 2598 2748 incassum
2633 2694 2737 2747 lavi
2769 2710 2962 2749 manus
2994 2710 3141 2749 meas
3172 2696 3314 2749 inter
3340 2697 3598 2752 innocen-

2016 2796 2096 2839 tes
2127 2784 2314 2838 viros?
2346 2783 2486 2850 Quid
2519 2795 2700 2838 autem
2741 2786 2843 2840 sibi
2872 2786 3038 2840 velint
3069 2786 3184 2840 lncc
3216 2788 3378 2842 verba
3402 2829 3416 2854 ,
3449 2787 3594 2842 dixi-

2014 2891 2134 2929 mus
2167 2876 2221 2929 in
2259 2877 2472 2944 psalmo
2507 2893 2634 2930 nr.
2671 2876 2715 2930 A
2755 2877 3034 2930 communi
3064 2887 3246 2931 autem
3281 2894 3448 2934 sensu
3477 2887 3585 2934 tam

2013 2966 2123 3030 hic,
2155 2982 2318 3032 quam
2354 2967 2406 3020 in
2436 2966 2650 3022 duobus
2685 2967 3042 3035 sequentibus
3069 2969 3357 3024 versiculis
3383 3007 3400 3035 ,
3455 2971 3590 3046 sub-

2012 3056 2434 3128 intelligendum
2488 3065 2620 3112 est:
2664 3058 2919 3126 Nunquid
2968 3059 3022 3112 in
3072 3061 3308 3114 vanum?
3360 3059 3494 3116 Nam
3538 3070 3594 3118 et

1939 3172 1983 3231 ρ
2019 3147 2133 3201 haec
2160 3147 2327 3200 verba
2362 3145 2663 3201 dubitative
2687 3147 2918 3217 legenda
2949 3156 3104 3204 sunt.

2089 3237 2250 3292 Vens.
2288 3237 2377 3293 i4.
2422 3237 2490 3292 Et
2517 3239 2820 3309 ﬂagellatus
2854 3240 2934 3310 fui
2963 3251 3073 3294 tota
3105 3242 3208 3297 die.
3256 3242 3476 3313 Jejunio
3504 3245 3592 3300 ni-

2011 3327 2205 3381 mirum
2236 3370 2251 3394 ,
2289 3339 2342 3384 et
2396 3329 2597 3400 vigiliis
2646 3338 2700 3386 et
2755 3332 2878 3386 aliis
2920 3331 3299 3402 hujuscemodi
3339 3335 3592 3391 aﬁlictio-

2008 3420 2190 3484 nibus,
2223 3437 2362 3491 quas
2389 3423 2612 3479 assidue
2645 3423 2916 3479 sectandae
2981 3425 3204 3483 virtutis
3253 3430 3426 3498 gratia
3467 3443 3590 3484 sns-

2013 3509 2181 3566 tineo.
2305 3503 2318 3514 “

2080 3601 2146 3654 Et
2198 3604 2535 3673 reprehensio
2588 3621 2703 3658 mea
2752 3607 2807 3659 in
2862 3608 3162 3664 matutinis.
3223 3607 3592 3678 Reprehensio

2007 3712 2154 3762 mea,
2186 3712 2350 3765 quam
2384 3712 2483 3767 ego
2509 3697 2638 3750 mihi
2672 3696 2775 3766 ipsi
2809 3698 3136 3752 adveniente
3191 3715 3352 3753 mane
3399 3699 3590 3757 alicro.

2007 3787 2427 3857 Reprehendere
2458 3787 2661 3842 etenim
2689 3788 2840 3842 soleo
2866 3803 2951 3841 me
2975 3788 3177 3857 ipsum,
3202 3789 3346 3857 quod
3371 3788 3424 3842 in
3448 3805 3590 3858 prae-

2008 3879 2227 3934 teritum
2260 3879 2367 3934 Deo
2409 3877 2731 3942 restiterim,
2766 3879 3027 3948 quodque
3064 3879 3234 3933 vitam
3266 3894 3331 3934 ac
3359 3895 3591 3936 conver-

2007 3971 2273 4026 sationem
2306 3984 2370 4024 eo
2396 3969 2618 4040 dignam
2652 3984 2756 4023 non
2790 3970 3171 4025 exliibuerim.

2086 4062 2242 4117 Vsus.
2264 4063 2348 4117 15.
2376 4060 2435 4116 Si
2454 4059 2715 4120 dicebam.
2750 4060 2999 4114 Narrabo
3030 4063 3132 4125 sic,
3156 4077 3270 4114 ecce
3298 4065 3593 4132 generatio-

2009 4171 2122 4209 nem
2163 4154 2395 4224 ﬁliorum
2434 4161 2645 4206 tuorum
2671 4155 2960 4220 reprobavi.
3000 4153 3054 4207 Si
3089 4155 3142 4208 in
3184 4170 3268 4209 me
3305 4155 3426 4225 ipso
3450 4196 3465 4221 ,
3503 4157 3589 4210 in-

2011 4247 2149 4314 quit,
2185 4241 2456 4306 dicebam,
2496 4242 2640 4310 quod
2666 4242 2788 4296 aliis
2808 4242 2879 4296 ita
2903 4257 3077 4298 essem
3097 4245 3368 4312 dicturus,
3394 4262 3591 4316 quein-

2008 4334 2298 4390 admodum
2341 4335 2602 4402 cogitavi,
2664 4333 2808 4403 quod
2847 4335 3059 4390 scilicet
3093 4336 3146 4390 in
3173 4352 3372 4392 vanum
3421 4339 3589 4408 justi-

2010 4426 2160 4481 ﬁcavi
2193 4441 2290 4480 cor
2320 4441 2524 4490 meum,
2557 4433 2610 4480 et
2646 4425 2874 4496 reliqua,
2930 4441 3058 4483 ecce
3103 4429 3242 4498 quod
3300 4431 3588 4500 reprobavi

325 4517 506 4574 εττουν
549 4523 823 4577 ἀσύνθετα
855 4529 949 4578 καὶ
985 4527 1347 4598 ἁπαράδεκτα
1370 4505 1728 4603 ’-γενεὰ-γὰρ
1772 4505 1906 4588 υίιῦν
1934 4505 1985 4564 D
2011 4517 2414 4587 κοιιοτειιῖοηεω
2465 4516 2700 4572 ﬁliorum
2742 4523 2960 4570 ι¹¹⁰¹Ὶ¹¹¹¹
2986 4558 3001 4582 ν
3058 4533 3152 4574 se“
3209 4519 3229 4590 (
3258 4529 3317 4574 ιη
3358 4521 3588 4590 ρτοιιίιιε

323 4613 422 4665 τοῦ
457 4613 594 4668 Θεοῦ
635 4619 663 4669 6
699 4617 1046 4690 Ἱσραηλίτης
1073 4621 1204 4684 λαός
1226 4640 1238 4651 ο
1269 4622 1412 4676 οὕτω
1445 4626 1554 4694 γὰρ
1591 4629 1682 4678 καὶ
1713 4627 1742 4678 6
1771 4627 1904 4690 Θεὸς

329 4703 520 4757 τοῦτον
543 4705 856 4776 ὠνόμασενο
889 4712 1023 4777 Υίύς
1056 4717 1430 4782 πρωτότοκός
1451 4733 1574 4784 μου
1622 4718 1860 4786 Ἰσραήλ
1886 4735 1899 4748 °

325 4796 450 4847 καί·
504 4799 672 4865 ΥΙοὺς
723 4801 1034 4871 ἐγέννησα
1092 4807 1192 4860 καὶ
1253 4807 1492 4876 ﬁgi-coact.
1554 4811 1666 4863 Kal.
1726 4813 1902 4876 ἄλλως

324 4885 432 4954 γὰρ
469 4888 576 4939 υἱοὶ
627 4889 763 4942 Θεοῦ
815 4893 863 4943 oi
913 4893 1248 4962 δημιουργὸν
1301 4899 1462 4952 αὑτὸν
1508 4902 1896 4967 γινώσκοντες,

326 4977 418 5027 καὶ
446 4980 816 5047 φυλάσσοντες
863 4984 963 5047 τὰς
1007 4987 1224 5049 ἐντολὰς
1260 4989 1446 5044 αὑτοῦ.
1500 4992 1636 5046 Τινὰ
1683 4994 1742 5047 δὲ
1786 4996 1898 5048 τῶν

321 5071 671 5139 ἀντιγράφων
720 5075 833 5144 (69)
881 5077 1310 5148 ήσυνθέτηκας
1367 5085 1706 5154 γράφουσινο
1759 5095 1898 5144 vost-

321 5174 407 5209 ται
433 5160 487 5212 δὲ
524 5162 619 5213 καὶ
648 5164 854 5228 οὕτως·
901 5168 928 5219 6
977 5169 1076 5236 μὲν
1120 5174 1335 5242 πρῶτος
1368 5176 1568 5246 στίχος,
1605 5178 1680 5241 ὡς
1709 5182 1893 5254 ἡρμη-

321 5253 612 5320 νεὺσαμεν,
639 5256 666 5306 6
710 5257 970 5326 δεύτερος
1021 5258 1077 5314 δὲ
1120 5263 1203 5315 ὃτι
1251 5268 1472 5331 Λοιπὸν,
1519 5271 1644 5322 ὅσον
1686 5271 1779 5323 ἐπὶ
1822 5253 1886 5347 τῇ

319 5343 540 5412 τοιαύτῃ
581 5363 682 5422 μου
715 5347 1266 5424 διηγήσει,παρέ6ης
1293 5358 1391 5419 τάς
1420 5360 1694 5430 συνθήκας
1724 5365 1780 5416 ἐν
1811 5343 1890 5436 τῷ

403 5467 440 5496 -"
459 5463 660 5519 Jcrem.
698 5483 791 5526 vn.
819 5469 872 5523 2.
959 5470 1004 5499 ⁸⁸·
1030 5468 1203 5524 Exod.
1242 5487 1310 5534 Iv,
1339 5472 1428 5525 Ἡ.
1515 5477 1558 5506 ¹⁶
1584 5475 1681 5531 lsa.
1712 5497 1749 5540 l,
1778 5484 1810 5532 ‘2

1778 5487 1830 5534 ρ.

2012 4610 2191 4679 pascit
2225 4607 2412 4662 Graeca
2461 4607 2631 4662 dictio
2695 4607 3084 4678 ἠσυνοέτηκα)
3133 4624 3260 4664 ecce
3304 4612 3448 4679 quod
3503 4613 3587 4666 in-

2008 4701 2330 4770 composita,
2360 4700 2466 4755 hoc
2495 4709 2599 4764 est,
2638 4715 2742 4754 non
2779 4701 2953 4766 utilia,
2985 4708 3040 4753 et
3077 4717 3183 4756 non
3241 4712 3392 4772 grata
3435 4705 3589 4773 cogi-

2008 4795 2114 4848 lavi
2145 4795 2346 4864 populo
2378 4801 2509 4846 tuo:
2557 4807 2653 4860 per
2699 4793 3100 4860 generationem
3153 4794 3296 4848 enim
3355 4795 3588 4850 ﬁliorum

2007 4887 2122 4950 Dei,
2155 4887 2386 4956 populus
2419 4885 2744 4954 intelligitur
2779 4884 3140 4941 Israeliticus.
3173 4886 3252 4940 Ita
3283 4888 3426 4941 enim
3450 4887 3592 4942 Dt'llS

2015 4982 2133 5047 ipse
2162 4994 2286 5033 eum
2321 4977 2448 5031 alibi
2485 4978 2797 5046 appellavit,
2830 4978 3018 5033 dicens
3052 4994 3065 5032 :
3107 4977 3281 5032 Filius
3312 4996 3454 5034 meus
3484 4982 3594 5047 pri-

2007 5043 2301 5140 mogenitus
2330 5067 2503 5122 Israel
2520 5043 2605 5121 vi”.
2639 5043 2916 5121 ltemalio
2949 5068 3186 5122 inloco:
3220 5067 3390 5122 Filios
3410 5070 3589 5145 genui,

2017 5175 2066 5220 et
2097 5162 2328 5218 exaltavi
2354 5161 2419 5213 ¹⁶.
2465 5159 2558 5215 Vel
2595 5160 2749 5214 aliter
2783 5160 2874 5214 ﬁlii
2905 5159 2995 5214 Dei
3028 5169 3152 5215 sunt
3182 5200 3197 5222 ,
3237 5160 3328 5227 qui
3364 5161 3590 5214 Creato-

2010 5270 2120 5307 rem
2157 5267 2280 5306 eum
2316 5259 2620 5320 agnoscunt
2643 5290 2656 5314 ,
2688 5259 2742 5305 et
2787 5251 2931 5306 illius
2963 5250 3258 5304 observant
3311 5248 3588 5335 mandata.

2008 5344 2264 5411 Quaadam
2302 5353 2482 5399 autem
2518 5343 2876 5412 exemplaria,
2909 5356 3015 5394 non
3045 5338 3399 5410 ἠσυνθέτηκα
3432 5379 3447 5405 ,
3482 5342 3583 5393 lia-

1677 5571 1880 5633 V’arize
1913 5575 2248 5638 letllOﬂBS.

399 5657 507 5723 (69)
549 5658 816 5733 superius
845 5660 1126 5733 interpres
1164 5665 1364 5732 lmsuit,
1421 5667 1568 5733 quod
1615 5667 1802 5722 Grece
1836 5673 1887 5727 in

333 5725 484 5808 ﬁnem
517 5727 792 5810 ‘rejicitur.
829 5729 907 5810 All
937 5725 1184 5810 verbum}
1210 5733 1402 5810 _Potest
1439 5725 1623 5810 autem
1668 5725 1892 5810 intelligi

330 5797 483 5852 etiam
510 5799 604 5849 hoc
643 5797 792 5850 modo
817 5798 1064 5853 :Primus
1094 5803 1298 5871 quidem
1331 5805 1634 5872 versiculus,
1659 5821 1716 5861 ut
1741 5797 1898 5878 ρπρῦ-

1996 5679 2201 5730 ειιὶιηιιε
2229 5693 2246 5739 ;
2275 5673 2412 5726 alter
2441 5689 2558 5724 vero
2594 5686 2611 5723 :
2648 5665 2730 5723 Ea:
2760 5668 2857 5722 hac
2886 5679 3195 5739 narratione
3242 5687 3354 5724 mea
3389 5679 3591 5734 rupisse

1998 5748 2216 5807 videris,
2249 5753 2352 5796 etc.
2396 5742 2611 5795 Verbum
2648 5741 2788 5794 enim
2824 5738 3106 5792 ἀσυνθετώ
3127 5742 3391 5812 significat
3426 5747 3589 5798 etiam

2006 5817 2184 5886 pactis
2217 5825 2522 5869 nausiare.
