4020 6218
529 345 633 411 ’143

1740 341 2122 400 EUTIIYMI-I
2158 339 2486 402 ZIGABEN
2499 343 2518 401 ῐ
3657 354 3744 415 714

529 464 663 519 bent
696 461 748 516 in
781 459 955 530 prima
982 469 1239 526 persona,
1270 455 1362 510 sed
1383 455 1782 526 ἡσυνθέτηκας.
1838 454 1905 507 Et
1955 470 2085 524 quo-

2201 455 2428 525 παρόντι
2472 454 2586 526 λαῷ
2619 473 2733 519 σου,
2770 455 2865 517 τὰς
2906 455 3038 526 πρὸς
3067 456 3158 510 τὸν
3201 457 3447 529 ’Δΰραὰμ
3489 461 3574 513 καὶ
3620 467 3731 528 τοὺς

525 556 671 609 niam
705 552 888 606 Graeca
922 549 1033 601 haec
1066 546 1236 599 dictio
1293 561 1398 601 non
1455 556 1564 600 tam
1605 546 1896 614 reprobare
1926 546 2090 614 signi-

528 644 675 706 ﬁcat,
712 649 802 693 aut
837 638 1199 706 incomposita
1226 655 1320 692 seu
1359 638 1571 691 inutilia
1609 637 1878 705 cogitare,
1924 647 1981 689 ut
2012 637 2092 690 di-

527 735 742 797 ximus,
793 732 889 788 sed
936 736 1096 788 etiam
1147 731 1494 801 passionibns
1529 743 1592 782 ac
1645 727 1930 796 promissis
1981 743 2089 779 non

526 833 695 890 stare,
729 816 1125 895 consequenter
1154 823 1256 876 alia
1288 821 1398 874 ﬁeri
1425 828 1598 890 potest
1641 819 1804 886 hujus
1834 817 2096 872 versiculi

527 919 712 982 lectio,
742 916 993 971 videlicet
1031 931 1042 966 :
1075 929 1204 970 ecce
1235 912 1378 982 quod
1428 910 1762 983 generationi
1817 911 2050 964 ﬁliorum
2092 917 2307 964 tuorum
2348 922 2502 981 pacta
2552 914 2766 982 rupisti,
2819 915 2882 968 Et
2914 926 3042 970 tunc
3080 932 3290 986 expone
3324 934 3338 972 :
3417 916 3468 972 Si

524 1027 644 1083 ipso
673 1012 942 1076 dicebam,
976 1025 1060 1063 me
1091 1009 1163 1061 ita
1195 1008 1317 1060 aliis
1363 1021 1484 1060 esse
1511 1005 1804 1067 dicturum,
1842 1005 1986 1073 quod
2015 1003 2221 1058 scilicet
2290 1003 2491 1058 frustra
2556 1005 2846 1074 justiﬁcavi
2877 1023 2970 1060 cor
3000 1024 3176 1063 meum
3207 1050 3222 1074 ,
3259 1019 3364 1064 etc.
3394 1051 3408 1075 ,

2200 551 2495 619 προγόνους
2525 550 2702 619 ἡμῶν,
2739 551 2867 619 περὶ
2895 553 2994 621 τῆς
3027 553 3130 620 γῆς
3166 554 3262 624 τῆς
3293 555 3608 621 ἐπαγγελίας
3651 561 3734 611 καὶ

2195 640 2291 693 τοῦ
2321 641 2509 709 γένους
2542 642 2699 711 ἡμῶν
2726 658 2739 672 '
2775 644 2874 707 τὰς
2907 647 3034 714 περὶ
3061 644 3156 697 τοῦ
3203 645 3427 713 βεϐαίως
3463 649 3598 716 ἡμᾶς
3621 651 3733 702 ταύα

2198 745 2299 796 την
2346 730 2536 794 οἰκεῖν,
2585 730 2681 783 καὶ
2740 732 3009 800 μεγάλους
3056 732 3315 785 ἔσεσθαι·
3352 733 3612 786 ἁσυνθετῶ
3640 735 3736 802 γὰρ

2200 820 2417 886 λέγεται
2473 822 2566 873 καὶ
2595 822 2675 885 τὸ,
2718 823 3046 890 Παραϐαίνω
3069 825 3171 887 τὰς
3206 823 3492 895 συνθήκας.

3536 921 3584 971 in
3667 934 3744 973 nie

3453 1019 3510 1064 ut
3594 1027 3742 1082 supra

523 1109 875 1180 exposuimus
912 1123 928 1162 :
959 1119 1085 1158 ecce
1128 1101 1270 1172 quod
1325 1101 1481 1170 juxta
1526 1101 1668 1152 hanc
1721 1098 2088 1153 narrationem
2130 1114 2303 1152 meam
2336 1100 2463 1153 huic
2493 1101 2690 1169 popqu
2745 1112 2836 1157 tuo
2901 1105 3115 1174 rupisse
3181 1106 3379 1163 videris
3437 1123 3497 1162 ea
3563 1109 3746 1164 hedera

525 1217 644 1268 qua:
678 1199 802 1251 olim
839 1211 960 1251 cum
993 1194 1263 1248 Abraham
1287 1232 1302 1258 ,
1336 1201 1389 1245 et
1442 1190 1957 1260 primogenitoribus
1989 1191 2194 1245 nostris
2228 1193 2532 1261 pepigeras,
2566 1193 2632 1246 de
2658 1203 2800 1249 terra
2863 1196 3074 1252 scilicet
3137 1202 3534 1266 promissionis,
3583 1213 3632 1254 et
3687 1206 3745 1254 de

520 1293 871 1365 generatione
906 1296 1115 1348 nostra,
1150 1293 1202 1339 et
1239 1283 1384 1352 quod
1413 1293 1672 1351 perpetuo
1716 1283 1857 1336 hanc
1887 1292 2085 1336 terram
2127 1297 2376 1338 essemus
2407 1285 2738 1351 possessnri.
3525 1300 3530 1302 '

595 1384 752 1436 Vens.
789 1379 874 1434 15.
901 1373 1390 1444 Existimavi,quod
1419 1387 1802 1440 cognoscerem.
1845 1371 2090 1441 Speravi,

523 1475 719 1542 inquit,
759 1472 901 1526 scire
938 1485 1019 1523 me
1057 1483 1219 1538 posse
1245 1508 1260 1533 ,
1290 1474 1345 1521 et
1389 1478 1722 1532 cognoscere
1770 1463 1825 1516 id
1875 1464 1940 1517 de
1984 1478 2090 1532 quo

522 1563 856 1616 dubitabam.

594 1653 767 1707 Labor
827 1660 901 1704 est
955 1665 1132 1702 coram
1186 1663 1286 1701 me.
1347 1646 1546 1700 Verum
1598 1643 1724 1712 hoc,
1761 1655 1818 1698 ιιι
1846 1644 1898 1698 id
1928 1644 2084 1698 scili-

522 1755 606 1798 cet
638 1757 960 1812 cognoscant
994 1743 1060 1795 de
1088 1755 1196 1808 quo
1227 1738 1467 1793 dubitavi
1495 1777 1509 1800 ,
1545 1735 1788 1791 laborem
1823 1750 1932 1790 non
1980 1751 2094 1789 mo-

2278 1373 2378 1430 Καὶ
2410 1374 2716 1430 ὑπέλαϐον
2744 1376 2851 1430 τοῦ
2904 1378 3144 1447 γνῶναι.
3183 1382 3289 1434 Καὶ
3333 1374 3530 1452 ἤλπισα
3560 1387 3746 1450 γνῶναι

2194 1467 2254 1520 τὸ
2283 1468 2656 1538 ἀπορούμενον
2691 1487 2811 1538 μοι·
2845 1474 3108 1542 παρέλκει
3141 1474 3247 1543 γὰρ
3279 1477 3338 1527 τὸ
3395 1477 3522 1532 τοῦ.

2265 1647 2465 1714 Κόπος
2487 1648 2658 1728 ἐστίν
2681 1649 2938 1704 ἐνώπιόν
2953 1671 3091 1722 μου.
3132 1655 3289 1722 Ἀλλ’,
3317 1656 3392 1720 ὡς
3417 1658 3580 1724 ἔοικε,
3602 1659 3746 1710 τοῦτο

2191 1739 2393 1812 δηλαδὴ
2420 1741 2480 1793 τὸ
2506 1741 2709 1809 γνῶναι
2735 1743 2796 1794 τὸ
2816 1743 3212 1814 ἀπορούμενον,
3239 1749 3403 1811 πόνος
3427 1748 3586 1810 πολύς
3613 1751 3744 1804 ἔστιν

523 1836 702 1888 ἁὶιιιιιιι
737 1849 919 1886 secum
954 1833 1158 1885 habere
1213 1830 1452 1884 videtur.
1510 1826 1894 1880 Diﬂicillimum
1949 1827 2085 1880 enim

2196 1831 2340 1900 ἐμοὶ,
2373 1832 2469 1886 καὶ
2503 1833 2740 1902 χαλεπὸν
2773 1837 2853 1898 είς
2887 1836 3197 1905 διάγνωσιν.

522 1936 624 1990 est,
663 1937 714 1976 ttt
753 1931 1142 1991 cognoscatur.

665 2016 826 2068 Vens.
871 2015 954 2067 Π.
1002 2013 1177 2066 Donec
1224 2013 1412 2067 intrent
1461 2013 1515 2065 in
1562 2013 1925 2066 sanctuarium
1975 2009 2091 2064 Dei.

524 2108 701 2161 Labor
735 2121 860 2160 vero
893 2108 994 2158 iste
1031 2119 1270 2174 eousque
1302 2104 1433 2158 mihi
1461 2104 1584 2166 erit,
1615 2103 1787 2158 donec
1816 2102 2094 2172 ingressus

524 2197 678 2252 fuero
705 2197 757 2250 in
791 2197 1049 2264 templum
1081 2194 1401 2258 Jerusalem,
1439 2195 1530 2248 ubi
1571 2195 1801 2264 populus
1847 2193 2094 2247 sanctiﬁ-

521 2287 633 2340 cari
671 2286 827 2339 solet.
861 2284 1092 2352 Antiqua
1121 2284 1262 2337 enim
1293 2283 1608 2337 hereditate
1643 2297 1706 2338 ac
1731 2283 1888 2337 solita
1919 2283 2092 2338 felici-

521 2385 632 2430 tate
661 2384 1005 2443 recuperata,
1035 2387 1387 2440 cognoscam,
1417 2373 1558 2441 quod
1595 2388 1741 2428 nom
1759 2372 1957 2429 frustra
2005 2373 2093 2444 jn-

521 2465 752 2521 stilicavi
782 2479 878 2517 cor
913 2478 1116 2517 meum.

593 2552 660 2606 Et
680 2551 979 2624 intelligam
1003 2552 1370 2608 ht’trovissima
1395 2570 1598 2609 eorum.
1620 2554 1797 2610 Verba
1828 2556 1942 2611 haec
1973 2573 2090 2610 ma-

522 2648 777 2703 nifestam
816 2647 1096 2700 continent
1125 2646 1492 2716 prephetiam.
1541 2647 1792 2703 Praedicit
1837 2649 1980 2703 enim
2032 2665 2090 2705 se

522 2729 833 2809 huiusmodi
860 2738 1293 2808 delinquentium
1321 2737 1480 2792 ﬁnem
1506 2748 1916 2809 perspecturum
1945 2756 2086 2796 esse.

519 2831 596 2884 De
625 2830 935 2900 Babyloniis
969 2837 1148 2883 autem
1177 2844 1356 2884 sermo
1384 2838 1466 2884 est
1493 2869 1507 2892 ,
1573 2846 1808 2900 quorum
1862 2832 2089 2888 felicitas

517 2931 572 2981 et
603 2923 888 2993 imperium
925 2922 1085 2976 ﬁnem
1115 2923 1364 2977 habitura
1396 2937 1552 2978 erant
1581 2941 1595 2979 :
1625 2925 2083 2994 quemadmodum

517 3015 682 3068 etiam
715 3024 898 3083 postea
935 3015 1138 3066 factum
1176 3021 1282 3068 est.
1313 3013 1446 3066 Nam
1473 3013 1648 3084 Cyrus
1679 3014 1966 3071 Persarum
1990 3033 2083 3072 rex

2269 2011 2424 2078 ’Ἐως
2448 2008 2521 2069 οὗ
2549 2014 2800 2070 εἰσέλθω
2824 2020 2912 2084 εις
2940 2019 3005 2072 τὸ
3037 2019 3428 2090 ἀγιαστιξριον
3458 2023 3559 2078 τοῦ
3590 2023 3744 2080 Θεοῦ.

2195 2102 2378 2166 Κόττος
2415 2104 2515 2174 μού
2563 2105 2730 2170 ἐστιν,
2760 2105 2867 2170 ἕως
2898 2103 2960 2162 οὗ
2991 2109 3217 2164 εἰσέλθω
3256 2114 3344 2175 εἰς
3393 2113 3482 2166 τὸν
3510 2113 3628 2165 ναὸν
3659 2112 3742 2179 τῆς

2203 2191 2581 2266 Ἰερουσαλὴμ,
2624 2198 2682 2250 ὲν
2708 2192 2751 2266 ᾢ
2782 2201 3066 2267 ἁγιάζεται
3095 2203 3124 2253 ὁ
3151 2203 3301 2267 λαός.
3358 2204 3498 2262 Τότε,
3520 2205 3622 2275 γάρ
3657 2206 3741 2272 τὴν

2194 2289 2469 2359 προτέραν
2520 2290 2817 2363 εὐκληρίαν
2865 2293 3176 2358 ἀπολαϐὼν,
3233 2297 3520 2366 γνώσομαι
3567 2299 3740 2352 ὅτι·οὗ

2197 2381 2375 2450 μάτην
2403 2383 2696 2435 ἐδικαίωσα
2723 2383 2820 2454 τὴν
2850 2386 3080 2456 καρδίαν
3111 2405 3234 2458 μου,
3266 2393 3369 2444 καὶ
3402 2393 3466 2444 τὰ
3494 2392 3630 2462 ἑξῆς.

2263 2561 2369 2612 Καὶ
2418 2559 2586 2612 συνῶ
2638 2564 2726 2628 εἰς
2779 2563 2848 2616 τὰ
2899 2563 3130 2634 ἔσχατα
3176 2569 3405 2625 αὐτῶν.
3454 2572 3742 2642 “poemata.

2189 2650 2346 2704 τοῦτο
2403 2655 2617 2725 σαφής·
2671 2656 2814 2722 λέγει
2866 2657 2974 2728 γὰρ
3011 2660 3093 2712 ὄτι
3149 2663 3371 2727 Ὄντως
3423 2668 3628 2737 συνήσω
3665 2667 3745 2718 καὶ

2189 2742 2471 2813 γνώσομαι
2495 2747 2552 2800 ὲν
2581 2749 2694 2806 τοῖς
2721 2748 2932 2800 τέλεσιν
2960 2752 3138 2807 αὐτῶν
3161 2771 3176 2786 ·
3206 2759 3366 2824 φημὶ
3393 2759 3448 2811 δὲ
3473 2759 3576 2812 τῶν
3592 2759 3744 2827 ἁμαρ·

2188 2833 2374 2887 τωλῶν
2407 2837 2785 2905 Βαϐυλωνίων,
2818 2847 2945 2898 ὅταν
2999 2847 3153 2910 τέλος
3203 2851 3270 2902 αὑ
3293 2854 3404 2914 τοῖς
3445 2851 3637 2922 ἐπέλθῃ
3664 2851 3744 2903 καὶ

2187 2929 2287 2996 τῆς
2321 2928 2600 2993 πολιτείας
2635 2933 2726 2984 καὶ
2757 2937 2854 3003 τῆς
2886 2937 3206 3008 εὐημερίας.
3244 2942 3443 3012 Κῦρος
3479 2942 3582 3012 γὰρ
3615 2941 3744 3008 κινῇ·

2160 3034 2286 3080 ίσας
2309 3019 2528 3085 αὐτοὺς,
2552 3021 2644 3075 τὸν
2683 3024 2782 3093 μὲν
2826 3026 3166 3099 Ἰσραηλίτην
3211 3029 3357 3086 λαιὸν
3389 3037 3743 3100 ἀποκατέστη-

517 3109 756 3160 devictos
791 3107 910 3158 illos
937 3115 1210 3174 perpetuae
1241 3105 1466 3158 tradidit
1495 3107 1748 3160 servituti
1779 3123 1793 3161 :
1828 3115 1880 3162 et
1908 3108 2084 3164 Israe-

2190 3127 2280 3164 σεν
2308 3114 2384 3174 είς
2445 3113 2826 3186 Ἱεροσόλυμα·
2864 3120 3086 3186 τούτους
3139 3124 3196 3176 δὲ
3233 3125 3458 3198 δουλείᾳ
3511 3125 3742 3180 παντελεῐ

519 3199 719 3252 ιξῑίςιιιιι
749 3198 1026 3266 populum,
1066 3211 1226 3265 quem
1263 3198 1542 3266 captivum
1573 3201 1772 3270 reperit
1826 3202 1880 3257 in
1914 3203 2088 3275 Baby-

517 3291 674 3348 lone,
713 3291 763 3340 in
796 3289 1022 3354 patriam
1077 3290 1337 3342 restituit.
1393 3289 1557 3343 Juna
1610 3307 1932 3364 anagogen,
1992 3311 2087 3365 per

515 3384 886 3434 sanetuarium
923 3379 1054 3446 Dei,
1095 3379 1339 3435 futurum
1400 3384 1754 3453 intelligimus
1797 3388 2085 3456 judicium.

515 3471 571 3524 In
599 3487 708 3541 quo
766 3471 1060 3540 unicuique
1107 3471 1249 3526 Deus
1309 3476 1580 3543 condigna
1636 3479 1938 3543 retribuet,
1989 3495 2084 3549 pro

514 3562 745 3615 meritis.
773 3561 1004 3616 Verbum
1083 3564 1227 3615 enim
1277 3563 1522 3618 Grtrcnm
1553 3606 1566 3632 ,
1608 3568 1854 3634 ἁγιάζω,
1905 3571 2086 3640 (quod

2188 3203 2603 3276 καθυπήγαγεν.
2683 3207 3068 3279 Ἀναγωγικῶς
3128 3215 3182 3268 δὲ
3251 3219 3601 3290 ἁγιαστήριον
3655 3217 3737 3268 τοῦ

2187 3296 2322 3349 Θεοῦ
2357 3299 2388 3365 ἡ
2431 3298 2697 3367 μέλλουσα
2752 3303 2930 3370 κρίσις
2952 3345 2966 3369 ,
3013 3309 3045 3376 ἡ
3079 3307 3422 3377 ἀφορίζουσα
3454 3312 3656 3376 ἑκάστῳ
3679 3308 3738 3359 τὰ

2186 3389 2323 3456 πρὸς
2367 3389 2544 3453 ἀξίαν.
2593 3392 2832 3454 Ἀγιάζω
2886 3398 2994 3467 γὰρ
3033 3400 3094 3452 τὸ
3133 3401 3412 3472 ἀφορίᾷυ.
3463 3401 3589 3457 Τότε
3643 3404 3737 3470 γὰρ

2187 3481 2428 3550 ἀκριϐῶς
2462 3484 2828 3552 μανθάνουσιν
2877 3489 2926 3541 οἱ
2967 3492 3324 3564 μικρόψυχοι,
3377 3497 3557 3549 ὁποῖον
3588 3495 3733 3564 μὲνὴ

2186 3572 2376 3643 ἀρετὴ,
2403 3575 2583 3631 ὁποῖον
2621 3577 2736 3648 eu;
2772 3581 2958 3634 κακία.

511 3659 712 3725 passim
795 3673 984 3714 omnes
1059 3662 1488 3728 interpretantur
1554 3666 1870 3734 sancti/ica,
1947 3669 2088 3722 unde
2161 3671 2535 3742 ἁγιαστήριον,
2595 3679 3004 3750 summarium)
3056 3695 3306 3757 persaepe
3369 3687 3529 3740 etiam
3610 3683 3732 3736 idem

510 3750 815 3822 signiﬁcare
839 3754 1134 3820 invenitur,
1166 3758 1308 3826 quod
1351 3757 1638 3812 determine
1680 3761 1830 3828 (non
1876 3763 2068 3814 mirum
2111 3762 2276 3832 igitur
2345 3770 2390 3821 si
2457 3771 2812 3841 ἁγιαστήριον
2845 3750 3165 3844 projudicio
3195 3750 3507 3849 accipitur,
3545 3795 3658 3834 cum
3687 3777 3732 3828 iII

507 3859 572 3900 θ’)
605 3847 841 3900 onmium
873 3849 1148 3904 hominum
1184 3851 1422 3919 przemia,
1459 3861 1551 3905 aut
1595 3853 1861 3920 supplicia
1897 3853 2308 3913 deterrninanda
2342 3861 2533 3929 sint);
2599 3871 2728 3917 tunc
2779 3863 2942 3936 igitur
3003 3869 3088 3923 vel
3149 3870 3255 3939 ipsi
3319 3847 3482 3928 etiam
3536 3870 3735 3942 pusilfa-

511 3954 684 3992 nnncs
712 3941 1031 4011 intelligent,
1072 3942 1330 4009 quidnam
1366 3943 1535 4012 prosit
1579 3943 1787 4007 virtus,
1817 3952 1868 3996 et
1906 3943 2050 3999 obsit
2091 3945 2306 4005 vitium.

586 4026 743 4084 Vens.
772 4030 858 4086 l8.
902 4031 1270 4089 Verumtamen
1303 4045 1516 4104 propter
1557 4035 1726 4100 dolos,
1758 4037 1981 4102 posuisti
2005 4039 2081 4090 eis

509 4119 673 4174 ntala.
707 4121 820 4190 (0b
852 4140 1036 4178 eorum
1065 4127 1316 4180 nimirum
1364 4127 1538 4180 dolos.
1572 4129 1587 4195 )
1640 4126 1978 4181 Manifestius
2013 4144 2081 4183 ex

511 4213 612 4266 hoc
653 4213 772 4268 loco
821 4214 1240 4288 Babyloniorum
1316 4219 1745 4274 destructionem
1809 4221 2076 4288 prtedicit.

508 4299 790 4368 Superliua
822 4312 1000 4359 tamen
1034 4322 1154 4360 esse
1196 4307 1413 4362 videtur
1444 4308 1613 4362 dictio
1667 4309 1779 4373 illa,
1811 4321 2076 4364 verumta-

507 4408 644 4456 men,
682 4394 1138 4463 quemadmodum
1167 4412 1324 4465 quta
1353 4397 1677 4452 Henraicum
1731 4399 1928 4453 idioma
1980 4415 2079 4453 sa:-

503 4499 800 4553 penumero
835 4487 960 4542 alibi
995 4488 1288 4544 invenitur.
1329 4490 1689 4560 Symmachus
1722 4507 1818 4560 pro
1865 4509 2073 4546 verum-
2106 4527 2147 4581 ο

503 4585 671 4630 tamen
696 4617 710 4643 ,
739 4594 852 4632 vere
891 4580 1047 4643 dixit,
1080 4589 1133 4635 et
1161 4583 1388 4650 parasti,
1422 4599 1539 4652 pro,
1574 4585 1818 4654 posuisti.

573 4670 823 4732 Deiecisti
851 4687 936 4724 eos
978 4672 1104 4724 dum
1134 4672 1481 4727 elevarenlur.
1514 4674 1649 4728 Cum
1684 4677 1736 4728 in
1769 4677 1938 4730 altum
1961 4676 2072 4745 jam

2243 4681 2574 4747 Κατέλαϐες
2600 4686 2822 4749 αὐτους
2849 4687 2918 4738 ἐν
2954 4687 3034 4752 τῷ
3062 4688 3423 4760 ἐπαρθῆναι.
3456 4689 3732 4759 Ἐπαρθένο

501 4762 693 4817 elevati
731 4769 938 4826 essent,
961 4762 1276 4833 divitiisque
1322 4772 1376 4820 et
1405 4767 1551 4819 omni
1583 4765 1855 4824 fclicitatis
1880 4783 2075 4837 genere

2186 4788 2268 4834 τας
2299 4772 2510 4840 πλούτῳ
2538 4775 2630 4828 καὶ
2663 4778 2810 4849 πάσῃ
2844 4779 3116 4853 εὐημερίᾳ
3171 4785 3341 4837 πάλιν
3374 4783 3723 4856 κατέῤῥαξαῖ-

501 4851 800 4915 sublimati,
835 4860 892 4905 tu
923 4867 1017 4907 eos
1044 4870 1235 4910 rursus
1270 4857 1612 4927 confregisti.

574 4939 844 5005 Quomodo
873 4941 1005 5010 {acti
1034 4959 1153 4997 sunt
1184 4946 1236 4998 in
1278 4947 1652 5003 desolationem
1705 4951 1876 5004 subito
1899 4953 1924 5004 ?
1969 4951 2072 5006 Eo-

2246 4952 2376 5019 Πῶς
2399 4953 2678 5019 ἐγένοντο
2717 4962 2803 5023 εἰς
2835 4960 3139 5029 ἐρήμωσιν
3170 4964 3473 5028 ἐξάπινα;
3510 4961 3730 5032 Προῖδὼν

501 5047 620 5086 rum
650 5030 1077 5088 destructionem
1133 5039 1436 5106 pricvidens
1476 5041 1776 5111 PrOpheta,
1831 5052 1938 5096 tam
1984 5060 2074 5100 rc-

2186 5043 2271 5112 τὴν
2306 5046 2689 5117 καταστροφὴν
2718 5048 2917 5116 αὐτῶν,
2973 5054 3358 5123 ἀποθαυμάζει
3391 5057 3452 5107 τὸ
3481 5054 3726 5122 αἰφνίὁ.ον

497 5123 774 5186 pentinam
805 5123 1155 5178 mutationem
1190 5125 1510 5180 admiratur.

2186 5135 2267 5203 ςῆς
2296 5139 2639 5208 μεταϐολῆς·
2686 5141 2914 5204 ἐξάπινα
2963 5145 3072 5215 γὰρ
3127 5148 3185 5199 τὸ
3222 5150 3494 5216 αξφνξδεον
3545 5143 3726 5215 away.

2165 5244 2266 5288 νει.

2242 5319 2584 5387 Ἐξέλιπον,
2614 5323 2930 5379 ἀπώλοντο
2962 5327 3058 5382 διὰ
3091 5329 3201 5396 τὴν
3233 5332 3494 5399 ἁνομὶαν
3519 5329 3723 5384 αὐτῶν.

2161 5411 2234 5462 Τὸ
2263 5411 2546 5474 ἐξέλιπον
2582 5417 3044 5487 ὲφερμηνευτικὸν
3069 5422 3160 5474 τοῦ
3191 5424 3577 5494 damur-toi}
3605 5438 3722 5474 ταυ-

2161 5503 2252 5554 τὸν
2294 5506 2386 5557 καὶ
2433 5505 2600 5575 ἄμφω
2632 5510 2988 5575 σημαίνοντα,
3037 5514 3216 5581 χαρᾶς
3247 5517 3503 5570 ἐπίτασιν
3539 5511 3721 5583 ἐμφαί-

2164 5613 2332 5660 νουσι,
2365 5597 2442 5666 τῷ
2479 5599 2862 5673 διπλασιασμῷ
2897 5603 2992 5657 τοῦ
3023 5606 3315 5674 ὀνόματος.

2250 4046 2422 4113 Πλὴν
2452 4047 2548 4103 διὰ
2600 4052 2706 4116 τὰς
2756 4053 3111 4125 δολιότητας
3143 4059 3291 4115 ἔθου
3327 4063 3532 4125 αὐτοῖς
3577 4059 3732 4111 κακά·

2190 4136 2469 4193 Ἐντεῦθεν
2506 4144 2884 4216 φανερώτερον
2917 4151 3255 4218 προφητεύει
3288 4155 3380 4206 τὸν
3402 4154 3618 4223 ὄλεθρον
3645 4150 3735 4202 τῶν

2176 4227 2556 4289 Βαϐυλωνίων.
2621 4237 2883 4305 Περιττὸν
2937 4239 2992 4292 δὲ
3046 4242 3196 4296 δοκεῖ
3251 4247 3314 4298 τὸ
3393 4247 3579 4312 πλὴν,
3625 4242 3733 4295 καθ’

2183 4318 2469 4391 Ἐϐραῖκὸν
2498 4324 2712 4396 ίδίωμα.
2753 4328 2812 4380 Ὀ
2844 4329 2901 4382 δὲ
2925 4331 3226 4403 Σύμμαχος
3284 4339 3406 4390 ἀντὶ
3427 4338 3540 4402 τοῦ,
3564 4337 3736 4400 πλὴν.

2174 4411 2360 4478 ὄντως
2387 4412 2562 4470 εἶπεν.
2608 4421 2790 4473 Ἐθου
2821 4421 2899 4484 δὲ,
2932 4423 3054 4477 ἀντὶ
3079 4425 3193 4491 τοῦ,
3233 4428 3590 4499 ἡτοίμασας.

573 5294 739 5351 Vens.
787 5297 870 5351 i9.
919 5295 1253 5367 Defecerunt,
1301 5303 1596 5370 perierunt,
1627 5317 1836 5375 propter
1867 5311 2059 5377 iniqui-

495 5397 652 5440 tatem
685 5405 856 5441 suam.
891 5387 1126 5444 Verbum
1160 5394 1447 5458 perierunt,
1487 5397 1553 5449 ad
1591 5399 1850 5466 majorem
1878 5403 2059 5456 decla-

495 5478 763 5531 rationem
798 5481 1034 5548 positum
1060 5492 1143 5536 est
1192 5484 1339 5538 verbi
1402 5488 1716 5555 defecerunt.
1746 5488 1888 5544 Idem
1918 5493 2062 5546 enim

495 5568 585 5619 hic
637 5567 972 5635 signiﬁcant.
1033 5569 1144 5626 liae
1197 5583 1376 5628 autem
1429 5579 1749 5646 repetitione
1799 5580 2065 5652 PrOpheta

436 5715 443 5726 ι
491 5670 764 5709 summum
816 5661 1088 5726 quoddam
1166 5668 1421 5735 gaudium
1475 5679 1636 5738 atque
1720 5672 2060 5730 alacritatem

491 5746 850 5802 demonstrat.
