4070 6224
292 288 404 353 ’745

382 398 538 453 Ὡσεὶ
570 398 859 452 ἐνύπνιον
908 395 1378 467 ἑξεγειρομένου.
1415 394 1495 446 Τὰ
1525 395 1649 447 κατ’
1680 395 1880 457 αὐτοὺς

293 492 560 564 δηλονότι.
594 490 865 560 Καθάπερ
896 490 1004 558 γὰρ
1036 488 1289 542 ἐνύπνιόν
1316 504 1399 550 τις
1428 486 1551 540 ἰδὼν
1589 487 1876 558 ἐράσμιον,

294 584 708 654 ἐξεγειρόμενος
737 583 958 653 ἀθυμεῖ,
974 583 1048 645 ὠς
1072 582 1324 652 διακενῆς
1364 579 1697 641 ἀπολαύσας,
1735 577 1880 632 οὕτω

295 677 389 729 καὶ
416 672 753 728 Βαὸυλὼνιοι
807 673 1278 745 παραδραμούσης
1302 673 1401 743 τῆς
1436 670 1744 742 εὐημερίας
1779 670 1879 722 αὐ-

293 767 429 832 τῶν,
465 766 645 838 μάτην
671 766 1024 837 εύπραγῆσαι
1051 765 1288 832 δόξουοι.
1314 764 1552 835 Τοιαύτη
1583 764 1689 833 γὰρ
1720 763 1754 831 ἡ
1780 763 1874 814 ἀν-

293 858 543 929 θρωπίνη
562 858 743 929 τρυφὴ
768 856 999 928 ὀνείροις
1021 856 1255 919 ἐοικυῖα,
1282 856 1369 909 διὰ
1417 856 1477 909 τὸ
1504 853 1758 909 ἀϐέϐαιον
1786 854 1880 905 καὶ

291 950 393 1021 τὴν
420 951 642 1021 ταχεῖαν
670 948 848 1020 μεταό
856 950 999 1022 δλήν.

1461 282 1849 344 COMMENT.
1894 285 1975 343 IN
2021 284 2377 346 PSALNIOS.

3456 293 3563 356 746

2060 395 2224 449 νειμ.
2263 395 2353 449 ‘20.
2397 396 2566 461 Quasi
2612 396 2875 450 somnium
2931 398 3285 469 exsurgeutis.
3338 400 3562 470 Aliquid

1988 488 2510 559 subintelligendum
2547 496 2653 554 est,
2690 489 2842 544 verbi
2877 490 3054 560 gratia
3083 529 3099 554 ,
3142 491 3562 562 Babyloniorum

1986 580 2242 649 felicitas.
2294 578 2373 632 Ac
2426 578 2472 634 si
2524 579 2755 642 diceret,
2805 578 2951 648 quod
2991 581 3455 649 quemadmodum
3518 584 3565 638 is

1987 671 2078 742 qui
2111 686 2208 741 per
2240 684 2495 724 somnum
2527 678 2742 739 gratum
2768 669 2897 740 quid
2926 670 3093 734 videt,
3127 684 3190 723 ac
3219 670 3561 732 delectabile.

1985 762 2175 820 statim
2211 760 2600 823 contristatur,
2636 777 2758 815 cum
2791 778 2817 814 a
2852 776 3049 816 somno
3095 763 3361 833 exsurgit,
3407 765 3577 832 quasi

1985 848 2138 904 inani
2168 848 2541 904 delectatione
2570 847 2826 904 detentus
2860 850 2952 916 sit,
2998 851 3068 903 ita
3098 852 3260 906 etiam
3288 852 3567 925 Babylonii

1985 945 2218 996 decursa
2274 956 2464 995 eorum
2523 940 2809 1008 felicitate,
2862 945 3081 999 inanem
3140 946 3437 1015 plorabant
3510 952 3569 1002 Se

299 1041 557 1095 habuisse
588 1034 890 1094 fortunam.
929 1038 1319 1109 Hujuseemodi
1348 1039 1491 1092 enim
1524 1047 1652 1093 sunt
1681 1035 1936 1091 humanae
1955 1048 2148 1088 omnes
2176 1031 2594 1096 delectationes,
2666 1034 2899 1088 somniis
2954 1037 3184 1101 similes,
3250 1039 3319 1093 ob
3376 1055 3565 1095 earum

297 1132 557 1189 nimirum
594 1132 1032 1196 instabiiitatcm,
1086 1142 1140 1187 et
1171 1131 1651 1201 frequentissimas
1690 1110 2044 1184 mutationes.

366 1232 562 1299 Κύριε,
592 1230 663 1283 ἐν
692 1228 767 1297 τῇ
794 1230 968 1283 πόλει
986 1246 1107 1284 σου
1136 1227 1252 1295 τὴν
1269 1225 1692 1283 εὶκόνιιαύτῶν
1711 1226 1883 1292 ἐξου·

294 1309 600 1389 δενώσέις.
663 1322 764 1375 Διὰ
824 1322 923 1393 τὴν
989 1321 1145 1375 πόλιν
1201 1339 1296 1376 σου
1334 1320 1737 1394 Ἰερουσαλὴμ,
1782 1319 1882 1391 τὴν

293 1411 595 1483 εὐημερίαν
651 1412 964 1483 ἀτιμάσεις.
1010 1414 1212 1466 Εἰκόνα
1274 1412 1385 1483 γὰρ
1434 1412 1535 1483 τὴν
1570 1412 1881 1484 εύημερέαν

289 1502 473 1557 αὐτῶν
497 1502 747 1569 ἐκάλεσε,
770 1504 858 1558 διὰ
884 1504 944 1557 τὸ
978 1505 1055 1576 μὴ
1087 1506 1295 1577 κυρίως
1336 1500 1477 1560 εἶναι
1502 1505 1530 1558 ὃ
1553 1505 1721 1570 δοκεῖ,
1744 1503 1880 1558 ἀλλὰ

294 1595 582 1668 μιμεῖσθαι
619 1597 810 1666 μόνον·
842 1598 967 1651 ἐπεὶ
991 1600 1088 1652 καὶ
1115 1598 1283 1653 εἰκὼν
1316 1598 1468 1670 παρὰ
1520 1599 1582 1651 τὸ
1617 1598 1876 1653 ἑοικέναι.

292 1684 395 1756 Eia
427 1685 473 1739 δ’
525 1686 592 1740 ἂν
624 1687 779 1750 πόλις
826 1688 921 1741 καὶ
952 1690 985 1759 ἡ
1021 1687 1270 1742 πολιτεία
1300 1688 1394 1742 τοῦ
1430 1687 1564 1743 λαοῦ
1588 1706 1602 1719 ·
1654 1690 1687 1757 ἢ
1724 1689 1817 1741 καὶ
1842 1689 1876 1756 ἠ

290 1776 405 1832 ἄνω
454 1776 518 1831 ἰε
530 1781 766 1851 ρουσαλή
776 1798 836 1851 μ.

366 1960 488 2013 Ὀτι
522 1960 818 2030 ἐξεκαύθη
867 1964 903 2031 ἠ
936 1965 1151 2033 καρδία
1180 1981 1321 2033 μου.
1363 1964 1453 2034 Τῷ
1486 1965 1619 2035 πυρὶ¹
1660 1966 1754 2017 τοῦ
1789 1963 1882 2015 θυ-

296 2052 424 2121 μοῦ,
479 2051 658 2108 εῖτουν
694 2053 774 2124 τῷ
807 2054 989 2126 ζήλῳ*
1044 2055 1148 2128 ἔφη
1201 2058 1308 2128 γὰρ
1366 2059 1424 2108 ὲν
1478 2054 1878 2127 προοιμίῳτοῦ

295 2146 564 2216 παρόντος
588 2147 830 2219 ψαλμοῦ,
858 2151 978 2204 ’Ότι
1015 2150 1289 2220 ἐζῆλωσα
1316 2151 1413 2205 ἐπὶ
1450 2152 1576 2216 τοῖς
1608 2151 1877 2219 ἀνόμοις,

298 2236 551 2307 εἰρήνην
586 2237 951 2309 ἁμαρτωλῶν
983 2242 1236 2311 θεωρῶν.
1303 2243 1517 2298 Ἐκεῖνα
1549 2241 1678 2312 γοῦν
1725 2240 1879 2307 αὖθις

294 2330 543 2382 ἐπαναλα
553 2331 773 2400 μϐἀνει.

369 2420 475 2474 Καὶ
510 2424 564 2475 ot
611 2426 821 2492 νεφροί
864 2443 985 2494 μου
1020 2426 1466 2494 ἠλλοκώθησαν.
1528 2426 1637 2497 Τὴν
1690 2426 1881 2480 ἐπιθυ-

296 2509 429 2579 μίαν
478 2511 565 2565 διὰ
594 2514 701 2565 τῶν
733 2517 947 2583 νεφρῶν
976 2518 1312 2570 αἰνίττεται·
1355 2517 1536 2580 καθὼς
1574 2519 1879 2588 προλαϐόν-

290 2616 384 2663 τες
419 2601 721 2672 εἰρήκαμεν
756 2605 813 2655 ἐν
851 2604 1055 2669 ἄλλοις.
1104 2607 1379 2678 Πρότερον
1419 2607 1526 2677 γὰρ
1564 2609 1876 2679 ἐπιθυμιῶν

291 2693 399 2745 τῶν
425 2693 591 2758 ὅντως
624 2695 868 2775 ἀγαθῶν,
906 2697 1133 2769 ὕστερον
1160 2703 1254 2754 καὶ
1284 2700 1395 2754 τῶν
1418 2700 1719 2757 δοκούντων
1750 2705 1878 2756 ἑπε-

292 2783 539 2854 Θύμησα,
581 2774 735 2858 φησι,
760 2774 1012 2859 ζηλώσας
1046 2793 1173 2856 τοὺς
1204 2793 1458 2864 ἐχθρούς.

365 2963 536 3034 Κάγὼ
555 2965 1057 3036 ἐξουδενώμενος,
1085 2969 1182 3023 καὶ
1228 2971 1339 3023 οὐκ
1370 2969 1580 3039 ἔγνων.
1624 2971 1786 3024 Τουτὶ
1818 2973 1876 3024 τὸ

2059 1220 2304 1286 Domine,
2334 1220 2388 1274 in
2424 1221 2639 1276 civitate
2686 1232 2777 1278 tua
2818 1224 3095 1295 imaginem
3121 1242 3302 1280 eorum
3332 1229 3401 1281 ad
3423 1228 3567 1282 nihi-

1987 1316 2098 1370 lum
2157 1314 2381 1384 redigas.
2438 1313 2673 1384 PrOpter
2724 1314 3003 1371 civitatem
3057 1326 3203 1371 tuam
3264 1317 3566 1376 Jerusalem

1987 1422 2180 1463 eorum
2218 1405 2540 1461 felicitatem
2576 1406 2903 1477 reprobabis
2935 1424 2949 1462 :
3008 1423 3173 1479 quam
3210 1409 3335 1465 ideo
3370 1411 3566 1478 imagi-

1986 1515 2110 1555 nem
2146 1498 2466 1570 appellavit,
2502 1498 2630 1570 quia
2669 1500 2910 1554 humana
2945 1499 3201 1568 felicitas,
3234 1518 3363 1559 vera
3397 1504 3570 1559 felici-

1984 1599 2072 1647 tas
2103 1606 2211 1646 non
2248 1596 2353 1656 est,
2391 1590 2613 1646 tametsi
2655 1605 2778 1646 esse
2810 1589 3103 1648 videatur:
3140 1593 3237 1648 sed
3275 1604 3331 1648 ut
3365 1596 3568 1666 imago,

1985 1693 2081 1740 aut
2110 1684 2326 1747 umbra,
2356 1683 2607 1737 imitatur
2637 1691 2848 1737 tantum
2880 1681 3225 1739 felicitatem.
3281 1683 3385 1742 Per
3430 1687 3572 1741 civi-

1987 1786 2155 1832 tatem
2209 1787 2388 1830 autem
2421 1774 2526 1830 hoc
2558 1775 2612 1829 in
2648 1775 2790 1839 loco,
2839 1775 3145 1848 intelligere
3178 1789 3336 1849 potes
3383 1779 3571 1850 populi

1989 1869 2291 1934 civitatem,
2327 1867 2411 1921 vel
2445 1867 2622 1937 ipsam
2659 1882 2961 1935 supernam
2995 1868 3325 1927 Jerusalem.

2056 1958 2223 2014 Vens.
2264 1957 2356 2012 2|.
2403 1959 2542 2025 Quia
2576 1958 2971 2026 inﬂammatum
3010 1973 3086 2015 est
3109 1978 3200 2015 cor
3228 1979 3419 2017 meum.
3467 1965 3572 2019 Ar-

1989 2049 2139 2104 denti
2177 2049 2391 2103 scilicet
2435 2049 2672 2117 quodam
2709 2049 2868 2103 zelo:
2912 2052 3058 2118 quod
3096 2052 3259 2107 etiam
3306 2055 3359 2107 in
3411 2055 3571 2109 initio

1987 2141 2182 2211 psalmi
2210 2140 2348 2195 dixit
2375 2157 2390 2194 :
2428 2140 2570 2207 Quia
2600 2141 2771 2195 zelat'i
2800 2157 2956 2210 super
2978 2143 3212 2214 iniquos,
3240 2160 3421 2212 pacem
3454 2163 3573 2216 pec-

1989 2242 2228 2287 satorum
2259 2234 2460 2286 videns.
2496 2232 2760 2288 Eamdem
2794 2236 2939 2287 enim
2976 2234 3063 2290 hic
3098 2238 3294 2305 repetit
3340 2246 3589 2302 senten-_

1990 2328 2142 2382 tiam.

2061 2418 2129 2471 Et
2180 2436 2326 2473 renes
2376 2420 2478 2472 mei
2512 2421 2829 2473 commutati
2857 2429 3003 2473 sunt.
3050 2419 3154 2475 Per
3180 2436 3339 2476 renes
3366 2436 3569 2477 concu-

1989 2510 2315 2581 piscentiam
2369 2509 2644 2577 intelligit,
2683 2519 2741 2564 ut
2772 2509 2937 2565 etiam
2973 2509 3107 2564 alibi
3144 2510 3411 2566 diximus.
3459 2515 3570 2565 An-

1988 2612 2097 2670 tea,
2131 2604 2331 2673 iuquit,
2361 2617 2423 2658 ea
2460 2602 2753 2673 concupivi
2791 2618 2913 2673 quae
2938 2614 3097 2657 erant
3124 2604 3290 2669 bona,
3326 2613 3572 2675 postmo-

1985 2698 2116 2754 dum
2163 2713 2297 2753 vero
2350 2712 2460 2751 non
2514 2698 2704 2752 eadem
2756 2697 3013 2767 amplius,
3066 2713 3188 2767 qua:
3220 2697 3364 2754 bona
3410 2712 3570 2754 erant

1985 2790 2189 2855 Optavi.
2242 2786 2341 2843 sed
2392 2801 2513 2857 qua:
2565 2801 2691 2842 esse
2739 2785 3070 2840 videbantur
3108 2787 3295 2842 bona:
3345 2788 3568 2858 quando

1987 2878 2195 2934 scilicet
2225 2878 2572 2933 inimicorum
2609 2890 2797 2946 pacem
2831 2875 3025 2930 zelavi.

2061 2968 2128 3021 Et
2167 2985 2260 3039 ego
2291 2967 2551 3038 neglectus
2569 2983 2709 3031 sum,
2730 2977 2778 3021 et
2804 2983 2906 3020 non
2930 2968 3164 3038 cognati.
3195 2966 3294 3022 llic
3320 2969 3570 3033 versicu-

296 3056 585 3127 ρητὺνκαὶ
612 3060 680 3112 τὰ
706 3059 834 3129 ἑξης
868 3060 1009 3131 μετὰ
1057 3062 1155 3132 τὴν
1205 3063 1469 3117 ἐπάνοδον
1519 3063 1876 3134 ἁρμόζουσιν.

1988 3062 2097 3121 lus.
2128 3068 2183 3116 et
2216 3060 2451 3131 reliqua,
2487 3075 2609 3130 quae
2645 3069 2974 3130 sequuntur,
3011 3071 3230 3131 tempus
3260 3063 3568 3132 respiciunt

306 3149 774 3222 Ἐξουδενωμένος
799 3152 970 3223 ήμην,
1007 3156 1194 3226 φησιν,
1239 3154 1416 3211 εἵτουν
1463 3155 1879 3226 ἀπερριμμένοις

291 3243 401 3295 ἀπὸ
430 3243 524 3296 σοῦ
552 3245 675 3297 τότε
706 3244 793 3297 διὰ
833 3246 933 3309 τὰς
960 3246 1238 3318 ἁμαρτίας
1267 3264 1373 3317 μου
1395 3262 1410 3277 ’
1447 3247 1541 3301 καὶ
1587 3247 1676 3300 διὰ
1720 3245 1880 3301 τοῦτο

290 3332 393 3385 ούκ
420 3333 592 3403 ἔγνων
616 3335 676 3387 τὸ
704 3336 1079 3407 ἀπορούμενόν
1110 3355 1220 3407 μοι,
1251 3337 1328 3409 μὴ
1354 3336 1495 3407 ἔχων
1518 3337 1610 3391 τὸν
1639 3336 1750 3391 ἀπὸ
1780 3337 1876 3390 σοῦ

291 3427 591 3495 φωτισμόν.
634 3429 692 3480 '0
722 3428 780 3481 δὲ
812 3427 1109 3501 Σύμμαχος
1138 3431 1258 3483 ἀντὶ
1294 3430 1387 3483 τοῦ
1432 3428 1877 3499 Ἔξουδενωμέ-

292 3534 423 3584 νος,
449 3518 903 3591 Ἀνεπιστήμων
938 3520 1120 3590 ἢμην,
1156 3519 1333 3576 εἶπεν.

364 3609 687 3679 Κτηνώδης
746 3613 1043 3683 ἐγενήθην
1083 3616 1244 3683 παρὰ
1298 3615 1422 3669 σοι.
1456 3615 1679 3680 Λοιπὸν,
1704 3615 1871 3685 ἀνόη-

291 3718 383 3767 τος
450 3704 721 3775 ἐγενόμην
783 3723 886 3772 σοι,
916 3707 1218 3773 τουτέστιν,
1270 3708 1374 3760 οὐκ
1435 3706 1513 3761 ἔτι
1576 3706 1875 3777 περιεργά-

295 3813 461 3867 σομαι
488 3799 555 3850 τὰ
588 3799 837 3869 κρίματά
872 3816 966 3852 σου
993 3814 1007 3829 σ
1045 3798 1183 3851 ἀλλὰ
1217 3798 1376 3869 δίκην
1409 3800 1641 3868 κτήνους
1673 3799 1878 3854 ἀπολυ-

291 3889 627 3959 πραγμόνως
690 3890 893 3959 ἕψομαι
943 3891 1058 3953 τοῖς
1113 3892 1225 3954 σοῖς
1278 3890 1604 3962 βουλήμασι.
1639 3890 1876 3958 Διέγνων

292 3980 402 4050 γὰρ
426 3982 507 4036 ὄτι
532 3985 710 4037 πάντα
761 3984 902 4052 μετὰ
939 3983 1175 4052 κρίσεως
1203 3984 1535 4050 οἰκονομεῖς.
1581 3981 1876 4055 Ἐπαινετὴ

291 4076 324 4136 ἠ
353 4075 505 4145 παρὰ
532 4074 608 4144 τῷ
640 4076 758 4147 Θεῷ
812 4075 952 4148 αὕτη
982 4075 1251 4147 κτηνωδία
1270 4091 1286 4107 ·
1322 4074 1726 4147 διαϐεϐλημὲνη
1754 4073 1813 4127 δὲ
1844 4074 1877 4145 ἡ

293 4165 445 4233 παρὰ
499 4164 593 4217 τοῦ
641 4149 919 4235 δαίμονος,
964 4166 1039 4230 ὡς
1074 4167 1157 4229 τὸ,
1189 4162 1707 4235 Παρασυνεόλήθη
1752 4164 1879 4229 τοῖς

290 4250 543 4321 κτήνεσι
582 4254 706 4320 τοῖς
738 4254 1041 4324 ἀνοήτοις,
1068 4256 1167 4309 καὶ
1194 4253 1462 4325 ὡμοιώθη
1502 4255 1730 4322 αὐτοῖς.

1981 3160 2107 3226 post
2131 3152 2369 3209 reditum
2396 3167 2427 3206 e
2455 3152 2796 3222 captivitate.
2830 3151 3123 3223 Negleetus
3152 3154 3325 3219 enim,
3367 3153 3567 3223 inquit,

1986 3247 2268 3318 proiectus
2296 3261 2421 3302 sum
2458 3261 2487 3299 a
2521 3256 2573 3300 te
2604 3260 2755 3300 nunc
2786 3254 3014 3316 propter
3048 3256 3273 3317 peccata
3308 3263 3451 3311 mea,
3482 3259 3570 3301 at—

1982 3355 2088 3412 que
2120 3340 2244 3395 ideo
2280 3338 2683 3393 illuminatione
2734 3346 2827 3392 tua
2879 3339 3150 3409 privatus,
3207 3338 3260 3393 id
3308 3354 3419 3395 non
3467 3356 3566 3395 co-

1979 3428 2167 3502 gnovi,
2201 3428 2269 3485 de
2302 3444 2415 3500 quo
2456 3430 2865 3486 dubitaveram.
2899 3430 3266 3500 Symmachus
3293 3446 3416 3502 pro,
3449 3429 3567 3483 Ne-

1979 3522 2204 3592 glectus,
2234 3520 2388 3584 dixit,
2424 3520 2683 3576 Indoctus
2714 3537 2885 3575 eram.

2051 3610 2216 3666 Vens.
2258 3610 2352 3666 22.
2417 3610 2486 3665 Ut
2517 3610 2824 3679 iumentum
2876 3613 3048 3683 factus
3108 3628 3224 3664 sum
3284 3613 3429 3682 apud
3491 3623 3565 3667 te.

1980 3690 2115 3775 Ego,
2169 3703 2368 3771 inquit,
2425 3703 2478 3757 in
2531 3704 2874 3774 prseteritum
2929 3703 3196 3771 insipiens
3228 3710 3410 3757 tecum
3462 3702 3561 3766 lui,

1991 3813 2181 3853 verum
2218 3797 2481 3869 deinceps
2510 3797 2720 3868 judicia
2747 3807 2837 3853 tua
2892 3797 3009 3869 (70)
3071 3798 3289 3855 curiose
3326 3800 3563 3870 amplius

1982 3907 2091 3947 non
2148 3874 2515 3962 investigabo,
2546 3893 2640 3947 sed
2684 3893 2919 3962 jumeuti
2953 3894 3152 3953 instar,
3180 3893 3381 3948 omissa
3410 3898 3559 3949 omni

1981 3985 2324 4048 curiositate,
2345 3993 2496 4039 tuam
2516 3998 2718 4055 sequar
2738 3984 3098 4047 voluntatem,
3115 3987 3343 4057 cognovi
3357 3987 3557 4041 etenim

1980 4074 2126 4147 quod
2158 4089 2379 4130 summa
2426 4090 2553 4130 cum
2600 4074 2813 4129 ratione
2847 4089 2912 4129 ac
2950 4074 3186 4144 judicio,
3234 4077 3418 4131 omnia
3466 4077 3563 4132 ad-

1980 4169 2286 4224 ministras.
2315 4166 2616 4223 Laudabile
2639 4174 2724 4222 est
2768 4176 2975 4233 autem,
3007 4176 3067 4222 ut
3098 4168 3240 4237 apud
3265 4168 3432 4225 Deum
3460 4186 3560 4225 nos

1981 4259 2132 4331 ipsos
2186 4258 2595 4325 existimemus,
2648 4268 2708 4314 ut
2751 4258 3027 4328 iumenta,
3073 4261 3293 4315 tametsi
3342 4275 3561 4326 contra,

292 4343 655 4400 criminosum
702 4348 796 4411 sit,
836 4357 898 4401 ut
938 4350 1250 4418 iumentum
1306 4350 1522 4413 haberi,
1582 4350 1725 4420 apud
1762 4349 2090 4420 dtemonem,
2139 4362 2200 4410 ut
2272 4355 2404 4412 alibi
2434 4354 2676 4409 vidimus
2746 4354 2840 4421 (in
2909 4355 3121 4425 psalmo
3183 4371 3371 4421 xum,
3415 4358 3488 4414 ibi
3541 4375 3565 4417 :

295 4436 471 4491 Homo
501 4454 619 4491 cum
663 4442 715 4492 in
760 4440 955 4496 honore
985 4442 1155 4513 esset)
1190 4456 1530 4511 comparatus
1561 4443 1914 4513 estjumentis
1948 4447 2353 4518 insipientibus,
2387 4457 2434 4502 et
2463 4446 2654 4503 similis
2684 4446 2864 4517 factus
2903 4456 2982 4501 est
3008 4447 3121 4501 illis
3154 4448 3218 4502 "’.

366 4530 537 4599 Κάγὼ
575 4531 672 4584 διὰ
704 4533 931 4600 παντὸς
954 4537 1106 4604 μετὰ
1152 4536 1290 4590 σοῦ.
1320 4535 1752 4602 Συνεξακούεται
1790 4535 1870 4601 τὸ,

2055 4540 2121 4593 Et
2176 4558 2267 4611 ego
2312 4556 2516 4608 semper
2569 4549 2758 4593 tecum.
2808 4537 3271 4609 Subintelligitur,
3308 4541 3556 4605 verbum,

296 4623 651 4690 Ἔσομαι,σὲ
677 4624 872 4677 ἐννοῶν
902 4626 1010 4691 ἀεὶ,
1042 4624 1139 4679 καὶ
1172 4626 1241 4679 τὰ
1272 4625 1341 4679 σὰ
1366 4626 1563 4692 λαλῶν,
1602 4624 1698 4679 καὶ
1725 4625 1878 4679 οὐδέ-

292 4731 425 4768 ποτε
452 4717 547 4785 τῆς
574 4716 671 4787 σῆς
700 4718 921 4789 μνήμης
946 4718 1336 4790 ἀφιστάμενος.

376 4892 752 4962 Ἑκράτησας
779 4893 892 4964 τῆς
935 4895 1133 4965 χειρὸς
1173 4895 1287 4965 τῆς
1316 4896 1520 4965 δεξιᾶς
1562 4918 1705 4970 μου.
1746 4902 1877 4955 Χει-

296 4986 549 5058 ραγωγοῦ
579 4986 759 5057 δίκην,
791 4988 1060 5045 ὲπελάὁου
1090 4990 1188 5059 τῆς
1231 4990 1415 5061 χειρός
1461 5008 1588 5060 μου,
1619 4994 1716 5047 καὶ
1746 4992 1873 5065 ἑξή-

294 5080 467 5147 γαγές
499 5096 565 5149 με
589 5079 688 5149 τῆς
714 5080 818 5150 γῆς
846 5080 955 5135 τῶν
985 5081 1345 5136 Βαϐυλωνίων
1388 5086 1481 5136 καὶ
1505 5089 1602 5155 τῆς
1628 5085 1875 5150 δουλείας

295 5169 497 5225 αὐτῶν.
527 5171 599 5224 Ἦ
628 5172 840 5241 καὶτῆς
870 5172 1050 5239 δεξιᾶς
1079 5175 1282 5245 χειρὸς,
1314 5175 1411 5246 τὴν
1439 5175 1620 5240 δεξιὰν
1674 5178 1873 5249 πρᾶξιν

295 5260 684 5331 ὑποσημαίνει,
704 5265 786 5317 ὅτι
807 5264 1011 5335 ταύτης
1043 5265 1342 5335 λαῦόμενος
1372 5266 1641 5338 ἐξήγαγες
1673 5286 1765 5337 με.

1986 4633 2127 4697 Ero;
2150 4641 2201 4688 te
2234 4633 2493 4688 nimirum
2525 4645 2741 4700 semper
2767 4631 3034 4700 cogitans,
3062 4640 3114 4685 et
3152 4631 3405 4701 loquens,
3437 4650 3560 4699 quae

1985 4731 2077 4777 tua
2128 4731 2293 4788 sunt,
2324 4730 2489 4791 atque
2527 4737 2556 4773 a
2615 4719 2695 4774 tui
2733 4720 2999 4775 memoria
3063 4736 3350 4791 nunquam
3406 4739 3561 4781 recc-

1986 4815 2143 4870 deus.

2055 4906 2220 4961 Vsus.
2260 4905 2349 4959 23.
2390 4902 2629 4958 Tenuiin
2665 4920 2882 4958 manum
2913 4906 3186 4961 dexteram
3218 4925 3409 4963 meam.
3450 4910 3561 4972 Tu,

1985 4998 2187 5067 inquit,
2224 4996 2418 5067 optimi
2471 4996 2722 5051 ductoris
2771 4996 2966 5063 instar,
3004 5015 3227 5054 manum
3262 5018 3435 5055 meam
3466 5019 3567 5069 ap-

1984 5088 2419 5158 prebendisti,et
2441 5086 2509 5141 de
2541 5094 2708 5151 terra,
2739 5101 2803 5140 ac
2838 5088 3103 5145 servitute
3132 5076 3559 5161 Babyloniorum

1984 5195 2071 5235 me
2098 5179 2331 5235 eduxisti
2355 5195 2369 5242 ;
2402 5178 2595 5249 vellper
2622 5177 2902 5235 dexteram
2929 5196 3149 5236 manum
3168 5221 3183 5247 ,
3214 5182 3467 5237 meliores
3496 5198 3560 5236 ac

1984 5272 2375 5329 laudabiliores
2404 5271 2651 5326 actiones
2681 5271 2979 5339 signiﬁcat,
3013 5274 3214 5343 quibus
3244 5282 3322 5339 tu,
3356 5272 3558 5341 inquit,

295 5353 533 5411 eduxisti
584 5373 694 5428 me,
744 5362 978 5432 benigno
1027 5362 1285 5418 nimirum
1320 5364 1502 5418 animo
1536 5378 1631 5419 eas
1684 5364 2016 5435 suscipiens.

404 5502 449 5533 "
482 5500 631 5556 Psal.
670 5517 861 5566 sum.
908 5503 997 5559 21.

1654 5571 1850 5633 Variae
1872 5570 2206 5634 lectiones.

368 5675 482 5748 (70)
515 5678 620 5731 Aut
647 5693 755 5748 non
793 5678 932 5733 satis
978 5688 1266 5732 assecutus
1317 5686 1423 5739 est,
1478 5688 1572 5731 aut
1605 5694 1710 5731 non
1739 5680 1874 5732 satis

298 5745 528 5804 ﬁdeliter
561 5747 795 5803 reddidit
824 5749 1066 5803 auctoris
1093 5763 1335 5802 sensum.
1363 5748 1549 5803 Grazce
1589 5750 1667 5804 sic
1707 5767 1719 5801 :
1761 5748 1867 5818 Ego

633 5847 913 5910 Ριτιιοι..
956 5847 1076 5908 Gn.
1122 5846 1460 5909 CXXVIII.

1984 5680 2227 5757 deinceps
2258 5679 2512 5747 insipiens
2555 5679 2637 5751 fui
2678 5681 2801 5754 (pro
2826 5681 2956 5755 :ero)
2987 5690 3155 5737 tecum
3190 5698 3209 5735 :
3239 5682 3336 5738 hoc
3373 5690 3450 5738 est
3467 5681 3562 5757 ju-

1977 5751 2118 5802 dicia
2147 5758 2257 5814 tua,
2287 5760 2375 5804 ctc

3140 5851 3218 5910 2's
