4070 6224
539 222 649 289 ’147

1738 231 2118 292 ΕΗΤΠΥΜΙΙ
2157 233 2518 294 ZlGABENI

3689 235 3806 298 τις

614 341 679 394 Et
735 341 786 394 in
817 340 1036 394 consilio
1069 349 1158 393 tuo
1213 337 1480 392 deduxisti
1537 357 1634 393 me.
1701 341 1767 396 Et
1820 345 2114 399 consilium

2290 348 2400 401 Kal
2440 348 2510 401 ἐν
2534 346 2606 415 τῇ
2630 345 2833 413 βουλῇ
2864 360 2981 400 σου
3007 343 3300 415 ἐξὴγαγές
3325 360 3424 414 με.
3458 345 3569 398 Καὶ
3603 346 3819 399 ὑπέθου

544 432 676 486 mihi
731 430 1186 495 subministrasti,
1247 446 1357 500 quo
1407 431 1548 486 duce
1581 443 1699 502 ‘per
1740 441 1820 488 tot
1872 438 2116 506 gentium

547 524 796 594 regiones
833 524 882 574 in
917 520 1148 590 patriam
1182 521 1454 579 deductus
1481 540 1624 579 sum.

619 615 683 667 Et
724 631 840 666 cum
890 612 1065 682 gloria
1093 617 1374 684 suscepisti
1406 633 1505 670 me.
1540 618 1605 670 Et
1633 617 1963 676 honoratum
1989 622 2120 676 mihi

545 707 595 759 in
623 705 896 758 civitatem
932 717 1076 758 tuam
1096 706 1378 760 introitum
1411 706 1658 774 donasti;
1686 712 1733 764 is
1759 712 1906 764 enim
1939 714 2120 784 populi

544 796 753 850 reditus
803 797 854 850 iu
903 797 1159 867 patriam,
1192 799 1587 855 celeberrimus
1618 801 1758 870 apud
1805 817 1999 860 omnes
2045 805 2124 859 ef-

542 887 720 942 fectus
753 900 860 941 est.
912 886 1084 958 Regia
1121 887 1324 941 etenim
1375 888 1576 954 edicta,
1626 905 1747 958 quae
1778 907 1877 960 pro
1933 895 2120 964 populi

544 979 719 1034 reditu
749 996 777 1032 a
807 979 946 1050 Cyro
996 988 1350 1045 emanarunt,
1395 981 1460 1034 ad
1514 982 1804 1039 universas
1837 985 1992 1041 orbis
2026 1002 2122 1041 ua-

544 1074 722 1125 tiones
755 1071 1160 1141 dirigebantur.

610 1164 774 1222 Vens.
814 1164 905 1217 SM.
934 1164 1074 1228 Quid
1108 1167 1245 1218 enim
1276 1178 1352 1219 .st
1382 1165 1509 1218 mihi
1538 1167 1588 1220 in
1609 1168 1758 1235 creto,
1787 1181 1835 1222 et
1862 1188 1892 1223 α
1923 1183 1971 1225 te
1995 1171 2121 1241 quid

541 1257 681 1309 rolui
719 1273 876 1325 super
924 1259 1166 1310 terram?
1224 1257 1351 1313 Haec
1404 1257 1570 1314 verba
1604 1261 1821 1330 quidam
1860 1265 1932 1317 ita
1966 1265 2127 1320 intel-

539 1350 740 1418 ligunt,
776 1357 834 1402 ut
869 1366 896 1402 ιι
929 1350 1040 1404 Deo
1070 1350 1134 1402 ad
1169 1350 1464 1404 humanam
1497 1361 1750 1406 naturam
1787 1355 1932 1409 dicta
1961 1358 2070 1412 sint
2104 1377 2118 1410 :

541 1439 682 1505 Quid
719 1439 872 1504 mihi,
910 1439 1109 1508 inquit,
1153 1439 1302 1494 aliud
1341 1440 1398 1494 in
1427 1441 1568 1496 coelo
1616 1453 1719 1508 est,
1772 1445 1840 1498 ab
1886 1450 2119 1518 angelis,

544 1531 645 1586 nisi
664 1531 866 1592 cultus.
887 1531 1158 1596 adoratio,
1184 1539 1349 1602 atque
1375 1534 1688 1589 obedien:ia
1709 1536 1810 1590 ?Et
1829 1555 1858 1591 a
1885 1548 1934 1594 te
1959 1541 2119 1607 quid-

532 1639 666 1676 nam
705 1624 850 1678 aliud
884 1625 1026 1678 volui
1060 1626 1114 1678 in
1169 1633 1314 1680 terra
1403 1642 1566 1696 quam
1624 1639 1679 1681 ut
1739 1629 1925 1686 eadem
1985 1635 2120 1688 mihi

2238 457 2328 508 μοι
2358 438 2576 510 βουλὴν,
2603 439 2668 492 δι’
2691 433 2758 507 ἦς
2782 436 3071 508 ὡδηγήθην
3099 436 3332 507 βαδίζων
3356 436 3444 489 διὰ
3478 436 3585 490 τῶν
3621 437 3820 493 ἐθνῶν.

2303 616 2411 670 Καὶ
2435 615 2586 684 μετὰ
2615 613 2800 682 δόξης
2830 612 3216 682 προσελάϐου
3243 630 3341 682 με.
3394 614 3502 667 Καὶ
3538 619 3823 686 περιφανῆ

2237 726 2326 779 μοι
2357 708 2457 779 τὴν
2493 707 2570 770 είς
2623 706 2722 778 τὴν
2771 705 2871 776 σὴν
2925 704 3080 758 πόλιν
3119 704 3323 759 εἴσοδον
3359 705 3638 776 ἐχαρίσω*
3682 709 3826 761 πᾶσι

2233 801 2342 871 γὰρ
2387 798 2626 870 ἀκουστὴ
2675 799 2898 868 γέγονεν
2963 801 2998 869 ἡ
3049 797 3324 862 ἐπάνοδος.
3379 799 3490 852 Καὶ
3560 800 3827 871 βασιλικὰ

2230 892 2576 962 διατάγματα
2609 891 2735 960 περὶ
2764 893 2971 961 ταύτης
2997 890 3132 943 πᾶσι
3162 891 3277 952 τοῖς
3330 889 3540 945 ἔθνεσιν
3581 891 3609 943 ὁ
3634 889 3827 961 Κῦρος

2232 983 2638 1050 ἐξαπέστειλεν.

2311 1161 2376 1217 Τι
2399 1162 2509 1233 γάρ
2551 1180 2652 1232 μοι
2685 1160 2940 1230 ὑπάρχει
2978 1162 3048 1214 ἐν
3091 1159 3170 1226 τῷ
3221 1158 3478 1227 οὐρανῷ,
3515 1158 3614 1213 καὶ
3656 1161 3824 1228 παρὰ

2231 1254 2349 1308 σοῦ
2381 1255 2438 1308 τί
2467 1255 2742 1323 ἠθέλησα
2772 1254 2870 1308 ἐπὶ
2906 1252 3015 1321 τῆς
3040 1251 3188 1322 τῆς;
3219 1252 3392 1306 Τοῦτό
3427 1269 3570 1314 τινες
3602 1252 3681 1315 ὡς
3709 1253 3822 1306 ἀπὸ

2231 1344 2324 1399 τοῦ
2351 1345 2486 1399 Θεοῦ
2520 1345 2685 1418 ῥηθὲν
2708 1348 3017 1418 νενοήκασι,
3049 1346 3271 1414 λέγοντο
3282 1365 3300 1408 ;
3326 1345 3458 1414 πρὸς
3488 1343 3578 1397 τὸν
3601 1345 3824 1412 ἄνθρω·

2230 1455 2334 1491 πον
2358 1455 2373 1471 ο
2409 1440 2475 1494 Τί
2508 1458 2596 1510 μοι
2641 1441 2832 1510 ἕτερον
2881 1442 2940 1493 ἐν
2975 1439 3054 1510 τῷ
3084 1438 3297 1510 οὐρανῷ
3330 1441 3482 1508 παρὰ
3515 1438 3623 1490 τῶν
3650 1438 3825 1506 ἀγγέ-

2238 1529 2350 1583 λων
2379 1532 2410 1602 ἢ
2449 1531 2610 1602 μόνον
2656 1531 2882 1603 λατρεία
2913 1533 3006 1585 καὶ
3037 1533 3250 1601 ὑπακοή
3275 1549 3290 1596 ;
3319 1532 3414 1583 καὶ
3451 1530 3603 1600 παρὰ
3636 1530 3735 1582 σοῦ
3765 1532 3822 1583 τί

2225 1621 2416 1694 ἕτερον
2448 1625 2687 1695 ἠθέλησα
2714 1626 2806 1677 ἐπὶ
2853 1625 2955 1693 τῆς
3015 1626 3117 1694 γῆς
3167 1624 3198 1694 ἦ
3234 1622 3408 1676 ταῦτα
3443 1623 3644 1692 μόνονς
3709 1624 3822 1676 Καὶ

541 1721 861 1782 przestares,
891 1728 1013 1784 quae
1045 1714 1111 1767 ab
1147 1714 1357 1784 angelis
1388 1715 1518 1768 mihi
1559 1726 1689 1770 sunt
1721 1715 1773 1770 in
1805 1719 1991 1772 coelo?
2023 1719 2115 1774 Vel

2232 1717 2397 1780 ἄλλως
2421 1731 2436 1746 ⁶
2467 1719 2531 1770 Τί
2565 1717 2753 1790 ἕτερόν
2779 1735 2868 1788 μοι
2906 1715 3380 1788 περισπούδαστον
3411 1717 3468 1767 ἐν
3496 1715 3574 1786 τῷ
3596 1715 3820 1786 οὐρανῷ

542 1805 742 1858 aliter:
794 1804 932 1871 Quid
971 1805 1101 1858 mihi
1135 1805 1187 1858 in
1218 1805 1359 1860 etelo
1393 1806 1540 1859 aliud
1598 1824 1746 1862 cura:
1804 1819 1909 1872 est,
1962 1827 2126 1880 quam

546 1910 599 1949 tu
628 1897 743 1966 ipsa
758 1907 953 1950 natura
982 1897 1220 1950 humana
1244 1897 1266 1949 τ
1288 1895 1352 1950 Et
1373 1912 1402 1949 a
1426 1907 1476 1952 te
1499 1898 1758 1967 quidnam
1811 1899 1955 1957 aliud
1983 1902 2126 1956 volui

544 1989 796 2053 interra,
823 2003 982 2057 quam
1017 1988 1334 2053 utilitatem,
1363 1996 1414 2042 et
1451 1990 1800 2045 commodum
1831 1993 2031 2046 tuum?
2063 1993 2130 2048 Et

544 2078 609 2133 ad
650 2078 796 2132 hunc
841 2093 1065 2133 sensum
1097 2078 1292 2148 Aquila
1346 2079 1764 2149 interpretatur.
1813 2083 2037 2147 Verum,
2070 2091 2130 2138 ut

545 2174 596 2224 in
632 2171 949 2226 universum
985 2170 1203 2234 dicam,
1265 2186 1646 2240 saepenumero
1681 2174 1823 2243 apud
1874 2174 2118 2246 Prophe-

544 2272 626 2317 tas
681 2262 980 2316 defectivos
1027 2261 1295 2331 quosdam
1335 2265 1640 2331 reperimus
1675 2280 1977 2320 sermones.
2036 2267 2117 2320 0b

543 2351 823 2406 llebraiczu
857 2352 1061 2406 etenim
1097 2351 1294 2419 linguae
1348 2355 1688 2421 angustiam,
1737 2371 1765 2408 a
1806 2371 1914 2426 qua
1958 2363 2115 2411 vetus

2225 1811 2274 1860 al
2301 1808 2378 1878 μὴ
2405 1809 2468 1862 σύ
2495 1826 2508 1872 ;
2540 1810 2634 1860 καὶ
2675 1809 2826 1878 παρὰ
2861 1808 2956 1861 σοῦ
2996 1809 3048 1862 τί
3084 1809 3272 1879 ἕτερον
3303 1806 3542 1877 ἐζήτησα
3590 1805 3687 1858 ἐπὶ
3723 1805 3820 1873 τῆς

2224 1902 2327 1970 γῆς
2359 1904 2406 1954 εί
2460 1902 2533 1972 μὴ
2573 1903 2631 1954 σέ
2691 1903 2783 1954 καὶ
2816 1903 2916 1971 τὴν
2949 1902 3048 1971 σὴν
3104 1900 3398 1971 βοήθειαν;
3437 1897 3660 1968 Ταύτην
3705 1898 3818 1966 γὰρ

2229 1990 2329 2063 τὴν
2378 1992 2586 2046 ἔννοιαν
2610 1998 2638 2046 ὀ
2677 1993 2916 2056 Ἀκύλας
2947 1993 3200 2056 ἐξέδωκε.
3237 1990 3482 2044 Καθόλου
3511 1989 3568 2042 δὲ
3600 1989 3806 2048 εἰπεῖν,

2225 2084 2458 2146 ἐλλιπῶς
2491 2084 2754 2146 πολλάκις
2810 2084 2922 2154 ἔχει
2955 2087 3022 2137 τὰ
3059 2083 3200 2154 ῥητὰ
3243 2081 3331 2135 διὰ
3367 2082 3426 2134 τὸ
3489 2080 3677 2134 στενὸν
3716 2081 3818 2151 τῆς

2238 2176 2519 2246 Ἐϐραῐδος
2569 2178 2874 2242 διαλέκτου,
2931 2179 3027 2246 ἀφ’
3062 2172 3130 2248 ἦς
3156 2175 3616 2247 ἐξελληνίσθησαν
3667 2175 3814 2227 κατά

2227 2268 2397 2337 μόνην
2449 2269 2545 2340 τὴν
2578 2269 2858 2339 σημασίαν
2887 2268 3126 2338 ἑκάστης
3173 2265 3375 2331 λέξεως
3411 2267 3488 2336 μὴ
3531 2265 3813 2336 δεξάμενα

2225 2358 2562 2428 πλατυσμόν.

545 2455 932 2501 testamentum
983 2449 1037 2500 in
1072 2446 1315 2500 Graecam
1354 2447 1592 2519 linguam
1647 2453 1968 2506 translatum
2019 2461 2124 2508 est.
2169 2453 2516 2524 impossibile
2569 2455 2672 2512 fuit
2697 2459 2925 2528 paribus
2957 2457 3294 2514 dictionibus
3357 2457 3594 2528 amplam
3657 2473 3818 2524 aeque

546 2553 606 2586 ar
637 2537 840 2589 claram
871 2535 1328 2605 signiﬁcationem
1360 2535 1611 2592 reddere.

615 2627 779 2680 Vens.
823 2627 915 2679 ‘23.
960 2627 1158 2696 Defecit
1189 2645 1280 2682 cor
1303 2645 1495 2696 meum,
1541 2641 1587 2684 et
1621 2646 1747 2686 caro
1794 2649 1930 2686 mea.
1976 2633 2119 2688 Con-

545 2731 828 2791 sumptum
868 2728 952 2775 est
1003 2736 1098 2774 cor
1131 2736 1332 2774 meum.
1386 2719 1515 2790 Igne
1547 2724 1748 2777 etenim
1787 2725 2024 2792 quodam
2054 2742 2119 2780 ac

545 2812 823 2868 desiderio
880 2812 956 2864 tui
1011 2811 1277 2872 extabuit,
1329 2820 1384 2865 et
1433 2827 1562 2866 caro
1598 2829 1716 2868 mea
1764 2815 1904 2870 idem
1953 2817 2116 2870 etiam

547 2920 706 2974 passa
735 2913 838 2969 est,
871 2904 999 2958 dum
1035 2920 1234 2974 corpus
1283 2904 1470 2959 multis
1512 2905 1566 2958 in
1600 2905 1908 2971 doloribus,
1955 2916 2120 2980 atque

544 2998 816 3068 angustiis
847 3005 1119 3052 versatur.

618 3090 755 3142 Deus
805 3088 979 3141 cordis
1015 3090 1134 3143 mei.
1165 3089 1676 3146 (lircumlocatioue
1725 3094 1916 3158 utitur,
1974 3111 2036 3149 ac
2072 3095 2116 3149 si

539 3177 753 3232 dioeret
782 3194 795 3228 :
849 3175 892 3230 Ο
926 3176 1067 3230 Deus
1100 3193 1277 3232 meus.
1335 3177 1513 3232 Verba
1547 3190 1724 3233 autem
1756 3181 1870 3235 h:ec
1906 3182 2121 3238 deside-

546 3267 649 3330 rio,
682 3277 844 3333 atque
873 3265 1071 3319 all‘ectu
1107 3267 1266 3334 plena
1296 3277 1446 3321 sunt.

620 3356 686 3411 Et
735 3374 860 3425 pars
907 3374 1047 3422 mea,
1100 3356 1238 3413 Deus
1267 3374 1432 3424 meus,
1481 3361 1534 3413 in
1565 3363 1839 3416 sa’culum.
1876 3362 1920 3418 Ο
1957 3363 2121 3433 Deus,

547 3450 742 3518 inquit,
777 3448 869 3518 qui
902 3463 961 3502 es
997 3463 1125 3516 pars
1157 3463 1299 3512 mea,
1359 3450 1410 3502 id
1443 3459 1546 3512 est,
1581 3465 1722 3517 sors,
1771 3467 1864 3506 seu
1895 3455 2127 3509 luet-edi-

548 3552 633 3596 tas
667 3557 819 3594 mea:
869 3540 953 3595 vel
983 3555 1144 3610 quem
1178 3539 1497 3597 divitiarum
1531 3558 1596 3599 ac
1633 3543 1878 3600 thesauri
1911 3562 2127 3618 semper

549 3638 670 3690 loco
697 3633 886 3690 habui.

620 3728 786 3782 Vens.
813 3725 904 3781 26.
942 3725 1210 3791 Quoniam
1242 3741 1358 3780 ecce
1387 3709 1483 3796 qui
1504 3727 1751 3799 elongant
1781 3747 1837 3786 se
1860 3748 1892 3786 a
1933 3739 1982 3788 te
2007 3749 2128 3803 per-

544 3831 693 3876 cunt.
743 3819 1063 3882 Peccatores
1100 3817 1346 3890 elongari
1372 3819 1632 3874 dicuntur
1658 3836 1685 3874 a
1710 3821 1819 3877 Deo
1850 3840 1956 3878 non
1980 3825 2122 3889 loco,

520 3914 642 3976 ,ειξιι
689 3910 1112 3965 conversatione
1169 3929 1181 3964 :
1248 3913 1709 3981 quemadmodum
1784 3926 1978 3970 contra
2036 3917 2126 3972 ille

549 4003 978 4074 appropinquari
1027 4001 1140 4058 Deo
1183 4001 1413 4070 dicitur,
1447 4005 1540 4073 qui
1578 4007 1809 4062 virtutes
1849 4017 2120 4062 sectatur.

549 4094 628 4144 ita
665 4094 809 4144 enim
845 4099 1070 4161 peccata
1123 4091 1372 4146 divinum
1413 4105 1772 4163 conspectum
1822 4097 2123 4166 refugiunt,

551 4193 610 4236 ut
643 4184 877 4238 tenebras
924 4185 1137 4239 lucem:
1176 4194 1230 4238 et
1267 4194 1533 4254 quantum
1577 4188 1703 4254 quis
1749 4187 2048 4257 elongatur
2095 4204 2122 4241 a

549 4276 684 4341 Deo,
721 4285 932 4330 tantum
987 4278 1282 4344 perditioni
1322 4277 1754 4347 appropinquat.
1815 4278 1995 4332 Dictio
2024 4296 2123 4332 au-

548 4379 682 4434 tem,
715 4368 1000 4433 Quoniam,
1044 4369 1146 4421 hoc
1177 4369 1229 4422 in
1268 4370 1386 4424 loco
1434 4370 1765 4435 conlinunt;
1805 4372 1947 4425 idem
1978 4374 2121 4427 enim

551 4465 848 4535 signiﬁcat,
877 4464 1024 4533 quod
1061 4462 1222 4518 Vere.
1257 4464 1442 4518 Perire
1491 4467 1656 4520 etiam
1691 4467 1778 4521 hic
1813 4469 1994 4537 posuit
2027 4485 2123 4539 pro
2152 4476 2204 4534 1)

551 4557 804 4611 decidere
835 4570 864 4608 a
892 4557 1093 4609 salute.

624 4642 1008 4709 Disperdidisti
1059 4659 1236 4696 omnes
1294 4645 1386 4712 qui
1444 4646 1778 4716 foruicantur
1826 4667 1856 4703 α
1908 4663 1975 4705 te.
2025 4649 2130 4705 Per

555 4735 977 4792 fornicationem
1001 4752 1026 4787 a
1061 4735 1167 4790 Deo
1196 4737 1279 4790 hic
1303 4736 1676 4804 relu—rllionem,
1703 4751 1867 4810 atque
1899 4743 2124 4798 absces-

553 4843 675 4881 sum
712 4828 780 4880 ab
804 4842 868 4882 co
903 4828 1176 4897 intelligit,
1204 4843 1298 4882 seu
1334 4829 1688 4884 idololatriam
1723 4841 1884 4901 atque
1913 4847 2125 4887 onmem

553 4921 720 4973 alium
755 4921 1058 4974 dtemonum
1090 4919 1318 4983 eultum,
1341 4921 1793 4990 quemadmodum
1817 4925 1944 4978 alibi
1984 4927 2126 4995 apud

554 5014 849 5068 .lcremiam
885 5014 1115 5067 habetur
1145 5035 1154 5067 :
1199 5011 1443 5080 Profecto
1479 5032 1552 5079 es,
1607 5016 1804 5086 inquit,
1830 5017 1882 5070 in
1926 5035 2127 5072 onmem

556 5117 783 5160 montem
823 5109 1011 5170 altum,
1039 5115 1088 5158 et
1110 5108 1203 5158 sub
1247 5123 1550 5175 quocunque
1580 5109 1721 5177 (igua
1753 5126 2043 5168 nemoroso,
2080 5120 2128 5162 rt

553 5199 818 5267 [ornirata
850 5198 1095 5250 psillic"
1127 5215 1140 5260 ;
1183 5208 1231 5250 et
1266 5213 1459 5253 rursus
1491 5217 1503 5252 :
1557 5197 1620 5250 Et
1654 5199 1918 5267 fornicata
1961 5217 2011 5252 es
2067 5202 2133 5252 Ii-

553 5307 713 5361 gnunt
767 5306 813 5346 et
869 5291 1175 5357 lapidem”,
1235 5305 1332 5358 pro
1379 5305 1443 5343 eo
1499 5291 1640 5360 quod
1689 5303 1821 5344 est:
1875 5293 2127 5344 Adorasti

635 5391 910 5460 “Jcrem.
960 5423 992 5458 ι’
1081 5403 1133 5457 6.
1227 5404 1267 5435 η
1297 5401 1430 5457 Ibid.
1465 5401 1516 5456 9.

2310 2635 2627 2700 Ἑξέλιπεν
2659 2639 2698 2706 ἡ
2733 2636 2946 2705 καρδία
2969 2655 3112 2706 μου.
3143 2637 3495 2708 Ἐδαπανήθη
3533 2637 3566 2707 ἡ
3612 2636 3820 2706 καρδία

2230 2743 2330 2796 μου
2383 2726 2567 2788 πάλιν,
2599 2727 2661 2780 τὺ
2691 2727 2824 2780 αὐτὸ
2873 2727 3141 2780 πέπονθεν
3171 2727 3331 2796 (70°),
3355 2725 3817 2796 ἀποστρεφομένη

2225 2821 2324 2889 τὴν
2357 2819 2652 2872 εὐπάθειαν
2693 2820 2786 2872 καὶ
2820 2819 3043 2883 πυκνῶς
3075 2817 3588 2889 ταλαιπωρουμένη.

2315 3086 2376 3139 '0
2405 3086 2549 3154 Θεὸς
2581 3084 2689 3153 τῆς
2727 3085 2979 3154 καρδίας
3010 3101 3151 3154 μου.
3190 3083 3651 3155 Περιφραστικῶς
3685 3084 3818 3138 ἀντὶ

2150 3143 2194 3204 C
2230 3177 2320 3204 --π

2229 3177 2322 3230 τοῦ
2367 3179 2420 3230 Ὁ
2459 3180 2602 3243 Θεός
2642 3195 2782 3247 μου.
2813 3175 3182 3247 Ἐμφαντικδν
3215 3176 3272 3229 δὲ
3307 3176 3472 3229 πόθου
3500 3176 3596 3228 καὶ
3624 3175 3816 3229 διαθέ-

2232 3287 2371 3331 σεως
2402 3269 2462 3321 τὸ
2494 3268 2678 3338 ῥητόν.

2303 3361 2406 3414 Καὶ
2436 3363 2472 3429 ἡ
2503 3362 2676 3429 μερίς
2699 3380 2819 3430 μου
2850 3365 2882 3416 ό
2920 3363 3063 3428 Θεὸς
3088 3363 3174 3428 εἷς
3203 3361 3311 3415 τὸν
3331 3358 3539 3414 αἰῶνα.
3575 3359 3689 3412 Καὶ
3717 3354 3824 3411 αῦ-

2230 3453 2334 3517 θις,
2385 3448 2457 3505 Ὦ
2493 3453 2646 3519 Θεὸς,
2678 3455 2737 3517 ὃς
2775 3451 2823 3508 εἷ
2856 3456 2888 3524 ὴ
2923 3456 3082 3526 μερίς
3132 3471 3267 3526 μου,
3313 3453 3492 3506 show
3529 3453 3558 3505 ὁ
3609 3451 3820 3520 κλῆρος

2231 3545 2326 3599 καὶ
2353 3548 2380 3599 ὁ
2411 3546 2640 3611 πλοῦτός
2673 3565 2776 3616 μου
2811 3547 3066 3601 πάντοτε.

2302 3727 2431 3779 Ὅτι
2482 3726 2613 3781 ἰδοὺ
2672 3729 2725 3779 ot
2757 3727 3170 3796 μακρύνοντες
3227 3725 3480 3792 ἑαυτοὺς
3523 3723 3644 3780 ἀπὸ
3693 3723 3822 3778 σοῦ

2229 3817 2622 3872 ἀπολοῦνται.
2676 3817 3036 3889 Μακρύνεταί
3076 3836 3159 3880 τις
3212 3818 3320 3870 ἀπὸ
3359 3816 3495 3870 θεοῦ
3526 3816 3586 3870 οῦ
3637 3817 3818 3887 τόπῳ,

2229 3911 2366 3964 ἀλλὰ
2424 3911 2611 3980 σχέσει
2645 3911 2731 3964 διὰ
2760 3910 2859 3980 τῆς
2902 3911 3178 3981 ἁμαρτίας
3203 3926 3219 3942 °
3273 3909 3463 3979 ὥσπερ
3493 3908 3818 3962 τούναντίον

2231 4003 2439 4071 ἐγγίζει
2471 4003 2559 4056 διὰ
2587 4003 2684 4072 τῆς
2713 4002 2938 4073 ἀρετῆς.
2984 4003 3048 4054 Ἦ
3080 4003 3186 4072 γὰρ
3215 4000 3458 4070 ἁμαρτία
3482 3999 3675 4068 φεύγει
3699 3999 3820 4054 ἀπὸ

2230 4093 2388 4161 Θεοῦ,
2419 4095 2494 4156 ὡς
2525 4095 2715 4157 σκότος
2747 4091 2853 4146 ἀπὸ
2883 4095 3062 4161 φωτός
3087 4108 3100 4122 ·
3140 4093 3264 4145 ὅσον
3313 4092 3368 4145 δέ
3407 4090 3676 4161 μακρὺνει
3725 4105 3820 4153 τις

2231 4189 2337 4242 ἀπὸ
2360 4187 2519 4250 Θεοῦ,
2546 4185 2800 4240 τοσοῦτον
2838 4186 3047 4254 ἐγγίζει
3076 4187 3142 4256 τῇ
3171 4184 3436 4254 ἀπωλείᾳ.
3472 4184 3546 4236 Τὸ
3575 4182 3632 4235 δὲ
3657 4181 3818 4246 Ὅτι,

2233 4280 2612 4352 βεϐαιωτικὸν,
2648 4279 2767 4332 ἀντὶ
2812 4277 2906 4331 τοῦ
2966 4280 3173 4343 Ὄντως
3199 4295 3213 4310 ⁶
3255 4276 3528 4331 dubitaui;
3564 4275 3621 4328 δὲ
3665 4273 3820 4343 λέγει

2231 4373 2325 4443 τὴν
2354 4373 2629 4425 ἔκπτωσιν
2657 4371 2756 4440 τῆς
2792 4369 3088 4440 σωτηρίας.

2310 4643 2800 4710 Ἐξωλόθρευοάς
2854 4639 3050 4694 πάντα
3099 4639 3203 4692 τὸν
3260 4637 3635 4706 πορν-δύοντα
3685 4637 3814 4691 ἀπὸ

2231 4739 2368 4793 σοῦ.
2425 4735 2688 4806 Πορνείαν
2744 4734 2851 4786 ἀπὸ
2890 4732 3025 4785 Θεοῦ
3077 4731 3236 4784 καλεί
3289 4734 3388 4801 τὴν
3446 4731 3814 4791 ἀποστασίαν,

2236 4829 2330 4882 καὶ
2353 4823 2805 4894 εἰδωλολατρείαν
2839 4825 2934 4877 καὶ
2973 4823 3276 4892 θεραπείαν
3320 4821 3489 4892 ἄλλην
3546 4821 3643 4873 τοῦ
3693 4820 3816 4874 δαί-

2240 4935 2420 4989 μονος,
2449 4917 2704 4986 καθάπερ
2738 4915 2834 4968 καὶ
2864 4914 2952 4968 διὰ
2991 4913 3256 4983 Ἱερεμίου
3313 4914 3480 4982 φησιν
3541 4913 3569 4964 6
3626 4913 3758 4975 Θεός
3797 4928 3810 4940 ο

2247 5010 2572 5078 Ἐπορεύθη
2609 5007 2706 5062 ἐπὶ
2734 5007 2857 5063 πᾶν
2896 5007 3030 5073 ὅρος
3062 5006 3324 5074 ὑψηλὸν,
3381 5005 3477 5057 καὶ
3534 5004 3817 5058 ὑποκάτω

2237 5104 2461 5170 παντὸς
2492 5103 2682 5166 ξύλου
2720 5098 3036 5164 ἀλσώδους
3096 5098 3193 5150 καὶ
3252 5098 3624 5164 exop-revocr
3666 5095 3811 5148 ἐκεῖ.

2239 5197 2348 5248 Καὶ
2381 5195 2562 5248 πάλιν
2587 5193 2689 5246 Ιιάὶ
2711 5192 3028 5261 ἐμοίχευσε
3062 5190 3126 5242 τὸ
3149 5189 3341 5252 ξύλον
3366 5189 3458 5241 καὶ
3490 5187 3594 5239 τὸν
3613 5188 3810 5238 λίθον·

2241 5288 2361 5340 ἀντὶ
2433 5286 2812 5355 Ἑλάτρευπεν.
2877 5283 2986 5334 Καὶ
3035 5283 3068 5349 ἡ
3114 5279 3411 5347 Ἐκκλησία
3457 5279 3563 5346 γὰρ
3621 5276 3810 5345 νύμφη

1882 5551 2078 5612 Vat-ite
2109 5553 2436 5614 lectiones.

652 5702 786 5776 (70‘)
817 5701 1042 5759 Phrasis
1092 5716 1311 5766 manca,
1347 5708 1406 5756 ut
1452 5700 1690 5757 videtur.
1724 5699 1938 5772 Legcrit
1979 5699 2118 5754 inter

2232 5715 2274 5763 5,
2307 5697 2401 5751 καὶ
2441 5695 2502 5749 τὸ
2533 5695 2662 5748 αὐτὸ
2706 5691 3034 5762 πεπόνθενή
3071 5691 3205 5761 σάρξ
3235 5709 3358 5763 μου.
