4070 6224
295 246 400 309 749

1435 242 1584 302 COM
1596 244 1645 302 Μ
1659 243 1826 302 ENT.
1876 241 1952 300 IN
1991 241 2348 302 PSALMOS.

3446 243 3553 308 750

281 338 419 391 Θεοῦ
475 335 826 406 ὀνομάζεται,
859 332 1184 404 συνημμένη
1237 333 1410 402 τούτῳ
1463 334 1550 386 διὰ
1607 333 1865 394 πίστεως.

1975 332 2207 401 lignum,
2229 342 2283 386 et
2308 331 2565 402 lapidem.
2595 332 2836 388 Ecclesia
2871 335 3072 388 ctenim
3112 349 3310 404 sponsa
3346 326 3554 390 Christi

284 430 378 482 καὶ
402 429 502 498 τῆς
531 427 643 480 τῶν
671 427 904 479 ἐντολῶν
935 423 1098 478 αὑτοῦ
1130 424 1402 494 φυλακῆς.

372 608 518 676 Εμοὶ
547 607 614 660 δὲ
646 607 712 660 τὸ
769 603 1270 673 προσκολλᾶσθαι
1330 603 1412 667 τῷ
1466 601 1587 667 Θεῷ
1642 602 1869 670 ἀγαθόν

285 703 440 757 ἐστι.
474 703 546 754 Τὸ
581 700 955 754 συνάπτεσθαι
984 703 1208 768 νύμφης
1245 697 1426 764 δίκην,
1455 700 1551 751 καὶ
1591 697 1870 768 μηδέποτε

283 793 444 845 αὑτοῦ
483 792 840 862 χωρίζεσθαι.

360 886 631 938 Τίθεσθαι
656 884 723 936 ἐν
741 882 818 947 τῷ
837 884 1030 951 Κυρίῳ
1052 882 1167 949 τὴν
1179 881 1400 937 ἐλπίδα
1412 881 1685 952 μου.Ἐτι
1698 881 1753 934 δὲ
1779 871 1874 935 καὶ

283 975 364 1037 τὸ,
396 977 664 1029 Τίθεσθαι
687 975 784 1028 ἐπὶ
817 977 1039 1042 Κύριον
1061 975 1176 1040 τὴν
1197 972 1417 1026 ἐλπίδα
1441 990 1558 1041 μου
1583 972 1717 1041 (71).
1739 971 1875 1025 Ἰδοὺ

297 1070 406 1137 γὰρ
425 1067 651 1128 ἐλπίσας
676 1069 764 1120 ἐπ’
782 1067 967 1131 αὑτὸν,
984 1068 1086 1120 οὐκ
1121 1067 1418 1136 ἁπέτδχον.
1437 1067 1530 1118 Διὸ
1560 1066 1653 1118 καὶ
1669 1064 1877 1134 ἀγαθόν

291 1176 382 1228 μοι
436 1157 495 1211 τὸ
538 1158 799 1223 τοιοῦτον,
846 1160 1021 1212 είτουν
1077 1158 1352 1228 ὠφέλιμον
1401 1158 1498 1212 καὶ
1529 1157 1820 1227 χρήσιμον.

364 1250 474 1305 Τοῦ
493 1251 836 1319 ἐξατγεῖλαί
861 1270 941 1320 με
996 1251 1199 1317 πάσας
1228 1252 1334 1316 τὰς
1363 1249 1625 1315 αἰνέσει(-
1664 1265 1781 1302 σου
1806 1247 1878 1301 ἐν

287 1344 414 1408 ταῖς
469 1344 690 1408 πύλαις
724 1347 835 1411 τῆς
896 1344 1192 1414 θυγατρὸς
1256 1341 1430 1397 Σιών.
1463 1342 1631 1395 Ὥστε
1661 1358 1874 1394 σκεπα-

287 1438 482 1488 σθὲντα
517 1452 583 1504 με
641 1436 1008 1506 διηγήσασθαι
1037 1435 1137 1498 τὰς
1160 1434 1398 1494 αίνέσεις
1444 1451 1563 1497 σου,
1593 1433 1771 1486 είτουν
1803 1433 1875 1485 τὰ

285 1527 566 1594 θαυμάσιά
598 1545 714 1590 σου,
742 1529 810 1581 τὰ
840 1527 1214 1594 ἁξιεπαίνετα.
1256 1527 1327 1579 Ἦ
1354 1529 1450 1579 καὶ
1475 1525 1672 1588 ἄλλως.
1708 1525 1873 1577 Ὥστε

281 1618 543 1673 ἐκθέσθαι
571 1622 756 1688 γραφῇ
810 1621 908 1682 τὰς
939 1618 1302 1689 ὀφειλομένας
1331 1635 1416 1670 σοι
1436 1617 1672 1679 αίνέσεις
1702 1633 1715 1645 ·
1758 1616 1872 1670 πά-

283 1726 401 1774 σας
430 1710 486 1764 δὲ
519 1706 637 1763 εἶπε
667 1711 805 1764 διότι
834 1693 1094 1765 τοσαῦταί
1141 1713 1304 1773 εἰσιν,
1330 1712 1454 1764 ὅσαι
1498 1710 1597 1762 καὶ
1620 1710 1676 1762 al.
1711 1707 1868 1761 δυνά-

287 1818 408 1869 μεις
432 1800 526 1854 τοῦ
557 1801 695 1854 Θεοῦ
733 1816 748 1831 ο
775 1792 1140 1870 ἐξαιτγεῐλὰι
1163 1799 1220 1852 δὲ
1248 1798 1452 1860 ταύτας
1495 1795 1566 1848 ἐν
1591 1795 1724 1860 ταῖς
1761 1795 1874 1847 πύ-

1980 424 2205 486 dicitur,
2236 423 2397 492 eique
2427 438 2519 492 per
2546 424 2704 480 fidem
2740 436 2791 480 et
2826 441 2919 481 oer
2951 431 3328 482 mauzlatorum
3361 431 3555 483 obser-

1982 518 2260 570 vationem
2298 523 2382 568 est
2423 516 2742 584 conjuncta.

2059 606 2223 660 Vatis.
2267 605 2360 662 27.
2401 606 2537 661 Mihi
2584 619 2758 662 autem
2800 609 3071 663 adhaerere
3104 609 3211 662 Deo
3239 609 3429 663 bonum
3454 625 3551 664 est.

1984 700 2039 752 lu
2075 713 2292 768 sponsa:
2317 701 2582 753 nimirum
2623 716 2829 757 morem
2858 701 2970 757 Deo
2999 701 3285 771 conjungi,
3322 711 3376 756 et
3415 719 3525 756 nun

1983 805 2148 859 quam
2177 791 2246 843 ab
2280 805 2346 844 eo
2377 793 2650 860 separari.

2053 882 2261 940 Ponere
2310 886 2366 938 in
2416 885 2642 940 Domino
2670 902 2811 955 spem
2855 904 3046 941 meam.
3087 887 3373 956 Nunquam
3409 887 3556 942 enim

1981 986 2247 1048 concepta
2271 993 2367 1048 spe
2396 978 2697 1035 frustratus
2728 995 2873 1043 sum,
2903 981 3123 1051 quoties
3145 980 3200 1033 in
3222 994 3292 1035 eo
3321 981 3568 1048 speravi.,

1981 1069 2192 1125 Bonum
2223 1071 2392 1143 igitur
2415 1079 2580 1142 atque
2613 1064 2746 1129 utile
2783 1080 2889 1137 est,
2926 1073 3002 1126 ita
3035 1073 3233 1128 facere.

2054 1246 2218 1304 Vens.
2249 1249 2342 1305 28.
2379 1249 2450 1305 Ut
2491 1255 2800 1306 annuntiem
2833 1270 3008 1308 omnes
3052 1254 3381 1308 laudationes
3437 1263 3554 1308 tuas

1979 1342 2034 1394 in
2087 1343 2256 1408 portis
2288 1343 2420 1412 ﬁlim
2454 1342 2610 1400 Sion.
2650 1345 2720 1399 Ut
2766 1353 2858 1400 tua
2913 1362 3144 1402 securus
3188 1349 3554 1417 protecticne.

1979 1447 2198 1487 narrem
2228 1432 2499 1488 mirabilia
2532 1436 2714 1490 omnia
2743 1477 2757 1501 ,
2795 1451 2917 1505 qum
2959 1437 3134 1493 fecisti
3179 1439 3337 1494 laude
3373 1440 3555 1508 digna.

1977 1524 2072 1578 Vel
2114 1524 2250 1581 alias
2285 1543 2297 1578 :
2331 1526 2398 1581 Ut
2430 1527 2656 1597 scriptis
2705 1529 2840 1584 meis
2893 1530 3081 1586 laudes
3147 1547 3242 1585 cas
3290 1545 3556 1601 exponas,

1975 1632 2098 1685 qua:
2125 1617 2222 1672 tibi
2255 1619 2543 1675 debentur.
2591 1619 2790 1675 Omnes
2835 1631 3017 1677 autem
3051 1622 3197 1685 ideo,
3237 1623 3397 1685 dixit,
3422 1638 3557 1692 quo-

1977 1712 2124 1764 niam
2181 1712 2273 1764 Dei
2313 1711 2502 1767 laudes
2534 1720 2614 1766 tot
2638 1720 2790 1776 sunt,
2821 1720 2956 1782 quot
2988 1713 3108 1782 ejus
3147 1713 3403 1782 potentiae
3444 1730 3458 1776 ;
3500 1723 3558 1764 ut

1975 1807 2282 1860 annuntiem
2341 1813 2520 1857 autem
2575 1819 2670 1859 eas
2707 1806 2764 1858 in
2809 1807 2978 1872 portis
3040 1805 3191 1871 Sion,
3251 1805 3305 1860 id
3353 1816 3437 1860 est
3501 1805 3556 1859 in

282 1896 416 1958 λαις
436 1893 547 1962 τῆς
571 1892 746 1956 Σιὼν,
767 1893 886 1962 ἦτοι
912 1893 1010 1961 τῆς
1046 1891 1430 1962 Ἰερουσαλήμ.
1457 1889 1738 1957 Διώνυμος
1763 1885 1866 1954 γὰρ

1983 1897 2157 1962 portis
2191 1894 2518 1950 Jerusalem.
2562 1893 2773 1964 Duplici
2812 1897 2957 1949 enim
3017 1898 3240 1952 nomine
3285 1898 3557 1967 appellata

282 1985 316 2044 ἡ
343 1986 496 2048 πόλις
521 1986 684 2048 αὕτη,
713 1986 774 2038 οὑ
816 1985 975 2054 μόνον
1009 1981 1390 2052 Ἰερουσαλὴμ,
1430 1978 1566 2033 ἀλλὰ
1611 1978 1708 2030 καὶ
1739 1976 1877 2028 Σιὼν

287 2079 394 2130 ἀπὸ
417 2077 509 2130 τοῦ
536 2078 928 2144 γειτνιάςοντος
951 2076 1110 2147 ὅρους
1133 2072 1676 2145 προσονομαζομένη.
1707 2069 1880 2136 Θυγά-

283 2186 390 2238 τηρ
421 2170 476 2222 δὲ
495 2170 632 2222 Σιὼν
649 2171 836 2241 αὓτηή
867 2167 1007 2222 Σιὼν
1034 2169 1269 2236 λέγεται,
1304 2167 1378 2230 ὡς
1405 2166 1531 2228 Υἱὸς
1581 2163 1871 2232 ἀνθρώπου

287 2261 643 2328 όᾶνθρωπος,
670 2261 792 2315 καθ’
825 2261 1117 2331 Ἐϐραῖκὸν
1144 2261 1361 2327 ἰδίωμα.
1386 2255 1622 2310 Εἱώθασι
1646 2255 1702 2308 δὲ
1718 2254 1874 2323 παρὰ

288 2356 408 2416 ταῖς
441 2353 640 2415 πύλαις
667 2354 766 2424 τῆς
797 2354 1009 2416 πόλεως
1039 2353 1133 2406 καὶ
1187 2350 1282 2404 τοῦ
1328 2349 1461 2404 ναοῦ
1517 2344 1868 2415 συνεδριάξε-

289 2444 416 2498 σθαι
455 2447 550 2497 καὶ
585 2446 915 2514 διηγεῖσθαι.
966 2445 1358 2514 ’Λναγωγικῶς
1407 2443 1462 2496 δὲ
1513 2442 1680 2495 πύλαι
1727 2438 1868 2492 Σιὼν

281 2536 337 2586 al
370 2538 511 2589 κατὰ
550 2537 716 2590 τόπον
760 2538 1082 2607 Ἐκκλησίαι
1113 2552 1127 2566 ο
1162 2537 1232 2588 δι’
1274 2535 1456 2589 αὐτῶν
1501 2533 1613 2600 γὰρ
1670 2530 1868 2584 εῐσεισί

281 2645 366 2692 τις
392 2631 471 2692 εἰς
504 2630 604 2700 τὴν
627 2630 738 2683 ἄνω
777 2630 1165 2700 Ἰερουσαλήμ.

1982 1997 2068 2042 est
2129 2002 2191 2040 ea
2251 1985 2445 2038 civitas
2481 2024 2496 2045 ,
2530 1984 2838 2039 Jerusalem
2899 1986 3179 2048 nimirum,
3225 1999 3279 2041 et
3330 1988 3484 2050 Sion,
3526 2005 3559 2042 a

1981 2080 2163 2134 vicino
2216 2089 2423 2134 monte.
2487 2078 2590 2131 Per
2645 2077 2813 2131 filiam
2855 2089 3035 2132 autem
3079 2079 3233 2144 Sion,
3267 2080 3386 2149 ipsa
3419 2082 3556 2135 ‘Sion

1982 2170 2326 2240 intelligitur,
2348 2170 2805 2240 quemadmodum
2836 2185 2933 2238 per
2963 2169 3161 2224 Filium
3187 2171 3424 2227 hominis
3443 2172 3560 2239 ipse

1981 2261 2169 2325 homo,
2202 2260 2360 2330 juxta
2408 2259 2735 2315 Ilebraicum
2790 2260 3010 2315 idioma.
3069 2260 3328 2316 Solebant
3372 2271 3556 2318 autem

1981 2352 2196 2422 antiqui
2247 2353 2403 2420 juxta
2434 2351 2676 2406 civitatis
2717 2361 2808 2405 aut
2839 2353 3024 2422 templi
3069 2364 3275 2422 portas,
3324 2357 3558 2410 concilia

1977 2461 2040 2500 ac
2071 2455 2249 2502 castus
2282 2447 2562 2502 hominum
2598 2461 2948 2516 congregare,
2987 2457 3040 2502 et
3077 2449 3185 2502 illis
3215 2465 3558 2522 quaecunque

1977 2552 2118 2591 nova
2173 2538 2562 2608 contingebant
2624 2551 2873 2591 narrare.
2930 2536 3094 2592 Juxta
3130 2554 3403 2612 anagogen
3461 2557 3555 2612 per

1975 2636 2162 2696 portas
2217 2628 2377 2695 Sion,
2430 2629 2793 2693 particulares
2851 2627 3124 2684 Ecclesias
3180 2632 3553 2703 intelligimus,

281 2737 405 2792 qua:
427 2724 481 2778 in
498 2724 661 2778 variis
692 2734 821 2778 sunt
849 2725 999 2779 orbis
1018 2724 1284 2795 partibus.
1300 2721 1404 2778 Per
1431 2738 1525 2779 eas
1541 2723 1742 2778 etenim
1763 2731 1818 2774 ut
1841 2735 1937 2790 per
1969 2731 2154 2791 portas
2173 2723 2439 2794 quasdam
2472 2723 2811 2794 ingredimur
2830 2724 2883 2777 in
2902 2739 3198 2794 supernam
3223 2723 3552 2785 Jerusalem-

723 2819 1041 2885 Συνέσεως
1069 2817 1150 2883 τῷ
1182 2819 1404 2886 Ἀσάφ.

844 2916 1139 2970 ΨΑΛΜΟΣ
1182 2915 1302 2968 Ol".

358 3006 493 3077 Περὶ
519 3005 616 3074 μὲν
642 3005 736 3058 τοῦ
779 3005 951 3074 ’Λσὰιρ
992 3005 1232 3076 εἴρηται.
1281 3005 1593 3071 Συνέσεως
1642 3005 1720 3070 δὲ,
1787 3004 1872 3056 ὃτι

286 3095 365 3148 δει
403 3097 668 3159 συνέσεως
697 3099 810 3158 τοῖς
864 3097 1280 3166 ἐντυγχάνουσι.
1328 3099 1466 3167 Περὶ
1515 3098 1624 3167 γὰρ
1666 3097 1764 3165 τῆς
1807 3095 1871 3148 ὲκ

296 3186 586 3254 Ῥωμαίων
614 3187 933 3249 τελευταίας
969 3186 1226 3248 ἁλώσεως
1277 3185 1388 3238 τῶν
1450 3183 1866 3256 Ἱεροσολύμων,

2357 2815 2733 2884 Intelligentite
2795 2817 2897 2883 ipsi
2967 2818 3170 2885 Asaph.

2468 2905 2795 2961 PSALMUS
2859 2905 3092 2963 LXXIII.

2049 3003 2124 3056 De
2170 3000 2354 3071 Asaph
2400 2999 2526 3055 alibi
2558 3000 2766 3054 dictum
2806 3007 2912 3053 est.
2970 2998 3344 3070 Intelligentia:
3373 3013 3551 3058 autem

1978 3095 2105 3150 ideo
2135 3093 2300 3154 dixit,
2325 3091 2456 3162 quia
2482 3091 2657 3145 multa
2685 3090 2878 3146 lectori
2913 3105 3052 3160 opus
3070 3101 3154 3146 est
3175 3093 3553 3166 intelligentia.

1978 3188 2051 3241 Ea
2084 3188 2229 3240 enim
2265 3187 2318 3239 in
2349 3185 2451 3237 hoc
2479 3182 2689 3252 psalmo
2711 3191 3039 3247 tractantur,
3071 3201 3190 3254 qua:
3213 3185 3278 3239 ad
3305 3189 3551 3243 ultimam

285 3278 560 3341 διέξεισιν,
596 3279 656 3330 Εἰ
693 3279 801 3347 γὰρ
825 3279 921 3330 καὶ
952 3279 1059 3347 πρὸ
1092 3277 1200 3330 τῶν
1256 3277 1552 3345 Ῥωμαίων
1593 3276 1866 3346 διαφόρως

1973 3281 2288 3336 Judaeorum
2325 3276 2730 3346 captivitatem,
2768 3284 2932 3345 atque
2966 3276 3031 3330 ad
3066 3277 3213 3331 illam
3250 3278 3552 3337 Jerusalem

287 3371 560 3434 ἑάλωσαν,
587 3369 704 3424 ἀλλ’
739 3371 894 3423 οὐδὲν
919 3369 1133 3423 τοιοῦτο
1170 3369 1309 3432 τέως
1345 3368 1708 3432 πεπόνθασιν,
1757 3363 1866 3421 οἷον

1973 3368 2409 3424 destructionem
2449 3366 2750 3436 pertinent,
2772 3381 2893 3434 qua:
2931 3380 2960 3417 a
2992 3366 3251 3423 Romanis
3283 3368 3425 3425 facta
3447 3382 3552 3428 est.

287 3463 560 3532 ἑποῦολὴν
604 3463 851 3540 διηνεκῆ,
891 3463 1220 3534 ἐμπρησμὸν
1248 3461 1348 3516 τοῦ
1377 3464 1529 3524 ναοῦ.
1560 3464 1658 3516 καὶ
1704 3461 1866 3515 κατά-

1973 3463 2110 3518 Nam
2142 3463 2244 3517 etsi
2285 3471 2443 3516 antea
2475 3476 2505 3513 a
2534 3461 2700 3516 variis
2734 3458 2941 3514 fuerint
2968 3475 3343 3531 saepenumero
3373 3470 3551 3536 capti-

285 3554 438 3605 λυσιν
468 3555 678 3619 οἰκιῶν,
715 3557 809 3608 καὶ
832 3557 1072 3624 παντελῆ
1108 3555 1396 3626 πόρθησιν.
1430 3553 1544 3608 Καὶ
1591 3554 1652 3606 τὸ
1706 3570 1866 3622 φανε-

1973 3558 2084 3611 vati
2114 3552 2452 3614 nationibus,
2475 3565 2756 3618 nunquam
2783 3557 3138 3604 tamentanta
3176 3554 3278 3617 eis,
3314 3565 3372 3608 ut
3399 3565 3550 3616 tunc,

291 3647 550 3716 pzbsspov,
576 3647 696 3699 οὐδὲ
726 3648 1011 3717 προφήτης
1041 3648 1098 3699 ὲν
1139 3647 1323 3709 αὐτοῖς
1345 3646 1422 3708 είς
1442 3645 1644 3715 τὸὲξῆς
1665 3645 1866 3698 ἐπέλει-

1978 3644 2180 3698 accidit
2233 3641 2541 3695 calamitas.
2595 3639 2731 3693 Nam
2786 3652 2838 3694 et
2887 3643 2941 3693 in
2983 3651 3303 3710 perpetuum
3355 3644 3553 3712 abjecti

286 3739 403 3806 ψεν.
424 3739 808 3808 Ἀπαγγέλλων
824 3740 879 3792 δὲ
896 3743 923 3792 ὁ
939 3739 1154 3810 ψαλμδς
1176 3741 1274 3802 τὰς
1287 3739 1397 3791 τῶν
1436 3738 1705 3792 Ἰουδαίων
1731 3755 1793 3790 συ
1803 3755 1866 3807 μ-

1979 3742 2132 3797 sunt,
2161 3741 2216 3788 et
2247 3731 2534 3785 incensum
2563 3739 2648 3781 est
2679 3729 2963 3797 templum,
3017 3737 3071 3782 et
3109 3730 3404 3784 destructa
3460 3733 3552 3785 do-

298 3834 468 3902 ςορὰς
502 3832 920 3901 εὐαγγελίζεται
946 3833 1040 3884 καὶ
1081 3831 1180 3901 τὴν
1227 3831 1500 3901 ἡμετέραν
1563 3829 1866 3900 σωτηρίαν.

1979 3842 2124 3893 mus,
2190 3834 2244 3878 et
2286 3820 2470 3876 omnia
2533 3819 2905 3886 depopulata,
2974 3820 3230 3890 quodque
3283 3822 3550 3877 malorum

293 3932 537 3984 omnium
567 3930 711 3984 illius
745 3930 922 3999 gentis
945 3928 1250 3984 evidentius
1283 3929 1500 3998 signum
1528 3937 1632 3992 est,
1671 3929 1854 3986 nullus
1891 3923 2316 3995 deincepsinter
2342 3931 2438 3972 eos
2481 3915 2750 3984 Propheta
2769 3913 2998 3969 exstitit.
3041 3914 3178 3969 Illud
3211 3925 3388 3971 autem
3429 3920 3550 3972 ani-

293 4020 738 4074 malvertcndum
759 4028 861 4083 est,
891 4019 1036 4089 quod
1063 4022 1192 4073 dum
1215 4019 1301 4076 hic
1323 4020 1566 4090 psalmus
1583 4019 1896 4076 Judazorum
1922 4015 2212 4074 annuntiat
2239 4011 2600 4070 calamitates,
2621 4005 2860 4060 fidelium
2881 4022 2986 4060 una
3018 4007 3264 4074 prredieit
3288 4009 3547 4065 salutem.

361 4115 491 4167 Ἵνα
526 4113 597 4174 τί,
650 4115 682 4166 ό
738 4112 904 4176 Θεὸς,
954 4109 1174 4165 ἀπώσω
1197 4113 1284 4176 είς
1330 4112 1539 4177 τέλος;
1573 4112 1734 4164 Ὥστε
1770 4129 1860 4180 γε-

286 4204 565 4272 γενημένα
599 4203 698 4271 μὲν
734 4201 990 4270 προλέγει
1020 4202 1088 4254 τὰ
1125 4201 1389 4268 μέλλοντα
1438 4202 1589 4271 νόμῳ
1645 4218 1864 4271 προφη-

286 4295 460 4358 τείας.
524 4292 704 4356 Ἀξιον
758 4293 814 4344 δὲ
890 4292 1170 4361 θαυμάσαι
1234 4291 1334 4359 τὴν
1390 4291 1706 4361 ἀγαθότητα
1766 4291 1863 4343 τοῦ

287 4385 446 4451 θεοῦ,
475 4387 584 4450 ὅτι,
619 4385 881 4455 προειδὼς
907 4384 1006 4454 τὴν
1042 4384 1314 4437 Ἰουδαίων
1354 4384 1662 4448 ἀπείθειαν,
1715 4383 1864 4452 ὅμως

283 4482 352 4549 τῇ
387 4480 691 4550 προρρήσει
724 4478 831 4530 τῶν
862 4478 1138 4546 ἐσομένων
1165 4477 1463 4546 συμφορῶν
1529 4477 1862 4545 ἀποτρέπειν

283 4572 482 4632 αὐτοὺς
517 4572 774 4639 πειρᾶται
819 4569 920 4639 τῆς
953 4568 1230 4635 ἀσεὸείας,
1284 4571 1380 4622 καὶ
1418 4568 1515 4637 τῆς
1567 4569 1708 4621 κατὰ
1765 4566 1859 4619 τοῦ

2039 4106 2205 4160 Vens.
2241 4103 2292 4156 l.
2327 4099 2546 4169 thuid,
2584 4098 2749 4162 Deus,
2784 4098 3023 4165 repulisti
3072 4099 3125 4150 in
3166 4099 3322 4167 ﬁnem
3353 4103 3376 4155 ?
3418 4101 3549 4157 Pro-

1963 4204 2253 4273 phetarum
2289 4207 2464 4256 more,
2501 4199 2710 4251 narrat,
2740 4200 2800 4244 ut
2837 4189 2948 4260 jam
2979 4191 3139 4254 facta,
3187 4208 3309 4259 qua:
3359 4193 3545 4248 futura

1963 4302 2142 4347 crant.
2186 4290 2422 4358 Dignum
2459 4295 2542 4338 est
2576 4291 2757 4335 autem
2791 4290 2851 4335 ut
2881 4281 3218 4336 admiremur
3241 4284 3540 4339 bonitatem

1967 4389 2082 4448 Dei,
2120 4388 2210 4454 qui
2241 4380 2614 4437 calamitatum
2636 4374 2986 4442 prazdictione
3017 4391 3045 4428 a
3076 4386 3221 4430 tanta
3253 4377 3374 4434 illos
3404 4377 3549 4432 nite-

1964 4479 2128 4532 batur
2161 4473 2370 4530 saevitia
2404 4480 2570 4539 atque
2592 4467 2876 4536 impietate
2906 4476 3172 4532 avertere,
3205 4485 3312 4539 qua
3353 4469 3549 4526 adver-

1965 4585 2064 4626 sus
2113 4569 2454 4624 Salvatorem
2516 4571 2664 4624 usuri
2691 4577 2868 4631 erant,
2927 4569 3141 4623 tametsi
3203 4569 3274 4622 oh
3331 4569 3544 4625 arbitrii

284 4665 536 4733 Σωτῆρος
575 4662 890 4731 μιαιφονίας
913 4679 927 4692 ·
960 4663 1008 4712 εἰ
1046 4662 1141 4713 καὶ
1171 4661 1262 4712 διὰ
1291 4660 1351 4712 τὸ
1382 4659 1731 4724 αὐτεξούσιον
1759 4659 1859 4724 τῆς

1973 4661 2296 4723 libertatem,
2324 4675 2486 4729 quam
2513 4630 2878 4714 hominiDeus
2907 4658 3078 4720 dedit,
3097 4659 3170 4712 illi
3205 4660 3256 4712 in
3283 4663 3548 4728 pravitate

287 4757 512 4826 γνώμης
567 4753 957 4823 ἀνεπίστροφοι
1026 4755 1394 4822 μεμενήκασι.
1443 4753 1748 4820 Φθέγγεται
1802 4753 1861 4804 δὲ

283 4853 411 4911 τοὺς
481 4848 672 4915 λόγους
727 4849 754 4899 ὁ
811 4847 1117 4914 προφήτης,
1179 4845 1506 4915 ὑπεραλγῶν
1564 4844 1658 4896 τοῦ
1707 4843 1859 4910 λαοῦ,

283 4940 532 4992 οἴκτιστα
579 4941 670 4990 καὶ
701 4937 1037 4990 ἐλεεινότατα
1092 4935 1442 4999 πεπονθότος.
1478 4937 1546 4988 Ἢ
1579 4937 1673 4989 καὶ
1698 4953 1864 5006 προσ-

284 5029 421 5099 ώπῳ
483 5028 591 5080 τῶν
641 5028 1020 5098 συνετωτέρων
1076 5026 1248 5078 ταῦτα
1318 5026 1506 5094 φησίν.
1577 5027 1690 5078 Οὐκ
1740 5024 1863 5078 εἷπε

283 5123 339 5172 δὲ
379 5120 623 5173 Ἀπώσω
651 5120 830 5188 μόνον,
859 5119 994 5172 ἀλλὰ
1030 5119 1122 5171 καὶ
1148 5120 1194 5170 Ε
1201 5120 1252 5182 ίς
1280 5117 1454 5182 τέλος
1480 5133 1494 5146 ·
1539 5117 1566 5169 ὂ
1591 5120 1690 5187 τὴν
1725 5136 1861 5170 παν-

284 5214 413 5282 τελῆ
447 5213 649 5264 τούτων
689 5212 1073 5280 ἐγκατάλειψιν
1105 5211 1277 5280 δηλοῐο
1321 5215 1586 5280 πρότερον
1622 5212 1721 5280 μὲν
1751 5215 1859 5280 γὰρ

286 5305 562 5357 ἀπωθεῖτο
592 5306 809 5368 αὐτοὺς,
840 5305 940 5357 οὐκ
979 5305 1060 5366 είς
1100 5304 1250 5365 τέλος
1308 5304 1388 5365 δὲ,
1435 5305 1573 5356 ἀλλὰ
1615 5305 1704 5355 διὰ
1755 5303 1862 5355 τῶν

290 5399 584 5468 προφητῶν
615 5398 807 5468 χρόνον
835 5398 996 5467 ῥητὸν
1028 5397 1227 5469 ὥριζεν
1262 5397 1467 5467 ἑκάστῃ
1502 5396 1706 5448 τούτων
1736 5399 1862 5467 αἰχ-

297 5491 565 5561 μαλωσίᾳ.
617 5491 690 5543 Τὸ
735 5491 802 5554 δ’,
835 5491 960 5543 Ἵνα
994 5490 1068 5554 τί,
1101 5490 1248 5544 δοκεῖ
1301 5488 1400 5556 μὲν
1448 5489 1740 5541 πευστικδν
1789 5486 1866 5540 εἶ-

1971 4769 2072 4808 sua
2106 4754 2480 4808 immutabiles
2505 4753 2866 4820 perstiteriut.
2904 4750 3012 4806 Hos
3051 4751 3216 4806 etiam
3266 4767 3550 4808 sermones

1971 4859 2190 4899 summo
2247 4859 2371 4898 eum
2443 4843 2630 4897 dolore
2684 4843 2953 4912 Propheta
3027 4843 3295 4907 enuntiat,
3362 4844 3550 4914 populi

1969 4937 2142 4991 vicem
2167 4938 2414 5005 plorans,
2447 4936 2539 5003 qui
2572 4937 2893 5002 gravissima
2931 4937 3178 5004 quaedam
3225 4952 3287 4990 ac
3323 4938 3550 4992 misera-

1972 5028 2103 5084 bilia
2140 5041 2339 5095 passus
2394 5035 2533 5080 erat.
2564 5026 2868 5081 Possumus
2903 5027 3060 5081 aliter
3093 5027 3397 5096 intelligere
3436 5027 3551 5080 hare

1957 5123 2146 5183 verba,
2180 5129 2240 5174 ut
2269 5135 2330 5174 ex
2360 5119 2772 5188 prudentiorum
2797 5117 3110 5172 .Itttltum'utn
3149 5133 3378 5184 persona
3397 5117 3543 5169 dicta

1963 5216 2072 5270 sint
2121 5235 2134 5267 :
2173 5228 2273 5267 nec
2313 5219 2524 5266 tantum
2581 5210 2860 5281 Repulisti,
2902 5213 3058 5274 dicit,
3094 5208 3186 5261 sed
3257 5207 3320 5258 In
3386 5209 3542 5274 ﬁnem

1964 5307 2230 5376 repulisti,
2267 5304 2412 5372 quod
2442 5302 2812 5355 omnimodam
2852 5316 3078 5371 prorsus
3109 5298 3540 5352 destructionem

1967 5401 2259 5472 significat.
2286 5396 2423 5452 Nam
2458 5395 2563 5452 etsi
2612 5396 2766 5465 prius
2805 5409 2901 5448 eos
2936 5407 3076 5461 saepe
3098 5392 3398 5460 repulerat,
3433 5404 3542 5443 non

1967 5499 2150 5543 tamen
2185 5494 2241 5543 in
2267 5489 2448 5543 liuent.
2480 5485 2788 5551 Unicuique
2816 5483 2960 5536 enim
2989 5482 3292 5552 captivitati
3328 5492 3542 5534 eertttm

1619 5584 1814 5643 Variae
1853 5583 2178 5644 ICCiIOlIi'S.

365 5687 478 5756 (7i)
511 5685 711 5754 Repete
740 5687 943 5746 ἀγαθόν
979 5686 1116 5739 ἐστι.
