4020 6218
242 380 337 445 753

242 584 507 654 ἔγνωσαν
563 584 643 650 ὡς
696 586 782 651 είς
812 586 925 653 τὴν
951 585 1169 650 ἔξοδον
1216 586 1513 656 ὑπεράνω.
1543 589 1814 643 Ἕκαστον

242 680 421 748 τάγμα
458 679 755 747 πολεμικὸν
804 680 1016 751 σημείῳ
1038 680 1303 752 κέχρηται
1337 682 1430 735 ἐπὶ
1466 681 1659 735 κοντοῦ
1674 699 1811 753 προ-

246 770 628 840 πορευομένου,
685 770 822 840 προς
873 772 933 822 τὸ
972 771 1451 839 διαγινώσκεσθαι,
1493 773 1624 826 ποία
1653 791 1734 835 τις
1776 777 1809 845 ἡ

244 862 450 930 φάλαγξ
479 880 493 894 ·
520 862 658 931 ὅπερ
678 864 842 932 ἡμεῖς
876 862 1118 932 σημαίαν
1162 862 1455 932 καλοῦμεν.
1510 863 1693 916 Ταῦτα
1723 863 1815 918 οὖν

243 953 375 1008 αὐτὰ
405 954 471 1007 τὰ
513 957 716 1022 σημεῖα
748 954 805 1007 αἱ
840 954 1151 1023 Ῥωμαϊκαὶ¹
1206 955 1488 1023 φάλαγγες
1544 954 1816 1013 εἰσιοῦσαι

244 1044 479 1115 ἔστησαν
504 1046 581 1109 ὡς
616 1046 696 1108 είς
723 1046 822 1114 τὴν
867 1045 1069 1112 ἔξοδον,
1121 1048 1300 1100 είτουν
1348 1050 1430 1109 εἰς
1481 1050 1581 1113 τὰς
1642 1050 1817 1113 πύλας

243 1137 346 1192 τῶν
368 1138 596 1202 πόλεων,
643 1139 831 1192 ὲπάνω
856 1138 1055 1191 αὐτῶν.
1082 1139 1396 1210 Περιττεύει
1429 1140 1557 1212 γὰρ,
1604 1143 1662 1194 τί»
1697 1142 1814 1207 Ὧς.

245 1232 515 1302 Ἐστησαν
543 1232 599 1284 δὲ
628 1232 695 1284 τὰ
723 1232 944 1286 τοιαῦτα
967 1234 1147 1286 αὐτῶν
1170 1236 1397 1303 σημεῖα,
1425 1236 1630 1305 σημεῖα
1661 1235 1818 1303 νίκης

242 1323 357 1375 ἀντὶ
403 1323 678 1391 τροπαίων
708 1338 722 1350 ·
783 1324 877 1375 καὶ
938 1322 1093 1376 obiret
1137 1323 1382 1391 ἔγνωσαν
1408 1325 1456 1376 οί
1510 1324 1680 1387 ἔνδον,
1725 1323 1806 1375 ἔτι

244 1414 367 1484 περὶ
396 1413 497 1485 τὴν
520 1413 721 1485 ἑορτὴν
754 1415 1170 1485 ἀσχολούμενοι.
1232 1416 1303 1468 Ἢ
1348 1416 1442 1468 καὶ
1479 1417 1599 1469 Οὐκ
1628 1415 1813 1483 ἔγνω-

242 1520 360 1560 σαν
380 1507 536 1559 αὐτοὶ
591 1508 639 1560 oi
702 1507 887 1578 ἐχθροὶ
915 1506 1031 1572 πῶς
1062 1500 1206 1560 εἷλον
1237 1508 1339 1579 τὴν
1386 1508 1571 1561 ’πόλιν⁸
1603 1502 1685 1560 δτι
1716 1508 1815 1560 οὐκ

242 1597 296 1662 ἐξ
323 1597 611 1662 ἀσθενείας
641 1596 734 1652 τοῦ
760 1598 899 1652 Θεοῦ
929 1598 1038 1652 τῶν
1079 1599 1372 1663 Ἰουδαίων,
1422 1599 1557 1652 ἀλλὰ
1589 1600 1677 1652 διὰ
1717 1600 1817 1668 τὴν

242 1690 376 1743 κατά
414 1689 507 1742 τοῦ
526 1689 767 1759 Χριστοῦ
800 1690 1119 1760 μιαιφονίαν
1151 1689 1353 1745 αὐτῶν.

1365 389 1750 451 COMMENT.
1800 390 1879 449 IN
1932 395 2292 454 PSALMOS.

307 494 556 546 ’Ἑθεντο
612 492 683 545 τὰ
740 494 959 561 σημεῖα
1010 494 1210 548 αὐτῶν
1267 496 1509 564 σημεῖα,
1553 499 1652 550 καὶ
1701 502 1810 553 οὐκ
1840 507 1884 561 Α

1986 501 2150 557 Vens.
2181 503 2234 558 5.
2276 502 2574 558 Posuerunt
2617 507 2772 575 signa
2802 523 2920 572 sua,
2957 509 3127 577 signa,
3163 519 3212 561 et
3261 525 3361 562 non
3395 527 3487 563 co-
3526 514 3531 521 ’

1919 604 2225 662 gnat-erunt,
2283 597 2440 665 quasi
2501 598 2554 649 in
2615 599 2757 651 exitu
2804 599 3043 667 desuper.
3094 597 3487 670 Unusquisque

1919 685 2054 738 ordo
2087 685 2341 741 militaris
2381 674 2541 757 signo
2577 704 2678 743 suo
2710 689 2883 743 utitur
2913 729 2927 752 ,
2965 689 3109 757 quod
3146 690 3326 744 hastili
3364 692 3487 745 inli-

1921 788 2050 827 xum
2083 786 2209 829 ante
2241 775 2413 830 aciem
2446 778 2815 846 praemittitur,
2836 787 2895 832 ut
2921 780 3119 833 cohors
3153 781 3494 834 internascu-

1922 875 2010 920 tur
2038 879 2066 919 a
2097 866 2322 923 cohorte
2358 885 2370 921 :
2410 868 2461 921 id
2495 869 2753 922 vexillum
2792 871 3149 938 appellamus.
3172 870 3298 926 "390
3329 872 3495 941 igitur

1922 959 2142 1021 vexilla,
2162 959 2534 1014 Romanorum
2560 961 2705 1015 acies
2723 960 3091 1029 ingredientes
3107 964 3161 1015 in
3186 963 3492 1018 Jerusalem

1927 1048 2165 1103 ﬁxerunt
2199 1051 2252 1104 in
2281 1050 2455 1114 exitu,
2486 1048 2588 1105 hoc
2620 1061 2723 1113 est,
2752 1052 2803 1105 in
2831 1053 3003 1123 portis
3027 1051 3264 1107 civitatis
3294 1070 3308 1103 :
3337 1054 3497 1120 quin-

1923 1138 2036 1192 imo
2057 1148 2110 1193 et
2134 1139 2369 1208 desuper
2393 1140 2543 1209 ipsas
2574 1151 2780 1209 portas.
2819 1142 3074 1197 Abundat
3099 1153 3280 1197 autem
3304 1144 3496 1203 dictio,

1926 1228 2116 1294 Quasi.
2140 1230 2440 1287 Erexerunt
2471 1242 2651 1287 autem
2686 1235 2799 1289 haec
2836 1236 2989 1305 signa
3017 1250 3114 1290 sua
3142 1252 3156 1301 ;
3194 1237 3371 1303 signa,
3392 1234 3498 1287 hoc

1922 1333 2031 1387 est,
2076 1322 2128 1375 in
2175 1322 2391 1393 signum
2444 1324 2705 1389 victoriae,
2751 1342 2815 1381 ac
2869 1341 2967 1396 pro
3018 1328 3237 1397 tropwis
3274 1344 3288 1380 :
3332 1328 3496 1395 idque

1926 1414 2166 1468 nonduin
2219 1416 2288 1469 ab
2333 1415 2402 1471 iis
2453 1418 2733 1489 cognitum
2785 1418 2981 1484 inierat,
3026 1422 3118 1489 qui
3174 1429 3328 1473 erant
3357 1419 3503 1472 intra

1928 1507 2228 1569 civitatem,
2280 1523 2347 1562 eo
2392 1509 2537 1577 quod
2585 1511 2728 1564 circa
2784 1512 3186 1566 solemnitatem
3217 1513 3498 1580 occupati.

1927 1598 2095 1654 nullis
2147 1598 2272 1653 aliis
2315 1599 2480 1654 rebus
2517 1600 2762 1654 animum
2807 1600 3185 1654 intendebant.
3220 1598 3340 1664 Vel,
3379 1599 3502 1652 Non

1924 1699 2303 1758 cognouerunt,
2338 1688 2443 1758 ipsi
2479 1690 2693 1745 scilicet
2723 1689 2952 1750 inimici,
2987 1706 3095 1758 quo
3139 1699 3300 1759 pacto
3336 1704 3500 1759 cepe-

242 1786 348 1838 rint
393 1786 695 1839 civitatem.
759 1784 813 1840 Id
865 1786 1069 1856 quippe
1111 1802 1173 1841 ea
1205 1788 1416 1841 ratione
1449 1801 1559 1841 non
1589 1786 1814 1848 accidit,
1859 1786 2003 1854 quod
2035 1782 2349 1838 Iudaeorum
2376 1784 2523 1840 Deus
2554 1785 2830 1855 impotens
2849 1793 3015 1849 esset,
3072 1793 3167 1838 aut
3230 1784 3499 1847 inﬁrmus,

240 1882 326 1936 sed
360 1881 430 1935 ob
463 1880 669 1935 Christi
697 1879 899 1934 caadem
934 1880 1059 1935 illos
1093 1881 1233 1935 Dens
1275 1894 1464 1948 [stertas
1496 1881 1646 1935 luere
1689 1879 1961 1950 permisit.

318 1974 415 2040 Ὠς
450 1973 520 2026 ἐν
553 1971 755 2042 δρυμῷ
805 1973 1009 2037 ξύλων
1046 1973 1304 2040 ἀξίναις,
1362 1973 1670 2042 ἐξέκοψαν
1711 1973 1819 2039 τὰς
1847 1974 1895 2032 Β

240 2067 420 2133 θύρας
440 2064 631 2132 αὐτῆς
656 2064 753 2119 ἐπὶ
784 2066 851 2118 τὸ
878 2066 1045 2120 αὑτό.
1069 2066 1283 2136 Δρυμός
1315 2066 1463 2118 ἐστιν
1503 2067 1536 2133 ή
1578 2066 1636 2118 ὲν
1666 2065 1817 2135 ὄρεσι

240 2157 534 2226 ξυλοφόρος
587 2155 709 2226 ὕλη.
746 2157 917 2226 Δίκην
961 2156 1171 2228 δρυμοῦ
1223 2156 1416 2221 ξύλων,
1470 2156 1626 2226 φησι,
1660 2155 1821 2209 κατέ-

241 2248 410 2318 κοψαν
442 2249 521 2309 είς
546 2246 606 2299 τδ
632 2246 897 2310 παντελὲς
926 2248 1023 2310 τὰς
1057 2246 1233 2310 πύλας
1263 2246 1456 2317 αὐτῆς.
1486 2247 1562 2301 Τὸ
1581 2245 1639 2300 δὲ
1688 2244 1821 2299 Ἐπὶ

240 2342 302 2396 τὸ
339 2340 510 2404 αὐτὸ,
557 2339 728 2410 Ὁμοῦ
754 2341 963 2401 πάσας.

302 2435 402 2487 Ἐν
423 2432 663 2487 πελέκει
681 2432 779 2486 καί
810 2431 1180 2499 λαξευτηρίω
1203 2430 1579 2500 κατέρῤαξαν
1606 2431 1819 2498 αὐτὴν.

249 2522 335 2575 Ἑν
386 2522 608 2576 πελέκει
664 2523 763 2593 μὲν
798 2521 870 2574 τὰ
928 2522 1099 2591 στέγη
1133 2522 1226 2574 καὶ
1256 2521 1358 2584 τὰς
1390 2521 1559 2591 θύρας
1606 2522 1715 2574 τῶν
1744 2522 1821 2573 oi-

242 2613 372 2669 κιῶν
401 2614 499 2683 τῆς
534 2613 767 2677 πόλεως,
794 2612 889 2666 καὶ
922 2613 1021 2666 ὅσα
1079 2614 1137 2665 ὲν
1187 2612 1367 2676 ξύλοις
1390 2628 1405 2643 ο
1450 2614 1508 2665 ὲν
1560 2613 1824 2682 λαξευτη-

244 2706 343 2776 ρίῳ
370 2705 430 2757 δὲ
477 2706 607 2768 τοὺς
665 2705 885 2774 τοίχους
917 2705 1105 2758 καὶτὰ
1140 2706 1322 2775 τείχη,
1348 2706 1445 2758 καὶ
1491 2704 1591 2759 ὅσα
1647 2706 1707 2756 ἐν
1746 2704 1826 2756 λί.

240 2799 352 2861 θοις
384 2813 400 2828 ο
431 2798 493 2851 τὸ
517 2797 876 2868 λαξευτήριον
908 2798 1019 2867 γὰρ
1069 2797 1417 2866 λιθουργικόν
1464 2799 1612 2850 ἐστιν
1648 2798 1823 2866 ὄργα·

240 2905 328 2940 νον
345 2926 361 2952 ,
382 2887 482 2941 καλ⁵
518 2890 597 2952 είς
624 2887 687 2940 τὸ
714 2888 946 2957 τέμνειν⁸
968 2887 1151 2950 λίθους
1172 2888 1267 2941 καὶ
1288 2889 1505 2957 τοίχους
1533 2889 1626 2941 καὶ
1644 2888 1822 2957 τείχη,

241 2981 332 3033 καὶ
381 2982 463 3044 είς
530 2979 820 3051 καθαιρεῖν
879 2981 1191 3050 ἐπιτήδειον
1233 2996 1246 3010 ·
1294 2980 1680 3048 Κατέρῤαξαν
1743 2979 1822 3042 δὲ,

241 3074 363 3126 ἀντὶ
394 3072 489 3125 τοῦ
525 3073 861 3129 Κατέὸαλον.

319 3165 725 3233 Ἐνεπὺρισαν
780 3165 851 3218 ὲν
905 3164 1048 3229 πυρὶ
1112 3163 1175 3215 τὸ
1237 3160 1631 3230 ἁγιαστιὶριόν
1684 3178 1822 3215 σου.

252 3256 637 3326 ’Δγιαστήριον
669 3254 762 3308 τοῦ
816 3256 950 3308 Θεοῦ
981 3254 1074 3306 τὸν
1106 3254 1230 3307 ναὸν
1272 3253 1580 3322 ὠνόμασεν,
1640 3252 1715 3313 ὡς
1769 3252 1828 3303 ὲν

242 3347 319 3417 τῷ
350 3346 677 3417 προλαϐόντι
709 3345 910 3417 ψαλμῷ
937 3348 1176 3414 εἴρηται.

309 3443 416 3504 Eli;
461 3438 576 3506 τὴν
629 3437 744 3509 γῆν
797 3440 1186 3507 ὲὸεΰήλωσαν
1255 3438 1318 3489 τὸ
1384 3435 1673 3505 σκήνωμα
1720 3435 1827 3489 τοῦ

243 3530 536 3599 driviath
592 3546 727 3585 σου.
776 3529 1217 3597 ⁹Ε6ε6ή.1ωσαν,
1252 3528 1368 3598 ἦτοι
1429 3525 1673 3596 βεϐήλοις
1735 3525 1829 3579 καὶ

248 3622 476 3686 ἀνοσίως
498 3621 838 3694 κατέρριψαν
861 3624 941 3684 εἰς
958 3622 1057 3691 τὴν
1077 3623 1181 3697 γῆν
1204 3621 1294 3674 τὸν
1324 3620 1472 3673 ναόν⁶
1494 3618 1742 3687 ἀκριϐῶς
1770 3619 1827 3671 δὲ

245 3710 399 3767 εἶπεν
417 3715 582 3768 αὐτὸν
604 3714 896 3783 σκήνωμα
921 3713 1028 3767 τοῦ
1051 3715 1347 3782 ὀνόματος
1366 3712 1461 3767 τοῦ
1483 3711 1647 3765 Θεοῦ·
1668 3713 1699 3779 ὴ
1720 3710 1828 3779 γὰρ

244 3806 406 3860 οὐσία
420 3806 513 3860 τοῦ
525 3806 1101 3877 Θεοῦξάπερίγραπτος.
1123 3806 1279 3868 Τινὲς
1292 3806 1349 3858 δὲ
1373 3800 1825 3874 περιφραστικῶς

249 3901 327 3965 τὸ,
357 3900 470 3954 Τοῦ
506 3901 797 3969 ὀνόματός
827 3916 969 3964 σου,
999 3900 1344 3967 νενικήκασιν,
1377 3897 1499 3950 ἀντὶ
1531 3895 1648 3953 τοῦ.
1680 3893 1821 3947 Σοῦ.

1997 1970 2159 2024 Vens.
2204 1971 2256 2024 6.
2293 1971 2462 2036 Quasi
2489 1972 2542 2024 in
2577 1971 2709 2024 silva
2741 1971 3003 2041 lignorum
3036 1970 3308 2027 securibus
3356 1972 3501 2024 exci-

1922 2063 2108 2117 derunt
2129 2064 2329 2133 januas
2358 2065 2472 2133 ejus
2506 2065 2560 2117 in
2593 2065 2841 2133 idipsum.
2876 2064 3073 2126 lnstar,
3125 2064 3320 2133 inQuit,
3352 2065 3505 2118 silva:

1927 2156 2222 2223 lignorum,
2292 2136 2439 2211 illius
2494 2157 2694 2225 januas
2760 2171 2989 2227 prorsus
3040 2154 3391 2217 exeidcbant,
3435 2152 3503 2207 Ls

1926 2245 2180 2314 ittipsum,
2210 2246 2261 2299 id
2290 2255 2398 2310 est,
2434 2262 2540 2299 una
2574 2263 2775 2300 omnes.

2000 2417 2064 2470 In
2101 2433 2274 2471 securi
2308 2428 2359 2471 et
2389 2428 2529 2472 recte
2560 2420 2927 2489 confregerunt
2964 2437 3101 2474 eam.
3159 2417 3354 2478 Securi
3386 2424 3508 2493 qui-

1927 2508 2087 2575 dem,‘
2129 2516 2298 2572 tecta,
2349 2524 2415 2564 ac
2446 2510 2734 2564 domorum
2771 2553 2786 2576 ,
2821 2519 2877 2565 et
2910 2512 3152 2568 civitatis
3181 2513 3405 2583 ianuas,
3450 2524 3507 2571 et

1932 2615 2274 2670 quaecunque
2331 2600 2436 2652 alia
2498 2599 2674 2670 lignea
2722 2602 3136 2668 subvertebant,
3185 2615 3333 2659 vecte
3379 2622 3509 2660 vero

1931 2706 2143 2754 murus,
2194 2689 2394 2743 inmitia
2456 2701 2509 2743 et
2557 2690 2767 2760 lapidea
2809 2691 3087 2760 qua'librt.
3132 2691 3318 2748 Veetis
3357 2696 3502 2749 enim

1929 2784 2070 2853 (seu,
2117 2790 2179 2837 ut
2222 2782 2274 2836 in
2315 2781 2504 2837 Cra-ca
2560 2783 2800 2838 lectione
2838 2784 3091 2850 habetur,
3131 2783 3506 2858 λαξευτήριον)

1926 2874 2201 2943 quoddam
2263 2876 2620 2931 instrumenti
2666 2889 2838 2944 genus
2868 2884 2951 2930 est
2998 2878 3149 2946 quod
3178 2887 3230 2931 et
3265 2878 3332 2931 ad
3368 2880 3510 2933 inci-

1927 2965 2134 3021 dendus
2160 2966 2371 3035 lapides
2403 2965 2657 3021 idoneum
2682 2974 2784 3032 est,
2814 2975 2866 3021 et
2893 2969 2957 3021 ad
2985 2970 3182 3024 manna
3208 2968 3509 3035 diruenda;

1928 3056 2297 3127 confregerunt
2325 3067 2532 3123 autem,
2571 3055 2674 3110 hoc
2702 3064 2812 3121 est,
2851 3057 3196 3127 deiecerunt.

2004 3146 2172 3201 Vens.
2226 3149 2277 3200 '7.
2321 3143 2678 3199 Incenderunt
2709 3147 2763 3198 in
2789 3147 2904 3216 igne
2942 3151 3307 3202 sanctuarium
3341 3158 3508 3202 tuum.

1936 3242 2035 3295 Per
2066 3239 2447 3295 sanctuarium
2472 3240 2731 3309 templum
2751 3240 3026 3310 intelligit,
3051 3243 3510 3312 quemadmodum

1852 3317 1895 3378 (ἶ
1935 3340 1987 3393 in
2021 3335 2353 3407 praecedenti
2388 3334 2605 3404 psalmo
2633 3333 2897 3391 diximus.

2008 3430 2074 3484 In
2130 3439 2325 3482 terram
2371 3427 2787 3495 profanaverunt
2816 3426 3236 3482 .tabernaculum
3284 3428 3513 3483 nominis

1933 3525 2032 3578 tui.
2063 3521 2578 3591 —Profanarerunt,
2599 3519 2703 3575 boc
2737 3528 2843 3583 est,
2877 3520 3119 3587 profane
3148 3529 3319 3589 atque
3347 3520 3514 3588 impie

1931 3615 2069 3669 illud
2123 3614 2243 3668 solo
2290 3617 2601 3678 aequarunt.
2660 3607 2946 3676 Exquisite
3005 3620 3187 3663 autem
3251 3601 3511 3677 loquendi

1939 3704 2099 3761 modo
2156 3702 2307 3765 dicit,
2366 3698 2790 3752 Tabernaculum
2842 3699 3071 3752 nominis
3129 3698 3244 3751 Dei.
3297 3697 3514 3756 Nullum

1935 3796 2079 3854 enim
2118 3794 2317 3848 divinae
2347 3789 2670 3846 substantia:
2703 3789 3118 3843 tabernaculum
3157 3803 3279 3843 esse
3315 3794 3516 3856 potest.

1938 3904 2062 3943 cum
2120 3893 2321 3940 natura
2355 3882 2443 3937 illa
2479 3881 2664 3936 divina
2695 3880 2960 3935 immensa
2997 3881 3070 3935 sit
3106 3888 3162 3935 et
3219 3878 3519 3934 incircum-

248 3994 452 4062 si-ripta
500 3994 666 4063 (unde
692 3993 964 4058 eleganter
994 3991 1418 4044 Tabernarulum
1450 3988 1677 4043 nominis
1728 3984 1823 4038 Dei
1875 3981 2034 4053 dixit)
2068 3997 2082 4034 :
2125 3975 2309 4047 Aliqui
2373 3989 2504 4030 vero
2544 3973 2871 4044 Propltetam
2911 3971 3102 4028 dicunt
3140 3970 3517 4026 circumlocu-

248 4088 401 4140 tione
433 4086 538 4148 uti,
572 4093 625 4139 et
678 4085 1107 4140 Tabernncnlum
1155 4087 1386 4140 nominis
1423 4084 1517 4139 Dei
1544 4125 1560 4151 ,
1593 4096 1694 4152 pro
1726 4074 2106 4136 Tabernaculo
2135 4071 2227 4128 Dei
2260 4070 2484 4126 ὁὶιὶεδεο

318 4174 514 4232 Εἶπον
551 4177 622 4231 ἐν
645 4176 717 4245 τῇ
758 4176 971 4246 καρδία
994 4178 1194 4232 αὐτῶν
1225 4180 1283 4232 al
1322 4176 1667 4246 συγγένειαι
1723 4176 1829 4229 αὐ·

247 4269 369 4324 τῶν
396 4270 492 4323 ἐπὶ
529 4270 593 4322 τὸ
621 4270 789 4323 αὑτό.
813 4264 981 4324 Εἶπον
998 4271 1136 4341 πρὸς
1161 4270 1398 4339 ἀλλήλας
1421 4266 1557 4338 ὁμοῦ
1581 4267 1751 4320 πᾶσαι
1776 4264 1835 4319 αί

252 4362 567 4430 συγγένειαι
606 4360 715 4414 τῶν
742 4361 972 4433 ἐχθρῶν.
998 4362 1092 4426 Τὸ,
1124 4362 1230 4414 Ἐν
1279 4358 1353 4426 τῇ
1377 4357 1591 4426 καρδίᾳ
1611 4355 1831 4419 αὐτῶν,

253 4456 375 4508 ἀντὶ
397 4453 516 4519 τοῦ,
554 4454 689 4508 Ἀπὸ
712 4454 970 4525 καρδίας,
998 4455 1095 4526 ὅλῃ
1129 4452 1330 4524 καρδίᾳ.
1365 4451 1461 4504 καὶ
1492 4450 1642 4520 πάσῃ
1698 4464 1834 4517 προ·

254 4546 431 4617 θυμία
465 4562 480 4576 '
507 4545 692 4617 τὸγὰρ
717 4546 927 4609 Δεῦτε,
962 4542 1247 4615 ἐμποδίζει
1307 4543 1547 4596 νοεῖσθαι
1587 4539 1711 4596 ἀντὶ
1742 4536 1839 4591 τοῦ

1077 4637 1126 4688 εί
1174 4636 1248 4705 μή
1281 4651 1366 4698 τις
1408 4632 1570 4688 τοῦτο
1613 4632 1674 4685 οὐ
1707 4647 1842 4701 συμσ

256 4637 615 4706 Διενοήσαντο
670 4638 728 4690 ὲν
761 4637 990 4698 ἑαυταῖς
1023 4651 1039 4666 ’

2012 4168 2176 4224 Vsus.
2215 4163 2268 4217 8.
2297 4162 2557 4216 Dixerunt
2588 4161 2642 4215 in
2664 4157 2824 4215 corde
2858 4175 2952 4213 suo
2978 4156 3312 4228 cognationes
3339 4169 3519 4208 eorum

1944 4259 2124 4316 simul.
2156 4255 2361 4312 Omnes
2394 4252 2745 4308 inimicorum
2784 4249 3142 4319 cognationes
3173 4255 3361 4299 mutuo
3383 4245 3524 4298 inter

1941 4370 2001 4408 se
2026 4349 2188 4408 simul
2230 4348 2515 4403 dixerunt.
2543 4343 2612 4398 In
2650 4344 2807 4398 corde
2835 4350 3019 4396 autem
3051 4356 3172 4404 suo,
3199 4339 3301 4393 hoc
3331 4350 3523 4397 esr,ex

1945 4453 2061 4498 toto
2118 4439 2307 4505 corde,
2362 4443 2531 4507 atque
2583 4451 2651 4490 ex
2691 4443 2805 4490 tota
2841 4433 3010 4488 animi
3065 4429 3521 4502 promptitudine.

1948 4536 2126 4590 Dictio
2155 4541 2358 4598 autem,
2398 4530 2595 4595 Venite,
2622 4542 2744 4598 qua:
2773 4525 3049 4594 sequitur,
3087 4532 3228 4578 vetat
3255 4538 3322 4576 ne
3355 4536 3527 4590 expo-

1953 4641 2082 4680 nere
2133 4624 2432 4694 possimus,
2484 4620 2772 4680 Dixerunt,
2831 4631 2930 4687 pro
2958 4614 3347 4686 Cogitaveruul
3375 4628 3389 4666 :
3422 4611 3528 4666 nisi

258 4704 632 4794 ϐουλευδικδν,
682 4725 798 4780 ἀλλ’
864 4704 1307 4797 ὲπιῤῥηματικὶν
1349 4725 1591 4789 ὲκλάϐοι,
1656 4722 1731 4786 ὡς
1759 4721 1828 4783 τὸτ

1953 4720 2077 4789 quis
2105 4731 2223 4773 eam
2261 4728 2371 4769 non
2414 4717 2465 4769 in
2496 4713 2603 4767 vim
2640 4710 2789 4766 verbi
2828 4710 2963 4780 ('72),
3002 4706 3098 4763 sed
3145 4704 3531 4760 adverbialiter

264 4819 407 4889 ’Λγε
435 4820 535 4889 δή.
583 4820 649 4872 Τί
685 4818 743 4872 δὲ
775 4814 953 4886 εἷπον,
982 4818 1241 4873 ἄκουσον.

331 4996 532 5057 Δεῦτε,
562 4994 657 5050 καί
687 4997 1170 5066 καταπαύσωμεν
1223 4995 1426 5060 πάσας
1472 4994 1578 5060 τὰς
1639 4993 1848 5060 ἑορτὰς

263 5090 372 5142 τοῦ
400 5090 551 5143 Θεοῦ
584 5090 704 5144 ἀπὸ
737 5087 848 5156 τῆς
879 5087 1018 5158 γῆς.
1053 5090 1165 5153 Τὰς
1188 5089 1419 5159 νομικὰς
1461 5086 1725 5157 λατρείας
1754 5085 1850 5139 τοῦ

264 5181 402 5234 θεοῦ
438 5180 655 5245 τούτου,
682 5181 741 5234 δν
778 5183 1022 5235 Ἰουδαῖοι
1051 5182 1277 5235 σέὄουσι
1299 5197 1311 5209 ⁸
1348 5179 1506 5234 τοῦτο
1554 5179 1611 5233 δὲ
1655 5168 1847 5249 κσίτορ·

268 5270 518 5340 θὼσομεν
552 5271 915 5341 ἀφανίσαντες
942 5272 1072 5333 τοὺς
1120 5270 1340 5341 νόμους,
1393 5272 1488 5322 καὶ
1545 5270 1646 5339 τὴν
1697 5269 1850 5323 πολιν

267 5363 440 5427 τείαν,
494 5364 590 5417 καὶ
625 5363 727 5433 τὴν
775 5363 935 5415 πόλιν
981 5360 1182 5415 αὐτῶν.
1245 5361 1310 5412 Ὃ
1354 5359 1420 5431 δὴ
1452 5361 1543 5414 καὶ
1580 5359 1675 5412 τοῦ
1711 5358 1848 5413 Θεοῦ

273 5458 726 5530 συγχωρήσαντος
756 5456 1116 5525 πεποιήκασι.

353 5552 428 5604 Τὰ
454 5549 675 5619 σημεῖα
696 5543 896 5602 αὐτῶν
914 5547 1026 5599 οὐκ
1077 5543 1335 5615 εἴδομεν.
1382 5545 1462 5598 Τὰ
1517 5545 1777 5615 τεράστια
1812 5544 1847 5598 ἃ

1943 4826 2065 4865 esse
2127 4808 2400 4878 positam,
2432 4806 2599 4870 dicat,
2655 4818 2777 4873 pro,
2814 4800 2917 4855 Eia
2969 4816 3087 4872 age.
3140 4798 3278 4864 Quid
3346 4806 3531 4849 autem

1946 4900 2182 4953 dixerint
2227 4897 2376 4951 audi.

2034 4989 2207 5043 Venite
2235 4988 2498 5054 quiescere
2538 4983 2804 5053 faciamus
2856 4997 3034 5036 omnes
3069 4980 3386 5050 festivitates
3432 4977 3527 5031 Dei

1950 5082 2000 5133 in
2048 5091 2212 5133 terra.
2264 5076 2468 5130 Omnes
2501 5075 2761 5129 nimirum
2810 5073 3011 5143 legales
3042 5072 3222 5135 cultus
3268 5085 3331 5123 ac
3363 5084 3530 5121 cme-

1961 5173 2176 5227 mouias
2207 5170 2357 5224 illius
2391 5167 2507 5232 Dci,
2548 5182 2709 5237 quem
2761 5164 2934 5220 Judmi
2969 5166 3181 5226 colunt,
3216 5162 3317 5216 hoc
3350 5169 3529 5211 autem

1961 5263 2334 5335 perlieicmus,
2375 5261 2424 5314 si
2453 5259 2623 5329 leges,
2673 5274 2735 5313 ac
2772 5273 2971 5317 mores.
3026 5263 3078 5309 et
3133 5250 3528 5321 rempublicam

1964 5373 2153 5412 eorum
2208 5352 2610 5418 drievcrimus,
2658 5348 3115 5420 quemadmodum
3180 5343 3529 5411 permittente

1966 5450 2073 5504 Deo
2104 5449 2428 5504 cﬂ'ercrunt.

2032 5520 2195 5594 Vens.
2250 5542 2303 5594 9.
2365 5537 2531 5608 Signa
2583 5553 2761 5590 eorum
2809 5551 2911 5587 non
2963 5532 3215 5585 videmus.
3267 5526 3535 5580 .‘lliracula

1587 5727 1787 5791 Varia)
1826 5725 2152 5788 lectiones.

360 5829 469 5901 (ΤΞ)
495 5830 702 5902 (ἱππεῦ,
733 5849 835 5888 non
867 5832 934 5889 ad
965 5830 1314 5889 suadendum.
