4020 6218
281 309 384 373 ’157

1442 321 1839 385 COMMENT.
1870 322 1951 383 IN
1994 323 2361 388 PSALMOS.

3453 338 3559 401 75‘!

278 421 571 495 Ἐρυθρᾶς.
609 424 811 495 Τεῖχος
839 426 949 499 γὰρ
978 470 992 494 ,
1031 429 1217 500 φησίν,
1240 429 1310 484 ἐκ
1352 431 1568 498 δεξιῶν
1605 434 1703 489 καὶ
1764 434 1858 489 rei?

1977 436 2146 502 enim,
2211 437 2411 509 inquit,
2471 456 2502 492 a
2547 439 2770 505 dextris,
2805 451 2854 495 et
2909 457 3091 495 murus
3143 458 3173 495 o
3226 443 3456 498 sinistris
3484 447 3547 503 κ.

278 530 388 580 χος
418 512 489 578 ἐξ
520 514 867 585 εὐωνύμων,
896 520 963 590 τῇ
998 520 1065 591 σῇ
1088 518 1317 591 δυνάμει
1354 523 1415 576 τὸ
1447 523 1649 593 ροῶδες
1691 526 1872 579 αὐτῶν

278 605 581 676 συνεσχέθη
605 609 802 676 παγέν.

347 697 434 751 Σὺ
498 701 875 771 συνέτριψας
931 705 1040 770 τὰς
1055 708 1325 777 nemo;
1374 708 1493 764 τῶν
1525 711 1872 780 δρακόντων

275 790 378 843 ἐπὶ
415 790 526 846 τοῦ
556 792 801 859 ὕδατος.
832 796 1143 867 Δράκοντας
1181 801 1285 872 μὲν
1308 803 1565 873 ὀνομάζει
1598 806 1725 869 τοὺς
1774 808 1869 860 Αί-

278 884 544 949 γυπτίους
606 884 693 940 διὰ
744 887 844 959 τὴν
899 893 1190 963 πονηρίαν,
1258 896 1503 965 κεφαλὰς
1554 897 1613 952 δὲ
1688 897 1869 953 αὐτῶν

276 976 407 1039 τοὺς
458 976 864 1043 ἀποσταλέντας
917 982 1143 1038 ὄπισθεν
1182 986 1291 1040 τῶν
1360 989 1737 1059 Ἰσραηλιτῶν.
1770 994 1866 1046 καὶ

276 1067 580 1140 ταξιάρχας
607 1109 623 1133 ,
673 1073 767 1124 καὶ
830 1074 1095 1146 λοχαγοὺς
1138 1121 1154 1145 ,
1189 1079 1266 1143 ὼς
1336 1080 1605 1152 ἄρχοντας
1633 1100 1647 1115 ⁸
1708 1084 1868 1156 ἄρχει

277 1157 388 1229 γὰρ
422 1161 455 1227 ἡ
484 1162 697 1233 κεφαλὴ
729 1164 839 1220 τῶν
865 1166 1043 1222 ἄλλων
1079 1172 1263 1242 μερῶν
1300 1188 1314 1203 ο
1354 1173 1404 1225 οἳ
1442 1174 1667 1241 πάντες,
1746 1178 1869 1229 ἑπι-

280 1250 582 1317 κλύσαντος
609 1256 811 1321 αὐτοὺς
844 1260 938 1314 τοῦ
972 1261 1189 1328 ὕδατος,
1229 1267 1651 1338 συνετρίϐησαν,
1688 1268 1867 1324 εἴτουν

276 1342 586 1401 ἀπώλοντο.

311 1504 319 1517 α
350 1435 434 1488 Σὺ
456 1437 856 1509 συνέθλασας
894 1443 1013 1514 τὴν
1038 1447 1317 1516 κεφαλὴν
1348 1448 1456 1504 τοῦ
1509 1450 1863 1521 δράκοντος.

276 1526 559 1596 Δράκοντα
589 1530 788 1597 ἑνικῶς
810 1534 905 1588 τὸν
935 1536 1138 1607 Φαραῶ
1162 1556 1320 1611 φησι,
1352 1539 1543 1596 θλάσιν
1589 1543 1645 1597 δὲ
1691 1562 1866 1615 κεφα-

279 1618 379 1689 λῆς
417 1619 515 1691 τήν
568 1623 868 1697 συντρισὴν
906 1627 1006 1697 τῆς
1032 1628 1211 1703 ἀρχῆς
1267 1632 1364 1687 καὶ
1410 1634 1513 1704 τῆς
1581 1635 1866 1707 βασιλείας

277 1713 469 1767 αὐτοῦ.

1977 528 2217 591 potentia
2250 529 2513 585 nimirum
2547 539 2636 586 tua
2669 542 2963 589 concretus
3009 541 3117 600 est,
3153 537 3246 604 qui
3282 550 3551 606 aquarum

1975 617 2249 674 delluxuut
2287 621 2578 676 continuit.

2044 710 2212 768 Vens.
2246 713 2334 770 14.
2373 713 2450 768 Tu
2470 716 2957 787 contrivisticapita
2981 717 3271 773 draconum
3302 721 3355 773 in
3383 722 3554 788 aquis.

1974 802 2079 857 Per
2144 802 2441 869 dracones,
2499 804 2787 877 Egyptios
2838 807 3121 878 intelligit,
3160 808 3228 863 ob
3283 823 3552 863 summam

1973 909 2167 951 eorum
2228 897 2554 966 pravitatem
2603 915 2617 952 :
2651 906 2705 952 et
2744 913 2843 968 per
2876 898 3182 952 draconum
3220 898 3422 969 capita,
3460 914 3561 951 cos
3640 956 3642 959 τ

1974 987 2199 1054 milites,
2271 989 2545 1055 tribunos,
2611 993 2968 1047 centuriones
3024 1001 3078 1047 et
3142 994 3330 1057 duces,
3372 992 3466 1060 qui
3525 1008 3553 1044 a

1974 1078 2262 1136 Pharaone
2312 1081 2463 1136 missi
2521 1091 2651 1137 sunt
2683 1083 2751 1137 ad
2791 1084 3233 1154 persequendum
3290 1083 3553 1153 populum

1973 1171 2142 1226 Israel
2184 1187 2197 1225 :
2246 1174 2339 1242 qui
2400 1175 2577 1242 plebis
2630 1175 3069 1245 comparatione,
3124 1183 3183 1229 ut
3243 1174 3550 1246 digniores,

1970 1264 2151 1333 capita
2176 1264 2434 1334 appeliari
2453 1273 2706 1335 poterant
2739 1266 2877 1339 (Ἠ).
2903 1267 2964 1321 Hi
2987 1282 3178 1321 omnes
3197 1266 3365 1336 igitur
3388 1268 3551 1320 inun-

1970 1353 2134 1409 dante
2167 1369 2305 1424 aqua
2335 1357 2555 1409 contriti
2585 1366 2737 1422 sunt,
2766 1366 2820 1413 et
2855 1359 3160 1428 perierunt.

2044 1444 2122 1500 Tu
2146 1447 2454 1518 confregisti
2483 1459 2638 1517 caput
2663 1450 2932 1504 draconis.
2968 1449 3070 1504 Per
3110 1451 3401 1505 draconem
3434 1451 3548 1504 si‘n-

1968 1536 2142 1607 gulari
2171 1553 2446 1605 sermone,
2479 1538 2823 1598 Pharaonem
2861 1542 3140 1611 intelligit,
3190 1553 3243 1596 et
3286 1558 3378 1611 per
3418 1558 3551 1599 con-

1968 1628 2293 1685 tractionem
2331 1630 2555 1701 capitis,
2591 1636 2743 1705 regni
2775 1642 2938 1706 atque
2970 1633 3185 1703 imperii
3219 1635 3340 1705 ejus
3365 1638 3549 1691 immio

1969 1731 2276 1776 annonem.

348 1807 621 1877 Ἕδωκας
670 1812 859 1868 αὑτὸν
896 1816 1109 1888 ,ϐρῶμα
1155 1818 1333 1887 λαοῖς
1384 1821 1510 1888 τοῖς
1558 1824 1858 1894 Αίθίοψιν.

2042 1811 2251 1867 Dedisti
2276 1829 2394 1868 eum
2432 1832 2605 1871 escam
2632 1816 2843 1886 populis
2872 1816 3209 1888 Ethiopum.
3264 1818 3552 1890 [Ethiopm

274 1900 532 1966 Αἰθίοπες
594 1907 727 1980 γὰρ,
761 1907 955 1980 ὅμοροι
1005 1913 1119 1975 τοῖς
1175 1914 1508 1982 Αἰγυπτίοις»
1547 1916 1726 1983 ὄντες,
1768 1918 1866 1973 καὶ

275 1995 447 2049 πάλαι
474 1998 687 2064 τούτοις
751 2002 1225 2071 ἐπιϐουλεύοντες,
1276 2008 1399 2062 ἐπεὶ
1448 2009 1550 2080 τὴν
1602 2011 1864 2083 τοιαύτην

273 2087 457 2141 αὐτῶν
490 2085 632 2145 εἶδον
665 2095 987 2166 συν-τριϐὴν,
1018 2098 1422 2171 ἐπιδραμόντες
1446 2101 1735 2172 ὲληῖσαντο
1762 2103 1863 2176 τὴν

270 2179 569 2248 Αἴγυπτον,
607 2185 700 2239 καὶ
724 2187 851 2249 τοὺς
873 2189 1203 2256 ὑπολοίπους
1226 2192 1286 2246 ὲν
1318 2195 1551 2266 στόματι
1583 2197 1863 2269 μαχαίρας

271 2276 613 2345 κατέφαγον.
650 2279 921 2349 Ἔδωκας
948 2283 1027 2349 δὲ,
1062 2286 1184 2340 ἀντὶ
1232 2286 1328 2341 τοῦ
1380 2287 1705 2355 Ἐξέδωκας.
1758 2291 1862 2346 Διὰ

268 2362 326 2415 δὲ
370 2364 467 2418 τοῦ
525 2369 725 2441 Φαραῶ
780 2374 876 2428 καὶ⁸
928 2378 1114 2431 πᾶσαν
1163 2379 1263 2452 τὴν
1307 2382 1399 2435 ὑπ’
1462 2382 1627 2436 αὐτὸν
1675 2384 1862 2457 χώραν

270 2455 668 2528 ὑποσημαίνει.

342 2549 431 2644 Σὺ
451 2551 772 2623 διέρῤηειις
793 2562 993 2630 πηγὰς
1032 2564 1132 2617 καὶ
1180 2567 1563 2638 χειμὰρῤους.
1595 2604 1663 2613 -
1702 2574 1859 2644 Arrip-

259 2642 481 2737 ῥηξας,
516 2645 842 2715 Ἀνέδωκας.
872 2654 1038 2723 Λέγει
1062 2656 1201 2710 δὲτὸ
1222 2659 1333 2713 ἀπὸ
1368 2663 1474 2733 τῆς
1526 2665 1738 2737 πέτρας
1793 2642 1858 2719 εν

268 2735 469 2830 ερήμῳ
509 2739 642 2809 ῥυὲν
703 2741 873 2816 ὕδωρ.
907 2746 1019 2800 Kal.
1054 2750 1239 2819 πηγὰς
1301 2753 1403 2823 μὲν
1456 2751 1577 2809 εἷπε
1624 2735 1713 2811 διὰ
1759 2759 1858 2830 τὴν

274 2825 505 2923 ξλΰσινο
540 2835 879 2908 χειμάρῤους
916 2838 974 2893 δὲ
1010 2840 1101 2895 διὰ
1130 2843 1190 2896 τὸ
1222 2846 1457 2917 σφοδρὸν
1504 2849 1605 2919 τῆς
1658 2825 1854 2923 φορᾶς.

268 2921 667 3014 ιῑληουντικῶς
698 2928 755 2983 δὲ
783 2931 975 3002 ἄμφω,
1011 2938 1155 2990 κατὰ
1185 2940 1479 3011 συνήθειαν
1499 2942 1600 3013 τῆς
1634 2921 1857 3014 Ἐϐραΐ-

266 3012 359 3078 δος
416 3016 726 3077 διαλέκτου.
798 3023 858 3078 ’0
914 3026 1027 3100 γὰρ
1078 3028 1379 3102 Σύμμαχος
1446 3012 1565 3087 καὶν
1621 3012 1856 3101 Ἀκῦλας

268 3105 473 3173 ἑνικῶς
495 3109 788 3178 ἐξέδωκαν.

339 3292 425 3346 Σὺ
458 3293 762 3364 ἐξῆραν-ας
790 3300 1094 3369 ποταμοὺς
1140 3302 1341 3375 Ἠθάμ.
1382 3306 1457 3362 Τὸ
1497 3309 1677 3383 Ἠθᾶμ
1720 3312 1853 3383 ’Ap-

266 3386 484 3455 χηίους
512 3390 856 3460 ήρμήνευσεν
882 3393 911 3445 ὁ
940 3393 1258 3466 Σύμμαχος.
1309 3398 1473 3468 Διίγει
1498 3401 1555 3455 δὲ
1606 3405 1699 3458 καὶ
1729 3408 1856 3473 τοὺς

264 3478 379 3533 τῶν
409 3479 666 3550 Σοδόμων
694 3483 790 3536 καὶ
818 3485 1135 3558 Γομόρρων,
1165 3488 1315 3554 οὒςό
1348 3491 1483 3557 θεὸς
1526 3495 1851 3569 ἀπετέφρωο

266 3588 328 3624 σε
359 3570 452 3625 διὰ
502 3572 603 3644 τὴν
658 3574 867 3630 τούτων
900 3581 1275 3651 παρανομίαν.
1309 3582 1380 3636 Ἢ
1415 3584 1607 3651 ἁπλῶς
1662 3599 1876 3660 φησιν.’

260 3664 347 3715 δτι
377 3663 451 3718 Σὺ
475 3664 754 3731 ἀνέδωκας
784 3668 885 3739 μὲν
919 3669 1091 3725 ὕδατα
1123 3672 1219 3727 νέα
1256 3690 1272 3705 ·
1322 3675 1597 3749 ὲξήρανας
1641 3680 1701 3734 δὲ
1748 3700 1854 3736 πα-

261 3752 414 3817 λαιὰ,
443 3756 504 3808 ὲν
534 3751 614 3821 οἷς
638 3758 917 3830 ἠθέλησας
941 3761 1153 3827 τόποις.
1191 3764 1466 3839 Ἰσίδωρος
1495 3768 1551 3822 δὲ
1585 3772 1613 3823 ὁ
1642 3773 1857 3843 Πηλου-

262 3847 472 3938 cf.ch
522 3849 586 3903 τδ
623 3850 825 3923 Ἦθὰμ,
857 3853 1030 3924 ὄνομα
1092 3857 1262 3911 τόπου
1310 3860 1499 3929 φησὶν,
1552 3864 1613 3915 οὐ
1663 3866 1854 3938 πόρῤω

258 3937 364 4006 τῆς
441 3938 836 4015 Ἰερουσαλὴμ,
883 3945 943 4001 δν
1002 3950 1243 4017 ποταμοὶ
1317 3954 1449 4021 πρὶν
1504 3937 1852 4026 ἀρδεύοντες,

259 4026 497 4102 ὕστερον
528 4033 750 4106 ὑπὸτῆς
778 4036 1037 4104 ἁλώσεως
1096 4042 1195 4112 τῆς
1255 4043 1360 4097 ὑπὸ
1418 4044 1704 4118 Ῥωμαίων
1757 4052 1854 4106 καὶ

257 4122 418 4175 αὐτοὶ
448 4123 830 4198 ὲξηράνθησαν
866 4131 930 4184 ἐκ
962 4131 1282 4204 θεομηνίας.

334 4216 421 4282 Σή
474 4217 648 4273 ἐστιν
693 4220 903 4290 ἡμέρα,
947 4225 1045 4278 καὶ
1095 4225 1178 4296 σή
1226 4227 1401 4284 ἐστιν
1452 4234 1491 4302 ἡ
1531 4234 1669 4299 νύξ.
1719 4237 1851 4292 Ἀπὸ

254 4308 372 4363 τῶν
398 4308 584 4363 ίδικῶν
604 4313 1052 4385 παραδοξοποιῶν
1094 4318 1187 4372 ἐπὶ
1226 4320 1328 4384 τὰς
1379 4325 1568 4391 κοινὰς
1613 4328 1705 4383 τὸν
1761 4330 1851 4385 λό-

254 4418 360 4497 γρν
387 4404 731 4497 προήγαγεν.
769 4407 870 4461 Σὺν
901 4409 1138 4480 ποίημα,
1171 4416 1362 4481 φησὶν,
1391 4419 1424 4488 ἠ
1461 4420 1643 4492 ἡμέρα
1670 4424 1766 4478 καὶ
1812 4424 1848 4497 ἠ

253 4491 378 4558 νὺξ,
413 4493 509 4547 καὶ
535 4494 611 4567 τῷ
641 4497 720 4568 σῷ
762 4499 1149 4572 προστάγματι
1178 4503 1545 4565 δουλεύουσιν.

329 4669 417 4723 Σὺ
466 4673 807 4741 κατηρτίσω
861 4675 1094 4746 φαῦσιν
1131 4679 1231 4735 καὶ
1267 4681 1465 4748 ἥλιον.
1507 4684 1712 4741 Φαῦσιν
1747 4690 1846 4759 τὴν

247 4761 528 4833 ἀνατολὴν
555 4767 657 4835 τῆς
685 4766 920 4837 ἡμέρας,
948 4769 1069 4840 ἦτοι
1104 4770 1195 4824 τὸν
1225 4771 1444 4844 ὄρθρον.
1491 4778 1844 4847 Κατηρτίσω

243 4852 335 4919 δὲ,
362 4854 491 4907 ἀντὶ
518 4853 613 4909 τοῦ
647 4856 947 4929 Ἔποίησας
980 4876 996 4892 ο
1036 4862 1126 4916 διὰ
1154 4862 1211 4917 δὲ
1253 4865 1349 4919 τοῦ
1385 4865 1538 4938 ἡλίου
1583 4870 1677 4922 καὶ
1717 4872 1846 4937 τοὺς

242 4944 454 5010 ἄλλους
489 4947 729 5019 ἀστέρας
749 4950 990 5022 ᾐνίξατο.

321 5033 414 5088 Σὺ
451 5032 749 5104 ἐποίησας
778 5038 978 5095 πάντα
1002 5040 1075 5097 τὰ
1099 5043 1285 5112 ὡραῖα
1319 5045 1433 5116 τῆς
1467 5047 1597 5117 τῆς.
1652 5050 1843 5123 Ὠραία

238 5126 382 5190 τοὺς
412 5128 665 5197 ἐτησίους
694 5130 945 5202 καρπούς
980 5148 995 5164 ο
1025 5126 1168 5205 ὧρος
1190 5134 1302 5207 γὰρ
1329 5136 1391 5191 τὸ
1418 5136 1561 5203 ἔτος.
1605 5140 1716 5195 Καὶ
1765 5159 1844 5195 τι-

239 5218 341 5281 νὲς
378 5218 480 5288 μὲν
508 5220 633 5274 ἀντὶ
662 5221 758 5275 τοῦ
792 5222 869 5281 Τὰ
934 5224 1141 5294 ὡραῖα,
1193 5227 1269 5282 Τὰ
1320 5228 1454 5298 ὅρια
1505 5230 1836 5301 γράφουσιν,

238 5306 437 5364 show
489 5312 617 5374 τοὺς
669 5312 833 5384 ὄρους
863 5330 877 5346 ·
934 5315 1161 5387 ἄμεινον
1209 5318 1266 5372 δὲ
1311 5320 1373 5374 τὸ
1409 5322 1486 5376 Τὰ
1508 5321 1712 5390 ὡραῖα,
1745 5326 1839 5378 καὶ
1913 5381 1918 5384 ,

236 5398 415 5453 τοῦτο
436 5400 595 5472 δῆλον
627 5404 693 5457 ὲκ
722 5402 817 5457 τοῦ
858 5405 987 5477 ἑξῆς
1017 5407 1188 5479 ῥητοῦ

1969 1903 2336 1961 ﬁnitimisunt
2371 1907 2665 1981 Egyptiis.
2699 1910 2761 1963 lli
2796 1921 2979 1966 autem
3008 1912 3195 1982 populi
3230 1912 3553 1966 inimicitias

1966 1998 2097 2052 olim
2138 1999 2283 2056 inter
2341 2016 2400 2057 se
2446 2003 2798 2069 exercebant,
2854 2012 2907 2059 ct
2966 2014 3157 2058 mutuo
3216 2006 3355 2060 alter
3387 2006 3547 2059 alteri

1967 2091 2222 2146 tendebat
2252 2091 2504 2149 insidias.
2534 2094 2821 2165 Ethiopes
2842 2095 3033 2166 igitur,
3057 2107 3343 2166 perspecta
3376 2097 3548 2169 Egy-

1964 2185 2208 2254 ptiorum
2242 2186 2424 2253 clade,
2452 2188 2815 2242 excursiones
2839 2186 3112 2253 fecerunt,
3142 2188 3550 2261 IEgyptumqnc

1965 2277 2263 2347 depraedati
2292 2290 2446 2342 sunt,
2473 2288 2525 2334 et
2555 2279 2797 2350 reliquos
2816 2296 3005 2335 omnes
3031 2279 3125 2351 qui
3162 2281 3549 2350 superfuerant

1965 2371 2019 2425 in
2057 2386 2152 2425 ore
2183 2370 2350 2443 gladii
2387 2373 2771 2427 comederunt.
2814 2373 2918 2428 Per
2958 2372 3302 2429 Pharaonem
3340 2387 3545 2442 autem,

1964 2478 2159 2519 omnes
2192 2465 2331 2519 alias
2368 2465 2623 2535 regiones
2660 2467 2889 2521 denotat
2920 2468 2968 2521 ei
2997 2467 3303 2536 subjectas.

2034 2557 2201 2622 Vens,
2233 2558 2321 2613 15.
2365 2557 2441 2611 Tu
2479 2558 2734 2625 dirupisti
2777 2557 2950 2623 fontes
2973 2569 3021 2613 et
3044 2567 3327 2613 torrentes.
3355 2590 3425 2599 —-
3451 2560 3547 2614 Di-

1962 2648 2155 2715 rupisti
2178 2648 2312 2703 dicit
2344 2664 2443 2718 pro
2476 2648 2706 2703 Dedisti.
2744 2648 2894 2705 Illam
2928 2659 3111 2705 autem
3150 2665 3349 2721 aquam
3381 2650 3549 2705 intel—

1964 2741 2105 2811 ligit,
2139 2756 2260 2812 qua:
2320 2740 2387 2795 de
2419 2749 2573 2811 petra
2615 2740 2770 2795 ﬂuxit
2828 2741 2883 2794 in
2946 2742 3188 2796 deserto.
3252 2740 3319 2793 Et
3368 2741 3547 2796 fontes

1961 2831 2185 2902 quidem
2227 2831 2352 2887 ideo
2377 2832 2691 2901 appellavit,
2719 2833 2847 2900 quia
2871 2847 3023 2902 aqua!
3050 2833 3153 2887 illm
3179 2832 3347 2888 l'onlis
3373 2834 3545 2887 instar

1962 2925 2303 2979 scaturirent
2339 2941 2353 2979 :
2387 2932 2666 2977 torrentes
2714 2938 2844 2979 vero
2906 2925 2978 2979 ob
3017 2922 3198 2980 ﬂuxus
3251 2928 3545 2979 vehemen—

1964 3016 2095 3069 tiam
2132 3033 2144 3069 :
2181 3021 2478 3084 utrumque
2507 3022 2690 3068 autem
2723 3014 2921 3084 plurali
2956 3031 3184 3071 numero
3205 3015 3542 3086 dixit,juxta

1882 3129 1926 3188 ο
1965 3106 2249 3160 llebraicm
2286 3106 2486 3174 lingute
2527 3121 2710 3160 usum.
2744 3107 2942 3175 Aquila
2973 3119 3156 3163 autem
3201 3119 3256 3164 et
3288 3108 3540 3181 Symma-

1963 3198 2103 3253 chus
2137 3197 2472 3269 singularem
2509 3214 2805 3255 numerum
2834 3210 3148 3260 servarunt.

2032 3285 2111 3340 Tu
2132 3288 2350 3343 siccasti
2371 3288 2561 3357 ﬂuvios
2581 3289 2796 3343 Etham.
2819 3290 3183 3361 Symmachus
3208 3307 3306 3361 pro
3327 3291 3538 3354 lit/tam,

1959 3378 2218 3449 Antiquos
2248 3379 2488 3435 reddidit
2524 3399 2537 3436 :
2578 3380 2962 3452 Sodommque,
3001 3391 3054 3435 ct
3090 3381 3412 3438 Gomorrha:
3439 3384 3541 3438 “ll-

1956 3472 2079 3526 vios
2128 3482 2184 3525 et
2236 3470 2422 3528 l‘ontes
2481 3472 2763 3544 intelligit,
2795 3488 2936 3544 quos
2971 3475 3039 3529 ob
3071 3491 3262 3531 eorum
3316 3476 3548 3546 peccata‘

1959 3563 2178 3617 Deusin
2210 3564 2453 3619 cinerem
2482 3564 2714 3635 redegit.
2746 3564 2844 3620 Vel
2874 3566 3237 3636 simpliciter:
3269 3568 3350 3622 'I‘u
3382 3569 3539 3623 dedi-

1957 3655 2031 3711 sti
2056 3654 2242 3719 nobis,
2269 3655 2470 3725 inquit,
2498 3671 2672 3711 novas
2704 3671 2897 3725 aquas,
2921 3664 2979 3710 tu
3005 3657 3264 3727 antiquas
3293 3659 3539 3719 siccasti,

1957 3755 2241 3817 utcunque
2274 3747 2373 3802 tibi
2409 3747 2672 3817 placitum
2710 3756 2816 3803 est.
2848 3748 3093 3804 Isidorus
3118 3764 3249 3802 Vero
3288 3748 3537 3804 Pelusio-

1957 3846 2065 3901 tes,
2102 3836 2302 3894 Etham
2333 3837 2471 3893 dicit
2521 3838 2627 3891 loci
2687 3853 2890 3892 nomen
2933 3852 3080 3901 esse,
3131 3853 3236 3891 non
3282 3840 3470 3907 procul
3507 3855 3535 3891 a

1954 3927 2311 3995 Jerusalem,
2374 3929 2467 4000 qui
2523 3914 2846 3983 ﬂuminibus
2905 3929 3036 3983 olim
3088 3929 3349 3999 irriguos,
3412 3939 3537 4000 post

1955 4022 2300 4079 eversionem
2349 4020 2658 4077 Jerusalem
2710 4037 2740 4075 a
2774 4020 3043 4076 Romanis
3084 4022 3309 4085 factam,
3339 4022 3410 4075 ob
3443 4022 3533 4075 Dei

1955 4115 2095 4170 iram
2125 4116 2232 4172 illis
2267 4116 2527 4171 omnibus
2559 4131 2792 4187 prorsus
2824 4115 3140 4169 exsiccatus
3172 4124 3279 4169 est.

2029 4207 2194 4265 Vsus.
2237 4208 2322 4264 16.
2378 4207 2525 4263 Tuus
2558 4217 2638 4262 est
2676 4208 2808 4271 dies,
2840 4217 2888 4261 et
2920 4216 3014 4259 tua
3047 4218 3122 4260 est
3169 4221 3291 4261 nox.
3332 4206 3468 4262 Cum
3505 4224 3532 4260 a

1953 4301 2377 4373 particularibus
2407 4310 2459 4356 et
2505 4301 2735 4373 privatis
2787 4300 3112 4370 quibusdam
3147 4301 3309 4354 rebus
3332 4300 3535 4371 coepis-

1954 4403 2034 4449 set
2064 4393 2231 4448 Deum
2268 4392 2515 4458 laudare,
2558 4407 2709 4447 nunc
2743 4407 3054 4447 sermonem
3087 4392 3246 4446 vertit
3284 4391 3351 4445 ad
3379 4409 3531 4448 com-

1878 4492 1923 4548 D
1952 4486 2139 4541 munia
2165 4499 2178 4538 :
2208 4484 2357 4549 Dies,
2392 4484 2594 4554 inquit,
2616 4495 2668 4540 et
2693 4501 2799 4539 nos
2829 4500 2858 4538 a
2881 4493 2933 4539 te
2959 4494 3085 4539 sunt
3112 4494 3320 4552 creata,
3346 4494 3531 4557 atque,

1957 4588 2015 4633 ut
2044 4578 2257 4643 famuli,
2287 4587 2383 4634 tuo
2418 4577 2730 4636 inserviunt
2762 4578 3050 4633 mandato.

2023 4671 2100 4726 Tu
2125 4672 2393 4744 perfecisti
2422 4689 2676 4729 auroram
2703 4682 2751 4725 et
2787 4671 2973 4726 salem.
3001 4669 3104 4726 Per
3136 4686 3393 4732 auroram
3424 4673 3531 4728 diei

1949 4775 2130 4819 ortum
2178 4780 2278 4821 seu
2334 4764 2638 4822 diluculum
2681 4764 2861 4834 ipsum
2917 4761 3196 4835 intelligit.
3253 4764 3534 4837 Perfecisti

1952 4868 2161 4925 autem,
2198 4859 2253 4914 id
2286 4868 2373 4916 est
2400 4860 2580 4915 fecisti
2625 4876 2640 4913 :
2675 4867 2729 4915 et
2752 4873 2849 4928 per
2874 4857 3045 4914 solem
3077 4866 3311 4916 caeteras
3336 4875 3530 4916 omnes

1951 4947 2141 5004 stellas
2169 4945 2524 5015 signiﬁcavit.

2028 5038 2191 5095 Vens.
2224 5038 2314 5092 t7.
2362 5035 2442 5091 Tu
2491 5036 2665 5106 fecisti
2726 5052 2910 5092 omnes
2968 5038 3152 5111 fruges
3188 5046 3362 5093 terrce.
3425 5036 3530 5093 Per

1951 5133 2138 5200 fruges
2183 5129 2336 5199 juxta
2390 5126 2564 5183 (ἓωοί
2627 5127 2867 5183 nominis
2897 5130 3282 5201 etymologiam
3315 5143 3529 5183 annuos

1951 5224 2169 5278 fructus
2202 5221 2484 5291 intelligit.
2526 5219 2762 5287 Quidam
2819 5234 2951 5276 vero
3005 5236 3110 5275 non
3174 5218 3379 5289 Fruges
3429 5221 3525 5275 sed

1951 5316 2227 5372 Terminos
2273 5313 2563 5385 legendum
2597 5327 2720 5369 esse
2771 5319 3097 5368 asseverant
3131 5310 3231 5381 (et
3271 5310 3525 5367 lectionis

1951 5411 2196 5466 varietas
2258 5421 2326 5463 ex
2379 5405 2686 5461 dictionum
2738 5403 3055 5458 Graecarum
3098 5401 3381 5457 vicinitate
3435 5409 3543 5457 est’

236 5494 436 5560 orta);
466 5496 661 5552 melior
687 5504 872 5553 tamen
905 5500 1069 5556 lectio
1092 5503 1311 5560 videtur
1337 5517 1459 5574 qua:
1493 5504 1657 5561 habet
1683 5504 1908 5579 Fruges,
1945 5514 2004 5559 ut
2036 5520 2099 5560 ex
2129 5498 2493 5572 sequentibus
2516 5496 3010 5552 demonstrabitur.

315 5631 367 5663 ³¹
399 5628 571 5687 Exod.
610 5650 721 5698 xw,
752 5633 843 5689 ‘22.

1598 5706 1795 5767 Varia:
1838 5707 2163 5769 lectiones.

323 5802 448 5873 (τι)
477 5805 556 5861 Ad
605 5807 827 5863 verbum
879 5822 925 5865 et
968 5810 1226 5879 tribunos,
1272 5820 1318 5867 ct
1351 5812 1702 5880 centuriones,
1734 5822 1789 5866 ut
1814 5816 2147 5882 imperantes.
2185 5810 2418 5882 Imperat
2455 5811 2589 5865 enim
2615 5818 2768 5879 caput
2798 5807 3016 5877 reliquis
3039 5805 3321 5868 membris-
