4070 6224
345 270 443 337 761

1537 278 1932 338 (IOMMENT.
1976 278 2049 336 1N
2101 280 2469 342 PSALMOS.

3504 284 3617 355 7&2

404 394 689 463 Ἀνάστα,
720 396 753 449 ὀ
777 396 945 463 Θεὸς,
966 396 1224 451 ὄίκασον
1253 395 1365 462 τὴν
1395 395 1573 462 δίκην
1603 412 1741 449 σου.
1788 396 1913 467 Δίκη

2103 400 2266 455 Vsus.
2307 400 2398 454 2'2.
2432 401 2698 473 Exsurge,
2740 402 2898 464 Deus,
2948 404 3131 474 judico
3168 422 3389 458 musam
3439 417 3608 460 luam.

343 487 454 558 γὰρ
491 487 723 560 συνέστη
789 489 954 558 μέσον
997 489 1092 542 σοῦ
1142 490 1235 543 καὶ
1269 488 1378 540 τῶν
1430 489 1662 559 ἐχθρῶν,
1710 489 1741 559 ἡ
1794 490 1923 558 περὶ

344 582 580 654 ὕϐρεως.
632 585 746 638 Οὐκ
798 584 956 655 ἢρκει
1002 581 1114 655 γὰρ
1165 584 1352 645 αὐτοῖς
1393 585 1425 652 ἡ
1472 581 1614 636 κατὰ
1657 582 1749 634 τοῦ
1790 580 1920 635 λαοῦ

346 677 535 748 μανία,
573 675 709 729 ἀλὶὰ
737 678 963 749 προσέτι
1010 679 1105 730 καὶ
1145 676 1205 730 σὲ
1230 675 1532 742 διέϐαλλον,
1585 675 1660 737 ὠς
1690 671 1918 743 ἀσθενῆ.

341 771 414 824 Ἥ
446 772 538 827 καὶ
571 771 748 835 ἄλλως
769 784 783 798 ·
832 771 900 824 Ἡ
921 772 1014 827 τοῦ
1050 771 1183 825 λαοῦ
1212 789 1304 823 σου
1344 770 1470 840 δίκη
1502 769 1569 840 σή
1603 768 1774 822 ἐστιν.

413 1038 727 1107 Μνήσθητι
776 1040 882 1095 τοῦ
933 1040 1278 1109 ὀνειδισμοῦ
1334 1056 1451 1095 σου
1498 1041 1602 1095 τοῦ
1654 1041 1918 1109 ἄφρονος

340 1132 496 1197 ὅλην
531 1132 645 1201 τὴν
676 1133 927 1203 ἡμέραν.
996 1136 1241 1205 Ἀφρονα
1307 1134 1399 1187 τὸν
1426 1134 1587 1186 Τίτον
1612 1133 1708 1185 καὶ
1740 1134 1919 1186 πάντα

342 1227 686 1294 στρατιώτην
732 1226 898 1279 αὐτοῦ
954 1228 1128 1282 καλεῖ.
1162 1228 1271 1281 Καὶ
1295 1227 1556 1298 ἀνωτέρω
1583 1226 1638 1279 δὲ
1671 1228 1917 1296 εἴρηκεν,

337 1316 420 1368 ὃτι
452 1315 557 1369 Kal
592 1316 742 1382 λαὸς
772 1316 981 1386 ἄφρων
1020 1318 1335 1388 παρώξυνε
1368 1319 1435 1372 τὸ
1461 1316 1650 1388 ὄνομά
1671 1334 1811 1372 σου.
1849 1347 1918 1357 -

344 1408 454 1462 Τοῦ
505 1409 854 1480 ὀνειδισμοῦ
909 1412 966 1465 δὲ
1009 1411 1103 1466 τοῦ
1163 1413 1318 1479 ὅλην
1351 1410 1467 1480 τὴν
1509 1412 1758 1479 ἡμέραν,
1795 1410 1917 1464 ἀντὶ

334 1502 429 1554 τοῦ
462 1503 571 1555 Ἀεὶ
602 1505 919 1574 γινομένου.

404 1593 503 1662 Μὴ
538 1594 799 1669 ἐπιλάϐῃ
828 1595 938 1666 τῆς
965 1595 1171 1667 φωνῆς
1200 1595 1319 1649 τῶν
1339 1596 1588 1651 οἰκετῶν
1612 1613 1752 1651 σου.
1793 1595 1917 1651 Τῶν

333 1687 687 1742 ἱκετευόντων
729 1708 787 1743 σε
838 1691 979 1744 κατὰ
1006 1691 1095 1746 τὸν
1145 1691 1339 1761 καιρὸν
1373 1694 1606 1751 ἐκεῖνον,
1644 1690 1723 1753 ὡς
1772 1690 1907 1760 ἔφη·

335 1782 611 1851 μεν.Τινᾶ
668 1784 724 1838 δὲ
778 1785 884 1840 τῶν
935 1785 1312 1856 ἀντιγράφων,
1335 1783 1451 1839 τῶν
1502 1782 1717 1839 ἱκετῶν
1766 1800 1913 1851 σου,

332 1874 663 1944 γράςουσιν.

418 2144 479 2199 Ἡ
515 2149 893 2213 ὑπερηφανία
942 2145 1062 2201 τῶν
1106 2150 1453 2216 μισούντων
1495 2167 1568 2205 σε
1610 2151 1793 2217 ἀνέϐη
1822 2151 1922 2208 διὰ

339 2238 906 2306 παντόςμ-Ἀγέόλιμ
939 2240 1224 2297 τουτέστιν
1251 2241 1465 2312 ὑψώθη,
1502 2243 1829 2316 ἐκορυφώοη
1849 2244 1919 2315 ’ἢ

339 2332 511 2400 ἀνέϐη
568 2333 802 2386 ἐνώπιόν
859 2351 975 2391 σου.
1043 2336 1245 2390 Σκόπει
1280 2338 1338 2390 δὲ
1392 2339 1540 2401 ὅπως
1570 2338 1798 2408 οὐδεμία
1836 2356 1921 2401 τις

338 2425 562 2492 ἀγαθῶν
587 2426 891 2493 ἐπαγγελία
925 2429 1037 2490 τοῖς
1062 2430 1250 2499 ῥητοῖς
1279 2428 1492 2489 τούτοις
1522 2429 1918 2499 ὲπισυνῆπται,

336 2517 593 2586 καθάπερ
646 2519 731 2584 ἐφ’
761 2520 968 2588 ἐτέρων
1006 2519 1259 2589 ψαλμῶν.
1303 2521 1449 2572 Ἀλλ’
1478 2521 1622 2574 οὕτω
1646 2522 1745 2591 μὲν
1774 2521 1917 2575 κατὰ

334 2607 434 2678 τὴν
500 2608 767 2679 Ἐϐραίων
832 2610 1084 2681 ἐκδοχὴν.
1142 2610 1535 2681 Ἀληθέστερον
1585 2613 1641 2665 δὲ
1687 2613 1754 2666 τὰ
1807 2613 1917 2667 ἀπὸ

332 2699 428 2753 τοῦ
455 2703 640 2770 στίχου
682 2700 774 2753 τοῦ
807 2700 1059 2769 λέγοντος
1081 2717 1093 2730 ·
1121 2702 1460 2771 Είργίίσατο
1507 2705 1811 2773 σωτηρίαν
1847 2706 1918 2759 ἐν

328 2792 498 2861 μέσῳ
526 2792 632 2858 τῆς
667 2791 798 2861 γῆς,
831 2793 927 2847 καὶ
965 2795 1033 2847 τὰ
1083 2795 1232 2864 ἑξῆς,
1262 2797 1342 2858 είς
1392 2797 1484 2849 τὸν
1510 2798 1743 2866 Χριστὸν
1782 2798 1917 2851 ἀνά-

331 2902 544 2953 γονται.
569 2887 777 2949 Ὄντως
805 2889 914 2956 γὰρ
932 2889 1225 2958 εἰργάσατο
1241 2890 1536 2961 σωτηρίαν,
1564 2891 1917 2963 ὲνανθρωπή-

334 2992 455 3039 σας,
487 2975 584 3028 καὶ
638 2975 737 3043 τῆς
773 2976 985 3048 πλάνης
1020 2977 1397 3049 ἐλευθερώσας
1433 2983 1607 3050 ἡμᾶς,
1656 2983 1750 3034 καὶ
1784 2983 1917 3034 ὑπο-

2029 494 2211 548 Causa
2246 502 2426 546 autem
2458 509 2579 563 qua:
2620 495 2939 550 vertebatur
2975 496 3120 551 inter
3182 496 3289 551 Dcu
3319 520 3374 562 ιι,
3406 506 3463 554 et
3499 500 3606 553 ini-

2032 588 2205 643 micos
2243 586 2542 652 Romanos,
2569 589 2636 643 de
2665 590 3000 645 contumelia
3024 601 3141 645 crat
3164 591 3216 645 in
3244 591 3409 645 Deum
3435 592 3609 649 illata.

2031 677 2217 749 Neque
2247 681 2394 735 enim
2430 682 2538 736 illis
2571 682 2707 738 satis
2736 682 2917 738 fuerat
2948 682 3134 738 furere
3182 682 3474 739 adversum
3508 700 3606 753 po-

2030 771 2242 841 pulum,
2275 771 2369 827 sed
2418 772 2589 828 Deum
2629 774 2855 845 insuper
2887 774 3191 837 inlirmum,
3234 781 3399 843 atque
3435 775 3609 829 imbe-

2031 865 2212 920 cillem
2266 866 2748 936 improperabanl.
2783 866 2880 922 Vel
2910 868 3071 923 aliter
3111 885 3125 922 :
3155 870 3390 922 Causam
3426 868 3609 938 populi

2031 960 2106 1011 lui
2135 960 2321 1015 dicere
2345 976 2635 1029 possumus
2652 976 2871 1016 causam
2908 969 3077 1015 tuam.

2095 1050 2303 1106 Memor
2339 1063 2459 1107 esto
2503 1053 2771 1122 opprobrii
2825 1055 2924 1116 tui,
2965 1054 3104 1124 quod
3145 1051 3211 1108 ab
3244 1053 3521 1120 insipiente
3545 1054 3606 1122 ﬁt

2030 1155 2138 1198 tota
2210 1145 2319 1199 die.
2386 1145 2490 1200 Per
2545 1145 2919 1217 insipientem,
2972 1146 3156 1201 Titum
3217 1146 3499 1216 intelligit,
3552 1154 3611 1201 et

2027 1237 2329 1304 quicmlihet
2358 1252 2422 1291 ex
2462 1238 2727 1294 Romanis
2753 1239 3062 1305 militibus},
3085 1238 3248 1295 sicuti
3272 1246 3323 1292 et
3357 1238 3610 1308 superius

2026 1328 2162 1381 dixit
2202 1345 2215 1381 :
2254 1327 2315 1380 El
2356 1328 2583 1397 papulas
2620 1330 2875 1399 insipiens
2927 1331 3163 1385 irritavit
3213 1347 3399 1385 nomen
3432 1341 3605 1384 tuam.

2029 1419 2314 1488 Opprobrii
2345 1431 2525 1476 autem
2560 1424 2640 1475 tui
2690 1432 2799 1477 tota
2825 1424 2933 1488 die,
2956 1423 3057 1478 hoc
3081 1433 3184 1485 est,
3208 1425 3351 1478 uuod
3383 1422 3607 1478 assidue

2025 1513 2083 1568 ﬁt
2121 1512 2387 1569 adversus
2422 1521 2494 1569 te.

2094 1604 2261 1661 Vsus.
2291 1606 2381 1661 93.
2426 1604 2509 1660 Ne
2550 1607 2876 1663 obliviscaris
2903 1625 3049 1663 voces
3077 1625 3345 1663 servorum
3370 1619 3604 1663 tuorum.

2021 1697 2126 1765 Qui
2161 1700 2255 1754 illo
2283 1707 2530 1769 temporc
2562 1700 2660 1755 tibi
2684 1716 2875 1770 preces
2909 1703 3211 1773 porrigent,
3246 1709 3303 1754 ut
3338 1701 3602 1755 diximus.

2023 1791 2280 1857 Quaedam
2309 1801 2493 1847 autem
2531 1794 2870 1863 exemplaria
2928 1810 3035 1848 non
3074 1809 3341 1847 servorum
3376 1793 3606 1856 habent,

2023 1884 2118 1939 sed
2149 1883 2466 1953 supplicium
2524 1882 2667 1954 (orta
2725 1884 2986 1938 nimirum
3034 1885 3293 1941 lectionis
3347 1885 3608 1940 varietate

2023 1974 2094 2029 ob
2127 1971 2444 2028 Graecarum
2468 1973 2770 2028 dictionum
2808 1975 3171 2040 vicinitatem,
3212 1990 3376 2045 quam
3406 1985 3520 2029 tum
3549 1975 3604 2029 in

2023 2064 2330 2133 prolatione
2367 2063 2591 2127 habent,
2619 2072 2734 2118 tum
2772 2064 2826 2117 in
2859 2061 3210 2135 Scriptura.)

2092 2155 2353 2217 Superbia
2392 2174 2598 2221 eorum,
2624 2158 2715 2228 qui
2752 2156 2978 2212 oderunt
3009 2170 3079 2223 te,
3104 2157 3341 2213 ascendit
3379 2173 3606 2224 semper.

2022 2281 2092 2291 —
2122 2250 2377 2305 Ascendit
2413 2265 2512 2320 pro
2532 2249 2783 2304 Exaltata
2815 2257 2920 2312 (ει,
2951 2257 3006 2303 at
3028 2265 3113 2317 ,ue
3145 2250 3198 2303 in
3227 2250 3464 2305 Sublime
3492 2250 3607 2304 cle-

2024 2354 2170 2398 vata.
2205 2342 2299 2398 Vel
2346 2343 2595 2399 ascendit
2621 2357 2842 2412 semper
2902 2357 3090 2398 coram
3125 2354 3197 2397 te.
3239 2342 3373 2396 Illud
3421 2349 3605 2396 autem

2021 2435 2337 2501 considera,
2375 2435 2652 2507 quomodo
2684 2436 2770 2490 his
2800 2436 2968 2490 dictis
3005 2435 3153 2489 nulla
3189 2434 3488 2504 proauissin
3513 2440 3608 2487 aut

2020 2541 2145 2595 spes
2197 2526 2466 2581 bonorum
2530 2526 2830 2596 conjuncta
2887 2535 2993 2590 est,
3050 2535 3105 2581 ct
3161 2524 3310 2580 nulla
3360 2523 3606 2580 melioris

2020 2617 2257 2671 fortunm
2290 2632 2418 2687 spes
2438 2617 2519 2672 eis
2543 2617 2695 2681 data,
2719 2618 3181 2685 quemadmodum
3217 2617 3354 2672 alias
3389 2631 3608 2687 semper

2021 2708 2075 2761 lit
2112 2708 2163 2761 in
2187 2707 2314 2762 aliis
2348 2706 2598 2778 psalmis.
2640 2707 2703 2761 Et
2748 2709 2866 2764 haec
2904 2708 3129 2777 quidem
3161 2707 3435 2777 expositio
3470 2707 3543 2759 ita
3572 2720 3603 2761 a

2020 2801 2183 2857 nobis
2217 2802 2396 2856 relata
2457 2810 2561 2865 cst,
2596 2811 2761 2871 prout
2797 2801 2867 2857 ab
2899 2802 3038 2871 ipsis
3087 2801 3326 2854 traditur
3375 2799 3604 2854 Jttdil'is.

2020 2890 2216 2946 Verior
2250 2902 2428 2947 tamen
2455 2893 2726 2961 expositio
2756 2901 2861 2954 est,
2907 2904 2966 2946 ut
2996 2891 3066 2945 ab
3119 2891 3212 2945 illo
3275 2890 3548 2944 versiculo
3588 2906 3603 2944 :

2023 2980 2287 3051 Operatus
2331 2992 2411 3036 est
2437 2983 2671 3037 salutem
2695 2984 2748 3036 in
2801 2983 2974 3037 medio
3006 2990 3183 3036 terrm.
3234 2979 3455 3046 Omnia,
3486 2995 3608 3049 quae.

329 3067 507 3132 δείξας
533 3067 628 3137 τὴν
654 3070 753 3132 τῆς
790 3069 1067 3140 σωτηρίας
1095 3071 1230 3124 ὁδόν.
1278 3071 1352 3123 Τὸ
1382 3072 1439 3124 δὲ
1488 3074 1583 3124 Ἐν
1616 3071 1784 3141 μέσῳ
1807 3073 1913 3142 τῆς

2021 3085 2357 3147 sequuntur,
2421 3078 2733 3133 referamus
2773 3078 2841 3133 ad
2871 3076 3174 3142 Christum,
3215 3076 3310 3145 qui
3344 3074 3606 3130 lncarna-

331 3158 463 3229 γῆς.
498 3160 619 3214 ἀντὶ
654 3160 749 3214 τοῦ
795 3162 882 3215 Ἐν
910 3164 1059 3235 πάσῃ
1090 3165 1155 3232 τῇ
1184 3167 1275 3232 γῇ.
1319 3163 1477 3226 Τινὲς
1502 3164 1557 3217 δὲ
1591 3165 1684 3217 καὶ
1710 3166 1778 3218 τὰ
1818 3166 1913 3219 Ὶε-

335 3256 613 3327 ροσόλυμα
664 3255 828 3326 μέσον
879 3258 979 3326 τῆς
1035 3256 1138 3325 γῆς
1186 3272 1323 3322 φασι
1352 3255 1683 3310 διακεῖσθαι.
1716 3256 1914 3328 Ἐκρα-

330 3349 533 3403 ταίωσε
599 3349 657 3401 δὲ
689 3349 785 3402 καίΙ
816 3348 914 3420 τὴν
952 3348 1256 3411 θάλασσαν,
1287 3351 1314 3402 ὃ
1342 3352 1459 3402 ἐστι
1479 3351 1742 3420 κραταιὸν
1770 3352 1915 3406 κατὰ

332 3442 439 3495 τῶν
468 3442 743 3511 δαιμόνων
782 3444 1009 3509 ἐποίησε
1036 3442 1095 3494 τὸ
1126 3441 1270 3511 ὕδωρ
1291 3442 1386 3495 τοῦ
1411 3444 1568 3511 ἁγίου
1600 3443 1912 3515 βαπτίσμα-

331 3547 444 3592 τος.
510 3530 798 3583 Θάλασσαν
830 3530 1126 3601 γάρτοῦτο
1173 3533 1268 3584 καὶ
1326 3534 1570 3603 Μιχαίας
1631 3536 1912 3603 ἐκάλεσεν,

332 3626 504 3679 εἰπὼν
536 3625 670 3693 πρὸς
702 3624 861 3677 Θεόν·
902 3624 1274 3691 Καταδὺσεις
1290 3625 1397 3693 τὰς
1428 3629 1720 3695 ἁμαρτίας
1746 3630 1916 3698 ἡμῶν

330 3721 416 3786 εὶς
442 3721 513 3773 τὰ
536 3718 699 3786 βάθη
732 3717 844 3786 τῆς
864 3717 1205 3786 θαλάσσης.
1234 3719 1523 3773 Θάλασσαν
1542 3720 1598 3772 δὲ
1620 3721 1696 3784 ὡς
1720 3723 1914 3775 ὑποδε-

331 3818 558 3884 χόμενον
587 3813 715 3876 τοὺς
751 3811 961 3881 ῥύπους
991 3813 1088 3882 τῆς
1116 3812 1299 3883 ψυχῆς
1328 3813 1437 3866 τῶν
1469 3812 1911 3883 βαπτιζομένων,

330 3908 428 3962 καὶ
484 3909 558 3971 ὡς
614 3905 1022 3976 ἁποκαθαίρον·
1092 3907 1190 3960 καὶ
1251 3905 1329 3968 ὡς
1393 3907 1651 3975 μέγιστον
1699 3907 1789 3961 διὰ
1814 3907 1913 3979 τὴν

330 4000 510 4070 χάριν,
543 3996 725 4061 καθὼς
750 3999 783 4068 ἡ
811 3996 1061 4051 θάλασσα
1089 3995 1181 4050 διὰ
1215 3996 1275 4048 τὸ
1304 3995 1511 4067 πλῆθος
1540 3996 1645 4049 τῶν
1678 3994 1910 4053 ὑδάτων.

329 4092 441 4144 Καὶ
461 4091 755 4161 δράκοντες
798 4091 897 4160 μὲν
948 4090 1016 4143 ἂν
1045 4084 1157 4142 εἶεν
1192 4090 1243 4141 οἱ
1264 4089 1524 4161 δαίμονες
1550 4107 1564 4120 ·
1606 4090 1826 4160 δράκων
1854 4090 1911 4143 δὲ

330 4188 358 4237 ὁ
385 4184 570 4252 ἄρχων
608 4182 790 4236 αὐτῶν
812 4182 1081 4246 διάϐολος,
1108 4176 1183 4236 ὧν
1204 4181 1304 4245 τὰς
1327 4182 1574 4251 κεφαλὰς
1597 4182 1911 4252 συνέτριψε,

331 4276 427 4329 καὶ
446 4276 775 4329 συνέθλασεν
801 4277 859 4328 ὲν
884 4275 962 4345 τῷ
985 4274 1138 4329 ὕδατι
1155 4273 1258 4328 τοῦ
1280 4274 1681 4346 βαπτίσματος.
1720 4276 1911 4345 Κεφα-

330 4366 421 4418 lui
449 4366 504 4419 δὲ
554 4367 766 4420 τούτων
805 4366 945 4418 εἰσὶν
983 4367 1039 4419 αἱ
1070 4364 1375 4436 ἁμαρτίαν
1434 4367 1494 4419 ὲν
1516 4366 1746 4430 ταύταις
1801 4367 1911 4437 γὰρ

330 4458 423 4512 τὸν
446 4458 775 4529 φθοροποιὸν
816 4459 891 4512 ξὺν
933 4459 1618 4531 ὲναποτεθησαυρισμένον
1662 4459 1906 4531 ἔχουσιν.

330 4542 432 4602 Ὧν
485 4548 894 4619 διαφθαρεισῶν
946 4549 1053 4603 ὑπὸ
1107 4548 1202 4602 τοῦ
1252 4548 1656 4621 βαπτίσματος,
1695 4552 1797 4605 οὐκ
1826 4551 1910 4605 ἔτι

331 4642 499 4707 ζῶσιν
532 4644 589 4695 ὲν
619 4644 754 4712 ἡμῖν
790 4642 840 4694 οἱ
869 4642 1107 4695 τοιοῦτοι
1130 4642 1448 4713 δράκοντες.
1484 4644 1619 4698 Λαοὶ
1642 4643 1699 4696 δὲ
1724 4642 1910 4696 Λίθιό-

330 4751 450 4788 πων
501 4736 551 4788 οἱ
605 4734 1061 4804 μεμελανωμένοι
1102 4734 1234 4804 πρὶν
1281 4734 1381 4798 τὰς
1409 4734 1586 4805 ψυχὰς
1638 4735 1716 4806 τῷ
1751 4736 1910 4806 ῥύπῳ

329 4829 427 4880 καὶ
453 4824 532 4897 τῷ
584 4825 780 4896 καπνῷ
836 4827 937 4895 τῆς
974 4826 1255 4895 ἁμαρτίας
1278 4844 1290 4857 ·
1328 4821 1412 4890 οἷς
1471 4828 1691 4898 βρῶμα,
1728 4830 1912 4882 εἴτουν

329 4919 739 4988 παρανάλωμα,
761 4919 1009 4986 γίνεσθαι
1038 4918 1240 4972 δέδωκε
1269 4918 1363 4971 τὸν
1390 4920 1585 4990 νοητὸν
1612 4921 1910 4990 δράκοντα,

333 5011 474 5078 μετὰ
505 5011 570 5064 τὸ
603 5009 890 5081 βάπτισμα
919 5012 1166 5082 δηλονότι
1186 5028 1199 5042 ο
1222 5011 1502 5080 διέρῤηξε
1521 5012 1602 5077 δὲ,
1633 5014 1754 5083 ἦτοι
1778 5014 1911 5067 ἀνέ-

329 5103 471 5155 δωκε
497 5102 679 5171 πηγὰς
707 5106 803 5157 καὶ
835 5105 1174 5176 χειμάρρους
1219 5105 1571 5169 διδασκαλίας
1612 5124 1915 5178 πνευματι-

330 5198 432 5265 κῆς
466 5197 523 5249 ὲν
557 5199 625 5266 τῇ
661 5198 794 5267 πρὶν
832 5198 1026 5269 ἐρήμῳ
1078 5198 1380 5270 οἰκουμένῃ
1410 5198 1519 5252 τῶν
1570 5198 1741 5253 ἐθνῶν
1769 5217 1783 5231 ο
1807 5218 1915 5271 πη-

331 5288 434 5356 γὰς
466 5289 563 5359 μὲν
604 5290 697 5348 διὰ
723 5290 784 5342 τὸ
813 5292 1061 5354 ἀένναον,
1088 5294 1182 5345 καὶ
1218 5291 1480 5361 καθαρὸν,
1518 5292 1613 5345 καὶ
1646 5293 1865 5362 ἥδιστον
1888 5335 1904 5360 ,

331 5383 669 5453 χειμάρρους
721 5383 799 5447 δὲ,
828 5383 903 5446 ῶς
954 5386 1011 5437 ἐν
1059 5384 1137 5454 τῷ
1187 5383 1259 5437 λε’
1310 5384 1514 5455 ψαλμῷ
1543 5386 1904 5455 προείρηταισ

329 5474 570 5544 ποταμοὶ
612 5474 669 5527 δὲ
723 5474 904 5540 Ἠθᾶμ
958 5477 1012 5528 αἱ
1046 5476 1105 5529 ὲν
1156 5476 1433 5539 Ἰουδαίοις
1476 5482 1808 5547 προφητεῖαι
1842 5482 1898 5533 αἱ

335 5566 592 5637 ἀρχαῖαι,
637 5567 762 5619 ὅσον
801 5566 935 5636 πρὸς
974 5569 1071 5630 τὰς
1103 5569 1159 5621 ὲν
1203 5570 1555 5640 Χριστιανοῖς
1592 5571 1716 5635 νέας
1741 5587 1753 5601 ·
1784 5571 1909 5644 ἐξη-

410 5746 455 5778 ³²
487 5746 653 5804 Micb.
677 5761 773 5814 vn,
818 5746 902 5802 l9.

2021 3170 2170 3224 tione
2206 3184 2304 3223 sua
2337 3169 2573 3225 salutem
2617 3170 2779 3225 nobis
2832 3184 2962 3226 vere
2994 3179 3259 3240 operatus
3285 3179 3395 3234 est,
3430 3184 3460 3222 a
3489 3167 3604 3238 pri-

2018 3263 2167 3316 stino
2203 3276 2304 3316 nos
2333 3275 2524 3316 errore
2574 3261 2844 3328 liberans,
2891 3270 2946 3316 et
2999 3260 3197 3316 salutis
3239 3260 3380 3314 viam
3408 3270 3606 3316 osten-

2017 3353 2177 3407 dens.
2208 3352 2278 3406 In
2309 3353 2482 3407 medio
2511 3363 2693 3409 autem
2724 3361 2904 3420 terrw,
2928 3353 2981 3409 id
3001 3362 3107 3420 est,
3133 3356 3188 3409 in
3217 3355 3368 3410 omni
3411 3363 3558 3409 terra
3587 3373 3603 3411 :

2018 3443 2236 3500 tametsi
2292 3442 2465 3515 aliqui
2494 3445 2549 3498 in
2583 3445 2700 3514 ipsa
2740 3444 3053 3518 intelligant
3105 3445 3214 3502 diei
3272 3446 3602 3511 Jerusalem,

2017 3554 2182 3609 quam
2214 3538 2269 3594 in
2300 3540 2481 3594 medio
2515 3548 2678 3595 terra:
2707 3539 2873 3595 sitam
2907 3555 3033 3595 esse
3080 3550 3362 3597 asserunt.
3416 3540 3602 3596 Robo-

2018 3632 2160 3685 ravit
2193 3640 2378 3685 autem
2425 3630 2689 3685 Christus
2721 3646 2894 3697 mare,
2930 3632 3024 3701 qui
3057 3630 3200 3686 sacri
3251 3631 3605 3699 baptismatis

2019 3738 2215 3792 aquam
2253 3722 2515 3788 validam,
2535 3731 2701 3792 atque
2724 3721 3003 3777 elﬁeacem
3039 3722 3305 3785 reddidit,
3334 3723 3606 3780 adversus

2016 3827 2211 3866 onmes
2260 3812 2571 3868 daemonum
2628 3822 2886 3867 conatus.
2922 3810 3059 3866 Nam
3100 3822 3156 3868 et
3190 3812 3448 3867 Micba'as
3475 3829 3605 3883 pro-

2019 3902 2206 3972 pheta,
2235 3918 2389 3957 mare
2422 3902 2559 3958 illud
2586 3903 2908 3974 appellavit,
2931 3903 3000 3959 ad
3036 3903 3206 3960 Deum
3243 3904 3431 3960 dicens
3461 3923 3477 3960 :
3522 3902 3605 3960 Tu

2015 4007 2232 4066 peccata
2258 4005 2442 4052 nostra
2472 3996 2527 4050 in
2558 3996 2827 4066 profunda
2857 4001 3020 4050 maris
3051 3999 3318 4067 demerges
3353 3999 3418 4050 “.
3453 3997 3607 4053 Mare

2018 4096 2204 4144 autem
2266 4088 2542 4159 baptisma
2592 4087 2928 4158 appellatur,
2991 4102 3056 4142 eo
3108 4089 3255 4155 quod
3287 4089 3602 4143 animarum

2016 4184 2231 4248 s'trdes,
2254 4198 2375 4252 qua
2397 4182 2509 4237 illic
2549 4181 2926 4251 baptizantur,
2978 4181 3196 4250 recipit,
3223 4191 3280 4237 et
3317 4183 3443 4252 quia
3474 4198 3602 4251 pur-

2017 4283 2131 4347 gat,
2168 4285 2223 4330 et
2246 4275 2377 4344 quia
2413 4289 2520 4365 nan
2570 4288 2737 4330 secus
2761 4273 3066 4343 gratiarum
3098 4288 3166 4328 ac
3206 4274 3603 4331 charismatum

2017 4368 2173 4439 copia
2197 4368 2468 4432 abundat,
2502 4383 2666 4438 quam
2696 4381 2850 4422 mare
2879 4367 3153 4423 undarum
3217 4381 3283 4421 ac
3335 4367 3601 4421 ﬂuctuum

2017 4460 2399 4516 multitudine.
2462 4460 2531 4514 Et
2586 4462 2859 4517 dracones
2917 4460 3138 4530 quidem
3197 4460 3305 4515 dici
3369 4469 3603 4530 possunt

2015 4555 2313 4609 daemones.
2346 4552 2523 4607 Draco
2552 4562 2759 4617 autem,
2800 4568 2992 4608 eorum
3022 4554 3281 4622 princeps
3307 4554 3563 4608 diabolus
3583 4595 3596 4608 .

2015 4662 2252 4717 quorum
2289 4646 2494 4716 capita,
2527 4646 2631 4700 hoc
2662 4657 2766 4708 est.
2802 4660 3037 4716 quorum
3070 4655 3303 4716 peccata
3331 4645 3604 4701 Dominus

2017 4739 2305 4802 contrivit.
2339 4748 2394 4794 et
2424 4738 2701 4810 confregit
2735 4740 2788 4794 in
2818 4753 2964 4809 aqua
2995 4738 3371 4809 baptismatis.
3401 4738 3463 4794 In
3517 4739 3605 4795 his

2019 4833 2225 4888 etenim
2263 4833 2543 4903 capitibus
2575 4832 2925 4887 mortiferum
2954 4846 3122 4887 omne
3166 4830 3469 4903 repositum
3517 4840 3604 4890 est

2016 4941 2315 4979 venenum.
2348 4923 2443 4981 llis
2466 4925 2638 4995 igitur
2665 4925 2966 4995 capitibus,
3004 4924 3108 4979 hoc
3140 4934 3249 4992 est,
3292 4925 3381 4982 his
3409 4940 3605 4995 pecca-

2015 5019 2087 5072 tis
2127 5031 2224 5085 per
2269 5016 2619 5087 baptismatis
2675 5031 2872 5086 aquam
2936 4996 3211 5086 perditis,
3270 5032 3335 5072 ac
3383 5017 3602 5082 deletis,

2016 5108 2152 5162 nulli
2177 5107 2419 5178 amplius
2445 5108 2503 5161 in
2526 5107 2689 5163 nobis
2712 5110 2898 5164 vivent
2919 5107 3210 5164 dracones.
3252 5108 3441 5177 P0pnli
3471 5120 3607 5161 vero

2015 5202 2337 5274 [Ethiopum
2373 5201 2411 5255 ii
2438 5210 2591 5267 sunt,
2614 5204 2706 5271 qui
2740 5203 2976 5274 caligine
3000 5216 3064 5256 ac
3095 5201 3357 5256 sordibus
3391 5199 3600 5267 peccati

2017 5295 2230 5349 animas
2279 5294 2407 5350 olim
2471 5293 2753 5363 nigrantes
2816 5293 3137 5349 habebant:
3171 5292 3304 5360 ipsa:
3337 5291 3596 5344 nimirum

2016 5397 2228 5457 gentes,
2257 5387 2457 5458 quibus
2483 5386 2780 5441 draconem
2809 5387 2962 5440 illum
2998 5383 3139 5439 Deus
3171 5392 3295 5454 post
3326 5383 3598 5452 baptisma

2018 5483 2072 5537 in
2114 5481 2322 5546 cibum,
2358 5481 2463 5537 hoc
2506 5488 2611 5545 est,
2657 5480 2713 5535 in
2745 5478 3228 5548 consumptionem
3262 5476 3415 5532 dedit
3448 5493 3463 5544 ;
3500 5475 3599 5531 οε.

2020 5577 2161 5646 rnpit
2192 5573 2383 5642 etiam,
2409 5573 2515 5629 hoc
2554 5582 2659 5637 est,
2712 5571 2946 5643 praebuit
2976 5570 3121 5626 Deus
3162 5568 3366 5637 fontes,
3395 5576 3447 5626 et
3477 5576 3595 5628 tor-
