4070 6224
415 283 518 349 763
1198 299 1199 304 ‘
1640 274 1952 334 EUTIIYM
1969 273 2018 330 ll

2126 272 2422 331 IGABENI
3558 253 3665 318 ’764

417 404 599 452 rentes
671 395 968 464 spit'itttalis
1039 390 1324 455 doctrinae,
1398 387 1449 442 in
1521 389 1740 456 gentilis
1805 387 1985 455 populi

2133 383 2374 453 ἀνθησαν
2409 382 2516 454 γὰρ
2549 381 2635 436 διὰ
2671 383 2768 451 τὴν
2801 381 3001 436 κακίαν
3036 380 3238 444 αὐτῶν,
3270 370 3668 441 ὲπιλειψάντων

416 497 584 548 terra,
629 503 750 552 qua:
784 486 933 553 prius
969 484 1188 536 deserta
1245 489 1395 545 erat;
1448 489 1501 535 et
1547 478 1723 532 fontes
1763 478 1983 547 quidem

2126 475 2200 527 ὦν
2235 475 2551 546 προφητῶν.
2599 476 2680 528 Τὰ
2712 475 2766 527 δὲ
2799 474 2924 544 ἑξῆς
2956 473 3262 526 δεικνύουσι
3295 469 3386 522 τὸν
3436 465 3674 537 Χριστὸν

418 579 575 640 dicit,
609 578 677 630 ob
709 575 1148 645 perpetuitatem,
1203 576 1493 644 puritatem
1553 581 1607 625 et
1662 572 1987 627 suavitatem

2126 570 2329 637 ποιητὴν
2348 567 2441 620 καὶ
2473 567 2678 637 Κύριον
2702 567 2792 620 τοῦ
2827 566 3049 628 παντός.
3088 563 3378 632 Μνήσθητι
3401 559 3460 612 δὲ
3476 561 3678 626 ταύτης

417 671 635 732 ﬂuxus;
677 678 950 722 torrentes
989 683 1118 720 vero
1157 683 1218 721 ea
1278 667 1491 719 ratione
1528 679 1693 730 quam
1751 663 1992 718 diximus

2126 663 2189 730 ἧς
2239 662 2559 730 συναγωγῆς
2603 661 2700 728 τῆς
2757 658 2904 722 νέας,
2965 657 3058 711 καὶ
3090 656 3165 725 μὴ
3199 655 3413 723 ἐκείνης
3442 651 3541 719 τῆς
3577 667 3679 701 πα-

420 761 472 813 in
507 760 717 829 psalmo
750 774 930 823 xxxv;
966 759 1192 811 ﬂumina
1229 770 1410 811 autem
1475 754 1690 819 Etham,
1751 755 1994 822 antiqua:

2129 754 2276 814 αιᾶς.
2329 751 2550 822 Ἐχθρὸς
2585 752 2639 803 δὲ
2667 750 2914 802 ὠνείδισε
2941 747 3032 802 τὸν
3075 744 3339 817 Χριστὸν,
3363 745 3391 796 6
3433 742 3681 800 Ἰουδαῖος

419 853 732 906 Judzeorum
764 859 892 905 sunt
923 851 1240 919 prophetia',
1295 864 1414 916 qua:
1447 847 1613 901 arida:
1660 858 1812 908 sunt,
1847 845 1892 900 si
1927 846 1994 900 iis

421 951 814 1010 eotitparentnr
837 956 958 1010 quae
982 939 1227 992 ﬁdelibus
1253 937 1588 991 Christianis
1609 946 1734 991 sunt
1758 935 1994 989 tradita}.

422 1033 712 1086 Exsiccata
751 1040 933 1084 autem
965 1033 1223 1084 dicuntur
1273 1031 1387 1083 hree
1425 1029 1672 1090 ﬁumina,
1710 1028 1994 1098 quoniam,

424 1131 483 1176 ut
515 1123 783 1184 diximus,
840 1121 1162 1176 defecerunt
1223 1122 1539 1190 prophetae:
1583 1131 1746 1190 atque
1791 1120 1894 1173 hoc
1926 1120 1998 1174 ob

423 1229 694 1267 summam
728 1213 1044 1267 Judzeorum
1102 1213 1426 1281 pravitatem
1459 1227 1486 1265 a
1523 1210 1632 1263 Deo
1663 1211 1995 1281 permissum

424 1313 531 1359 est.
565 1304 696 1367 Quae
726 1312 1036 1374 sequuntur
1095 1302 1378 1358 Christum
1413 1304 1685 1357 universa:
1733 1313 1998 1357 creaturae

424 1393 714 1457 factorem,
756 1403 807 1447 et
843 1393 1136 1446 Dominum
1162 1408 1289 1446 esse
1333 1393 1739 1446 demonstrant.
1796 1391 2001 1444 Memor

427 1493 614 1538 autem
646 1496 768 1539 esto
805 1485 971 1554 hujus
999 1485 1459 1554 congregationis,
1497 1500 1648 1538 ιιονω
1680 1483 1914 1541 εει-ἰιίρει,
1947 1491 2000 1538 et

427 1591 536 1630 non
591 1578 739 1632 illius
793 1578 1048 1647 antiquae.
1103 1578 1362 1631 Inimicus
1426 1585 1604 1631 autem
1667 1575 1892 1630 Judmus
1949 1583 2004 1628 et

427 1667 679 1735 gentilis,
718 1667 998 1722 Christum
1057 1668 1442 1737 exprobravit,
1486 1669 1640 1736 quasi
1695 1667 1837 1720 Deus
1893 1682 2001 1719 non

2098 844 2192 895 καὶ
2217 843 2418 912 Ἕλλην
2469 842 2540 904 ὡς
2567 844 2642 911 μὴ
2661 841 2789 893 ὄντα
2828 840 2982 901 Θεὸν,
3007 837 3104 891 καὶ
3131 837 3204 899 ὡς
3235 833 3457 902 ἀσθενῆ,
3478 831 3568 884 καὶ
3585 831 3682 882 ὅσα

2107 933 2340 1003 ὑϐριστά
2366 950 2380 964 ·
2409 933 2500 986 καὶ
2527 932 2653 995 λαὸς
2685 932 2896 1002 ἄφρων,
2927 933 2956 985 6
2999 927 3289 992 Ἰουδαῖκδς
3318 927 3413 980 καὶ
3443 923 3685 992 Ἑλληνι-

2100 1024 2194 1087 κός
2224 1042 2237 1054 ·
2259 1024 2422 1095 θηρία
2457 1023 2511 1075 δὲ
2538 1024 2664 1077 οἵτε
2691 1023 3062 1088 Ἰουδαῖοι,καὶ
3080 1020 3363 1093 Ἕλληνες,
3390 1018 3484 1071 καὶ
3506 1016 3687 1069 οἰδαί-

2104 1117 2517 1185 μονες’πένητες
2533 1115 2588 1168 δὲ
2600 1119 2647 1168 οἱ
2663 1117 2705 1167 Χ
2715 1117 2974 1186 ριστιανο“ι
2985 1155 2999 1179 ,
3015 1114 3090 1177 ὡς
3111 1111 3499 1170 καταλιπόντες
3511 1110 3687 1162 πάντα

2104 1207 2195 1260 καὶ
2225 1207 2685 1276 ἀκολουθήσαντες
2699 1207 2775 1276 τῷ
2794 1206 3033 1276 Χριστῷ,
3057 1208 3150 1258 καὶ
3164 1204 3346 1266 ἁπλῶς
3363 1202 3439 1266 ὡς
3462 1205 3518 1256 ἐν
3552 1202 3627 1269 τῷ
3647 1199 3690 1252 θ’

2102 1299 2302 1368 ψαλμῷ
2352 1299 2693 1368 προείρηται.
2750 1299 2995 1369 Διαθὴκη
3049 1298 3106 1351 δὲ
3150 1297 3242 1349 τοῦ
3298 1294 3560 1364 Χριστοῦ,
3595 1294 3693 1344 καὶ

2103 1391 2235 1444 ἄλλα
2277 1391 2376 1460 μὲν
2437 1394 2563 1460 περὶ
2619 1389 2896 1460 βοηθείας,
2947 1389 3027 1442 ἔτι
3081 1390 3138 1442 δὲ
3170 1390 3263 1442 καὶ
3304 1389 3383 1450 τὸ,
3412 1388 3519 1441 Kal
3557 1384 3692 1438 ἰδοὺ

2104 1482 2217 1550 ἐγὼ
2251 1483 2377 1552 μεθ’
2405 1482 2560 1551 ὑμῶν
2591 1484 2705 1552 εἰμὶ
2762 1483 2958 1550 πάσας
2996 1483 3103 1549 τὰς
3155 1480 3400 1550 ἡμέρας.
3449 1481 3696 1532 Ἑσκοτι-

2109 1575 2298 1642 σμένυι
2352 1574 2407 1626 δὲ
2442 1577 2542 1642 τῆς
2592 1576 2694 1643 γῆς
2731 1576 2934 1638 πάντες
2991 1575 3184 1638 κοινῶς
3236 1576 3286 1626 οἱ
3334 1574 3575 1664 amo-qm,
3617 1573 3694 1638 μὴ

2107 1667 2401 1736 δυνάμενοι
2453 1667 2581 1720 ἰδεῖν
2644 1669 2705 1721 τὸ
2735 1667 2937 1735 φέγγος
2974 1669 3075 1737 τῆς
3122 1666 3409 1737 ἀληθείας.
3466 1663 3576 1717 Καὶ
3624 1663 3697 1714 τὰ

431 1760 522 1822 sit,
585 1761 719 1828 quin
779 1760 888 1813 imo
933 1761 1096 1813 etiam
1143 1761 1301 1827 quasi
1355 1760 1625 1828 impotens
1685 1759 1752 1812 sit
1790 1777 1804 1815 :
1839 1759 2004 1812 multa

2126 1757 2236 1826 ἑξῆς
2272 1758 2533 1829 ἁρμόσεις
2562 1760 2763 1827 ὁμοίως
2795 1759 2970 1827 ὀρθῶς
3003 1757 3394 1827 ἐξεταζόμενα.

432 1849 537 1901 alia
565 1849 727 1903 etiam
761 1851 1157 1904 contumeliose
1199 1851 1251 1904 in
1284 1866 1405 1904 eum
1444 1850 1722 1915 dixerunt,
1757 1857 1809 1900 et
1855 1849 2004 1904 illius
2046 1865 2244 1903 nomen
2283 1851 2592 1905 irritarunt.
2627 1851 2729 1904 Per
2774 1851 2937 1903 Feras
2979 1851 3172 1910 etiam,
3237 1848 3478 1906 Judteos,
3549 1861 3685 1912 gen-

431 1937 580 1999 tiies,
613 1948 666 1991 et
703 1939 980 1993 daenmnes
1006 1939 1248 2009 intelligo
1281 1957 1295 2004 ;
1330 1949 1383 1994 ct
1415 1956 1510 2010 per
1555 1940 1845 2007 Paupercs,
1892 1941 2040 2009 ipsos
2098 1940 2303 2006 ﬁdeles,
2361 1945 2452 2010 qui
2482 1944 2690 1997 relictis
2727 1942 2985 1996 omnibus
3027 1941 3312 1995 Christum
3335 1938 3510 1992 secuti
3542 1947 3696 2000 sunt,

433 2037 494 2081 ut
533 2030 587 2082 in
627 2045 677 2083 Ix
714 2031 925 2099 psalmo
953 2032 1216 2085 diximus.
1254 2033 1671 2086 Testamentum
1700 2041 1878 2084 autem
1907 2048 2002 2086 seu
2046 2041 2262 2099 pactum
2293 2033 2429 2089 illud
2479 2035 2742 2103 intelligo,
2798 2033 2944 2103 quod
2982 2050 3009 2087 a
3073 2031 3292 2086 Christo
3361 2027 3698 2097 dispositum

433 2129 516 2174 rst
544 2122 607 2175 ad
641 2124 919 2192 apostolos
950 2142 962 2189 ;
1013 2135 1066 2176 et
1125 2124 1255 2204 illud
1290 2141 1398 2193 pta-e
1433 2128 1645 2179 caeteris
1683 2140 1698 2176 :
1770 2123 1903 2178 Ecce
1974 2141 2068 2194 ego
2110 2127 2374 2178 vobiscum
2411 2143 2527 2179 sum
2560 2128 2799 2182 omnibus
2830 2128 3011 2180 diebus
3038 2142 3198 2196 atque
3227 2128 3295 2178 ad
3337 2136 3690 2176 consumma-

436 2219 629 2270 tionem
663 2217 844 2268 amuli
877 2217 942 2270 ³³.
989 2217 1086 2269 Per
1125 2217 1444 2271 Obscuralos
1473 2230 1651 2271 autem
1688 2228 1859 2280 terris,
1894 2233 2088 2272 omnes
2123 2219 2174 2271 in
2220 2218 2540 2273 universum
2611 2220 2860 2273 inﬁdi-les
2937 2220 3200 2288 intelligo,

3274 2217 3366 2286 qui
3444 2215 3701 2285 spiende‘

435 2321 654 2367 Icentcs
687 2312 936 2366 veritatis
967 2311 1150 2366 radios
1175 2329 1403 2369 cernere
1433 2321 1713 2384 nequeunt
1746 2332 1758 2367 :
1793 2324 1846 2368 et
1881 2329 2002 2383 quae
2043 2323 2353 2382 sequuntur
2391 2316 2555 2368 simili
2594 2317 2754 2370 modo
2831 2314 3239 2369 accommolari
3286 2321 3565 2383 poterunt.
3655 2313 3704 2365 si

439 2416 588 2460 recte
623 2405 924 2474 diSqttii-as.

441 2497 508 2552 In
530 2497 686 2567 ﬁnem
719 2513 780 2550 ne
819 2508 1125 2564 corrumpas
1169 2497 1271 2567 ipsi
1307 2497 1478 2551 David
1527 2496 1776 2553 Psaimus
1819 2497 2017 2565 Amph.

935 2676 1256 2732 PSALMUS
1289 2675 1526 2730 LXXIV.

515 2769 627 2824 Hoc
652 2769 859 2839 psalmo
888 2769 1128 2824 futurum
1151 2769 1460 2839 praedicitur
1477 2769 1530 2822 in
1555 2767 1740 2822 mundi
1761 2782 2022 2823 consum-

444 2865 914 2933 mationejustum
964 2865 1057 2919 Dei
1099 2864 1411 2933 judicium,
1460 2865 1894 2934 delinquentium
1939 2862 2024 2916 ui-

447 2959 644 3012 mirum
675 2959 962 3029 supplicia,
998 2967 1052 3012 et
1084 2957 1358 3026 iustorum
1394 2957 1630 3026 przemia.
1685 2958 1860 3024 Atque
1903 2956 2025 3009 ideo

451 3053 736 3105 universos
765 3050 1033 3112 homines,
1065 3049 1119 3101 in
1153 3049 1276 3100 vita:
1318 3047 1477 3101 ﬁnem
1531 3048 1775 3117 aspicere
1820 3047 1971 3116 jubet
2007 3087 2023 3111 ,

459 3157 528 3194 ne
553 3143 762 3209 seipsos
796 3142 1032 3209 propriis
1069 3141 1303 3208 peccatis
1359 3140 1608 3207 perdant.
1666 3139 1887 3207 Aliqui,
1946 3136 2028 3191 Ne

2117 2501 2216 2563 Εἰς
2255 2499 2319 2550 τὸ
2359 2497 2533 2564 τέλος
2575 2497 2660 2566 μὴ
2697 2495 3046 2569 διαφθείρῃς
3082 2497 3160 2563 τῷ
3211 2497 3390 2552 Δαϐὶό
3453 2501 3538 2564 εἰς
3588 2500 3705 2567 (iii)

2195 2590 2600 2659 τιλογραφίαν.
2642 2589 2887 2658 Ψαλμός
2925 2587 3004 2654 τῷ
3028 2589 3234 2657 Ἀσάφ.

2685 2683 2982 2735 ΨΛΛΜΟΣ
3025 2685 3145 2736 ΟΔ’.

2195 2778 2508 2848 Πρόρρησιν
2559 2774 2696 2845 ἔχων
2734 2775 2760 2826 6
2805 2774 3016 2843 ψαλμὸς
3042 2775 3144 2843 τῆς
3196 2776 3254 2826 ἐν
3296 2773 3579 2843 συντελείᾳ
3612 2772 3708 2825 τοῦ

2132 2871 2339 2940 κόσμου
2407 2867 2623 2930 δικαίας
2677 2866 2772 2918 τοῦ
2812 2865 2952 2919 Θεοῦ
2989 2867 3248 2937 κρίσεως,
3277 2868 3370 2919 καὶ
3434 2865 3709 2936 τιμωρίας

2136 2963 2235 3032 μὲν
2264 2963 2370 3014 τῶν
2404 2959 2769 3030 ἁμαρτωλῶν,
2797 2959 2964 3029 τιμῆς
2991 2959 3047 3012 δὲ
3077 2962 3187 3011 τῶν
3216 2959 3465 3023 δικαίων,
3493 2974 3706 3026 παρεγ-

2133 3057 2333 3123 γυᾶται
2389 3056 2597 3114 πάντας
2651 3054 2730 3115 εἰς
2780 3055 2840 3104 τὸ
2885 3052 3040 3113 τέλος
3089 3051 3187 3120 τῆς
3221 3051 3368 3120 ζωῆς
3395 3051 3562 3122 όρᾷν,
3616 3051 3711 3101 καὶ

2139 3146 2215 3215 μὴ
2248 3144 2583 3215 διαφθείρειν
2610 3143 2802 3196 ἑαυτὸν
2837 3145 2956 3205 ταῖς
2991 3142 3296 3212 ἁμαρτίαις
3324 3161 3337 3173 ·
3370 3142 3513 3203 τινὲς
3543 3141 3596 3193 δὲ
3627 3142 3706 3196 τὸ.

451 3247 782 3299 corrumpis,
811 3239 1110 3298 exponunt,
1147 3245 1244 3297 pro
1279 3245 1340 3282 ne
1367 3245 1566 3293 pecces,
1613 3246 1676 3282 ne
1723 3229 2018 3299 delinquas.

2131 3214 2226 3304 Μὴ
2263 3214 2610 3302 διαφθείρῃς
2636 3273 2650 3294 ,
2700 3233 2794 3300 Μὴ
2838 3232 3104 3300 ἁμάρτῃς
3141 3228 3313 3284 εἷπον,
3364 3230 3496 3299 Περὶ
3535 3229 3589 3281 δὲ
3615 3229 3711 3280 τοῦ

450 3321 527 3376 De
553 3322 739 3387 Asaplt
775 3362 788 3384 ,
827 3331 880 3374 et
915 3321 982 3375 de
1022 3321 1232 3390 reliqua
1282 3321 1639 3389 inscriptione
1689 3321 1925 3376 diximus
1968 3323 2024 3376 in

452 3413 720 3482 promtiiio
749 3412 952 3481 operis.
992 3411 1349 3480 Conscriptus
1391 3426 1519 3466 vero
1556 3420 1640 3465 est
1667 3411 1754 3466 hic
1783 3413 2027 3481 psalmus

453 3517 518 3555 ex
549 3516 736 3556 eorum
768 3515 1020 3571 persona,
1052 3502 1142 3571 qui
1171 3501 1369 3571 captivi
1401 3509 1560 3556 erant
1593 3502 1647 3555 in
1677 3501 1971 3572 Babylone.

528 3677 690 3733 νεκε.
713 3679 765 3732 2.
802 3679 1187 3748 (.‘on/itebimur
1210 3679 1322 3746 tibi,
1344 3679 1499 3743 Deus,
1529 3680 1890 3750 confitebimur
1914 3680 2026 3735 tibi.

459 3770 584 3837 Ubi,
617 3771 815 3838 inquit,
847 3787 877 3825 a
903 3771 1177 3826 servitutis
1203 3771 1336 3841 jugo
1361 3813 1375 3838 ,
1409 3787 1516 3841 quo
1567 3773 1866 3841 premimur
1913 3771 2031 3826 fue-

457 3863 629 3916 rimus
670 3863 905 3928 liberali,
935 3873 1067 3917 tunc
1099 3879 1344 3917 summas
1390 3864 1486 3918 tibi
1535 3879 1758 3933 agemus
1807 3865 2028 3933 gratias.

456 3953 550 4007 Illa
578 3965 756 4009 autem
789 3957 1041 4024 repetitio
1075 3957 1226 4009 verbi
1247 3954 1646 4026 Conﬁtebimur.
1669 3957 2029 4011 intensionem

457 4045 750 4110 quamdam
805 4054 896 4098 aut
954 4047 1341 4102 certitudinem
1411 4049 1685 4117 signiﬁcat
1733 4049 2030 4116 gratiarum

458 4136 712 4191 actionis.

530 4225 598 4279 Et
629 4227 987 4283 invocabimus
1016 4246 1200 4284 nomen
1223 4240 1392 4284 tuum.
1413 4229 1470 4283 In
1498 4230 1758 4284 auxilium
1786 4242 2031 4285 nostrum

460 4318 592 4373 illud
636 4336 831 4372 nomen
869 4329 1022 4374 tttum
1053 4322 1429 4375 invocabimus
1456 4361 1471 4386 ,
1508 4323 1652 4390 quod
1704 4323 1772 4377 ab
1797 4323 2035 4376 inimicis

459 4410 849 4475 exprobratum
883 4420 985 4464 est.
1023 4411 1133 4480 Ego
1164 4421 1342 4464 autem
1377 4412 1488 4467 haec
1520 4413 1684 4466 verba
1716 4427 2022 4482 congruere

464 4501 634 4565 magis
665 4509 792 4564 puto
819 4501 886 4554 iis
918 4503 1010 4571 qui
1048 4504 1099 4555 in
1134 4502 1410 4557 Christum
1467 4504 1729 4558 credituri
1774 4513 1968 4565 erant,
2003 4520 2032 4557 a

2135 3326 2309 3392 Ἀσὰφ
2345 3325 2438 3377 καὶ
2471 3325 2572 3391 τῆς
2622 3322 2788 3392 ἄλλης
2833 3323 3149 3390 ἐπιγραφῆς
3179 3323 3482 3390 εἰρήκαμεν
3516 3320 3571 3370 ἐν
3599 3321 3712 3380 τοῖς

2135 3416 2444 3486 προοιμίοις
2469 3414 2570 3483 τῆς
2602 3413 2790 3484 βίϐλου
2822 3413 2932 3466 τῶν
2966 3413 3236 3482 Ψαλμῶν,
3275 3412 3623 3464 Συντέθειται
3655 3411 3712 3462 δὲ

2135 3507 2229 3561 καὶ
2262 3501 2416 3570 οὗτος
2447 3509 2474 3560 6
2513 3505 2730 3576 ψαλμὸς
2774 3505 3052 3578 προσώπῳ
3092 3505 3198 3558 τῶν
3230 3507 3287 3558 ὲν
3314 3503 3597 3558 Βαϐυλῶνι
3622 3504 3708 3557 δον

2139 3596 2448 3666 ρυαλώτων.
3483 3601 3488 3606 ’

2207 3691 2517 3758 Ἐξομολο)
2534 3691 2799 3758 ησόμεθά
2816 3703 2936 3753 σοι,
2961 3692 2992 3742 ό
3013 3689 3174 3753 Θεὸς,
3198 3687 3709 3757 ἐξομολογησάμε-

2137 3781 2212 3835 θά
2271 3797 2392 3834 σοι.
2428 3781 2913 3851 Εὐχαριστὴσορ.ἐν
2956 3797 3059 3842 σοι,
3119 3780 3568 3851 ἐλευθερωθέντες
3616 3778 3714 3845 τῆς

2137 3873 2403 3935 δουλείας.
2439 3874 2499 3925 Ἥ
2520 3874 2574 3926 δὲ
2599 3873 3066 3932 ἀναόίπλωσιςτοῧ
3095 3873 3710 3941 Ἐξομολοῃησόμεθα,

2140 3965 2416 4019 ἐπίτασιν.
2452 3965 2484 4034 ἢ
2509 3963 2808 4032 βεϐαίωσιν
2835 3964 3135 4033 παρίστησι
3181 3965 3279 4034 τῆς
3308 3963 3676 4035 εὐχαριστίας.

2216 4233 2322 4286 Καὶ
2357 4231 2847 4300 ἑπικαλεσόμεθα
2875 4232 2937 4284 τό
2972 4231 3160 4299 ὄνομά
3181 4249 3316 4285 σου.
3341 4232 3448 4284 Καὶ
3470 4234 3549 4294 εἰς
3585 4231 3713 4302 βοήο

2144 4324 2295 4378 θειαν
2352 4322 2794 4391 ἐπικαλεσόμεθα
2843 4321 2905 4374 τὸ
2981 4322 3338 4384 ὲξονειδισθὲν
3395 4325 3547 4394 παρὰ
3605 4325 3714 4376 τῶν

2143 4415 2358 4486 ἐχθρῶν
2391 4414 2564 4484 ὄνομα
2584 4430 2699 4467 σου.
2751 4412 2895 4481 Ἐγὼ
2932 4413 2989 4465 δὲ
3021 4417 3133 4476 τοῖς
3166 4415 3450 4484 μέλλουσιν
3475 4417 3554 4477 εἰς
3587 4418 3717 4486 Χρι-

2147 4510 2270 4562 στὸν
2307 4508 2599 4562 πιστεῦσαι
2645 4508 2948 4578 προσήκειν
3004 4507 3246 4576 ἡγοῦμαι
3279 4508 3371 4560 τὸν
3433 4509 3607 4576 λόγον,
3635 4505 3716 4572 οἷς

461 4589 662 4655 quibus
692 4589 895 4644 Christi
930 4607 1126 4646 nomen
1161 4593 1474 4646 invocatum
1512 4603 1616 4657 est,
1641 4595 1845 4663 quique
1874 4594 2018 4648 Chri-

2142 4597 2416 4666 ἐπεκλήθη
2451 4597 2510 4647 τὸ
2541 4573 2710 4666 ὄνομα
2746 4573 2842 4648 “rei?
2882 4573 3515 4666 Χριστοῦ,⁷Χριστιανοῖςν
3543 4613 3716 4668 προσ-

463 4680 623 4734 stiani
662 4681 881 4736 nomine
907 4683 1037 4737 dicti
1065 4694 1218 4738 sunt.

539 4771 703 4827 Vens.
730 4775 781 4828 5.
808 4774 1052 4829 Narrabo
1075 4779 1248 4831 omnia
1273 4778 1541 4832 mirabilia
1569 4789 1680 4833 tua.
1712 4778 2034 4849 llujusmodi

463 4867 628 4922 verba
659 4870 821 4922 etiam
863 4870 1130 4924 habentur
1163 4873 1213 4924 in
1245 4872 1451 4941 psalmo
1480 4888 1554 4925 ιι.

535 4960 935 5030 Cumaccepero
981 4971 1180 5030 tempus
1209 5005 1224 5030 ,
1268 4981 1360 5033 ego
1402 4965 1737 5019 rectitudine:
1766 4967 2032 5028 iudicabo.

463 5053 692 5118 Quidam
733 5055 896 5109 simul
927 5072 1049 5110 cum
1111 5057 1433 5125 praecedenti
1485 5059 1752 5112 versiculo
1798 5059 2033 5127 conjun-

463 5159 597 5215 guut
635 5149 796 5202 verba
827 5149 916 5202 illa
946 5166 958 5202 :
992 5149 1123 5204 Cum
1146 5165 1391 5218 accepero
1425 5161 1658 5216 tempus;
1683 5158 1740 5202 ut
1765 5151 1899 5204 ordo
1923 5151 1994 5204 sit
2021 5167 2033 5204 :

544 5311 588 5341 ³³
617 5311 804 5364 Matth.
837 5327 1026 5376 XXVIII,
1050 5309 1142 5362 20.

2141 4690 2538 4759 αγορευθεῖσιν.

2213 4782 2578 4852 Διηγήσομαι
2637 4780 2838 4838 πάντα
2891 4781 2964 4835 τὰ
3022 4780 3327 4848 θαυμάσιά
3364 4794 3502 4834 σου.
3547 4771 3713 4840 Οὗτος

2143 4878 2322 4929 κεῖται
2350 4878 2377 4928 6
2411 4873 2594 4942 στίχος
2629 4876 2720 4927 καὶ
2747 4876 2804 4926 ὲν
2829 4873 2906 4944 τῷ
2941 4873 2985 4926 θ’
3018 4871 3242 4942 ψαλμῷ.

2215 4969 2401 5021 Ὅταν
2437 4965 2598 5020 λάϐω
2645 4968 2876 5033 καιρὸν,
2906 4965 3020 5033 ἐγὼ
3061 4965 3390 5030 εὐθύτητας
3415 4962 3613 5031 κρινῶ.
3643 4963 3715 5015 Τὸ

2143 5063 2328 5114 ’Ὅταν
2348 5060 2508 5115 adeo
2529 5061 2757 5128 καιρὸν,
2774 5061 2920 5122 τινὲς
2945 5059 3022 5128 τῷ
3047 5057 3372 5128 προλαϐόντι
3401 5056 3569 5124 στίχῳ
3596 5073 3718 5108 συν-

2145 5152 2408 5215 άπτουσι,
2477 5149 2931 5218 λέγοντεςοτότε
2998 5147 3332 5218 διηγήσομαι
3399 5148 3580 5200 πάντα
3645 5145 3715 5199 τὰ

1797 5398 1995 5459 Varias
2039 5399 2362 5464 lectiones.

539 5507 650 5570 (72;)
683 5505 1029 5576 Τιλογραφία
1052 5507 1180 5575 quid
1224 5505 1316 5567 sit,
1354 5505 1510 5576 plzuie
1537 5518 1643 5554 non
1694 5500 1869 5576 video.
1903 5497 2036 5554 Nam

468 5594 494 5627 ει
527 5578 668 5636 τίλοις
710 5570 954 5642 quititun,
985 5570 1235 5628 noverint
1284 5570 1374 5642 qui
1419 5574 1603 5626 Cra-cc
1651 5570 1832 5642 sciunt
1876 5587 2035 5642 quam

467 5641 770 5699 eottcinnus
822 5662 1018 5698 Sensus
1059 5646 1171 5697 erui
1203 5641 1392 5712 possit.
1421 5645 1496 5694 An
1537 5641 1816 5708 legendum
1844 5641 2035 5712 στηλο-

467 5715 749 5784 γραῖκςλίαν,
795 5716 948 5783 quasi
981 5716 1066 5770 hic.
1121 5711 1368 5767 Psalmus
1414 5715 1465 5766 in
1501 5712 1655 5778 cippo
1715 5711 2034 5764 incidendus

2149 5516 2293 5557 esset
2327 5504 2515 5558 ?Nihil
2553 5507 2618 5559 dc
2647 5507 2744 5558 hoc
2781 5511 3071 5574 interpres,
3105 5523 3270 5574 prope
3293 5506 3358 5559 de
3397 5507 3511 5573 ipsa
3547 5506 3712 5558 inter-

2149 5577 2439 5646 pttui'timtc
2471 5577 2780 5644 explicanda
2847 5579 3132 5634 sollirilus.
3187 5579 3266 5633 An
3331 5576 3459 5646 quid
3523 5575 3712 5631 a'iud?

2150 5645 2524 5712 lhglntlirntur
2549 5647 2769 5700 eruditi.
