4070 6224
366 300 478 366 765
1545 303 1934 365 COMMENT.

2103 307 2229 366 PSA
2244 311 2463 370 LMOS.
3533 317 3640 380 766

358 414 644 489 θαυμάσιά
691 433 819 483 σου,
880 417 968 471 ὅτε
1013 416 1165 471 λάὁω
1226 417 1420 489 καιρὸν
1463 420 1558 473 τοῦ
1600 420 1939 489 διηγεῖσθαι,

2058 424 2169 495 Ego
2201 426 2441 479 narrabo
2474 440 2656 480 omnia
2705 425 2974 482 mirabilia
3018 436 3110 480 tua
3139 466 3155 492 ,
3204 441 3328 481 cum
3377 442 3645 498 accepero

357 507 665 573 τουτέστιν,
698 507 829 561 ὅταν
852 506 1156 578 ἀπαλλαγῶ
1195 509 1302 562 τῶν
1337 509 1636 580 πολεμίων.
1693 512 1951 580 ’Ἄμεινον

2060 527 2276 587 tempus
2302 558 2317 580 ,
2350 518 2453 572 hoc
2477 528 2561 573 est
2588 559 2603 582 ,
2652 533 2775 572 cum
2814 520 3051 589 printum
3108 520 3177 575 ab
3209 521 3448 577 inimicis
3488 522 3645 577 fuero

361 599 528 702 δὲ
558 598 687 668 ἑξῆς
722 599 893 671 στίχῳ
928 600 1325 655 συντάττεσθαι
1346 617 1359 632 ·
1410 602 1694 670 εἰσάγεται
1739 601 1848 670 γὰρ
1879 599 1951 663 ὡς

2060 610 2350 665 liberatus.
2386 610 2578 665 Melius
2611 620 2790 667 tamen
2821 612 3056 678 videtur,
3084 619 3145 665 ιιι
3177 612 3641 681 subsequentibus

358 691 469 747 ἀπὸ
499 691 594 746 τοῦ
629 691 869 762 Χριστοῦ
904 691 966 744 τὸ
1016 693 1206 762 ῥητὸν,
1237 693 1495 762 λέγοντος
1516 710 1530 724 ’
1566 692 1662 764 Μὴ
1693 693 1951 761 ὀλιγοψυ-

2059 701 2510 772 coniungantur,
2545 711 2600 758 et
2647 704 3028 760 introducatnr
3076 719 3259 759 sermo
3289 743 3304 763 .
3364 705 3524 759 veluti
3573 722 3636 758 ex

360 788 509 859 χεῖτε
540 786 674 857 περ)⁸
724 786 834 840 τῶν
866 787 1061 842 ἐθνῶν.
1095 788 1267 841 Ὅταν
1293 788 1405 860 γὰρ
1434 788 1583 842 λάϐω
1618 786 1809 858 καιρὸν
1854 788 1951 856 τῆς

2058 795 2269 850 Christi
2295 811 2555 866 persona,
2582 796 2817 851 dicentis
2851 814 2865 851 :
2892 795 3068 849 Nolite
3090 810 3214 850 esse
3245 795 3641 865 pusillanimes.

356 879 623 950 κρίσεως,
689 878 921 943 δικαίως
979 882 1155 950 κρινῶ
1223 881 1454 944 καὶτοῖς
1525 879 1800 940 ἀδικοῦσι,
1856 878 1951 930 καὶ

2057 891 2187 960 quia
2215 905 2340 944 cum
2384 888 2577 959 judicii
2634 900 2848 958 tempus
2894 904 3203 957 accepero.
3253 887 3404 956 jttsle
3452 902 3643 941 omnes

367 972 485 1033 τοῖς
514 968 935 1039 ἀδικουμένοις
964 970 1026 1022 τὸ
1056 969 1134 1033 δὲ,
1171 970 1365 1035 Λάϐω,
1402 970 1641 1038 ληπτέον
1684 966 1949 1028 εὐσεϐῶς,

357 1063 441 1118 ὅτι
495 1064 556 1117 οὔ
597 1062 749 1135 παρὰ
798 1064 1012 1134 ἑτέρου,
1051 1064 1187 1118 ἀλλὰ
1226 1065 1359 1135 παρ’
1426 1062 1648 1129 ἑαυτοῦ,
1687 1061 1762 1124 ὡς
1796 1059 1951 1127 Θεὸν,

364 1155 400 1223 ἢ
426 1158 523 1210 καὶ
561 1157 637 1220 ὡς
673 1154 1143 1229 ἄνθρωποςιπαρὰ
1174 1157 1273 1227 τῆς
1305 1157 1584 1230 θεότητος.

442 1422 662 1491 Ἐτάκη
715 1426 755 1490 ἡ
784 1424 884 1496 γῆ,
934 1426 1037 1479 καὶ
1069 1424 1295 1492 πάντες
1341 1429 1396 1481 οἱ
1432 1426 1857 1493 κατοικοῦντες
1880 1427 1952 1480 ἐν

355 1515 534 1585 αὐτῇ.
559 1516 725 1587 Τῆξίς
741 1516 895 1570 ἐστιν
926 1518 961 1587 ἡ
990 1516 1238 1580 διάλυσις
1261 1518 1361 1589 τῆς
1390 1518 1697 1587 δυνάμεως.
1744 1518 1946 1589 Ἐτάκη

356 1606 452 1662 οῦν
485 1609 789 1680 ἐρχομένης
835 1609 935 1678 τῆς
973 1607 1231 1679 κρίσεως,
1268 1610 1447 1663 εῐτουν
1498 1611 1802 1682 τακήσεται
1831 1627 1846 1643 ο
1893 1610 1947 1661 '0

358 1700 622 1770 οὐρανὸς
681 1704 815 1775 γὰρ,
882 1704 1037 1772 φησι,
1085 1704 1185 1757 καὶ
1220 1704 1257 1771 ἡ
1292 1704 1367 1773 γῆ
1416 1705 1943 1774 παρελεύσονται’

357 1794 498 1850 ἀλλὰ
532 1798 629 1850 καὶ
670 1797 873 1860 πάντες
902 1798 952 1850 οἱ
998 1796 1383 1861 κατοικοῦντες
1412 1799 1472 1851 ὲν
1510 1797 1650 1869 αὐτῇ
1678 1814 1690 1829 ’
1740 1796 1947 1858 πάντες

358 1885 473 1957 γὰρ
507 1885 939 1941 ἀποθανοῦνται.

443 2063 595 2133 Ἐγὼ
646 2063 990 2132 ἐστερέωσα
1029 2064 1172 2131 τοὺς
1206 2066 1479 2131 στύλους
1517 2065 1730 2136 αὐτῆς.
1779 2066 1950 2138 Ἐμοῦ

361 2155 748 2222 κελεύσαντος,
775 2156 970 2227 traxi].
1006 2156 1145 2210 διότι
1170 2158 1228 2209 ὲν
1261 2158 1403 2229 ἀρχῇ
1428 2156 1540 2225 ἐγὼ
1570 2158 1779 2229 ταύτην
1806 2159 1951 2213 ἔκτι-

365 2264 454 2302 aa.
493 2245 684 2299 Στῦλοι
716 2246 773 2300 δι
828 2246 1000 2316 αὐτῆς
1040 2248 1110 2301 τὲ
1171 2249 1303 2316 περὶ
1343 2247 1721 2319 στερεωθῆναι
1778 2249 1952 2322 αὐτὴν

367 2340 794 2409 προστάγματα.
840 2337 1014 2392 Τοῦτο
1061 2342 1172 2411 γὰρ
1215 2340 1400 2411 ἀνέχει
1452 2339 1551 2393 καὶ
1597 2340 1952 2407 διαϐαστάζει

364 2430 561 2500 αὐτὴν,
591 2432 678 2482 ἐπ’
707 2428 924 2494 οὐδενὸς
952 2431 1328 2502 ἡδρασμένην.
1369 2432 1527 2485 Ἔστι
1561 2432 1619 2487 δὲ
1650 2433 1745 2486 καλ⁸
1774 2433 1952 2498 ἄλλως

361 2527 558 2590 εἰπεῖν,
614 2524 768 2593 τῆξιν
813 2523 911 2593 τὴν
954 2522 1188 2593 φθορὰν,
1216 2524 1299 2576 ὃτι
1343 2524 1589 2595 Ἑρθάρη
1638 2526 1737 2596 μὲν
1786 2528 1820 2597 ἠ
1876 2527 1950 2597 γῆ

360 2620 482 2681 ταῖς
514 2616 987 2688 είδωλολατρείαις
1020 2617 1115 2669 καὶ
1145 2618 1264 2678 ταῖς
1286 2615 1481 2680 ἄλλαις
1516 2618 1823 2690 ἁμαρτίαις
1840 2620 1950 2673 τῶν

358 2710 707 2783 ἀνθρώπων
766 2709 885 2764 ἀλλ’
938 2707 1050 2779 ἐγὼ
1092 2709 1519 2780 σπλαγχνισθεὶς
1569 2712 1663 2766 ἐπὶ
1700 2715 1765 2783 τῇ
1800 2713 1952 2767 ἀπω-

357 2803 481 2875 λείᾳ
540 2802 639 2856 τοῦ
693 2803 1038 2873 πλάσματος,
1074 2802 1389 2872 ὲστερέωςα
1418 2807 1549 2868 τοὶς
1592 2806 1947 2871 ἀποστόλους·

357 2898 581 2961 τούτους
646 2897 757 2967 γὰρ
799 2897 1089 2967 νοήσωμεν
1151 2895 1382 2960 στύλους
1443 2897 1543 2968 τῆς
1598 2899 1949 2971 οἰκουμένης,

364 2988 443 3052 ῶς
523 2989 647 3050 ταῖς
703 2983 916 3039 ἑαυτῶν
972 2983 1347 3047 διδασκαλίαις
1410 2983 1800 3055 ύπερείδοντας
1859 2987 1953 3039 καὶ

2050 980 2335 1049 iudicabo,
2376 988 2487 1033 tam
2525 995 2621 1033 cos
2656 980 2746 1047 qui
2780 979 3108 1041 intulerunt,
3138 993 3303 1046 quam
3324 992 3421 1032 eos
3445 978 3645 1045 quibus

2057 1071 2206 1124 illata
2234 1080 2318 1125 est
2350 1069 2575 1139 injuria.
2616 1069 2680 1123 Et
2705 1070 2848 1139 quod
2878 1066 2976 1128 ait.
3004 1066 3287 1136 Accepero,
3316 1080 3450 1121 sane
3481 1066 3642 1118 intel-

2056 1165 2329 1235 ligendum
2365 1173 2474 1228 est,
2507 1179 2613 1217 nun
2643 1166 2787 1231 quod
2820 1161 2891 1216 ab
2918 1160 3027 1215 alio
3053 1159 3309 1214 Christus
3335 1196 3352 1223 ,
3384 1167 3445 1212 ut
3478 1159 3644 1222 Deus,
3730 1150 3739 1155 ’

2056 1266 2379 1326 accepturus
2402 1256 2472 1310 sit
2498 1263 2737 1325 tempus,
2758 1268 2925 1323 quam
2953 1268 2980 1305 a
3008 1252 3214 1326 scipso.
3231 1250 3348 1317 Vel,
3371 1258 3431 1305 ut
3459 1254 3641 1314 homo,

2053 1365 2082 1402 a
2122 1324 2231 1404 Deo
2261 1348 2372 1419 (76)
2411 1324 2625 1417 tempus
2656 1347 2905 1417 accipiet.
3146 1324 3157 1335 ’

2128 1440 2288 1494 Vens.
2340 1440 2394 1493 4.
2453 1437 2764 1508 Liquefacta
2808 1449 2884 1492 est
2931 1448 3117 1503 terra,
3176 1447 3225 1491 et
3285 1451 3508 1498 omnes,
3552 1434 3643 1497 qni

2050 1533 2290 1587 habitant
2323 1532 2374 1585 in
2404 1549 2484 1586 ea.
2516 1530 2807 1600 Liqueﬁeri
2841 1529 3045 1584 dicitur
3071 1529 3253 1584 omnis
3280 1528 3483 1585 virtus.
3520 1541 3643 1595 quac

2051 1626 2393 1682 dissolvitur.
2419 1624 2757 1679 Adveniente
2792 1623 2961 1691 igitur
2985 1619 3194 1691 judicio
3231 1618 3526 1688 liquefacta
3554 1623 3641 1670 est

2051 1726 2222 1781 terra,
2244 1726 2296 1773 et
2320 1715 2634 1770 habitantes
2668 1729 2812 1780 eam,
2845 1713 2949 1766 hoc
2982 1720 3088 1775 est,
3120 1708 3421 1780 liquefient.
3443 1707 3643 1762 Cazlum

2050 1811 2221 1875 enim,
2252 1808 2452 1878 inquit,
2479 1817 2528 1860 et
2552 1816 2695 1860 terra
2728 1804 3031 1859 transibunt
3061 1805 3132 1856 “.
3165 1804 3434 1857 Praeterea
3469 1800 3635 1855 etia-u

2054 1919 2248 1959 omnes
2273 1900 2586 1956 habitantes
2614 1900 2669 1954 in
2699 1913 2763 1954 ea
2793 1935 2809 1961 ,
2839 1897 3100 1968 quoniam
3120 1895 3363 1951 universi
3396 1892 3643 1948 homines

2055 1996 2390 2052 morientur.

2126 2090 2242 2160 Ego
2274 2086 2487 2158 ﬁrmavi
2519 2084 2796 2139 columnas
2820 2082 2958 2148 ejus.
2990 2080 3075 2135 Me
3095 2079 3320 2148 iubente
3356 2075 3645 2145 liquefacta

2053 2192 2161 2249 est,
2188 2183 2452 2254 quoniam
2488 2194 2519 2234 a
2548 2175 2819 2249 principio
2848 2189 2951 2245 ego
2979 2187 3100 2227 eam
3130 2171 3337 2225 creavi.
3366 2167 3469 2223 Per
3487 2178 3646 2222 terr-ce

2056 2283 2239 2331 autem
2264 2273 2564 2337 columnas,
2597 2265 2731 2324 illud
2769 2264 3042 2335 Propheta
3084 2262 3411 2317 mandatum
3442 2259 3534 2313 Dei
3564 2260 3650 2313 in—

2056 2368 2270 2439 telligit,
2304 2380 2415 2437 quo
2449 2372 2614 2418 terrm
2636 2361 2856 2432 jussum
2887 2366 2973 2413 est
3005 2365 3066 2411 ut
3098 2358 3252 2409 tirma
3293 2353 3646 2409 consisteret.

2055 2462 2173 2515 Hoc
2201 2458 2348 2514 enim
2383 2454 2644 2511 mandato
2689 2451 3035 2513 sustinetur,
3071 2456 3129 2503 et
3183 2446 3393 2515 regitur
3455 2453 3600 2497 terra
3629 2483 3647 2507 ,

2052 2552 2189 2609 nulli
2227 2551 2320 2606 alii
2357 2549 2434 2604 rei
2461 2547 2653 2602 innixa
2676 2553 2730 2600 et
2761 2542 2909 2599 nulla
2937 2542 3041 2595 alia
3070 2537 3292 2594 suﬂ‘ulta
3318 2536 3644 2592 stabilitate.

2052 2645 2354 2702 Possumus
2393 2642 2559 2697 etiam
2589 2653 2689 2709 per
2715 2633 3189 2707 iiqueiactionem,
3237 2630 3648 2699 corruptionem

2052 2736 2379 2806 intelligere.
2430 2733 2702 2801 Corrupta
2740 2738 2824 2785 est
2867 2728 3072 2784 etenim
3114 2734 3262 2780 terra
3317 2721 3651 2777 idololatriis

2052 2839 2107 2884 et
2150 2826 2553 2898 multiplicibus
2590 2823 2879 2879 hominum
2933 2818 3201 2890 peccatis.
3239 2814 3441 2871 Verum
3500 2828 3601 2882 ego
3628 2851 3644 2875 ,

2054 2921 2254 2992 inquit,
2286 2926 2557 2975 creaturae
2583 2914 2949 2986 perditionem
2983 2912 3278 2967 miseratus
3306 2950 3322 2973 ,
3360 2905 3647 2974 apostolos

2055 3011 2400 3069 conﬁrmavi.
2429 3009 2543 3064 Hos
2572 3006 2775 3064 etenim
2800 3005 3088 3061 columnas
3120 3000 3273 3057 orbis
3300 3014 3421 3054 esse
3455 2994 3648 3050 merito

363 3080 726 3151 στηρίζοντας
779 3079 909 3139 τοὺς
966 3078 1254 3147 ἁπανταχῆ
1340 3078 1589 3141 πιστούς.
1643 3077 1803 3132 Οὕτω
1840 3079 1950 3149 γὰρ

2058 3103 2319 3167 dicimus,
2352 3099 2521 3155 veluti
2546 3098 2636 3168 qui
2664 3095 2840 3153 solida
2869 3110 2967 3150 sua
3009 3092 3258 3149 doctrina
3304 3104 3497 3146 omnes
3530 3086 3648 3139 ubi-

361 3176 560 3239 αἰτους
613 3173 709 3228 καὶ
751 3173 779 3225 ὁ
829 3172 1004 3241 μέγας
1060 3171 1271 3233 Παῦλος
1326 3170 1614 3239 ὠνόμασεν
1651 3171 1949 3227 είπὼν·οί

357 3267 686 3333 δοκοῢυτες
709 3266 930 3320 στῦλοι
957 3262 1136 3341 εἶναι.
1153 3264 1310 3327 Τινὲς
1346 3266 1402 3317 δὲ
1419 3266 1524 3336 γῆν
1546 3266 1646 3334 τῆς
1675 3268 1951 3336 Ἰερουσα-
1998 3290 2005 3297 ι

358 3362 476 3434 λήμ
531 3365 719 3432 φασὶν,
767 3362 849 3415 ὅτι
907 3360 1212 3430 τακήσεται
1280 3360 1375 3411 καὶ
1433 3358 1948 3429 πυρποληθήσεται,

362 3453 789 3525 πολιορκηθεῖσα
814 3453 920 3506 ὑπὸ
954 3452 1267 3523 Ῥωμαίων.
1290 3452 1399 3507 Καὶ
1423 3451 1566 3508 οὕτω
1588 3454 1644 3508 δὲ
1676 3457 1950 3523 στύλους

361 3543 554 3613 αὐτῆς
588 3540 712 3599 εἷπε
731 3546 857 3609 τοὺς
886 3545 1218 3609 ἀποστόλους
1237 3560 1251 3575 ‘
1288 3547 1558 3614 στύλους
1592 3548 1691 3617 μὲν
1727 3549 1818 3604 διὰ
1849 3552 1950 3620 τὴν

363 3638 625 3710 ῥηθεῖσαν
662 3637 863 3701 αἰτίαν,
893 3638 1086 3705 αὐτῆς
1118 3638 1200 3705 δὲ,
1230 3637 1305 3702 ὡς
1327 3638 1572 3707 ὲξαύτῆς
1592 3641 1951 3713 ὁρμωμένους

364 3732 400 3803 ἢ
464 3734 560 3785 καὶ
618 3733 715 3786 ὅτι¹
754 3732 895 3802 μετὰ
945 3730 1004 3785 τὸ
1030 3731 1267 3801 τακῆναι
1320 3731 1791 3803 στερεωθήσονται
1836 3736 1953 3800 τοῖς

366 3822 582 3887 στύλοις
622 3824 725 3892 τῆς
777 3825 1037 3883 πίστεως.

2054 3209 2161 3265 que
2192 3193 2435 3264 gentium
2479 3190 2666 3245 ﬁdeles
2696 3187 3007 3243 sustineant
3037 3191 3091 3239 et
3120 3189 3332 3251 regant.
3378 3179 3491 3233 llue
3550 3194 3649 3232 nn-

2062 3287 2209 3341 miue
2256 3284 2461 3339 Paulus
2514 3282 2636 3337 illos
2690 3279 3019 3350 appellavit.
3057 3275 3249 3329 dicens
3289 3293 3304 3328 :
3356 3271 3549 3327 Petrus
3596 3279 3646 3323 et

2052 3375 2310 3439 Iacobus,
2343 3375 2435 3446 qui
2463 3373 2777 3428 videbantur
2814 3370 3074 3425 columna:
3124 3383 3238 3422 esse
3288 3367 3357 3419 ".
3409 3363 3647 3430 Quidam

2055 3479 2214 3523 terrae
2242 3467 2464 3521 nomine
2491 3464 2579 3537 hic
2611 3463 2786 3532 ipsam
2842 3459 3185 3529 intelligunt.
3210 3453 3515 3525 signiticari
3549 3450 3648 3505 Je-

2058 3559 2297 3615 rusalem
2332 3574 2348 3610 :
2379 3570 2545 3625 quam
2578 3552 2932 3624 liquefactam
2979 3565 3104 3606 esse
3148 3548 3342 3602 dicunt
3369 3584 3384 3609 ,
3436 3543 3568 3614 quia
3616 3554 3646 3592 a

2060 3648 2325 3703 Romanis
2361 3645 2625 3700 militibus
2658 3651 2895 3706 vastata,
2936 3657 3000 3694 ac
3027 3638 3360 3708 depopulata
3380 3644 3486 3689 est.
3514 3632 3648 3701 Ejus

2063 3748 2245 3796 autem
2279 3737 2584 3794 Jerusalem
2622 3736 2913 3790 columnas
2963 3732 3248 3801 apostolos
3293 3743 3419 3783 esse
3471 3724 3647 3784 dixit.

2064 3833 2194 3902 quia
2229 3831 2383 3886 illinc
2406 3836 2568 3883 erant
2597 3826 2817 3881 oriundi
2844 3842 2862 3892 ;
2898 3824 2982 3877 vel
3014 3823 3141 3891 quia
3168 3821 3319 3874 illinc
3343 3816 3496 3872 missi
3521 3823 3650 3870 sunt

364 3921 433 3975 ad
467 3920 785 3974 universum
826 3928 1097 3973 terrarum
1122 3918 1310 3973 orbem
1337 3936 1353 3975 :
1378 3920 1634 3991 vel,quia
1655 3930 1945 3995 postquam
1990 3936 2135 3985 terra
2171 3929 2265 3984 illa
2300 3925 2604 3983 Jerusalem
2645 3932 2812 3994 atque
2876 3920 3026 3976 illius
3073 3918 3411 3973 habitatores
3478 3913 3650 3984 liquo-

364 4014 490 4068 facti
525 4011 780 4076 fuissent.
806 4020 966 4066 erant
992 4010 1253 4081 deinceps
1294 4010 1419 4095 θίξρὶ
1442 4014 1717 4073 columnis
1747 4033 1943 4079 rursus
1981 4021 2365 4079 conﬁrmandi.

427 4103 621 4161 Εἶπον
687 4104 811 4170 τοῖς
844 4103 1301 4173 παρανομοῦσιν
1323 4120 1338 4137 ο
1369 4103 1464 4172 Μὴ
1511 4110 1906 4179 παρανομεῖτε
1934 4128 1950 4144 ο

363 4198 462 4254 καὶ
493 4197 619 4264 τοῖς
648 4194 1101 4267 ἁμαρτάνουσιν
1123 4210 1140 4226 ⁸
1173 4194 1272 4262 Μὴ
1312 4194 1546 4263 ὐψοῦτε
1576 4197 1778 4266 κέρας.
1811 4201 1951 4273 Κρι-

2130 4113 2297 4169 Vens.
2328 4111 2384 4168 5.
2408 4110 2539 4166 Dixi
2563 4110 2760 4180 iniquis
2785 4121 2806 4162 :
2829 4107 3008 4163 Nolite
3052 4104 3233 4171 iniqua
3262 4116 3455 4170 agere;
3483 4108 3531 4154 et
3556 4097 3650 4151 de-

2052 4205 2409 4277 linquettlibus
2441 4222 2454 4258 :
2483 4203 2665 4257 Nolite
2687 4201 2928 4257 exaltare
2949 4195 3293 4253 cornuaCum
3318 4192 3563 4248 futurum
3581 4190 3651 4247 sit

365 4309 527 4357 σεως,
553 4290 629 4354 ὡς
656 4289 901 4359 εἴρηται,
920 4287 1182 4356 γενέσθαι
1212 4287 1540 4359 μελλούσης,
1576 4292 1746 4359 φησὶν
1774 4293 1802 4344 ὁ
1821 4294 1951 4364 ῐῐρο⁴

2054 4298 2361 4371 iudicium,
2403 4305 2462 4350 ut
2506 4293 2860 4364 praediximus
2913 4298 3023 4362 (ne
3072 4288 3217 4343 ullus
3266 4283 3651 4355 peccatoribus

364 4385 584 4455 φήτης,
634 4383 718 4436 ὅτι
774 4380 1300 4451 Διαμαρτυρόμενος
1348 4384 1461 4445 τοῖς
1506 4385 1948 4455 παρανομοῦσιν,

2050 4389 2428 4445 excusationis
2463 4387 2618 4442 locus
2649 4382 3038 4453 relinquatur)
3067 4422 3081 4445 ,
3124 4377 3398 4448 Pr0pheta
3433 4383 3651 4433 narrat.

364 4472 518 4530 εἶπον
554 4476 741 4539 αὐτοῖς
767 4489 783 4506 ο
813 4474 910 4540 Μὴ
973 4472 1373 4542 «apart-opsita
1410 4490 1425 4502 ·
1482 4476 1581 4530 καὶ
1637 4475 1796 4541 αὖθις
1833 4482 1951 4542 τοῖς

2056 4480 2522 4553 quemadmodum
2557 4481 2676 4550 ipse
2704 4478 2924 4549 iniquos
2958 4489 3154 4530 omnes
3180 4479 3329 4527 esset
3372 4476 3652 4525 contesta-

366 4570 776 4641 ἁμαρτάνουσιν
802 4582 817 4598 ⁸
861 4565 959 4634 Μὴ
1012 4565 1245 4634 ὐψοῦτε
1284 4566 1465 4636 κέρας
1491 4584 1503 4598 ⁸
1541 4569 1662 4640 ἦτοι
1705 4572 1781 4642 μὴ
1807 4588 1944 4626 καυ-

2054 4551 2144 4631 Ius
2176 4574 2365 4629 dicens
2401 4592 2414 4627 :
2452 4573 2633 4628 Nolite
2658 4572 2836 4641 inique
2865 4584 3062 4640 agere;
3096 4576 3153 4622 et
3191 4579 3386 4620 rursus
3414 4572 3478 4618 ut
3524 4576 3651 4632 pec.

363 4659 556 4731 χᾶσθε,
583 4657 720 4730 μηδὲ
739 4655 1146 4728 ὲπαίρεσθε,ὡς
1163 4656 1257 4709 ἐπὶ
1277 4659 1538 4725 μεγάλοις
1561 4659 1953 4731 κατορθώμασι

363 4756 487 4815 ταῖς
527 4750 833 4821 ἁμαρτίαις
881 4747 1037 4818 ὑμῶν
1067 4765 1080 4777 ·
1107 4747 1273 4801 τοῦτο
1317 4749 1427 4819 γὰρ
1464 4751 1654 4815 ἀνοίας
1680 4753 1941 4823 ἐσχάτης.

362 4846 505 4909 Τοὺς
536 4843 734 4905 αὐτοὺς
761 4841 819 4894 δὲ
852 4839 1004 4909 λέγει
1039 4842 1499 4909 παρανομοῦντας
1529 4846 1625 4898 καὶ
1691 4845 1951 4915 ἁμαρτά-

363 4951 558 4997 νοντας
618 4935 684 4986 ἐκ
721 4931 1093 5002 παραλλήλου.
1143 4930 1426 5003 Πολλαχοῦ
1469 4935 1524 4987 δὲ
1565 4936 1673 4988 τῶν
1700 4937 1951 5008 Ψαλμῶν

363 5029 445 5091 τὸ,
470 5027 671 5095 κέρας,
702 5026 938 5090 τίθεται,
988 5026 1122 5078 ποτὲ
1186 5025 1287 5095 μὲν
1315 5027 1437 5079 ἀντὶ
1480 5027 1786 5099 δυνάμεως,
1818 5030 1950 5084 ποτὲ

365 5120 424 5173 δὲ
458 5119 578 5173 ἀντὶ
622 5120 948 5190 καυχήσεως
967 5134 982 5150 ο
1006 5117 1075 5170 τὰ
1091 5117 1199 5189 γὰρ
1234 5120 1558 5190 κερασφόρα
1604 5120 1722 5185 ζῶα
1749 5125 1808 5176 ἐν
1839 5125 1953 5186 τοῖς

367 5213 599 5282 κέρασιν
624 5211 947 5280 ἀμύνονται,
981 5209 1078 5262 καὶ
1110 5210 1408 5282 γαυριῶσι.

2050 4669 2332 4722 caloribus
2363 4667 2596 4722 dixisset
2628 4684 2642 4721 :
2680 4664 2861 4719 Nolite
2891 4663 3137 4717 exaltare
3157 4676 3345 4726 cornu,
3381 4657 3485 4712 hoc
3517 4663 3604 4710 est
3632 4694 3648 4716 .

2051 4756 2228 4813 Nolite
2262 4757 2329 4814 de
2361 4757 2601 4828 propriis
2636 4756 2900 4824 peccatis,
2932 4753 3091 4824 quasi
3134 4753 3203 4807 de
3239 4750 3518 4820 praiclaris
3548 4749 3651 4802 ali-

2051 4851 2253 4920 quibus
2275 4852 2444 4922 gestis
2469 4850 2715 4919 gloriari.
2749 4848 2991 4903 Summa:
3027 4846 3080 4900 id
3112 4858 3350 4915 namque
3382 4843 3650 4912 insipien-
3725 4884 3741 4899 .

2051 4940 2142 4995 tia:
2174 4951 2278 4996 est.
2330 4940 2562 4996 Eosdem
2612 4948 2795 4994 autem
2840 4939 3028 5008 inique
3074 4946 3304 5007 agentes
3385 4933 3649 5005 appellat.

2059 5050 2203 5103 quos
2255 5043 2310 5089 et
2362 5035 2766 5103 delinquentes.
2819 5031 3199 5087 Diversimode
3239 5038 3424 5083 autem
3474 5023 3648 5093 accipi

2062 5128 2366 5194 reperimus
2397 5144 2559 5181 cornu
2592 5129 2643 5182 in
2679 5126 2937 5181 Psalmis.
2986 5120 3300 5192 Aliquando
3346 5120 3493 5172 enim
3547 5130 3649 5186 pro

2061 5219 2306 5287 potentia
2360 5221 2590 5290 ponitur
2620 5260 2636 5285 ,
2690 5218 2988 5291 aliquando
3036 5230 3138 5287 pro
3187 5210 3541 5283 gloriatione,
3590 5214 3650 5263 el

363 5310 653 5379 iactantia.
706 5308 946 5362 Cornuta
1001 5307 1273 5377 siquidem
1324 5310 1584 5364 animalia
1629 5323 1683 5366 et
1728 5323 1955 5368 strenue
1991 5318 2257 5372 cornibus
2291 5328 2508 5374 certare
2535 5318 2736 5384 solent,
2773 5325 2827 5373 et
2861 5315 3079 5371 illorum
3147 5313 3469 5365 ornamento
3530 5301 3652 5371 glo-

367 5403 523 5458 riari.

412 5580 460 5611 “
484 5577 673 5634 Matth.
701 5594 850 5643 mv,
886 5578 977 5631 55.
1059 5578 1105 5610 ³⁵
1139 5577 1317 5632 Galat.
1370 5594 1430 5639 ιι,
1465 5578 1521 5631 9.

1715 5676 1906 5737 Variae
1941 5676 2269 5740 lectiones.
2322 5665 2333 5675 ’

442 5782 555 5854 (76)
584 5780 805 5837 Rectius
830 5797 861 5833 a
883 5778 1180 5847 divinitate,
1219 5785 1278 5833 ut
1302 5778 1512 5834 Graece.
