4084 6210
461 289 568 353 ’ἴεῖ

1683 310 2068 372 ΕυΤΗΥΜιΙ
2096 315 2460 379 ZIGABENI

3609 332 3703 396 768

534 403 697 462 Vens.
727 408 780 462 6.
814 409 993 465 Nolite
1025 415 1274 468 extollere
1305 418 1357 470 in
1395 420 1562 474 alt-um
1597 441 1761 479 cornu
1791 439 2040 483 vestrum.

2219 437 2313 504 Mi;
2343 437 2616 505 ἐπαίρετε
2654 441 2741 506 εἰς
2772 440 2929 510 ὕψος
2959 441 3026 495 τὸ
3055 443 3230 510 κέρας
3263 445 3444 509 ὑμῶν.
3480 449 3545 502 Τὸ
3575 451 3692 507 αὐτὸ

461 497 608 551 Idem
640 499 834 554 iterum
869 504 1082 572 repetit,
1117 506 1181 558 ad
1211 515 1632 569 contestationis
1679 533 1791 572 sua:
1837 523 2039 576 conﬁr-

463 591 785 646 mationem.
1996 614 1999 615 ⁷

531 680 601 733 Et
635 682 793 736 nolite
828 683 972 752 loqui
1002 687 1254 744 adversus
1286 693 1452 748 Deum
1485 698 1832 766 injttstitiam.
1867 701 2040 758 Verba

459 773 572 825 hate
615 773 754 826 idem
786 791 941 844 aeque
970 781 1304 849 signiﬁcant,
1341 788 1486 855 quod
1523 791 1610 843 illa
1657 811 1668 845 :
1708 792 2040 855 lniustitiam

459 865 514 915 in
561 864 784 920 sublime
827 869 994 923 locuti
1041 884 1163 926 sunt
1211 877 1296 942 ἐς
1357 879 1422 932 de
1480 881 1678 950 quibus
1716 883 1953 942 diximus
1987 890 2040 942 in

457 954 667 1021 psalmo
699 973 865 1011 Lxxu.

543 1048 708 1106 Vens.
765 1052 816 1106 7.
851 1054 1112 1119 Quoniam
1147 1076 1305 1130 neque
1335 1063 1400 1114 ab
1424 1081 1633 1134 egressu
1659 1086 1818 1139 neque
1848 1072 1911 1125 ab
1949 1091 2040 1127 oc-

457 1143 658 1196 cidente
682 1184 696 1207 ,
731 1162 893 1214 neque
927 1165 956 1199 a
988 1148 1210 1203 desertis
1243 1156 1529 1211 montibus.
1577 1158 1758 1214 Gloria
1788 1203 1802 1224 ,
1843 1164 2039 1234 inquit,

457 1241 510 1287 ct
535 1234 757 1302 divitia),
801 1238 927 1291 item
956 1241 1126 1308 gloria
1159 1287 1172 1307 ,
1198 1253 1251 1296 et
1291 1259 1604 1316 paupertas,
1642 1269 1748 1307 nou
1774 1265 1854 1310 est
1889 1258 2046 1313 nobis

458 1327 526 1380 ab
550 1337 822 1383 astrorum
854 1343 1004 1397 ortu,
1045 1351 1220 1404 neque
1256 1340 1322 1391 ab
1347 1355 1535 1394 eorum
1569 1360 1765 1400 occasu
1800 1388 1814 1410 ,
1858 1359 1912 1400 ut
1958 1367 2047 1407 as-

457 1428 644 1472 serunt
675 1423 930 1493 astrologi
971 1442 985 1480 ε
1027 1428 1177 1494 quini
1207 1445 1272 1481 no
1331 1447 1429 1485 nec
1475 1449 1504 1485 a
1554 1435 1893 1495 daauionibus
1941 1442 2042 1498 ista

458 1509 777 1566 hominibus
808 1515 1128 1572 adveniunt.
1176 1518 1278 1573 Per
1325 1521 1596 1582 descrtos-
1639 1532 1782 1584 enim
1833 1543 2045 1591 montes

458 1602 609 1670 ipsos
628 1604 900 1662 daemones
928 1608 1199 1680 intelligit,
1217 1613 1344 1680 quia
1369 1619 1518 1671 omni
1543 1619 1808 1675 virtutum
1837 1640 2044 1693 genere

458 1695 657 1749 deserti
682 1712 742 1750 ac
766 1700 980 1754 steriles
1016 1711 1162 1762 sunt.
1191 1714 1243 1756 et
1280 1709 1545 1762 montium
1580 1713 1754 1767 instar
1786 1718 2040 1785 superbia

2146 525 2295 594 λέγει
2328 528 2490 583 πάλιν
2521 531 2600 593 εὶς
2632 529 2881 585 ἐπίτασιν
2915 531 3002 585 διὰ
3037 533 3366 605 μαρτυρίας.

2217 705 2323 758 Kal
2346 705 2430 773 μὴ
2473 706 2718 760 λαλεῖτε
2739 708 2890 762 κατὰ
2924 708 3034 762 τοῦ
3068 711 3215 764 Θεοῦ
3251 711 3508 766 ἀδικίαν.
3545 717 3703 772 Τοῦτο

2146 793 2340 846 ταύτὸν
2361 793 2581 846 δύναται
2599 796 2676 866 τῷ
2706 797 2970 851 Ἀδικίαν
2996 799 3083 864 εις
3109 799 3177 852 τὸ
3201 799 3356 868 ὕψος
3380 802 3699 874 ἐλάλησαν,

2144 886 2171 938 ὂ
2213 887 2391 939 κεῖται
2421 889 2482 940 ὲν
2510 886 2586 958 τῷ
2617 887 2692 958 οβ’
2721 889 2944 961 ψαλμῷ.

2218 1065 2347 1116 Ὅτι
2379 1066 2518 1119 οὗτε
2556 1065 2672 1120 ἀπὸ
2700 1068 2951 1133 ἐξόδων,
2976 1072 3117 1125 οὔτε
3143 1071 3262 1125 ἀπὸ
3284 1073 3552 1144 δυσμῶν,
3583 1082 3708 1134 οὔτε

2152 1157 2273 1209 ἀπὸ
2327 1157 2566 1227 ἐρήμων
2604 1161 2806 1228 ὀρέων.
2845 1161 2986 1216 Οὔτε
3035 1165 3098 1218 ἐκ
3129 1165 3238 1218 τῶν
3297 1169 3572 1224 ἀνατολῶν
3608 1175 3707 1227 τῶν

2149 1249 2420 1316 ἀστέρων,
2483 1250 2607 1303 οὔτε
2648 1253 2714 1304 ἐκ
2755 1253 2862 1306 τῶν
2914 1255 3120 1310 δύσεων
3165 1259 3346 1312 αὐτῶν
3391 1263 3530 1315 κατὰ
3591 1267 3706 1328 τοὺς

2149 1342 2536 1410 ἀστρολόγους,
2589 1342 2701 1396 οὔτ’
2753 1343 2905 1407 αὗοι;
2963 1349 3026 1400 ἐκ
3075 1349 3182 1402 τῶν
3241 1351 3551 1421 δαιμόνων,
3606 1357 3704 1408 τῶν

2146 1433 2369 1502 ἐρήμων
2415 1434 2511 1502 μὲν
2555 1435 2720 1487 καλοῦ
2769 1438 2993 1502 παντὸς,
3017 1439 3188 1509 ὀρέων
3216 1441 3272 1495 δέ
3301 1443 3601 1512 λεγομένων
3628 1447 3706 1500 διὰ

2145 1524 2245 1593 τὴν
2289 1523 2520 1594 ἔπαρσιν
2548 1527 2642 1579 καὶ
2670 1527 2985 1592 ἀλαζονίαν·
3013 1531 3044 1599 ἢ
3075 1532 3324 1600 πλοῦτος,
3347 1536 3380 1606 ἦ
3406 1537 3530 1604 δόξα
3555 1557 3709 1610 χορη-

2148 1619 2346 1682 γεῖται,
2386 1618 2417 1686 ἢ
2456 1619 2634 1681 πενία,
2672 1621 2704 1691 ἢ
2737 1622 2923 1689 ἀδοξία
2957 1629 3334 1694 προσγίνεται,
3378 1632 3514 1685 ἀλλὰ
3543 1635 3711 1703 κρίσει

2151 1706 2288 1760 Θεοῦ
2327 1708 2538 1780 δικαίᾳ.
2578 1711 2822 1776 Ἐξόδους
2853 1714 2962 1784 γὰρ
2998 1718 3153 1771 καλεῖ
3184 1721 3283 1789 μὲν
3314 1719 3415 1791 τὴν
3445 1723 3535 1776 τοῦ
3567 1725 3708 1794 ήλίου

458 1786 738 1842 elati.Sed
765 1790 912 1856 justo
969 1793 1060 1847 D-i
1120 1795 1326 1862 judicio
1370 1802 1556 1854 omnia
1611 1803 2031 1872 dispensentur.

2154 1801 2437 1874 ἀνατολήνο
2511 1804 2626 1859 Ἀπ’
2675 1805 2865 1872 ἄκρου
2900 1807 3030 1878 γὰρ,
3065 1786 3219 1880 φησί,
3251 1786 3379 1868 τοῦ-
3408 1786 3657 1885 οὐρανοῦ
3680 1819 3714 1886 ἡ

460 1873 562 1929 Per
593 1893 873 1945 egressum
906 1893 1105 1948 autem,
1141 1888 1273 1941 solis
1308 1899 1487 1944 ortum
1524 1893 1815 1966 intelligit,
1851 1915 2043 1967 quem-

463 1965 751 2021 admodum
791 1979 849 2023 et
883 1972 1012 2026 alibi
1044 1991 1166 2028 cum
1201 1977 1274 2029 ait
1311 1997 1322 2030 ε
1358 1979 1397 2030 Α
1426 1997 1630 2035 summa
1659 1986 1784 2038 calo
1814 1990 2042 2054 egressio

463 2056 571 2124 ejus
611 2060 675 2116 ³⁷.
711 2060 814 2114 Per
849 2077 1106 2119 occasura
1153 2083 1282 2122 vero
1316 2072 1656 2128 occidentem
1686 2092 1701 2140 ;
1731 2083 1784 2130 et
1812 2092 1906 2146 per
1950 2080 2044 2134 de-

463 2160 638 2208 sertos
681 2164 891 2210 mootcs
920 2198 933 2221 ,
969 2163 1358 2228 septentrionis
1414 2175 1468 2219 et
1519 2168 1766 2222 meridici
1797 2171 2040 2232 climata,

461 2259 580 2310 qua:
613 2246 683 2300 ob
712 2249 936 2301 nimium
972 2251 1144 2320 frigus
1166 2292 1179 2313 ,
1233 2264 1328 2308 aut
1388 2252 1627 2312 calorem
1661 2299 1676 2323 ,
1732 2260 2044 2319 hominibus

462 2335 673 2390 deserta
707 2350 856 2398 sunt.
890 2341 984 2395 Est
1012 2353 1191 2398 autem
1224 2347 1309 2398 hic
1335 2362 1515 2402 sermo
1537 2350 1876 2419 defcctivus;
1904 2355 2047 2410 unde

463 2428 663 2496 aliquid
697 2432 1218 2503 subiutelligcndum
1266 2448 1386 2503 est,
1430 2443 1580 2496 verbi
1633 2445 1848 2512 gratia:
1894 2446 2048 2500 Nihil

463 2517 614 2574 latet.
643 2519 811 2584 Nihil,
854 2523 1065 2592 inquit,
1109 2528 1162 2580 in
1201 2527 1368 2582 futuri
1412 2532 1596 2597 iudicii
1630 2545 1872 2604 tempore
1900 2545 2050 2606 pote-

464 2609 534 2660 rit
565 2603 728 2663 Deum
784 2613 970 2670 latere.
1022 2616 1217 2671 Omnia
1270 2623 1470 2676 etenim
1523 2625 1568 2678 ei
1624 2603 1935 2695 patebunt,
1993 2629 2046 2680 in

2151 1892 2364 1958 ἔξοδος
2397 1894 2583 1948 αὐτοῦ
2608 1915 2622 1928 ο
2654 1894 2862 1965 δυσμὰς
2890 1899 2946 1950 δέ
2976 1899 3072 1970 τὴν
3106 1890 3256 1955 δύσιν
3277 1919 3294 1933 ο
3334 1904 3520 1976 ἔρημα
3548 1907 3601 1960 δὲ
3623 1908 3712 1977 ὄρη

2150 1984 2218 2037 τὰ
2255 1985 2444 2055 βόρεια
2497 1987 2588 2040 καὶ
2643 1990 2794 2042 νότια
2850 1991 3114 2060 κλίματα,
3169 1995 3312 2049 κατὰ
3383 1999 3716 2070 μεσημϐρίαν

2152 2077 2246 2129 καὶ
2287 2076 2488 2148 ἄρκτον
2509 2095 2521 2107 ·
2559 2078 2732 2133 ταῦτα
2768 2084 2876 2152 γὰρ
2908 2084 3092 2156 ἔρημά
3139 2087 3280 2140 εἰσιν
3304 2088 3630 2160 ἀνθρώπων,
3663 2091 3716 2141 τὸ

2156 2171 2251 2239 μὲν
2283 2171 2352 2222 δι’
2387 2171 2695 2241 ὑπερϐολὴν
2723 2174 2950 2244 ψύχους,
2976 2178 3035 2229 τὸ
3065 2178 3121 2230 δὲ
3153 2178 3387 2250 θέρμης.
3435 2181 3716 2233 Ἐλλειπτι-

2155 2261 2248 2312 κον
2280 2261 2335 2314 δέ
2360 2261 2420 2314 τὸ
2453 2262 2643 2333 σχῆμα
2664 2279 2677 2292 ·
2710 2264 2888 2318 λείπει
2915 2266 3024 2336 γὰρ
3051 2268 3111 2320 τὸ
3163 2270 3400 2338 Λέληθέ
3432 2288 3504 2325 τι.
3532 2272 3600 2325 Οὐ
3637 2271 3716 2323 λέ-

2157 2352 2288 2420 ληθέ
2335 2371 2410 2418 τι,
2445 2356 2633 2425 φησὶν,
2680 2355 2770 2407 ἀπ’
2801 2357 3014 2420 οὐδενὸς
3059 2359 3325 2429 κλίματος
3363 2362 3470 2430 τῆς
3526 2366 3618 2431 γῆς
3660 2364 3710 2413 ἐν

2158 2447 2234 2516 τῷ
2257 2447 2432 2518 καιρῷ
2459 2450 2558 2517 τῆς
2588 2447 2891 2518 μελλούσης
2917 2449 3150 2522 κρίσεως
3172 2467 3184 2480 ·
3215 2451 3295 2504 διὸ
3329 2453 3502 2522 μηδὲν
3530 2451 3716 2523 φαῦλον

2159 2537 2384 2604 ποιῆτε·
2437 2533 2719 2599 ποιοῦντες
2771 2537 2846 2604 δὲ,
2883 2537 2956 2610 μὴ
3008 2539 3184 2593 οἴεσθε
3263 2541 3573 2597 λανθάνειν.
3605 2536 3720 2596 Εἶτα

2159 2627 2341 2694 τίθησι
2368 2627 2461 2679 καὶ
2488 2626 2586 2696 τὴν
2615 2626 2794 2682 αἰτίαν
2823 2629 2914 2683 τοῦ
2950 2630 3117 2700 μηδὲν
3152 2631 3469 2688 λανθάνειν.

463 2719 790 2775 quacunque
849 2725 911 2765 ea
951 2712 1152 2767 luerint
1207 2719 1466 2789 regione:
1530 2715 1696 2790 atque
1754 2724 1876 2778 ideo
1924 2725 2091 2778 nolite
2167 2739 2396 2793 pravum
2442 2723 2661 2794 aliquod
2710 2725 2888 2780 scelus
2938 2727 3299 2782 committere.
3350 2728 3543 2798 Neque
3589 2726 3717 2782 enim

464 2804 630 2859 latere
661 2823 781 2862 eum
817 2811 937 2877 quis
970 2815 1162 2880 poterit
1191 2852 1208 2880 ,
1254 2816 1297 2869 si
1345 2817 1396 2868 in
1435 2834 1559 2872 eum
1607 2821 1922 2890 deliquerit.
1975 2820 2038 2874 Et
2080 2821 2280 2875 deinde
2312 2835 2536 2876 causam
2571 2823 2744 2889 ponit,
2773 2836 2872 2875 cur
2897 2823 3032 2876 nihil
3064 2823 3228 2878 Deum
3259 2825 3459 2882 lateat.

536 2895 798 2959 Quoniam
835 2899 969 2953 Deus
1006 2903 1174 2971 judcx
1232 2915 1331 2960 est.
1378 2908 1647 2974 Quoniam
1701 2913 1844 2967 Deus
1908 2923 2034 2973 est.

465 2988 557 3055 qui
589 2989 797 3056 judicat
827 2993 1032 3062 quique
1055 2997 1240 3051 omnia
1273 2999 1475 3068 optime
1519 3003 1705 3065 novit,
1754 3004 1915 3057 etiam
1951 3020 2050 3058 an-

465 3091 717 3152 teaquam
761 3088 974 3142 llcreut.

2226 2911 2355 2966 Ὅτι
2397 2913 2429 2966 ὁ
2490 2912 2634 2978 Θεὸς
2679 2897 2885 2981 κριτής
2935 2914 3129 2967 ἐστιν.
3171 2915 3234 2968 ’0
3274 2916 3419 2981 Θεὸς
3468 2917 3655 2988 κρίνει,
3698 2917 3721 2967 ὁ

2154 3004 2332 3058 πάντα
2364 3005 2457 3058 καὶ
2495 3004 2619 3058 ἰδὼν
2652 3006 2748 3058 καὶ
2787 3005 2944 3068 εἰδὼς
2976 3005 3084 3076 πρὸ
3119 3007 3399 3075 γενέσεως
3433 3009 3626 3064 αὐτῶν.

538 3173 703 3230 Vens.
749 3179 805 3231 8.
846 3179 997 3233 lltme
1036 3183 1280 3236 hurniliat
1311 3225 1326 3250 ,
1353 3200 1401 3239 et
1447 3187 1582 3240 hunc
1610 3191 1839 3246 exultat.
1893 3191 2044 3248 l-lunc

2233 3178 2452 3234 Τοῦτον
2507 3179 2816 3241 ταπεινοῖ,
2887 3181 2984 3233 καὶ
3030 3179 3245 3236 τοῦτον
3272 3185 3455 3251 ὑψοῖ.
3491 3183 3590 3238 Τὸν
3640 3181 3724 3252 μὲν

465 3265 682 3332 quidem
717 3266 968 3334 honorat,
1001 3279 1055 3324 ct
1091 3273 1256 3325 alium
1295 3276 1570 3342 reprobat,
1599 3278 1752 3346 juxta
1782 3283 2052 3336 uniuscu-

463 3354 662 3423 jusque
689 3357 875 3424 vitam,
905 3360 1132 3429 acjuxta
1156 3362 1496 3431 justissimas
1522 3369 1784 3436 quasdam
1813 3373 2052 3429 rationes

465 3447 633 3499 divini
661 3448 878 3514 judicii.

545 3535 809 3600 Quoniam
843 3542 986 3594 calix
1012 3543 1062 3596 in
1095 3562 1254 3598 manu
1298 3547 1512 3602 Domini
1553 3553 1657 3606 vini
1695 3555 1826 3606 meri
1867 3555 2050 3623 plenus

467 3628 731 3682 mixtione.
768 3629 938 3687 Totus
974 3649 1156 3688 sermo
1209 3641 1618 3708 metaplmricus
1672 3652 1778 3701 est.
1836 3645 1901 3698 Et
1955 3662 2052 3715 per

465 3732 686 3772 manum
727 3723 949 3790 quidem
996 3725 1207 3781 Domini
1247 3729 1392 3785 illius
1424 3735 1721 3801 potentiam
1772 3736 2048 3808 intelligit,

464 3825 561 3877 per
589 3814 821 3866 calicem
855 3826 1036 3871 autem
1064 3821 1173 3874 vini
1199 3864 1212 3886 ,
1266 3838 1555 3879 mensuras
1598 3842 1661 3881 ac
1692 3830 1880 3884 modos
1934 3845 2050 3900 pce-

465 3919 678 3972 uarum.
713 3904 814 3960 Per
848 3909 1034 3963 vinum
1063 3913 1205 3966 enim
1238 3915 1340 3970 hoc
1373 3918 1424 3970 in
1471 3918 1590 3973 loco
1647 3922 1916 3990 supplicia
1951 3924 2041 3976 in-

463 3997 805 4066 telliguntur,
836 4012 999 4071 atque
1023 4006 1390 4073 calamitates,
1414 4026 1533 4077 (pta:
1556 4027 1730 4080 aeque,
1758 4029 1820 4066 ac
1838 4015 2048 4080 vinum,

463 4098 518 4141 et
549 4091 692 4147 vires
721 4093 999 4150 hominum
1053 4099 1294 4164 tollunt,
1337 4111 1393 4155 et
1448 4107 1652 4160 mentis
1703 4105 2049 4160 harmoniam

461 4181 798 4250 dissolvunt,
831 4196 884 4241 et
921 4189 1179 4245 aberrare
1216 4207 1315 4246 nos
1351 4195 1562 4248 faciunt
1614 4211 1644 4248 a
1679 4197 1803 4261 fvia.
1847 4197 2049 4252 Merum

461 4286 592 4326 vero
623 4291 742 4329 esse
771 4277 974 4332 dicitur
1007 4281 1111 4336 hoc
1148 4282 1356 4349 vinum,
1381 4286 1537 4354 quasi
1572 4297 1850 4341 austerum
1887 4285 2052 4358 attlue

460 4363 654 4418 eﬂicax
709 4369 761 4421 vi
795 4383 917 4433 sua,
955 4378 1009 4425 et
1061 4373 1212 4425 nulla
1258 4375 1478 4429 mistum
1529 4377 1928 4434 misericordia.
1983 4379 2050 4432 Et

466 4457 555 4510 hic
599 4459 820 4527 quidem
863 4463 1003 4516 calix
1037 4474 1120 4519 est
1160 4466 1268 4520 vini
1317 4471 1475 4522 meri.
1523 4469 1726 4524 Verum
1773 4473 1826 4526 in
1882 4489 2048 4527 manu

2155 3266 2435 3334 ἀτιμάζει,
2474 3269 2567 3322 τὸν
2609 3270 2664 3322 δὲ
2710 3272 2866 3340 τιμᾷ,
2916 3271 3064 3329 κατὰ
3109 3273 3208 3340 τὴν
3257 3274 3584 3346 οίκονομίαν
3633 3273 3730 3326 τῶν

2157 3356 2501 3426 βεϐιωμένων
2553 3358 2789 3428 ἑκάστῳ,
2847 3362 2942 3413 καὶ
2998 3362 3088 3416 τὸν
3147 3363 3305 3431 λόγον
3370 3367 3470 3436 τῆς
3519 3362 3722 3425 δικαίας

2155 3450 2322 3502 αὐτοῦ
2359 3451 2616 3520 κρίσεως.

2226 3544 2352 3596 Ὅτι
2389 3545 2681 3613 ποτήριον
2707 3547 2776 3600 ἐν
2805 3549 2954 3616 χειρὶ
2991 3550 3211 3617 Κυρίου
3253 3552 3435 3607 οἴνου
3479 3549 3721 3619 ἀκράτου

2156 3635 2386 3704 πλῆρες
2423 3638 2822 3708 κεράσματος.
2868 3643 3256 3714 Μεταφορικὸς
3311 3646 3438 3708 ὅλος
3471 3647 3500 3698 ὁ
3549 3643 3694 3711 λόγος
3710 3651 3722 3668 ⁶

2159 3729 2250 3779 καὶ
2306 3731 2466 3799 χεῖρα
2519 3730 2619 3800 μὲν
2672 3731 2874 3803 Κυρίου
2934 3734 3090 3786 καλεῖ
3131 3734 3230 3804 τὴν
3280 3736 3516 3803 δύναμιν
3569 3729 3720 3786 αὑτοῦ

2156 3822 2416 3891 ποτήριον
2449 3821 2505 3874 δὲ
2549 3821 2717 3887 οἴνου,
2767 3824 2828 3876 τὸ
2881 3826 3080 3896 μέτρον
3113 3829 3212 3896 τῆς
3246 3829 3520 3899 τιμωρίας
3542 3845 3556 3861 ·
3587 3821 3719 3884 alvo;

2154 3913 2262 3978 γὰρ
2297 3912 2457 3983 νῦνὴ
2503 3917 2770 3985 τιμωρία.
2813 3917 2957 3970 Διότι
3022 3919 3437 3988 παραπλησίως
3485 3918 3563 3988 τῷ
3605 3917 3723 3981 οἴνῳ

2155 4004 2478 4071 ἀφαιρεῖται
2530 4004 2628 4074 τὴν
2665 4004 2761 4058 τοῦ
2795 4004 3086 4075 ἀνθρώπου
3119 4007 3381 4077 δύναμιν,
3426 4007 3520 4061 καὶ
3555 4004 3725 4058 ἐκλύει

2154 4096 2254 4156 τὰς
2303 4095 2591 4165 ἁρμονίας,
2631 4096 2727 4149 καὶ
2773 4099 2919 4150 ποιεῖ
2963 4098 3324 4165 σφάλλεσθαι.
3375 4101 3646 4168 ⁸Ἄκρατος
3674 4093 3724 4145 δὲ

2155 4183 2310 4252 οὗτος
2361 4192 2389 4244 ὁ
2432 4185 2599 4254 οἶνος,
2647 4189 2723 4252 ὡς
2775 4191 3084 4261 αὐστηρὸς,
3135 4193 3231 4246 καὶ
3286 4192 3588 4262 ἀπότομος,
3643 4185 3727 4240 καὶ

2155 4283 2365 4353 ἀμιγὴς
2399 4283 2832 4353 φιλανθρωπίας.
2873 4285 3034 4338 Ἀλλὰ
3066 4285 3226 4338 τοῦτο
3255 4287 3358 4356 μὲν
3394 4286 3456 4339 τὸ
3483 4283 3728 4351 ποτήριον

2155 4372 2300 4424 οἴνου
2334 4375 2482 4426 ἐστὶν
2512 4375 2756 4446 ἀκράτου
2793 4391 2809 4407 ο
2844 4376 2963 4428 ἐστὶ
3001 4373 3056 4427 δὲ
3083 4376 3140 4426 ἐν
3167 4377 3232 4444 τῇ
3267 4375 3417 4445 χειρὶ
3449 4373 3613 4426 αὑτοῦ
3645 4368 3730 4422 καὶ

2157 4466 2343 4535 ἕτερον
2377 4467 2663 4536 ποτήριον,
2697 4467 2902 4538 πλῆρες
2933 4468 3303 4536 κεράσματος,
3334 4466 3516 4518 εῑτουν
3548 4463 3728 4530 φιλαν-

467 4547 684 4602 llomini
714 4551 855 4607 alius
889 4555 1052 4608 etiam
1091 4565 1176 4611 est
1203 4559 1365 4623 calix,
1397 4559 1590 4627 plenus
1623 4563 1904 4631 mistione;
1945 4566 2044 4619 hoc

2160 4556 2428 4626 Θρωπίας.
2458 4559 2729 4627 Κέρασμα
2762 4557 2872 4628 γὰρ
2905 4557 3049 4610 οἴνου
3082 4558 3180 4626 μὲν
3221 4556 3402 4628 ὕδωρ,
3438 4552 3729 4622 αὐστηρίας

463 4649 567 4702 cst,
606 4642 1007 4701 misericordia.
1049 4648 1234 4703 Missio
1265 4651 1407 4703 enim
1431 4651 1564 4715 vini,
1597 4667 1759 4721 aqua,
1791 4655 2050 4709 etmistio

466 4733 828 4798 austeritatis,
847 4736 1248 4793 misericordia.
1270 4738 1540 4796 Debemus
1571 4752 1755 4797 autem
1781 4758 1842 4797 ea
1865 4745 2051 4806 verba,

464 4822 648 4888 plenus
680 4825 946 4891 mistione,
969 4844 1078 4882 non
1105 4831 1354 4899 sequenti
1388 4833 1660 4888 versiculo
1695 4835 2050 4905 conjungere,

463 4914 558 4969 sed
594 4931 688 4983 per
719 4933 778 4972 se
804 4921 982 4976 soluta
1014 4922 1194 4991 legere
1222 4963 1236 4989 ,
1289 4925 1752 4997 subintelligendo
1808 4929 2013 4998 conjuu

462 5007 736 5075 etionem,
792 5023 846 5066 et
904 5014 1173 5069 sumendo
1220 5030 1248 5066 a
1293 5022 1570 5072 communi
1632 5036 1798 5076 sensu
1832 5021 1996 5076 verba
2037 5038 2048 5074 :

463 5097 624 5154 Calix
651 5102 704 5155 in
731 5120 890 5156 manu
915 5103 1146 5170 Domini,
1176 5114 1232 5158 ut
1269 5108 1339 5160 sit
1370 5125 1565 5165 sensus
1600 5152 1613 5176 ,
1639 5113 1784 5181 quod
1803 5113 1855 5166 in
1882 5129 2046 5166 manu

466 5190 676 5247 Domini
718 5206 797 5250 est
831 5196 970 5250 calix
1003 5198 1112 5251 vini
1160 5199 1316 5265 meri,
1344 5211 1390 5254 et
1428 5202 1481 5255 in
1516 5207 1703 5259 eadem
1767 5221 1930 5260 manu
1968 5213 2051 5260 est

2155 4651 2212 4703 δὲ
2248 4645 2657 4721 φιλανθρωπία.
2689 4650 2808 4719 Χρὴ
2841 4651 2950 4720 γὰρ
2981 4649 3058 4718 τῷ
3088 4648 3327 4718 Πλῆρες
3366 4647 3729 4715 κεράσματος

2167 4747 2241 4816 μὴ
2294 4746 2589 4798 συνάπτειν
2627 4743 2687 4795 τὸ
2733 4744 2961 4796 ὄπισθεν
2994 4742 3187 4815 gmw
3238 4743 3378 4796 ἀλλὰ
3424 4740 3548 4794 καθ’
3582 4734 3730 4790 ἑαυτὸ

2159 4836 2470 4897 ἁσυνδέτως
2508 4836 2927 4903 ἀναγινώσκειν,
2959 4834 3055 4886 τοῦ
3097 4834 3198 4887 καὶ
3226 4832 3531 4900 συνδέσμου
3564 4824 3725 4880 ἐλλεί-

2159 4943 2352 4988 ποντος
2401 4926 2522 4994 μὲν,
2553 4922 3057 4993 συνεξακουομένου
3087 4923 3144 4976 δέ
3171 4939 3187 4956 ο
3227 4923 3498 4982 ἕλκοντας
3529 4917 3618 4970 καὶ
3647 4911 3728 4966 ἐπὶ

2158 5018 2334 5087 τούτῳ
2371 5017 2430 5069 τὸ
2494 5019 2782 5085 ποτήριον
2803 5015 2873 5068 ἐν
2904 5014 3053 5083 χειρὶ
3083 5015 3338 5082 Kvplov'
3384 5013 3504 5074 πῶς
3537 5009 3641 5077 γὰρ
3669 5003 3728 5057 av

2162 5111 2246 5180 εἴη
2285 5111 2343 5163 τὸ
2377 5109 2509 5163 αὐτὸ
2538 5110 2598 5162 τὸ
2627 5109 2868 5179 ἄκρατον
2901 5107 3022 5177 ἕχον
3067 5108 3161 5160 καὶ
3192 5106 3488 5176 κέρασμα;
3525 5102 3642 5154 Ὅτι
3676 5094 3729 5148 δὲ

2158 5204 2252 5256 δύο
2277 5203 2471 5264 ταῦτα,
2500 5201 2733 5270 δηλώσει
2756 5201 2818 5254 τὸ
2847 5200 3211 5268 ἐπαγόμενον.

463 5283 601 5336 calix
653 5285 845 5352 plenus
872 5286 1142 5340 mistione.
1169 5287 1301 5341 Nam
1324 5290 1549 5360 alioqui,
1573 5294 1848 5361 (prornodo
1871 5309 2035 5360 unus,
2077 5302 2242 5362 atque
2279 5293 2422 5347 idem
2449 5291 2588 5347 calix
2624 5291 2826 5361 poterit
2854 5299 2906 5341 et
2941 5302 3178 5355 merum,
3201 5298 3254 5343 et
3317 5288 3544 5341 mistum
3600 5290 3726 5334 con-

465 5376 674 5431 tinere?
703 5380 761 5430 lit
789 5379 932 5447 quod
963 5381 1072 5434 duo
1101 5383 1210 5436 sint
1235 5384 1454 5446 calices,
1482 5395 1628 5454 patet
1649 5387 1813 5440 etiam
1836 5388 2042 5444 clarius
2080 5405 2146 5445 ex
2177 5388 2560 5457 sequentibus.

540 5468 702 5522 Vens.
738 5470 792 5524 9.
823 5471 888 5523 Et
911 5472 1182 5527 inclinavit
1211 5491 1274 5528 ex
1301 5477 1395 5528 hoc
1424 5479 1474 5529 in
1511 5481 1630 5530 hoc.
1680 5480 1746 5532 Et
1796 5479 1864 5534 de
1909 5497 2056 5536 mcu-

474 5570 601 5607 sura
631 5561 760 5612 meri
797 5563 1083 5631 supplicii,
1135 5564 1334 5618 etTudit
1366 5565 1420 5618 in
1462 5581 1777 5622 mensuram
1832 5568 2051 5624 miscri-

524 5731 733 5787 “l‘sul.
789 5740 1036 5794 unus.
1139 5741 1181 5770 ‘7
1219 5741 1359 5797 Psal,
1416 5757 1571 5801 mu.
1609 5743 1660 5795 7.

2236 5481 2342 5533 Kal
2391 5479 2635 5532 ἔκλινεν
2677 5477 2747 5530 ἐκ
2818 5476 3034 5529 τούτου
3108 5477 3195 5539 εις
3245 5470 3450 5524 τοῦτο.
3497 5462 3722 5532 Ἐνὲχεεν

2164 5572 2226 5622 ἐκ
2257 5569 2350 5622 τοῦ
2383 5570 2584 5641 μέτρου
2614 5570 2713 5639 τῆς
2743 5567 2988 5638 ἀκράτου
3023 5563 3293 5636 τιμωρίας
3324 5561 3421 5617 ἐπὶ
3449 5558 3510 5614 τὸ
3538 5554 3723 5625 μέτητθν
