4084 6210
352 287 463 351 769

1535 281 1921 343 COMMENT.
1971 280 2052 339 IN
2090 281 2220 340 PSA
2232 281 2452 343 LMOS.

3513 289 3622 358 ’Πῦ

359 409 458 477 τῆς
499 405 939 477 φιλανθρωπίας,
974 404 1112 458 ὥστε
1162 404 1386 475 ποιῆσαι
1428 401 1752 470 κρᾶσιν,καὶ
1784 400 1935 453 ποτί-

2071 401 2259 463 ordiar,
2294 412 2354 455 ut
2387 400 2674 456 misturam
2710 401 2938 464 faceret,
2974 410 3144 473 utque
3180 419 3300 459 eam
3340 404 3391 459 in
3428 416 3616 473 potum

364 519 451 555 σαι
504 501 711 571 ταύτην
771 500 899 566 τοὺς
940 499 1162 553 ἔλαττον
1210 497 1626 570 ἁμαρτάνοντας
1681 499 1780 577 και
1816 497 1944 559 τοὺς

364 593 643 667 ἰασίμουςς
1840 594 1847 605 ‘

430 684 607 753 Πλὴν
632 689 666 741 ὀ
691 688 938 757 τρυγίας
963 685 1151 741 αὑτοῦ
1178 686 1291 739 οὐκ
1318 682 1670 750 ἐξεκενώθη.
1702 680 1944 749 Τρυγίαν

361 778 617 848 ὠνόμασε
691 779 751 833 τὸ
812 780 986 850 πάχος
1037 778 1138 848 τῆς
1192 777 1438 850 ἀκράτου
1494 773 1788 845 τιμωρίας,
1846 773 1945 842 τὴν

362 869 600 939 ἐσχάτην
648 868 896 935 κόλασιν,
928 870 1049 941 ἥτις
1096 868 1403 939 ὑπελείφθη
1434 869 1546 929 τοῖς
1590 866 1660 921 τά
1715 864 1946 936 μέγιστα

365 960 777 1031 πλημμελοῦσι,
851 962 946 1016 καὶ
990 963 1104 1026 τοῖς
1156 961 1232 1032 μὴ
1287 957 1788 1031 μεταϐαλλομένοις
1840 956 1948 1009 ἀπὸ

366 1055 588 1117 κακίας.

439 1147 684 1199 Πίονται
715 1145 941 1213 πάντες
967 1148 1022 1200 ol
1049 1143 1386 1215 ἁμαρτωλοὶ
1409 1141 1525 1211 τῆς
1561 1139 1692 1210 γῆς.
1726 1138 1948 1193 Πίονται

367 1236 461 1288 τὸν
490 1218 743 1306 τρυγίαν.
783 1236 1171 1309 Ἀμαρτωλοὺς
1203 1236 1259 1290 δέ
1286 1234 1435 1304 λέγει
1476 1235 1601 1298 τοὺς
1631 1232 1954 1301 ἀνεπιστρό-

369 1344 485 1396 φως
515 1331 955 1399 ἁμαρτάνοντας.
1679 1337 1688 1345 ’

440 1421 590 1490 Ἐγὼ
622 1421 692 1474 δὲ
739 1421 1187 1490 ἀγαλλιάσομαι
1226 1422 1316 1486 εὶς
1355 1419 1462 1474 τὸν
1496 1418 1706 1475 αίῶνα.
1762 1418 1947 1473 Ψαλῶ

371 1511 451 1577 τῷ
485 1512 608 1578 Θεῷ
665 1514 902 1568 Ἰακὼϐ.
950 1513 1383 1585 Ἐλευθερωοεὶς
1411 1513 1512 1583 τῆς
1542 1512 1789 1576 δουλείας
1840 1512 1949 1565 τῶν

368 1603 599 1673 ἐχθρῶν,
624 1605 720 1658 καὶ
743 1605 1145 1675 άγαλλιάσομαι
1175 1606 1273 1675 μὲν
1299 1605 1393 1659 ἐπὶ⁸
1419 1607 1485 1676 τῇ
1518 1603 1813 1675 ἀπαλλαγῇ
1839 1604 1948 1657 τῶν

370 1694 617 1765 ἀνιαρῶν
641 1734 655 1758 ,
686 1695 842 1765 ψαλῶ
879 1696 935 1748 δὲ
971 1696 1390 1768 εὐχαριστήρια.
1659 1710 1668 1719 ·

2050 493 2158 547 illis
2194 493 2483 562 praeberet,
2515 493 2607 562 qui
2641 502 2695 548 et
2725 494 2899 551 levius
2927 494 3324 565 deliquissent,
3356 504 3409 552 et
3441 496 3622 552 adhuc

2047 592 2233 638 essent
2265 584 2639 640 medicabiles.

2124 673 2282 730 Vens.
2309 676 2394 729 10.
2429 674 2799 731 Verumtamen
2837 677 2923 746 (ea:
2951 677 3065 747 ejus
3094 694 3194 732 non
3224 689 3295 732 est
3325 679 3624 733 exinanita.

2050 762 2149 816 Ρυι·
2178 763 2339 832 [eccm
2389 767 2592 832 colicis,
2622 767 3066 832 crassitudinem,
3105 778 3159 822 ιιι
3186 770 3255 822 ita
3291 770 3469 824 dicam
3500 810 3516 835 ,
3545 769 3629 823 in-

2050 857 2398 926 telligitmcri
2438 859 2719 929 supplicii,
2749 861 2852 915 hoc
2883 870 3010 925 est,
3066 874 3340 917 extremas
3384 863 3628 916 omnimn

2052 963 2261 1017 poenas.
2295 966 2414 1018 ιιιιςυ
2441 951 2508 1005 iis
2546 961 2915 1017 reservantur,
2944 953 3039 1023 qui
3072 965 3165 1007 aut
3210 954 3448 1008 maxime
3488 954 3630 1008 deli-

2050 1049 2308 1107 inierunt.
2339 1052 2430 1094 aut
2461 1056 2489 1093 a
2523 1043 2676 1097 vitiis
2707 1044 2987 1098 immutari
3017 1044 3334 1098 noluerunt.

2124 1131 2305 1186 Bibent
2327 1150 2504 1190 omnes
2523 1146 2819 1203 peccatores
2852 1147 3027 1192 terrm.
3060 1135 3254 1192 Bibent
3300 1137 3496 1192 fecem.
3530 1136 3632 1193 Per

2052 1235 2367 1293 peccatores
2402 1235 2582 1281 autem
2610 1242 2705 1283 eos
2737 1244 2883 1284 nunc
2910 1229 3301 1300 intelligit,qui
3334 1245 3364 1283 a
3399 1232 3639 1311 peccatis

2054 1330 2332 1384 nunquam
2364 1326 2784 1371 convertuntur.

2123 1406 2237 1478 Ego
2264 1417 2439 1462 autent
2478 1408 2726 1464 excitabo
2747 1410 2802 1463 in
2823 1412 3100 1478 secutum,
3122 1412 3359 1481 psallam
3391 1411 3497 1466 Deo
3528 1410 3631 1464 la-

2051 1498 2166 1552 cob.
2200 1499 2282 1552 Ab
2314 1499 2661 1554 inimicorum
2703 1502 2961 1555 nimirum
3005 1506 3274 1558 servitute
3326 1503 3591 1559 liberatus
3617 1540 3633 1565 .

2051 1591 2338 1647 cxsultabo
2360 1590 2581 1662 quidem
2615 1594 2758 1661 quod
2787 1595 3133 1650 calamitates
3182 1595 3547 1661 cessaverint,
3582 1602 3638 1648 tt

2053 1685 2282 1754 psallam
2308 1685 2361 1739 in
2391 1687 2691 1752 gratiarum
2723 1686 3018 1741 actionem.

449 1787 556 1841 Kal
595 1788 794 1841 πάντα
842 1789 915 1842 τὰ
960 1791 1186 1856 κέρατα
1237 1786 1357 1841 τῶν
1395 1786 1764 1858 ἁμαρτωλῶν
1800 1804 1951 1842 συν.

2128 1774 2295 1833 Vans.
2362 1777 2449 1832 ll.
2519 1777 2585 1831 Et
2626 1778 2804 1833 omnia
2857 1795 3057 1833 cornua
3118 1787 3457 1848 peccatorum
3518 1797 3640 1834 con-

376 1874 599 1931 θλὰσω.
631 1875 753 1929 Τῶν
790 1875 948 1940 αὖθις
983 1876 1415 1947 πολεμησάντων
1446 1896 1536 1947 μοι
1568 1878 1873 1948 δυσμενῶν.

447 2054 557 2106 Καὶ
599 2053 987 2123 ὑψωθήσεται
1025 2056 1093 2110 τὸ
1129 2056 1309 2125 κέρας
1339 2057 1447 2112 τοῦ
1478 2058 1734 2114 δικαίου.
1777 2060 1954 2131 Νική-

378 2159 594 2206 σαντος.
632 2145 699 2199 O't'
734 2163 794 2198 τε
835 2147 946 2219 γὰρ
990 2147 1322 2219 Ἰσραηλῖται
1365 2150 1503 2219 μετὰ
1548 2150 1646 2220 τῆς
1681 2154 1738 2204 ἐν
1785 2151 1959 2205 Βαϐυ-

376 2233 507 2289 λῶνι
538 2235 789 2298 δουλείας
817 2237 1101 2304 ἐπάνοδον,
1136 2238 1587 2308 προσϐαλλόντων
1634 2241 1822 2305 αὐτοῖς
1851 2242 1959 2295 τῶν

377 2327 791 2393 γειτονούντων,
844 2327 1132 2403 ἐνίκησαν,
1187 2331 1241 2384 οῖ
1282 2348 1343 2383 τε
1397 2333 1713 2403 Χριστιανοὶ
1766 2336 1828 2387 ἐκ
1862 2334 1961 2404 τῆς

379 2415 626 2479 δουλείας
658 2416 767 2471 τῶν
806 2417 1063 2487 εἰδώλων,
1083 2420 1468 2485 ἐπανελθόντες
1504 2424 1582 2484 είς
1623 2421 1958 2495 ἐλευθερίαν,

381 2507 647 2560 συνολῶσι
680 2508 777 2572 τὰς
810 2509 1069 2581 δυνάμεις
1095 2511 1204 2564 τῶν
1231 2511 1394 2583 πέριξ
1427 2513 1803 2584 διαιτωμένων
1838 2516 1959 2569 δαισ-

384 2601 562 2671 μόνων
587 2601 984 2672 ἐπιτιθεμένων
1028 2605 1234 2669 αὐτοῖς.
1264 2606 1487 2659 Δίκαιον
1516 2606 1573 2659 δὲ
1606 2607 1763 2659 καλεί
1787 2607 1962 2660 πάντα

381 2692 602 2765 εὐσεϐῆ.
656 2693 753 2765 Είη
782 2694 830 2748 δ’
856 2695 922 2748 ἂν
950 2696 1046 2749 καὶ
1070 2698 1098 2749 6
1127 2696 1458 2769 Ζοροϐάϐελ,
1487 2699 1514 2750 6
1541 2697 1633 2751 τὸν
1658 2698 1788 2752 λαὸν
1809 2717 1959 2769 τηνιο

384 2784 563 2838 καῦτα
597 2786 987 2856 ἐπαναγαγὼν,
1046 2789 1182 2843 ἀλλὰ
1215 2790 1309 2844 καὶ
1357 2791 1387 2844 ό
1421 2791 1656 2862 Χριστὸς
1690 2793 1717 2844 6
1760 2791 1965 2861 κυρίως

384 2876 615 2943 δίκαιος,
649 2878 725 2942 ὡς
774 2880 1183 2953 ἀναμάρτητος,
1232 2875 1296 2937 οὗ
1352 2882 1518 2946 τύπος
1553 2884 1582 2937 6
1618 2883 1959 2954 Ζοροϐάϐελ·

384 2968 495 3022 τῶν
554 2970 666 3043 γὰρ
737 2972 796 3023 ἐν
861 2971 1076 3042 σώματι
1099 2972 1226 3035 τοὺς
1285 2973 1614 3046 ἀσωμάτους
1671 2973 1966 3043 πολεμίους

386 3061 663 3117 νικώντων
720 3062 951 3132 ὑψοῦται
999 3065 1034 3135 ἡ
1084 3063 1335 3134 δύναμις,
1382 3066 1477 3119 καὶ
1528 3067 1554 3118 6
1612 3066 1828 3129 ἔπαινος
1874 3067 1966 3120 τοῦ

388 3158 649 3226 Χριστοῦ,
677 3158 771 3210 τοῦ
800 3156 1167 3226 δυναμοῦντος
1202 3159 1423 3222 αὐτούς.

2056 1869 2333 1940 stringam.
2364 1868 2717 1923 lnimicorum
2752 1870 2966 1925 scilicet
2990 1887 3184 1927 rursus
3205 1887 3292 1928 me
3315 1886 3642 1944 oppugnan-

2060 1960 2217 2013 tium.
3532 1952 3535 1954 ’

2132 2048 2197 2103 Ει
2221 2050 2546 2106 exaltabitur
2574 2067 2739 2107 cornu
2779 2051 2939 2121 justi.
2971 2051 3146 2108 Simul
3184 2068 3251 2108 ac
3291 2054 3504 2110 vicerit.
3544 2052 3637 2107 Ju-

2058 2143 2299 2198 darorum
2340 2144 2485 2198 enim
2520 2144 2758 2216 populus
2786 2155 2910 2214 post
2942 2145 3183 2202 reditum
3230 2162 3261 2201 e
3300 2146 3638 2214 captivitate,

2061 2239 2411 2308 insurgentes
2436 2238 2490 2293 iu
2517 2255 2576 2296 se
2600 2239 2809 2295 vicinas
2853 2249 3044 2309 gentes
3092 2238 3316 2294 devicit.
3377 2237 3441 2294 Et
3481 2239 3642 2293 Chri-

2063 2331 2226 2385 stiani
2254 2330 2421 2385 simili
2460 2330 2623 2385 modo
2646 2346 2710 2386 ex
2740 2330 3013 2384 idolorum
3046 2333 3306 2385 servitute
3332 2372 3347 2395 ,
3384 2331 3439 2385 in
3472 2331 3641 2385 liber-

2064 2430 2231 2477 tatem
2266 2422 2529 2485 restituti,
2574 2422 2884 2475 daemonum
2938 2421 3185 2475 omnium
3214 2422 3360 2475 vires
3397 2420 3645 2474 confrin-

2064 2521 2219 2585 gunt,
2252 2514 2343 2581 qui
2372 2512 2591 2569 interim
2619 2512 2672 2567 in
2702 2511 2940 2566 circuitu
2970 2511 3123 2566 orbis
3153 2520 3302 2575 sunt,
3334 2522 3648 2580 qumrentes

2064 2620 2223 2675 quem
2250 2604 2536 2668 devorent,
2558 2611 2613 2658 et
2637 2603 2806 2658 variis
2858 2618 2960 2658 nos
3018 2603 3422 2658 tentatianibus
3470 2602 3646 2672 impe-

2067 2705 2263 2753 teutes.
2291 2696 2391 2750 Per
2420 2696 2629 2765 justum
2666 2705 2871 2760 autem,
2901 2694 3049 2765 pimn
3082 2696 3383 2765 quemlibet
3433 2711 3498 2751 ac
3549 2713 3638 2752 re-

2066 2790 2320 2861 ligiosum
2353 2789 2531 2844 virum
2583 2787 2873 2858 intelligit,
2928 2788 3013 2841 vel
3058 2787 3243 2857 ipsum
3303 2787 3603 2843 Zorobabel
3632 2824 3649 2849 ,

2069 2881 2162 2951 qui
2197 2882 2453 2950 populum
2483 2897 2513 2935 e
2543 2880 2858 2950 captivitate
2894 2879 2947 2933 in
3004 2881 3235 2948 patriam
3273 2881 3513 2936 reduxit.
3551 2880 3652 2936 Ve-

2072 2990 2190 3030 rum
2225 2974 2398 3044 magis
2426 2975 2647 3044 proprie
2682 2976 2798 3042 ipse
2830 2972 3153 3043 intelligitur
3169 2971 3454 3038 Christus,
3478 2973 3649 3028 veluti

2072 3069 2166 3137 qui
2189 3069 2338 3122 omni
2372 3068 2554 3123 caruit
2581 3078 2842 3138 peccato;
2874 3068 3035 3134 cujus
3067 3067 3294 3137 ﬁguram
3337 3068 3510 3123 tenuit
3544 3066 3654 3123 Zo-

1996 3152 2037 3210 C
2073 3159 2318 3214 robahel.
2344 3158 2573 3225 Quoties
2609 3176 2738 3216 vero
2783 3160 2958 3216 fidelis
3002 3161 3273 3230 quispiam
3299 3169 3392 3215 aut
3425 3170 3656 3247 martyr.

389 3252 744 3320 incorporeas
767 3250 1074 3306 daemonum
1123 3252 1395 3320 potentias
1444 3252 1552 3308 sibi
1600 3253 1974 3318 adversantes,
2002 3260 2167 3323 atque
2192 3254 2549 3323 (insultantes
2596 3254 2855 3309 devicerit
2879 3260 2921 3321 ,ε
2951 3252 3152 3308 Christi
3204 3253 3446 3324 potentia
3482 3253 3657 3323 magis

387 3340 660 3394 exaltatur
720 3349 775 3393 et
813 3338 1034 3394 Chrism
1084 3340 1259 3410 major
1307 3342 1425 3396 laus
1492 3342 1766 3409 tribuitur,
1826 3346 1919 3413 qui
1952 3350 2133 3399 tantas
2162 3342 2212 3398 ei
2239 3343 2385 3400 vires
2411 3345 2664 3415 praestitit
2690 3356 2742 3401 et
2773 3345 2960 3400 robur.

389 3440 493 3503 Εις
517 3435 584 3490 τὸ
614 3434 790 3501 τέλος
827 3435 1074 3505 Ψαλμὸς
1121 3434 1200 3502 τῷ
1232 3438 1450 3507 Ἀσάφ.
1486 3438 1624 3509 ᾭδὴ
1655 3440 1805 3508 πρὸς
1861 3441 1969 3495 τὸν

1044 3530 1381 3597 Ἀσσύριον.

952 3622 1247 3676 ΨΑΛΜΟΣ
1301 3622 1420 3677 OE'.

459 3716 692 3786 Ετρηται
713 3716 845 3786 ἡμῖν
880 3715 1185 3787 καταρχὰς,
1218 3716 1300 3767 ὅτι
1334 3717 1393 3767 ὲν
1448 3716 1579 3776 ταῖς
1634 3717 1972 3786 ἐπιγραφαῖς

387 3809 497 3861 τῶν
528 3809 759 3878 ψαλμῶν
810 3809 869 3861 τὸ
894 3810 996 3874 Εις
1032 3807 1099 3861 τὸ
1139 3807 1317 3874 τέλος
1371 3807 1707 3877 προφητείαν
1761 3808 1913 3878 δηλοῖ
1955 3824 1968 3838 ·

392 3901 726 3971 παρεγγυῶν
762 3899 1098 3952 ἀποϐλέπειν
1126 3900 1206 3961 εἰς
1232 3898 1292 3952 τὸ
1345 3899 1496 3960 τέλος
1537 3899 1738 3955 αὐτῶν.
1773 3899 1975 3952 Λοιπὸν

391 3989 486 4048 οὖν
524 3991 808 4048 κάνταῦθα
833 3991 1173 4062 προφητείαν
1217 3992 1328 4063 (77)
1363 3991 1505 4045 κατὰ
1539 3992 1639 4060 μὲν
1678 3992 1973 4062 Ἐϐραίους

394 4091 491 4157 τῆς
527 4086 822 4157 συντριϐἦς
847 4085 958 4138 τῶν
990 4086 1135 4154 ἀμφὶ
1165 4084 1257 4137 τὸν
1289 4086 1641 4155 Σεναχηρεὶμ
1663 4124 1677 4150 ,
1731 4086 1872 4139 κατὰ
1917 4085 1973 4139 δὲ

394 4174 754 4249 Χριστιανοὺς
781 4177 889 4230 τῶν
916 4177 1059 4247 ἀμφὶ
1100 4176 1291 4246 νοητὸν
1323 4177 1694 4247 Σεναχηρεὶμ,
1732 4176 1853 4247 ἦτοι
1882 4178 1972 4229 τὸν

395 4272 642 4325 διάϐολον
669 4288 681 4300 ·
716 4271 812 4323 καὶ
842 4270 1020 4332 ἄλλως
1046 4271 1101 4324 δὲ
1130 4272 1235 4335 Είς
1261 4269 1329 4323 τὸ
1355 4269 1554 4337 τέλος,
1587 4270 1670 4323 ὅτι
1715 4270 1845 4340 περὶ
1876 4269 1969 4321 τοῦ

394 4364 585 4426 τέλους
613 4363 707 4416 τοῦ
743 4363 953 4433 κόσμου
982 4361 1364 4432 διαλαμϐάνει,
1394 4362 1572 4415 εῖτουν
1604 4363 1704 4429 τῆς
1748 4361 1974 4432 μελλού-

396 4475 493 4528 σης
522 4456 761 4527 κρίσεως
792 4475 810 4487 σ
844 4455 908 4508 ἐν
945 4453 1156 4522 ὕμνοις
1177 4454 1256 4519 δὲ,
1284 4455 1364 4507 ὅτι
1393 4454 1809 4526 εὐχαριστήριός
1827 4455 1974 4509 ἐστιν

2071 3439 2138 3494 In
2167 3439 2323 3509 ﬁnem
2366 3442 2420 3495 in
2449 3443 2657 3512 hymnis
2694 3440 2948 3496 Protinus
2992 3441 3096 3509 ipsi
3137 3442 3333 3511 Araplt.
3376 3441 3657 3500 Canticum

2660 3534 2729 3587 ad
2764 3534 3065 3604 Assyrium.

2566 3624 2891 3681 PSALMUS
2926 3624 3141 3683 LXXV.

2148 3718 2396 3773 Diximus
2448 3719 2503 3771 in
2557 3720 2821 3787 prommio
2868 3717 3075 3785 operis,
3135 3718 3281 3787 quod
3320 3717 3437 3773 haec
3489 3719 3659 3775 verba

2078 3808 2144 3862 In
2225 3811 2406 3877 ﬁnem,
2477 3823 2599 3878 qua:
2671 3808 2724 3861 in
2788 3809 3128 3876 psalmorum
3197 3808 3663 3879 inscriptionibus

2074 3903 2367 3966 habentur,
2405 3901 2652 3955 iudicant
2701 3898 2814 3954 illic
2863 3900 3214 3969 prophetiam
3247 3902 3519 3957 contineri
3558 3920 3573 3957 :
3606 3915 3663 3958 et

2071 3994 2328 4049 lectorem
2361 3993 2561 4063 jubent
2611 3992 2665 4046 in
2716 3992 2865 4047 illius
2907 3992 3069 4046 linem
3127 3992 3397 4063 aspicere.
3449 3996 3510 4048 In
3554 3993 3661 4050 hoc

2072 4088 2239 4157 igitur
2276 4087 2494 4156 psalmo
2541 4086 2676 4140 latet
2710 4085 3021 4155 prophetia,
3056 4100 3178 4156 qua:
3209 4086 3365 4156 juxta
3404 4086 3664 4143 Hebraeos

2070 4177 2464 4233 destruendam
2519 4192 2642 4232 esse
2695 4176 3031 4246 praedicebat
3086 4183 3415 4246 potestatem
3448 4176 3666 4230 Senna-

2078 4272 2269 4327 cherib
2301 4300 2316 4326 .-
2361 4281 2415 4327 et
2486 4270 2645 4341 juxta
2699 4269 3051 4327 Christianos
3111 4268 3505 4341 proﬂigandum
3559 4285 3664 4323 ano

2080 4367 2300 4418 nuntiat
2329 4363 2654 4429 daemonem,
2681 4379 2843 4434 quem
2900 4378 3003 4418 nos
3045 4359 3471 4416 intellectualem
3525 4360 3665 4413 Sen-

2082 4457 2343 4512 nacherib
2382 4472 2507 4513 vere
2550 4472 2846 4527 possumus
2879 4454 3174 4525 appellare.
3215 4453 3309 4507 Vel
3348 4453 3553 4506 aliter:
3594 4449 3665 4506 In

394 4553 422 4602 6
455 4548 668 4619 ψαλμδς
695 4548 791 4602 ἐπὶ
820 4550 885 4619 τῇ
911 4547 1020 4600 τῶν
1059 4546 1204 4600 κατὰ
1242 4546 1521 4617 πολεμίων
1578 4547 1726 4619 νίκῃ.
1763 4547 1896 4615 Περὶ
1919 4547 1964 4599 δὲ

2079 4548 2237 4616 ﬁnem
2274 4549 2397 4604 ideo
2433 4548 2761 4603 inscribitur
2790 4549 3056 4617 psalmus,
3092 4546 3220 4616 quia
3255 4545 3346 4600 hic
3389 4552 3664 4599 tractatur

396 4640 515 4693 τυῦ-
542 4640 742 4708 ’Δσάφ,
778 4638 859 4691 ἔτι
887 4638 943 4691 δὲ
984 4637 1193 4707 καὶτῆς
1222 4636 1388 4708 ᾠδῆς,
1408 4638 1978 4709 προπαραδεδώκαμεν

396 4734 452 4785 ἐν
484 4731 560 4801 τῷ
594 4730 872 4801 Προοιμίῳ
903 4733 1000 4799 τῆς
1034 4729 1218 4800 βίϐλου
1249 4730 1358 4781 τῶν
1395 4729 1661 4799 Ψαλμῶν.
1695 4728 1850 4797 Πρὸς
1871 4732 1977 4785 τὸν

410 4823 730 4890 Ἀσσύριον
759 4822 838 4888 δὲ,
870 4822 1015 4884 ἀντὶ,
1048 4821 1191 4891 Πρὸς
1214 4822 1280 4874 τά
1337 4821 1476 4875 κατὰ
1534 4822 1623 4875 τὸν
1691 4821 1977 4892 ’Λσσύριον

398 4913 769 4985 Σεναχηρείμ.
803 4913 950 4982 Ὅρα
987 4913 1048 4967 δέ
1071 4914 1156 4966 ὅτι
1186 4913 1245 4967 τὸ
1284 4912 1428 4966 θεῖον
1456 4913 1681 4984 Πνεῦμα
1711 4917 1778 4985 τῇ
1841 4916 1975 4968 ἰου-

397 5003 554 5074 δαῖκῇ
626 5005 839 5076 ἱστορίᾳ⁵
905 5003 1268 5078 Χριστιανικὲι
1303 5003 1553 5074 δόγματα
1610 5005 1979 5072 συνέπλεξεΨ

402 5096 476 5159 ὡς
509 5096 866 5167 ψυχαγωγεῖν
887 5100 986 5169 μὲν
1011 5099 1107 5152 καὶ
1146 5097 1238 5151 τὸν
1279 5097 1532 5169 Ἐϐραῖον
1571 5099 1846 5162 ταπεινῶς
1884 5101 1980 5152 ἐκ·

398 5187 687 5260 δεχόμενον
718 5190 786 5244 τὰ
821 5191 986 5262 ῥητὰ,
1019 5190 1334 5260 εὐφραίνειν
1366 5190 1422 5243 δὲ
1454 5191 1657 5262 μᾶλλον
1700 5192 1791 5243 τὸν
1852 5191 1983 5259 Χριο

401 5281 635 5344 στιανδν,
664 5280 886 5351 ὑψηλῶς
916 5279 1095 5333 ταῦτα
1124 5280 1377 5337 νοοῦντα.

2086 4638 2152 4693 de
2179 4640 2364 4692 mundi
2408 4654 2475 4694 ac
2519 4640 2688 4694 futuri
2738 4638 2930 4709 iudicii
2971 4637 3097 4691 line.
3146 4635 3212 4689 In
3265 4635 3473 4705 hymnis
3511 4649 3661 4699 vero,

2087 4731 2212 4801 quia
2260 4733 2560 4801 gratiarum
2629 4733 2878 4787 actiones
2939 4731 3216 4793 continet,
3276 4744 3375 4798 pro
3437 4729 3665 4783 obtenta

2091 4824 2339 4878 victoria.
2375 4825 2447 4882 lle
2482 4823 2667 4894 Asaph
2701 4832 2757 4877 et
2787 4823 3006 4879 cantico
3038 4823 3283 4879 diximus
3310 4822 3362 4875 in
3390 4819 3667 4874 Prommio

2086 4917 2289 4984 operis.
2350 4917 2432 4969 Ad
2482 4916 2766 4986 Assyrium
2822 4929 2951 4969 vero
2987 4955 3002 4981 ,
3068 4914 3199 4984 quia
3282 4908 3668 4967 Scnnacherib

2083 5008 2341 5078 Assyrius
2373 5015 2511 5065 erat.
2537 5007 2618 5061 Ad
2654 4999 2807 5061 illum
2832 5007 2976 5062 enim
3014 5006 3182 5060 multa
3211 5006 3506 5076 pertinent,
3535 5016 3666 5071 quae

2084 5097 2137 5153 in
2177 5100 2431 5169 praesenti
2466 5099 2676 5169 patilino
2711 5100 3011 5153 habentur.
3041 5097 3123 5152 Tu
3163 5111 3289 5152 vero
3349 5093 3485 5148 illud
3531 5108 3667 5145 con-

2082 5191 2288 5255 sidera,
2345 5207 2455 5261 quo
2508 5202 2671 5261 pacto
2729 5199 2958 5247 sanctus
3027 5188 3266 5259 Spiritus
3324 5184 3489 5240 simul
3534 5196 3665 5236 cum

2082 5280 2313 5337 Juilaica
2349 5282 2580 5339 historia
2611 5281 2926 5339 Christiana
2952 5280 3207 5349 dogmata
3231 5272 3665 5343 complicaverit,

400 5380 458 5424 ut
486 5381 538 5426 et
566 5370 771 5426 Judaeis
796 5375 1040 5428 solamen
1074 5381 1319 5443 praestet,
1357 5375 1450 5443 qui
1525 5374 1764 5429 humiles
1830 5383 2041 5435 tantmn
2086 5389 2289 5430 sensus
2342 5384 2680 5445 sequuntur,
2735 5383 2790 5431 et
2848 5372 3221 5430 Christianum
3268 5367 3435 5424 etiam
3488 5365 3665 5435 magis

300 5502 305 5504 τ
398 5464 649 5532 ὶιειίίὶεοι,
679 5466 745 5520 ad
777 5464 1128 5537 sublimiores
1158 5466 1475 5523 tendentem
1500 5482 1563 5521 ac
1591 5475 1967 5537 penetrantem
2010 5470 2534 5541 contemplationes.

1696 5631 1890 5695 Varia;
1929 5633 2255 5697 lectiones.

465 5756 578 5827 (TI)
611 5754 766 5809 Deest
808 5754 1058 5817 verbum,
1105 5765 1230 5826 puta
1266 5757 1373 5809 νόει
1414 5770 1503 5810 aut
1546 5757 1746 5813 simile.
