4082 6230
337 251 443 315 773

1495 250 1887 331 COMMENT.
1929 256 2010 316 ΙΝ
2039 256 2400 319 PSALMOS.

3492 260 3601 323 ΤΗ

334 363 433 417 καί
457 361 787 432 ῥομφαίαν,
818 361 913 415 καί
954 361 1242 431 πόλεμον.
1281 361 1592 433 Ἰστορικῶς
1653 365 1750 434 μὲν
1789 370 1918 436 περί

2032 370 2277 436 ﬂat-lium,
2310 379 2360 423 et
2408 367 2624 423 bellum.
2661 365 2828 422 Juxta
2881 367 3161 423 historiam
3215 369 3318 424 hoc
3367 373 3604 441 pertinet

334 459 434 526 τῆς
459 454 735 518 ἀπωλείας
761 454 870 507 τῶν
913 455 1215 526 Ἀσσυρίων
1266 454 1460 507 ταῦτα.
1504 457 1656 509 Ἐκεῖ
1680 457 1781 527 μὲν
1801 459 1923 511 ἀνιὶ

334 550 454 616 τοῦ,
488 551 546 603 ὲν
575 547 716 601 Σιών
742 565 754 579 ο
795 547 1124 616 Συνέτριψε
1173 547 1251 611 δὲ,
1290 547 1411 599 ἀντὶ
1439 548 1533 600 τοῦ
1586 550 1923 619 Κατήργησε

335 646 437 710 τὰς
471 644 732 713 δυνάμεις
756 642 864 694 τῶν
895 642 1064 708 τόξων
1090 657 1103 671 ο
1124 641 1289 694 ὅπλον
1321 642 1378 693 δὲ
1434 642 1591 694 καλεί
1620 640 1714 693 νῦν
1770 643 1828 695 οὐ
1864 644 1924 695 τὸ

337 738 697 808 ἀμυντήριον,
749 733 887 788 ἀλλά
937 733 996 786 τὸ
1025 732 1423 803 φυλακτήριον,
1478 728 1593 785 οἷον
1665 731 1920 804 Θώρακα,

337 832 433 885 καὶ
478 830 533 884 εἴ
583 847 638 882 τι
664 826 906 881 τοιοῦτον
932 844 944 856 ·
994 826 1056 891 ἐξ
1104 820 1164 880 οὗ
1208 827 1301 879 καὶ
1343 826 1590 893 ὁπλίτης,
1629 828 1656 879 6
1690 827 1925 894 τεθωρα-

338 922 622 992 κισμένος,
645 919 782 991 πρὸς
843 918 1256 988 ἀντιδιαστολὴν
1299 917 1392 970 τοῦ
1424 914 1582 987 ψιλοῦ
1605 937 1617 947 ·
1676 917 1923 988 ῥομφαία

338 1013 711 1085 δὲὴσπάθη·
768 1010 865 1063 καὶ
903 1009 1171 1081 προέταξε
1231 1009 1330 1079 μὲν
1381 1009 1449 1061 τά
1494 1007 1646 1074 τόξα,
1709 1010 1793 1062 ὅτι
1862 1009 1923 1061 τὸ

341 1106 527 1158 πλεῖον
558 1105 614 1157 ὲν
641 1102 819 1170 τόξοις
854 1101 1122 1173 ἐκράτουν
1161 1102 1207 1153 oi
1285 1100 1584 1170 Ἀσσύριοι.
1650 1096 1781 1154 Εἶτα
1835 1099 1923 1152 διὰ

346 1195 443 1264 μὲν
471 1191 563 1246 τοῦ
587 1192 753 1244 ὅπλου
795 1191 905 1243 πᾶν
923 1190 1293 1260 φυλακτήριον
1316 1189 1571 1258 ὲνέιρηνε,
1603 1188 1699 1242 διὰ
1738 1186 1795 1241 δὲ
1825 1188 1922 1256 τῆς

345 1285 625 1355 ῥομφαίας
667 1284 777 1335 πᾶν
806 1282 1167 1353 ἀμυντήριον.
1197 1280 1527 1351 Τελευταῖον
1563 1281 1621 1333 δὲ
1674 1281 1923 1350 ἐπήγαγε

342 1380 436 1432 καὶ
465 1377 558 1428 τὸν
589 1374 827 1445 πόλεμον
856 1374 1044 1437 αὐτὸν,
1079 1373 1220 1427 δι’ὃν
1242 1374 1439 1435 ταῦτα,
1489 1375 1583 1425 καὶ
1636 1366 1697 1425 οὗ
1751 1372 1921 1442 σκεύη

347 1467 524 1522 ταῦτα
567 1466 665 1520 καὶ
696 1464 927 1536 ὄργανα.
956 1462 1345 1530 Ἀναγωγικῶς
1400 1462 1455 1515 δὲ
1516 1462 1648 1525 τόξα
1707 1461 1807 1532 μὲν
1868 1461 1926 1513 αἱ

344 1557 622 1628 μεθοδεῖαι
697 1555 793 1608 καὶ
862 1555 1108 1625 μηχαναὶ
1176 1552 1287 1606 τῶν
1355 1551 1648 1621 δαιμόνων,
1712 1550 1807 1618 ἀφ’
1850 1544 1926 1604 ὧν

340 1651 595 1719 ἀφίενται
628 1647 757 1718 βέλη
793 1646 986 1700 παθῶν
1026 1644 1407 1715 πεπυρωμένα
1432 1658 1447 1672 ⁶
1481 1643 1647 1697 ὅπλον
1704 1641 1767 1695 δὲ
1820 1659 1924 1710 φυ-

2025 464 2091 517 ad
2125 462 2476 533 Assyriorum
2509 460 2963 524 destructionem,
3021 463 3130 515 illic
3176 466 3320 517 ettim
3369 466 3424 519 iu
3468 465 3603 525 Sion

2029 550 2169 605 Dens
2201 565 2428 605 arcuum
2462 550 2607 606 vires
2635 551 2918 615 contrivit,
2954 553 3055 605 hoc
3099 562 3204 616 est,
3237 552 3505 620 dissolvit,
3551 563 3608 609 ct

2028 642 2221 696 inanes
2277 641 2540 698 reddidit.
2597 644 2695 697 Per
2753 641 2923 696 telum
2992 652 3175 697 autem
3220 644 3344 713 (pro
3384 661 3496 713 quo
3550 646 3606 700 in

2026 728 2211 787 Graeca
2242 732 2498 797 lectione,
2535 732 2700 787 ὅπλον
2746 732 2999 803 legimus)
3035 749 3141 787 non
3189 733 3453 789 otl'ensiva
3505 736 3609 790 hoe

2027 822 2080 876 in
2115 823 2236 878 loco
2266 837 2416 876 arma
2443 822 2670 893 intelligi
2700 823 2925 883 debent,
2964 826 3059 878 sed
3097 823 3405 888 defensiva,
3441 825 3608 878 veluti

2025 914 2336 980 thoracem,
2400 923 2495 967 aut
2547 912 2696 968 aliud
2755 914 2883 984 quid
2956 913 3184 969 simile:
3247 912 3391 969 unde
3464 913 3614 983 apud

2025 1004 2249 1061 Graecos
2305 1006 2530 1061 militem
2565 1006 2792 1061 thorace
2844 1015 3137 1072 armatum,
3168 1006 3395 1078 ὁπλίτην
3427 1010 3614 1079 appel-

2026 1099 2251 1166 labant,
2308 1098 2376 1152 ad
2435 1114 2624 1154 eorum
2693 1100 2926 1153 militum
2994 1100 3453 1165 distinctionem,
3509 1101 3609 1171 qtti

2028 1191 2342 1260 hujusmodi
2370 1193 2632 1247 carebant
2658 1201 2962 1257 armatura,
3000 1210 3249 1264 quosque
3277 1193 3490 1263 ψιλοὺς,
3510 1200 3613 1250 hoc

2026 1283 2305 1336 cstnudos
2350 1283 2646 1338 vocabant.
2700 1286 2944 1338 Arcuum
2997 1274 3130 1340 vero
3178 1286 3472 1355 potentias,
3512 1302 3612 1342 seu

2029 1374 2196 1427 robur
2225 1373 2385 1439 dixit,
2410 1374 2538 1443 quia
2568 1377 2775 1445 Assyrii
2805 1389 2933 1428 arcu
2966 1375 3270 1445 plurimum
3294 1377 3612 1447 utebantur,

2026 1475 2189 1535 atque
2244 1467 2299 1521 in
2349 1483 2413 1522 co
2477 1482 2755 1522 annorum
2804 1484 3004 1540 genere
3070 1484 3201 1525 suas
3264 1471 3611 1540 potissimum

2027 1552 2171 1611 vires
2220 1558 2588 1614 collocabant.
2667 1557 2772 1614 Per
2837 1561 3000 1614 telum
3067 1562 3258 1630 igitur,
3331 1561 3612 1618 defensiva

2027 1648 2235 1714 omnia,
2277 1659 2331 1704 et
2363 1665 2460 1718 per
2482 1666 2687 1715 arcum,
2721 1651 2985 1706 oll‘ensiva
3015 1655 3200 1706 omnia
3232 1666 3381 1706 arma
3437 1652 3611 1724 signi-

339 1743 636 1813 λακτήριον
662 1739 757 1793 τοῦ
792 1738 1043 1793 διαϐόλου
1081 1738 1116 1808 ή
1182 1734 1578 1807 παραχώρησις
1640 1735 1731 1788 τοῦ
1763 1735 1920 1798 Θεοῦ,

2032 1740 2231 1794 ﬁcavit.
2262 1740 2467 1796 Deinde
2500 1741 2681 1811 ipsum
2720 1742 2927 1796 addidit
2965 1743 3165 1818 bellum
3209 1752 3430 1813 propter
3462 1719 3614 1813 quod

338 1836 434 1895 καὶ
464 1835 498 1903 ἡ
534 1833 659 1886 καθ’
686 1831 845 1903 ήμῶν
866 1830 1087 1895 ἐξουσία
1109 1827 1204 1881 τοῦ
1237 1827 1461 1899 ἐχθροῦ.
1495 1828 1628 1881 Τότε
1658 1827 1766 1896 γὰρ
1800 1825 1924 1896 βαλ-

341 1927 564 1997 λόμενος
593 1927 725 1996 παρ’
752 1923 910 1994 ἡμῶν
935 1921 1036 1975 οὐκ
1066 1920 1389 1974 αἰσθάνεται
1416 1918 1703 1990 ’ῥομφαία
1732 1917 1788 1970 δὲ
1820 1919 1921 1970 a6-

343 2017 437 2070 τοῦ
472 2016 744 2088 τμητικὴ,
774 2015 869 2069 καὶ
893 2016 1001 2069 ἀπὸ
1027 2013 1161 2067 Θεοῦ
1191 2013 1473 2083 χωρισμὸς
1503 2011 1658 2082 ήμῶν
1688 2011 1775 2064 διά
1812 2013 1922 2063 τῶν

2033 1834 2286 1887 universa
2333 1848 2613 1887 armorum
2659 1849 2856 1903 genera
2908 1834 3102 1888 conﬁci
3164 1833 3363 1890 solent.
3415 1832 3608 1889 Omnia

2029 1925 2232 1980 etenim
2269 1938 2440 1988 arma,
2478 1924 2603 1979 belli
2655 1934 2781 1977 sunt
2826 1925 3218 1980 instrumenta.
3269 1924 3434 1979 Juxta
3470 1925 3613 1980 Ana-

2029 2030 2226 2083 gogen,
2255 2029 2350 2084 per
2383 2028 2569 2077 arcus,
2605 2013 2935 2069 artiﬁciosas
2969 2016 3275 2070 daemonum
3325 2016 3616 2072 machinas

343 2108 538 2163 παθῶν
593 2108 1017 2177 ἐπιγινόμενος·
1075 2105 1311 2173 πόλεμος
1334 2103 1389 2156 δὲ
1444 2102 1477 2173 ἡ
1524 2103 1693 2170 πάλη,
1744 2102 1777 2171 ἢ
1829 2104 1925 2155 καὶ

2032 2106 2382 2176 intelligimus
2416 2123 2430 2159 :
2475 2106 2622 2161 unde
2679 2106 2939 2161 ardentes
2975 2109 3274 2162 immittunt
3296 2110 3615 2178 passionum

343 2199 506 2263 αὐτὸς
538 2203 567 2253 6
598 2197 867 2259 διάϐολος.
902 2197 1113 2266 Ὥσπερ
1152 2196 1261 2265 γὰρ
1295 2193 1489 2264 εἰρήνη
1516 2194 1543 2246 6
1584 2192 1739 2255 Θεὸς.
1782 2191 1927 2245 οὕτω

2032 2197 2274 2268 sagittas.
2302 2197 2494 2254 Telum
2526 2206 2709 2253 autem
2740 2197 3027 2265 daemonis,
3056 2215 3163 2269 quo
3192 2215 3251 2255 se
3279 2201 3419 2255 tueri
3447 2203 3615 2268 solet,

343 2289 582 2360 πόλεμος
611 2291 639 2343 ὁ
664 2289 1049 2359 ἀντικείμενος
1076 2286 1289 2357 δαίμων
1315 2303 1328 2317 ⁸
1377 2286 1415 2339 ὃ.
1453 2286 1629 2339 πάντα
1652 2286 1927 2357 κατήργη-

2032 2302 2109 2344 est
2136 2291 2319 2345 divina
2364 2291 2677 2361 permissio,
2727 2308 2846 2360 qua}
2900 2292 3041 2347 vires
3088 2292 3137 2349 ei
3185 2293 3454 2350 adversus
3509 2309 3615 2350 nos

345 2398 436 2433 σεν
468 2382 497 2433 ό
526 2381 659 2445 Θεὸς
688 2382 748 2434 ἐν
765 2380 841 2451 τῷ
870 2379 1211 2453 εἰρηνεύοντι
1257 2378 1352 2431 καὶ
1380 2376 1927 2443 σκοπεύοντι,καθὼς

2032 2382 2434 2438 subministrat.
2471 2381 2547 2437 Ea
2584 2384 2785 2438 etenim
2818 2394 3196 2453 permanente,
3227 2387 3369 2441 ictus
3398 2392 3625 2443 nostros

346 2474 581 2544 εἴρηται,
2026 2472 2237 2525 daemon
2287 2473 2342 2526 in
2395 2487 2457 2527 se
2505 2473 2787 2528 immissos
2837 2488 2946 2527 non
3002 2475 3188 2529 sentit.
3244 2476 3395 2530 Illius
3449 2477 3614 2530 etiam

347 2566 584 2634 gladius,
613 2578 723 2635 quo
753 2563 998 2619 incidere
1043 2561 1204 2626 solet,
1237 2559 1511 2631 separatio
1557 2559 1645 2612 illa
1673 2567 1777 2625 est,
1809 2574 1918 2631 qua
1960 2577 2058 2632 per
2089 2563 2317 2617 :iti‘ectus
2383 2572 2437 2618 ct
2480 2566 2765 2635 passiones
2814 2577 3032 2623 nostras
3098 2582 3127 2620 a
3177 2565 3289 2623 Deo
3335 2569 3615 2640 disiungi-

349 2672 503 2723 mur;
554 2656 754 2710 bellum
805 2667 955 2718 vero,
1008 2667 1190 2722 pugna
1222 2650 1336 2717 illa,
1411 2656 1467 2703 et
1531 2647 1711 2717 lucta,
1778 2666 1883 2721 qua
1933 2651 2216 2708 nobiscum
2284 2663 2481 2719 certat,
2520 2656 2622 2717 vel.
2657 2670 2755 2727 per
2784 2657 3009 2724 bellum,
3046 2658 3162 2728 ipse
3190 2669 3372 2730 petest
3410 2665 3617 2719 daemor.

349 2752 680 2821 itttelligi.ut
710 2746 1169 2819 quemadmodum
1219 2742 1363 2799 Deus
1413 2756 1537 2812 pax,
1574 2744 1652 2797 ita
1686 2742 1898 2799 daemon
1943 2745 2146 2801 bellum
2210 2748 2541 2819 appelletur.
2592 2748 2719 2804 Haec
2803 2752 2989 2806 omnia
3043 2753 3209 2823 igitur
3258 2771 3411 2812 arma
3473 2757 3617 2815 Deus

348 2847 569 2912 delevit,
602 2859 667 2900 ac
690 2843 895 2917 fugavit
920 2842 975 2897 in
998 2856 1065 2897 eo
1100 2838 1345 2907 homine,
1389 2850 1553 2908 quem
1604 2835 1924 2894 exhibuisse
1954 2853 2015 2895 se
2066 2840 2360 2911 paciﬁcum
2410 2842 2794 2913 praediximus,
2873 2855 2927 2899 et
3007 2847 3377 2915 specv'ationi
3439 2848 3617 2903 inten-

351 2955 485 3000 tum.

421 3032 691 3097 Φωτίζεις
728 3030 810 3086 σὺ
843 3023 1205 3097 θαυμαστῶς
1226 3024 1346 3079 ἀπὸ
1401 3027 1586 3094 ὀρέων
1640 3026 1914 3079 αίωνίων.

2092 3022 2259 3078 Vsus.
2318 3022 2371 3077 5.
2422 3021 2707 3077 "luminas
2773 3034 2829 3076 tu
2889 3023 3209 3079 mirabiliter
3254 3040 3288 3077 α
3348 3027 3614 3081 montibus

354 3128 495 3197 Ὄρη
529 3126 731 3179 αἰώνια
759 3121 918 3175 καλεῖ
938 3119 1063 3180 τοὺς
1110 3116 1377 3188 οὐρανούς
1401 3131 1416 3147 ο
1441 3117 1542 3187 δρη
1584 3116 1681 3185 μὲν
1714 3115 1804 3169 διὰ
1869 3115 1927 3169 τὸ

2032 3118 2265 3170 internis.
2291 3117 2395 3169 Per
2429 3127 2651 3171 a’ternos
2685 3125 2887 3171 montes
2921 3118 3093 3173 etelos
3122 3118 3373 3188 intelligit
3407 3137 3423 3175 :
3466 3135 3609 3189 quos

354 3217 488 3288 ὕψος
516 3257 530 3280 ,
565 3214 760 3268 αἰώνια
795 3212 870 3265 δὲ.
906 3209 995 3263 διὰ
1028 3207 1088 3260 τὸ
1121 3207 1510 3276 διαρκέστερον
1561 3207 1656 3259 καὶ
1716 3223 1927 3277 μακρο-

2033 3215 2258 3277 propter
2311 3209 2657 3261 altitudinem
2724 3219 2938 3265 montes
3006 3220 3197 3276 vocat,
3265 3219 3320 3266 et
3383 3221 3620 3270 aeternos

350 3307 707 3383 χρονιώτερον
736 3304 836 3371 τῆς
864 3300 1074 3354 τούτων
1102 3298 1291 3361 οὐσίας
1322 3314 1334 3328 ·
1366 3297 1519 3366 λέγει
1557 3296 1613 3351 δὲ
1642 3297 1723 3350 ὄτι
1758 3297 1927 3368 φωτί-

2034 3306 2258 3368 propter
2306 3300 2623 3354 diuturnum
2674 3315 2861 3355 eorum
2914 3303 3301 3358 substantiam.
3335 3302 3619 3362 illuminas

352 3399 466 3462 ζεις
489 3396 632 3467 φωτὶ
661 3394 837 3466 χαρᾶς
888 3392 1011 3453 τοὺς
1042 3390 1100 3444 ὲν
1152 3389 1331 3441 σκότει
1380 3387 1587 3457 λύπης,
1633 3388 1728 3443 καὶ
1790 3390 1929 3458 φωτὶ

353 3490 688 3561 ἀντιλήψεως
711 3488 837 3549 τοὺς
894 3487 951 3538 ὲν
978 3482 1161 3536 σκότει
1192 3480 1575 3549 ἀπογνώσεως.

2033 3398 2212 3444 autem
2252 3391 2373 3445 luce
2407 3390 2641 3450 laetitire;
2689 3407 2785 3448 eos
2831 3408 2961 3450 vero
3007 3394 3108 3450 hac
3163 3397 3284 3452 luce
3314 3396 3620 3465 illuminas,

2033 3481 2132 3550 qui
2181 3481 2236 3536 in
2284 3484 2540 3539 mmroris
2580 3482 2815 3553 caligine
2844 3486 3183 3541 obtenebrati
3226 3498 3355 3543 sunt
3384 3504 3400 3543 :
3429 3506 3617 3559 quem-

354 3592 644 3646 admodum
682 3593 894 3647 contra,
944 3579 1233 3651 splendore
1283 3579 1493 3645 auxilii,
1546 3587 1711 3650 atque
1744 3580 1865 3649 Opis
1909 3588 2013 3632 tua:
2069 3593 2167 3634 eos
2218 3578 2384 3633 etiam
2435 3580 2702 3645 illustras,
2747 3580 2843 3650 qui
2911 3588 3048 3635 tetra
3119 3581 3323 3638 fuerint
3364 3590 3618 3656 despera-

354 3681 517 3736 tionis
545 3678 689 3732 nube
720 3672 1067 3731 circumdati.

437 3774 894 3845 Ἐταράχθησαν
927 3768 1151 3835 πάντες
1181 3769 1236 3821 σί
1266 3766 1553 3823 ἀσύνετοι
1586 3763 1659 3832 τῇ
1693 3764 1928 3832 καρδίᾳ.

353 3868 770 3940 ’Δναιρούμενοι
800 3861 1101 3932 ἀδοκήτως,
1152 3858 1541 3929 ἐταράττοντο.
1609 3856 1933 3923 Ἀσύνέτους

354 3963 412 4016 62-:
471 3962 669 4022 αὐτοὺς
693 3953 873 4017 εἶπεν,
904 3954 979 4017 ὼς
1009 3952 1333 4022 Θεομάχους.

433 4056 759 4106 Ὑπνωσαν
783 4048 982 4103 ὕπνον
1006 4044 1225 4109 αὐτῶν,
1267 4042 1365 4097 καί
1394 4043 1504 4111 οὐχ
1527 4037 1706 4111 εὖρον
1731 4040 1931 4096 οὐδέν.

358 4144 769 4217 Ἐκοιμήθησαν
800 4139 900 4210 μὲν
940 4139 1077 4207 μετὰ
1107 4136 1338 4190 ἐλπίδων
1372 4135 1621 4206 μεγάλων
1640 4135 1689 4187 οἱ
1716 4134 1932 4204 πολιορο

358 4237 584 4300 κοῦντες
612 4275 627 4300 ,
654 4235 752 4303 οὐχ
772 4225 931 4300 εὗρον
955 4228 1013 4282 δέ
1036 4245 1089 4280 τι
1118 4219 1193 4280 ὧν
1230 4225 1660 4297 προσεδόκησαν.
1687 4224 1841 4277 Ἐστι
1874 4223 1931 4276 δὲ

359 4328 457 4382 καὶ
507 4328 681 4387 ἄλλως
710 4324 886 4376 εἰπεῖν
920 4336 935 4351 ⁸
977 4320 1060 4372 ὅτι
1102 4318 1287 4383 κύκλῳ
1336 4318 1463 4381 τοὺς
1519 4314 1746 4387 ἐχθροὺς
1805 4315 1931 4386 βλέ-

2112 3762 2332 3816 Turbati
2360 3771 2484 3817 sunt
2510 3778 2686 3817 omnes
2714 3763 3011 3832 insipientes
3042 3763 3219 3821 corde.
3273 3764 3354 3819 0b
3396 3765 3619 3834 inexpe-

2035 3862 2245 3910 clatum
2272 3853 2550 3908 interitum
2608 3854 2809 3909 turbati
2857 3863 3006 3916 sunt,
3058 3855 3382 3925 insipientes
3430 3868 3616 3912 autem

2038 3962 2136 4004 eos
2167 3946 2425 4017 appellat,
2469 3954 2731 4018 tanquam
2776 3945 2886 4002 Deo
2919 3948 3263 4004 resistentes.

2111 4037 2349 4095 Vsasﬁ.
2382 4037 2727 4092 Dormierunt
2763 4055 3004 4093 somnum
3027 4054 3203 4105 suum,
3240 4049 3290 4094 et
3323 4039 3617 4096 iii/tiliam.

2039 4145 2250 4190 nerunt.
2286 4135 2493 4206 Assyrii
2524 4133 2725 4190 milites
2755 4135 2845 4204 qui
2887 4132 3235 4197 obsidebant,
3276 4133 3618 4189 dormierunt

2041 4240 2258 4281 summa
2288 4241 2413 4281 cum
2463 4241 2583 4296 spe,
2630 4240 2816 4280 verum
2868 4224 3002 4279 nihil
3051 4239 3240 4279 eorum
3293 4225 3619 4280 invenerunt

2040 4332 2161 4386 quae
2188 4318 2600 4387 exspectabant.
2645 4316 2946 4373 Possumus
2975 4326 3029 4373 et
3058 4316 3216 4372 aliter
3238 4318 3443 4382 dicere,
3472 4320 3618 4387 quod

362 4431 557 4479 σοντες
595 4417 643 4468 oi
684 4409 1162 4481 πολιορκούμενοι,
1224 4408 1319 4461 καὶ
1381 4406 1457 4477 μὴ
1513 4405 1785 4466 συνιέντες
1836 4404 1927 4458 τοῦ

2038 4406 2210 4463 Judaei
2240 4386 2331 4478 qui
2357 4409 2566 4464 obsessi
2604 4418 2762 4462 erant
2799 4409 3002 4465 turbati
3046 4420 3198 4475 sunt,
3233 4413 3359 4466 dum
3406 4386 3618 4481 aspice-

361 4511 497 4563 Θεοῦ
522 4509 622 4581 τὴν
646 4506 895 4575 δύναμιν,
930 4501 1332 4573 ἐταράχθησαν.
1377 4497 1549 4552 Τοῦτο
1610 4498 1717 4569 γὰρ
1765 4497 1857 4551 καὶ
1903 4500 1937 4568 ἡ

366 4605 581 4675 ἱστορία
641 4601 929 4656 δ.δὰσκει’
1003 4591 1125 4648 εἷτα
1175 4591 1551 4665 ἐκοιμήθησαν
1621 4592 1680 4646 ἐν
1764 4591 1939 4645 ἐλπίδι

363 4694 618 4756 ἁλώσεως
640 4706 655 4719 ’
695 4691 789 4744 καὶ
816 4688 876 4741 τὸ
904 4684 1049 4757 πρωϊ
1080 4685 1180 4754 ούχ
1207 4677 1386 4755 εὖρον,
1410 4677 1483 4736 ὧν
1515 4683 1775 4754 ἤλπισαν,
1818 4681 1940 4734 οὑδὲ

362 4785 628 4854 πολέμιον
654 4822 669 4847 ,
693 4780 888 4854 ὲκατζιν
926 4777 1261 4847 ὀγδοήκοντα
1290 4774 1452 4827 πέντε
1487 4773 1742 4843 χιλιάδων
1780 4774 1937 4825 ἀναις

366 4851 631 4947 ρεθεισῶν
654 4851 842 4942 ἐκείνη
873 4871 938 4940 τῇ
972 4867 1152 4923 νυκτί.
1178 4864 1291 4937 (79)
1352 4864 1427 4918 T6
1454 4865 1532 4929 δὲ,
1590 4863 1670 4933 Τῇ
1698 4864 1933 4933 καρδίᾳ,

363 4966 630 5038 παρέλκει
659 4965 734 5028 ὡς
765 4961 1079 5032 ίδίωμα.Ἦ
1130 4958 1227 5013 καὶ
1293 4955 1606 5010 ὲπιτατικόν
1656 4958 1774 5010 ἐστι
1833 4955 1935 5026 τῆς

366 5057 679 5119 ἀσυνεσίας.

366 5151 551 5208 occisa
617 5150 842 5205 fuerint.
905 5146 1083 5203 Dictio
1139 5155 1353 5209 autem,
1417 5142 1608 5205 corde,

352 5244 731 5297 intensionem
762 5238 1055 5309 signiﬁcat.

440 5335 670 5399 Πάντες
698 5335 754 5387 oi
800 5331 1016 5399 ἄνδρες
1074 5331 1177 5385 τοῦ
1225 5330 1493 5385 πλούτου
1527 5330 1652 5397 ταῖς
1719 5333 1935 5400 χερσὶν

366 5425 587 5481 αὐτῶν.
616 5454 685 5464 —-
714 5426 780 5477 Οί
809 5423 1024 5489 ἄνδρες
1054 5423 1161 5476 τοῦ
1192 5422 1483 5483 πλούτου,
1534 5422 1653 5473 ἀντὶ
1713 5424 1806 5476 τοῦ
1828 5464 1844 5485 ,
1876 5424 1937 5477 Οἱ

1682 5140 1933 5198 llebraici
1977 5141 2256 5200 idiomatis
2287 5161 2436 5202 more
2466 5147 2712 5204 abundat

2038 4511 2160 4556 rent
2196 4501 2446 4556 inimicos
2487 4503 2542 4555 in
2591 4501 2846 4568 circuitu,
2876 4511 2929 4557 et
2971 4502 3184 4558 divinas
3214 4505 3357 4558 vires
3396 4503 3616 4569 ignora-

2038 4602 2183 4659 rent,
2210 4596 2465 4664 quodque
2495 4595 2624 4649 dum
2660 4594 2907 4662 captivos
2956 4610 3016 4650 se
3046 4594 3210 4664 paulo
3246 4605 3369 4665 post
3402 4595 3620 4651 futuros

2038 4701 2161 4740 esse
2190 4687 2615 4751 arbitrarentur,
2653 4695 2710 4742 ut
2756 4686 2876 4756 ipsa
2925 4687 3083 4742 docet
3130 4686 3378 4752 historia,
3424 4702 3620 4744 somno

2039 4780 2270 4849 correpti
2302 4781 2662 4846 dormierunt,
2695 4787 2751 4836 et
2785 4796 2945 4835 mane
2976 4781 3364 4852 expergefacti.
3394 4796 3460 4836 ea
3504 4797 3615 4837 non

2038 4868 2292 4924 viderunt
2360 4885 2482 4939 quae
2559 4869 2674 4925 ﬁeri
2740 4871 3057 4927 timuerant.
3119 4869 3374 4938 Quinimo
3441 4888 3619 4944 nequc

2040 4961 2217 5026 ipsum
2271 4961 2435 5015 etiam
2492 4962 2819 5018 invenerunt
2892 4964 3207 5031 inimicum,
3279 4980 3405 5020 cum
3464 4966 3619 5020 unica

2044 5061 2205 5107 nocte
2251 5053 2317 5107 ad
2373 5063 2593 5108 centum
2656 5065 2710 5110 et
2770 5057 3047 5127 octoginta
3129 5057 3296 5112 millia
3373 5057 3616 5112 hostium

2771 5150 2908 5206 :vel
2966 5150 3225 5220 majorem
3295 5148 3617 5219 insipientia:

2118 5328 2309 5385 Omnes
2358 5331 2457 5385 viri
2496 5332 2798 5386 divitiarum
2836 5334 2889 5387 in
2941 5332 3182 5387 manibus
3229 5344 3430 5385 eorum.
3456 5327 3621 5384 Viros

2047 5425 2357 5479 divitiarum
2412 5426 2563 5491 dicit,
2599 5441 2695 5494 pro
2726 5428 2862 5482 viros
2904 5425 3111 5490 divites,
3152 5422 3615 5495 quemadmodum

1685 5599 1887 5663 Variae
1927 5600 2254 5663 lectiones.

444 5704 558 5779 (i9)
596 5702 721 5757 Haec
760 5712 868 5753 non
892 5698 957 5753 ad
990 5711 1310 5770 praesentem
1342 5700 1694 5777 versiculum,
1728 5702 1822 5759 sed
1869 5704 1936 5758 ad
1979 5706 2314 5768 superiorem
2345 5706 2644 5764 pertinent.
