4082 6230
356 261 463 322 785

1524 264 1918 325 COMMENT.
1967 263 2048 322 ΙΝ
2088 261 2446 321 PSALMOS.

3517 256 3626 321 786

428 373 783 439 Ἓλυτρώσω
816 374 887 427 ἐν
918 372 998 439 τῷ
1023 374 1312 445 βραχίονί
1333 389 1449 430 σου
1486 375 1594 429 τὸν
1625 376 1780 430 λαόν
1800 392 1937 429 σου.
1972 426 1977 435 ,

2122 370 2415 423 Redemiin
2482 372 2536 423 in
2601 368 2816 422 brae/tio
2867 379 2955 421 tuo
3010 368 3259 437 populum
3313 377 3483 423 luunt.
3527 369 3632 424 Per

355 465 629 536 Βραχίονα
659 467 759 536 τὴν
781 465 1013 538 δύναμιν
1047 467 1334 533 ὀνομάζει.

436 642 587 710 Τοὺς
643 644 814 711 υἱοὺς
870 645 1083 700 Ἰακὼϐ
1117 646 1218 700 καὶ
1272 645 1516 716 Ἰωσήφ.
1583 645 1723 709 Τοὺς
1794 642 1945 705 υἱοὺς

360 738 452 791 τὸν
481 736 612 790 λαὸν
630 734 753 791 εἷπε
778 754 793 768 ο
824 737 920 792 τοῦ
956 739 1056 808 μὲν
1087 739 1306 804 Ἰακὼϐ,
1338 737 1414 803 ὡς
1437 737 1705 810 προγόνου
1736 736 1864 790 ’τοῦ
1888 735 1946 789 δὲ

376 829 600 900 Ἰωσὴφ,
626 830 704 892 ὡς
730 830 981 902 τροφέως
1006 830 1107 885 καὶ
1132 832 1456 903 εὐεργέτου’
1481 831 1574 884 καὶ
1592 828 1751 901 δόξης
1780 827 1947 882 αὐτοῦ

362 920 539 975 αἰτίου
559 921 646 975 διὰ
683 922 781 994 τὴν
810 922 1008 991 σοφίαν
1039 925 1133 977 καὶ
1161 924 1514 981 δυναστείαν.

2046 458 2338 514 brachium
2389 460 2510 525 Dei,
2557 459 2775 515 divinas
2806 460 2975 521 vires,
3030 474 3126 513 seu
3180 458 3276 513 Dei
3324 459 3626 528 potentiam

2033 552 2331 623 .intelligit.

2121 644 2294 701 Filios
2314 645 2481 701 Iacob
2495 657 2545 701 et
2561 646 2776 716 Joseplt.
2794 645 2977 717 ipsum
2996 642 3199 714 inquit,
3216 641 3471 714 populum
3495 640 3631 713 (8‘2),

2050 754 2212 809 quem
2251 749 2304 793 et
2329 738 2504 795 Jacob
2532 739 2702 794 lilium
2742 739 2898 806 dicit,
2936 754 3004 794 eo
3038 737 3188 809 quod
3212 751 3409 791 omnes
3454 736 3636 792 tribus

2051 831 2461 903 progenitorem
2486 833 2639 887 illum
2667 832 2961 898 haberent,
2995 831 3162 886 veluti
3189 828 3637 901 patriarcharum

2055 926 2302 978 omnium
2336 942 2571 995 patrem,
2606 935 2660 982 et
2685 926 2853 980 lilium
2880 924 3109 997 Joseph,
3130 939 3197 980 eo
3229 922 3376 994 quod
3409 920 3638 993 Joseph,

365 1018 494 1070 dum
534 1034 729 1074 omnes
759 1021 1131 1090 patriarchas,
1188 1029 1243 1077 ct
1293 1023 1612 1076 universum
1677 1018 1940 1090 populqu
1984 1016 2139 1085 aluit,
2165 1023 2342 1090 patris
2367 1021 2605 1076 cilicium
2638 1022 2923 1092 praestitit.
2961 1020 3198 1076 Maxima
3269 1021 3435 1091 igitur
3509 1025 3643 1074 sunt

368 1114 535 1182 huius
563 1116 893 1185 patriarcha:
916 1117 1182 1173 beneficia
1225 1118 1279 1173 in
1310 1119 1631 1174 universum
1653 1116 1939 1187 populum,
1983 1112 2144 1183 cujus
2176 1116 2343 1170 etiam
2382 1118 2550 1179 vires.
2582 1127 2635 1174 et
2658 1118 2932 1189 sapientia
2999 1116 3371 1172 immortalem
3437 1114 3641 1186 populo

367 1213 598 1282 gloriam
629 1223 982 1282 pepererunt.

438 1307 709 1361 Ετὸοσάν
739 1320 815 1359 σε
856 1306 1070 1371 ὕδατα,
1110 1311 1143 1361 ὀ
1168 1307 1335 1373 Θεὸς,
1380 1306 1634 1369 είδοσάν
1657 1322 1729 1360 σε
1764 1306 1955 1361 ὕδατα

366 1397 463 1451 καί
500 1396 916 1467 ἐφοϐήθησαν.
956 1399 1092 1470 Περὶ
1119 1398 1213 1452 τοῦ
1243 1404 1303 1451 ὲν
1342 1398 1591 1470 Ἐρυθρᾷ
1616 1397 1899 1469 θαύματος
1928 1400 1957 1450 ὀ

365 1487 559 1556 λόγος’
621 1484 777 1543 Εἶδὸν
806 1506 889 1554 σε,
965 1492 1157 1561 φησὶν,
1199 1492 1459 1563 ἀρρήτως
1502 1492 1598 1545 καὶ
1643 1492 1957 1562 φοϐηθέντα

366 1584 679 1653 διέστησαν.
742 1584 1079 1655 Προδιὼδευε
1125 1585 1237 1657 γὰρ
1294 1585 1391 1640 τοῦ
1459 1586 1645 1641 λαοῦὸ
1685 1588 1844 1650 Θεὸς,
1899 1588 1957 1639 ὲν

370 1676 552 1746 στύλῳ
583 1676 758 1744 πυρὸς
788 1679 882 1731 καὶ
908 1678 1170 1750 νεφέλης.

453 1769 906 1839 Ἐταράχθησαν
933 1773 1215 1829 ἄϐυσσοι.
1246 1773 1339 1844 Τῷ
1364 1776 1663 1846 ἐμπεσόντι
1685 1778 1800 1840 τοῖς
1832 1776 1958 1830 ὓδα-

373 1875 458 1914 σιν
484 1860 677 1931 ἀνέμῳ
709 1862 1098 1933 ἐταράχθησαν
1128 1867 1197 1919 τὰ
1228 1865 1368 1937 βάθη
1394 1867 1494 1937 τῆς
1521 1867 1801 1938 θαλάσσης

448 2040 693 2107 Πλῆθος
710 2041 900 2110 ἤχους
925 2043 1184 2099 ὑδάτων.
1219 2045 1432 2116 Πλῆθος
1475 2047 1667 2116 γέγονε
1689 2049 1834 2112 τότε,
1866 2048 1962 2102 τοῦ

374 2127 544 2199 ἤχους
571 2133 682 2186 τῶν
716 2134 951 2198 ὑδάτων,
985 2137 1268 2190 τουτέστιν
1287 2138 1458 2203 πολὺς
1487 2134 1643 2210 ἦχος.

448 2309 666 2376 Φωνὴν
692 2309 925 2364 ἔδωκαν
942 2315 1001 2367 αἱ
1027 2313 1298 2383 νεφέλαι.
1330 2315 1490 2387 Φωνὴ
1536 2316 1648 2369 τῶν
1700 2319 1966 2387 νεφελῶν,

381 2399 416 2469 ἡ
451 2397 676 2469 βροντή-

457 2494 565 2546 Kal
598 2493 709 2561 γὰρ
748 2495 820 2549 τὰ
840 2494 1004 2563 ,βέλη
1027 2513 1146 2552 σου
1179 2498 1658 2567 διαπορεύονται.
1709 2504 1880 2572 Φησὶν
1934 2506 1967 2574 ὴ

382 2584 617 2653 ἱστορία,
646 2587 729 2639 ὅτι
767 2588 922 2640 νότου
956 2588 1135 2657 βιαίου
1170 2591 1506 2657 πνεύσαντος
1533 2595 1765 2667 διῃρέθη
1805 2599 1836 2666 ἡ
1873 2597 1970 2652 θά-

382 2672 584 2727 λασσα.
614 2675 778 2729 Ὅθεν
823 2679 1148 2747 καταιγίδος
1212 2684 1535 2754 γενομένης,
1588 2686 1820 2756 βροντὰς
1876 2691 1970 2743 καὶ

385 2766 679 2838 ἀστραπὰς
713 2770 862 2835 εἰκὸς
894 2772 1156 2827 ἐκπεσεῖν
1184 2777 1265 2840 εἰς
1307 2778 1652 2848 κατάπληξιν
1710 2780 1819 2833 τῶν
1872 2784 1968 2836 Αί-

386 2859 668 2923 γυπτίων·
712 2862 806 2915 καὶ
841 2863 1029 2917 λοιπὸν
1063 2866 1195 2937 βέλη
1257 2869 1358 2932 τὰς
1412 2871 1699 2939 ἀστραπὰς
1755 2873 1969 2943 νοήσεις

387 2950 857 3024 διαπορευομένας
891 2957 1034 3010 κατὰ
1052 2958 1160 3011 τῶν
1213 2959 1451 3030 ἐχθρῶν.
1500 2961 1573 3013 Τὸ
1604 2963 1788 3031 μέντοι
1844 2966 1974 3018 Δια-

2126 1300 2296 1357 Veus.
2334 1303 2420 1359 l6.
2460 1302 2714 1357 Viderunt
2752 1311 2801 1355 te
2839 1318 3011 1371 aqum,
3064 1284 3229 1365 Deus,
3290 1298 3538 1352 viderunt
3592 1304 3643 1350 te

2053 1412 2226 1466 aqua’,
2267 1405 2315 1450 et
2356 1395 2670 1449 timuerunt.
2705 1393 2901 1450 Sermo
2930 1403 3015 1450 est
3040 1392 3217 1449 dehis
3244 1407 3367 1463 quae
3400 1392 3457 1445 in
3502 1390 3653 1445 mari

2053 1488 2243 1544 Rubro
2272 1487 2414 1543 facta
2443 1495 2595 1543 sunt.
2630 1485 2888 1542 Viderunt
2920 1494 2988 1552 te,
3021 1484 3229 1554 inquit,
3269 1500 3442 1553 aquaz,
3473 1490 3528 1539 et
3574 1482 3646 1538 ob

2058 1583 2313 1637 timorem
2348 1580 2541 1636 divisa:
2569 1589 2722 1636 sunt.
2758 1579 2995 1634 Pracibat
3022 1579 3170 1634 enim
3203 1574 3352 1631 Deus
3386 1584 3515 1630 ante
3548 1590 3646 1645 ρο·

1988 1701 2032 1760 Β
2061 1675 2247 1746 pnlnm
2277 1675 2331 1728 in
2361 1675 2615 1729 columna
2644 1673 2812 1744 ignis,
2843 1681 2897 1727 et
2928 1671 3115 1726 nubis.

2133 1767 2383 1822 Turbata:
2417 1777 2542 1823 sunt
2581 1767 2784 1837 abyssi.
2853 1764 3159 1827 Profunda,
3242 1761 3445 1831 inquit,
3474 1759 3645 1814 maris

2062 1861 2391 1915 conturbata
2442 1868 2570 1931 sunt
2606 1874 2633 1913 a
2702 1866 2866 1913 vento
2922 1856 3016 1923 qni
3072 1856 3128 1910 in
3182 1869 3356 1925 aquas
3382 1854 3645 1923 impetum

2065 1951 2294 2007 fecerat.

2139 2043 2302 2098 Vens.
2338 2043 2426 2097 17.
2458 2040 2754 2096 Multitudo
2795 2042 2935 2096 vocis
2963 2054 3247 2111 aquarum.
3277 2038 3571 2093 Multitudo
3596 2048 3653 2103 et

2068 2137 2226 2206 copia
2270 2147 2405 2192 tunc
2432 2150 2630 2206 magna
2670 2134 2775 2189 fuit
2823 2133 2978 2190 vocis
3038 2147 3331 2204 aquarum,
3382 2132 3485 2187 hoc
3547 2142 3652 2197 est,

2071 2228 2278 2283 multus
2309 2227 2526 2282 sonitus
2553 2240 2850 2296 aquarum.

2156 2320 2340 2375 Vocem
2390 2319 2649 2374 dederunt
2683 2318 2866 2373 nubes.
2926 2315 3166 2372 Nubium
3224 2331 3329 2370 vox
3384 2323 3469 2369 est
3506 2321 3654 2369 tom-

2072 2426 2212 2469 trus.

2145 2506 2306 2561 Vens.
2326 2506 2390 2561 18
2418 2506 2728 2563 l9.Etenim
2757 2505 2967 2575 sagitta:
2991 2512 3096 2559 tua:
3121 2509 3518 2573 pertranseunt.
3550 2498 3654 2555 Le-

2073 2601 2256 2668 gimus
2281 2599 2334 2652 in
2366 2597 2539 2654 veteri
2574 2597 2832 2664 historia,
2860 2596 3006 2667 quod
3045 2594 3228 2649 valido
3262 2593 3512 2664 spirante
3561 2607 3660 2646 au-

2073 2699 2191 2745 stro
2220 2691 2455 2745 divisum
2495 2699 2580 2744 est
2616 2704 2786 2744 mare.
2818 2687 3070 2743 Procella
3097 2695 3281 2740 autem
3311 2685 3454 2739 facta
3516 2683 3662 2738 veri.-

2075 2782 2253 2837 simile
2288 2791 2392 2844 est,
2428 2780 2643 2848 fulgura
2668 2780 2858 2845 etiam,
2892 2794 2956 2832 ac
2994 2778 3240 2832 tonitrua
3276 2777 3340 2831 ad
3394 2775 3659 2844 majorem

2075 2872 2459 2944 [Egyptiorum
2483 2881 2751 2927 terrorem
2777 2869 3075 2927 decidisse.
3110 2869 3214 2924 Per
3242 2868 3472 2939 sagittas
3492 2867 3658 2937 igitur

2079 2963 2298 3034 fulgura
2339 2965 2616 3036 intelligit,
2653 2981 2775 3035 quae
2805 2966 2871 3020 ad
2909 2964 3167 3020 inimicos
3218 2960 3656 3033 pertransibalt.

391 3046 771 3113 πορεύονται,
808 3049 931 3103 ἀντὶ
957 3050 1056 3103 τοῦ
1110 3053 1508 3122 Διεπορεύοντο
1551 3056 1966 3126 ἁντιχρονικῶς.

2084 3058 2273 3115 Posuit
2300 3060 2445 3114 enim
2501 3058 2776 3130 Pr0phcta
2816 3066 3035 3128 tempus
3095 3070 3192 3125 pro
3234 3063 3507 3124 tempore.
3565 3050 3662 3106 Illa

397 3136 487 3203 ἷδ,
516 3140 623 3194 Kal
656 3145 787 3212 γὰρ,
810 3145 1093 3212 περιττόν.

465 3317 640 3385 Φωνή
689 3317 800 3386 τῆς
820 3320 1093 3389 ,βροντῆς
1119 3339 1236 3377 σου
1259 3312 1329 3376 ἐν
1359 3324 1440 3390 τῷ
1475 3326 1685 3395 τροχῷ.
1718 3329 1828 3383 Καὶ
1856 3347 1981 3383 συν-

398 3408 581 3481 έδησε,
604 3411 759 3482 φησὶ,
793 3412 921 3475 τοὺς
956 3412 1153 3479 ἄξονας
1192 3414 1222 3468 ὁ
1252 3416 1387 3480 Θεὸς
1422 3418 1534 3471 τῶν
1567 3420 1835 3490 ἁρμάτων
1887 3425 1981 3477 αὖ·

395 3502 525 3556 τῶν.
560 3506 670 3559 Καὶ
702 3501 836 3575 ἦγεν
883 3506 1081 3571 αὐτοὺς
1120 3511 1261 3579 μετὰ
1295 3510 1440 3579 βίας.
1467 3512 1629 3581 Λέγει
1665 3515 1866 3580 τοίνυν,
1902 3518 1982 3569 ἔτι

411 3593 476 3646 Ἦ
492 3595 646 3666 φωνὴ
690 3597 786 3665 τῆς
819 3596 1052 3669 βροντῆς
1082 3617 1175 3653 σου
1212 3605 1533 3675 κατερράγη
1554 3608 1611 3658 ἐν
1641 3606 1858 3677 ἑκάστῳ
1886 3610 1955 3679 ἂρ

405 3703 572 3755 ματι’
610 3688 808 3759 τροχὸν
846 3690 954 3761 γὰρ
993 3691 1050 3743 τὸ
1073 3691 1229 3761 ἅρμα
1256 3695 1412 3746 καλεῖ
1440 3712 1454 3727 ’
1506 3697 1583 3758 ὡς
1615 3697 1723 3751 ἀπὸ
1783 3700 1986 3771 μέρους

401 3782 464 3835 τὸ
494 3783 635 3838 ὅλον.
674 3784 800 3853 Ὑφ’
830 3781 1375 3857 ἦςὲκταραχθέντων
1404 3793 1511 3845 τῶν
1535 3793 1742 3858 ἵππων,
1770 3798 1987 3850 συνεδέ-

404 3873 579 3944 θησαν
623 3877 675 3929 o’.
708 3877 898 3944 ἄξονες
926 3878 1034 3932 τῶν
1073 3880 1284 3949 τροχῶν
1314 3881 1587 3953 ἀλλήλοις.
1633 3887 1742 3938 Καὶ
1772 3888 1980 3949 ἄλλως·

414 3965 481 4019 Ἦ
511 3969 663 4041 φωνὴ
689 3971 789 4040 τῆς
821 3970 1100 4038 θεολογίας
1131 3974 1188 4024 ἐν
1218 3973 1295 4043 τῷ
1327 3975 1621 4047 ἀνθρώπῳ,
1659 3979 1754 4031 τοῦ
1781 3981 1981 4051 τροχοῦ

407 4058 606 4129 δίκην,
662 4061 844 4129 ὀλίγον
911 4064 1293 4133 ἐφαπτομένου
1351 4069 1450 4135 τῆς
1510 4068 1655 4135 γῆς,
1710 4071 1829 4140 ἦτοι
1882 4074 1990 4123 τῶν

408 4153 627 4221 γεηρῶν
648 4171 661 4184 ·
696 4155 773 4225 τῷ
808 4155 865 4208 δὲ
889 4153 1062 4227 λοιπῷ
1090 4159 1251 4211 παντὶ
1282 4159 1487 4211 τούτων
1524 4159 1916 4233 ὑπερηρμένῳ.

484 4246 759 4315 Ἔφαναν
786 4250 845 4301 al
870 4250 1175 4317 ἀστραπαί
1197 4264 1313 4303 σου
1335 4248 1411 4317 τῇ
1440 4250 1787 4321 οικουμένῃ.
1830 4255 1995 4324 Ἐφά-

2082 3145 2244 3201 etiam
2277 3146 2469 3214 dictio,
2509 3149 2688 3211 Enim,
2719 3145 2991 3209 abundat,
3050 3154 3109 3200 nt
3178 3145 3251 3200 sit
3295 3157 3535 3200 sensus:
3596 3144 3667 3197 Et

2082 3239 2291 3308 sagittw
2323 3247 2427 3293 tua:
2468 3238 2881 3308 pertransibunt.
3004 3251 3007 3254 '

2167 3328 2278 3384 Vox.
2341 3331 2568 3385 tonitrui
2618 3331 2799 3400 tui;in
2857 3339 2998 3385 rota.
3072 3328 3135 3383 Et
3210 3327 3519 3396 conjunxit,
3576 3328 3665 3381 in-

2082 3422 2219 3491 quit,
2273 3422 2528 3477 Dominus
2588 3438 2715 3477 axes
2772 3438 3030 3476 curruum
3087 3436 3290 3484 eorum,
3325 3417 3544 3473 etduxit
3579 3431 3665 3472 eos

2085 3532 2202 3566 cum
2243 3514 2513 3569 violentia.
2549 3513 2686 3575 Vox.
2714 3513 2914 3583 inquit,
2948 3512 3025 3567 tui
3062 3513 3294 3566 tonitrui
3331 3512 3383 3565 in
3412 3524 3666 3579 unoquo-

2086 3624 2191 3678 que
2226 3623 2393 3661 curru
2426 3605 2709 3661 confracta
2748 3613 2849 3661 est.
2881 3605 2986 3659 Per
3042 3612 3220 3659 rotam
3260 3605 3407 3658 enim
3442 3619 3664 3657 currum

2088 3699 2366 3769 intelligit,
2417 3698 2582 3753 veluti
2620 3713 2650 3752 a
2682 3706 2838 3767 parte
2862 3704 3058 3752 totum.
3104 3695 3281 3766 Equis
3333 3695 3498 3765 igitur
3565 3695 3672 3749 hac

2089 3795 2304 3847 ratione
2340 3791 2700 3863 perturbatis,
2738 3804 3004 3845 curruum
3032 3804 3166 3844 axes
3206 3795 3400 3841 mutuo
3434 3786 3671 3856 compli-
3696 3795 3711 3809 ‘

2092 3885 2200 3936 cati
2229 3891 2381 3937 sunt.
2442 3881 2539 3936 Vel
2573 3882 2754 3947 aliter,
2804 3878 2920 3936 Vox
2955 3880 3242 3952 theologia:
3260 3880 3317 3934 in
3345 3879 3506 3934 nobis
3549 3892 3672 3936 esse

2092 3976 2296 4030 dicitur
2353 3976 2527 4031 instar
2581 3986 2715 4029 rotae
2753 3988 2875 4045 quae
2928 3989 2992 4028 ex
3040 3973 3266 4028 minima
3324 3972 3560 4041 quadam
3587 3971 3673 4028 sui

2094 4078 2247 4138 parte
2302 4080 2503 4122 terram
2539 4067 2741 4138 tangit,
2768 4065 2996 4137 reliquis
3021 4064 3282 4121 omnibus
3337 4064 3587 4135 partibus
3643 4078 3674 4116 a

2096 4170 2236 4216 terra
2266 4159 2589 4215 sublevatis.

2171 4253 2333 4308 Vens.
2359 4253 2451 4307 90.
2482 4251 2786 4307 Illuxerunt
2815 4251 3208 4306 roruscationes
3230 4259 3335 4304 tua:
3352 4249 3467 4304 orbi
3499 4258 3674 4303 terrm.

411 4355 584 4408 νησαν
609 4339 771 4392 πάλιν
802 4339 858 4393 αἱ
887 4339 1273 4412 λαμπρότητες
1319 4340 1412 4393 τοῦ
1462 4340 1709 4396 τοιούτου
1767 4346 1977 4417 θαύμα-

2098 4346 2351 4409 Claritas,
2399 4346 2595 4414 inquit,
2624 4345 2788 4415 hujus
2820 4344 3078 4399 miraculi
3116 4342 3185 4398 ab
3242 4342 3503 4398 omnibus
3563 4341 3680 4396 visa

414 4444 525 4491 τος.

500 4524 832 4591 Ἐσιιλεύθη
872 4523 967 4577 καί
992 4524 1278 4593 ἔντρομος
1306 4526 1561 4594 ἐγενήθη
1593 4531 1628 4595 ἡ
1665 4528 1763 4598 γῆ.
1838 4531 1995 4583 Ἐτει-

418 4613 734 4684 ράχθησαν,τ
770 4614 1192 4686 ἐθορυϐήθησαν
1246 4617 1340 4671 καὶ
1392 4620 1746 4689 ἐφοϐήθησαν
1798 4622 2000 4687 ’πάντες

415 4707 467 4760 oi
510 4707 827 4778 ἄνθρωποι,
885 4709 1175 4781 μαθόντες,
1218 4707 1310 4763 οἷα
1336 4713 1584 4780 εἰργάσω
1612 4713 1699 4766 διὰ
1739 4714 1832 4767 τὸν
1867 4715 1997 4770 λαὸν

419 4817 534 4852 σου.

503 4895 607 4951 Ἐν
632 4894 703 4963 τῇ
735 4894 1019 4963 θαλάσσῃ
1042 4898 1099 4948 ai
1129 4894 1258 4949 ὁδοί
1278 4909 1416 4949 σου.
1453 4894 1819 4965 Ἔπιφώνημα
1842 4899 2000 4951 τοῦτο

418 4987 515 5041 τοῦ
571 4988 876 5059 θαύματος.
928 4988 1053 5042 Ὅτι
1088 4990 1146 5041 ὲν
1203 4989 1267 5059 τῇ
1339 4987 1583 5060 θαλάσσῃ
1630 4990 1861 5059 ὁδεύεις,
1908 4993 1998 5047 ὅτε

422 5077 628 5150 βούλει.
694 5124 703 5130 .

497 5172 605 5227 Καὶ
632 5175 693 5227 al
723 5174 907 5241 τρίϐοι
945 5189 1062 5226 σου
1087 5171 1156 5224 ἑν
1187 5171 1368 5225 ’ὕδασι
1409 5172 1689 5239 πολλοῖς.
1752 5174 1826 5226 Τὸ
1876 5176 2009 5230 αὐτὸ

424 5268 577 5340 λέγει
607 5268 793 5331 πάλιν,
819 5269 1112 5321 ἐπιτείνων
1134 5266 1225 5320 τὸν
1248 5266 1438 5336 ὕμνον.

500 5362 608 5416 Kal
636 5364 707 5415 τὰ
722 5361 861 5428 ἴχνη
892 5377 1009 5415 σου
1029 5361 1099 5414 οὐ
1117 5359 1596 5428 γνωσθήσονται.
1618 5360 1865 5431 Συνήχθη
1903 5361 2011 5432 γὰρ

2104 4449 2158 4495 ct
2200 4439 2419 4510 cognita
2452 4450 2534 4495 est
2566 4440 2658 4509 qui
2695 4448 2826 4492 tunc
2852 4436 3106 4493 aderant.

2178 4533 2457 4589 Commota
2488 4543 2563 4587 est
2594 4543 2643 4587 et
2669 4532 2988 4586 contremuit
3042 4540 3204 4586 terra.
3269 4527 3495 4583 Turbati
3553 4536 3685 4582 sunt

2109 4637 2161 4682 ct
2192 4626 2475 4680 conterriti
2510 4625 2756 4679 universi
2790 4623 3064 4686 homines,
3120 4627 3416 4691 postquam
3472 4620 3683 4675 ditlieeo

2111 4728 2236 4772 runt
2267 4726 2474 4788 quanta
2516 4733 2615 4787 pro
2646 4715 2848 4784 populo
2886 4723 2980 4768 tuo
3013 4724 3277 4784 operatus
3308 4730 3388 4769 es.

2182 4899 2248 4953 In
2274 4900 2412 4953 mari
2444 4898 2541 4951 via:
2574 4905 2700 4951 tute.
2746 4894 3053 4965 Exaggerat
3097 4895 3445 4950 miraculum.
3470 4894 3574 4953 Τιι,
3603 4893 3688 4944 ἰιι·

2112 4991 2251 5061 quit,
2283 5005 2379 5061 per
2406 5003 2556 5043 mare
2584 4986 2855 5052 ambulas,
2875 5001 3000 5041 cum
3024 4986 3268 5041 libuerit.

2187 5170 2478 5225 Etsemitw
2531 5179 2636 5223 true
2680 5169 2904 5239 inaquis
2935 5168 3140 5221 multis.
3202 5165 3401 5221 Eadem
3468 5178 3692 5218 rursum

2113 5263 2358 5334 repetit,
2382 5261 2728 5334 ampliﬁcans
2762 5260 2854 5315 Dei
2888 5262 3093 5314 laudes.

2188 5356 2255 5409 El
2294 5355 2518 5425 vestigia
2544 5364 2636 5409 tua
2680 5370 2782 5408 non
2826 5359 3227 5422 cognoscentur.
3293 5347 3430 5414 Quia
3484 5346 3697 5408 scilicet

1743 5501 1940 5561 Variae
1972 5501 2306 5564 lectiones.

502 5607 617 5678 (82)
647 5605 847 5678 Graece
864 5606 1173 5678 simplicius
1204 5604 1364 5658 unica
1412 5605 1671 5678 _Sytttaxi.
1727 5605 1827 5659 Per
1867 5607 2008 5675 ﬁlios

434 5674 689 5748 populum
724 5674 989 5748 intelligit,
1024 5677 1161 5748 ﬁlios
1191 5685 1365 5728 autent
1396 5674 1589 5739 Iacob,
1622 5686 1677 5728 ut
1712 5674 2013 5748 progenito-

441 5746 873 5818 ris;elloseph,
918 5759 971 5800 ut
995 5746 1181 5802 altoris
1222 5762 1283 5799 ac
1334 5748 1395 5801 dc
1449 5763 1506 5802 eo
1562 5748 1752 5817 optime
1814 5746 2010 5817 tneriti,

2119 5608 2334 5676 ejusque
2368 5606 2569 5678 ρίου-ἕω,
2591 5600 2650 5656 ob
2679 5598 2989 5668 sapientiam
3024 5603 3071 5650 et
3104 5594 3392 5665 potentiam
3420 5612 3570 5652 suam
3599 5613 3697 5651 au-

2121 5680 2303 5732 cteris.
