4084 6210
305 310 404 376 801
1441 305 1828 367 COMMENT.
1862 303 1944 363 ΙΝ
1986 299 2349 361 PSALMOS.
3440 292 3549 361 802

302 430 359 476 et
403 411 620 493 carne).
676 421 835 478 Unde
872 424 1067 477 l;catus
1124 419 1292 473 David
1344 419 1435 490 qui
1496 432 1642 471 nunc
1708 415 1894 471 dixit:
1940 410 2215 480 Numquid
2253 427 2442 479 panem
2511 411 2704 481 poterit
2753 408 2930 463 dare?
2978 405 3191 463 videtur
3248 406 3382 462 mihi
3464 406 3559 461 iii:

305 492 475 587 Moysi
508 492 668 571 verba
728 516 1062 580 detlarasse,
1106 517 1344 568 maxime
1392 526 1457 566 cx
1531 508 1912 577 sequentibus.
1954 503 2122 557 Addit
2159 505 2324 569 enim,
2371 504 2434 556 Et
2470 521 2703 559 mensam
2741 518 3046 571 praipararc
3080 503 3273 571 populo
3301 500 3561 557 suo.’llla

303 610 506 663 etenim
541 608 856 677 conjunrtio
882 606 974 672 Et,
1000 609 1178 676 posita
1218 604 1348 658 mihi
1402 618 1523 655 esse
1553 600 1790 662 videtur,
1827 609 1932 649 non
1976 603 2032 647 ut
2060 592 2361 662 disjungat,
2404 595 2496 647 sed
2530 603 2587 647 ut
2637 596 2900 649 declaret.

369 703 477 757 Διά
511 703 687 757 τοῦτο
721 702 953 770 ἤκουσε
980 702 1198 769 Κύριος
1246 699 1343 754 καὶ
1389 695 1734 757 ἀνεϐάλετο,
1790 690 1886 744 καὶ
1921 695 1965 750 Α

306 796 428 863 πῦρ
456 797 701 864 ἀνήφθη
738 797 807 848 ἐν
836 795 1065 857 Ἰακὼϐ,
1101 794 1199 847 καὶ
1242 792 1386 860 ὀργὴ
1421 789 1605 855 ἀνέϐη
1650 785 1750 840 ἐπὶ
1779 784 1888 837 τὸν

307 887 575 954 Ἰσραήλ.
608 887 670 938 Εἰ
702 886 800 939 καὶ
842 888 899 937 ὲν
926 888 1048 947 ταῖς
1085 886 1339 955 καρδίαις
1373 882 1554 937 αὐτῶν
1598 878 1886 946 ἐξεπείρα-

307 996 410 1032 σαν
439 979 531 1031 τὸν
556 979 710 1045 Θεὸν,
737 979 887 1049 ὅμως
918 977 1107 1049 ὥσπερ
1125 981 1274 1048 φωνῇ
1303 975 1692 1048 χρησαμένων,
1726 973 1890 1042 ἠκου-

314 1088 408 1125 σεν
445 1072 473 1124 6
519 1070 963 1141 καρδιογνώστης
1034 1071 1206 1133 Θεὸς·
1275 1070 1335 1123 τὸ
1395 1069 1451 1121 δὲ
1511 1065 1887 1127 Ἀνεϐάλετο,

309 1162 621 1234 Ἔχολώθη
651 1163 918 1231 ἐξέδωκεν
944 1166 970 1217 6
1004 1165 1300 1234 Σύμμαχος
1334 1179 1348 1193 ·
1389 1159 1614 1215 εέὠθασι
1674 1160 1782 1230 γὰρ
1842 1158 1890 1210 oi

309 1254 656 1324 χολούμενοι,
692 1254 1097 1309 ἀναὸάλλεσθαι
1131 1258 1228 1326 τὴν
1258 1254 1475 1323 στολὴν,
1518 1254 1699 1307 εἷτουν
1758 1252 1891 1305 ἀνα-

315 1345 528 1415 σύρειν,
560 1346 1019 1418 εὐτρεπιζόμενοι
1057 1347 1195 1416 πρὸς
1229 1348 1459 1416 ἄμυναν.
1495 1344 1607 1399 Καὶ
1642 1345 1670 1397 6
1727 1344 1893 1396 Μωῦ-

315 1438 419 1508 σῆς
445 1439 502 1492 δέ
535 1456 711 1508 φησιο
772 1441 878 1493 Kal
950 1439 1221 1509 ἐθυμώθη
1285 1438 1431 1508 ὀργῇ
1501 1440 1743 1507 Κύριος,
1791 1438 1888 1491 καὶ

311 1530 606 1598 ἐξεκαύθη
633 1531 704 1584 ἐν
728 1531 937 1597 αὐτοῖς
966 1532 1086 1600 πῦρ
1118 1531 1279 1600 παρὰ
1307 1532 1548 1599 Κυρίου,
1585 1530 1683 1584 καὶ
1718 1530 1889 1583 κατέ-

312 1639 470 1691 φατε
502 1621 683 1691 μέρος
711 1640 765 1675 τι
814 1622 927 1693 τῆς
978 1623 1387 1693 παρεμϐολῆς.
1436 1622 1635 1676 Ἰακὼὸ
1695 1624 1752 1676 δὲ
1798 1624 1893 1677 καὶ

316 1713 537 1785 Ἰσραὴλ
592 1714 685 1769 τὸν
732 1714 865 1768 λαὸν
918 1714 1096 1780 καλεῖ,
1153 1716 1228 1779 ὡς
1290 1715 1348 1780 ἐξ
1402 1715 1612 1769 ἐκείνου
1647 1716 1890 1783 κοιταγὸ⁶

315 1821 501 1872 μενον.

2080 686 2246 743 Vens.
2303 689 2395 743 Eli.
2438 689 2563 742 Ideo
2614 689 2819 741 audivit
2867 688 3128 743 Dominus
3178 701 3224 743 et
3265 691 3470 759 rejccit,
3514 701 3564 744 et

1990 780 2133 847 ignis
2202 795 2459 832 accensus
2510 789 2581 831 es!
2629 780 2683 830 in
2739 778 2905 831 Iacob
2936 818 2951 842 ,
2992 788 3041 831 et
3096 780 3179 830 ira
3221 780 3458 831 ascendit
3506 779 3562 832 in

1990 867 2190 923 Israel.
2229 869 2381 925 Licet
2415 873 2582 923 corde
2644 877 2696 924 et
2745 885 2851 923 non
2889 870 3069 937 iiltgtta
3113 869 3283 924 Deum
3318 879 3563 925 tentave-

1990 962 2123 1021 rint.
2153 962 2244 1015 ille
2270 956 2781 1031 tamen,qui‘eorda
2809 963 3090 1015 hominum
3121 972 3421 1029 scrutatur,
3452 978 3575 1017 non.

1991 1068 2155 1107 secus
2210 1069 2304 1107 cos
2361 1054 2571 1107 audivit
2618 1069 2681 1107 ac
2732 1042 2786 1108 si
2826 1055 3001 1123 palam
3047 1056 3096 1108 id
3143 1054 3311 1109 locuti
3355 1064 3562 1111 essent.

1993 1137 2152 1204 Quod
2222 1154 2351 1195 vero
2400 1141 2540 1195 LXX
2599 1142 2875 1207 dixerunt,
2916 1141 3147 1212 Rejecit,
3204 1124 3566 1216 Symmachus

1993 1230 2254 1294 reddidit,
2288 1229 2473 1285 Iratus
2502 1242 2603 1286 est.
2639 1234 2829 1287 Solent
2864 1235 3008 1287 enim
3058 1235 3094 1289 ii
3129 1236 3220 1305 qui
3256 1242 3333 1288 ira
3370 1236 3565 1305 perciti

1994 1333 2142 1383 sunt,
2173 1331 2379 1377 vestem
2414 1323 2669 1390 rejicere,
2705 1323 2809 1377 hoc
2837 1333 2941 1391 est,
2975 1326 3463 1395 pertrahere,dum
3497 1328 3566 1383 ad

1993 1414 2292 1469 vindictam
2353 1425 2638 1483 parantur.
2698 1416 2760 1469 Et
2816 1417 2942 1471 huic
3003 1419 3191 1474 sensui
3254 1434 3316 1471 ac
3373 1420 3567 1476 litterae

1995 1507 2307 1579 Symmachi
2381 1508 2746 1578 astipulantur
2818 1508 2986 1580 Moysi
3066 1512 3231 1565 verba
3268 1538 3295 1574 ,-
3331 1513 3566 1567 dicentis

1994 1602 2171 1669 quoi,
2213 1600 2470 1653 Dominus
2510 1600 2592 1652 ira
2630 1611 2920 1652 commotus
2979 1611 3077 1663 est,
3112 1610 3160 1654 et
3210 1602 3452 1657 incensus
3492 1613 3569 1658 est

1992 1693 2128 1761 ignis
2162 1692 2215 1744 in
2247 1692 2322 1744 eis
2372 1708 2405 1743 ιι
2457 1690 2716 1755 Domino,
2776 1707 2880 1759 quo
2926 1701 3222 1744 castrorum
3261 1693 3397 1745 bona
3442 1709 3567 1762 pars

1995 1794 2308 1853 consumpta
2367 1796 2442 1838 est
2493 1786 2559 1836 δ’.
2627 1783 2728 1837 Per
2783 1781 2954 1837 Jarob
3012 1793 3194 1837 autem
3272 1792 3327 1837 ot
3377 1784 3567 1848 Israel,

1997 1880 2177 1947 ipsum
2211 1878 2473 1945 populum
2518 1877 2587 1932 ab
2616 1877 2697 1931 eis
2737 1875 3167 1931 descendentem
3201 1876 3480 1947 intelligit,
3514 1886 3572 1931 ut

2000 1970 2125 2023 aliiii
2155 1969 2416 2022 diximus.

392 2067 517 2118 ’Ὁτι
555 2066 667 2120 οὐκ
695 2066 1074 2121 ἐπίστευσαν
1103 2067 1174 2120 ἐν
1201 2066 1280 2132 τῷ
1296 2065 1440 2132 Θεῷ.
1469 2068 1591 2121 ’Ὁτι
1635 2068 1737 2121 οὐκ
1768 2068 1888 2121 ἐπὶ·

2066 2058 2233 2113 Vsns.
2275 2059 2366 2113 2‘2.
2410 2058 2514 2123 Qui
2562 2076 2665 2112 non
2717 2059 3064 2113 crediderunt
3093 2058 3148 2111 in
3186 2058 3315 2115 Deo.
3358 2060 3412 2114 In
3476 2061 3569 2116 Dei

318 2176 559 2212 στευσαν
618 2162 685 2230 τῇ
743 2160 975 2230 δυνάμει
1036 2159 1134 2213 τοῦ
1184 2160 1343 2224 Θεοῦ,
1420 2159 1597 2213 καίτοι
1653 2160 1889 2213 τοσαῦτα

318 2250 547 2313 ἰδόντες.
593 2253 835 2324 Περιττὴ
863 2254 918 2307 δὲ
950 2254 982 2322 ἡ
1012 2252 1113 2308 Ἐν
1138 2252 1415 2325 πρόθεσις.

386 2342 543 2395 Οὐδὲ
596 2341 872 2411 ἤλπισαν
930 2346 1027 2398 ἐπὶ
1070 2345 1137 2397 τὸ
1184 2344 1480 2413 σωτήριον
1525 2346 1892 2401 αὐτοῦ.οὑδὲ

317 2434 637 2506 ὲϐάρῤησαν
664 2437 746 2489 ὅτι
771 2436 939 2489 σώσει
964 2438 1187 2501 αὐτοὺς,
1213 2440 1241 2490 6
1287 2438 1526 2491 τοσαῦτα
1580 2438 1667 2491 διὰ
1725 2439 1889 2491 αὑτοῦ

320 2526 577 2597 ποιήσας.

389 2702 499 2757 Kal
517 2704 854 2759 ἐνετείλατο
877 2705 1162 2775 νεφέλαις
1184 2706 1336 2775 ὑπὲρ
1354 2707 1583 2763 ἀνωθεν
1594 2710 1690 2764 καὶ
1708 2711 1894 2779 θύρας

319 2795 585 2863 οὐρανοῦ
609 2795 896 2864 ἀνέῳξεν,
929 2798 1027 2851 καὶ
1056 2797 1299 2866 ἔϐρεξεν
1323 2800 1530 2868 αὐτοῖς
1553 2800 1757 2871 μάννα
1781 2821 1891 2873 sca-

319 2883 471 2953 τεῒν.
529 2884 657 2937 Ἐπὶ
696 2886 766 2938 τὰ
805 2888 1002 2957 πριῖιτα
1038 2888 1203 2942 πάλιν
1237 2890 1569 2962 ἀνέστρεψεν
1597 2894 1688 2946 τὸν
1708 2892 1891 2962 λόγον,

318 2977 387 3029 τὰ
419 2981 477 3029 ἐν
508 2980 574 3047 τῇ
620 2978 817 3051 Ἒξῦδῳ
851 2982 1343 3053 ἀναγεγραμμένα.
1381 2984 1629 3053 Νεφέλας
1658 2985 1714 3039 δὲ
1754 2987 1896 3058 ὑπὲρ

318 3069 533 3125 ἀνωθεν
560 3072 656 3132 τὰς
682 3075 740 3123 ἐν
767 3072 892 3142 ὕψει
931 3073 1082 3141 λέγει
1106 3086 1124 3102 '
1148 3075 1258 3127 εἰσὶ
1288 3075 1397 3146 γὰρ
1429 3077 1524 3129 καὶ
1563 3078 1848 3147 πρόσγειοι
1880 3095 1895 3110 ·

318 3164 422 3224 τὰς
460 3163 632 3225 αὐτὰς
663 3164 721 3216 δὲ
747 3165 903 3218 καλεῖ
925 3167 1022 3219 καὶ
1056 3165 1229 3236 Θύρας
1258 3167 1496 3237 οὐρανοῦ
1522 3184 1537 3199 ·
1580 3169 1654 3233 ὡς
1704 3172 1901 3243 προϐε-

318 3254 606 3322 ϐλημένας
640 3256 829 3311 αὑτοῦ.
871 3257 1214 3311 Ἐνετεὶλατο
1246 3260 1304 3312 δὲ
1367 3254 1519 3322 ὗσαι,
1552 3261 1799 3332 δηλονότι
1835 3263 1899 3316 τὸ

320 3346 528 3437 μάννα.
557 3348 630 3400 Τὸ
660 3348 717 3402 δὲ
757 3350 938 3419 μάννα
964 3345 1034 3421 ἦν
1093 3351 1227 3404 ὡσεὶ
1256 3352 1479 3423 σπέρμα
1541 3355 1754 3426 χορίου,
1794 3358 1889 3412 καὶ
1916 3378 1960 3437 C

315 3440 381 3492 τὸ
405 3436 549 3506 εἶδος
578 3443 748 3496 αὐτοῦ
774 3443 850 3506 ὡς
875 3444 1018 3507 εἶδος
1053 3444 1418 3515 κρυστάλλου.
1456 3447 1564 3501 Kal
1591 3447 1903 3518 διεπορεύ-

317 3548 443 3597 ετο,
476 3533 664 3602 φησιν,
698 3537 730 3589 ό
752 3535 924 3600 λαὸς,
956 3536 1051 3588 καὶ
1084 3535 1424 3606 συνέλεγον
1456 3536 1558 3593 καὶ
1587 3539 1799 3608 ἐλιθον
1833 3542 1906 3597 ἐν

321 3622 403 3687 τῷ
426 3625 623 3693 μύλῳ,
651 3627 751 3679 καὶ
824 3626 1059 3695 ἔτριϐον
1104 3627 1174 3681 ἐν
1226 3627 1299 3696 τῇ
1331 3631 1488 3697 θυΐᾳ,
1551 3631 1648 3685 καὶ
1698 3633 1907 3702 ἥψουν

322 3718 471 3769 αὐτὸ
496 3719 566 3771 ἐν
591 3716 666 3786 τῇ
692 3719 906 3790 χύτρᾳ,
927 3719 1023 3773 καὶ
1051 3720 1307 3777 ἐποίουν
1338 3724 1527 3776 αὐτὸν
1577 3724 1907 3794 ἐγκρυφίας

323 3808 420 3859 καὶ
454 3803 533 3877 ἦν
582 3809 774 3878 ἡδονὴ
817 3810 1005 3865 αὐτοῦ
1049 3811 1193 3865 ὡσεὶ
1242 3813 1434 3883 γεῦμα
1488 3814 1766 3883 ἐγκρῒδος
1832 3816 1903 3880 ἐξ

320 3898 556 3952 ἐλαίου.
600 3899 788 3954 Ταῦτα
843 3902 941 3969 μὲν
990 3903 1048 3954 ἐν
1097 3905 1211 3966 τοῖς
1271 3903 1585 3976 Ἀριθμοῖς·
1626 3907 1685 3959 ἐν
1728 3905 1786 3958 δὲ
1836 3909 1902 3977 τῇ

321 3988 544 4060 Ἐξόδῳ,
583 3995 652 4046 T6
675 3992 745 4046 δὲ·
763 3994 952 4065 γεῦμα
973 3995 1160 4050 αὐτοῦ
1186 3997 1267 4064 ὡς
1326 3996 1530 4068 ἑγκρὶς
1571 3997 1643 4052 ἐν
1680 3998 1900 4069 μέλιτι.

388 4254 500 4309 Kal
528 4254 713 4323 ἄρτον
778 4255 1040 4323 οὐρανοῦ
1098 4254 1323 4310 ἔδωκεν
1377 4255 1604 4323 αὐτοῖς.
1664 4258 1905 4329 Οὐρανὸν

325 4346 583 4410 ἐνταῦθα,
606 4345 699 4398 τὸν
733 4346 871 4417 ἀέρα
903 4346 1089 4414 καλεῖ,
1144 4347 1221 4411 ὼς
1270 4348 1329 4401 τό
1351 4360 1368 4377 ⁶
1406 4350 1484 4403 Τὰ
1505 4350 1751 4404 πετεινὰ
1780 4350 1903 4419 τοῦ

322 4437 612 4503 οὐρανοῦ,
640 4436 674 4509 ἢ
703 4438 797 4490 καὶ
832 4438 920 4491 διὰ
968 4438 1030 4491 τὸ
1076 4437 1257 4495 δοκεῖν
1306 4439 1404 4493 ἀπ’
1460 4440 1693 4514 οὐρανοῦ
1734 4444 1903 4497 κατά-

325 4530 546 4599 γεσθαι.

404 4628 626 4694 ’Ἄρτον
677 4624 950 4696 ἀγγέλων
1003 4623 1229 4694 ἔφαγεν
1274 4624 1608 4694 ἅνθρωπος.
1671 4628 1904 4700 Οὐχὸτι

1999 2149 2210 2204 viribus
2240 2165 2347 2203 non
2385 2150 2777 2211 crediderunt,
2812 2149 3030 2203 tametsi
3063 2156 3214 2203 tanta
3250 2150 3363 2219 jam
3396 2150 3571 2207 vidis-

1995 2251 2120 2296 sent
2159 2242 2449 2297 miracula.
2486 2240 2809 2310 Praepositio
2850 2257 3009 2306 vero,
3040 2241 3118 2303 in,
3148 2240 3426 2309 superﬂua
3458 2251 3561 2297 est.

2068 2333 2181 2387 Nec
2232 2344 2576 2401 speraverant
2631 2335 2684 2387 in
2742 2334 2976 2387 salutari
3030 2334 3166 2401 ejus.
3216 2333 3327 2387 Nec
3377 2335 3567 2400 ullam,

1996 2426 2193 2493 inquit,
2227 2424 2540 2478 habuerunt
2592 2425 2871 2488 ﬁduciam,
2930 2437 2992 2478 ut
3038 2426 3133 2495 qui
3182 2434 3260 2480 tot
3309 2426 3442 2494 jam,
3504 2440 3572 2483 a':

1997 2526 2150 2570 tanta
2182 2530 2373 2569 eorum
2407 2530 2575 2570 causa
2620 2516 2958 2585 perfecerat,
2994 2530 3090 2572 eos
3116 2525 3266 2571 esset
3304 2518 3572 2588 imposta-

1998 2625 2118 2663 rum
2176 2616 2533 2664 saturaturus
2562 2611 2699 2678 (84).

2070 2703 2241 2761 Vens.
2278 2707 2372 2772 ‘25,
2400 2706 2493 2759 Ἡ.
2530 2706 2601 2760 Et
2650 2707 2922 2761 mandavit
2966 2708 3186 2762 nubibus
3221 2710 3443 2780 desuper
3476 2725 3496 2766 :
3522 2721 3574 2767 et

2001 2805 2186 2866 portas
2241 2797 2359 2850 σανιὶ
2394 2799 2620 2866 aperuit,
2652 2806 2700 2851 et
2730 2799 2865 2865 pluit
2901 2799 2976 2852 eis
3012 2816 3208 2852 manna
3243 2802 3311 2853 ad
3344 2802 3572 2855 arandu-

1998 2890 2246 2942 candum.
2302 2888 2381 2942 Ad
2441 2889 2624 2957 priora
2676 2904 2874 2942 rursus
2910 2903 3220 2942 sermonem
3276 2893 3568 2957 convertit,

2000 2996 2123 3051 qua:
2151 2982 2432 3035 habentur
2464 2983 2516 3033 in
2554 2982 2763 3035 Exodo.
2788 2979 2890 3035 Per
2926 2982 3106 3037 nubes
3136 2999 3266 3037 vero
3311 2984 3569 3054 desuper,

1999 3086 2095 3127 eas
2142 3071 2399 3140 ἰηιιιιιίδὶι
2440 3087 2561 3140 quae
2593 3072 2932 3128 excelsiores
2982 3084 3133 3127 sunt.
3165 3074 3376 3143 Aliquae
3423 3076 3569 3128 enim

2001 3171 2132 3218 sunt
2171 3173 2329 3217 terrae
2386 3163 2701 3218 viciniorcs.
2762 3162 2996 3217 Easdem
3042 3165 3207 3217 etiam
3259 3165 3575 3234 superiores

2002 3256 2201 3318 nuhes,
2252 3264 2444 3324 portas
2495 3255 2619 3310 ereli
2665 3254 2987 3325 appellavit,
3023 3255 3180 3323 quasi
3222 3255 3365 3310 cmlo
3393 3254 3581 3324 proxi-

2003 3348 2226 3402 miores.
2287 3346 2565 3401 Mandavit
2613 3357 2794 3401 autem
2851 3347 2933 3402 eis
2973 3359 3030 3400 ut
3064 3349 3320 3416 pluerent
3356 3344 3576 3402 manna.

2004 3424 2221 3494 Manna
2245 3454 2375 3495 vero
2430 3445 2549 3493 erat
2577 3439 2734 3507 quasi
2773 3453 2963 3494 semen
3012 3439 3319 3504 coriandri,
3352 3447 3406 3493 et
3455 3454 3579 3509 spe-

2005 3533 2122 3589 cies
2155 3534 2277 3603 ejus
2307 3533 2465 3603 quasi
2506 3533 2722 3601 species
2756 3531 3003 3607 crystalli
3037 3548 3050 3584 :
3078 3530 3144 3585 Et
3178 3531 3457 3597 circuibat,
3495 3535 3581 3586 in-

2005 3626 2146 3695 quit,
2201 3624 2427 3691 populus
2473 3632 2524 3676 et
2570 3622 2826 3692 colligens
2862 3621 2994 3674 illud
3032 3623 3173 3673 mola
3207 3622 3500 3692 frangebat,
3529 3629 3580 3675 et

2004 3718 2060 3771 in
2088 3716 2405 3769 mortariola
2435 3713 2658 3786 terebat,
2701 3729 2929 3783 coqucns
2960 3714 3013 3765 in
3043 3712 3174 3777 olla,
3217 3721 3263 3765 et
3315 3712 3579 3781 faciebant

2005 3824 2071 3864 ea:
2122 3825 2182 3862 eo
2225 3807 2604 3861 subcinericios
2649 3822 2855 3875 panes,
2902 3814 3120 3874 eratque
3169 3805 3404 3857 suavitas
3461 3803 3580 3872 ejus

2005 3902 2159 3971 quasi
2208 3915 2369 3966 sapor
2393 3899 2631 3953 dutcoris
2680 3898 2963 3966 cujusdam
3012 3897 3126 3950 oleo
3172 3896 3485 3965 confecti".
3518 3895 3582 3949 Et

2007 3991 2122 4045 haec
2152 3991 2372 4060 quidem
2429 3991 2483 4043 in
2537 3987 2797 4042 Numeris
2835 3987 2911 4040 ita
2970 3985 3313 4041 habentur“.
3343 3985 3474 4039 Nam
3522 3986 3579 4039 in

2005 4083 2195 4138 Exodo
2224 4083 2448 4145 dicitur,
2484 4082 2630 4151 quod
2666 4095 2830 4149 sapor
2865 4078 2989 4147 ejus
3012 4089 3150 4142 erat,
3197 4078 3357 4147 qirasi
3386 4077 3582 4132 duleor

2005 4174 2232 4244 quidam
2269 4188 2334 4228 ex
2374 4173 2556 4227 melle.

2077 4266 2148 4320 Et
2169 4283 2358 4336 partem
2385 4266 2503 4320 creti
2530 4265 2670 4319 dedit
2711 4262 2809 4317 eis.
2850 4260 2956 4317 Per
3011 4258 3209 4313 caelum
3266 4256 3353 4311 hic
3396 4272 3578 4312 aerem

2007 4357 2262 4426 intelligit
2297 4357 2455 4426 juxta
2504 4354 2637 4409 illud
2686 4371 2701 4407 :
2781 4350 3026 4405 Volucres
3084 4348 3226 4403 caeli.
3280 4345 3398 4412 Vel,
3448 4347 3578 4417 quia

2006 4463 2205 4502 manna
2245 4461 2275 4501 e
2307 4445 2449 4501 caelo
2483 4442 2771 4499 videbatur
2801 4440 3152 4497 descendere.

2078 4626 2247 4682 Vens.
2282 4626 2374 4681 ΞΒ.
2420 4624 2620 4679 Panem
2662 4621 2973 4693 angelorum
3004 4616 3356 4672 manducavit
3400 4617 3577 4671 tremo.

326 4720 581 4787 ἀγγέλων
602 4714 668 4790 ἦν
700 4719 759 4770 τὸ
801 4717 981 4786 μάννκ
1012 4717 1212 4788 τροφὴ,
1247 4716 1365 4770 ἀλλ’
1395 4718 1478 4771 ὅτι
1536 4720 1757 4787 ἄγγελοι
1784 4723 1898 4791 διηο

2006 4718 2126 4774 Νοη
2160 4720 2265 4773 hoc
2296 4717 2452 4782 dicit,
2487 4715 2645 4787 quasi
2684 4713 2863 4784 angeli
2891 4725 3090 4765 manna
3136 4716 3457 4774 vescantur,
3484 4708 3581 4764 sed

326 4814 525 4862 7.6vow
556 4812 620 4879 τῇ
651 4809 863 4878 καθόδῳ
891 4808 1080 4862 αὐτοῦ.
1113 4809 1408 4879 Μέμφεται
1436 4810 1493 4863 δὲ
1532 4814 1622 4863 καὶ
1676 4814 1704 4864 6
1766 4813 1901 4883 Χρι-

328 4906 454 4963 στος
479 4904 591 4963 τοῖς
621 4902 937 4971 νομίζουσιν
965 4900 1221 4969 οὐράνιον
1252 4902 1460 4971 κυρίως
1510 4902 1603 4955 τὸν
1662 4903 1902 4957 τοιοῦτον

328 4992 492 5059 ἄρτον
518 5008 534 5026 ο
566 4991 755 5062 εἴρηκε
794 4993 899 5061 γάρ
921 5007 933 5020 °
967 4991 1158 5060 Ἀμὴν
1177 4989 1330 5059 λέγω
1354 4992 1513 5060 ὑμῖν,
1543 4995 1613 5047 οὐ
1641 4994 1905 5062 Μωϋο-ῆς

331 5083 552 5136 δέδωκε
600 5086 743 5154 ὑμῖν
794 5086 902 5138 τὸν
948 5084 1129 5153 ἇρτον
1167 5085 1275 5138 τὸν
1316 5084 1384 5149 ἐξ
1435 5086 1716 5152 οὐρανοῦ,
1766 5087 1905 5140 ἀλλ’

333 5179 366 5229 ὀ
434 5176 637 5243 Πατήρ
688 5194 807 5245 μου
873 5176 1125 5230 δίδωσιν
1204 5176 1348 5244 ὑμῖν
1434 5176 1542 5229 τὸν
1596 5176 1779 5243 ἄρτον
1834 5178 1903 5240 ἐξ

329 5268 594 5335 οὐρανοῦ
618 5268 725 5320 τὸν
752 5268 1043 5334 ἀληθινόν
1071 5284 1083 5298 ’
1122 5269 1322 5333 εῐτουν,
1351 5267 1441 5320 τὸν
1467 5267 1684 5338 ἀληθῶς
1718 5270 1781 5322 ἐκ
1809 5269 1904 5322 τοῦ

331 5361 589 5433 οὐρανοῦ.
627 5362 753 5414 Ὅτι
803 5361 858 5414 δὲ
897 5363 959 5414 οὺ
1007 5364 1183 5433 τροφὴ
1236 5362 1485 5433 ἀγγέλων
1534 5357 1602 5433 ἦν
1650 5362 1678 5415 ὀ
1739 5363 1906 5432 ἄρτος

388 5542 433 5575 ι’
464 5540 627 5597 Num.
662 5558 807 5608 s..v|,
844 5542 931 5597 tl.

2011 4813 2139 4883 quia
2170 4811 2350 4879 angeli
2384 4810 2515 4864 illud
2556 4805 3224 4862 ntinistrabant.Accusat
3258 4818 3499 4872 namque
3530 4812 3585 4856 et

2010 4907 2266 4959 Christus
2307 4918 2424 4968 eos,
2458 4903 2551 4971 qui
2593 4917 2788 4972 panem
2824 4906 2988 4970 hunc,
3016 4904 3297 4958 caelestem
3332 4915 3460 4955 vere
3492 4914 3586 4969 pa-

2011 5012 2135 5050 nem
2185 4997 2472 5064 putabant.
2520 4994 2713 5049 dicens
2763 5012 2777 5049 :
2823 4997 2988 5050 Amen
3040 5011 3193 5049 amen
3242 4994 3362 5046 dico
3419 4992 3582 5054 vobis,

2012 5104 2116 5141 non
2165 5087 2371 5158 Moyses
2420 5085 2559 5141 dedit
2608 5089 2751 5141 vobis
2783 5103 2972 5155 panem
3019 5088 3083 5141 de
3113 5085 3392 5140 creto:sed
3425 5082 3583 5136 Pater

2011 5197 2156 5234 meus
2191 5184 2284 5234 dat
2338 5180 2480 5235 vobis
2538 5196 2723 5249 panem
2767 5179 2831 5235 de
2864 5181 2992 5235 caelo
3022 5195 3198 5234 verum
3231 5181 3275 5211 "
3300 5217 3315 5242 ,
3347 5177 3448 5229 hoc
3473 5182 3582 5235 est,

2012 5274 2079 5327 de
2133 5274 2275 5327 cwlo
2330 5288 2459 5328 vere
2516 5272 2961 5329 descendentem.
3000 5271 3155 5336 Quod
3204 5275 3387 5321 autem
3443 5264 3577 5317 illud

2014 5381 2212 5420 manna
2247 5380 2354 5420 non
2398 5377 2546 5422 esset
2604 5367 2920 5437 angelorum
2947 5364 3125 5431 cilius,
3151 5360 3350 5418 ibidem
3384 5355 3585 5413 asserit

1015 5541 1061 5573 ⁸³
1107 5540 1275 5597 Exod.
1336 5558 1431 5609 xu,
1472 5541 1558 5597 '59.
1637 5542 1682 5574 “
1710 5539 1874 5595 Num.
1921 5556 1996 5608 xi,
2032 5541 2086 5604 '7,
2120 5537 2173 5607 8,
2200 5541 2252 5597 9.
2311 5544 2358 5576 ⁸⁸
2391 5541 2548 5599 Joan.
2580 5559 2653 5608 vr,
2682 5543 2770 5598 ‘52.

1650 5640 1845 5701 Variae
1878 5639 2207 5701 lectiones.

409 5744 521 5817 (8-5)-
551 5743 737 5801 Graece
763 5756 1086 5802 servaturus.
