4084 6210
317 307 437 368 80')

1489 298 1877 359 COMMENT.
1923 299 1996 356 ΙΝ
2037 299 2169 357 PSA
2181 298 2398 356 LMOS.

3473 299 3579 362 8l0

317 416 413 467 καὶ
448 411 738 480 θυμωθείς
763 410 904 480 ὀργῆ
931 409 1191 479 ὲκτρίψω
1214 407 1455 473 αὐτούς.
1499 407 1570 460 “Ii
1597 409 1660 459 ὲκ
1694 407 1897 477 μέτρου

2008 405 2242 470 Dimitte,
2272 415 2322 460 et
2355 422 2607 461 accensus
2661 409 2740 461 ira
2812 407 2864 460 in
2938 423 3047 472 eos,
3100 415 3370 464 conteram
3423 414 3581 466 eos"

317 503 693 575 ὀργιζόμενος,
718 506 811 556 καὶ
841 503 903 554 ἐκ
939 501 1140 572 μέρους
1169 499 1416 564 ἐκόλαζε.

385 680 494 734 Καὶ
519 680 791 749 ἐμνήσθη
821 679 907 732 ὅτι
934 678 1092 747 σάρξ
1117 680 1254 747 εισι,
1292 679 1358 732 τὸ
1413 677 1651 746 πνεῦμα
1681 691 1897 743 πορευ-

315 771 558 840 όμενον,
592 772 686 823 καὶ
715 771 825 823 οὐκ
853 770 1260 838 ἀποστρέφων.
1299 770 1418 822 Ἔτι
1473 767 1566 821 καὶ
1620 765 1709 819 διὰ
1741 765 1902 818 τοῦτο

317 863 803 934 ὲμακροθύμησεν,
837 864 918 915 ὅτι
951 863 1085 934 σὰρξ
1119 859 1282 933 ἦσαν,
1325 862 1576 925 ἀσθενεῖς
1641 861 1737 914 atad.
1786 860 1897 913 ὀλι-

319 955 615 1022 γοχρόνιοι,
650 955 742 1006 καὶ
769 954 988 1024 πνεῦμα
1027 955 1088 1008 ού
1127 954 1448 1025 παραμένον
1472 955 1550 1022 τῷ
1609 952 1728 1023 βίῳ,
1783 952 1896 1014 ἀλλ’

317 1046 571 1098 ἐντεῦθεν
601 1048 990 1116 πορευόμενον,
1049 1050 1140 1100 καὶ
1176 1047 1276 1100 οὐκ
1305 1047 1386 1098 ἔτι
1417 1046 1554 1114 πρὸς
1575 1045 1738 1097 αὐτὸν
1781 1045 1901 1096 ἐπι-

321 1139 571 1206 στρέφον.
606 1140 680 1191 Τὸ
713 1139 768 1191 δὲ
806 1139 1118 1208 Ἐμνήσθη
1175 1138 1446 1207 πολλαχοῦ
1476 1138 1574 1207 τῆς
1622 1136 1901 1207 Ἐὀραῖδος

318 1230 539 1298 γραφῆς
571 1230 824 1299 εὑρήσεις
882 1229 978 1282 ἐπὶ
1036 1229 1132 1282 τοῦ
1197 1229 1330 1282 Θεοῦ
1383 1227 1677 1296 λεγόμενον
1739 1244 1903 1297 μετα-

316 1321 585 1390 φορικῶς.
626 1321 841 1392 Ὥσπερ
869 1320 979 1392 γὰρ
1000 1323 1101 1391 τὴν
1129 1321 1229 1390 τῆς
1256 1321 1522 1392 συνήθους
1566 1317 1902 1389 προστασίας

319 1411 590 1482 ἀναϐολὴν
651 1411 823 1483 λήθην
869 1412 1148 1483 ὀνομάζει,
1197 1412 1340 1466 οὕτω
1407 1411 1472 1483 δὴ
1527 1413 1622 1464 καὶ
1673 1411 1772 1481 τὴν
1805 1429 1904 1479 τη-

317 1502 554 1556 νικαῦτα
575 1503 860 1572 ἀντίληψιν
892 1507 1114 1573 μνήμην
1135 1501 1774 1575 ἀνθρωποπρεπὲστερον
1801 1519 1905 1554 κα-

320 1591 432 1647 λεῖν
461 1594 640 1659 εἴωθε,
663 1591 751 1646 διὰ
776 1594 874 1664 τὴν
901 1594 1011 1647 τῶν
1038 1594 1476 1663 ἐντυγχανόντων
1519 1592 1830 1662 παχύτητα.

2006 499 2113 560 vel,
2186 513 2253 552 ex
2321 507 2474 568 parte
2537 500 2710 554 iratus
2763 507 2868 564 est,
2929 511 2982 554 et
3030 515 3094 556 ex
3145 511 3298 570 parte
3351 518 3445 559 eos
3478 520 3578 574 pn-

2008 589 2163 643 nivit.

2075 678 2240 735 Vens.
2282 681 2372 736 59.
2399 681 2468 735 Et
2501 681 2811 736 recordatus
2832 693 2929 747 est,
2961 684 3086 752 quia
3111 701 3234 737 caro
3270 693 3414 750 sunt,
3473 685 3585 751 spi-

2004 773 2138 826 ritus
2171 773 2362 826 vadens
2406 784 2453 827 et
2491 790 2596 828 non
2629 784 2909 829 revertens.
2970 772 3080 828 Hac
3123 774 3284 829 etiam
3314 774 3381 828 de
3419 789 3583 829 causa

2006 864 2200 933 majori
2269 865 2682 934 longanimitate
2743 883 2876 922 usus
2931 878 3034 930 est,
3089 868 3216 938 quia
3260 882 3389 922 caro
3426 876 3587 923 erant

2005 954 2222 1010 inlirma
2256 957 2463 1011 scilicet
2505 967 2561 1012 et
2617 974 2810 1027 parum
2846 959 3205 1022 diuturna,et
3235 959 3458 1029 spiritus
3493 963 3588 1028 qui

2006 1061 2131 1101 cum
2182 1047 2291 1101 vita
2351 1063 2460 1102 non
2527 1058 2826 1114 permanet.
2880 1047 2979 1103 Ubi
3011 1050 3154 1104 enim
3207 1064 3272 1102 ex
3332 1049 3434 1104 hac
3479 1049 3588 1103 vita

2008 1135 2177 1190 semel
2224 1136 2502 1205 profectus
2531 1146 2642 1200 est,
2686 1139 2752 1191 ad
2777 1137 3024 1192 eamdem
3054 1153 3248 1192 rursus
3289 1151 3392 1192 non
3425 1137 3589 1192 redit.

2010 1225 2148 1280 illud
2190 1226 2592 1280 observandum
2634 1237 2738 1293 est,
2807 1228 2953 1296 quod
3016 1227 3391 1298 metaphorice
3454 1227 3592 1281 scri.

2009 1327 2166 1387 plura
2223 1315 2392 1371 Deum
2446 1317 2580 1372 dicit
2611 1318 2916 1373 reminisci.
2967 1317 3099 1373 Nam
3129 1317 3589 1389 quemadmodum

2011 1407 2260 1462 oblivisci
2301 1423 2426 1462 eum
2477 1407 2788 1476 aliquorum
2834 1408 3089 1474 dicimus,
3135 1409 3355 1479 quando
3413 1406 3585 1463 dil'fer'

2014 1509 2072 1555 ut
2102 1499 2479 1554 laborantibus
2514 1507 2680 1568 atque
2712 1497 2925 1554 afﬂictis
2953 1513 3110 1568 opem
3145 1508 3308 1570 atque
3329 1498 3590 1554 auxilium

2017 1605 2176 1655 suum
2219 1589 2520 1659 impertiat,
2568 1588 2651 1644 sic
2701 1595 2914 1654 contra,
2985 1589 3225 1644 humano
3275 1604 3428 1645 more
3481 1603 3568 1642 me

320 1703 530 1742 morem
595 1703 718 1743 eum
770 1688 1127 1757 appellamus,
1187 1689 1408 1757 quando
1454 1688 1644 1743 iisdem
1704 1694 1902 1757 prwsto
1941 1691 2046 1738 est.
2099 1682 2214 1738 Hoc
2274 1691 2459 1738 antem
2543 1681 2802 1752 loquendi
2861 1683 3021 1737 modo
3084 1682 3357 1753 Propheta
3445 1695 3590 1752 saepe

325 1780 519 1845 utitur,
549 1789 608 1834 ut
635 1781 858 1836 lectoris
885 1780 1202 1836 hebetudini
1233 1796 1290 1836 se
1319 1781 1717 1836 accommodet.

395 1875 660 1940 Ποσάκις
695 1875 1154 1943 παρεπίκραναν
1183 1873 1372 1929 αὐτὸν
1400 1874 1496 1945 κέν
1549 1873 1627 1943 τῇ
1678 1875 1894 1942 ἐρήμῳ,

2071 1860 2241 1914 Vens.
2271 1859 2362 1914 40.
2408 1857 2626 1924 Quoties
2646 1859 3096 1914 exacerbaverunt
3143 1877 3260 1916 eum
3284 1862 3340 1917 in
3360 1864 3588 1939 deserto,

317 1965 732 2035 παρώργησαν
753 1966 945 2020 αὑτὸν
973 1966 1043 2020 ἐν
1076 1965 1153 2036 γῇ
1194 1964 1468 2034 ἀνύδρφ;
1515 1965 1782 2028 Πολλάκις
1826 1964 1901 2028 ὡς

320 2059 534 2124 ἔξεστιν
557 2060 737 2129 εὑρεῖν
760 2060 824 2111 ὲκ
853 2059 950 2129 τῆς
983 2059 1246 2129 ἱστορίας.
1290 2058 1434 2129 Ὀρα
1485 2057 1545 2112 δὲ
1613 2057 1899 2128 πονηρίαν.

325 2153 400 2206 Οὐ
434 2153 594 2221 μόνον
619 2151 729 2221 γὰρ
781 2151 1044 2213 πολλάκις
1101 2150 1526 2221 παρεπίκραναν
1573 2149 1758 2215 αὐτὸν,
1807 2147 1904 2202 καὶ

324 2240 723 2313 παρὼργησαν,
762 2242 899 2294 ἀλλὰ
937 2241 1031 2295 καὶ
1060 2242 1118 2295 ὲν
1157 2244 1224 2313 τῇ
1282 2243 1476 2314 ἐρήμῳ
1515 2241 1644 2296 ἔνθα
1702 2241 1903 2312 μᾶλλον

325 2335 498 2405 ἐχρῆν
540 2333 868 2405 θεραπεύειν
893 2335 1054 2386 αὐτὸν
1075 2334 1162 2387 διὰ
1188 2336 1286 2403 τὴν
1308 2336 1566 2406 ἀπορίαν.
1611 2335 1721 2389 Καὶ
1751 2337 1808 2389 ὲν
1830 2338 1900 2405 γῇ

322 2426 563 2496 ἀνύδρῳ,
593 2425 720 2479 ἔνθα
763 2425 870 2478 ἔδει
913 2425 1302 2480 ταπεινοῦσθαι
1352 2428 1448 2481 κα)⁸
1497 2427 1763 2482 ἱκετεύειν
1813 2426 1902 2480 διὰ

325 2517 425 2586 τὴν
447 2516 716 2586 ἀνάγκην.

400 2607 510 2662 Καὶ
545 2608 947 2677 ἐπέστρεψαν,
979 2608 1080 2662 καὶ
1105 2610 1438 2676 ἐπείρασαν
1467 2609 1574 2664 τὸν
1603 2610 1774 2672 Θεὸν,
1799 2610 1899 2664 καὶ

325 2701 437 2753 τὸν
465 2699 636 2768 ἅγιον
662 2700 768 2754 τοῦ
827 2701 1074 2769 Ἰσραὴλ
1102 2701 1484 2770 παρώξυναν.
1519 2701 1780 2756 Ἐνταῦθα
1817 2703 1899 2768 τὸ,

339 2793 781 2861 Ἔπέστρεψαν,
834 2795 927 2848 ἐπὶ
975 2793 1148 2848 κακοῦ
1201 2794 1460 2865 εἴληπται
1494 2813 1509 2828 ·
1559 2795 1902 2866 ἐπέστρεψαν

326 2883 439 2952 γὰρ
504 2885 613 2937 ἀπὸ
664 2884 865 2956 ταύτης
922 2884 1118 2948 κακίας
1183 2887 1264 2948 εἰς
1323 2885 1512 2955 ἄλλην.
1567 2887 1723 2949 Τινὲς
1755 2885 1902 2941 δὲτὸ

326 2976 696 3042 Ἐπείρασαν
727 2977 847 3030 ἀντὶ
870 2977 963 3031 τοῦ
999 2977 1310 3048 Ἐλύπησαν
1333 2979 1665 3044 ἐξεδέξαντο.
1711 2979 1903 3047 Ἀγιον

324 3067 385 3119 δὲ
418 3065 510 3119 τοῦ
545 3066 764 3136 Ἰσραὴλ
795 3067 952 3122 καλεῖ
999 3068 1090 3122 τὸν
1117 3068 1250 3124 Θεόν
1285 3086 1301 3103 ⁸
1339 3069 1368 3122 ὃ
1417 3069 1570 3142 δηλοῖ
1623 3070 1715 3124 τὸν
1757 3071 1904 3124 αἰνε-

327 3159 422 3212 τὸν
453 3160 546 3212 καὶ
583 3159 992 3231 δεδοξασμένον.

403 3341 529 3394 Οὐκ
593 3340 995 3410 ἐμνήσθησαν
1051 3341 1164 3412 τῆς
1233 3343 1432 3412 χειρὸς
1470 3342 1680 3397 αὐτοῦ.
1733 3343 1906 3413 Χεῖρα

330 3432 428 3502 τὴν
473 3432 702 3503 δύναμιν
763 3435 956 3486 καλεῖ·
1022 3434 1122 3506 τὴν
1175 3435 1574 3505 εύεργετοῦσαν
1625 3437 1726 3507 μὲν
1773 3437 1901 3502 τοὺς

344 3523 656 3595 Ἐϐραίους,
689 3525 969 3580 κακοῦσαν
998 3525 1056 3580 δὲ
1083 3527 1208 3590 τοὺς
1241 3527 1467 3598 ἐχθροὺς
1490 3529 1691 3583 αὐτῶν.

2011 1953 2354 2006 irritaverant
2385 1966 2502 2004 eum
2537 1949 2592 2003 in
2621 1958 2761 2004 terra
2781 1951 3040 2019 inaquosa
3071 1953 3096 2005 ξ)
3119 1950 3273 2022 Saepe
3304 1955 3585 2022 nimirum,

2009 2054 2070 2098 ut
2131 2058 2198 2097 ex
2254 2042 2372 2112 ipsa
2400 2042 2531 2096 licet
2581 2041 2892 2112 perspicere
2941 2043 3190 2099 historia.
3233 2043 3432 2102 Verum
3461 2049 3587 2104 illo-

2009 2149 2130 2190 rum
2183 2134 2472 2188 considera
2518 2134 2865 2204 pravitatem,
2933 2149 3110 2205 neque
3142 2137 3288 2192 enim
3352 2149 3590 2196 tantum-

2012 2227 2176 2282 modo
2207 2241 2331 2280 eum
2368 2240 2511 2294 saepe
2571 2226 3058 2293 exacerbaverant,
3123 2228 3218 2284 sed
3262 2229 3320 2284 in
3371 2231 3588 2288 deserto

2007 2318 2197 2382 etiam,
2244 2326 2408 2386 atque
2442 2316 2496 2370 in
2547 2315 2816 2386 inaquoso
2872 2316 2925 2370 id
2954 2315 3217 2384 fecerunt,
3264 2322 3488 2390 quando
3517 2325 3589 2379 ob

2008 2423 2281 2464 summam
2340 2407 2699 2478 indigentiam
2744 2409 3006 2463 inservire
3046 2423 3139 2463 eos
3161 2411 3339 2480 magis
3365 2410 3476 2468 Deo
3505 2428 3588 2468 at-

2008 2514 2115 2570 que
2168 2499 2448 2554 humiliari
2485 2507 2540 2554 et
2567 2499 2875 2569 supplicare
2901 2500 3208 2570 oportebat.

2085 2591 2250 2648 Vens.
2281 2591 2372 2646 41.
2407 2591 2478 2644 Et
2509 2593 2738 2645 conversi
2784 2599 2930 2654 sunt,
2969 2600 3019 2646 et
3049 2604 3373 2649 tentaverunt
3399 2595 3584 2664 Deum,

2007 2698 2057 2744 et
2088 2699 2329 2743 sanctum
2389 2686 2563 2741 Israel
2618 2687 2978 2742 irritaverant.
3039 2687 3277 2744 Verbum
3340 2690 3588 2749 Conversi

2008 2795 2153 2850 sunt,
2189 2784 2374 2840 hocin
2417 2783 2561 2847 loco,
2614 2782 2668 2836 in
2738 2781 2941 2836 malum
2995 2782 3286 2852 accipitur.
3317 2784 3582 2842 Conversi

2009 2875 2152 2928 enim
2187 2883 2313 2930 sunt
2346 2889 2376 2928 a
2430 2873 2561 2927 vitio
2621 2871 2686 2927 ad
2742 2871 2888 2926 aliud
2927 2871 3146 2927 vitium.
3188 2873 3255 2927 Et
3308 2875 3453 2943 quod
3488 2879 3584 2940 ait,

2013 2964 2384 3028 Tentaveruut,
2408 2962 2574 3032 aliqui
2627 2969 2930 3031 exponunt.
2955 2976 3056 3031 pro
3087 2961 3584 3022 Contrislaverunt.

2011 3055 2116 3110 Per
2143 3054 2408 3120 Sanctum
2441 3063 2624 3108 autem
2673 3051 2866 3117 Israel,
2892 3050 3062 3107 Deum
3096 3053 3277 3123 ipsum
3311 3055 3583 3128 intelligit,

2013 3161 2078 3200 ac
2109 3147 2154 3201 si
2206 3145 2413 3201 diceret
2447 3163 2462 3199 :
2492 3145 2664 3200 Deum
2722 3144 2873 3198 illum
2921 3144 3058 3200 adeo
3100 3145 3394 3215 celebrem,
3450 3147 3586 3205 adeo

1932 3239 1976 3302 c
2011 3234 2294 3290 laudatum
2329 3242 2382 3290 et
2407 3235 2728 3305 gloriosum.

2083 3326 2248 3380 Vens.
2280 3326 2371 3380 42.
2422 3327 2546 3381 Non
2594 3336 2715 3380 sunt
2767 3327 3029 3382 recordati
3077 3346 3263 3385 manus
3312 3334 3447 3400 ejus.
3483 3331 3587 3388 Per

2007 3433 2222 3471 manum
2253 3418 2352 3472 Dei
2394 3418 2636 3473 divinam
2684 3418 2940 3490 intelligit
2992 3423 3312 3491 potentiam,
3349 3439 3457 3495 qua
3484 3424 3584 3480 Ju-

2006 3510 2140 3565 daeis
2203 3510 2425 3579 quidem
2508 3511 2679 3575 bona,
2732 3511 2986 3568 hostibus
3053 3528 3183 3568 vero
3238 3517 3381 3571 mala
3455 3528 3586 3573 sunt

2008 3602 2277 3672 praestita.

2075 3692 2195 3746 Diei
2237 3709 2338 3762 qua
2388 3693 2603 3747 redemit
2653 3709 2740 3748 eos
2793 3694 2858 3748 de
2904 3711 3065 3748 manu
3111 3697 3488 3755 tribulationis.
3536 3702 3580 3755 Λ

2003 3785 2283 3841 communi
2307 3800 2470 3840 sensu
2502 3787 2666 3850 etiam
2703 3786 2816 3854 hic,
2849 3787 3174 3842 sumendum
3197 3799 3286 3844 est
3313 3792 3539 3846 verbum
3566 3811 3579 3847 :

2005 3877 2130 3932 Non
2161 3887 2280 3931 sunt
2314 3878 2595 3932 recordati.
2637 3877 2741 3932 Per
2779 3878 3124 3933 tribulantem
3158 3895 3310 3950 vero,
3341 3881 3579 3939 Pharao-

2003 3984 2128 4024 nem
2155 3969 2435 4040 intelligit.

2075 4041 2237 4115 Vsns.
2273 4060 2362 4125 45,
2401 4061 2547 4115 Sicut
2589 4063 2763 4131 posuit
2811 4063 2866 4116 in
2912 4061 3141 4133 Αῑρῃριο
3171 4063 3322 4133 signa
3381 4081 3479 4118 sua
3532 4074 3582 4118 et

330 4156 404 4207 τὰ
433 4153 646 4221 τέρατα
668 4153 853 4207 αὐτοῦ
881 4153 950 4205 ἐν
979 4153 1161 4216 πεδίῳ
1193 4153 1438 4217 Τάνεως.
1463 4154 1598 4207 Οὐδὲ
1627 4155 1901 4226 ἐμνήσθη-

2008 4151 2247 4220 prodigia
2293 4168 2389 4205 sua
2417 4155 2470 4206 in
2508 4169 2694 4223 campo
2728 4153 2952 4208 Taaeos.
2991 4155 3100 4208 Nec
3133 4153 3404 4210 recordati
3422 4163 3572 4220 sunt.

333 4263 432 4300 σαν
453 4248 602 4306 ὅπως
633 4243 787 4296 ἔθετο
823 4244 890 4296 τὰ
921 4247 1120 4312 σημεῖα
1140 4243 1330 4309 αὑτοῦ,
1354 4244 1448 4298 καὶ
1483 4245 1550 4296 τὰ
1594 4246 1742 4314 ἑξῆς.
1797 4247 1901 4316 Σηο

2008 4243 2201 4314 inquit,
2237 4244 2384 4315 quod
2409 4245 2656 4314 posuerit
2687 4245 2841 4315 signa
2865 4260 2988 4310 sua,
3012 4254 3065 4299 et
3091 4260 3213 4315 qua:
3244 4255 3578 4316 sequuntur,

333 4342 464 4406 μεῖα
489 4337 587 4405 μὲν
615 4335 708 4388 οῦν
739 4337 834 4388 καὶ
861 4337 1064 4404 τέρατα
1094 4336 1277 4389 πολλοὶ
1313 4337 1382 4390 τὰ
1427 4336 1567 4390 αύτά
1597 4353 1728 4405 φασι
1760 4338 1901 4391 κατὰ

2008 4347 2108 4391 etc.
2151 4337 2319 4406 Signa
2368 4345 2553 4391 autem
2607 4347 2662 4391 et
2710 4337 2980 4408 prodigia,
3015 4337 3174 4390 multi
3223 4337 3412 4392 dicunt
3437 4337 3580 4392 idem

329 4427 696 4479 ἀναδίπλωσιν
724 4425 818 4477 τοῦ
853 4425 1043 4496 ῥητοῦ.
1087 4427 1242 4488 Τινὲς
1271 4427 1326 4479 δὲ
1355 4429 1554 4495 σημεῖα
1587 4429 1684 4498 μὲν
1706 4429 1900 4481 ἐκάλε-

2008 4443 2155 4497 reque
2185 4427 2512 4497 signiﬁcare,
2559 4438 2614 4482 et
2671 4429 2997 4484 sententiam
3052 4428 3147 4482 hic
3173 4429 3366 4497 repeti.
3399 4427 3580 4498 Aliqui

330 4535 434 4570 σαν
460 4519 561 4570 ὅσα
594 4517 737 4570 κατὰ
763 4519 924 4586 φύσιν
975 4518 1348 4587 ἐλυμαίνοντο,
1375 4519 1451 4581 ὡς
1479 4520 1576 4590 τὴν
1606 4520 1760 4573 νόσον
1789 4522 1900 4574 τῶν

2008 4534 2131 4573 vero
2190 4520 2364 4598 signa,
2407 4534 2471 4573 ea
2523 4520 2707 4573 omnia
2755 4533 2876 4574 esse
2945 4517 3257 4588 intelligunt
3312 4533 3410 4589 per
3457 4533 3582 4589 qua:

331 4609 550 4678 κτηνῶν
582 4625 596 4640 ·
634 4585 794 4676 φύσις
833 4609 940 4678 γὰρ
974 4585 1113 4678 αύτῇ
1155 4609 1416 4662 θανατοῦν
1442 4625 1456 4640 ⁶
1489 4585 1584 4664 καὶ
1635 4610 1735 4682 τὴν
1790 4613 1899 4682 (86)

2011 4612 2152 4665 Deus
2207 4586 2242 4664 ἆ
2273 4611 2507 4665 naturali
2600 4624 2785 4664 rerum
2838 4607 3032 4664 ordine
3119 4624 3228 4663 non
3295 4607 3577 4674 recedens,

331 4702 541 4771 φθορὰν
571 4700 668 4769 τῆς
701 4700 920 4772 ἀκρίδος
953 4714 968 4728 ’
1016 4699 1181 4767 φύσις
1227 4699 1336 4769 γὰρ
1393 4700 1487 4752 καὶ
1531 4700 1704 4772 ταύτῃ
1753 4701 1901 4768 φθεί-

2011 4701 2394 4772 ΔΕεγριὶοωηι
2420 4712 2634 4770 gentem
2678 4700 2890 4764 aﬂiixit,
2930 4699 3096 4756 veluti
3149 4714 3402 4771 pecorum
3426 4700 3581 4771 aegri-

329 4813 452 4868 ρειν
481 4794 608 4856 τοὺς
635 4791 904 4862 καρπούς.
938 4790 1155 4861 Τέρατα
1215 4791 1294 4854 δὲ,
1338 4793 1441 4845 ὅσα
1509 4792 1662 4855 παρὰ
1717 4793 1901 4860 φύσιν,

2011 4796 2252 4858 tudines,
2294 4808 2415 4865 qua:
2463 4800 2658 4862 suapte
2690 4802 2885 4845 natura
2926 4798 3159 4845 mortem
3221 4790 3481 4857 aﬂ'erunt,
3525 4801 3581 4846 et

326 4889 402 4950 ὼς
431 4886 531 4954 τὴν
555 4885 650 4938 τοῦ
683 4885 874 4946 ὓδατος
908 4885 988 4946 είς
1021 4878 1160 4953 αἷμα
1193 4883 1520 4954 μεταϐολὴν,
1547 4885 1640 4936 καὶ¹
1671 4884 1771 4954 τὴν
1796 4885 1901 4937 τῶν

2010 4887 2348 4940 locustarum
2401 4885 2682 4940 lationem.
2752 4882 3077 4953 Huiusmodi
3119 4883 3265 4938 enim
3321 4883 3578 4938 animalia

327 4977 570 5046 ἐνύδρων
625 4974 910 5046 βατράχων
969 4974 1062 5025 ἐπὶ
1115 4973 1284 5042 ξηρᾶς
1343 4972 1649 5042 διατριϐὴν,
1702 4975 1798 5026 καὶ
1837 4975 1901 5026 τὰ

2013 4978 2342 5032 naturaliter
2381 4984 2544 5030 terrae
2610 4973 2826 5029 fructus
2879 4974 3132 5044 perdunt.
3193 4972 3297 5051 Per
3329 4973 3578 5044 prodigia

328 5068 576 5123 τομαῦτα.
2015 5082 2168 5132 vero,
2211 5066 2472 5121 miracula
2515 5066 2609 5122 illa
2639 5066 2829 5121 dicunt
2864 5064 3161 5136 signiﬁcari
3208 5055 3328 5133 qua:
3349 5061 3579 5116 naturali

333 5179 518 5217 rerum
587 5173 752 5214 cursu
808 5165 1142 5229 repugnante
1179 5155 1322 5212 facta
1353 5166 1498 5212 sunt.
1537 5157 1714 5215 Veluti
1741 5175 1896 5227 aqua:
1936 5161 2292 5214 mutationem
2350 5159 2404 5213 'rn
2441 5158 2784 5231 sanguinem,
2839 5165 2893 5212 et
2951 5155 3094 5226 quod
3135 5168 3283 5210 rana
3339 5163 3577 5222 quarum

331 5267 530 5310 natura
559 5262 646 5308 est
679 5258 738 5306 ut
776 5249 831 5304 in
878 5251 1040 5319 aquis
1097 5258 1403 5310 versentur.
1454 5251 1510 5306 in
1559 5252 1703 5307 sicca
1732 5261 1874 5306 terra
1913 5250 2299 5317 habitaverint,
2327 5259 2382 5307 et
2425 5252 2530 5307 alia
2564 5247 2895 5320 huiusmodi.

403 5402 450 5434 θ’
478 5397 650 5454 Exod.
715 5392 926 5460 XXXII,
967 5392 1057 5447 10.

418 3701 670 3770 Ἡμέρας
730 3696 806 3772 ἧς
869 3701 1249 3767 ἐλυτρώσατο
1306 3702 1530 3768 αὐτοὺς
1587 3704 1656 3756 ἐκ
1703 3706 1905 3772 χειρὸς

328 3796 661 3859 θλίϐοντος.
681 3793 814 3848 Ἀπὸ
835 3793 1014 3846 κοινοῦ
1041 3793 1319 3846 κάνταῦθα
1343 3795 1424 3860 τὸ,
1455 3795 1904 3865 οὐκέμνήσθη-

329 3900 476 3940 σαν.
508 3885 833 3948 Θλίϐοντος
853 3884 909 3938 δὲ
925 3885 1015 3937 τὸν
1035 3883 1233 3954 Φαραὼ
1263 3884 1437 3938 καλεῖ.

416 4061 510 4128 Ὦς
542 4062 706 4116 ἔθετο
743 4061 1106 4130 ἐνΑἰγύπτῳ
1151 4059 1222 4114 τὰ
1274 4061 1494 4130 σημεῖα
1531 4064 1736 4127 αὐτοῦ,
1802 4065 1901 4119 καὶ

1642 5482 1838 5543 Variae
1880 5482 2212 5547 lectiones.

407 5596 520 5666 (86)
552 5585 1295 5666 Videtnr‘interpreslegisse
1325 5582 1678 5666 copavhqnod
1712 5593 1893 5666 tamen
2005 5587 2604 5666 erat__animadverterc
2624 5599 2689 5642 cx
2718 5586 2882 5642 verbo
2913 5581 3158 5653 φθείρειν
3187 5581 3332 5651 quod
3391 5584 3577 5639 statim

337 5654 444 5721 non
485 5654 631 5719 recte
667 5662 855 5723 vertit,
891 5654 1014 5713 cn'm
1059 5654 1171 5710 hoc'
1195 5659 1314 5708 loco
1355 5654 1623 5721 signiﬁcet
1667 5656 1897 5723 copiam,
2008 5659 2282 5713 subditur,

338 5741 461 5792 rion.
498 5735 687 5790 Grasce
745 5732 980 5784 habetur
1009 5725 1217 5795 φθορὰν
1247 5739 1434 5793 queat;
1463 5725 1607 5794 quod
1660 5726 1902 5797 proclive

665 5828 932 5886 ΡΑτιιω..
975 5825 1089 5884 Gn.
1122 5819 1464 5882 CXXVIII.

3071 5809 3148 5869 26
