4082 6230
389 252 510 316 8H

1567 251 1962 313 COMMENT.
2005 249 2090 309 IN
2137 248 2500 309 PSALMOS.

3559 240 3663 307 814

392 364 505 432 τὴν
543 363 806 432 ὕπαρξιν
855 361 1054 416 αὐτῶν
1094 361 1173 427 τῷ
1225 361 1388 427 πυρί.
1449 359 1512 414 Ἡ
1575 360 1788 430 χάλαζα
1842 359 1980 428 μετᾶ

2117 357 2389 411 abstantia
2414 371 2597 410 eorum
2635 356 2764 427 igni.
2797 354 3019 412 Grando
3053 369 3162 410 una
3194 370 3319 412 cum
3355 354 3479 428 igne
3507 357 3676 412 mira-

401 455 577 527 πυρδς
599 455 1054 526 καταφερομένη,
1088 456 1195 525 πρὸ
1248 453 1466 506 πάντων
1517 451 1617 522 μὲν
1665 452 1764 522 τὴν
1797 450 1980 520 ἄμπε-

391 547 483 599 λον
507 547 838 616 ἀπενέκρου,
875 545 972 597 καὶ
1007 543 1379 614 συκαμίνους·
1412 541 1489 605 ὡς
1534 541 1610 612 μὴ
1670 541 1984 610 δυναμένας

393 639 532 701 ὅλως
556 639 832 707 ἀντισχεῖν
857 640 924 708 τῇ
960 635 1240 707 προσϐολῇ
1262 651 1276 666 ο
1306 630 1430 687 εἶτα
1455 633 1519 703 δὴ
1553 633 1623 686 τὰ
1648 651 1708 686 κτ
1722 632 1852 703 ήνη,
1885 633 1985 684 ὅσα

395 735 454 786 ἐν
481 732 595 794 τοῖς
624 729 830 792 πεδίοις
856 730 1136 800 ἐνέμοντο,
1169 728 1245 791 ὡς
1280 729 1374 781 ἐπὶ
1421 727 1618 798 μικρὸν
1649 726 1946 797 ἀντέχοντα
1969 743 1984 760 ο

397 824 592 877 ἔπειτα
639 823 738 874 καὶ
797 823 978 874 πᾶσαν
1027 818 1261 890 βοτάνην
1310 819 1407 872 καὶ
1469 819 1576 870 πᾶν
1626 817 1794 887 φυτζδν
1841 817 1902 870 τὸ
1930 819 1989 870 ὲν

398 914 576 987 ταύτῃ
615 913 728 984 πῦρ
767 911 1103 965 ἐπεϐόσκετο
1127 926 1141 942 ο
1193 911 1290 962 καὶ
1322 904 1392 978 ἦν
1438 907 1499 961 τὺ
1531 909 1778 978 ,πρᾶγμα
1826 908 1990 978 τερά-

404 1022 574 1068 στιον,
610 1005 786 1076 πυρὸς
832 1005 890 1056 ὲν
923 1002 1078 1056 ῦδατι
1111 1002 1421 1072 τρέχοντος.
1465 999 1744 1069 ’Ύπαρξιν
1766 1000 1844 1062 δὲ,
1912 999 1992 1052 εί·

401 1115 530 1150 τουν
579 1097 808 1150 πλοῦτον
867 1095 1046 1158 καλεῖ,
1099 1094 1190 1147 τὸν
1227 1092 1440 1163 καρπὸν
1487 1091 1596 1144 τῶν
1626 1089 1869 1160 βοτανῶν
1898 1089 1994 1144 καὶ

406 1191 516 1242 τῶν
541 1190 745 1260 φυτῶν.
765 1188 888 1262 Χρὴ
921 1189 978 1240 δὲ
1011 1186 1304 1257 γινώσκειν
1327 1187 1409 1239 ὅτι
1441 1185 1490 1238 εί
1522 1186 1618 1238 καὶ
1664 1185 1848 1238 πᾶσαν
1905 1182 1995 1252 βο-

408 1281 577 1351 τάνην
593 1282 689 1335 καὶ
717 1281 827 1333 πᾶν
859 1279 1017 1343 ξύλον
1039 1276 1181 1348 αῦτη
1216 1279 1250 1348 ἡ
1286 1277 1472 1348 πληγὴ
1501 1275 1826 1347 διαφθεῖραι
1853 1274 1997 1328 ἱστό-

410 1389 593 1441 ρηται,
667 1371 784 1425 ἀλλ’
841 1368 936 1425 οῦν
994 1368 1327 1424 ὑπελείπετό
1360 1387 1504 1433 τινα,
1566 1369 1996 1437 ἃκατέφαγενή

2091 448 2274 504 biliter
2309 448 2514 512 delata,
2548 448 2788 519 primum
2823 447 2972 518 ipsas
3004 447 3191 504 vineas
3219 450 3424 506 occidit
3459 457 3514 504 ct
3546 465 3671 506 mo-

2093 556 2187 596 ros
2211 581 2226 607 ,
2263 557 2386 611 quae
2417 542 2484 596 ad
2519 542 2758 611 primum
2799 540 3063 610 impetum
3126 544 3386 599 resistere
3445 543 3672 598 minime

2096 634 2389 687 valuerunt
2421 647 2433 682 :
2477 631 2675 687 deinde
2698 641 2756 687 et
2787 647 2984 702 pecora
3007 670 3023 696 ,
3054 647 3177 702 quae
3217 635 3271 688 in
3317 635 3526 705 campis
3575 651 3672 706 pa-

2095 728 2412 783 scebantur.
2453 723 2575 779 llaec
2609 732 2792 779 autem
2840 725 3124 796 aliquanto
3174 726 3410 796 amplius
3457 728 3676 784 restite-

2099 829 2227 875 runt
2260 837 2274 871 :
2308 829 2362 875 et
2394 818 2538 890 ignis
2569 826 2848 888 postremo
2899 818 2994 889 qui
3029 820 3191 875 simul
3226 834 3350 874 cum
3407 821 3676 891 grandine

2100 913 2383 988 immissus
2416 915 2616 976 fuerat,
2651 911 2854 969 herbas
2895 927 2960 967 ac
3015 912 3230 981 plantas
3262 912 3545 969 universas
3578 914 3677 969 de—
3718 967 3722 988 ,

2101 1012 2291 1074 pastus
2309 1011 2413 1059 est.
2435 1002 2568 1058 Illud
2593 1014 2775 1058 autem
2793 1019 2904 1058 non
2926 1004 3191 1059 mediocri
3216 1003 3579 1060 admiratione
3593 1006 3679 1060 di-

2101 1112 2267 1167 gnum
2295 1105 2399 1162 est,
2443 1104 2502 1150 ut
2536 1097 2676 1166 ignis
2703 1111 2827 1151 cum
2875 1112 3014 1168 aqua
3065 1097 3270 1166 pariter
3301 1107 3679 1154 concurreret.

2103 1189 2208 1244 Per
2262 1188 2632 1244 substantiam
2697 1198 2915 1254 autem,
2971 1189 3190 1244 divitias
3256 1190 3550 1246 herbarum
3623 1207 3688 1247 ac

2106 1285 2420 1354 plantarum
2467 1281 2710 1337 fructum
2781 1282 3058 1352 intelligit.
3114 1282 3269 1339 Scire
3321 1284 3487 1339 etiam
3547 1285 3685 1339 illud

2104 1387 2340 1446 oportet,
2364 1376 2509 1445 quod
2533 1375 2661 1429 licet
2691 1373 2961 1444 scriptum
2991 1374 3080 1429 hic
3106 1377 3200 1440 sit,
3235 1377 3380 1446 quod
3414 1377 3596 1432 herba:
3621 1392 3688 1433 ac

408 1465 571 1533 dxp‘t;
602 1463 742 1533 μετὰ
760 1463 859 1533 τὴν
882 1461 1220 1534 πυρίπλοκον
1243 1461 1486 1530 χάλαζαν
1515 1459 1836 1526 ἐπελθοῦσα,
1869 1459 1998 1531 περὶ¹

2115 1469 2300 1539 planta:
2323 1483 2515 1523 omnes
2545 1466 2772 1537 perdita:
2796 1470 2908 1520 sint
2934 1507 2950 1530 ,
2975 1476 3159 1522 tamen
3208 1469 3404 1538 aliquae
3456 1470 3688 1528 locustis

407 1551 476 1626 ἧς
544 1558 782 1627 εἴρηται,
843 1557 925 1608 ὅτι
974 1556 1085 1609 Καὶ
1137 1551 1447 1607 κατέδεται
1487 1551 1697 1608 πᾶσαν
1720 1551 2000 1620 ,βοτάνην

2115 1559 2308 1614 relictae
2353 1565 2528 1622 sunt,
2578 1571 2701 1626 quae
2739 1565 2862 1626 post
2907 1557 3233 1626 grandinem
3301 1559 3413 1629 igni
3469 1561 3686 1615 mistam

408 1667 442 1702 τ
462 1651 521 1715 ῖς
551 1649 680 1719 γῆς.
708 1649 806 1702 καί
836 1648 1034 1703 πάντα
1062 1649 1170 1703 τὸν
1198 1647 1433 1717 καρπὸν
1460 1645 1580 1700 τῶν
1631 1645 1853 1712 ξύλων,
1915 1640 2003 1700 ὧν

2115 1652 2372 1706 immissae
2427 1659 2598 1714 sunt,
2627 1659 2683 1705 et
2726 1649 2794 1705 de
2824 1648 3025 1718 quibus
3064 1651 3326 1720 scriptum
3359 1660 3444 1708 est
3472 1694 3486 1719 ,
3543 1655 3690 1723 quod

410 1743 772 1796 ὑπελείπετο
832 1741 871 1808 ἡ
931 1740 1179 1820 χάλαζα.
1229 1738 1555 1802 Καθολικῶς
1615 1734 1709 1792 οὖν
1744 1736 2004 1808 ἀνωτέρω

2115 1743 2464 1800 Comederunt
2495 1743 2711 1798 herbam
2737 1751 2892 1798 teme
2916 1753 2965 1798 et
2987 1760 3166 1800 omnes
3194 1745 3400 1814 fructus
3425 1745 3690 1817 lignorum

413 1835 554 1898 εἷπε,
591 1835 679 1888 διὰ
701 1835 761 1887 τὸ
786 1834 990 1906 μικροῦ
1025 1836 1204 1888 πάντα
1229 1831 1595 1902 διαφθαρῆναι

2115 1855 2242 1909 quos
2271 1839 2481 1907 reliquit
2506 1836 2778 1907 grando"
2817 1853 2833 1891 :
2862 1851 3050 1891 verum
3088 1837 3359 1906 Propheta
3395 1841 3691 1913 universali

2109 1946 2246 1986 usus
2275 1939 2356 1985 est
2385 1944 2660 1993 sermone,
2686 1943 2810 1983 cum
2834 1926 2947 1984 fere
2969 1930 3156 1983 omnia
3194 1929 3431 1986 fuissent
3454 1942 3690 1988 vastata.

498 2019 970 2085 Ἔξαπέστειλεν
1001 2020 1089 2085 εἰς
1135 2015 1359 2082 αὐτοὺς
1398 2016 1592 2085 ὀργὴν
1642 2014 1837 2084 θυμοῦ
1894 2017 2005 2070 αὺ-

2182 2019 2354 2077 Vans.
2409 2021 2503 2078 49.
2552 2020 2707 2075 Misit
2737 2021 2792 2074 in
2831 2035 2919 2074 eos
2961 2021 3098 2074 iram
3131 2021 3515 2092 indignationis
3559 2041 3695 2079 sum.

417 2111 546 2164 τοῦ.
591 2109 794 2181 Ὀργὴν
852 2108 1198 2179 ὑποληπτέον
1246 2106 1486 2162 ἐνταῦθα
1529 2103 1627 2176 τὴν
1669 2105 2010 2178 σφοδρότητα

2115 2109 2216 2165 Per
2242 2114 2377 2164 iram
2407 2109 2821 2180 indignationis,
2855 2125 2954 2165 seu
3006 2107 3106 2180 (ut
3155 2111 3339 2180 potius
3395 2111 3450 2166 in
3500 2111 3692 2168 Graeco

419 2200 516 2253 τοῦ
548 2199 752 2270 θυμοῦ.

493 2385 718 2453 Θυμὸν,
779 2384 879 2438 καὶ
931 2383 1137 2455 ὀργὴν,
1171 2384 1268 2438 καὶ
1316 2383 1560 2454 θλῒψιν.
1595 2384 1706 2447 Τὰς
1745 2383 2015 2458 τιμωρίας

419 2475 594 2539 οὕτως
616 2477 925 2547 ὠνόμασεν.
974 2479 1032 2530 Ὀ
1069 2477 1183 2549 γὰρ.
1208 2477 1344 2540 Θεὸς
1391 2479 1450 2530 οὐ
1485 2478 1756 2548 θυμοῦται
1783 2493 1799 2508 ⁶
1841 2477 1874 2547 ἢ
1907 2477 2001 2531 θυ-

417 2561 528 2632 ’μὸν
558 2567 775 2634 νοήσεις
801 2562 898 2626 τὰς
922 2559 1088 2635 ἦττον
1119 2565 1460 2630 κολαζούσας
1495 2582 1511 2599 ο
1565 2565 1741 2637 ὀργὴν
1789 2564 1846 2620 δὲ
1904 2566 2004 2631 τὰς

428 2655 635 2724 μᾶλλον
671 2671 688 2687 ο
724 2655 940 2726 θλίψεις
970 2655 1029 2708 δὲ
1059 2657 1158 2720 τὰς
1187 2656 1290 2712 ἔτι.

2119 2203 2388 2274 habetur)
2419 2202 2908 2268 excandescentia,
2959 2205 3337 2260 vehementem
3392 2207 3698 2264 excandes-

2118 2298 2356 2352 centiam
2390 2297 2662 2366 intelligit.

2193 2387 2618 2458 Indignationem
2651 2398 2700 2442 et
2725 2389 2862 2441 iram
2886 2397 2935 2442 et
2963 2386 3376 2442 tribulationem.
3399 2389 3701 2459 Supplicia,

2119 2494 2184 2535 ac
2211 2495 2400 2550 poenas
2433 2479 2488 2534 in
2516 2494 2612 2536 eos
2643 2478 2878 2536 inﬂictas
2908 2479 3222 2550 bujusmodi
3247 2480 3568 2536 nominibus
3602 2495 3699 2551 ap-

2124 2570 2311 2639 pellat.
2348 2569 2492 2626 Deus
2530 2572 2732 2641 quippe
2759 2570 2956 2627 all‘ectu
2988 2587 3053 2627 ac
3080 2572 3337 2643 passione
3371 2572 3522 2627 omni
3542 2587 3700 2642 pror-

2103 2677 2218 2736 sus
2247 2673 2398 2717 caret
2425 2706 2440 2728 ,
2472 2671 2527 2718 et
2564 2679 2659 2734 per
2689 2664 3121 2735 indignationem
3175 2664 3394 2734 quidem
3448 2664 3591 2735 (seu
3645 2672 3706 2718 ut

426 2749 607 2842 verius
640 2747 1120 2820 signiﬁcatGrteca
1151 2749 1321 2806 dictio
1349 2747 1544 2819 θυμδς,
1590 2765 1689 2820 per
1732 2750 2240 2809 escandescentiam
2265 2757 2284 2826 )
2311 2771 2503 2826 poenas
2535 2758 2778 2813 minores
2815 2757 3112 2827 intelligit;
3177 2771 3275 2827 per
3337 2772 3479 2812 Iram
3548 2773 3704 2842 vero,

429 2841 634 2909 majora
665 2841 934 2912 supplicia
959 2857 978 2897 :
1009 2853 1063 2898 et
1119 2857 1214 2910 per
1243 2841 1652 2898 tribulationem
1680 2882 1697 2909 ,
1727 2843 1832 2896 alia
1861 2843 2086 2914 insuper
2114 2848 2279 2902 mala.

511 2932 896 3000 Ἀποστολὴν
923 2931 998 2986 δι’
1019 2931 1293 3001 ἀγγέλων
1315 2933 1624 3001 πονηρῶν.
1656 2933 2016 3004 ⁹Απόσταλμα

425 3023 594 3087 οῦσας
625 3025 722 3078 καὶ⁵
757 3025 1013 3094 κόμισμα
1067 3024 1138 3078 δι’
1163 3025 1415 3094 ἀγγέλων
1459 3024 1715 3094 πονηρῶν
1747 3041 1761 3056 ·
1814 3025 1874 3079 οὺ
1919 3024 2023 3095 qni-

431 3132 536 3182 σει,
569 3114 692 3169 οὐδὲ
743 3116 1090 3187 προαιρέσει,
1133 3116 1272 3171 ἀλλὰ
1321 3117 1487 3170 πόνον
1537 3117 1886 3185 ὑπαγόντων,
1943 3117 2020 3178 ὡς

433 3208 856 3278 ὑπουργούντων
895 3210 1018 3272 ταῖς
1045 3210 1366 3281 τιμωρίαις.
1409 3208 1691 3280 Πονηροὺς
1751 3209 1862 3281 γὰρ
1922 3208 2020 3264 νῦν

433 3299 555 3362 τοὺς
581 3299 939 3365 κολαστικοῦς
975 3300 1150 3356 καλεῖ.

510 3610 862 3678 Ὠδοποίησε
885 3611 1088 3680 τρίϐον
1119 3610 1192 3664 ἐν
1216 3610 1292 3679 τῇ
1331 3609 1479 3680 ὀργῇ
1512 3611 1721 3666 αὑτοῦ.
1759 3613 2017 3683 Ἐποίησε

433 3705 619 3775 τρίϐον
644 3705 702 3758 ὲν
728 3705 798 3774 τῇ
827 3705 970 3774 ὀργῇ
995 3701 1164 3756 αὐτοῦ
1198 3701 1443 3771 βαδίζειν
1493 3701 1636 3755 κατὰ
1692 3703 1803 3757 τῶν
1852 3704 2021 3776 σκλη-

437 3797 753 3867 ρυνομένων
785 3793 1127 3864 Δίγυπτίων,
1150 3792 1420 3864 πρότερον
1466 3793 1755 3865 ἠρεμούσῃ
1803 3796 1892 3850 διὰ
1926 3814 2020 3865 φι-

436 3889 810 3961 λανθρωπίαν.
846 3891 920 3942 Τὸ
942 3889 1054 3960 γὰρ
1096 3888 1516 3956 Ὠδοποίησεν,
1547 3890 1598 3942 εί
1638 3891 1733 3942 καὶ
1763 3890 2023 3945 σύνθετόν

439 3985 610 4049 ἐστιν,
667 3983 784 4036 ἀλλ’
833 3977 927 4036 οὖν
968 3981 1150 4051 ἁπλῆν
1193 3981 1308 4051 ἔχει
1360 3981 1463 4050 τὴν
1493 3980 1794 4053 σημασίαν.
1837 3984 1905 4035 Ἦ
1929 3984 2025 4038 καὶ

439 4075 615 4139 ἄλλως
639 4075 751 4146 (87)
793 4072 1049 4145 Ἐποίησε
1081 4072 1268 4144 τρίϐον
1295 4072 1374 4142 τῷ
1395 4071 1739 4143 όλοθρεὺοντι
1765 4073 1834 4127 τὰ
1859 4091 2024 4144 πρω-

441 4167 642 4220 τότοκα
664 4165 912 4236 ἀγγέλῳ,
966 4164 1043 4236 μὴ
1095 4163 1369 4218 ἐκκλίνειν
1405 4164 1498 4216 ἐπὶ
1520 4165 1622 4227 τὰς
1651 4164 2029 4236 ἐσφραγισμέ-

441 4278 539 4323 νας
561 4260 749 4330 φλιὰς,
801 4259 940 4315 ἀλλὰ
969 4257 1210 4329 βαδίζειν
1241 4257 1386 4312 κατὰ
1425 4257 1537 4311 τῶν
1595 4257 1988 4329 ἁσφραγίστων
2010 4273 2026 4290 ο

441 4354 601 4408 τοῦτο
637 4354 746 4424 γὰρ
770 4353 940 4424 ὀργὴν
963 4351 1200 4422 νοήσεις,
1228 4351 1304 4413 ὼς
1340 4349 1622 4421 ὑπηρέτην
1683 4353 1784 4421 τῆς
1834 4351 2027 4422 ὀργῆς.

506 4447 628 4500 Οὐκ
657 4445 942 4514 ἐφείσατο
977 4442 1098 4498 ἀπὸ
1127 4442 1390 4498 θανάτου
1413 4441 1532 4496 τῶν
1561 4440 1779 4512 ψυχῶν
1807 4441 2026 4498 αὐτῶν.

445 4537 618 4591 Τοῦτο
649 4536 852 4607 δεκάτη
871 4535 1078 4606 πληγή.
1103 4535 1228 4588 Οὐκ
1245 4533 1536 4603 ἐφείσατο
1551 4533 1671 4586 τῶν
1685 4532 1907 4602 ψυχῶν
1921 4535 2032 4588 αὺ-

445 4632 564 4686 τῶν
589 4631 710 4687 ἀπὸ
749 4629 1041 4694 θανάτου,
1075 4630 1255 4682 εἰτουν
1291 4626 1404 4680 ἀπὸ
1445 4625 1716 4680 θανατοῦν
1749 4643 1764 4658 ·
1793 4627 1822 4680 ὅ
1852 4627 2025 4690 ἔστιν,

2195 2939 2585 2995 Immissionem
2608 2956 2700 3010 per
2750 2940 2967 3010 angelos
3003 2940 3193 2995 malos.
3222 2941 3354 3007 Quae
3380 2943 3563 2997 omnia
3598 2947 3710 3000 sci-

2125 3033 2253 3089 licet
2283 3035 2531 3104 immissa
2585 3049 2651 3090 ac
2681 3033 2860 3090 delata
2898 3044 3028 3089 sunt
3090 3048 3188 3103 per
3235 3033 3409 3090 malos
3466 3039 3710 3107 angelos.

2126 3129 2298 3185 Malos
2325 3139 2504 3186 autem
2554 3145 2662 3185 non
2699 3139 2894 3183 natura
2946 3128 3070 3183 dico
3122 3137 3218 3182 aut
3267 3129 3571 3196 electione,
3614 3133 3714 3187 sed

2127 3219 2254 3289 quia
2287 3220 2428 3274 mala
2469 3220 2720 3286 atl’erunt,
2749 3219 2989 3274 laborem
3049 3218 3308 3273 nimirum
3357 3227 3413 3275 et
3445 3220 3712 3288 dolorem,

2050 3347 2092 3402 ο
2126 3322 2180 3370 et
2207 3315 2333 3384 quia
2363 3328 2647 3384 poenarum
2681 3322 2812 3368 sunt
2843 3311 3110 3368 ministri.
3163 3310 3334 3366 Malos
3383 3314 3531 3368 enim
3591 3315 3713 3369 ideo

2127 3406 2395 3476 appellat,
2444 3404 2551 3460 hoc
2589 3405 2642 3460 in
2687 3405 2854 3469 loco,
2911 3403 3040 3474 quia
3103 3417 3296 3474 poenas
3345 3403 3587 3460 inferunt
3656 3413 3714 3460 et

2129 3499 2433 3569 Supplicia.

2201 3589 2368 3646 Vens.
2404 3590 2495 3644 50.
2550 3589 2702 3643 Viam
2747 3590 2890 3660 fecit,
2918 3599 2968 3643 et
2991 3589 3235 3645 semitam
3278 3591 3377 3645 ira:
3422 3607 3558 3646 sum.
3615 3593 3714 3646 Se-

2127 3690 2318 3738 mitam
2345 3723 2361 3748 ,
2390 3681 2604 3751 inquit,
2638 3680 2769 3736 fecit
2799 3682 2893 3736 irae
2921 3697 3034 3736 suae
3056 3723 3070 3747 ,
3103 3683 3178 3736 ita
3209 3691 3270 3736 ut
3298 3681 3413 3736 haec
3456 3683 3536 3736 ira
3594 3699 3716 3752 quae

2129 3776 2315 3832 divina
2344 3774 2724 3831 misericordia
2760 3783 2921 3828 antea
2957 3775 3300 3844 quiescebat,
3332 3775 3416 3828 via
3464 3775 3568 3830 hac
3617 3776 3721 3831 ad--

2132 3881 2328 3923 versus
2355 3865 2663 3922 obstinatos
2713 3863 3002 3933 A'lgyptios
3033 3863 3332 3918 incederet.
3367 3860 3463 3917 Vel
3505 3862 3666 3920 aliter
3696 3881 3712 3916 :

2131 3959 2395 4016 Semitam
2433 3957 2578 4012 Deus
2605 3957 2802 4026 angelo
2839 3955 2987 4020 fecit,
3023 3955 3124 4024 qui
3172 3953 3552 4024 Egyptiorum
3606 3954 3718 4024 pri-

2130 4053 2405 4124 mogenita
2435 4059 2554 4106 erat
2590 4048 2880 4106 occisurus
2906 4086 2923 4113 ,
2973 4061 3040 4102 ne
3085 4048 3151 4101 ad
3196 4047 3480 4116 obsignata
3527 4046 3716 4100 limina

2133 4144 2456 4199 declinaret.
2483 4139 2642 4196 llunc
2673 4138 2818 4194 enim
2841 4137 3094 4210 angelum
3143 4136 3416 4207 Propheta
3450 4136 3586 4190 iram
3622 4135 3718 4192 Dei

2132 4213 2395 4309 appellat,
2421 4243 2685 4306 tanquam
2711 4232 2808 4287 ira:
2840 4231 3176 4286 ministrum.

2206 4414 2274 4468 Et
2305 4429 2408 4469 non
2437 4413 2670 4484 pepercit
2699 4429 2730 4464 a
2753 4421 2918 4464 morte
2947 4408 3228 4463 animabus
3252 4423 3454 4462 eorum.
3485 4409 3610 4463 ﬂare
3634 4419 3720 4464 est

2135 4506 2348 4562 decima
2382 4505 2560 4576 plaga,
2598 4501 2723 4558 Non
2751 4503 3016 4573 pepercit,
3052 4500 3272 4572 inquit,
3305 4517 3338 4554 a
3370 4509 3574 4566 morte,
3615 4501 3720 4556 hoc

2137 4612 2254 4666 est,
2285 4614 2395 4654 non
2445 4599 2710 4654 abstinuit
2749 4595 3042 4668 quominus
3089 4594 3399 4656 occideret;
3443 4608 3541 4648 seu
3593 4591 3721 4648 Non

525 4685 922 4795 τᾷίνθανατοῦν,
947 4685 1144 4790 {abth
1185 4719 1243 4772 δὲ
1289 4717 1537 4786 δηλονότι
1583 4717 1695 4770 τῶν
1739 4720 2010 4789 πρωτοτό·

2138 4695 2392 4765 pepercit,
2417 4691 2550 4747 dum
2575 4705 2670 4746 eos
2698 4689 2992 4745 occideret.
3017 4685 3084 4740 Et
3109 4686 3255 4756 quod
3279 4687 3392 4740 ait:
3422 4685 3720 4740 Animabat

446 4834 581 4872 κων.
616 4818 690 4870 Ἦ
718 4816 813 4869 καὶ
850 4813 1048 4879 ἄλλως,
1089 4811 1272 4882 ψυχὰς
1313 4809 1385 4863 τὰ
1419 4809 1747 4880 πρωτότοκα
1789 4808 2030 4877 νοήσεις,

2140 4802 2345 4852 eorum,
2381 4784 2452 4840 de
2484 4780 2867 4854 primogenitis
2895 4778 3158 4848 loquitur.
3210 4775 3332 4831 Non
3375 4778 3720 4847 pcrpercisse

446 4867 912 4978 dig-iambuxabii
941 4867 1048 4976 ei};
1077 4867 1220 4971 έγαν
1251 4867 1511 4971 στοργήν.
1573 4901 1696 4954 Οὐκ
1753 4867 2010 4968 ἐφείσατι

2144 4886 2328 4933 autem
2375 4875 2550 4931 Deum
2601 4871 2737 4927 dicit
2785 4869 3167 4941 primogenitis
3198 4907 3217 4936 ,
3247 4868 3377 4938 quia
3425 4883 3456 4922 a
3498 4867 3608 4923 Deo
3650 4869 3719 4922 ad

450 5001 508 5054 δι
529 4999 673 5065 εἷπε,
703 5000 838 5054 διότι
878 4995 1259 5066 Τελευτήσει,
1284 4993 1442 5066 φησὶ,
1478 4991 1604 5050 πᾶν
1655 4995 2039 5060 πρωτότοκον

452 5093 522 5146 ἐν
559 5091 639 5161 τῇ
673 5094 950 5162 Αιγύπτῳ
991 5089 1112 5144 ἀπὸ
1147 5087 1528 5155 πρωτοτόκου
1561 5083 1792 5152 Φαραὼ,
1835 5085 1904 5152 ὃς
1930 5085 2039 5139 κά·-

2145 4970 2388 5039 Moysem
2417 4965 2625 5021 dictum
2648 4973 2732 5020 est
2765 4980 2778 5017 :
2821 4962 3018 5018 Peribit
3055 4977 3208 5017 omne
3230 4962 3631 5031 primogenitum
3665 4961 3722 5013 in

2146 5060 2398 5130 Egypto,
2433 5073 2467 5113 a
2492 5057 2838 5128 primogenita
2866 5055 3165 5110 Pharaonis
3185 5054 3275 5123 qui
3293 5051 3437 5106 sedet
3456 5052 3508 5104 in
3535 5052 3719 5104 throno

653 5141 765 5236 ἐὲτῖ
1062 5141 1166 5232 καὶ
1186 5141 1322 5242 ’ἕως
1355 5173 1464 5229 τοῦ
1501 5141 1896 5243 πρωτοτόκου.
1928 5171 2010 5239 τῆ

2149 5172 2310 5227 usque
2331 5155 2401 5209 ad
2414 5153 2819 5222 primogenitum
2848 5149 3078 5212 ancillae,
3114 5162 3231 5218 quae
3253 5153 3330 5198 est
3353 5142 3495 5211 apud
3528 5141 3720 5196 molam

454 5234 955 5345 depazairncftﬁc
995 5234 1156 5340 παρὰ
1200 5234 1314 5323 te»:
1334 5234 1560 5337 μύλον,
1600 5267 1697 5320 καί
1740 5265 1851 5332 ἕως
1887 5234 2010 5334 apto

2144 5263 2193 5309 et
2228 5266 2390 5322 usque
2411 5250 2480 5304 ad
2509 5247 2914 5320 primogenitum
2942 5241 3175 5299 omnium
3207 5250 3457 5306 pecorum
3482 5234 3553 5290 ".

455 5371 708 5425 τοτόκου
738 5368 966 5432 παντὸς
996 5366 1282 5434 κτήνους.

528 5461 641 5517 Καὶ
689 5463 762 5517 τὰ
788 5459 985 5530 κτήνη
1017 5455 1218 5513 αὐτῶν
1256 5458 1344 5521 εὶς
1391 5453 1657 5509 θάνατον
1712 5451 2036 5507 συνέκλει-

537 5584 584 5617 ¹⁰
624 5581 796 5636 Exod.
829 5597 884 5644 ι,
916 5578 1003 5631 15.
1065 5575 1110 5608 ’³⁸
1147 5573 1320 5627 Exod.
1350 5587 1453 5636 ιιι,
1483 5569 1575 5634 29,
1597 5568 1688 5625 30.

2219 5437 2286 5492 Et
2315 5450 2505 5506 pecora
2562 5445 2742 5486 eorum
2795 5429 2850 5480 in
2898 5431 3065 5479 morte
3117 5415 3397 5473 conclusit.
3458 5411 3588 5468 Hac
3637 5415 3724 5466 cst

1801 5656 2000 5719 Variae
2034 5651 2371 5715 lectiones.

545 5806 656 5879 (87)
689 5803 875 5861 Graece
905 5797 1178 5855 subditur.
1217 5791 1440 5848 Verbum
1459 5788 1596 5843 enim
1623 5782 1928 5852 ὡδοποίησε
1951 5780 2067 5834 licet
2087 5773 2434 5844 compositum
2456 5771 2544 5837 sit,
2569 5764 2856 5836 simplicem
2888 5770 3058 5814 tanton
3085 5755 3235 5811 habet
3262 5749 3722 5822 signi/irationem.
