4082 6230
438 233 571 317 ,διδ

1693 235 2075 298 EUTHYMII
2115 239 2478 301 ZlGABENI

3609 250 3710 313 8l5

456 349 651 413 quinta
692 343 869 414 plaga.
902 344 1179 396 Perierunt
1209 341 1374 405 enim,
1405 340 1602 411 inquit,
1634 359 1821 411 pecora
1851 349 2026 400 omnia

2131 366 2263 406 σεν.
2342 355 2510 407 Τοῦτο
2570 355 2798 425 πέμπτη
2853 356 3056 429 πληγή.
3128 359 3524 431 Ἐτελεύτησε
3587 367 3716 437 γὰρ,

467 435 866 506 Ατῖῃξψιὶοτυηι,
904 449 964 485 ea
996 434 1205 487 scilicet
1239 448 1360 502 qua:
1387 440 1542 486 erant
1585 433 1640 486 in
1696 435 1862 503 agris.
1896 435 2037 490 Cano

465 528 618 580 clusit
651 536 851 586 autem,
891 523 992 576 hoc
1025 535 1109 578 est
1137 563 1150 586 ,
1188 523 1618 593 Comprehendit
1647 565 1660 588 ,
1694 526 1766 578 ita
1805 533 1861 579 ut
1897 525 2037 596 fugae

460 620 647 670 nullus
685 613 847 668 luerit
870 614 1043 668 locus.
1080 613 1194 679 Vel,
1217 614 1669 684 Compreheudit,
1704 615 1757 670 id
1789 628 1893 684 est,
1931 616 2038 673 Oc-

456 713 615 763 cltlit.

535 803 697 856 Vnus.
737 802 824 856 51.
852 800 914 854 Et
937 800 1194 868 percussit
1224 815 1375 852 omne
1398 799 1799 870 primogenitum
1818 800 1871 853 in
1896 798 2037 854 terra

468 892 706 962 lEgypti.
741 893 953 962 Repetit
985 907 1291 946 sermonem
1325 889 1390 944 de
1434 893 1832 961 primogenitis.
1866 893 2038 946 Cane-

464 988 542 1039 ris
573 985 772 1055 quippe
803 985 1058 1038 omnibus
1099 983 1270 1052 plagis
1295 983 1407 1034 hasc
1439 985 1690 1038 acerbior
1723 983 1843 1037 fuit.

537 1161 814 1216 Primitias
877 1160 1047 1213 omnis
1101 1157 1300 1212 laboris
1346 1173 1528 1211 eorum
1577 1157 1634 1210 in
1685 1141 2038 1210 tabernaculis

468 1258 657 1312 Citam.
686 1254 964 1308 Primitias
994 1253 1098 1305 hoc
1119 1252 1174 1305 in
1205 1251 1346 1316 loco,
1377 1265 1475 1320 pro
1497 1250 1772 1318 prmcipua
1799 1263 1856 1302 re
1879 1249 2036 1310 dixit,

466 1364 531 1402 ac
563 1349 733 1416 magis
774 1344 1036 1416 pretiosi.
1069 1341 1312 1396 Perdidit
1360 1343 1506 1395 enim
1533 1378 1549 1404 ,
1597 1340 1817 1408 inquit,
1888 1355 2040 1392 omne

463 1437 905 1508 primogenitum,
964 1433 1066 1487 hoc
1128 1441 1232 1497 est,
1271 1429 1473 1486 Omnes
1527 1431 1804 1498 primitias.
1839 1431 2037 1484 laboris

465 1545 667 1584 eorum.
691 1528 793 1582 Per
817 1528 1055 1581 laborem
1093 1532 1297 1588 autem,
1325 1523 1592 1578 bonorum
1629 1537 1693 1576 ac
1721 1523 2040 1577 substantia:

465 1621 868 1690 possessionem
894 1616 1147 1684 intelligit
1175 1633 1188 1669 :
1227 1629 1292 1668 eo
1317 1614 1463 1684 quod
1492 1628 1621 1667 cum
1673 1615 1859 1668 labore
1907 1629 2037 1680 pos-

2140 443 2293 512 φησὶ,
2314 442 2510 497 πάντα
2542 446 2610 498 τὰ
2633 445 2822 513 κτήνη
2854 446 2973 500 τῶν
3006 452 3380 518 Αἰγυπτίων·
3409 455 3613 527 δηλαδὴ
3653 461 3722 511 τὰ

2139 533 2196 584 ἐν
2226 537 2336 597 τοῖς
2361 537 2585 599 πεδίοις.
2610 538 2683 589 Τὸ
2708 538 2762 590 δὲ
2787 540 3216 609 Συνέκλεισεν,
3249 545 3371 598 ἀντὶ
3401 548 3518 612 τοῦ,
3561 551 3722 604 Συνέ-

2141 642 2268 695 σχεν
2301 627 2582 697 ἀφύκτως,
2617 629 2797 682 εἷτουν
2828 632 3166 686 ἐθανάτωσε.

2209 795 2319 849 Kal
2363 798 2626 862 ἐπάταξε
2671 801 2794 856 πᾶν
2823 805 3203 870 πρωτότοκον
3230 811 3300 864 ἐν
3333 813 3410 882 γῇ
3430 816 3716 883 Αἰγύπτῳ.

2151 887 2629 960 Ἐπαναλαμσὰνει
2659 891 2750 945 τὸν
2786 894 2967 962 λόγον,
2999 900 3092 952 τὸν
3127 903 3258 972 περὶ
3290 905 3398 958 τῶν
3437 911 3714 976 πρωτοτό-

2139 997 2270 1032 κων.
2334 985 2478 1036 Διότι
2529 987 2624 1039 καὶ
2673 987 2978 1061 δριμυτέρα
3013 992 3122 1046 τῶν
3173 995 3352 1048 ἄλλων
3415 1001 3447 1068 ἡ
3499 1001 3718 1071 τοιαύτη

2142 1077 2350 1146 πληγή-

2220 1165 2531 1234 Ἀπαρχὴν
2566 1172 2796 1238 παντὸς
2830 1175 3022 1229 πόνου
3062 1177 3264 1233 αὐτῶν
3291 1181 3361 1233 ἐν
3382 1182 3508 1249 τοῖς
3569 1199 3722 1252 σκη-

2139 1254 2370 1324 νώμασι
2407 1258 2552 1326 Χάμ.
2593 1261 2878 1333 Ἀπαρχὴν
2908 1265 3146 1320 ἐνταῦοα
3191 1269 3252 1322 τὸ
3307 1271 3586 1343 ἐξαίρετον
3620 1279 3715 1328 καὶ

2138 1346 2467 1415 τιμιώτερόν
2519 1368 2703 1420 φησιν.
2736 1353 2967 1420 ’Λνεῖλε,
3001 1359 3156 1424 φησὶ,
3191 1361 3300 1413 πᾶν
3348 1364 3722 1431 πρωτότοκον,

2140 1440 2258 1510 ἦτοι
2283 1443 2541 1514 ἀπαρχὴν
2569 1447 2770 1509 παντὸς
2796 1449 2956 1502 πόνου
2986 1450 3165 1503 αὐτῶν
3189 1468 3204 1483 ο
3243 1453 3405 1506 πόνον
3451 1456 3506 1508 ἑὲ
3538 1459 3724 1512 αὐτῶν

2139 1533 2239 1599 τὴν
2267 1538 2459 1604 κτῆσιν
2494 1536 2771 1608 ὀνομάζει,
2801 1540 2878 1604 ὡς
2911 1542 3056 1611 πόνῳ
3077 1545 3365 1616 κτωμένην
3387 1563 3401 1577 ·
3435 1549 3630 1618 κτῆσιν
3663 1551 3722 1604 δὲ

2141 1627 2237 1677 καὶ
2271 1627 2338 1680 τὰ
2393 1627 2578 1682 τέκνα.
2651 1632 3040 1702 Ἐκτησάμην
3100 1638 3231 1708 γὰρ,
3300 1640 3496 1708 φησὶν,
3561 1643 3722 1695 υἱόν.

467 1714 775 1767 siileantur.
812 1707 1185 1762 Posscssionis
1221 1720 1350 1760 vero
1377 1708 1596 1760 nomine
1624 1706 1726 1775 ipsi
1757 1705 1918 1758 etiam
1943 1707 2026 1758 lilii

2141 1717 2484 1787 Σκηνώματοι
2529 1719 2585 1772 δὲ
2638 1721 2766 1792 Χὰμ
2802 1701 3152 1793 ήΑἵγνπτος.
3177 1701 3256 1782 ⁷Ὀ
3294 1701 3399 1800 γὰο
3424 1701 3722 1798 Αέγυπτος,

466 1808 835 1859 continentur.
887 1799 1105 1854 Possedi
1144 1799 1323 1862 enim,
1351 1798 1566 1867 inquit,
1605 1797 1777 1865 ﬁlium
1829 1797 1897 1849 τ’.
1936 1795 2036 1852 Per

466 1898 812 1952 tabernacula
843 1903 1023 1948 autem
1056 1892 1249 1956 Cbam,
1282 1891 1456 1960 ipsam
1491 1888 1781 1962 Egyptum
1835 1889 2036 1943 intelli-

464 1993 564 2060 git,
590 1990 658 2043 ab
689 1988 925 2058 Egypto
977 1999 1101 2053 rege
1127 1984 1202 2037 ita
1245 1983 1593 2052 appellatam,
1641 1983 1734 2052 qui
1783 1996 1812 2035 a
1861 1982 2031 2037 Cham

466 2085 574 2136 tiho
603 2081 713 2135 Noe
753 2079 1003 2133 trahebat
1030 2077 1318 2145 originem.
1347 2073 1647 2144 Utrumque
1668 2075 1812 2141 enim
1836 2090 2032 2129 nomen

463 2176 611 2242 regio
645 2173 733 2227 illa
768 2170 974 2224 habuit.
1008 2167 1069 2221 lit
1104 2168 1230 2235 quia
1257 2165 1426 2220 Cliam
1479 2166 1723 2220 omnium
1777 2167 1985 2235 primus
2014 2205 2028 2228 ,

463 2282 581 2320 eatu
611 2263 911 2324 habitavit,
941 2269 996 2314 et
1027 2259 1155 2328 quia
1176 2299 1191 2322 ,
1227 2265 1285 2312 ut
1312 2258 1552 2312 diximus
1580 2297 1594 2322 ,
1637 2255 1905 2328 Egyptus
1937 2272 2029 2312 rex

463 2359 516 2411 in
547 2371 608 2408 ea
647 2355 910 2423 regnavit.
947 2350 1084 2403 Illud
1119 2350 1284 2403 etiam
1310 2349 1715 2402 observandum
1751 2358 1856 2413 est,
1881 2349 2028 2419 quod

463 2467 526 2504 ex
561 2450 745 2502 decem
780 2444 1002 2514 [Egypti
1037 2443 1228 2512 plagis,
1265 2440 1534 2507 Propheta
1558 2441 1646 2496 hic
1669 2452 1872 2511 septem
1904 2451 2028 2496 tan-

2140 1807 2234 1876 ἀφ’
2265 1802 2498 1881 οὗπερή
2553 1812 2828 1879 Αἴγυπτος
2877 1815 3196 1889 ὠνομάσθη,
3239 1821 3576 1890 πρόπαππον
3604 1823 3724 1894 εἷχε

2138 1898 2230 1952 τὸν
2260 1901 2412 1970 Χᾶμ,
2459 1902 2554 1955 ἕνα
2581 1905 2689 1957 τῶν
2735 1906 2858 1959 Νῶε
2909 1909 3076 1962 υἱῶνο
3115 1910 3322 1983 ὥστεή
3374 1915 3514 1984 αὐτὴ
3564 1915 3725 1985 χώρα

2138 1987 2357 2056 λέγεται
2387 1991 2459 2062 γῆ
2489 1993 2640 2064 Χὰμ,
2675 1995 2770 2048 καὶ
2817 1998 2887 2068 γῆ
2940 2000 3240 2068 Αἰγύπτου,
3281 2004 3374 2056 καὶ
3418 2005 3724 2074 Αἴγυπτος.

2142 2081 2360 2152 Πρῶτος
2415 2085 2522 2156 γὰρ
2572 2089 2600 2140 ὁ
2634 2088 2762 2159 Χάμ
2793 2090 2996 2162 ταύτην
3032 2091 3236 2163 ᾤκησε.
3292 2096 3724 2166 Παρατηρητέον

2137 2175 2193 2228 δὲ
2226 2178 2332 2243 ὅτι,
2366 2178 2477 2231 τῶν
2517 2180 2744 2252 πληγῶν
2768 2182 2902 2236 δέκα.
2937 2184 3134 2246 οὐσῶν,
3185 2186 3294 2238 τῶν
3338 2188 3478 2240 ἐπτὰ
3510 2189 3724 2256 μόνυνὸ

2137 2267 2304 2320 Δαὸἱδ
2366 2268 2459 2322 νῦν
2526 2273 2928 2342 ἐμνημόνευσε,
2969 2275 3171 2345 παρεὶς
3217 2276 3309 2330 τὸν
3357 2279 3580 2341 σκνίπα,
3623 2280 3723 2331 καὶ

2136 2356 2234 2421 τὰς
2263 2360 2576 2426 φλυκτίδας,
2611 2365 2704 2417 καὶ
2731 2365 2792 2418 τὸ
2817 2364 3138 2436 ψηλαφητὸν
3181 2368 3371 2432 σκότος
3397 2386 3409 2399 ·
3445 2361 3522 2424 ὧν
3552 2370 3723 2425 πάλιν

2133 2449 2204 2501 τὰ
2229 2451 2324 2504 δύο
2351 2455 2410 2505 ἐν
2447 2454 2523 2525 τῷ
2554 2453 2627 2526 ρδ’
2647 2456 2846 2528 ψαλμῷ
2868 2457 3104 2524 ἐξέθετο.

461 2551 575 2596 tum
604 2546 978 2595 connumerat.
1007 2531 1140 2588 Nam
1176 2541 1230 2588 et
1252 2532 1483 2588 culicem
1509 2534 1715 2600 omisit,
1745 2543 1794 2589 et
1817 2543 2105 2601 tremores,
2141 2547 2194 2594 et
2224 2544 2522 2614 palpabiles
2589 2548 2846 2604 tenebras
2882 2566 2897 2603 :
2967 2565 3198 2622 quorum
3271 2558 3454 2608 tamen
3517 2553 3722 2608 memi-

461 2639 540 2692 nit
579 2637 633 2691 in
665 2633 874 2704 psalmo
901 2630 1198 2686 centesimo
1228 2636 1450 2698 quarto.

531 2731 693 2785 Vens.
729 2728 817 2783 52.
851 2725 917 2779 Et
947 2723 1167 2778 abstulit
1218 2725 1352 2778 sicut
1381 2739 1496 2778 oves
1547 2723 1797 2793 populum
1851 2741 2028 2784 suum.

461 2823 657 2876 Eduxit
689 2820 830 2875 enim
861 2833 957 2873 eos
991 2816 1073 2888 (vi
1112 2816 1381 2886 quadam)
1421 2829 1489 2869 ex
1521 2813 1778 2887 ASgypto,
1809 2817 2033 2886 duxque

461 2918 541 2970 eis
582 2914 792 2968 itineris
827 2911 948 2966 fuit.
979 2909 1203 2964 Curavit
1239 2909 1395 2977 item,
1425 2916 1479 2966 et
1508 2908 1670 2978 fovit,
1704 2925 1812 2966 non
1851 2925 2032 2977 secus,

459 3024 521 3062 ac
549 3017 732 3076 pastor
757 3020 882 3059 oves
916 3004 1189 3074 proprias.

2202 2728 2316 2786 Kal
2346 2729 2579 2801 ἀπῆρεν
2605 2732 2685 2798 ὡς
2711 2735 2974 2802 πρόϐατα
3032 2734 3139 2789 τὸν
3181 2736 3338 2790 λαὸν
3367 2737 3580 2794 αὑτοῦ.
3626 2740 3720 2794 Ἀο

2132 2824 2380 2894 πήγαγεν
2413 2825 2612 2889 αὐτοὺς
2637 2825 2744 2878 ἀπὸ
2761 2829 2856 2896 τῆς
2887 2826 3188 2895 Αἰγύπτου,
3212 2829 3421 2900 ὁδηγῶν
3444 2835 3536 2899 καὶ
3555 2849 3717 2906 περι-

2132 2916 2300 2983 έπων,
2332 2917 2406 2980 ὡς
2430 2915 2632 2988 ποιμὴν
2664 2918 2914 2988 πρόϐατα

533 3098 597 3152 Et
624 3098 804 3152 eduxit
833 3112 920 3150 eos
948 3105 1200 3162 tanquam
1245 3110 1451 3166 gregem
1488 3095 1546 3148 in
1601 3093 1828 3150 deserto.
1880 3095 2026 3150 idem

2202 3096 2315 3150 Kal
2351 3096 2656 3167 ἀνήγαγεν
2682 3097 2907 3167 αὐτοὺς
2935 3099 3017 3167 ὡς
3053 3103 3338 3171 ποίμνιον
3382 3103 3453 3156 ἐν
3485 3103 3710 3174 ἐρήμῳ.

462 3206 656 3248 rursus
680 3189 876 3257 repetit
903 3189 1046 3256 quod
1089 3189 1319 3242 dixerat.

534 3284 695 3336 Vsus.
727 3280 817 3334 55.
854 3279 920 3332 Et
946 3279 1124 3332 eduxit
1150 3295 1237 3332 eos
1269 3281 1321 3333 in
1354 3294 1442 3347 spe
1466 3318 1481 3343 ,
1523 3290 1697 3335 etnon
1720 3282 2028 3334 timuerunt.

458 3373 734 3426 Exeuntes
766 3369 986 3425 Judaeos
1015 3370 1186 3440 prima
1219 3378 1378 3424 nocte
1411 3370 1463 3423 iu
1519 3371 1663 3426 illius
1714 3371 2030 3441 promissio-

458 3467 544 3519 nis
573 3478 668 3532 spe
706 3461 946 3524 deduxit,
983 3475 1102 3529 quae
1130 3459 1272 3514 facta
1305 3459 1481 3514 fuerat
1510 3475 1538 3513 a
1590 3459 1699 3515 Deo
1731 3462 2023 3526 Abraham,

455 3555 675 3625 quando
705 3554 752 3607 ei
783 3551 943 3606 dixit:
967 3551 1312 3621 Cognoscens,
1337 3567 1610 3622 cognosces
1640 3568 1658 3606 :
1684 3554 1821 3622 quod
1846 3553 2022 3606 incola

456 3649 554 3702 erit
579 3661 749 3705 semen
787 3653 932 3696 tuum
983 3643 1037 3694 in
1064 3652 1205 3696 terra
1249 3641 1472 3712 Egypti
1495 3680 1510 3706 ,
1558 3654 1606 3697 et
1640 3644 1694 3696 in
1722 3644 2023 3698 servitutem

453 3756 540 3794 eos
571 3738 802 3806 redigent
826 3774 841 3798 ,
874 3734 1233 3804 aﬂligentqne,
1277 3743 1326 3787 et
1381 3733 1728 3788 Immi'liabunt
1755 3752 1840 3790 eos
1869 3737 2021 3789 annis

453 3825 870 3896 quadringentis.
929 3821 1143 3876 Gentem
1184 3831 1360 3876 autem
1402 3822 1588 3887 illam,
1655 3825 1741 3878 cui
1801 3827 2020 3879 servient

445 3917 701 3988 judicabo
723 3930 837 3984 ego,
861 3923 908 3967 et
930 3914 1146 3966 exibunt
1169 3913 1316 3968 illinc
1334 3930 1450 3967 cum
1482 3915 1646 3968 multo
1665 3924 1922 3984 apparatu
1950 3917 2016 3971 ⁷³.

455 4008 530 4061 Ea
567 4017 744 4062 autem
779 4014 938 4060 nocte
971 4014 1233 4061 exeuntes
1263 4021 1370 4060 non
1399 4007 1717 4064 timuerunt.
1750 4007 1884 4062 Nam
1924 4025 2020 4079 po-

451 4110 566 4154 stea
597 4111 972 4166 saepenumero
1000 4097 1057 4150 iii
1086 4112 1298 4151 summa
1339 4098 1555 4152 fuerunt
1580 4096 1890 4152 formidine.

522 4273 588 4326 Et
618 4274 856 4327 inimicos
889 4290 1067 4328 eorum
1099 4275 1298 4342 operuit
1347 4291 1512 4330 mare.
1568 4275 1671 4330 Per
1719 4277 1972 4333 inimicos
1997 4318 2013 4344 ,

447 4381 541 4422 eos
574 4367 843 4435 intelligit,
883 4367 976 4436 qui
1019 4368 1274 4435 populum
1304 4369 1574 4436 persecuti
1607 4377 1757 4436 sunt,
1801 4371 1868 4425 de
1893 4374 2016 4442 qui-

448 4459 678 4527 busjam
717 4459 974 4513 diximus.

523 4549 867 4605 Vens.5.i.Et
882 4550 1090 4604 induxit
1112 4565 1196 4604 eos
1221 4551 1274 4603 in
1302 4559 1526 4604 montem
1551 4553 2008 4620 sanctiﬁcationis.

447 4638 680 4695 Omissis
718 4641 783 4694 iis
809 4655 929 4708 quae
955 4641 1007 4692 in
1035 4654 1219 4694 eremo
1241 4641 1608 4709 contigerunt,
1643 4659 1765 4697 cum
1798 4646 1851 4698 in
1874 4661 2010 4716 prae.

448 4731 766 4786 cedentibus
786 4732 1118 4786 narrationis
1136 4733 1315 4786 locum
1345 4738 1823 4804 praeoccupaverit,
1842 4740 2011 4810 loqui-

449 4833 537 4875 tur
576 4836 721 4878 nunc
751 4822 818 4875 de
853 4830 995 4875 terra
1030 4823 1431 4892 promissionis.
1471 4825 1544 4880 De
1592 4837 1775 4883 monte
1806 4833 2004 4888 etenim

449 4909 689 4978 loquitur
707 4906 858 4971 Sion,
875 4909 1039 4963 veluti
1061 4911 1113 4964 in
1135 4912 1385 4966 universa
1403 4915 1619 4982 regione
1633 4917 2012 4986 celeberrimo;

2132 3190 2206 3242 Τὸ
2236 3189 2366 3241 αὐτὸ
2400 3189 2560 3243 πάλιν
2595 3189 2779 3260 φησιν.

2201 3280 2312 3334 Kal
2357 3281 2673 3350 ὡδήγησεν
2728 3283 2951 3350 αὐτοὺς
2998 3285 3094 3339 ἐπ’
3134 3285 3333 3341 ἐλπίδι
3362 3325 3378 3354 ,
3440 3288 3537 3342 καὶ
3593 3290 3710 3344 οὐκ

2128 3372 2492 3430 ἑὸειλίασαν.
2542 3376 2834 3444 Ὠδήγησεν
2883 3379 3082 3442 αὐτοὺς
3112 3375 3504 3451 ὲξερχομένους
3543 3383 3603 3434 ὲν
3634 3384 3705 3453 τῇ

2130 3463 2320 3536 πρώτη
2353 3466 2508 3518 νυκτὶ
2531 3481 2545 3496 ·
2575 3467 2662 3519 ἐπ’
2689 3468 2865 3521 ἑλπίδι
2896 3470 2972 3532 δὲ,
3003 3473 3068 3540 τῇ
3101 3471 3202 3542 τῆς
3228 3473 3580 3541 ἐπαγγελίας,
3603 3474 3706 3540 τῆς

2128 3557 2265 3627 πρὸς
2299 3557 2391 3609 τὸν
2440 3557 2710 3628 Ἀϐραάμ.
2742 3559 2944 3630 Εἵρηκε
2971 3563 3079 3634 γὰρ
3105 3563 3242 3632 πρὸς
3275 3565 3438 3617 αὐτὸν
3463 3567 3491 3618 ὁ
3517 3566 3650 3629 Θεός
3683 3584 3698 3598 ο

2125 3648 2451 3702 Γινώσκων
2483 3649 2708 3718 γνώσῃ,
2743 3650 2828 3702 ὅτι
2859 3652 3147 3718 πάροικον
3174 3655 3344 3709 ἔσται
3365 3656 3431 3709 τὸ
3461 3657 3702 3726 σπέρμα

2124 3757 2240 3796 σου
2287 3743 2356 3795 ἐν
2384 3741 2460 3811 γῇ
2494 3741 2602 3810 (88)
2637 3744 2746 3795 οὐκ
2782 3742 2900 3810 ὶδίᾳ
2924 3761 2936 3773 ·
2982 3745 3078 3797 καὶ
3123 3745 3548 3802 δουλώσουσιν
3593 3751 3703 3802 αὐ·-

2122 3833 2284 3900 τοὺς,
2325 3833 2421 3887 καὶ
2453 3833 2914 3900 ταπεινώσουσι,
2942 3836 3038 3888 καὶ
3064 3835 3452 3892 κακώσουσιν
3471 3839 3698 3904 αὐτοὺς

2121 3925 2225 3992 ἐτη
2262 3926 2612 3991 τετρακόσια
2635 3941 2649 3956 ο
2693 3925 2758 3978 τὸ
2786 3925 2856 3977 δὲ
2882 3927 3058 3993 ἔθνος
3102 3922 3150 3994 ᾧ
3181 3928 3258 3982 ἂν
3291 3929 3694 3995 δουλεύσωσι,

2120 4015 2301 4084 κρινῶ
2337 4016 2470 4085 ἐγὼ,
2525 4017 2623 4070 καὶ
2685 4017 3109 4083 ἐξελεύσονται
3173 4015 3290 4075 ὦδε
3342 4023 3492 4092 μετὰ
3548 4025 3695 4078 ἀπο-

2119 4108 2352 4175 σκευῆς
2395 4109 2652 4178 πολλῆς.
2707 4111 2819 4162 Οὐκ
2871 4111 3172 4164 ὲδειλίασαν
3219 4113 3274 4165 δὲ
3321 4115 3380 4165 ἐν
3433 4118 3498 4186 τῇ
3533 4114 3695 4168 νυκτὶ

2119 4197 2301 4268 ἐκείνῃ
2322 4214 2336 4228 ο
2371 4197 2594 4269 ὕστερον
2619 4200 2727 4270 γὰρ
2755 4201 2848 4254 καὶ
2880 4203 3020 4255 πάνυ
3055 4201 3377 4259 ὲδειλίασαν.
3402 4192 3406 4197 ’

2189 4289 2294 4342 Kal
2329 4287 2472 4354 τοὺς
2518 4291 2769 4358 ἐχθροὺς
2818 4293 3017 4346 αὐτῶν
3061 4294 3332 4363 ἐκάλυψε
3381 4297 3686 4352 θάλασσα.

2119 4378 2565 4443 Καταδιὼκοντας
2595 4381 2771 4435 ὀπίσω
2809 4384 2988 4436 αὐτῶν
3008 4401 3022 4416 ο
3052 4385 3270 4454 εἴρηται
3300 4385 3357 4438 δὲ
3393 4388 3518 4458 περὶ
3559 4389 3686 4442 τοὺ-

2038 4455 2090 4514 D
2116 4487 2240 4524 των.

2184 4560 2298 4617 Kal
2355 4563 2676 4632 εισήγαγεν
2731 4567 2955 4634 αὐτοὺς
3008 4572 3094 4634 εὶς
3125 4570 3264 4636 ὄρος
3318 4559 3687 4640 ἁγιὰσματοζ-

2116 4655 2324 4710 αὑτοῦ.
2366 4656 2445 4708 Τὰ
2494 4657 2636 4709 κατὰ
2683 4657 2781 4728 τὴν
2826 4659 3028 4728 ἔρημον
3074 4662 3464 4729 ἀποσιωπήσεις
3499 4663 3582 4716 διὰ
3624 4667 3685 4717 τδ

2116 4748 2502 4820 προειληφέναι
2531 4748 2630 4818 τὴν
2656 4748 2905 4820 διήγησιν
2939 4751 3140 4815 αὐτῶν,
3174 4751 3267 4805 νῦν
3300 4754 3545 4822 περὶτῆς
3576 4753 3683 4822 γῆς

2115 4841 2215 4910 τῆς
2258 4841 2588 4909 ἐπαγγελίας
2611 4841 2879 4906 διέξεισιν.
2920 4844 3084 4913 Ὄρος
3111 4844 3216 4914 γὰρ
3258 4844 3405 4912 λέγει
3433 4846 3492 4897 τὸ
3518 4846 3678 4908 Σιὼν,

2110 4932 2186 4994 ὡς
2220 4930 2640 5001 γνωριμώτερον
2671 4931 2770 5002 τῆς
2804 4932 2908 5001 γῆς
2956 4933 3172 5002 ἐκείνης
3227 4933 3376 5003 ὅλης.
3411 4935 3574 5006 Ὄρος
3621 4934 3680 4987 δὲ

446 5015 498 5060 et
533 5000 985 5056 sanctiﬁcationis
1021 5012 1260 5056 montem
1295 5005 1550 5074 appellat,
1583 5021 1650 5061 eo
1679 5010 1824 5077 quod
1871 5010 2013 5064 inter

2130 5027 2474 5096 ὶγιάσματος,
2497 5000 2570 5089 ὡς
2597 5000 3073 5096 ἀπονενεμημένον
3111 5000 3176 5098 ’τῇ
3204 5000 3449 5097 melamp-
3471 5000 3680 5097 catith

447 5101 672 5148 cretei-os
703 5092 1018 5161 praeeleetus
1051 5093 1143 5158 sit,
1172 5101 1230 5147 ut
1261 5093 1313 5146 iu
1345 5110 1410 5148 eo
1444 5096 1664 5154 hederis
1692 5114 1818 5154 area
1857 5101 2011 5156 liahi-

447 5193 606 5240 taret.
649 5183 846 5237 Arcam
879 5193 1059 5238 autem
1106 5183 1326 5240 foederis
1371 5189 1860 5245 sanctiticationein
1915 5209 2014 5262 ap-

445 5278 738 5346 pellabant.
777 5276 987 5332 Dicitur
1020 5279 1186 5333 etiam
1217 5294 1374 5336 mons
1407 5291 1636 5338 sanctus
1665 5324 1678 5350 ,
1713 5286 1892 5356 _veluti
1941 5290 2010 5341 ab

443 5384 567 5424 arca
604 5369 816 5424 Domini
850 5372 1242 5427 sanctilicatus.

497 5478 842 5541 "Gen.tv,l
923 5481 965 5512 ⁷³
996 5481 1131 5534 Gen.
1176 5496 1242 5533 xv
1328 5482 1414 5543 15,
1452 5483 1538 5536 ll.

2109 5118 2216 5188 γὰρ
2261 5119 2489 5172 ἐκάλουν
2517 5119 2764 5186 ἀγίασμα
2791 5135 2806 5151 ο
2837 5119 3052 5189 λέγεται
3104 5120 3162 5174 δὲ
3198 5123 3290 5174 καὶ
3336 5119 3492 5190 ἅγιον
3525 5119 3677 5192 ὅρος,

2107 5210 2180 5274 ὡς
2204 5209 2462 5280 ἁγιασθὲν
2487 5210 2576 5264 ὑπ’
2602 5209 2794 5282 αὐτῆς.

1759 5554 1960 5617 Varire
1998 5557 2326 5623 lectiones.

511 5648 622 5718 (88)
660 5648 843 5707 Cra-ce
871 5652 920 5705 in
953 5664 1092 5708 terra
1117 5670 1214 5708 ncn
1246 5656 1483 5723 propria.
