4084 6210
381 321 491 388 819

1610 321 1999 382 ΕΠΤΗΥΜΙΙ
2034 320 2393 381 ZIGABENI

3528 317 3635 383 820

384 444 612 507 peccata
660 437 900 491 clamant
938 450 1121 489 coram
1154 435 1285 497 Deo,
1312 444 1475 505 atque
1525 444 1780 490 auctores
1825 448 1957 489 suos

2089 434 2289 506 ιδίωμα
2338 433 2395 486 δὲ
2428 432 2523 487 καὶ
2553 433 2729 496 ἄλλως
2782 432 2941 486 τοῦτο
2968 431 3066 502 τῆς
3118 428 3366 492 Παλαιᾶς
3394 427 3507 499 (89)
3544 430 3638 483 ἐπὶ

386 528 653 594 iudicant,
687 538 741 582 ct
770 524 1053 598 pr0palant
1075 540 1265 580 omnes
1296 525 1389 593 qui
1428 525 1556 578 talia
1588 525 1959 579 committunt.

386 618 484 674 Est
512 621 677 674 etiam
707 618 795 673 hic
844 617 1101 687 loquendi
1132 616 1325 671 modus
1353 616 1495 685 apud
1542 625 1781 670 veterem
1811 613 1964 669 Scri-

385 718 601 779 pturam
634 708 912 778 frequens,
946 718 1005 762 ut
1032 708 1278 763 auditum
1328 706 1437 763 Deo
1466 707 1723 772 ascribat,
1746 705 1966 776 quando

388 808 720 858 commotum
787 801 939 856 illum
994 816 1118 857 esse
1174 800 1450 871 signiﬁcat
1516 800 1585 855 ad
1643 799 1963 854 vindictam.

386 895 646 964 Dcspexit
681 902 864 949 autem
898 909 1013 958 eos,
1048 895 1150 949 hoc
1172 902 1279 959 est,
1323 908 1551 949 aversus
1583 903 1687 949 est.

455 986 527 1040 Et
584 986 809 1057 neglexit
873 986 1025 1041 valde
1082 984 1279 1040 Israel.
1328 983 1681 1040 lnltonoravit
1734 990 1790 1037 et
1833 995 1964 1036 con-

388 1078 722 1147 temptibiles
760 1076 1021 1133 reddidit.
1055 1075 1237 1131 Variis
1272 1076 1419 1130 enim
1471 1074 1729 1145 gentibus
1778 1081 1832 1126 et
1888 1072 1969 1126 di-

372 1168 567 1224 ‘versis
597 1171 939 1240 temporibus
976 1184 1070 1223 eos
1118 1171 1172 1221 in
1224 1168 1587 1239 captivitatem
1634 1163 1878 1229 tradidit,
1910 1170 1969 1218 ut

389 1262 442 1313 in
479 1260 617 1314 libro
646 1257 900 1313 Iudicum
936 1259 1257 1330 legimus".

458 1348 629 1406 Vens.
668 1350 758 1406 60.
813 1349 884 1405 Et
935 1352 1129 1423 repulit
1185 1351 1587 1406 tabernaculum
1640 1351 1781 1406 Silo.
1840 1350 1971 1416 Qua

388 1453 696 1510 sequuntur
745 1445 801 1499 in
847 1445 1026 1514 primo
1080 1443 1285 1515 Regum
1318 1445 1521 1515 scripta
1556 1454 1688 1499 sunt
1724 1463 1737 1498 :
1781 1457 1973 1513 quem-

389 1531 683 1586 admodum
738 1534 948 1588 scilicet
1007 1547 1133 1588 arca
1208 1534 1277 1590 ab
1341 1534 1558 1600 alienis,
1633 1536 1736 1588 hoc
1779 1542 1882 1597 est,
1941 1548 1971 1587 a

390 1619 683 1678 l’ltilistmis
716 1622 787 1676 sit
834 1630 1026 1693 capta;
1059 1632 1114 1678 et
1154 1621 1430 1693 quomodo
1484 1623 1749 1678 lsraclitae
1803 1622 1971 1678 occisi

391 1710 523 1774 sint,
555 1724 746 1765 eorum
813 1712 1061 1767 civitates
1112 1713 1169 1769 in
1217 1714 1459 1769 hostium
1518 1722 1843 1783 potestatem
1880 1714 1977 1769 de-

2066 527 2203 580 Θεοῦ
2231 526 2431 595 λέγειν,
2475 526 2538 580 τδ
2566 528 2873 581 Ἤκουσεν
2896 544 2908 556 ·
2948 525 3236 594 ὲμιρατνον,
3284 524 3366 577 ὅτι
3411 522 3639 593 ἐκινήθη

2068 622 2148 684 είς
2203 621 2502 690 ἐκδίκησιν.
2564 618 2856 688 Ὑπερεῖδε
2900 618 2979 683 δὲ,
3033 617 3156 672 ἀντὶ
3198 615 3315 682 τοῦ,
3357 616 3639 688 Παρείδεν,

2068 711 2399 783 ἀπεστράφη
2433 710 2652 773 αύτούς.

2140 979 2253 1035 Καὶ
2280 980 2652 1045 ἐξουδένωσε
2680 976 2916 1046 σφόδρα
2953 975 3060 1028 τὸν
3102 972 3373 1041 Ἰσραήλ.
3415 968 3649 1039 Ἦτίμα-

2074 1094 2187 1142 σεν,
2218 1074 2693 1145 εὐκαταφρόνητον
2725 1069 2973 1139 ἐποίησε.
3007 1067 3297 1136 Διαφόροις
3330 1064 3439 1134 γὰρ
3466 1062 3649 1116 ἔθνεσι

2070 1171 2343 1240 διαφόρως
2369 1167 2687 1239 παρέδωκεν
2737 1162 2900 1217 αὐτὸν
2928 1163 3008 1225 είς
3056 1155 3461 1229 αἰχμαλωσίαν,
3511 1153 3587 1217 ὡς
3618 1154 3651 1222 ἡ

2070 1260 2181 1315 τῶν
2211 1258 2432 1331 Κριτῶν
2474 1257 2656 1328 βίϐλος
2690 1255 2915 1322 ἱστορεῖ.

2143 1355 2253 1410 Kal
2291 1352 2575 1407 ἀπώσατο
2601 1348 2718 1415 τὴν
2749 1346 3000 1415 σκηνὴν
3030 1340 3262 1410 Σηλὼμ.
3296 1339 3377 1394 Τά
3404 1337 3655 1392 ἐντεῦθεν

2075 1448 2133 1502 ἐν
2152 1449 2219 1518 τῇ
2254 1444 2447 1516 πρώτῃ
2477 1442 2586 1496 τῶν
2632 1439 2925 1494 Βασιλειῶν
2950 1438 3293 1508 γέγραπται·
3335 1434 3483 1494 ὅπως
3508 1430 3653 1484 ἑάλω

2077 1540 2229 1611 παρά
2253 1539 2368 1601 τοῖς
2415 1534 2733 1604 ἀλλοφύλοις
2765 1535 2797 1604 ἡ
2846 1529 3100 1592 κιϐωτὸς,
3133 1527 3228 1581 καὶ
3271 1525 3421 1587 ὅπως
3455 1524 3507 1577 οἱ
3552 1522 3659 1575 ἰσ-

2079 1631 2339 1704 ραηλῖται
2391 1626 2840 1696 κατεσφάγησαν,
2896 1620 2991 1676 καὶ
3018 1622 3076 1676 αἱ
3117 1618 3304 1681 πόλεις
3334 1614 3660 1685 κατεσχέθη-

2079 1741 2197 1778 σαν.
2227 1721 2335 1778 Kal
2361 1721 2670 1781 ἀπώσατο,
2707 1716 2862 1787 φησὶ,
2898 1713 3013 1781 τὴν
3059 1711 3303 1778 σκηνὴν
3334 1706 3433 1777 τὴν
3478 1707 3536 1758 ὲν
3560 1704 3663 1772 Σηο

389 1802 664 1855 venerint.
724 1801 793 1855 Et
869 1806 1098 1873 repulit,
1149 1804 1329 1875 inquit
1379 1806 1780 1861 tabernaculum
1831 1807 1972 1876 quod

2086 1816 2226 1887 λὼμ,
2274 1817 2333 1869 ὲν
2382 1810 2684 1890 ᾖὲσκήνου
2738 1810 2827 1865 διὰ
2864 1808 2964 1878 τῆς
3006 1802 3265 1859 κιϐωτοῦ.
3316 1802 3380 1854 Et
3428 1798 3539 1867 γὰρ

390 1903 509 1947 erat
539 1895 595 1949 iu
641 1894 754 1950 Silo
806 1896 897 1950 ubi
950 1898 1229 1952 habitabat
1260 1906 1390 1954 tunc
1440 1898 1603 1955 Deus.
1644 1899 1775 1953 Erat
1830 1900 1974 1954 enim

388 1985 526 2053 illic,
561 1998 618 2041 ut
652 1988 917 2053 diximus,
948 2004 1074 2043 arca
1114 1988 1354 2045 Domini.
1387 1988 1523 2045 Nam
1557 1990 1603 2045 si
1653 1992 1978 2045 tabernacu-

395 2077 508 2132 lum
543 2078 672 2133 illud
700 2080 752 2133 in
775 2078 889 2134 Silo
908 2095 1017 2139 non
1039 2081 1351 2151 repulisset,
1386 2098 1493 2137 non
1521 2082 1885 2152 permisisset,
1918 2089 1978 2137 ut

393 2186 573 2226 arcam
615 2183 891 2242 caperent.

396 2262 397 2265 “
468 2264 940 2331 Tabernaculum,
993 2268 1131 2338 quod
1190 2270 1467 2323 habitabat
1531 2269 1584 2322 in
1657 2267 1975 2322 hominibus.

391 2357 625 2426 Propter
668 2373 851 2413 arcam
884 2361 1028 2414 cnim
1064 2361 1143 2416 sic
1174 2361 1331 2416 dicit.
1371 2360 1556 2416 Primo
1577 2360 1720 2416 enim
1757 2372 1980 2431 vitszepe

398 2448 660 2512 diximus,
711 2464 840 2504 arca
888 2450 1155 2506 habitavit
1208 2453 1262 2507 in
1306 2452 1443 2516 Silo,
1499 2462 1690 2524 postea
1739 2467 1871 2507 vero
1921 2452 1977 2507 in

394 2536 717 2597 Jerusalem.

471 2724 637 2780 Vens.
680 2725 770 2779 6|.
807 2724 877 2779 Et
918 2723 1140 2778 tradidit
1181 2725 1237 2778 iu
1277 2723 1640 2794 captivitatem
1687 2726 1979 2793 potentiam

397 2836 601 2884 eorum,
652 2828 703 2873 et
756 2819 1209 2888 pulchritudinem
1253 2836 1436 2874 eorum
1478 2820 1534 2873 in
1567 2813 1755 2874 manus
1798 2820 1982 2873 inimi-

400 2931 602 2970 corum.
641 2913 744 2969 Per
782 2915 1080 2985 potentiam
1116 2922 1169 2970 et
1230 2913 1721 2987 pulchritudinem,
1756 2915 1980 2985 quidam

400 3009 627 3080 lutclligi
653 3010 910 3064 dixerunt
940 3018 1195 3066 strenuos
1225 3009 1502 3079 quolisbet
1552 3025 1615 3064 ac
1667 3007 1839 3064 fortes
1888 3007 1985 3063 Ju-

2083 1910 2345 1981 ἁπώσατο
2363 1889 2590 1977 ταύτην,
2630 1905 2730 1957 οὐκ
2772 1902 2840 1955 ἂν
2872 1899 3027 1956 εἴασε
3057 1897 3157 1967 τὴν
3189 1892 3423 1950 κιϐωτὸν
3452 1889 3664 1961 ληφθῆ·

2085 2019 2175 2056 ναι
2206 2001 2357 2072 παρά
2376 2001 2485 2054 τῶν
2518 1996 2818 2066 πολεμίων.

2159 2272 2452 2339 Σκήνωμα
2479 2266 2510 2320 ὃ
2542 2260 3009 2327 κατεσκήνωσεν
3041 2254 3113 2309 ἐν
3143 2247 3502 2339 ἀνθρώποις.
3548 2242 3591 2298 Τ
3598 2241 3665 2339 ην

2089 2336 2363 2432 ouﬁvwotv
2415 2359 2481 2430 ἢν
2516 2354 2931 2423 κατεσκήνωσεν
2983 2350 3042 2401 ὲν
3089 2342 3397 2416 ἀνθρώποις
3429 2337 3518 2393 διὰ
3563 2336 3665 2432 τῆς

2088 2427 2345 2511 κιϐωτοῦ.
2376 2427 2600 2523 Πρῶτον
2624 2448 2753 2518 γὰρ,
2779 2447 2854 2509 ὡς
2886 2442 3324 2516 προειρήκαμεν,
3375 2435 3433 2488 ὲν
3457 2432 3523 2502 τῇ
3562 2427 3669 2497 Ση-

2086 2551 2211 2618 λὼμ
2245 2544 2566 2615 κατῴκησεν
2610 2544 2645 2612 η
2671 2536 2904 2601 κιϐωτός
2924 2551 2937 2566 °
2980 2534 3206 2604 ὕστερον
3238 2528 3295 2582 δὲ
3322 2524 3423 2597 τὴν
3461 2524 3664 2595 Ἱερουο

2091 2642 2274 2713 σαλὴμ
2302 2637 2605 2707 ἐξελέξατο.

2158 2705 2268 2791 Kal
2299 2705 2647 2801 παρέδωκεν
2667 2724 2754 2792 είς
2774 2719 3194 2792 αἰχμαλωσίαν
3214 2714 3329 2782 τὴν
3351 2709 3533 2780 ἰσχὺν
3562 2705 3671 2801 αὐ-

2089 2828 2228 2891 τῶν,
2255 2824 2354 2879 καὶ
2378 2796 2498 2890 τὴν
2525 2815 2840 2884 καλλονὴν
2863 2811 3063 2868 αὐτῶν
3078 2812 3164 2876 είς
3187 2806 3389 2877 χεῖρας
3417 2796 3668 2871 ἐχθρῶν.

2103 2922 2280 2993 ’ἰσχὺν
2324 2921 2417 2971 καὶ
2445 2913 2715 2984 καλλονὴν
2765 2909 2909 2973 τινὲς
2961 2908 3062 2977 μὲν
3090 2904 3218 2967 τοὺς
3266 2898 3540 2993 μαχίμου-ς
3572 2891 3670 2993 καὶ

2094 2986 2350 3085 ἀρίστους
2384 3007 2562 3062 αὐτῶν
2615 3003 2881 3058 ἐκάλεσαν
2903 3016 2915 3029 ·
2952 2999 3177 3070 ἄμεινον
3228 2993 3285 3047 δὲ
3308 2990 3406 3061 τὴν
3434 2986 3670 3085 κιϐωτὸν

401 3103 644 3156 daeorum
673 3103 727 3157 iu
765 3102 905 3157 bello
944 3121 957 3157 :
994 3118 1185 3157 verum
1221 3104 1420 3158 melius
1449 3112 1552 3168 est,
1599 3110 1659 3155 ut
1708 3103 1979 3171 intelliga-

2093 3076 2268 3166 ούτως
2312 3097 2623 3170 ὀνομάζειν,
2658 3095 2733 3159 ὠς
2760 3090 3103 3164 ῥωννύουσαν
3138 3084 3336 3147 αὐτοὺς
3383 3081 3512 3152 ἄχρι
3544 3076 3669 3129 τότε

404 3210 527 3249 mus
584 3195 757 3263 ipsam
812 3209 994 3248 arcam
1054 3195 1131 3248 ita
1204 3195 1467 3264 appellari
1507 3211 1520 3248 :
1558 3193 1685 3264 quia
1743 3208 1979 3262 eousque

2092 3194 2189 3250 καὶ
2222 3192 2552 3263 κοσμοῦσαν.

404 3285 552 3339 vires
595 3299 660 3337 ac
686 3283 856 3339 robur
910 3285 1113 3355 populo
1176 3285 1529 3354 praestiterat,
1594 3293 1758 3355 atque
1817 3300 1987 3340 orna-

405 3384 673 3433 mentum.

412 3492 413 3497 η
481 3467 647 3523 Vens.
680 3466 770 3521 62.
805 3466 876 3521 Et
904 3468 1162 3522 conclusit
1201 3468 1259 3521 in
1296 3465 1476 3537 gladio
1513 3467 1763 3538 populum
1806 3485 1988 3533 suum,

410 3559 458 3611 et
486 3558 844 3614 hazreditatem
896 3577 1049 3615 suam
1088 3559 1345 3629 despexit.
1401 3558 1618 3631 Moyses
1648 3559 1851 3629 quippe
1896 3559 1989 3615 Dei

407 3651 784 3706 liceretlitatem
810 3667 903 3707 eos
930 3652 1245 3722 appellavit,
1266 3651 1425 3721 quasi
1460 3650 1562 3706 soli
1599 3649 1709 3705 Deo
1731 3651 1943 3705 dicatos
1970 3668 1984 3704 :

408 3742 582 3797 Facta
611 3752 690 3797 est
714 3743 883 3810 enim,
918 3728 1118 3813 inquit,
1176 3756 1304 3810 pars
1336 3741 1547 3795 Domini
1587 3744 1813 3809 populus
1852 3739 1990 3809 ejus,

405 3836 592 3901 Iacob,
644 3837 917 3905 funiculus
958 3834 1282 3889 hereditatis
1312 3826 1448 3905 ejus,
1482 3832 1656 3887 Israel
1676 3832 1742 3886 ".

479 4022 648 4077 Vens.
684 4022 775 4076 65.
808 4020 1033 4075 Iuvenes
1053 4036 1234 4075 eorum
1264 4019 1493 4074 comedit
1531 4020 1691 4091 ignis,
1722 4028 1771 4074 et
1818 4021 1950 4090 virgi
1974 4049 1991 4059 -

410 4130 498 4171 ne:
530 4131 707 4171 eorum
733 4132 837 4169 non
874 4124 998 4169 sunt
1034 4115 1364 4169 tamentam.
1414 4112 1539 4169 Hac
1582 4123 1765 4168 autem
1802 4114 1856 4167 in
1904 4112 1992 4167 hi-

411 4210 579 4264 storia
615 4208 936 4263 nominatim
973 4208 1174 4278 scripta
1200 4221 1310 4262 non
1354 4215 1509 4271 sunt,
1546 4221 1736 4260 verum
1769 4221 1834 4260 ex
1862 4218 1993 4274 quo,

397 4310 465 4357 'et
486 4302 764 4365 civitates,
796 4306 850 4357 et
882 4300 1079 4355 domus
1114 4315 1305 4355 eorum
1355 4305 1581 4353 vastata:
1615 4307 1768 4361 sunt,
1800 4296 1995 4351 verisi-

412 4393 542 4447 mile
562 4401 666 4460 est,
694 4401 753 4446 ut
773 4399 826 4445 et
857 4391 1257 4447 adolescentuli
1281 4391 1372 4460 qui
1394 4389 1639 4444 nondum
1662 4387 1990 4449 militabant,

2160 3462 2270 3517 Kal
2300 3458 2712 3514 συνέκλεισαν
2723 3457 2810 3521 εὶς
2828 3451 3131 3522 ῥομφαίαν
3158 3447 3264 3501 τὸν
3288 3445 3443 3499 λαὸν
3460 3440 3670 3505 αὑτοῦ,

2092 3558 2193 3613 καὶ
2224 3555 2340 3623 τὴν
2374 3549 2785 3624 κληρονομίαν
2814 3546 3000 3602 αὐτοῦ
3030 3540 3324 3611 ὑπερεῖδε.
3363 3538 3474 3591 Καὶ
3507 3538 3535 3590 ό
3576 3534 3675 3603 μὲ-

2092 3666 2195 3719 γας
2223 3645 2470 3713 Μωῦσῆς
2523 3641 2893 3711 κληρονομίαν
2923 3634 3059 3689 Θεοῦ
3103 3631 3331 3690 τούτους
3360 3628 3671 3696 ὠνόμασεν,

2091 3742 2166 3805 ὡς
2199 3740 2345 3811 μόνῳ
2372 3736 2490 3806 Θεῷ
2535 3731 2956 3802 ἀνακειμένους.
3008 3724 3298 3795 Ἐγενήθη
3330 3723 3463 3793 γὰρ,
3519 3722 3675 3790 φησὶ,

2088 3828 2261 3901 μερίς
2308 3826 2554 3894 Κυρίου,
2617 3822 2767 3889 λαὸς
2813 3818 3002 3874 αὐτοῦ
3056 3815 3287 3880 Ἰακὼϐ,
3345 3814 3680 3883 σχοίνισμα

2094 3919 2502 3989 κληρονομίας
2540 3916 2730 3970 αὐτοῦ
2760 3912 3035 3980 Ἰσραήλ.

2167 4014 2314 4081 Τοὺς
2353 4013 2716 4075 νεανίσκους
2750 4007 2950 4064 αὐτῶν
2976 4003 3272 4075 κατέφαγε
3308 4001 3449 4068 πῦρ,
3473 4000 3568 4053 καὶ
3619 3999 3681 4051 αι

2096 4108 2381 4179 παρθένοι
2420 4104 2622 4159 αὐτῶν
2670 4104 2783 4156 οὐκ
2825 4099 3279 4166 ὲπενθήθησαν.
3305 4095 3441 4162 Περὶ
3473 4092 3679 4146 τούτων

2099 4203 2278 4275 ῥητῶς
2313 4201 2411 4272 μὲν
2438 4199 2537 4268 οὐχ
2562 4199 2844 4266 ἱστόρηται
2867 4210 2881 4225 ο
2922 4191 3329 4263 πιμπραμένων
3363 4188 3419 4242 δὲ
3448 4186 3559 4240 τῶν
3579 4184 3680 4239 πός

2096 4296 2233 4351 λεων
2264 4295 2359 4349 καὶ
2387 4294 2494 4347 τῶν
2523 4292 2732 4355 οἰκιῶν,
2768 4288 2914 4349 είκδς
2942 4284 3399 4353 ἐναπολειφθῆναι
3450 4281 3680 4345 ταύταις

2086 4389 2436 4451 νεανίσκους,
2473 4384 2625 4438 οὓπω
2658 4380 3187 4453 στρατευσαμένους,
3222 4379 3317 4431 καὶ
3347 4374 3681 4445 συνδιαφθα-

413 4500 523 4539 una
550 4500 674 4539 cum
709 4483 965 4538 domibus
1006 4482 1184 4538 exusti
1234 4482 1461 4546 fuerint,
1531 4490 1585 4536 et
1643 4480 1791 4552 quod
1830 4480 1979 4549 virgi-

2102 4481 2268 4554 ρῆναι
2288 4494 2302 4508 '
2332 4476 2426 4531 καὶ
2452 4476 2509 4530 αἱ
2538 4474 2802 4545 παρθένοι
2829 4473 2886 4526 δὲ
2918 4471 3120 4536 αὐτῶν,
3154 4470 3235 4532 είς
3264 4467 3509 4523 δουλείαν
3536 4470 3682 4522 ἀττα-

414 4592 512 4633 ncs
548 4590 741 4632 eorum
774 4576 829 4630 in
881 4576 1258 4647 captivitatem
1309 4574 1486 4628 ductae
1535 4589 1644 4627 non
1706 4572 1979 4627 habuerim

2105 4572 2341 4641 χθείσαι,
2389 4567 2489 4622 οὐκ
2536 4566 2694 4636 ἔσχον
2744 4564 2921 4617 ὀπίσω
2948 4563 3077 4625 τοὺς
3108 4558 3442 4623 πενθοῦντας
3486 4561 3681 4623 αὐτάς,

416 4669 652 4738 aliquos,
714 4667 807 4739 qui
861 4682 1052 4722 earum
1103 4665 1472 4721 calamitatem
1519 4673 1614 4718 aut
1647 4671 1884 4719 mortem
1912 4664 1998 4717 Iu-

418 4771 660 4829 gerent:
702 4777 826 4815 cum
884 4769 1141 4831 parentes
1204 4769 1257 4815 et
1311 4760 1530 4829 cognati
1580 4773 1776 4814 omnes
1824 4757 1996 4814 occisi

420 4862 627 4919 essent,
660 4863 754 4909 aut
788 4855 993 4924 pariter
1022 4854 1077 4909 iu
1110 4852 1483 4922 captivitatem
1515 4851 1646 4906 acti.

495 4944 660 5001 Vens.
708 4947 795 5001 64.
842 4945 1153 5001 Sacerdotes
1181 4961 1360 4998 eorum
1391 4945 1447 4998 in
1475 4943 1654 5015 gladio
1680 4941 1999 4998 ceciderunt.

2104 4658 2191 4718 οἷα
2219 4662 2315 4715 καὶ
2344 4659 2598 4728 πατέρων
2626 4658 2721 4712 καὶ
2776 4655 3031 4726 μητέρων
3076 4653 3172 4707 καὶ
3204 4653 3490 4720 συγγενῶν
3510 4670 3525 4686 ·
3571 4654 3681 4707 τῶν

2109 4757 2207 4826 μὲν
2235 4752 2620 4827 ἀνῃρημένων,
2647 4750 2756 4803 τῶν
2786 4748 2843 4802 δὲ
2871 4746 3467 4819 ὲξηνδραποδισμένων.

2178 4943 2243 4994 Ol
2280 4937 2455 5006 ἱερεῖς
2483 4934 2682 4990 αὐτῶν
2712 4934 2783 4987 ἐν
2796 4930 3064 5000 ῥομφαίᾳ
3092 4929 3339 4984 ἔπεσον.
3379 4930 3569 5001 Ὀρφνὶ
3590 4934 3683 4983 καὶ

419 5038 632 5110 Orphni
681 5039 827 5093 enim
874 5047 929 5091 et
966 5036 1201 5091 Phincos
1251 5035 1346 5090 ﬁlii
1391 5033 1536 5101 Ileli,
1584 5034 1678 5103 qui
1730 5047 1836 5088 una
1878 5032 1979 5086 c'uu

2101 5033 2308 5096 Φινεὲς,
2357 5031 2463 5083 υίοὶ
2528 5028 2703 5093 Ἠλεὶ,
2760 5028 2811 5079 οί
2855 5024 3269 5091 συνεξελθόντες
3317 5025 3383 5094 τῇ
3435 5024 3680 5094 κιϐωτῷ,

425 5149 551 5189 arca
613 5133 832 5189 Domini
893 5131 1178 5196 exierant,
1244 5132 1313 5186 ab
1377 5128 1629 5185 hostibus
1691 5127 1979 5191 interempt

2101 5126 2240 5199 ὁμοῦ
2275 5123 2641 5196 ἀνῃρέθησαν.

424 5237 575 5283 sunt.

501 5320 569 5374 Et
617 5322 788 5376 vidum
816 5337 998 5375 eorum
1038 5336 1141 5373 non
1191 5318 1567 5383 plorabuntur.
1615 5315 1858 5381 Tempus
1901 5312 2008 5365 im-

2175 5307 2282 5363 Καὶ
2339 5309 2397 5360 αἱ
2456 5305 2635 5375 χῆραι
2691 5302 2880 5359 αὐτῶν
2911 5303 2983 5356 οὐ
3035 5298 3506 5365 κλαυθήσονται.
3565 5296 3683 5350 Οὐκ

430 5414 682 5477 int-tavit,
717 5429 813 5483 pro
847 5413 1072 5481 plorata:
1115 5427 1217 5463 non
1270 5394 1415 5462 sunt.
1455 5406 1586 5460 Nam
1619 5413 1674 5457 et
1723 5404 1852 5473 ipsze
1898 5419 1979 5456 un.

2103 5398 2377 5471 ἐπενοήθη
2390 5417 2487 5452 σαν
2509 5416 2522 5429 ·
2554 5396 2867 5467 ἀντιχρονία
2894 5394 3003 5467 γάρ
3027 5391 3309 5447 κάνταῦθα
3328 5406 3341 5419 ·
3372 5389 3686 5463 ἀναιρεθεῖ-

426 5614 435 5641 ι
475 5594 520 5625 τε
553 5590 688 5648 Ibid.
733 5593 818 5661 ιι.

1713 5678 1906 5739 Varia:
1936 5678 2267 5741 lectiones.

506 5791 615 5861 (89)
637 5788 968 5845 Subauditur
996 5787 1239 5857 Γραιρῆς,
1266 5794 1321 5840 ut
1345 5798 1483 5855 saepe
1523 5781 1675 5836 alias.
