4084 6210
361 347 472 428 321'

1517 368 1662 426 COM
1675 367 1725 424 Μ
1740 365 1906 424 ΕΝΊῖ
1947 366 2021 423 ΙΝ
2058 363 2188 422 PSA
2202 355 2422 423 LMOS.

3487 368 3595 428 82?.

359 491 450 526 σαι
482 468 610 546 γὰρ,
651 477 682 546 ἢ
735 477 830 528 καὶ
855 477 1450 545 ὲξανδραποδισθεῖσαι,
1479 478 1579 529 οὐκ
1633 477 1791 546 ἔσχον
1824 475 1902 527 οἰί

2033 481 2125 525 aut
2155 473 2374 534 occisae.
2405 480 2498 524 aut
2541 479 2675 526 actae
2711 471 2762 525 iu
2812 473 3205 542 captivitatem,
3247 475 3455 528 nullum
3499 477 3598 530 ha-

354 564 517 616 αὑταὶ
575 565 931 634 θρηνοῦντας,
967 569 1024 619 ὲν
1074 572 1191 630 ταῖς
1245 568 1456 619 ἑαυτῶν
1499 566 1716 618 πόλεσιν
1755 567 1924 636 aper,»

353 651 866 721 ὲξολοθρευθείσαις.

421 745 526 797 Kal
589 743 879 814 ἐξηγέρθη
939 748 1018 812 ὡς
1084 749 1293 803 ὑπνῶν
1350 751 1583 817 Κύριος.
1639 749 1850 814 Ὠσπερ
1895 748 1924 798 ὀ

343 834 538 887 ὑπνῶν
561 836 972 906 ἐξεγειρόμενος
996 841 1420 894 ἁποτινάσσεται
1440 841 1530 894 τὸν
1557 841 1745 904 ὕπνον,
1779 839 1922 893 οὔτω

347 925 445 976 καὶ
497 927 525 977 ὁ
575 925 778 995 Κύριος
813 929 1062 997 ἐγερθεὶς
1112 931 1209 998 ὀψέ
1248 949 1378 984 ποτε
1407 935 1488 994 εἰς
1518 933 1801 1001 ἀντίληψιν
1820 931 1923 999 τῆς

348 1015 585 1070 κιϐωτοῦ
618 1019 712 1070 καὶ
760 1020 855 1073 τοῦ
906 1022 1058 1083 λαοῦ,
1097 1025 1392 1088 δεδωκότος
1441 1025 1541 1095 ήδη
1601 1026 1700 1094 τὴν
1736 1025 1917 1094 δίκην,

345 1107 712 1172 ἀπετινάξατο
741 1113 841 1182 τὴν
885 1115 972 1185 ἐφ’
1003 1111 1086 1178 οἷς
1129 1118 1367 1173 τοσαῦτα
1417 1119 1589 1190 ἔδρων
1632 1119 1684 1172 oi
1737 1118 1919 1189 ἐχθροὶ

349 1199 757 1272 μακροθυμίαν.

425 1464 520 1528 Ὠς
547 1466 806 1534 δυνατὸς
825 1470 933 1524 καὶ
952 1475 1345 1540 κραιπαιικὸς
1369 1475 1438 1536 ἐξ
1460 1475 1760 1530 οἵνουἹὸν
1789 1492 1918 1546 προ-

342 1553 574 1607 λαϐόντα
609 1559 789 1629 στίχον
821 1563 901 1614 ἔτι
934 1566 1242 1633 σαφηνίζει,
1274 1566 1460 1630 Οὕτως
1487 1567 1782 1638 ἐξηγέρθη.
1815 1585 1918 1635 φη·

2027 566 2264 619 buerunt
2290 561 2384 632 qui
2409 577 2502 618 eas
2535 564 2773 634 ploraret
2799 580 2814 621 :
2851 564 3166 620 civitatibus
3197 566 3406 620 scilicet
3435 582 3595 636 pror-

2025 671 2119 711 sus
2149 656 2364 711 deletis.
2492 682 2496 685 ·
2754 657 2757 661 ’

2097 745 2266 802 Vens.
2317 745 2409 800 65.
2452 745 2518 799 Et
2572 748 2838 801 excitatus
2896 757 2972 802 est
3023 758 3274 817 tanquam
3334 748 3595 801 dormiens

2029 839 2308 894 Dominus.
2355 839 2830 906 Quemadmodum
2895 841 3173 894 dormiens
3225 841 3318 910 qui
3381 841 3594 892 tandem

2024 947 2274 988 somnum
2313 933 2520 987 excutit
2566 947 2691 986 cum
2741 933 3029 996 excitatur,
3083 933 3153 986 ita
3203 941 3256 987 et
3309 932 3594 991 Dominus.

2024 1039 2147 1078 sero
2175 1023 2324 1087 licet,
2360 1024 2412 1078 in
2447 1038 2588 1078 arca:
2612 1039 2676 1077 ac
2700 1025 2880 1093 populi
2911 1024 3174 1078 auxilium
3195 1023 3466 1078 excitatus
3487 1030 3594 1075 est.

2024 1115 2176 1170 Satis
2235 1116 2380 1169 enim
2432 1129 2622 1184 ptenas
2676 1115 2962 1170 dederant.
2997 1114 3596 1184 Lmtganimitatcmque

2023 1208 2168 1261 illam
2197 1220 2261 1260 ac
2305 1207 2617 1274 patientiam
2649 1209 2960 1262 excussisse
3000 1208 3148 1261 visus
3177 1215 3281 1270 est,
3324 1207 3394 1259 ob
3431 1219 3593 1273 quam

2009 1309 2172 1352 tanta
2223 1299 2408 1354 hostes
2438 1312 2678 1368 eousque
2724 1299 2983 1370 perlicere
3016 1308 3328 1370 potuerant.

2094 1475 2366 1546 Tanquam
2408 1487 2611 1544 potens,
2643 1487 2692 1531 et
2737 1481 3046 1544 crapulatus
3087 1495 3118 1529 a
3152 1477 3288 1528 riuo.
3328 1473 3402 1526 Ad
3438 1489 3596 1540 supe-

2020 1569 2185 1624 rioris
2210 1570 2464 1623 versiculi
2515 1569 2938 1623 declarationem
2989 1569 3101 1621 lnue
3155 1573 3591 1632 consequuntur.

342 1646 448 1708 σὶν,
496 1647 685 1719 ὥσπερ
719 1669 799 1714 τις
823 1653 1050 1719 δυνατὸς
1093 1657 1381 1728 ἄνθρωπος
1433 1660 1820 1730 κραιπαλήσας
1857 1660 1902 1727 ἐξ

2020 1658 2136 1714 Non
2169 1675 2351 1725 secus,
2382 1659 2582 1730 inquit.
2607 1659 2750 1713 Deus
2779 1660 3050 1713 excitatus
3079 1668 3184 1718 est.
3220 1659 3324 1710 hoc
3349 1663 3452 1717 est,
3484 1670 3591 1706 non

337 1736 485 1792 οἴκου
509 1757 521 1768 ·
558 1744 868 1811 περιττεύει
913 1748 1021 1817 γὰρ
1073 1751 1100 1802 ό
1129 1752 1239 1804 Καί
1265 1751 1565 1821 σύνδεσμος
1589 1768 1603 1782 ·
1635 1755 1662 1806 ὁ
1685 1752 1793 1822 γὰρ
1821 1754 1902 1806 δυ·

2020 1753 2218 1807 minori
2256 1767 2381 1808 cum
2410 1753 2606 1809 robore
2654 1770 2718 1808 ac
2755 1753 3117 1817 vehementia,
3169 1761 3332 1819 atque
3369 1747 3591 1803 excitari

338 1829 500 1892 νατδς
532 1835 929 1906 καραϐαρήσας
956 1839 1015 1904 ἐξ
1043 1842 1207 1904 οίνου,
1240 1843 1328 1896 ὅτε
1361 1845 1590 1916 ἀναστῇ,
1625 1844 1902 1917 σφοδρότε·

2021 1847 2160 1902 solet
2212 1845 2372 1900 homo
2424 1847 2699 1915 quispiam
2759 1845 2989 1901 summis
3030 1844 3292 1914 prteditus
3326 1840 3536 1894 viribus
3575 1855 3590 1890 :

312 1935 314 1938 '
339 1936 434 1988 ρον
476 1929 726 1994 κινεῖται,
761 1931 853 1982 καὶ
882 1933 1350 2005 ὁρμητικώτερον.

2020 1940 2167 2008 quod
2200 1941 2247 1996 si
2275 1940 2341 1994 ad
2375 1941 2628 2010 proprias
2666 1940 2812 1996 vires
2852 1939 2981 1993 illud
3020 1938 3184 1991 etiam
3218 1933 3506 1997 addiderit,
3533 1937 3592 1983 ut

311 2015 466 2096 .vino
512 2021 773 2089 repletus,
824 2039 888 2079 ac
937 2028 1252 2096 crapulatus
1304 2030 1398 2092 sit,
1450 2032 1664 2087 tametsi
1717 2032 1901 2102 aliquo
1942 2040 2187 2102 tempore
2241 2033 2311 2088 ob
2337 2033 2447 2086 vini
2480 2032 2774 2102 potentiam
2807 2045 3024 2100 sopore,
3052 2037 3146 2083 aut
3210 2026 3406 2095 capitis
3465 2039 3590 2092 gra-

333 2110 527 2164 vedine
553 2116 808 2183 occupari
841 2133 965 2172 eum
1001 2122 1303 2192 contingat,
1341 2123 1431 2178 ubi
1479 2138 1510 2177 a
1565 2138 1759 2178 somno
1841 2121 2157 2192 hujusmoili
2227 2123 2657 2189 consurrexerit,
2729 2122 3130 2182 vehementius.
3177 2128 3344 2188 atque
3419 2118 3591 2187 impe-

332 2214 551 2264 tuosus.
577 2199 736 2273 quam
767 2217 923 2264 antea
947 2212 1151 2266 moveri
1177 2214 1336 2268 solet.
1365 2213 1689 2284 Coujunctio
1711 2224 1894 2270 autem
1936 2215 2027 2269 illa
2061 2226 2134 2280 et,
2172 2216 2436 2270 abundat.

403 2295 509 2346 Kal
545 2295 805 2361 ἐπάταξε
827 2299 968 2366 τοὺς
987 2302 1242 2370 ἐχθροὺς
1262 2304 1450 2358 αὐτοῦ
1479 2307 1566 2371 εις
1598 2306 1669 2359 τὰ
1691 2307 1902 2359 ὀπίσω.

2084 2304 2250 2360 Vsus.
2282 2305 2370 2359 66.
2402 2306 2470 2358 Et
2497 2309 2750 2373 percussit
2780 2306 3022 2358 inimicos
3040 2319 3164 2356 suos
3195 2303 3247 2355 in
3267 2302 3585 2367 posteriora.

332 2383 406 2434 Τὸ
441 2383 750 2452 Ἑπὰτοξε,
809 2390 1046 2459 μάλιστα
1082 2393 1183 2463 μὲν
1229 2395 1296 2448 τὸ
1343 2396 1547 2450 ’Ᾱνεῖλε
1611 2397 1902 2466 σημαίνει·

2014 2395 2276 2462 Verbum,
2317 2396 2609 2456 Percussit.
2637 2397 2780 2465 apud
2814 2395 3183 2465 Scripturam,
3209 2402 3265 2447 ut
3295 2391 3586 2460 plurimum

333 2474 448 2528 ἔστι
473 2477 518 2530 δ”
550 2479 637 2531 ὅτε
667 2483 758 2534 καὶ
785 2482 970 2548 ἁπλῶς
999 2485 1197 2557 ἔπληξε
1221 2504 1233 2516 ’
1259 2487 1336 2552 ὡς
1386 2489 1481 2543 καὶ
1505 2489 1622 2544 νῦν.
1663 2487 1902 2560 Ἐπληξε

2013 2489 2303 2559 accipitur,
2346 2505 2444 2557 pro
2487 2487 2721 2542 Occidit.
2777 2485 3086 2554 Aliquando
3146 2493 3322 2536 tamen
3375 2482 3590 2550 simpli-

330 2567 442 2638 γὰρ
482 2570 606 2633 τοὺς
641 2571 974 2642 ἀλλοφύλους
1020 2578 1099 2640 είς
1134 2580 1234 2642 τὰς
1269 2580 1432 2650 ἕδρας
1461 2581 1657 2646 ὀπίσω,
1703 2580 1779 2645 ὡς
1811 2581 1902 2636 καὶ

2011 2580 2148 2632 citer
2175 2579 2446 2650 accipitur
2481 2595 2580 2648 pro
2620 2577 2962 2639 Verberavit,
2996 2585 3054 2629 ut
3095 2589 3262 2629 nunc.
3309 2572 3589 2627 Percussit

331 2659 363 2724 ἠ
392 2661 602 2729 ἱστορία
627 2663 866 2720 διδάσκει
888 2684 900 2696 ·
931 2668 1196 2740 εὐφήμως
1225 2671 1280 2727 δὲ
1313 2675 1419 2742 Εἰς
1441 2674 1512 2728 τὰ
1542 2674 1735 2730 ὀπίσω
1757 2671 1905 2743 εἷπε,

325 2749 503 2818 δηλῶν
533 2755 632 2819 τὰς
666 2756 848 2828 ἕδρας.

311 3013 314 3016 γ
407 2933 678 3002 Ὀνειδος
707 2938 948 2993 αἰώνιον
974 2939 1196 2996 ἔδωκεν
1226 2943 1452 3010 αὐτοῖς.
1481 2944 1722 3008 Ὀνειδος
1754 2945 1903 3012 λέγει

327 3023 428 3093 τὴν
449 3025 558 3078 τῶν
586 3027 757 3095 έδρῶν
783 3029 998 3102 πληγήν
1017 3049 1032 3062 ·
1069 3033 1199 3087 ἔνθα
1223 3035 1330 3104 γὰρ
1357 3035 1580 3104 εἰσῆγον
1603 3037 1702 3106 τὴν
1735 3036 1905 3091 κιϐω-

326 3112 441 3176 τὸν,
480 3115 657 3169 ἐκεῖσε
685 3117 746 3170 τὸ
786 3119 957 3185 πάθος
986 3121 1143 3176 τοῦτο
1174 3124 1316 3179 κατὰ
1339 3125 1554 3180 πάντων
1593 3126 1830 3196 ἐγένετο.

401 3291 514 3345 Καὶ
557 3295 837 3350 ἀπώσατο
881 3298 947 3351 τὸ
987 3300 1280 3369 σκήνωμα
1321 3301 1534 3372 Ἰωσήφ
1559 3321 1573 3336 ο
1625 3305 1724 3375 τὴν
1771 3307 1904 3376 σκή-

327 3402 517 3449 vui-3w,
546 3389 645 3456 τὴν
682 3389 739 3440 ὲν
779 3390 996 3461 Ἰωσὴφ,
1028 3395 1208 3446 εῐτουν
1239 3395 1336 3464 τὴν
1367 3396 1427 3450 ἐν
1457 3398 1568 3458 τοῖς
1588 3399 1760 3466 ὁρίοις
1802 3398 1903 3468 τῆς

329 3477 686 3546 κληροδοσίας
734 3481 827 3534 τοῦ
859 3482 1081 3552 Ἰωσήφ.
1137 3485 1238 3538 Τὸν
1265 3487 1508 3559 Ἐφραϊμ
1552 3487 1647 3542 νῦν
1699 3491 1902 3562 Ἰωσὴφ

325 3570 608 3635 ἐκάλεσεν,
637 3573 707 3636 ὡς
736 3575 849 3627 υίδν
893 3574 988 3628 τοῦ
1014 3575 1235 3647 Ἰωσήφ.
1286 3577 1460 3632 Ταυτὸ
1489 3581 1598 3652 γὰρ
1629 3581 1779 3650 λέγει
1810 3585 1904 3637 καὶ

326 3661 447 3725 νῦν,
477 3663 590 3730 τῷ·
640 3666 751 3720 Kal
791 3666 1073 3724 ἀπώσατο
1101 3670 1217 3738 τὴν
1265 3673 1510 3742 σκηνὴν
1554 3674 1786 3745 Σηλώμ.
1836 3675 1902 3728 Ἦ

325 3754 438 3823 ’ίάρ
469 3755 668 3827 Σηλὼμ
699 3759 858 3829 μερὶς
887 3754 954 3831 ἦν
984 3760 1084 3832 τῆς
1113 3761 1288 3832 φυλῆς
1313 3762 1578 3833 Ἐφραῒμ,
1609 3763 1684 3827 ὡς
1719 3764 1905 3834 προεξα-

329 3863 515 3915 ρηται.

397 3941 509 3995 Καὶ
543 3942 657 4010 τὴν
704 3944 912 4013 φυλὴν
952 3946 1202 4017 Ἐφραῒμ
1249 3951 1360 4004 οὐκ
1409 3950 1752 4014 ἐξελέξατο.
1810 3954 1902 4016 Εἰς

329 4033 613 4087 κατοικίαν
643 4039 738 4107 τῆς
764 4037 1024 4105 κισωτοῦ,
1056 4041 1145 4094 διὰ
1177 4042 1275 4106 τὰς
1298 4043 1645 4111 παρανομίας
1676 4043 1870 4114 αὐτῆς.

399 4210 505 4264 Kal
536 4211 856 4278 ἐξελέξατο
898 4217 1014 4284 τὴν
1068 4217 1277 4286 φυλὴν
1318 4218 1534 4275 Ἰούδα.
1592 4221 1687 4285 Εἰς
1743 4222 1902 4292 βασι-

327 4301 479 4355 λείαν
499 4319 513 4333 '
550 4304 708 4357 τοῦτό
742 4323 876 4378 φησι
906 4309 974 4360 δι’
1008 4309 1199 4362 ἑαυτὸν
1228 4313 1254 4364 ὁ
1291 4311 1474 4367 Δαϐίδ.
1498 4314 1898 4386 Παρεσιώπησε

2008 2680 2192 2725 autem
2227 2686 2322 2726 eos
2355 2680 2501 2725 retro
2544 2669 2598 2724 in
2650 2669 2894 2732 natibus,
2948 2677 3006 2722 ut
3061 2668 3348 2736 Scriptura
3402 2667 3583 2720 docet.

2006 2763 2352 2820 llouestioris
2403 2775 2586 2819 autem
2641 2762 2917 2819 sermonis
2951 2762 3126 2831 gratia
3175 2761 3338 2825 dixit,
3394 2759 3582 2822 Retro,

2003 2870 2099 2910 seu
2128 2856 2189 2908 In
2229 2858 2542 2922 posteriora.

2078 2944 2434 3014 Opprobrium
2464 2954 2716 2999 a'lernum
2765 2945 2908 2996 dedit
2943 2944 3036 2996 eis.
3088 2942 3190 2995 Per
3230 2942 3579 3012 opprobrium

2011 3039 2211 3091 vulnus
2243 3036 2374 3091 illud
2428 3037 2702 3104 intelligit,
2753 3037 2898 3105 quod
2946 3036 3254 3089 habuerunt
3307 3035 3358 3088 in
3400 3040 3582 3101 postc-

2013 3129 2144 3183 riori
2185 3128 2436 3198 corporis
2469 3139 2642 3200 parte.
2679 3129 3014 3196 Quocuuque
3063 3126 3206 3182 enim
3260 3140 3442 3180 arcam
3480 3126 3580 3179 du-

2008 3230 2214 3282 cerent,
2257 3220 2327 3274 ab
2367 3221 2512 3276 illius
2540 3220 2782 3274 vulneris
2813 3218 3004 3273 dolore
3035 3217 3471 3288 occupabantur.

2083 3312 2244 3367 Vsus.
2275 3313 2362 3368 67.
2395 3312 2466 3366 Et
2507 3313 2695 3381 repulit
2751 3310 3151 3365 tabernaculum
3195 3308 3412 3376 Joseplt.
3467 3309 3578 3362 lion

2007 3415 2092 3458 est
2137 3404 2390 3459 habitare
2442 3404 2584 3460 Deus
2641 3404 2841 3468 noluit,
2879 3403 2931 3456 in
2997 3401 3198 3457 ﬁnibus
3243 3399 3578 3455 haereditatis

2005 3492 2228 3566 Ioseph.
2258 3495 2360 3551 Per
2381 3495 2587 3566 Ioseph
2622 3505 2800 3550 autem
2835 3495 3011 3564 ipsam
3061 3493 3319 3563 intelligit
3375 3494 3575 3547 tribum

2009 3587 2291 3657 Ephraim,
2343 3589 2436 3657 qui
2498 3589 2640 3641 illius
2695 3587 2793 3640 luit
2824 3585 3046 3654 Joseph.
3103 3584 3345 3638 Similem
3397 3592 3576 3638 autem

2007 3679 2339 3733 sententiam
2373 3679 2630 3748 superius
2679 3677 2811 3730 dixit
2844 3675 3137 3743 PrOpheta,
3180 3674 3400 3742 quando
3449 3675 3530 3726 ait
3561 3689 3576 3726 :

2007 3771 2074 3821 Et
2107 3768 2295 3835 repulit
2346 3767 2744 3820 tabernaculum
2796 3765 2931 3819 Silo.
2983 3765 3115 3818 Erat
3168 3763 3316 3817 enim
3365 3761 3482 3815 Silo
3521 3761 3577 3816 in

2005 3868 2154 3915 sorte
2187 3861 2362 3914 tribus
2391 3859 2670 3929 Ephraim,
2695 3867 2752 3912 ut
2788 3856 3165 3927 prmdiximus.

2003 3981 2006 3983 λ
2081 3951 2145 4004 Et
2183 3951 2376 4005 tribum
2408 3951 2661 4021 Ephraim
2710 3967 2811 4003 non
2856 3949 3030 4018 elegit.
3077 3947 3135 4001 In
3176 3961 3319 4000 arca:
3369 3943 3576 4001 scilicet

2007 4043 2416 4098 habitationem.
2450 4044 2626 4112 Atque
2667 4045 2768 4096 hoc
2803 4041 2872 4096 ob
2902 4039 3109 4096 scelera
3164 4048 3220 4094 et
3255 4037 3586 4108 iniquitates

2001 4149 2218 4187 eorum.

2073 4223 2239 4280 Vens.
2261 4225 2350 4280 68.
2384 4224 2453 4278 Et
2488 4224 2641 4294 elegit
2685 4223 2877 4276 tribuni
2908 4221 3078 4275 Iuda.
3109 4220 3188 4275 Ad
3217 4233 3444 4288 regnum
3485 4217 3574 4272 ni-

2003 4317 2224 4372 mirum.
2266 4318 2378 4372 Hoc
2415 4325 2594 4370 autem
2632 4323 2854 4384 propter
2905 4313 3145 4381 seipsutn
3204 4311 3339 4365 dicit
3383 4311 3586 4364 beatus-

328 4393 385 4485 δέ
414 4393 483 4447 τὰ
523 4395 791 4452 κατὰ’τὸν
821 4398 1012 4467 Σαοὺλ,
1063 4401 1152 4455 ἵνα
1189 4402 1264 4472 μὴ
1313 4403 1440 4476 δόξῃ
1477 4404 1756 4478 διασύρειν
1796 4407 1896 4460 αὐ-

2009 4411 2196 4464 David.
2227 4410 2466 4463 lteticuit
2501 4419 2682 4462 autem
2711 4422 2833 4477 quae
2858 4407 2925 4461 ad
2957 4406 3176 4462 Saulem
3201 4405 3570 4477 pertinebant,

327 4484 443 4540 τόν.

403 4575 479 4630 Τὸ
514 4577 650 4647 ὄρος
689 4582 757 4635 τὸ
808 4584 962 4639 Σιὼν
1005 4585 1037 4640 ὃ
1088 4587 1426 4657 ἠγάπησεν.
1469 4590 1614 4645 Ἀντὶ
1648 4593 1746 4663 μὲν
1796 4594 1898 4664 τῆς

329 4667 505 4738 φυλῆς
535 4670 816 4742 Βενιαμὶν,
850 4673 915 4748 ἧς
955 4673 1024 4747 ἦν
1050 4681 1079 4732 ὁ
1103 4681 1295 4742 Σαοὺλ,
1321 4683 1606 4748 ἐξελέξατο
1645 4688 1744 4755 τὴν
1790 4703 1897 4754 φυ-

325 4759 424 4828 λὴν
463 4761 670 4828 Ἰούδα,
723 4761 792 4836 ἦς
845 4763 913 4837 ἦν
955 4770 984 4821 ὁ
1044 4772 1226 4826 Δαϐίδ.
1293 4773 1439 4826 ’Δντὶ
1498 4775 1556 4828 δὲ
1593 4776 1689 4828 τοῦ
1738 4777 1899 4848 ὅρους

325 4851 568 4922 Ἐφραῖμ
631 4859 762 4926 παρ’
982 4863 1010 4914 ὁ
1041 4862 1261 4933 Σηλὼμ,
1321 4865 1604 4932 ἐξελέξατο
1661 4869 1720 4921 τὸ
1773 4871 1900 4941 ὅρος

323 4942 488 5007 Σιὼν,
528 4946 660 5015 παρ’
697 4941 744 5015 ᾧ
781 4945 850 5021 ἦν
904 4953 936 5020 ἠ
993 4952 1370 5026 Ἰερουσαλήμ.
1419 4959 1801 5030 Ἀγαπηθῆναι
1841 4961 1899 5014 δὲ

325 5036 460 5088 αὐτὸ
483 5037 652 5106 λέγει,
683 5041 773 5094 διὰ
804 5042 864 5095 τὸ
915 5045 1320 5117 μεγαλυνθῆναι
1345 5049 1525 5112 τοῦτο,
1568 5053 1662 5104 καὶ
1697 5053 1900 5123 ὀνομα-

2005 4520 2071 4556 ne
2100 4503 2173 4555 illi
2209 4502 2496 4556 detrahere
2539 4501 2834 4555 videretur.

2075 4591 2306 4644 Montem
2337 4589 2486 4650 Sion.
2506 4606 2655 4658 quem
2676 4591 2886 4644 dilexit.
2916 4589 3023 4645 Pro
3067 4589 3212 4644 tribu
3246 4587 3392 4643 enim
3426 4586 3570 4642 Ben-

1996 4683 2193 4750 jamiu,
2226 4683 2294 4736 de
2329 4699 2432 4751 qua
2463 4681 2566 4735 I'uit
2588 4681 2740 4744 Sani,
2767 4681 2926 4750 elegit
2949 4681 3153 4735 tribum
3179 4679 3340 4744 Juda',
3377 4678 3445 4734 de
3461 4694 3570 4747 qua

2004 4786 2125 4829 erat
2157 4774 2322 4828 David
2353 4793 2366 4828 :
2394 4783 2448 4828 et
2483 4790 2582 4844 pro
2622 4782 2806 4828 monte
2825 4772 3106 4843 Ephraim,
3141 4772 3232 4826 ubi
3278 4781 3397 4824 erat
3427 4772 3570 4825 civi-

2003 4872 2089 4918 tas
2115 4864 2251 4929 Silo,
2287 4865 2455 4933 elegit
2507 4877 2744 4920 montem
2782 4864 2939 4931 Sion,
2995 4865 3048 4919 in
3081 4879 3191 4933 quo
3238 4862 3568 4917 Jerusalem.

2004 4954 2271 5009 Dilexisse
2297 4963 2479 5008 autem
2521 4954 2655 5010 dicit
2678 4953 2969 5008 Dominum
2997 4963 3238 5008 montem
3267 4950 3578 5020 Siou,qui:t~

1997 5063 2122 5101 eum
2156 5047 2467 5110 honoravit,
2497 5055 2551 5103 et
2583 5047 2851 5102 celebrem
2887 5047 3030 5117 apud
3087 5058 3281 5099 omnes
3301 5041 3564 5103 reddidit,

327 5127 454 5178 στὸν
502 5129 759 5195 γενέσθαι
803 5131 897 5200 ἀφ’
934 5130 996 5189 οὗ
1047 5135 1240 5206 χρόνου
1283 5137 1384 5208 τὴν
1423 5140 1658 5194 κιϐωτὸν
1703 5143 1896 5196 ὑπεδέ-

2009 5137 2064 5188 ιι)
2099 5151 2164 5191 eo
2218 5146 2484 5206 tempore,
2523 5153 2638 5207 quo
2683 5151 2811 5192 arca
2865 5137 3089 5193 {moeris
3118 5135 3250 5190 illuc
3303 5131 3566 5203 perducta

324 5214 477 5280 ξατο.

393 5311 504 5364 Καὶ
533 5312 924 5383 ᾠκοδόμησεν
954 5317 1036 5382 ὡς
1055 5321 1465 5387 μονοκέρωτος
1519 5321 1585 5375 τὸ
1625 5323 1891 5394 ἀγιάσμα

323 5395 528 5456 αὺτοῦ.
563 5434 632 5442 -
675 5405 1078 5477 ’ῼκοὸόμησεν
1109 5448 1123 5472 ,
1169 5411 1290 5463 ἀντὶ
1341 5412 1460 5474 τοῦ,
1509 5413 1889 5485 Οἰκοδομήσει,

326 5493 466 5547 κατὰ
529 5495 895 5566 ἀντιχρονίαν.
933 5500 1274 5568 Προφητεύει
1307 5501 1417 5572 γὰρ
1456 5503 1551 5555 νῦν
1611 5505 1738 5574 περὶ
1794 5507 1891 5559 τοῦ

326 5585 383 5636 ὲν
422 5583 818 5656 Ἰεροσολύμοις
853 5589 1082 5661 ὕστερον
1104 5593 1550 5664 οἰκοδομηθέντος
1579 5596 1708 5649 ναοῦ
1734 5597 1888 5668 παρὰ

326 5672 691 5743 Σολομῶντος.
722 5679 842 5732 Ἔτι
872 5679 928 5733 δὲ
959 5684 1053 5733 καὶ
1091 5683 1220 5751 περὶ
1250 5684 1347 5750 τῆς
1377 5687 1455 5746 εἰς
1495 5686 1556 5738 τὸ
1582 5687 1710 5756 ἑξῆς
1737 5688 1890 5756 βασι-

328 5762 479 5828 λείας
531 5769 631 5837 τῆς
687 5769 858 5844 φυλῆς
927 5773 1118 5828 Ἰούδα.
1182 5775 1446 5845 Ἐδήλωσε
1509 5777 1617 5846 γὰρ
1673 5778 1822 5847 αὐτῷ
1865 5779 1892 5831 ὁ

1994 5234 2102 5282 est.

2074 5319 2234 5375 Vens.
2269 5319 2356 5376 69.
2387 5320 2456 5374 Et
2503 5322 2786 5391 adiﬁcavit
2838 5320 2994 5392 quasi
3043 5318 3313 5372 unicomis
3351 5313 3566 5370 «sancti-

1997 5412 2297 5480 ﬁcationent
2363 5430 2538 5468 suam.
2583 5443 2655 5454 —
2704 5412 3015 5480 xEdi/icauit
3062 5426 3161 5480 pro
3219 5405 3572 5462 .‘Edilicabit.

2000 5504 2240 5573 Tempus
2269 5506 2414 5558 enim
2438 5507 2623 5574 posuit
2649 5520 2746 5574 pro
2781 5514 3050 5572 tempore.
3087 5499 3438 5570 Prophetiam
3465 5513 3566 5552 au-

2000 5602 2108 5646 tem
2138 5597 2301 5648 tradit
2329 5597 2395 5650 de
2426 5597 2650 5662 templo,
2676 5594 2817 5662 quod
2859 5609 2888 5644 a
2916 5592 3208 5646 Salomone
3235 5597 3567 5644 construen-

2001 5685 2130 5740 dum
2161 5697 2278 5741 crat
2343 5688 2395 5740 in
2418 5685 2744 5750 Jerusalem,
2785 5695 2840 5739 et
2879 5685 2946 5740 de
2986 5699 3176 5751 regno,
3222 5685 3367 5755 quod
3418 5681 3569 5735 futu-

2003 5793 2123 5834 rum
2149 5789 2266 5835 erat
2303 5783 2354 5836 in
2387 5780 2531 5836 tribu
2570 5778 2728 5836 Juda.
2758 5777 3074 5834 Rcvclatum
3105 5777 3249 5833 cuitu
3301 5776 3350 5832 ci
3386 5774 3570 5830 fuerat
