4084 6210
479 323 587 385 823

1706 329 2099 391 EUTHYMH
2135 329 2499 391 ZIGABENI

3586 330 3733 395 824

478 460 508 495 a
569 443 701 506 Deo,
747 442 1112 513 quandoait:
1153 441 1439 497 Suscilabo
1491 461 1661 498 semen
1732 455 1877 497 tuum
1929 456 2046 511 post

2166 446 2303 511 θεὸς,
2340 447 2421 500 ὅτι
2457 447 2812 514 Ἀναστήσω
2853 446 2919 500 τὸ
2957 447 3199 516 σπέρμα
3250 461 3367 501 σου
3409 447 3561 515 μετὰ
3615 448 3731 501 ae-

478 543 549 595 te,
610 533 804 602 quiest
842 531 906 584 de
958 540 1131 586 ventre
1190 543 1301 596 tuo,
1361 544 1408 587 et
1462 534 1774 603 pra'parabo
1842 551 2053 604 regnum

474 627 609 693 ejus,
644 624 726 677 hic
755 621 1044 691 a’diﬁcabit
1075 625 1325 693 templum
1368 626 1571 680 nomini
1599 642 1734 689 meo,
1770 635 1819 679 et
1853 628 2055 697 erigant

476 717 725 771 thronum
778 715 892 784 ejus
958 732 1121 786 usque
1185 718 1239 771 in
1303 718 1557 771 sa’culum
1603 718 1670 771 ’⁸.
1714 718 1849 772 Illud
1908 720 2054 773 enim

475 807 740 878 templum
777 808 879 862 hoc
915 808 968 862 in
1025 808 1150 863 loco
1198 809 1695 864 sanetiﬁcationem
1737 811 2051 881 appellavit.

478 899 542 951 Et
576 897 722 967 quod
751 898 866 955 ait:
899 900 1071 966 Quasi
1107 902 1378 956 unicornis
1414 901 1721 957 defectivus
1748 912 2053 968 estsermo,

478 1001 533 1045 et
565 991 898 1063 subintelligi
933 994 1094 1049 debet
1118 994 1309 1058 dictio,
1336 994 1522 1051 Cornu
1567 996 1736 1066 (quod
1765 1005 1824 1050 ut
1855 996 2057 1052 clarius

476 1083 728 1150 dignosei
765 1085 943 1155 possit
975 1086 1519 1142 animadvertendum
1548 1098 1655 1153 est,
1689 1088 1837 1157 quod
1866 1088 2056 1152 dictio,

481 1171 787 1241 Unicornis,
853 1182 938 1230 est
1000 1176 1225 1230 secundi
1299 1191 1485 1241 casus,
1540 1175 1687 1246 quod
1743 1193 1808 1230 ex
1869 1174 2057 1230 Grieca

476 1264 714 1318 lecrione
773 1279 961 1335 aperte
1000 1266 1389 1337 dignoscitur).
1435 1266 1645 1322 Sensus
1700 1274 1885 1320 autem
1950 1277 2057 1335 est,

478 1353 626 1421 quod
687 1356 789 1408 hoc
833 1357 1098 1424 templum
1175 1372 1204 1410 a
1258 1356 1548 1412 Salomone
1601 1357 2056 1426 construendum,

2154 537 2222 603 ὅς
2273 539 2443 592 ἐστιν
2484 539 2553 593 ἐκ
2587 538 2699 607 τῆς
2729 540 2964 604 κοιλίας
3006 555 3144 604 σου,
3168 538 3265 593 καὶ
3292 538 3589 608 ἑτοιμάσω
3618 538 3738 605 τὴν

2148 628 2478 692 βασιλείαν
2509 628 2731 683 αὐτοῦ·
2780 625 2960 693 οὗτος
3006 626 3393 696 οἰκοδομήσει
3440 623 3612 680 οἶκον
3654 625 3737 691 τῷ

2154 722 2403 790 ὀνόματὶ
2431 739 2569 790 μου,
2620 723 2718 776 καὶ
2758 721 3081 790 ἀνορθώσω
3118 721 3224 774 τὸν
3273 721 3491 789 θρόνον
3546 719 3737 773 αὐτοῦ

2151 812 2262 877 ἕως
2303 813 2411 866 τὸν
2438 812 2651 867 αἰῶνα·
2676 814 2859 867 ὅντινα
2927 812 3054 866 ναὸν
3093 811 3346 881 ἁγίασμα
3379 810 3628 863 ἐκάλεσε.
3661 809 3737 862 Τὸ

2150 907 2208 959 δὲ
2244 907 2335 973 Ὠς
2355 909 2788 976 μονοκέρωτος,
2826 907 3063 961 ἐλλείπει
3086 908 3149 960 τὸ
3183 908 3379 977 κέρας,
3410 906 3479 959 ἶν’
3510 906 3597 973 εἴη
3620 905 3738 958 Mo-

2155 1000 2457 1069 νοκέρωτος
2497 1001 2690 1069 κέρας.
2725 1002 2939 1071 Ὥσπερ
2975 1000 3085 1070 γὰρ
3134 1000 3229 1052 τοῦ
3270 998 3648 1067 μονοκέρωτος
3675 996 3738 1049 τὸ

2172 1094 2341 1161 κέρας
2375 1093 2434 1147 ἓν
2471 1095 2590 1147 ἐστι
2652 1095 2746 1147 καὶ
2802 1094 3064 1164 μέγιστον
3094 1134 3110 1156 ,
3151 1093 3245 1145 καὶ
3291 1090 3602 1154 κάλλιστον,
3640 1088 3740 1141 καὶ

2169 1181 2409 1252 ἰσχυρὸν,
2442 1183 2585 1237 οὕτω
2609 1185 2752 1238 καὶὸ
2774 1186 2899 1246 ναὸς
2941 1184 3035 1237 τοῦ
3080 1180 3215 1249 Θεοῦ
3275 1178 3358 1242 εἷς
3411 1179 3739 1249 ᾠκοδομήθη

2167 1273 2225 1322 ὲν
2258 1273 2353 1343 ὅλῃ
2386 1278 2453 1344 τῇ
2477 1278 2580 1345 γῇ,
2613 1277 2709 1329 καὶ
2772 1277 3030 1345 μέγιστος
3056 1314 3071 1337 ,
3125 1275 3220 1327 καὶ
3277 1272 3586 1338 κάλλιστος,
3644 1272 3747 1325 καὶ

2168 1363 2388 1434 ἰσχυρὸς
2411 1369 2477 1436 τῇ
2510 1371 2825 1437 κατασκευῇ
2854 1368 2949 1420 καὶ
2983 1367 3142 1437 μόνος
3179 1367 3341 1435 μόνου
3367 1364 3529 1417 Θεοῦ.
3642 1362 3645 1363 ⁷

478 1445 839 1502 aedilicabitur
868 1449 1229 1517 quasicornu
1261 1450 1535 1520 quoddam
1588 1452 1882 1507 unicornis.
1917 1449 2051 1505 Nam
2090 1457 2552 1523 quemadmodum
2575 1477 2746 1517 cornu
2774 1462 2903 1516 illud
2935 1462 3152 1515 unicum
3185 1466 3290 1522 est,
3332 1469 3387 1514 et
3418 1459 3743 1525 maximum,

482 1538 1029 1607 pulcherrimumque
1083 1543 1285 1612 pariter
1319 1558 1383 1598 ac
1418 1542 1798 1607 fortissimum,
1840 1544 1919 1599 sic
1969 1553 2023 1600 et
2055 1550 2275 1603 unicum
2323 1551 2433 1606 Deo
2476 1555 2734 1621 templum
2782 1562 2836 1608 et
2879 1555 3175 1609 maximum
3207 1552 3749 1622 pulcherrimumque

484 1640 765 1689 structura
795 1638 999 1706 pariter
1029 1652 1094 1690 ac
1122 1636 1484 1694 fortissimum
1508 1641 1561 1695 in
1593 1648 1705 1696 tota
1744 1639 1928 1696 Judaea
1951 1651 2328 1701 constructum
2372 1656 2477 1717 est,
2506 1651 2672 1706 veluti
2701 1650 2925 1705 unicum
2955 1658 3120 1720 atque
3150 1650 3241 1703 uni
3276 1648 3386 1704 Deo
3408 1647 3673 1704 dicatum.

557 1760 623 1811 In
651 1767 794 1813 terra
823 1758 1064 1827 fundavit
1089 1777 1203 1814 eam
1245 1763 1301 1815 in
1332 1763 1605 1817 sarculum.
1662 1765 1795 1819 Eam
1850 1766 2055 1820 tribum
2093 1776 2134 1832 ιι

486 1849 651 1903 Juda.
689 1848 968 1904 Stabilivit
992 1852 1135 1904 enim
1168 1866 1313 1917 eam,
1340 1853 1542 1921 inquit,
1600 1854 1654 1907 in
1686 1870 1748 1908 ea
1773 1863 1939 1919 terra,
1975 1855 2067 1911 ubi

485 1944 722 2009 habitat,
755 1944 831 1998 ita
859 1954 916 1998 ut
940 1944 1009 1998 ab
1045 1944 1302 1999 hostibus
1340 1945 1492 2000 illinc
1549 1946 1748 2017 expelli
1797 1962 1908 2001 non
1942 1962 2071 2018 pos-

489 2046 592 2093 set.
618 2038 774 2104 Quod
808 2053 941 2094 vero
979 2038 1055 2092 ait
1100 2037 1167 2091 In
1226 2039 1502 2102 steculum,
1564 2038 1709 2092 idem
1750 2048 1834 2093 est
1898 2038 2070 2108 quod,

486 2127 759 2197 Semper;
822 2144 1010 2183 verum
1078 2130 1379 2199 impr0prie
1430 2130 1544 2183 haec
1610 2128 1678 2183 de
1749 2131 1869 2199 ipsa
1924 2127 2070 2182 tribu

487 2222 633 2275 dicta
659 2228 792 2275 sunt
824 2235 840 2287 ;
886 2220 1165 2291 siquidem
1198 2220 1351 2275 illinc
1402 2220 1665 2292 expulsos
1693 2219 1870 2276 fuisse
1909 2219 2068 2275 vide-

488 2327 634 2368 ntus.

559 2405 728 2460 Vens.
749 2406 841 2463 70.
874 2404 945 2459 Et
970 2407 1123 2477 elegit
1145 2406 1317 2460 David
1349 2423 1553 2461 servum
1582 2422 1761 2471 suum,
1794 2414 1841 2460 et
1865 2420 2075 2459 assum-

489 2500 596 2568 psit
639 2515 754 2551 eum
775 2501 836 2553 de
859 2500 1100 2570 gregibus
1146 2502 1344 2566 ovium,
1399 2509 1539 2553 retro
1582 2499 1805 2568 fetantes
1867 2499 2073 2567 accepit

492 2607 633 2645 eum.
669 2589 800 2646 Vide
823 2591 1097 2662 quomodo
1124 2607 1252 2647 vere
1277 2606 1339 2646 ac
1370 2591 1695 2661 simpliciter
1737 2588 1934 2643 beatus
1965 2586 2075 2642 Da-

490 2685 583 2739 vid
609 2694 817 2750 narrat,
851 2701 971 2756 quae
1022 2684 1089 2739 ad
1121 2700 1181 2740 se
1231 2684 1530 2755 pertinent,
1561 2678 1838 2752 quomodo
1908 2678 2072 2734 fateri

494 2792 621 2832 non’
681 2776 980 2842 erubescit,
1034 2775 1182 2847 quod
1230 2774 1472 2845 pastoris
1529 2775 1755 2829 nomine
1828 2770 2073 2827 nondum

494 2870 692 2940 dignus
719 2875 858 2922 erat.
903 2865 1039 2922 Nam
1076 2866 1339 2921 utminus
1382 2864 1619 2919 idoneus
1649 2862 1888 2920 felantes
1943 2876 2075 2916 oves

2230 1772 2336 1827 Ἐν
2374 1772 2450 1841 τῇ
2478 1772 2556 1842 γῇ
2591 1773 2993 1841 ἐθεμελίωσεν
3022 1772 3218 1839 αὐτὴν
3265 1773 3353 1837 εἰς
3379 1770 3486 1824 τὸν
3536 1767 3748 1824 αἰῶνα.

2169 1865 2283 1936 Τὴν
2314 1865 2575 1936 ῥηθεῖσαν
2615 1864 2790 1934 φυλὴν
2832 1863 3003 1917 Ἰούδα
3033 1860 3319 1933 ὲδραίωσε,
3354 1861 3543 1932 φησὶν,
3584 1859 3641 1911 ὲν
3674 1860 3748 1929 τῇ

2168 1962 2263 2029 γῇ,
2305 1954 2445 2033 ὲφ’ᾖ
2480 1959 2642 2025 οἰκεῖ,
2675 1959 2748 2019 ὡς
2778 1959 2852 2029 μὴ
2888 1956 3207 2022 ἐξωθεῖσθαι
3241 1956 3392 2025 παρὰ
3434 1952 3741 2022 πολεμίων.

2169 2051 2242 2104 Τὸ
2270 2050 2346 2117 δὲ,
2408 2052 2513 2116 Εις
2541 2050 2649 2104 τὸν
2685 2048 2892 2113 αιῶνα,
2956 2048 3077 2101 ἀντὶ
3114 2046 3231 2111 τοῦ,
3273 2045 3385 2099 ’Ael
3409 2062 3423 2077 ’
3468 2061 3755 2114 καταχρηο

2172 2141 2375 2206 στικῶς
2404 2141 2484 2209 δὲ,
2516 2142 2610 2195 καὶ
2643 2140 2753 2213 γὰρ
2796 2139 3026 2213 ὕστερον
3051 2138 3394 2209 ἐξώσθησαν.

2244 2411 2354 2468 Καὶ
2391 2410 2715 2478 ἐξελέξατο
2742 2411 2920 2466 Δαόὶδ
2970 2412 3077 2465 τὸν
3127 2409 3356 2464 δοῦλον
3404 2404 3613 2470 αὐτοῦ,
3651 2406 3756 2459 και

2173 2507 2472 2562 ἀνέλαϐεν
2496 2507 2683 2561 αὑτὸν
2700 2508 2770 2561 ἐκ
2800 2506 2920 2560 τῶν
2939 2505 3233 2575 ποιμνίων
3263 2504 3381 2558 τῶν
3415 2500 3756 2569 προϐάτων,

2173 2595 2498 2660 ἐξόπισθεν
2535 2593 2654 2648 τῶν
2686 2593 3107 2663 λοχευομένων
3130 2592 3348 2646 ἔλασεν
3368 2588 3568 2642 αὐτόν.
3608 2586 3759 2658 Ὅρα

2174 2688 2322 2752 ὅπως
2381 2687 2692 2759 φιλαληθῶς
2720 2685 3054 2755 ἀπαγγέλλει
3084 2684 3154 2737 τὰ
3190 2682 3313 2737 καθ’
3357 2678 3546 2733 ἑαυτόν
3569 2691 3587 2709 ⁸
3651 2676 3762 2729 οὐκ

2177 2780 2644 2849 ὲπαισχυνόμενος
2675 2780 2875 2843 εἰπεῖν,
2916 2778 2998 2832 ὃτι
3022 2777 3147 2831 οὐδὲ
3175 2776 3381 2835 τέλειος
3421 2767 3490 2844 ἦν
3521 2768 3758 2838 ποιμὴν,

2178 2870 2294 2923 ἀλλ’
2324 2869 2399 2933 ὡς
2447 2868 2632 2939 ἐνδεὴς
2682 2868 2763 2922 ἔτι
2814 2869 2929 2932 τοῖς
2963 2867 3211 2922 τίκτουσι
3271 2864 3383 2917 τῶν
3441 2860 3762 2932 προὸἁτων,

496 2961 851 3029 sequebatur.
884 2959 1025 3026 Quin
1074 2958 1184 3013 imo
1218 2958 1431 3013 minora
1460 2970 1689 3026 quaeque
1716 2955 1783 3010 de
1822 2968 1882 3010 se
1920 2967 2067 3007 asse-

2177 2962 2481 3033 ἠκολούθει·
2510 2962 2709 3031 μᾶλλον
2738 2962 2835 3031 μὲν
2865 2960 2979 3027 οὖν,
3007 2961 3078 3014 τὰ
3114 2958 3213 3029 μὲν
3245 2957 3573 3011 ὲλαττοῦντα
3596 2948 3722 3005 εἷπε
3742 2991 3761 3018 ,

497 3070 619 3111 rere
669 3070 776 3109 non
825 3052 1041 3123 puduit,
1097 3064 1152 3107 et
1193 3066 1315 3121 qua;
1378 3050 1588 3118 majora
1634 3056 1813 3112 erant,
1868 3044 2074 3102 omisit.

2178 3054 2248 3107 τὰ
2297 3053 2354 3109 δὲ
2412 3054 2648 3124 ὐψοῦντα
2699 3054 2949 3125 παρῆκεν
2974 3068 2988 3083 ⁶
3023 3048 3134 3105 οἷον
3161 3050 3221 3104 τὸ
3239 3050 3383 3103 κατὰ
3409 3048 3515 3101 τῶν
3548 3043 3764 3116 θηρίων

502 3145 691 3215 Neque
724 3145 871 3200 enim
901 3144 1049 3198 vires
1095 3158 1228 3199 suas
1259 3141 1731 3205 commemoravit,
1783 3153 1921 3207 quas
1981 3148 2067 3190 aut

2176 3149 2398 3218 κράτος,
2434 3147 2530 3201 καὶ¹
2554 3147 2615 3201 τὺ
2653 3148 2793 3218 πρὸς
2820 3146 2910 3200 τδν
2941 3143 3131 3199 ranae
3157 3142 3540 3214 μονομάχιον.ι

502 3238 768 3291 adversus
807 3234 954 3291 feras
989 3248 1132 3303 sepe
1190 3234 1451 3297 ostendit,
1502 3240 1597 3287 aut
1656 3233 1919 3288 adversus
1971 3229 2080 3285 Go-

500 3326 655 3380 liath.

580 3418 648 3472 Ut
692 3415 1121 3488 pasceretlarob
1188 3432 1393 3471 servum
1442 3432 1621 3470 suum.
1661 3414 2077 3476 Generationem

505 3509 719 3562 scilicet
770 3517 824 3562 ct
868 3507 1075 3577 prolem
1132 3505 1326 3563 Jacob.
1357 3505 1539 3563 Verbo
1582 3516 1763 3563 autem
1816 3505 2080 3561 Pascendi

506 3599 880 3671 metaphori‘ce
908 3615 1048 3657 usus
1074 3608 1182 3656 est.

580 3715 648 3770 Et
692 3714 866 3771 Israel
895 3714 1260 3769 [nereditatem
1286 3731 1459 3771 suam.
1495 3713 1771 3785 Repetitio
1805 3722 1891 3768 est
1936 3714 2084 3782 ejus-

2258 3421 2603 3486 Ποίμαινε-ιν
2655 3417 2854 3472 Ιακὼϐ
2874 3417 2981 3471 τὸν
3001 3415 3228 3470 δοῦλον
3255 3412 3465 3468 αὑτοῦ.
3501 3411 3575 3465 Τὸ
3601 3408 3772 3481 γένος

2186 3511 2281 3563 τοῦ
2332 3509 2548 3565 Ἰακώϐ.
2576 3508 2959 3583 Μεταφορικδν
2987 3509 3042 3562 δὲ
3068 3510 3129 3562 τὸ
3160 3507 3524 3577 Ποιμαίνειν.

2260 3709 2371 3766 Καὶ
2386 3709 2625 3783 Ἰσραὴλ
2643 3710 2758 3777 τὴν
2773 3707 3186 3776 κληρονομίαν
3202 3703 3410 3760 αὐτοῦ.
3431 3700 3773 3769 Παλιλλογία

508 3810 629 3863 dem
664 3806 1090 3877 sententiaa,qui
1120 3806 1379 3876 loquendi
1414 3807 1607 3861 modus
1638 3806 1782 3877 apud
1823 3804 2067 3860 Hebraeos

2192 3803 2430 3873 συνήθης
2465 3806 2530 3873 τῇ
2575 3800 2818 3873 Ἐϐραΐδι
2848 3803 3055 3870 γραφῇ.
3094 3796 3232 3869 Περὶ
3277 3797 3336 3851 δὲ
3377 3796 3477 3866 τῆς
3503 3794 3773 3867 κληρονο-

509 3909 593 3956 est
632 3898 1141 3969 frequentissimus.
1181 3898 1258 3954 De
1292 3897 1613 3953 haereditate
1675 3906 1858 3952 autem
1918 3895 2067 3966 pauit

2195 3894 2323 3966 μίας
2365 3894 2581 3965 εἴρηται
2616 3891 2813 3963 μικρὸν
2844 3891 3125 3963 ἀνωτέρω.

510 3976 763 4061 superius
793 3989 1056 4045 diximus.

584 4105 751 4163 Vens.
794 4106 883 4161 '72.
918 4104 987 4159 Et
1024 4107 1166 4175 pavit
1200 4121 1286 4159 eos
1340 4106 1395 4158 in
1428 4105 1729 4159 innocentia
1774 4104 1950 4158 cordis
1979 4105 2082 4160 sui.

492 4199 574 4253 .lu
618 4198 997 4269 simplicitate,
1049 4197 1379 4253 rectitudine
1410 4207 1464 4253 et
1500 4197 1945 4253 mansuetudine.

2264 4092 2374 4147 Kal
2393 4093 2720 4161 ἐποίμανεν
2742 4089 2963 4155 αὐτοὺς
2979 4089 3049 4143 ἐν
3066 4087 3140 4157 τῇ
3154 4088 3377 4155 ἀκακία
3389 4087 3499 4155 τῆς
3519 4084 3773 4153 καρδίας

2193 4183 2511 4237 αὑτοῦ.Ἐν
2551 4184 2620 4253 τῇ
2655 4180 2962 4250 ἁπλότητι,
3017 4182 3075 4233 ὲν
3131 4179 3208 4249 τῷ
3257 4179 3542 4248 ἀπονήρῳ,
3588 4177 3650 4230 ὲν
3695 4180 3770 4249 τῇ

2196 4274 2484 4346 πραότητι.

591 4396 659 4450 Et
684 4398 741 4451 in
770 4395 1136 4463 intelligentiis
1173 4411 1427 4449 manuum
1458 4411 1675 4448 suarum
1690 4393 1908 4448 deduxit
1936 4393 2061 4447 illos

2266 4384 2376 4438 Kal
2398 4384 2469 4436 ἐν
2486 4381 2615 4447 ταῖς
2631 4382 2927 4435 συνέσεσι
2944 4378 3062 4435 τῶν
3079 4379 3295 4449 χειρῶν
3320 4379 3510 4432 αὑτοῦ
3534 4377 3771 4443 ὡδήγη-

515 4487 624 4541 Ρι³Ι¹
644 4503 899 4540 manuum
930 4484 1333 4553 intelligentiae,
1367 4484 1516 4553 ipsas
1539 4483 1783 4537 actiones
1828 4481 2060 4550 intelligi

2197 4494 2310 4532 σεν
2338 4476 2583 4540 αὐτούς.
2604 4474 2858 4535 Συνέσεις
2873 4474 3071 4543 χειρῶν
3093 4473 3191 4535 τὰς
3213 4470 3610 4540 λελογισμένας
3627 4467 3774 4538 πρά-

517 4581 733 4635 ratione
768 4578 1091 4648 dispositas,
1120 4576 1322 4646 quibus
1358 4590 1569 4628 summa
1625 4590 1746 4628 cum
1797 4573 2067 4644 prudenti

2198 4566 2307 4631 ξεις
2349 4565 2524 4631 καλεῖ,
2548 4563 2616 4618 δι’
2639 4558 2717 4619 ὧν
2750 4562 3189 4633 ὲπιστημονικῶς
3239 4562 3389 4617 ἴθυνε
3446 4562 3538 4615 τὸν
3599 4560 3770 4612 λαόνο

522 4671 787 4739 papulum
857 4668 1150 4738 dirigebat.
1221 4664 1361 4719 Illud
1415 4673 1595 4718 autem
1657 4662 1943 4718 sciendum
1992 4671 2067 4717 est

2199 4660 2306 4729 χρὴ
2340 4658 2398 4711 δὲ
2437 4660 2611 4711 εἰπεῖν
2641 4658 2723 4711 ὅτι
2776 4655 3061 4721 ἐξελέξατο
3102 4656 3203 4726 τὴν
3250 4654 3426 4725 φυλὴν
3466 4652 3639 4707 Ἰούδα
3688 4652 3777 4713 εἰς

522 4760 671 4828 quod
729 4758 890 4829 elegit
950 4759 1155 4812 tribum
1211 4754 1374 4820 Juda,
1434 4755 1500 4808 ad
1560 4768 1789 4824 regnum
1879 4762 2067 4823 proptr.

2203 4748 2503 4819 βασιλείαν,
2565 4747 2653 4801 διὰ
2699 4748 2791 4801 τὸν
2837 4746 2897 4811 ἐξ
2947 4747 3119 4815 αὐτῆς
3171 4745 3455 4800 ἀνατεῖλαι
3513 4743 3781 4814 μέλλοντα

504 4848 829 4912 .Cliristum,
862 4848 958 4918 qui
988 4864 1055 4902 ex
1086 4863 1149 4902 ea
1182 4846 1330 4900 tribu
1354 4846 1619 4915 originem
1654 4845 1929 4899 ducturus
1958 4852 2067 4898 erat

2198 4841 2457 4912 Χριστόν.
2488 4842 2597 4895 Καὶ
2617 4842 2790 4903 ἄλλως
2815 4840 2872 4893 δέ
2891 4855 2905 4870 ’
2949 4840 3123 4894 Ἰούδα
3155 4838 3256 4910 μὲν
3285 4840 3500 4909 νοήσεις
3525 4838 3615 4891 τὸν
3639 4837 3779 4905 Χρι-

523 4940 590 4993 Ει
621 4940 780 4995 aliter
815 4939 959 4995 :Per
999 4939 1195 4994 ludam
1244 4936 1463 5007 quidem
1486 4936 1766 4992 Christum
1803 4936 2067 5005 intelliges

2208 4934 2352 4994 στὸν,
2377 4933 2449 4995 ὡς
2479 4934 2544 4986 ὲκ
2579 4934 2678 5001 τῆς
2720 4931 2890 4985 Ἰούδα
2930 4931 3102 5000 φυλῆς
3138 4930 3554 5001 βλαστήσαντα’
3601 4925 3781 4996 φυλὴν

529 5031 621 5100 qui
649 5029 718 5085 de
747 5044 810 5084 ea
873 5030 1017 5084 tribu
1052 5038 1213 5083 natus
1264 5040 1372 5091 est,
1423 5035 1478 5082 et
1530 5042 1627 5097 per
1675 5026 1879 5080 tribum
1933 5022 2067 5077 Juda

2205 5027 2261 5079 δὲ
2290 5024 2454 5076 αὑτοῦ
2484 5024 2544 5076 τὸ
2568 5024 2723 5091 γένος
2753 5023 2862 5076 τῶν
2912 5021 3274 5094 Χριστιανῶν,
3311 5014 3387 5074 ὧν
3430 5022 3550 5074 ἐστι
3593 5017 3782 5086 πατὴρ

522 5126 708 5193 ipsum
741 5122 1189 5177 Christianorum
1241 5135 1436 5191 genus,
1467 5133 1698 5186 quorum
1753 5116 1975 5179 Doctor,
2039 5130 2064 5166 τι

2202 5116 2298 5168 καὶ
2351 5114 2668 5176 διδάσκαλος
2691 5130 2704 5146 ο
2741 5115 2933 5184 ἥντινα
2973 5116 3069 5167 καὶ
3119 5112 3481 5182 ἐθεμελίωσεν
3505 5114 3563 5163 ὲν
3606 5112 3671 5180 τῇ
3700 5112 3777 5180 γῇ

525 5217 687 5273 Pater
733 5224 819 5271 est
862 5214 1143 5271 Christus.
1198 5213 1348 5267 Hanc
1404 5213 1551 5267 enim
1602 5211 1803 5265 tribum
1844 5209 2067 5264 Christu

2206 5208 2355 5278 πάσῃ
2378 5207 2455 5268 εἰς
2484 5206 2575 5258 τὸν
2603 5204 2775 5257 αἰῶνα
2806 5220 2819 5234 °
2848 5206 3041 5258 Πύλαι
3064 5204 3172 5275 γὰρ
3197 5204 3345 5271 ᾅδου
3392 5205 3465 5256 οὑ
3488 5201 3785 5267 κατισχύ-

503 5309 582 5361 -iu
626 5308 883 5362 universa
917 5314 1062 5361 terra
1111 5304 1363 5359 fundavit
1404 5304 1458 5357 in
1497 5303 1778 5364 saeculum,
1832 5301 1938 5354 hoc
1997 5309 2067 5355 esl

2203 5312 2429 5351 σουσιν
2468 5295 2659 5365 αὐτῆς
2687 5313 2701 5325 -
2729 5296 2804 5356 ὡς
2826 5296 3083 5364 λέγεσθαι
3116 5296 3196 5359 εἰς
3246 5295 3339 5349 τὸν
3368 5293 3540 5349 αἰῶνα
3570 5290 3785 5362 κυρίως

508 5398 583 5451 .in
626 5406 913 5451 reternum.
951 5400 1134 5450 Portre
1175 5395 1347 5457 enim,
1396 5393 1594 5462 inquit,
1630 5393 1787 5460 inferi
1831 5407 1933 5445 non
1965 5406 2104 5459 prce-
2205 5390 2298 5441 ἐπὶ
2328 5388 2554 5459 ταύτης.

506 5490 773 5547 valebunt
846 5490 1093 5546 adversus
1148 5505 1266 5544 eam
1297 5488 1397 5553 7‘;
1458 5486 1533 5541 ita
1599 5492 1660 5538 ut
1740 5487 1885 5555 quod
1938 5483 2357 5555 perpetuitatem
2419 5482 2647 5549 indicat,
2707 5481 2775 5536 ad
2840 5480 3283 5537 Christianorum
3355 5480 3557 5534 tribum
3639 5472 3787 5532 rele-

508 5593 697 5638 Vtatur.

610 5761 653 5791 7°
690 5762 845 5819 Deut.
923 5781 1095 5830 xxxii,
1131 5768 1180 5823 9.
1268 5770 1310 5805 ⁷⁷
1345 5766 1363 5820 l
1398 5764 1528 5834 Reg.
1594 5780 1691 5831 VII,
1758 5764 1845 5832 η,
1905 5762 2002 5827 l3;
2047 5760 2065 5815 Ῑ

2166 5762 2284 5825 ing.
2324 5772 2372 5824 ν,
2406 5755 2462 5825 5,
2491 5757 2543 5811 4.
2624 5756 2671 5787 ⁷⁸
2699 5752 2890 5809 Matth.
2936 5764 3049 5817 xvr,
3086 5746 3170 5803 18.
