4082 6230
268 319 374 384 829
483 386 486 389 ,

1423 313 1810 376 COMMENT.
1857 311 1936 372 IN
1978 310 2344 372 PSAIMOS.

3405 291 3512 353 830

265 432 476 486 ἕνεκεν
524 425 630 481 τοῦ
674 424 965 495 ὀνόματός
1016 438 1155 478 σου.
1199 423 1374 479 Είκαὶ
1403 423 1616 486 ἀνάξιοι
1651 421 1834 483 ἐλέους

1949 430 2108 474 tuum.
2140 417 2380 474 Tametsi
2407 430 2509 471 nos
2534 413 2746 486 indigni
2779 425 2971 468 sumus
2995 404 3372 462 misericordia
3395 415 3508 467 tua,

269 523 458 591 ἡμεῖς.
493 518 633 573 ἀλλά
657 534 720 586 γε
769 515 929 588 ῥῦσαι
971 517 1144 586 ἡμᾶς,
1180 515 1270 569 ἵνα
1302 513 1378 585 μὴ
1399 514 1560 584 ἀδοξῇ
1586 515 1646 566 τὸ
1670 511 1843 582 ὄνομά

272 631 368 668 σου
408 614 466 666 ἐν
499 613 613 673 τοῖς
649 608 883 673 ἔθνεσιν,
916 607 1340 676 όνειδιζόμενον,
1363 607 1439 668 ὡς
1472 605 1717 667 ἀσθενὲς,
1746 603 1844 657 καὶ

270 706 346 770 ὡς
370 705 446 774 μὴ
465 702 768 773 δυνάμενον
799 700 1078 768 ἐξελέσθαι
1105 700 1198 754 τὸν
1227 699 1428 753 οίκεῖον
1457 698 1604 754 λαόν.
1642 695 1841 750 Παλιλο

272 797 430 866 λογία
462 797 519 850 δέ
551 794 645 849 νῦν
673 795 701 848 ὁ
728 794 982 865 δεύτερος
1008 793 1186 863 στίχος
1205 807 1222 825 ο
1257 792 1423 846 ταὺτὸ
1449 792 1559 862 γὰρ
1579 790 1661 857 τὸ,
1707 788 1844 844 Ῥῦο

274 903 401 955 σαι,
437 887 536 958 τῷ,
574 884 920 955 Ἰλὰσθητι·
962 884 1210 948 ῑλεωθεὶς
1235 884 1344 955 γὰρ
1380 883 1592 954 ῥύεται.

346 1143 588 1208 Μήποτε
611 1141 824 1195 εἴπωσι
856 1140 927 1194 τὰ
969 1142 1112 1211 ἔθνη
1133 1156 1148 1170 ·
1184 1139 1308 1194 Ποῦ
1328 1139 1500 1192 ἐστιν
1524 1140 1556 1192 ό
1575 1137 1718 1202 Θεὸς
1739 1139 1843 1191 αὺ-

278 1233 396 1287 τῶν
413 1251 433 1299 ;
457 1227 627 1285 Τοῦτο
659 1232 841 1302 δῆλον.

332 1325 439 1378 Καὶ
467 1322 788 1392 γνωσθήτω
838 1322 908 1377 ἐν
946 1323 1070 1388 τοῖς
1110 1323 1353 1377 ἔθνεσιν
1424 1322 1679 1376 ἐνώπιον
1725 1319 1846 1374 τῶν

277 1413 596 1483 ὀφθαλμῶν
617 1412 784 1482 ἡμῶν
803 1414 840 1482 ἡ
857 1413 1169 1480 ἐκδίκησις
1185 1413 1291 1467 τοῦ
1308 1414 1557 1482 αἵματος
1577 1411 1695 1466 τῶν
1709 1411 1847 1466 δού-

237 1501 239 1503 ’
275 1507 401 1558 λων
421 1520 538 1558 σου
554 1504 657 1558 τοῦ
683 1503 1116 1573 ἐκκεχυμένον.
1149 1503 1238 1557 Ἐν
1263 1505 1376 1568 τοῖς
1405 1503 1588 1568 ἄλλοις
1607 1502 1841 1570 ἐονεσιν,

275 1595 356 1647 ἐτι
383 1593 601 1658 ζώντων
630 1596 662 1666 ή
673 1595 818 1665 μῶν.

356 1684 692 1739 Εἱσελθέτω
741 1682 999 1739 ἐνώπιόν
1029 1699 1146 1739 σου
1170 1687 1204 1738 ό
1229 1687 1564 1784 στεναγμὸς
1597 1682 1716 1736 τῶν
1742 1697 1845 1736 πε-

275 1778 643 1848 πεδημένων.
667 1777 788 1831 Τῶν
821 1781 900 1842 είς
933 1778 1318 1849 αίχμαλωσίαν
1346 1777 1736 1847 ἀπαγομένων.

346 1873 502 1928 Κατὰ
560 1871 676 1940 τὴν
726 1873 1156 1940 μεταλοσύνην
1208 1872 1316 1927 τοῦ
1363 1871 1694 1940 ,ϐραχίονός
1726 1885 1844 1924 σου

243 1973 248 1975 ’
276 1965 658 2033 περιποίησαι
685 1963 825 2029 τοὺς
853 1963 1020 2030 υἱοὺς
1046 1962 1164 2017 τῶν
1183 1961 1695 2031 τεθανατωμένων.
1720 1962 1846 2014 Διά-

278 2072 454 2110 σωσον
497 2055 566 2110 τὰ
619 2055 910 2128 διαδράντα
955 2054 1120 2109 τέκνα
1158 2054 1269 2108 τῶν
1330 2054 1749 2124 ἀναιρεθέντων,
1810 2053 1844 2123 ἢ

231 2141 236 2146 ”
279 2149 375 2201 καὶ
435 2147 504 2200 τὰ
560 2149 640 2210 είς
670 2147 918 2200 δουλείαν
979 2147 1276 2218 ληφθέντα.
1311 2145 1586 2219 Βραχίονα
1605 2147 1662 2200 δὲ
1692 2147 1844 2214 λέγει

277 2240 376 2310 τὴν
400 2238 578 2308 ἰσχύν.

362 2329 604 2394 Ἀπόδος
637 2328 760 2396 τοῖς
802 2327 1067 2396 γείτοσιν
1109 2332 1280 2402 ἡμῶν
1305 2329 1726 2386 ἐπταπλάσιον
1756 2331 1846 2394 είς

234 2464 251 2478 .
279 2422 386 2476 τεν
413 2421 642 2476 κόλπον
691 2421 908 2487 αὐτῶν,
966 2414 1089 2478 ’τόν
1121 2424 1470 2494 ὀνειδισμὸν
1509 2421 1730 2488 αὐτῶν,
1772 2421 1846 2476 ὃν

276 2512 599 2565 ὠνείδισάν
670 2529 785 2578 σε,
836 2515 1032 2580 Κύριε.
1091 2516 1495 2570 Ἐπταπλάσιον
1560 2514 1623 2567 τὸ
1680 2514 1844 2568 πολυ-

280 2603 505 2658 πλάσιον
540 2605 572 2674 η
631 2603 890 2676 Ἐϐραῖκὴ
925 2606 1110 2676 γραφὴ
1147 2607 1320 2660 καλεῖο
1355 2605 1545 2675 ῶσπερ
1573 2605 1670 2659 καὶ
1701 2603 1844 2656 ἑπτὰ

275 2696 344 2748 τὰ
380 2695 570 2749 πολλὰ.
609 2696 942 2766 Ὀνειδισμδν
1001 2698 1056 2751 δὲ
1097 2698 1246 2766 λέγει
1311 2698 1410 2769 τὴν
1467 2698 1839 2765 ἐξουδένωσιν.

279 2789 381 2853 Εἰς
410 2788 516 2841 τὸν
545 2789 774 2843 κόλπον
803 2789 860 2842 δὲ
883 2788 1102 2858 αὐτῶν,
1135 2791 1258 2845 ἀντὶ
1283 2791 1400 2858 τοῦ,
1436 2788 1839 2863 Περιφόρητον,

277 2879 672 2952 ἀναπόϐλητον.

1942 522 2002 567 ιιι
2043 522 2228 566 tamen
2265 524 2451 579 quaeso
2481 508 2632 578 eripe
2660 521 2787 569 nos,
2828 518 2894 556 ne
2929 499 3226 569 inglorium
3259 498 3332 552 sit
3363 495 3512 567 apud

1944 610 2134 671 gentes
2166 614 2361 654 nomen
2394 605 2572 661 tuum,
2605 610 2742 651 neve
2765 593 3134 662 exprobretur
3154 587 3224 641 ab
3248 588 3329 640 eis
3357 585 3514 654 (ιιιηεί

1943 692 2222 747 inﬁrmum
2255 690 2349 756 sit,
2385 699 2439 744 et
2467 687 2626 758 quasi
2674 698 2920 755 nequeas
2970 680 3229 750 p0pulum
3260 685 3416 730 tuum
3450 677 3518 729 lio

1943 783 2157 837 berare.
2191 779 2480 834 Secundus
2517 785 2698 832 autem
2726 771 3035 829 versiculus
3064 767 3350 832 repetitam
3376 779 3511 817 cou-

1943 875 2082 929 tinet
2153 873 2507 928 sententiam.
2557 870 2705 924 Idem
2753 865 2899 921 enim
2950 869 3032 917 est
3091 859 3309 922 Libera,
3343 857 3512 926 quod,

1945 963 2213 1030 Propitius
2240 970 2371 1016 esto.
2409 959 2542 1013 Nam
2589 957 2682 1026 qui
2715 956 2784 1011 ad
2819 952 3203 1010 liberationem
3236 955 3322 1004 est
3353 961 3515 1017 para-

1946 1066 2056 1118 tus,
2089 1054 2135 1110 is
2163 1054 2329 1107 etiam
2359 1062 2443 1106 est
2473 1049 2768 1120 propitius.

2015 1144 2179 1198 Vens.
2223 1143 2309 1207 10,
2352 1144 2434 1197 Η.
2483 1140 2778 1211 Nequando
2831 1136 3010 1190 dicant
3058 1148 3234 1202 gentes
3271 1131 3411 1186 ενι]ὺὶ
3438 1139 3516 1184 est

1947 1235 2086 1290 Deus
2119 1236 2339 1289 eorum?
2377 1233 2488 1287 iloc
2527 1247 2623 1301 per
2652 1247 2710 1283 sc
2744 1231 2954 1284 clarum
2989 1233 3097 1282 est.

2023 1325 2090 1378 Et
2134 1332 2483 1394 cognoscatur
2517 1323 2574 1375 in
2618 1321 2856 1390 gentibus
2911 1331 3087 1370 coram
3126 1312 3291 1367 oculis
3336 1325 3516 1365 eorum

1947 1417 2082 1469 ultio
2130 1415 2405 1485 sanguinis
2443 1427 2711 1466 servorum
2764 1418 2994 1470 tuorum,
3032 1405 3121 1474 qui
3167 1405 3368 1471 effusus
3417 1409 3514 1454 est.

1950 1505 2020 1561 Ut
2049 1506 2102 1560 in
2130 1506 2254 1560 aliis
2283 1505 2540 1571 gentibus
2576 1503 2680 1556 hoc
2721 1507 3108 1570 cognoscatur,
3142 1505 3197 1550 et
3228 1495 3387 1548 nobis
3416 1491 3518 1548 ad-

1948 1598 2059 1654 huc
2088 1597 2504 1667 superstitibus.

2019 1686 2187 1741 Intret
2247 1687 2300 1739 in
2355 1693 2636 1752 conspectu
2668 1692 2756 1735 tuo
2807 1681 3028 1752 gemitus
3072 1676 3508 1746 compeditorum.

1878 1751 1916 1804 Β
1949 1776 2149 1832 Eorum
2187 1777 2398 1832 scilicet
2425 1751 2518 1841 qui
2552 1775 2606 1828 iu
2639 1773 3018 1842 captivitatem
3055 1770 3158 1825 acti
3187 1776 3338 1823 sunt.

2016 1866 2314 1922 Secundum
2351 1864 2771 1934 magnitudinem
2823 1862 3025 1916 brachii
3071 1861 3148 1913 tui
3182 1875 3329 1916 serua
3375 1856 3517 1926 filios

1947 1956 2408 2022 interemptorum.
2447 1953 2634 2014 Salva,
2670 1953 2870 2021 inquit,
2905 1950 3218 2004 occisorum
3244 1947 3405 2006 ﬁlios.
3425 1945 3522 2014 qui

1947 2046 2150 2102 caedem
2179 2046 2511 2116 effugerunt,
2544 2045 2627 2098 vel
2662 2043 2811 2097 salva
2835 2057 2953 2107 eos,
2983 2041 3078 2109 qui
3109 2040 3166 2094 in
3195 2039 3517 2093 servitutem

1946 2141 2099 2196 ducti
2133 2149 2283 2194 sunt.
2316 2136 2420 2192 Per
2468 2135 2752 2192 brachium
2805 2149 2955 2198 vero,
3006 2131 3382 2186 fortitudinem
3453 2144 3520 2186 ac

1945 2232 2246 2304 potentiam
2282 2228 2563 2297 intelligit.

2025 2323 2188 2378 Vens.
2218 2323 2300 2377 12.
2331 2319 2508 2376 Redde
2537 2319 2720 2374 vicinis
2751 2317 2946 2372 nostris
2977 2315 3292 2385 septuplnm,
3318 2313 3372 2367 in
3403 2312 3522 2367 sinu

1943 2433 2144 2481 eorum,
2182 2413 2514 2484 opprobrium
2555 2427 2729 2474 suum,
2760 2410 2898 2480 quod
2938 2407 3351 2475 exprobacerunt
3398 2403 3514 2468 tibi,

1944 2509 2185 2563 Domine.
2221 2505 2539 2574 Septuplum
2592 2501 2942 2556 Hebraeorum
2987 2514 3138 2553 more
3193 2496 3370 2566 posuit
3420 2509 3522 2565 pro

1943 2596 2250 2668 Multiplici,
2281 2593 2738 2666 quemadmodum
2773 2601 2826 2646 et
2857 2590 3074 2658 Septem
3123 2601 3362 2656 perszepe
3391 2585 3522 2653 poni

1944 2689 2190 2745 videmus
2234 2702 2333 2762 pro
2381 2685 2586 2740 Multis.
2638 2683 2742 2738 Per
2802 2680 3153 2750 Opprobrium
3204 2691 3335 2732 vero
3389 2690 3522 2732 con-

1946 2789 2211 2850 templum
2273 2777 2541 2847 intelligit.
2600 2776 2657 2829 In
2713 2775 2835 2828 sinu
2895 2773 3058 2826 etiam
3122 2785 3310 2828 eorum
3372 2765 3522 2821 reddi

1945 2882 2098 2945 optat
2145 2868 2432 2940 supplicia,
2485 2868 2612 2936 quia
2662 2865 2804 2935 quod
2854 2865 2904 2917 in
2950 2863 3073 2917 sinu
3119 2869 3222 2924 est,
3269 2858 3337 2914 de
3377 2854 3522 2910 facili

1946 2982 2052 3020 non
2085 2962 2350 3030 rejicitur,
2383 2967 2435 3013 ct
2464 2972 2679 3026 semper
2711 2952 3115 3010 circumfertur.

359 3062 553 3133 Ἡμεῖς
584 3062 652 3117 δὲ
683 3067 832 3132 λαός
857 3079 995 3131 σου,
1038 3066 1136 3121 καί
1173 3067 1436 3135 πρόϐατα
1471 3065 1664 3136 νομῆς
1701 3080 1838 3119 σου.

2017 3057 2180 3112 Vens.
2224 3053 2312 3108 15.
2349 3049 2461 3104 Nos
2493 3058 2667 3102 autem
2706 3045 2930 3114 populus
2981 3053 3126 3108 tuus,
3156 3047 3206 3093 et
3253 3053 3372 3092 oues
3418 3050 3520 3104 pa-

280 3155 341 3209 Ei
367 3155 459 3208 nati.
510 3155 884 3227 ἐπταίσαμεν·
916 3157 1026 3230 (92)
1061 3159 1201 3228 νομὴ
1233 3158 1290 3211 δὲ
1329 3156 1464 3211 Θεοῦ
1529 3158 1586 3213 αἱ
1629 3155 1847 3210 ἐντολαὶ

280 3248 469 3304 αὑτοῦ.

365 3434 988 3506 Ἀνθομολοτησόμεθά
1013 3450 1134 3500 σοι,
1160 3436 1192 3490 ὁ
1216 3435 1382 3502 Θεὸς,
1409 3436 1495 3502 είς
1513 3434 1620 3488 τόν
1637 3433 1844 3489 αἰῶνα.

278 3526 344 3579 ΕΞ
373 3527 467 3578 καὶ
495 3525 824 3588 ἐπακούσεις
843 3526 1001 3595 ἡμῖν,
1035 3525 1158 3576 ἀντὶ
1182 3524 1282 3594 τῆς
1307 3525 1584 3593 σωτηρίας
1613 3522 1844 3590 ταύτης,

281 3615 744 3685 εὐχαριστήσομέν
763 3632 843 3668 σοι
869 3614 976 3668 ἀεί.
1001 3613 1068 3666 Ἣ
1090 3614 1298 3678 ἁπλῶς,
1326 3614 1839 3686 Εὐχαριστήσομεν,

284 3705 702 3776 περιττευούσης
729 3708 829 3776 τῆς
856 3705 992 3760 ἀντί
1013 3707 1342 3775 προθέσεως.

355 3803 456 3864 Εις
518 3801 734 3866 γενεὰν
790 3798 889 3852 καί
961 3799 1176 3868 γενεὰν
1231 3799 1676 3868 ἐξαγγελοῦμεν
1735 3795 1852 3861 τὴν

281 3891 522 3945 αἵνεσίν
542 3904 681 3945 σου.
725 3889 819 3952 Εἰς
881 3890 1059 3944 πᾶσαν
1121 3891 1338 3957 γενεάν.
1388 3889 1606 3943 Λίνεσιν
1634 3888 1714 3950 δὲ,
1751 3887 1851 3957 τὴν

283 3986 376 4036 ἐπὶ
406 3986 530 4044 ταῖς
565 3983 906 4053 εὐεργεσίαις
972 3983 1068 4036 καὶ
1109 3981 1478 4052 ἀντιλήψεων.
1541 3980 1678 4034 Ἀλλ’
1710 3978 1852 4032 οὕτω

285 4078 387 4145 μὲν
410 4077 534 4130 καθ’
569 4076 813 4146 ἱστορίαν
861 4077 889 4128 ό
932 4075 1148 4145 ψαλμὸς
1177 4075 1543 4146 ἡρμήνευται.
1600 4075 1850 4142 Ἰῐρμοσε

284 4169 340 4221 δὲ
374 4169 468 4222 καὶ
495 4171 609 4232 τοῖς
630 4169 979 4238 διωκομένοις
1007 4169 1113 4222 ὑπὸ
1145 4170 1428 4239 τυράννων
1473 4169 1848 4239 Χριστιανοῖς,

284 4259 370 4324 ἐφ’
399 4250 472 4310 ὧν
530 4256 656 4328 ἔθνη
694 4258 794 4326 μὲν
835 4259 886 4310 οί
919 4257 1196 4328 τύραννοι,
1229 4258 1324 4312 καὶ
1361 4257 1547 4321 ἁπλῶς
1572 4262 1768 4319 πάντες
1801 4259 1852 4309 oi

285 4349 650 4419 πολεμοῦντες
685 4351 1036 4418 Χριστιανοῖς
1067 4364 1082 4380 ο
1119 4349 1450 4420 κληρονόμοι
1501 4348 1558 4402 δὲ
1589 4347 1682 4401 τοῦ
1713 4348 1854 4417 Χρι-

1949 3163 2090 3205 δειιιε
2134 3157 2256 3199 tum.
2287 3141 2526 3196 Tametsi
2568 3137 2976 3206 peccaverimus
3019 3132 3119 3203 (tui
3162 3141 3343 3186 tamen
3376 3141 3523 3182 sem-

1950 3255 2046 3312 per
2077 3236 2307 3303 sumus),
2349 3233 2532 3288 divina
2582 3239 2762 3284 autem
2809 3226 3063 3282 mandata
3115 3217 3529 3279 abundantissi-

1917 3397 1922 3402 ι
1947 3347 2096 3388 mum
2129 3329 2370 3399 praebent
2399 3323 2678 3395 pabulum.

2019 3421 2399 3491 Conﬁtebimur
2435 3417 2552 3482 tibi,
2586 3415 2747 3480 Dens,
2778 3413 2833 3466 in
2863 3407 3209 3466 swculum.$i
3233 3421 3332 3462 nos
3362 3419 3529 3461 exau-

1948 3515 2146 3579 dieris,
2187 3513 2389 3583 gratias
2441 3510 2536 3564 tibi
2576 3520 2791 3576 semper
2834 3517 2933 3574 pro
2966 3507 3265 3556 consecuta
3296 3511 3523 3567 agemus

1948 3608 2145 3662 salute.
2210 3603 2303 3659 Vel
2353 3601 2674 3671 simpliciter
2747 3612 2807 3652 se
2853 3606 3072 3651 acturos
3111 3593 3318 3664 gratias
3369 3590 3530 3661 polli-

1952 3709 2167 3754 εθηιιιΐ.

2028 3789 2094 3842 In
2131 3761 2518 3858 generationem
2555 3793 2604 3837 et
2649 3779 3038 3852 generationem
3094 3771 3526 3831 annuntiabimus

1956 3881 2168 3936 laudem
2219 3895 2385 3932 tuam.
2449 3877 2506 3930 In
2575 3887 2798 3937 omnes,
2858 3867 3090 3940 inquit,'
3129 3865 3528 3938 generationes,

1953 3975 2144 4029 laudes
2194 3983 2315 4025 tuas
2375 3965 2846 4026 annuntiahimus,
2906 3961 3013 4016 hoc
3047 3967 3131 4014 est
3185 3955 3530 4013 laudationes

1956 4068 2097 4131 illas,
2127 4067 2268 4134 Tquae
2320 4077 2418 4132 pro
2474 4059 2641 4115 tantis
2692 4053 2969 4110 beneficiis
3007 4050 3120 4120 tibi
3151 4049 3435 4105 debentur.
3467 4045 3532 4098 Et

1957 4160 2062 4214 hoc
2087 4167 2244 4226 pacto
2275 4154 2490 4225 quidem
2546 4149 2635 4204 hie
2681 4146 2924 4217 psalmus
2961 4143 3063 4198 fuit
3096 4143 3252 4212 juxta
3290 4135 3532 4192 historia:

1955 4265 2179 4306 sensum
2234 4245 2540 4316 expositus.
2589 4235 3007 4294 Accommodari
3057 4242 3240 4287 tamen
3301 4237 3532 4299 possunt

1956 4338 2245 4410 prasentis
2273 4333 2467 4407 psalmi
2506 4330 2673 4384 verba
2727 4327 2930 4382 sanctis
2974 4323 3222 4380 fidelibus
3258 4318 3531 4376 Christia-

286 4413 435 4492 6105-
458 4441 507 4494 οἱ
537 4441 579 4492 Χ
591 4413 856 4508 ριστιανοί
878 4456 891 4471 ο
929 4438 1004 4501 ὡς
1035 4440 1095 4491 ἐν
1137 4413 1454 4510 τιξῖπρῶτῳ
1483 4438 1686 4507 ψαλμῷ
1721 4413 1851 4509 προ-

1958 4434 2064 4488 nis.
2117 4431 2210 4501 qui
2267 4443 2297 4482 a
2355 4423 2602 4497 tyrannis
2644 4418 3078 4491 persecutionem
3139 4413 3284 4484 passi
3335 4419 3466 4468 sunt
3511 4425 3528 4464 :

285 4531 540 4600 είρηταιο
569 4530 732 4614 ,ναὸς
791 4530 848 4582 δὲ
903 4529 1070 4582 αὑτοῦ
1124 4531 1152 4582 ὁ
1186 4530 1327 4583 κατὰ
1373 4533 1539 4584 τόπον
1587 4531 1849 4586 ἕκαστον·

295 4621 653 4694 Ἰερουσαλὴμ
680 4623 760 4688 δέ,
787 4623 938 4675 πᾶσα
959 4621 1112 4685 πόλις
1133 4621 1483 4692 Χριστιανῶν
1511 4637 1524 4650 ·
1555 4622 1854 4693 Θνησιμαῖα

285 4715 340 4767 δὲ
365 4715 433 4767 τὰ
459 4713 684 4783 σώματα
701 4714 808 4766 τῶν
830 4710 1143 4782 μαρτύρων,
1168 4713 1261 4764 καὶ
1295 4710 1364 4764 τὰ
1391 4711 1518 4781 ἑξῆς
1550 4712 1851 4780 ἀναλόγωςο

302 4805 491 4860 Ἰακὼϐ
522 4805 580 4858 δὲ
627 4805 1035 4874 οίΧριστιανοὶ,
1063 4804 1137 4867 ὡς
1174 4803 1431 4867 πολλάκις
1457 4804 1668 4873 ἔφαμεν
1693 4821 1708 4835 ο
1742 4803 1856 4872 γεί-

284 4915 435 4961 τονες
450 4897 505 4950 δέ
533 4897 689 4966 ἡμῶν
713 4897 764 4949 oi
793 4895 1059 4964 Ἑϐραῖοι,
1077 4897 1152 4960 ῶς
1170 4897 1271 4966 τῆς
1292 4895 1515 4966 Γραφῆς
1547 4896 1728 4950 αὐτῶν
1759 4895 1853 4950 καὶ

285 4993 317 5056 ἡ
329 4992 418 5059 μῖν
443 4988 805 5058 ὑποκειμένης
825 4989 902 5049 εἰς
929 4988 1119 5058 νομὴν,
1139 4988 1236 5041 καὶ
1250 4987 1326 5049 ὡς
1341 4987 1540 5057 μᾶλλον
1555 4986 1662 5038 τῶν
1686 4987 1854 5040 ἐθνῶν

288 5083 396 5135 τῶν
420 5081 594 5134 ἄλλων
621 5082 752 5150 ἡμῖν
786 5082 862 5144 είς
911 5080 1092 5133 πίστιν
1119 5079 1458 5148 ἐγγίζοντες*
1494 5079 1628 5132 ἀλλὰ
1655 5081 1749 5132 καὶ
1778 5079 1858 5131 αἱ·

294 5174 518 5242 ρετικοὶ,
553 5171 629 5236 ῶς
682 5173 987 5240 ἐγγίζοντες
1028 5172 1160 5241 ἡμῖν
1204 5169 1283 5239 τῷ
1319 5169 1526 5223 πλείονι
1559 5171 1717 5238 μέρει
1746 5169 1854 5220 τῶν

288 5265 593 5334 δογμάτων.
652 5262 1050 5329 Ἐξουδένωσαν
1101 5261 1156 5314 δὲ
1178 5261 1271 5313 τὸν
1300 5261 1558 5330 Χριστὸν,
1599 5261 1713 5312 ὅσοι
1745 5259 1853 5312 τῶν

287 5356 584 5426 αἱρετικῶν
630 5356 662 5426 ἢ
717 5355 858 5408 κατὰ
887 5353 988 5423 τῆς
1014 5352 1269 5419 Θεότητος
1301 5351 1468 5405 αὐτοῦ
1495 5351 1854 5419 ἐὸλασφήμηο

291 5463 409 5510 σαν,
469 5445 544 5510 ῶς
590 5447 619 5500 ὁ
678 5445 961 5508 Σαϐελλιος
1003 5444 1097 5497 καὶ
1138 5445 1164 5496 ὁ
1201 5445 1419 5514 ’Ἄρειος
1449 5458 1462 5474 ·
1506 5441 1537 5510 ἢ
1573 5440 1713 5493 κατὰ
1753 5440 1856 5510 τῆς

1949 4523 2106 4593 juxta
2146 4534 2304 4588 quem
2333 4532 2553 4573 sensum
2577 4530 2674 4585 per
2700 4522 2909 4584 gentes,
2943 4521 3206 4583 tyrannos
3237 4505 3530 4574 intelliges.

1957 4627 2011 4670 et
2044 4615 2181 4668 alios
2211 4627 2401 4666 omnes
2430 4606 2729 4664 Christiani
2783 4604 3025 4660 nominis
3070 4602 3254 4657 hostes
3287 4614 3301 4651 :
3349 4605 3404 4652 et
3432 4611 3533 4671 per

1958 4705 2158 4762 Christi
2208 4703 2470 4765 hcercdes,
2506 4700 2653 4768 ipsos
2699 4697 2907 4762 fideles,
2954 4689 3417 4764 quemadmodum
3471 4687 3530 4742 in

1959 4799 2136 4870 primo
2168 4796 2377 4866 psalmo
2407 4781 2807 4847 declaravimus
2839 4804 2854 4842 :
2887 4795 2942 4840 et
2989 4800 3082 4854 per
3114 4783 3375 4852 templum
3409 4777 3528 4843 Dei,

1959 4890 2387 4959 unumquodque
2416 4887 2674 4954 templum
2727 4883 2835 4938 Deo
2885 4881 3144 4936 dicatum.
3180 4878 3280 4932 Per
3305 4874 3531 4930 Jerusa-
3598 4939 3604 4956 τ

1960 4984 2064 5038 lem
2093 4983 2280 5043 etiam,
2321 4978 2497 5047 ipsam
2529 4973 2967 5029 Christianorum
2998 4969 3295 5027 civitatem,
3347 4971 3402 5018 et
3432 4975 3530 5032 per
3601 4951 3605 4956 ’

1962 5072 2481 5135 ntorticina,sancta
2509 5073 2814 5135 martyrum
2854 5076 3104 5129 corpora.
3133 5060 3264 5124 Quae
3290 5067 3526 5124 sequun-

1963 5175 2051 5230 tur
2077 5163 2233 5232 juxta
2257 5158 2502 5214 eamdem
2536 5155 2796 5211 rationem
2833 5152 3122 5220 intelliges.
3150 5145 3320 5202 Jacob
3364 5141 3526 5197 etiam

1930 5295 1933 5298 .
1961 5270 2061 5324 pro
2085 5253 2398 5309 Christiano
2445 5247 2709 5318 accipitur
2743 5244 2970 5314 populo,
3003 5250 3062 5295 ut
3091 5252 3233 5306 saepe
3261 5233 3524 5290 diximus.

1962 5345 2027 5398 Et
2052 5361 2147 5415 per
2179 5344 2387 5398 vicinos
2431 5348 2676 5402 nostros,
2719 5336 2866 5404 ipsos
2908 5331 3177 5399 intelliges
3216 5325 3470 5380 Hebraeos
3508 5335 3523 5374 :

1934 5453 2028 5510 “eo
2054 5413 2213 5506 quod
2266 5429 2800 5502 illorumﬁcriptura
2839 5423 3000 5480 nobis
3044 5419 3208 5476 etiam
3257 5417 3311 5472 in
3352 5413 3526 5485 legem

1626 5616 1826 5678 Varia:
1853 5614 2174 5679 lectiones.

367 5729 476 5802 (92)
512 5727 772 5787 Verbum.
839 5725 1098 5784 Pabulnm
1154 5736 1328 5780 autem
1391 5723 1506 5792 Dei,
1549 5722 1644 5792 jus
1697 5721 1972 5776 mandata.
