4084 6210
541 242 648 307 831
1773 244 2142 305 EUTI—lYMll

2247 241 2560 302 [GABENI
3683 240 3794 305 8%

539 367 645 422 est,
671 365 723 411 et
753 354 878 424 quia
913 351 1084 407 Judaei
1143 351 1298 406 nobis
1332 352 1396 406 ad
1449 352 1607 407 ﬁdem
1661 355 1836 422 magis
1888 353 2118 423 proximi

2247 351 2646 423 ινθρωπότητος
2668 351 2856 415 αὐτοῦ,
2881 350 2956 414 ὡς
2990 354 3018 405 6
3071 349 3445 422 Ἀπολινᾶρεος
3467 352 3560 404 καλ⁵
3587 353 3804 406 Νεστόο

542 462 690 511 sunt,
727 460 882 512 quam
928 443 1148 512 reliqua:
1201 445 1490 498 nationes:
1522 461 1835 514 quanquam
1886 454 1938 499 ct
1966 446 2115 514 ipsos
2226 459 2361 510 ριος.

543 538 827 592 Ιιει-νριῙρ‹)ε
854 549 1145 602 possumus
1173 536 1379 590 vicinos
1408 545 1627 592 nostros
1657 539 1952 608 appellare.
1985 553 2108 592 cum
2187 540 2242 593 in
2322 537 2512 593 multis
2570 538 2841 608 dogmatis
2887 539 3171 594 nobiscum
3225 541 3484 594 sentiant.
3540 541 3803 596 Contem-

541 636 763 698 pscrunt
793 637 973 681 autem
1036 627 1314 682 Christum
1384 630 1647 694 hmretici,
1721 631 1849 683 dum
1891 631 2452 700 valde'blasphema
2516 634 2779 689 adversus
2855 634 3001 688 illius
3068 635 3405 689 divinitatem
3475 637 3797 702 loquuntur,

542 720 1000 788 quemadmodum
1050 721 1318 778 Sabellius
1361 733 1414 778 et
1458 724 1641 781 Arius.
1697 725 1791 780 Vel
1846 726 2108 780 adversus
2145 725 2291 780 illius
2319 727 2735 795 humanitatem,
2767 728 3227 798 quemadmodum
3292 729 3684 797 Apollinarius,
3745 740 3801 783 et

544 815 852 874 Nestorius.

544 905 608 959 In
644 910 932 976 [ine-mpm
965 911 1025 960 iis
1077 912 1166 978 qui
1199 913 1560 966 commutandi
1590 922 1732 972 sunt,
1759 916 2114 969 testimonium

2247 910 2315 975 Tig-
2345 907 2412 960 td
2442 907 2614 972 τέλος
2645 906 2794 973 ὑπὲρ
2824 905 2942 960 τῶν
2969 907 3551 974 ἀ.1.1οιιυοησομένων
3575 912 3801 976 papa?

827 999 924 1060 ipsi
956 1000 1150 1060 Asaph,
1190 997 1437 1054 I’salmus
1471 1020 1562 1067 pro
1597 1004 1832 1075 Assyrio.

2286 1018 2419 1069 ριον
2475 999 2554 1066 τῷ
2595 1001 2810 1068 Ἀσάφ,
2842 1000 3083 1067 ψαλμύς
3119 999 3267 1067 ὑπὲρ
3297 1000 3402 1054 τοῦ
3459 1002 3800 1070 Ἆσσιξρίου.

1032 1091 1348 1147 ρὸελωιυε
1392 1093 1626 1149 LXXIX.

2786 1093 3080 1146 ΨΑΑΜΟΣ
3107 1091 3226 1146 oe'.
3629 1171 3638 1173 __
3719 1170 3737 1176 _

615 1178 671 1234 in
717 1181 872 1234 ﬁnem
904 1183 1106 1236 dictum
1145 1192 1250 1260 est,
1285 1200 1392 1238 non
1450 1187 1628 1240 solum
1679 1187 1748 1241 ob
1803 1189 2119 1258 prophetias

2293 1185 2367 1238 Τὸ
2405 1186 2508 1250 Εἲς
2564 1184 2632 1238 τό
2658 1183 2834 1250 τέλος
2859 1185 2921 1238 οὐ
2974 1185 3132 1254 μόνον
3167 1185 3254 1238 διὰ
3284 1186 3382 1248 τὰς
3408 1187 3801 1257 ἐμφερομένας

545 1288 666 1339 quze
698 1273 749 1326 in
781 1275 988 1342 psalmo
1017 1277 1389 1338 continentur,
1439 1286 1498 1331 ut
1536 1293 1677 1346 saepe
1721 1279 1981 1343 diximus,
2029 1283 2123 1336 sed

2247 1269 2591 1339 τροφητείας,
2649 1267 2724 1331 ὡς
2749 1267 3009 1330 πολλάκις
3048 1270 3373 1336 εἰρήκαμεν,
3395 1271 3531 1324 ἀλλὰ
3565 1273 3661 1326 καὶ
3713 1275 3805 1328 διὰ

548 1363 676 1430 quia
739 1364 940 1429 ﬁnem,
999 1367 1099 1419 hoc
1149 1375 1270 1431 est,
1346 1371 1817 1439 consumptiouem
1883 1375 2130 1428 continet

2247 1364 2288 1417 τὸ
2322 1362 2704 1417 ἀποτείνεσθαι
2735 1361 2825 1415 τὸν
2852 1360 3065 1431 ψαλμὸν
3104 1361 3180 1422 είς
3214 1363 3274 1414 τὸ
3304 1363 3456 1423 τέλος
3487 1367 3586 1434 τῆς
3608 1367 3808 1436 εὐκλη-

552 1451 791 1508 Judaiea:
840 1455 1135 1512 felicitatis.
1187 1457 1439 1513 Praedicit
1493 1464 1634 1515 enim
1688 1463 2028 1519 obsidionem
2076 1473 2130 1520 et

2247 1456 2354 1519 >ίας
2377 1453 2486 1508 τῶν
2514 1454 2811 1508 Ἰουδαίων.
2837 1451 3304 1523 Προφητεύειγὰρ
3333 1455 3431 1524 τὴν
3461 1456 3804 1528 πολιορκίαν,

553 1546 915 1613 captivitatem
960 1564 1148 1602 eorum
1183 1559 1238 1605 et
1273 1567 1616 1622 quaecunque
1665 1555 1768 1608 alia
1816 1571 1846 1609 a
1898 1555 2133 1629 Babylo-

2247 1547 2327 1599 ιαὶ
2387 1547 2480 1599 τὸν
2543 1545 3003 1612 ἀνδραποδισμὸν,
3051 1547 3144 1598 καὶ
3189 1546 3289 1598 ὅσα
3343 1549 3680 1603 πεπόνθασιν
3703 1554 3809 1605 ὑπὸ

555 1637 656 1690 niis
701 1638 844 1706 passi
903 1648 1049 1702 sunt,
1085 1643 1175 1711 qui
1210 1644 1399 1712 prima:
1427 1659 1617 1698 eorum
1667 1647 1910 1702 felicitati
1965 1649 2124 1704 ﬁnem

2247 1635 2614 1702 Βαϐυλωνίων,
2672 1636 2828 1698 τέλος
2871 1635 3135 1688 ἐπιθέντα
3183 1636 3366 1698 αὐτοῖς
3401 1638 3497 1707 τῆς
3529 1643 3810 1712 προτέρας

556 1737 949 1796 imposuerunt.
995 1731 1145 1796 Quod
1202 1749 1328 1787 vero
1361 1735 1437 1787 ait
1485 1750 1580 1802 pro
1631 1737 1696 1789 iis
1756 1739 1844 1806 qui
1891 1754 2128 1792 commu—

2247 1727 2602 1798 εὐδαιμονίας,
2658 1728 2857 1793 εἷτουν,
2916 1729 3178 1797 ἐκκοπὴν.
3222 1729 3296 1782 Τὸ
3330 1729 3407 1792 δὲ,
3457 1730 3642 1800 ’Υπὲρ
3687 1735 3813 1790 τῶν

561 1821 706 1872 ἴσηάὶ
732 1832 875 1884 sunt,
914 1831 971 1873 ut
1007 1823 1131 1877 alibi
1177 1823 1286 1891 jam
1330 1825 1750 1892 declaravimus,
1795 1828 2128 1886 immutatio-

2247 1820 2826 1889 ίλλοιωθησομένων,
2851 1820 2947 1875 καὶ
2975 1823 3032 1874 ἐν
3068 1822 3249 1885 ἄλλοις
3274 1823 3382 1876 τῶν
3416 1827 3805 1895 προλαϐόντων

561 1925 680 1962 nem
719 1927 894 1965 rerum
935 1912 1156 1966 indicat.
1199 1913 1787 1981 Testimonium_autem
1817 1921 1975 1987 dixit,
2000 1924 2128 1991 quia

2247 1909 2335 1978 [καλ
2344 1910 2481 1980 μῶν,
2502 1910 2780 1982 πανταχοῦ
2803 1911 2861 1964 δὲ
2897 1911 3199 1981 μεταϐολὴν
3225 1917 3566 1986 πραγμάτων
3591 1937 3655 1988 or,
3667 1921 3803 1989 μαί-

562 2007 896 2053 cuntestatur
930 2003 1202 2071 Propheta
1235 2005 1286 2058 in
1337 2005 1436 2059 hoc
1472 2007 1702 2076 psalmo,
1747 2017 1801 2064 et
1833 2015 2130 2068 annuntiat

560 2087 770 2143 futuras
808 2091 1168 2157 calamitates,
1225 2095 1450 2151 studens
1499 2097 1784 2164 nimirum,
1839 2111 1897 2156 ut
1945 2104 2130 2174 aliquo

563 2190 714 2249 pacto
762 2184 832 2236 ob
872 2184 1122 2240 timorem
1174 2187 1365 2242 saltem
1413 2187 1583 2244 Judzei
1625 2192 1989 2260 sapientiores
2034 2198 2130 2254 ﬁe-

563 2281 698 2322 rent.
755 2269 826 2324 De
874 2273 1056 2342 Asaph
1109 2275 1274 2329 etiam
1320 2277 1445 2331 alibi
1509 2281 1824 2347 praedictum
1871 2295 1974 2340 est.
2029 2287 2133 2343 Per

563 2362 838 2433 Assyrium
875 2379 1026 2429 vero,
1087 2365 1268 2434 ipsum
1317 2366 1570 2438 intelligit
1627 2369 2135 2433 Nabuchodonosor

564 2453 940 2523 Bahy'ouium,
977 2455 1067 2524 qui
1124 2454 1192 2510 de
1241 2457 1483 2526 Assyriis
1514 2474 1688 2528 genus
1727 2464 1992 2520 trahebat.
2024 2467 2134 2524 Pro

564 2544 780 2614 Assyrio
815 2545 1000 2612 igitur,
1035 2545 1193 2611 dixit,
1223 2562 1343 2616 pro,
1370 2550 1434 2603 de
1457 2549 1702 2622 Assyrio,
1735 2554 1838 2612 hoc
1866 2566 1948 2614 est
1971 2560 2036 2615 de
2068 2561 2135 2618 iis

564 2652 684 2704 quae
740 2637 1006 2709 Assyrius
1081 2637 1584 2698 Nabuchodonosor
1636 2648 1802 2716 gessit
1876 2650 2136 2711 adversus

565 2728 799 2786 ludmos.

639 2823 798 2881 Vens.
830 2826 882 2880 2.
911 2826 1015 2892 Qui
1041 2829 1218 2894 pascis
1255 2828 1448 2898 Israel,
1478 2832 1706 2889 intende.
1726 2832 1830 2891 Per
1859 2836 2136 2907 lsraelem,

566 2917 645 2969 vel
674 2917 850 2986 ipsum
898 2917 1072 2976 Iacob
1123 2922 1488 2989 patriarcham
1538 2926 1807 2996 intelligit,
1858 2931 1944 2984 cui
1999 2931 2137 2988 Deus

2231 2021 2330 2058 νει.
2370 2005 2702 2073 ΛῙαρτύριον
2723 2005 2799 2069 δὲ,
2833 2004 2913 2058 ὅτι
2941 2003 3397 2075 διαμαρτύρεται,
3429 2009 3605 2063 εῐτουν
3639 2012 3814 2079 ἀναγ-

2231 2095 2411 2164 γέλλει
2433 2096 2532 2160 τὰς
2561 2095 2823 2168 ἐσομένας
2839 2097 3121 2169 συμφοράς
3156 2114 3169 2128 ·
3205 2099 3260 2151 εἴ
3288 2117 3402 2160 πως
3435 2103 3816 2170 σωφρονέστε-

2236 2205 2321 2260 ροι
2376 2188 2454 2259 τῷ
2493 2189 2644 2259 φόϐῳ
2698 2190 2966 2258 γένωνται
3024 2191 3072 2242 oi
3121 2190 3390 2244 Ἰουδαῖοι.
3449 2193 3582 2260 Περὶ
3614 2194 3668 2246 δὲ
3708 2194 3811 2247 τοῦ

2250 2279 2424 2347 Ἀσὰφ
2457 2279 2783 2351 προείρηται
2817 2293 2832 2308 °
2870 2279 2930 2331 τὸ
2961 2279 3039 2342 δὲ,
3091 2279 3261 2348 ’Υπὲρ
3291 2280 3395 2334 τοῦ
3451 2281 3807 2349 Ἀσσυρίου,

2234 2371 2354 2423 ἀντὶ
2387 2369 2504 2434 τοῦ,
2546 2370 2682 2440 Περὶ
2712 2366 2808 2422 τοῦ
2873 2369 3160 2439 Ἀσσυρίου
3191 2387 3204 2402 ·
3237 2369 3462 2438 λέγειδέ
3492 2371 3585 2424 τὸν
3624 2372 3810 2424 Βαϐυὲ

2234 2459 2427 2515 λώνιον
2465 2461 2978 2533 Ναϐουχοδονὸσωρ,
3017 2461 3092 2525 ὡς
3125 2462 3184 2526 ἐξ
3243 2463 3526 2533 Ἀσσυρίου
3579 2463 3815 2517 ἕλκοντα

2235 2553 2297 2606 τὸ
2354 2553 2531 2622 γένος.
2586 2555 2724 2625 Περὶ
2773 2553 2867 2608 τοῦ
2923 2548 3210 2626 ’Δσσυρίου
3251 2554 3330 2623 δέ,
3367 2555 3534 2627 ἤγουν
3575 2557 3708 2629 περὶ
3735 2551 3818 2612 ὧν

2237 2644 2494 2716 ἐποίησεν
2534 2645 2836 2712 Ἰουδαίοις.

2321 2822 2385 2878 '0
2419 2824 2751 2893 ποιμαίνων
2790 2823 2899 2878 τὸν
2939 2823 3211 2891 Ἰσραὴλ,
3241 2823 3526 2892 πρόσχες.
3567 2823 3815 2896 Ἰσραηλ,

2239 2915 2273 2986 ἢ
2314 2915 2405 2967 τὸν
2455 2915 2800 2986 πατριάρχην
2870 2914 3068 2969 Ἰακὼϐ
3121 2914 3272 2983 λέγει
3310 2915 3484 2969 ’διότι
3536 2915 3819 2986 ὑπέσχετο

568 3011 840 3076 ιιιιιῐοὶιιιε
898 3021 1003 3076 est,
1039 3029 1097 3068 se
1137 3015 1185 3067 ei
1247 3032 1463 3085 semper
1502 3020 1818 3074 adfuturum
1862 3030 1916 3078 et
1954 3039 2141 3080 serra-

2247 3005 2394 3076 αὐτῷ
2423 3006 2451 3060 6
2480 3005 2615 3069 Θεὸς
2671 3007 2911 3060 συνεῖναι
2969 3006 3064 3076 καὶ
3113 3005 3402 3076 φυλάττειν
3439 3007 3624 3070 αὐτὸν,
3652 3010 3686 3080 ἢ
3720 3010 3817 3062 τὸν

569 3108 750 3152 turum
785 3117 844 3155 se
891 3119 1016 3156 eum
1065 3103 1116 3156 in
1167 3105 1462 3173 periculis;
1511 3109 1593 3162 vel
1635 3109 1814 3178 ipsqu
1850 3116 2137 3183 populum,

569 3190 660 3250 qui
691 3191 760 3243 ab
812 3206 876 3244 eo
926 3193 1192 3260 originem
1255 3195 1440 3250 traxit.
1500 3197 1710 3253 Dictum
1747 3211 1830 3256 est
1882 3206 2029 3260 enim
2081 3207 2136 3263 in

571 3279 893 3345 pr.ccedenti
935 3283 1164 3348 psalmo,
1213 3283 1356 3350 quod
1408 3284 1561 3338 duxit
1605 3288 1745 3344 Deus
1784 3290 1927 3348 hunc
1968 3309 2142 3364 popu-

572 3367 702 3426 ium.
739 3368 891 3437 quasi
929 3385 1144 3439 gregem
1185 3371 1236 3424 in
1273 3374 1514 3430 deserto.
1572 3376 1678 3442 Qui
1723 3382 1893 3446 pascis
1935 3394 2139 3453 autem,

575 3459 777 3525 posuit,
813 3474 931 3528 pro,
964 3459 1066 3526 Qui
1097 3464 1326 3530 pavisti;
1362 3474 1414 3518 et
1445 3467 1715 3531 similiter,
1766 3470 1870 3536 Qui
1907 3474 2141 3543 deducis,

575 3563 697 3617 pro,
763 3549 864 3614 Qui
920 3551 1220 3610 deduxisti.
1282 3555 1600 3612 Ederendus
1661 3566 1746 3612 est
1801 3571 1982 3616 autem
2054 3565 2144 3621 hic

576 3645 817 3709 psalmus
845 3657 908 3696 ex
944 3660 1132 3699 eorum
1174 3662 1430 3716 persona,
1481 3650 1573 3719 qui
1607 3658 1735 3706 tunc
1786 3654 1852 3709 ab
1904 3656 2140 3711 hostium

577 3735 756 3805 gladio
788 3746 1099 3792 evaserunt.

541 3865 544 3874 .
649 3823 751 3888 Qui
780 3821 990 3880 deducis
1018 3829 1333 3898 quasiet-em
1377 3829 1587 3898 Ioseph.
1623 3832 1718 3888 Vel
1760 3834 1932 3904 ipsum
1975 3838 2148 3906 patri-

584 3921 807 3973 archam
840 3922 1085 3992 intelligit
1133 3923 1354 3992 Ioseph,
1386 3927 1472 3980 cui
1509 3927 1650 3983 Deus
1685 3929 1736 3984 in
1779 3933 2060 3999 periculis,
2091 3944 2149 3989 ut

581 4010 692 4064 dus
726 4013 986 4079 Optimus,
1033 4024 1224 4082 praesto
1260 4015 1380 4078 fuit.
1416 4017 1690 4087 Scriptum
1741 4021 1884 4075 enim
1917 4023 2150 4091 legimus

577 4104 722 4172 quod
753 4114 869 4158 erat
914 4105 1167 4160 Dominus
1210 4124 1327 4161 cum
1371 4108 1609 4179 Ioseph;
1651 4112 1730 4163 vel
1765 4112 1939 4179 ipsum
1977 4129 2147 4184 popu-

579 4194 711 4249 lum.
757 4195 926 4250 Tanta
964 4197 1107 4251 enim
1139 4199 1395 4254 universo
1449 4203 1651 4271 populo
1706 4201 1969 4257 beneﬁcia
2009 4219 2148 4272 prae-

2241 3097 2302 3161 ἐξ
2343 3098 2555 3152 ἐκείνου
2611 3098 2989 3166 καταγόμενον
3039 3097 3188 3152 λαόν.
3221 3099 3453 3170 Εἴρηται
3499 3099 3608 3170 γὰρ
3638 3101 3696 3152 ἐν
3735 3101 3817 3171 τῷ

2243 3190 2349 3258 πρὸ
2393 3189 2584 3244 τούτου
2634 3189 2858 3261 ψαλμῷ,
2905 3191 2986 3244 ὅτι
3027 3190 3123 3244 καὶ
3160 3191 3436 3260 ἀνήγαγεν
3457 3192 3819 3254 αὑτοὺςώσεὶ

2245 3282 2521 3352 ποίμνιον,
2564 3284 2624 3335 ἐν
2682 3283 2895 3353 ἐρήμῳ.
2951 3283 3025 3335 Τὸ
3077 3281 3135 3336 δὲ
3177 3283 3241 3336 ὐ
3292 3283 3644 3350 ποιμαίνων,
3693 3285 3820 3337 ἀντὶ

2241 3374 2334 3427 τοῦ
2379 3375 2436 3426 Ὀ
2462 3374 2752 3443 ποιμάνας.
2811 3373 3041 3443 Ὁμοίως
3082 3373 3140 3426 δὲ
3193 3373 3290 3426 καὶ
3327 3375 3386 3427 τὸ
3408 3374 3554 3443 ἑξῆς,
3591 3376 3647 3428 Ὁ
3680 3377 3822 3443 ὁδη-

2243 3464 2460 3533 γήσας.
2520 3465 2952 3536 Ἐσχημάτισται
2998 3466 3108 3535 γὰρ
3147 3467 3174 3519 6
3210 3465 3427 3536 ψαλμὸς
3475 3467 3556 3530 είς
3601 3468 3824 3540 πρόσω.

2245 3574 2348 3610 πον
2370 3558 2480 3612 τῶν
2511 3558 2814 3628 τηνικαῦτα
2843 3557 3180 3630 διαδράντων
3218 3559 3309 3613 τὸν
3337 3559 3594 3615 Θάνατον.

2331 3828 2394 3880 '0
2429 3827 2664 3896 ὁδηγῶν
2703 3827 2844 3882 ὡσεὶ
2875 3829 3172 3895 πρόϐατον
3193 3827 3298 3882 τὸν
3324 3828 3569 3898 Ἰωσήφ.
3615 3829 3822 3902 Ἰωσὴφ

2252 3922 2414 3975 πάλιν
2462 3923 2494 3990 ἦ
2541 3920 2634 3973 τὸν
2677 3919 2840 3973 αὑτὸν
2885 3921 3093 3973 ἐκεῖνον
3129 3919 3222 3972 τὸν
3272 3921 3471 3990 Ἰωσὴφ
3537 3923 3820 3991 ὀνομάζει,

2249 4018 2385 4070 διότι
2402 4015 2430 4066 6
2445 4013 2576 4077 Θεὸς
2592 4014 2754 4066 αὐτὸν
2775 4014 2830 4065 ἐν
2853 4014 3018 4067 πᾶσιν
3039 4012 3398 4084 ἐχειραγώγει
3415 4015 3820 4068 κινδυνεύοντα·

2252 4110 2560 4178 γέγραπται
2621 4105 2728 4174 γάρ
2757 4119 2772 4135 ο
2799 4105 2906 4158 Καὶ
2958 4100 3037 4172 ἦν
3064 4100 3275 4172 Κύριος
3298 4106 3448 4172 μετὰ
3489 4107 3711 4176 Ἰωσήφ
3743 4127 3758 4140 .
3787 4112 3818 4178 ἢ

2252 4200 2343 4253 τὸν
2392 4197 2703 4269 δηλωθέντα
2759 4195 2890 4249 λαόν
2915 4211 2930 4226 ⁸
2985 4197 3200 4265 πατέρα
3233 4197 3340 4266 γὰρ
3377 4197 3498 4251 ὅλου
3533 4197 3628 4250 τοῦ
3689 4201 3822 4252 λαοῦ

579 4287 706 4340 stita
741 4296 866 4341 sunt
900 4289 968 4342 ab
1024 4288 1127 4344 hoc
1171 4290 1508 4359 patriarcha,
1560 4298 1612 4346 et
1651 4301 1855 4346 tantam
1904 4294 2142 4348 omnium

2251 4294 2346 4346 uati.
2367 4293 2458 4346 τὸν
2489 4290 2688 4358 Ἰωσὴφ
2717 4289 2890 4353 καλεῖ,
2923 4289 2997 4349 ὠς
3017 4289 3110 4341 καὶ
3143 4289 3203 4340 ἐν
3231 4288 3308 4358 τῷ
3325 4295 3398 4352 ος¹
3425 4289 3627 4360 ψαλμῷ
3653 4309 3789 4358 φησι
3807 4309 3822 4322 ·

580 4393 766 4432 curam
799 4379 1012 4444 habuit,
1043 4391 1101 4436 ut
1125 4389 1277 4452 pater
1305 4383 1547 4438 onmium
1579 4384 1817 4439 tribuum
1852 4399 1974 4441 esse
1999 4386 2142 4440 visus

2261 4382 2406 4447 Τοὺς
2429 4380 2594 4443 υιοὺς
2613 4378 2814 4434 Ἰακὼϐ
2831 4379 2930 4432 καί
2950 4378 3163 4448 Ἰωσήφ
3187 4396 3201 4410 ·
3219 4381 3354 4434 ὅπου
3379 4383 3472 4434 καὶ
3496 4381 3596 4453 τὴν
3621 4381 3826 4452 €56,711-

583 4472 676 4526 sit.
734 4470 885 4525 Unda
957 4488 1328 4541 saepenumero
1388 4474 1656 4544 PrOpheta
1720 4474 1914 4541 illum,
1979 4477 2146 4531 veluti

2258 4491 2344 4527 σιν
2388 4471 2522 4541 εὐρή
2531 4485 2663 4531 σεις.

584 4564 826 4617 onmium
858 4565 1096 4618 trihuum
1127 4575 1326 4632 patrem
1356 4568 1585 4635 appellat
1608 4567 1842 4634 (tametsi
1869 4568 2148 4639 Ephraim,
2189 4575 2243 4623 et
2277 4566 2556 4620 Manasses
2590 4571 2799 4616 tantum
2868 4559 2938 4614 ab
2981 4574 3047 4615 eo
3124 4561 3549 4634 descenderint),
3582 4565 3727 4619 unde
3773 4570 3830 4621 in

586 4657 794 4726 psalmo
824 4671 982 4710 Lxxvr
1029 4657 1204 4710 dixit:
1241 4657 1408 4713 Filios
1449 4658 1616 4713 Iacob
1654 4671 1700 4713 et
1737 4659 1948 4729 Ioseph.
1992 4661 2089 4716 Uhi
2131 4662 2294 4716 etiam
2323 4658 2584 4711 diximus.

657 4747 818 4801 Vens.
860 4749 914 4802 3.
966 4747 1069 4812 Qui
1113 4747 1257 4802 sedes
1297 4766 1450 4817 super
1477 4750 1756 4806 Cherubin:
1807 4753 2150 4822 manifestare

586 4853 765 4890 eorum
792 4837 1066 4902 Ephraim.
1097 4840 1369 4910 Bcnjamin
1409 4851 1460 4895 et
1522 4843 1787 4897 Manasse.
1821 4844 1953 4897 Cum
1995 4859 2144 4898 man-

588 4929 773 4983 dasset
823 4928 991 5001 Moysi
1045 4930 1331 4995 Dominus,
1391 4943 1449 4987 ut
1490 4934 1785 4989 Cheruhim
1837 4935 1948 4989 duo
1985 4950 2151 4990 aurea

589 5018 906 5084 conﬁceret,
938 5030 1103 5090 utque
1141 5037 1206 5075 ex
1243 5032 1472 5091 utraque
1500 5025 1856 5094 propitiatorii
1903 5035 2055 5094 parte
2087 5040 2151 5079 ea

589 5117 832 5177 poneret,
870 5110 1199 5181 subjungit:
1238 5113 1300 5166 Et
1347 5128 1646 5183 cognoscar
1685 5116 1795 5170 illic
1821 5130 1848 5169 a
1883 5123 1956 5178 te,
1989 5123 2042 5168 et
2075 5116 2154 5170 lo-

2337 4749 2399 4801 Ὀ
2435 4746 2770 4810 καθήμενος
2823 4743 2921 4796 ἐπὶ
2967 4743 3088 4797 τῶν
3153 4746 3462 4815 Χερουϐὶμ,
3528 4747 3829 4816 ἐμςὰιηθι

2256 4839 2535 4895 ἐναντίον
2565 4835 2834 4905 Ἑφραῒμ,
2889 4835 2983 4888 καί
3017 4836 3320 4904 Βενιαμίν,
3369 4838 3466 4891 xui
3495 4841 3828 4904 Μανασσῆ.

2269 4930 2673 4999 Ἐντειλάμενος
2733 4930 2762 4980 ὁ
2803 4927 2937 4988 Θεὸς
2971 4926 3048 4996 τῷ
3078 4929 3286 4997 Μωῢσῇ
3325 4931 3552 4990 ποιῆσαι
3593 4931 3686 4982 δύο
3717 4933 3832 4984 Χε-

2260 5021 2460 5092 ρουϐὶμ
2483 5021 2664 5090 χρυσᾶ
2695 5018 2947 5088 τορευτὰ.
2976 5019 3071 5071 καὶ
3102 5019 3370 5072 ἐπιθεῖναι
3403 5019 3463 5084 ἐξ
3494 5023 3831 5089 ἀμφοτέρων

2256 5113 2366 5166 τῶν
2391 5112 2572 5182 μερῶν
2611 5109 2704 5164 τοῦ
2729 5109 3064 5177 ίλαστηρίου,
3092 5110 3312 5180 εἴρηκεν
3341 5111 3422 5164 ὃτι
3452 5113 3797 5172 Γνωσθήσο
3816 5143 3832 5156 -

591 5217 731 5271 quar
766 5201 860 5255 tibi
911 5200 1148 5271 desuper
1196 5204 1640 5273 propitiatorium
1690 5205 1761 5258 ⁸⁵.
1796 5205 2142 5274 Manifestum

2254 5204 2364 5272 μαί
2391 5218 2488 5256 σοι
2517 5201 2764 5255 ἐκεῖθεν.
2793 5201 2901 5253 Καὶ
2925 5200 3179 5266 λαλήσω
3195 5215 3295 5253 σοι
3317 5200 3544 5254 ἄνωθεν
3568 5202 3676 5254 τοῦ
3697 5205 3834 5256 L1“-

591 5300 772 5346 autem
805 5309 981 5345 coram
1032 5293 1310 5361 Ephraim,
1343 5306 1472 5359 etc.,
1505 5309 1568 5349 ac
1608 5297 1652 5350 si
1695 5296 1902 5349 diceret
1936 5312 1949 5347 :
1991 5295 2151 5366 Opto,

593 5389 654 5434 ut
679 5384 1025 5452 cognoscaris
1054 5385 1270 5438 venisse
1294 5399 1475 5439 coram
1507 5384 1573 5439 iis
1599 5386 1692 5454 qui
1723 5387 1967 5442 derclicti
2005 5397 2154 5455 sunt,

599 5487 740 5540 quos
792 5474 1065 5544 Ephraim,
1111 5475 1392 5546 Beniamin
1423 5486 1473 5533 ct
1502 5477 1804 5536 Manassem
1842 5481 2155 5552 appellavit.

653 5649 697 5679 "
743 5649 910 5705 Exod.
971 5667 1093 5715 xxv,
1146 5651 1233 5704 2‘2.

2261 5294 2543 5363 στηρίου·
2577 5292 2679 5346 ἀνὰ
2721 5290 2883 5361 μέσον
2914 5289 3024 5342 τῶν
3057 5289 3152 5342 δύο
3181 5290 3459 5360 Χερουϐίμ
3502 5292 3560 5343 ὲν
3599 5290 3675 5360 τῷ
3704 5294 3832 5360 ὁμι-

2262 5388 2399 5442 λεῖν.
2444 5384 2772 5457 Ἐμερὰνηθι
2828 5383 2905 5445 δὲ,
2953 5382 3129 5434 εἶτουν
3190 5380 3489 5450 Γνώσθητι,
3536 5380 3616 5435 δτι
3660 5378 3831 5452 ἦ-λθες

2268 5476 2460 5548 βοηθὸς
2484 5474 2717 5530 ἐνώπιον
2748 5473 2856 5527 τῶν
2876 5469 3356 5540 ὑπολελειμμένων
3376 5485 3390 5498 ο
3419 5467 3512 5533 οὓς
3539 5468 3831 5540 ὠνόμασεν
