4084 6210
324 202 428 268 8ἼἹ
1475 205 1866 268 COMMENT.
1927 205 2008 264 IN
2040 201 2399 263 PSALMOS.
3470 210 3575 273 323

324 316 488 372 ἔτιδέ
547 315 641 368 καὶ.
683 313 779 368 τοῦ
829 313 1193 386 Σολομῶντος,
1219 312 1392 378 πολλὰ
1437 315 1547 367 τῶν
1573 314 1744 368 ἐθνῶν
1775 313 1886 366 ἐδαο
1929 347 1937 373 ,

1958 328 1974 371 ι
2004 309 2291 362 exaltatas.
2326 305 2685 376 Temporibus
2709 316 2887 362 autem
2917 312 3026 362 tam
3061 310 3200 365 beati
3221 311 3386 369 David
3410 333 3571 385 quam

325 406 644 476 σμοφόρουν
671 408 780 467 τοῖς
825 407 1122 469 Ἰουδαίοις.

2004 400 2314 455 Salomonis
2347 400 2526 452 nullus:
2558 408 2746 468 gentes
2777 402 3082 455 servierunt
3117 403 3337 461 Jmleeis.

398 499 693 562 Ἐξέτεινε
721 499 790 552 τὰ
817 498 1097 566 κλήματα
1148 497 1340 565 αὐτῆς
1389 499 1500 565 ἕως
1557 501 1896 564 θαλασσης,

2077 491 2242 545 Vens.
2276 489 2365 542 12.
2403 488 2653 544 Extendit
2677 491 2920 558 palmites
2953 511 3077 547 suos
3120 513 3282 562 usque
3315 500 3382 551 ad
3414 518 3575 564 mare,

326 591 424 645 καὶ
449 591 561 656 ἕως
587 589 870 659 ποταμῶν
900 592 1006 655 τὰς
1032 591 1432 660 παραφυάδας
1479 588 1688 657 αὐτῆς.
1748 592 1863 659 KH}
1883 620 1898 632 ο

2001 591 2048 636 et
2081 597 2243 650 usque
2277 583 2346 633 ad
2379 582 2603 649 ﬂumina
2641 587 2952 652 propagines
2985 602 3135 643 suas.
3173 587 3274 642 Per
3307 592 3577 658 palmites,

331 703 484 755 ματα
515 683 617 754 μὲν
673 685 744 738 τὰ
791 685 1060 754 γενόμενα
1091 685 1234 738 κατὰ
1263 685 1476 755 καιρὸν,
1522 686 1619 738 καὶ
1669 683 1902 750 αὔξοντα

2003 682 2388 739 augescentem
2429 673 2607 740 populi
2663 675 3064 730 multitttdinem
3097 717 3110 741 ,
3158 689 3210 733 et
3253 696 3351 749 per
3389 699 3576 749 mare,

331 779 516 848 πλήθη
540 778 634 832 τοῦ
664 775 798 831 λαοῦ
824 794 837 808 ο
873 777 1122 832 θάλασσα
1144 777 1227 842 δὲ,
1257 778 1290 849 η
1328 777 1524 848 Ἰνδικὴ
1548 792 1563 807 ⁸
1597 779 1691 830 καὶ
1725 794 1900 845 παρα-

2014 764 2248 819 lmlicum
2279 780 2426 818 mare
2459 766 2710 834 intelligit
2745 784 2757 819 :
2793 781 2888 834 per
2918 772 3240 839 propagines
3257 789 3410 838 vero,
3433 775 3627 843 ipsos'

333 871 536 939 φυάδες
572 870 691 939 μὲν9
722 870 772 921 οἱ
801 868 1134 939 προσήλυτοι
1156 910 1170 933 ,
1203 871 1251 922 οε
1293 870 1349 936 ἐξ
1377 869 1546 923 ἐθνῶν
1574 869 1903 940 προσελθὸν-
2007 857 2332 925 proselytos,
2363 857 2453 925 qui
2487 872 2550 910 ex
2589 857 2842 926 gentibus
2879 857 3190 914 Judaeorum
3241 877 3299 916 se
3333 865 3581 933 religioni

330 974 447 1020 τες,
474 958 566 1010 καὶ
593 956 692 1025 τὴν
723 956 1054 1025 θεογνωσίαν
1085 959 1395 1027 δεξάμενοι,
1429 962 1522 1012 καὶ
1547 959 1692 1012 οὕτω
1725 975 1906 1030 παρα-

2005 949 2492 1017 adjungcbant,ct
2547 950 2912 1019 cognitionem
2966 953 3057 1006 Dei
3113 957 3574 1024 assequebantur.

333 1051 566 1121 φυέντες
610 1051 812 1114 αὐτοῖς.
845 1053 1133 1122 Ποταμοὺς
1161 1053 1217 1106 δὲ
1247 1053 1398 1122 λέγει
1443 1053 1536 1106 τὸν
1585 1054 1903 1122 Εὐφράτην,

2007 1038 2070 1091 Hi
2113 1040 2312 1092 etenim
2343 1039 2582 1109 antiquae
2607 1039 2919 1096 Judaeorum
2956 1045 3122 1097 radici
3181 1048 3584 1114 quodammodo

334 1145 477 1197 κατὰ
502 1143 562 1195 τὸ
601 1123 894 1214 Ἐϐραῖκδν
927 1145 1125 1214 ἰδίωμα
1147 1163 1164 1179 ο
1195 1145 1270 1208 ὡς
1292 1147 1387 1198 καὶ
1414 1148 1472 1200 ἐν
1498 1145 1575 1215 τῷ
1595 1144 1670 1209 οζ¹
1703 1142 1905 1214 ψαλμῷ

2008 1132 2466 1186 aalnascehantur.
2498 1132 2598 1186 Per
2614 1131 2837 1188 ﬂumina
2856 1136 3018 1189 etiam
3049 1137 3225 1206 ipsum
3257 1139 3581 1209 Euphratem

335 1235 682 1304 προείρηται.
724 1233 789 1286 Ἦ
815 1234 872 1288 δὲ
895 1235 1056 1305 τρίτη
1086 1235 1267 1305 βίὸλος
1320 1237 1431 1289 τῶν
1464 1234 1768 1289 Βασιλειῶν
1807 1251 1908 1288 πο-

2010 1224 2300 1294 signilieat.
2335 1224 2534 1292 plurali
2579 1240 2711 1280 usus
2745 1243 2975 1282 numero
3015 1244 3114 1297 pro
3156 1233 3441 1302 singulari,
3484 1235 3588 1287 lle-

334 1326 509 1398 ταμὸν
544 1326 740 1390 ἑνικῶς
770 1326 1102 1398 ἀναγράφει.

2011 1315 2280 1369 brarorum
2341 1330 2492 1369 more
2519 1353 2534 1379 ,
2576 1326 2633 1368 ut
2670 1315 2913 1372 diximus
2959 1321 3012 1373 in
3045 1321 3253 1388 psalmo
3288 1340 3488 1383 Lxxvu.
3531 1327 3584 1380 lu

2014 1411 2174 1462 tertio
2193 1418 2372 1461 tamen
2404 1408 2611 1478 Regum
2637 1407 2798 1474 libro,
2823 1409 3024 1464 llumen
3045 1413 3308 1481 singulari
3337 1431 3588 1472 sermone

2014 1502 2280 1568 scriptum
2303 1508 2408 1554 est.

413 1591 547 1646 Ἵνα
574 1592 632 1644 τί
662 1591 940 1656 καθεῖλες
961 1591 1068 1646 τὸν
1090 1591 1368 1662 φραγμὸν
1388 1592 1610 1662 αὐτῆς,
1650 1593 1912 1664 Φραγμὸν
1946 1654 1980 1664 λ

1974 1658 1980 1664 _
2091 1589 2254 1643 Vens.
2285 1590 2369 1644 l5.
2391 1589 2559 1654 Quasi
2579 1590 2884 1644 destruxiin
2899 1606 3068 1654 sepem
3085 1593 3238 1661 ejus?
3263 1594 3364 1647 Per
3383 1610 3587 1663 sepem,

339 1681 492 1748 λέγει
529 1682 626 1752 τὴν
655 1681 1002 1752 φρουροῦσαν
1025 1683 1222 1746 αὐτοὺς
1252 1683 1404 1737 θείαν
1435 1685 1765 1755 ἐπισκοπὴν.
1946 1654 1952 1707 1

1977 1660 1982 1699 ⁵
2019 1678 2258 1738 divinam
2295 1684 2686 1750 protectionem
2715 1680 2991 1751 intelligit,
3026 1699 3146 1752 (pne
3188 1684 3312 1740 illos
3341 1685 3467 1737 olitn
3492 1700 3590 1739 cu-

2019 1771 2313 1824 stodiehat.

417 1858 524 1910 Kal
565 1858 864 1926 τρυγῶσιν
905 1860 1100 1928 αὐτὴν
1125 1861 1348 1928 πάντες
1403 1863 1460 1916 οἱ
1504 1863 1914 1930 παραπορευό-

2098 1862 2161 1916 Ει
2205 1862 2531 1916 vindemiant
2557 1879 2670 1916 eam
2697 1879 2875 1917 omnes
2901 1904 2917 1928 ,
2962 1866 3051 1932 qui
3095 1870 3593 1936 prwtergrediuntur

340 1965 513 2018 μενοι
547 1949 660 2018 τὴν
685 1949 848 2004 ὀδόν.
906 1951 1016 2030 Καὶ
1061 1951 1416 2022 λυμαίνονται
1443 1953 1613 2024 αὐτὴν
1639 1954 1818 2006 πάντα
1847 1954 1916 2005 τὰ

2018 1954 2546 2010 viam?Etvastant
2583 1969 2702 2009 eam
2755 1970 2945 2010 omnes
2997 1967 3213 2022 gentes,
3269 1973 3390 2026 qua:
3436 1960 3592 2027 juxta

345 2043 475 2114 ἔθνη
513 2044 578 2095 τὰ
610 2042 740 2112 παρ’
767 2043 938 2114 αὐτῆς
967 2045 1315 2115 πορευόμενα
1339 2045 1438 2117 τὴν
1483 2046 1602 2098 όδόν
1626 2062 1640 2075 ·
1688 2048 1722 2116 ἡ
1781 2047 1914 2116 πρό-

2020 2046 2166 2098 illatn
2195 2045 2500 2107 ambulant,
2532 2059 2628 2113 per
2658 2046 2822 2098 viam.
2845 2044 3165 2115 Pra‘positio
3191 2049 3360 2112 enim,
3380 2062 3591 2116 prwter,

347 2134 496 2196 θεπις
529 2137 636 2205 γὰρ
679 2134 913 2188 ἐνταῦθα
969 2135 1069 2208 τὴν
1097 2137 1374 2207 ἐγγύτητα
1421 2137 1702 2208 σημαίνει.
1739 2139 1914 2202 Ὅσοι,

2021 2134 2124 2188 hoc
2155 2135 2206 2186 in
2244 2134 2381 2198 loco,
2414 2132 2749 2188 vicinitatem
2782 2134 3075 2204 signiticet.
3106 2136 3435 2206 Quicunque
3461 2177 3474 2201 ,
3511 2141 3595 2192 in-

346 2223 503 2291 φησὶ,
536 2224 763 2293 πλησίον
791 2225 959 2294 αὐτῆς
993 2225 1276 2278 ποιοῦνται
1337 2227 1438 2295 τὴν
1467 2226 1610 2294 ὁδὸν,
1657 2228 1778 2298 ἦτοι
1816 2229 1915 2299 τὴν

2017 2227 2154 2296 quit,
2180 2227 2333 2296 juxta
2363 2242 2481 2282 catn
2527 2227 2631 2281 iter
2666 2229 2892 2292 iaciunt,
2927 2228 3051 2292 vel,
3081 2231 3397 2298 quicunque
3446 2233 3594 2285 illinc

347 2314 540 2376 δίοδον,
575 2314 975 2383 ἐπηρεάζουσιν
1005 2315 1166 2386 αὐτῇ.
1213 2315 1359 2387 Πρὸς
1403 2316 1628 2380 τούτους
1679 2317 1738 2370 δὲ
1788 2317 1916 2381 τοὺς

2020 2325 2344 2379 transeunt,
2377 2316 2579 2370 laedunt
2611 2331 2730 2370 eam
2760 2356 2776 2381 ,
2829 2327 2882 2371 et
2925 2319 3182 2372 damnum
3236 2320 3284 2372 ei
3329 2319 3592 2373 inierunt-

349 2407 540 2476 λόγους
623 2407 980 2476 ἀποκρίνεται.
1069 2405 1158 2460 διὰ
1224 2406 1449 2460 Ἥσαῖου
1505 2409 1533 2461 ὁ
1594 2409 1917 2478 ἐπουράνιος

2019 2408 2220 2463 Verum
2273 2407 2340 2461 ad
2386 2408 2700 2475 lmjusmodi
2755 2406 3069 2462 Iuda-orum
3119 2421 3434 2470 sermones,
3499 2425 3597 2478 per

347 2497 614 2567 γεωργὸς,
646 2483 849 2566 λέγωψ
882 2498 1038 2551 Διότι
1086 2498 1296 2566 ἔμεινα
1344 2497 1452 2552 τοῦ
1490 2497 1742 2568 ποιῆσαι
1771 2515 1918 2552 στα-

2020 2498 2216 2554 lsaiam
2288 2499 2610 2567 prephetam
2672 2499 2967 2567 respondet
3015 2500 3257 2556 caelestis
3309 2501 3594 2569 agricola,

347 2590 582 2662 φυλὴν,
616 2592 868 2660 ἐποίησε
898 2592 967 2646 δὲ
990 2591 1286 2672 ἀκάνθας.

2021 2592 2210 2646 ιίίευιιε
2247 2607 2263 2644 :
2302 2589 2618 2660 Exspectavi
2674 2599 2731 2643 ut
2779 2592 2981 2656 Iaceret
3036 2607 3161 2645 uvas
3189 2633 3203 2659 ,
3259 2593 3381 2661 fecit
3427 2603 3599 2646 autem

2021 2688 2202 2737 spinas
2239 2683 2304 2736 ⁸⁷.

2021 2701 2034 2737 ι

421 2771 793 2839 Ἐλυμήνατο
819 2771 1015 2842 αὐτὴν
1047 2772 1166 2840 σῦς
1197 2771 1267 2827 ἐκ
1292 2771 1542 2844 δρυμοῦ.
1574 2772 1635 2827 Ὀ
1663 2772 1923 2828 Βαϐυλὼο

2021 2701 2202 2737 simas
2239 2701 2304 2736 α’.

2049 2701 2064 2752 1
2095 2774 2262 2830 Vens.
2315 2773 2399 2828 H.
2443 2773 2680 2829 Vastavit
2706 2791 2821 2829 eam
2844 2793 2934 2830 sus
2963 2777 3026 2829 de
3061 2777 3216 2830 silva.
3271 2776 3601 2848 Babylonius

353 2882 469 2922 νιος
521 2865 1009 2936 Ναϐουχοδονόσωρ
1039 2861 1103 2926 ὗς
1133 2865 1428 2936 λεγόμενος
1466 2865 1556 2920 διὰ
1594 2866 1654 2918 τὸ
1708 2865 1924 2937 χαίρειν

2027 2867 2286 2922 nimirum
2316 2866 2866 2931 Nabuchodonosor,
2911 2884 3007 2922 sus
3058 2869 3179 2922 ideo
3225 2870 3404 2922 dictus
3455 2871 3601 2938 quod

347 2957 433 3026 τῷ
472 2956 716 3040 βορσόρῳ
740 2957 848 3009 τῶν
882 2957 1088 3041 ἡδονῶν
1117 2956 1209 3011 καὶ
1242 2957 1329 3011 διὰ
1351 2957 1448 3027 τὴν
1480 2957 1646 3030 ἄλλην
1681 2958 1925 3026 ἁκαθαρ-
1949 2993 1960 3041 γ

1988 2990 1994 3044 ι
2029 2957 2082 3012 in
2102 2946 2444 3026 voluptatum
2470 2958 2585 3014 luto
2618 2958 2980 3028 volutaretur,
3001 2965 3055 3012 et
3082 2960 3208 3028 quia
3255 2959 3601 3014 omnifariam

355 3048 500 3101 σίαν.
533 3037 746 3117 Δρυμὸς
776 3047 834 3100 δὲ
934 3045 1212 3111 Βαϐυλὼν,
1259 3048 1335 3111 ὡς
1384 3045 1577 3102 δασεῖα
1620 3047 1698 3118 τῷ
1727 3046 1923 3118 πλήθει
1956 3037 1968 3046 Ἰ

1992 3037 1993 3042 “
2027 3050 2307 3119 spurcitia:
2335 3065 2535 3120 genere
2574 3050 2754 3106 fmdus
2786 3061 2948 3121 atque
2982 3052 3296 3106 immundus
3317 3061 3454 3107 erat.
3502 3051 3605 3107 Per

353 3141 466 3194 τῶν
502 3138 858 3192 ἐνοικούντων
881 3154 894 3168 ’
922 3139 1171 3210 ἄκαρπος
1207 3137 1266 3192 δέ
1306 3138 1444 3210 πρὸς
1475 3138 1682 3212 ἀρετὴν
1717 3139 1813 3193 καὶ
1849 3140 1926 3203 ὡς

2029 3142 2217 3196 silvam
2245 3156 2400 3208 vero,
2429 3143 2541 3210 ipsa
2565 3142 2886 3212 intelligitur
2942 3142 3180 3214 Babylon
3211 3183 3228 3209 ,
3273 3145 3401 3213 quia
3452 3145 3608 3199 habi-

358 3232 683 3304 ἐνδιαίτημα
708 3231 815 3284 τῶν
840 3230 1047 3300 νοητῶν
1074 3229 1300 3303 θηρίων.

2032 3228 2268 3284 tantium
2331 3229 2682 3285 multitudine
2720 3230 2896 3286 instar
2941 3232 3092 3286 silva:
3139 3233 3310 3287 densa
3353 3243 3512 3298 erat,
3556 3242 3610 3286 et

2037 3323 2390 3378 infructuosa
2428 3324 2674 3394 germine
2699 3323 2985 3386 virtutum,
3005 3333 3059 3380 et
3091 3327 3219 3394 quia
3263 3327 3417 3380 locus
3443 3337 3611 3396 atque

2031 3412 2292 3468 habitatio
2317 3421 2404 3469 est
2435 3412 2881 3468 intellectualium
2913 3415 3175 3469 ferarum.

430 3503 535 3557 Kal
558 3501 770 3573 μονιός
802 3500 1007 3570 ἄγριος
1040 3499 1490 3570 scatere-micare
1520 3498 1735 3567 αὐτήν.
1789 3500 1930 3561 Τοὺς

2105 3503 2172 3559 Et
2219 3505 2505 3573 singularis
2554 3504 2698 3572 ferus
2744 3504 2991 3572 depastus
3033 3515 3111 3559 est
3158 3523 3298 3560 eam.
3348 3507 3609 3562 Eumdem

357 3596 558 3658 αὐτοὺς
614 3595 764 3662 λέγει
813 3593 999 3658 πάλιν,
1054 3592 1239 3662 μονιδν
1291 3593 1389 3663 μὲν
1419 3592 1493 3655 ὡς
1529 3593 1690 3655 μόνον
1739 3593 1926 3654 αὐτοῖς

2031 3613 2226 3652 rursus
2257 3595 2763 3650 Nabuchodonosor
2795 3597 3401 3666 singularemappellat,
3444 3599 3610 3652 veluti

359 3685 896 3758 ἐπιστρατεύσαντα,
937 3684 1064 3754 δίχα
1105 3681 1446 3754 συμμάχων’
1502 3683 1696 3752 ἄγριον
1734 3682 1812 3747 δέ,
1854 3682 1930 3745 ὡς

2031 3687 2122 3756 qui
2155 3687 2360 3754 absque
2387 3685 2748 3740 auxiliaribus
2789 3688 2962 3755 copiis
2994 3687 3144 3741 solus
3195 3689 3462 3742 adversus
3506 3687 3607 3741 Ju-

361 3779 644 3849 θηριωδῶς
676 3777 772 3832 καὶ
798 3776 964 3848 ὠμῶς
1005 3773 1282 3846 Ἑϐραίοις
1315 3773 1680 3846 χρησάμενον.
1733 3774 1932 3836 Μονιος

2033 3780 2180 3833 datos
2224 3777 2562 3832 militasset:
2609 3787 2664 3832 et
2725 3778 2899 3832 rerum
2945 3779 3103 3846 quasi
3153 3795 3400 3844 saevum,
3450 3791 3613 3850 atque

361 3870 417 3922 δέ
452 3873 599 3923 ἐστιν
634 3861 697 3930 ὗς
735 3869 894 3938 μόνος
928 3866 1150 3930 ὁδεύων,
1204 3866 1300 3918 καὶ
1358 3865 1568 3934 ἑτέροις
1615 3864 1713 3916 οὐκ
1744 3864 1934 3932 ἐπιμι-

2037 3870 2334 3933 immitem,
2377 3877 2431 3924 et
2475 3866 2603 3923 fera:
2643 3867 2805 3922 alicui
2848 3867 3107 3923 similem.
3171 3869 3607 3925 Crudelissimus

365 3964 655 4034 γνύμενος.
679 3963 747 4014 δι’
782 3961 1090 4032 ύπερόολὴν
1119 3960 1468 4030 ἀγριότητος.
1496 3948 1654 4022 Τινές
1688 3957 1747 4011 δὲ
1777 3953 1840 4012 ὗν
1871 3960 1934 4011 ἐκ

2037 3960 2179 4016 enim
2211 3959 2388 4014 fuerat
2426 3958 2479 4013 in
2513 3957 2792 4014 llebrazos.
2825 3955 3134 4028 Singularis
3174 3969 3354 4012 autem
3385 3974 3481 4014 seu
3519 3973 3611 4014 so-

364 4057 574 4126 δρυμοῦ
619 4057 710 4110 τὸν
749 4054 1036 4125 Ἀσσύριον
1071 4051 1440 4122 Σαλμανάσαρ
1499 4053 1682 4119 φασὶν,
1731 4050 1791 4114 ὃς
1830 4051 1934 4120 πρὸ

2041 4051 2255 4108 litarius
2277 4067 2372 4107 sus
2412 4051 2500 4104 ille
2535 4049 2773 4115 dicitur,
2805 4052 2898 4120 qui
2945 4051 3098 4104 solus
3149 4050 3393 4113 incedit,
3445 4060 3500 4105 et
3545 4051 3627 4104 ob:

363 4149 459 4201 τοῦ
493 4147 989 4218 Ναϐουχοδονόσωρ
1020 4144 1292 4216 ἐπόρθησε
1336 4143 1435 4216 τὴν
1464 4143 1798 4214 Σαμάρειαν.
1843 4142 1937 4195 Διδ

2041 4156 2309 4196 Summam
2342 4139 2609 4194 feritatem
2639 4139 2762 4194 aliis
2797 4154 2904 4193 non
2930 4139 3207 4196 miscetur.
3233 4139 3465 4207 Quidam
3488 4157 3619 4196 vero

366 4242 462 4294 καὶ
493 4233 646 4302 οὗτος
673 4239 772 4308 μὲν
803 4238 1111 4308 ἐλυμήνατο
1145 4236 1390 4307 μερικῶς
1425 4234 1718 4305 Ἐϐραίους
1740 4251 1755 4265 ·
1807 4237 1835 4288 ὁ
1879 4233 1936 4287 δὲ

2044 4249 2140 4303 per
2173 4248 2324 4287 suem
2357 4232 2424 4287 de
2450 4232 2584 4287 silva
2608 4271 2622 4294 ,
2652 4232 2935 4299 Assyrium
2979 4233 3287 4303 intelligunt
3333 4234 3620 4289 Salmana-

365 4332 860 4402 Ναϐουχοδονόσωρ
893 4331 1125 4385 καθόλου
1157 4329 1593 4399 κατενεμήσατο.
1976 4322 1978 4374 Ῐ

2008 4329 2018 4368 l
2049 4341 2162 4390 sar,
2194 4327 2289 4395 qui
2323 4337 2450 4378 ante
2476 4321 2980 4379 Nabuchodonosor
3008 4325 3369 4394 depOpulatus
3413 4336 3498 4381 est
3522 4325 3621 4381 Sa-

367 4427 622 4490 mariam,
654 4425 850 4494 quippe
880 4440 945 4478 ex
977 4425 1158 4494 aliqua
1193 4431 1344 4494 parte
1369 4422 1574 4479 Iudaeis
1627 4423 1826 4478 damna
1859 4423 2068 4478 intulit.
2099 4417 2233 4473 Nam
2275 4416 2783 4473 Nabuchodonosor
2816 4433 2912 4474 eos
2947 4433 3175 4488 prorsus
3224 4421 3476 4488 perdidit.

452 4523 513 4574 Ὀ
549 4521 692 4587 Θεὸς
725 4520 841 4574 τῶν
873 4520 1212 4589 δυνάμεων,
1241 4519 1618 4588 ἐπίστρεψον
1650 4518 1750 4586 δὴ,
1812 4519 1943 4572 ἐπί-

2117 4512 2284 4566 Vens.
2319 4512 2408 4574 15,
2444 4511 2529 4565 16.
2571 4511 2704 4566 Deus
2726 4513 2981 4565 virtutum
3028 4527 3267 4567 converte
3319 4524 3368 4568 et
3400 4515 3625 4583 respice

367 4618 604 4684 ὄλεψον
629 4614 698 4678 ἐξ
723 4613 1007 4682 οὐρανοῦ,
1038 4612 1138 4666 καὶ
1169 4612 1283 4677 ιδε,
1331 4613 1430 4666 καὶ
1465 4614 1794 4680 ἐπίσκεψαι
1827 4612 1944 4678 τὴν

2044 4606 2107 4661 de
2131 4605 2291 4668 cado,
2321 4617 2364 4658 et
2395 4605 2511 4658 vide
2535 4645 2549 4668 ,
2581 4615 2629 4658 et
2671 4607 2824 4659 visita
2848 4607 3051 4659 vineam
3095 4607 3252 4659 istam
3277 4647 3290 4671 ,
3341 4616 3390 4660 et
3431 4607 3626 4677 perﬁce

368 4710 648 4778 ἄμπελον
674 4709 923 4775 ταύτην,
969 4707 1068 4760 καὶ
1119 4705 1473 4773 κατάρτισαι
1526 4705 1744 4772 αὐτὴν,
1779 4703 1858 4771 ἣν
1887 4687 1960 4757 ἐξ

2045 4715 2161 4752 eam
2210 4713 2370 4766 quant
2419 4699 2679 4762 plantavit
2729 4698 2948 4752 dextera
3013 4709 3126 4752 tua.
3179 4697 3491 4766 Converte,
3523 4703 3625 4754 hoc

369 4803 680 4872 φύτευσεν
708 4803 745 4869 ἢ
773 4799 944 4865 δεξιά
981 4799 1618 4867 σου.-Ἕπίστρεψον,
1639 4799 1757 4869 ἦτοι
1793 4800 1949 4868 Διορ-

2049 4799 2154 4857 est,
2191 4789 2374 4861 Dirige
2409 4805 2508 4844 nos
2533 4805 2549 4854 ;
2579 4789 2682 4853 vel,
2708 4799 2767 4842 ut
2801 4791 3053 4860 superius
3070 4790 3627 4856 diximus(Converte

370 4898 549 4950 θωσον
579 4897 748 4964 ἡμᾶς.
778 4895 848 4947 Ἢ
881 4896 998 4957 καὶ,
1032 4891 1215 4954 καθὼς
1247 4877 1526 4959 ἀνωτέρω.
1549 4893 1789 4961 εἴρηται,
1825 4889 1948 4943 ἐπί-

2051 4895 2152 4935 nos
2177 4882 2242 4931 ad
2278 4888 2330 4932 te
2364 4894 2378 4941 ;
2411 4888 2504 4932 aut
2526 4893 2555 4931 a
2587 4877 2938 4933 tribulatione
2968 4880 3033 4932 ad
3082 4881 3337 4951 gaudium
3367 4924 3382 4948 ,
3404 4918 3408 4920 -
3429 4891 3533 4937 etc.
3558 4883 3578 4954 )
3608 4923 3623 4947 ,

375 4989 580 5058 σκεψαι
603 4988 682 5050 δὲ,
716 4987 838 5039 ἀντὶ
869 4985 963 5039 τοῦ
993 4984 1144 5038 ἴασαι
1175 4984 1572 5053 συντριεεῖσαν.
1604 4985 1946 5054 Κατάρτισαι
1977 4993 1992 5011 ·
2052 4978 2108 5024 εί
2138 4969 2306 5026 “Sila
2343 4968 2578 5030 Vineam»
2605 4969 2708 5022 ίιοο
2731 4979 2858 5050 θδῑι.
2878 4967 3093 5024 Μυάενθ
3153 4985 3296 5034 eam.
3333 4986 3454 5038 ‘1"33
3493 4985 3624 5023 001³·-

373 5081 455 5146 es,
482 5081 604 5134 ἀντὶ
626 5079 721 5132 τοῦ
742 5080 1096 5148 Ἀνάκτησαι,
1127 5080 1204 5141 είς
1229 5076 1327 5148 τὴν
1357 5077 1629 5146 προτέραν
1649 5077 1816 5146 εὐκλη
1826 5077 1948 5144 ρίαν

2057 5063 2181 5114 trita
2214 5063 2395 5130 est,:et
2427 5058 2676 5130 Respice,
2703 5062 2805 5116 hoc
2835 5069 2940 5126 est,
2973 5059 3194 5124 Relove,
3222 5069 3274 5115 et
3307 5060 3359 5113 in
3388 5062 3622 5129 priorem

369 5171 834 5240 ἀποκατάστησον
885 5169 998 5239 (i=5)
1049 5169 1241 5239 ἥντινα
1308 5165 1555 5238 ἄμπελον
1627 5167 1950 5236 κατῴκησεν

2055 5161 2256 5205 statum
2299 5165 2418 5204 eam
2460 5151 2712 5214 restitue,
2745 5166 2890 5216 eam,
2933 5152 3436 5219 inquam,vineam,
3460 5165 3625 5218 quam

378 5265 618 5320 ἐνταῦθα
648 5265 681 5336 ὴ
717 5265 784 5334 σὴ
810 5262 1060 5332 δύναμις.

2055 5243 2274 5298 dextera
2304 5252 2397 5297 tua
2433 5244 2715 5313 plantavit.
2743 5243 2931 5299 Divina
2959 5246 3100 5299 enim
3133 5250 3403 5314 potestate
3423 5242 3646 5297 factum

2057 5341 2163 5396 est,
2198 5343 2257 5388 ut
2288 5335 2340 5388 in
2371 5335 2475 5390 hac
2505 5337 2724 5406 regione
2759 5336 3150 5390 liabitarcmus.

439 5446 482 5478 81

525 5447 628 5500 lsa.
657 5461 710 5509 v,
735 5445 792 5496 2.

1734 5510 1932 5571 Variae
1978 5512 2306 5578 lectiones.

459 5619 571 5746 ([93)
599 5618 788 5672 Grmce
821 5633 975 5678 quant
1009 5617 1215 5671 vincam
1244 5610 1506 5694 exstruxit
1555 5614 1785 5680 potentia
1829 5625 1943 5668 tua.
1988 5615 2195 5674 Caetera
2221 5617 2418 5688 dequo
2446 5618 2653 5676 addidit
2675 5618 2967 5691 interpres,
3025 5617 3410 5690 explanatione
3471 5631 3629 5685 usus,

498 5708 588 5746 CI'C
612 5705 854 5746 semper.

392 5699 452 5746 ut
477 5699 588 5746 fere
612 5705 854 5757 semper.
