4084 6210
452 265 559 331 839

1670 249 2063 311 EUTHYMII
2105 243 2470 307 ZiGABENI

3616 219 3723 285 850

529 378 593 431 Et
629 392 786 446 super
818 375 989 444 [ilium
1033 370 1283 433 hominis,
1321 383 1475 439 quem
1516 365 1783 420 roborasti
1831 364 1943 416 tibi.
2001 364 2041 415 Α

2219 359 2327 413 Καὶ
2384 357 2485 409 ἐπὶ
2543 353 2678 408 υἱὸν
2710 350 3025 419 ἀνθρώπου
3059 324 3470 412 ἐκραταὶωσας
3510 335 3726 400 ἑαυτῷ.

458 471 739 525 cmnmuni
770 482 931 523 sensu
975 463 1303 519 sumendqu
1333 471 1418 515 est
1470 459 1695 515 verbum
1725 496 1740 522 ,
1794 455 2034 523 Respire.

460 563 565 616 Per
595 558 794 613 Filium
827 565 1007 609 autem
1036 553 1264 609 hominis
1296 593 1310 617 ,
1353 550 1525 606 Judaei
1579 548 1801 619 quidem
1858 561 2038 615 regem

462 652 776 719 intelligunt
809 646 1149 708 Zorobabel,
1182 645 1271 698 cui
1324 644 1490 697 rohur
1538 640 1838 710 praestitum
1885 647 1969 692 est
2016 652 2045 689 a

462 748 590 812 Deo,
622 743 827 813 quique
854 741 999 810 apud
1026 754 1204 810 regem
1244 738 1462 792 Darium
1491 736 1631 789 duos
1690 734 1810 786 illos
1865 732 2050 784 a-lole-

450 848 676 893 scentes
700 835 1014 903 superavit,
1057 833 1261 887 docens
1306 829 1451 899 quod
1507 827 1767 881 mulieres
1816 823 1944 877 vino
1994 832 2050 875 et

462 946 586 999 rege
621 929 881 982 fortiores
912 932 1118 988 essent,
1146 932 1200 976 et
1228 931 1409 976 tamen
1443 920 1586 989 quod
1621 917 1824 970 veritas
1852 917 2046 968 omnia

463 1023 702 1074 vinceret
731 1035 745 1084 ;
776 1018 919 1072 unde
948 1018 1203 1069 omnibus
1234 1012 1582 1066 admirationi
1610 1011 1729 1073 fuit,
1751 1018 1805 1061 et
1825 1022 2053 1061 conces-

464 1130 584 1169 sum
606 1114 653 1166 ei
674 1122 756 1166 est
776 1123 831 1166 ut
847 1108 1168 1163 ascenderet
1190 1108 1240 1159 in
1257 1104 1583 1166 Jerusalem,
1602 1110 1768 1169 utque
1792 1107 2049 1153 exustum

466 1205 726 1274 templum
755 1242 769 1267 ,
817 1211 872 1257 et
919 1203 1160 1257 dirutam
1214 1198 1489 1252 civitatem
1533 1195 1887 1247 instauraret.
1936 1187 2046 1243 Nos

469 1304 648 1349 autem
683 1308 777 1362 per
814 1290 1012 1344 Filium
1043 1287 1269 1341 hominis
1302 1324 1318 1347 ,
1347 1290 1691 1350 assumptum
1741 1293 1770 1331 a
1803 1276 1912 1329 Deo
1945 1276 2046 1328 ho-

468 1388 669 1439 minem
704 1382 1087 1455 intelligimus,
1109 1377 1389 1433 Christum
1426 1373 1685 1426 nimirum
1721 1386 1733 1422 :
1762 1368 1887 1437 quia
1908 1366 2052 1420 Deus

470 1474 745 1541 Verbum,
786 1472 889 1528 sibi
920 1471 1023 1541 ipsi
1051 1508 1068 1535 ,
1098 1470 1201 1523 hoc
1229 1476 1315 1522 est
1335 1506 1350 1529 ,
1384 1466 1438 1519 in
1475 1480 1534 1519 se
1557 1464 1676 1532 ipso
1710 1466 2053 1526 assumptum

472 1568 749 1624 [nominem
786 1564 1105 1625 roboravit,
1142 1560 1370 1614 tradens
1416 1567 1581 1623 atque
1636 1552 1961 1622 impertiens
2005 1548 2057 1603 ei

2159 453 2294 504 Ἀπὸ
2330 448 2512 502 κοινοῦ
2548 447 2603 499 δὲ
2630 443 2888 507 ἐνταῦθα,
2926 440 2988 493 τὸ
3014 437 3387 502 Ἐπίϐλεψον
3427 432 3537 498 (94)
3564 448 3577 460 ο
3614 430 3732 481 υἱίν

2147 545 2204 597 δὲ
2265 541 2557 612 ἀνθρώπου
2622 536 2858 591 ἐνταῦθα
2899 533 3145 586 Ἰουδαῖοι
3217 528 3313 598 μὲν
3369 526 3587 593 λέγουσι
3639 522 3733 573 τὸν

2153 632 2465 706 Ζοροϐάϐελ
2495 649 2510 663 ·
2551 630 2610 693 ὃς
2641 624 2990 697 ὲκραταιώθη
3029 622 3133 675 ὑπὸ
3160 619 3321 683 Θεοῦ,
3352 618 3448 671 καὶ
3478 614 3629 683 παρὰ
3656 612 3737 681 τῷ

2161 725 2375 796 βασιλεῖ
2421 721 2635 791 Δαρείῳ
2716 717 3001 788 νενίκηκεν
3053 716 3179 773 τοὺς
3231 712 3326 765 δύο
3376 707 3736 765 νεανίσκους’

2152 818 2449 883 ἀποδείξας
2476 818 2589 889 (95)
2624 815 2709 867 ὅτι
2742 813 2962 864 πάντων
2999 805 3298 877 κρατοῦσιν
3349 802 3405 854 αἱ
3454 800 3735 868 γυναῖκες,

2161 908 2256 962 καὶ
2315 909 2347 976 ή
2411 887 2680 975 ἀλήθεια’
2737 902 2833 955 καὶ
2883 894 3305 968 θαυμαστωθεὶς
3360 887 3742 976 ἀνῆλθε-καὶ

2157 974 2513 1069 ᾠκοδόμησεν
2536 995 2628 1046 τὸν
2658 989 3041 1063 ὲμπρισθέντα
3085 985 3211 1037 ναὸν
3268 984 3362 1034 καὶ
3394 979 3496 1049 τὴν
3545 974 3702 1028 πόλιν
3725 988 3739 1002 ·

2160 1092 2323 1158 ἡμεῖς
2357 1088 2415 1141 δὲ
2467 1086 2649 1156 φαμὲν
2705 1086 2822 1136 υἱὸν
2871 1078 3164 1150 ἀνθρώπου
3191 1076 3284 1128 τὸν
3316 1069 3741 1140 προσληφθέν-εει

2158 1180 2472 1251 ἄνθρωπον.
2516 1178 2575 1231 '0
2606 1177 2714 1247 γὰρ
2751 1174 2884 1237 Θεὸς
2919 1172 3091 1239 Λόγος
3136 1168 3513 1238 ὲκραταίωσεν
3543 1161 3745 1230 ἑαυτῷ,

2160 1274 2465 1336 τουτέστιν,
2519 1271 2605 1336 ἐφ’
2661 1267 2858 1330 αὑτοῦ,
2913 1266 3026 1320 ἀπὸ
3078 1265 3179 1333 τῆς
3230 1258 3397 1314 αὐτοῦ
3458 1256 3750 1324 δυνάμεως

2169 1366 2436 1436 μεταδοὺς
2469 1363 2639 1435 αὐτῷ,
2678 1362 2772 1416 καὶ
2796 1357 3124 1429 δυναμώσας
3161 1353 3304 1407 κατὰ
3326 1350 3423 1404 τοῦ
3455 1350 3746 1418 πολεμίου.

2168 1458 2313 1527 Πρὸς
2341 1459 2434 1510 τὸν
2467 1454 2848 1525 προσλαϐόντα
2874 1450 2985 1520 γὰρ
3022 1448 3117 1502 νῦν
3147 1446 3282 1516 εὐχὴ
3308 1445 3436 1511 περὶ
3455 1441 3550 1495 τοῦ
3574 1455 3749 1511 προσ-

2167 1548 2489 1620 ληφθέντος,
2522 1549 2613 1602 ῖνα
2646 1548 2842 1601 θᾶττον
2867 1543 3031 1596 αὐτὸν
3061 1538 3371 1611 προσλάϐῃ.

468 1672 690 1713 omnem
718 1657 975 1711 virtutem
1008 1669 1165 1709 suam
1195 1692 1211 1717 ,
1235 1662 1288 1706 et
1317 1657 1590 1719 potentem
1632 1661 1756 1701 eum
1812 1642 2053 1697 efﬁciens
2092 1641 2358 1696 adversus
2397 1641 2706 1695 inimicum.
2734 1637 2861 1692 Haec
2895 1644 3076 1691 autem
3107 1632 3275 1686 verba
3335 1628 3402 1682 ad
3460 1641 3754 1682 assumen-

472 1759 579 1803 tcm
609 1749 948 1803 divinitatem
991 1746 1057 1799 de
1096 1753 1380 1812 assumpta
1433 1739 1771 1793 humanitate
1828 1751 1859 1790 a
1907 1734 2175 1803 Propheta
2207 1721 2351 1787 dicta
2374 1741 2524 1797 sunt,
2556 1733 2701 1786 utad
2721 1730 2987 1793 futuram,
3047 1737 3215 1798 atque
3284 1738 3314 1778 a
3380 1736 3441 1778 se
3506 1726 3751 1790 optatam

472 1840 565 1894 Dei
598 1840 1027 1895 incarnationem
1059 1852 1183 1892 eum
1218 1837 1392 1906 magis
1421 1834 1698 1887 incitaret.

546 1931 713 1987 Vsus.
746 1932 831 1985 17.
874 1928 1098 1983 Incensa
1132 1928 1242 1997 igni
1263 1901 1592 1994 casu/fossa.
1619 1920 2060 1991 Subintelligitur

2237 1914 2765 1987 Ἐμπεπυρισμένη
2789 1911 2931 1981 πυρὶ
2961 1911 3058 1965 καὶ
3088 1903 3540 1975 ἀνεσκαμμένη.
3561 1901 3759 1956 Δείπει

474 2025 726 2087 verbum,
765 2033 883 2087 est,
922 2022 1005 2075 vel
1031 2021 1130 2088 fuit
1186 2020 1289 2088 (ut
1315 2017 1388 2071 sit
1430 2030 1627 2071 sensus
1662 2030 1676 2066 :
1732 1989 2062 2069 Vinea—haec

2170 2011 2254 2076 τὸ,
2287 2010 2483 2062 ἐστίν.
2539 2007 2851 2060 Αίνίττεται
2885 2004 2942 2055 δὲ
2974 2001 3065 2054 διὰ
3097 1998 3196 2068 τῆς
3234 1994 3480 2065 ἀμπέλου
3512 1991 3612 2061 τὴν
3651 1989 3760 2057 γῆν

478 2128 569 2171 tua
598 2116 710 2186 igni
750 2115 855 2169 fuit
889 2115 1134 2177 incensa,
1160 2122 1213 2165 et
1238 2111 1475 2178 amplius
1501 2110 1664 2162 etiam
1688 2106 1942 2170 suffossa,
1968 2107 2062 2159 hoc

2168 2104 2362 2171 αὐτῆς,
2406 2101 2586 2154 είτουν
2617 2100 2716 2169 τὴν
2749 2098 2907 2150 πόλιν
2932 2093 3044 2148 τῶν
3093 2088 3513 2163 Ἰεροσολύμων·
3564 2085 3625 2137 οὐ
3660 2083 3758 2152 μό-

477 2216 580 2271 est,
618 2206 685 2259 ab
712 2204 845 2275 ipsis
878 2202 1156 2257 radicibus
1184 2215 1375 2254 eversa
1402 2201 1419 2268 )
1452 2215 1466 2264 ;
1501 2214 1594 2269 per
1624 2199 1841 2250 vineam
1875 2206 2062 2250 autem

2168 2214 2259 2248 νον
2313 2196 2421 2265 γὰρ
2453 2193 2623 2265 αὐτὴν
2657 2190 3015 2262 ἐνεπύρισαν,
3075 2186 3213 2240 ἀλλὰ
3267 2183 3364 2236 καὶ
3394 2178 3715 2247 ἀνέσκαψαν
3741 2192 3757 2207 ·

478 2299 628 2351 illius
671 2271 839 2350 vineae
874 2308 1065 2365 agrum
1094 2332 1109 2355 ,
1137 2294 1222 2346 vel
1251 2292 1424 2360 ipsam
1475 2291 1756 2344 civitatem
1814 2289 2062 2357 intelligit

2168 2290 2341 2342 ταῦτα
2370 2288 2426 2341 δὲ
2458 2289 2508 2340 οἱ
2544 2284 2880 2339 Βαϐυλώνιοι
2922 2278 3317 2347 πεποιήκασιν,
3349 2274 3425 2336 ὡς
3454 2274 3488 2343 ἡ
3522 2271 3757 2341 τετάρτη

478 2387 810 2449 Jerusalem,
844 2401 1008 2455 quam
1044 2400 1155 2439 non
1209 2392 1419 2437 tantum
1477 2381 1589 2452 igni
1651 2381 2062 2444 incenderunt,

2168 2380 2275 2433 τῶν
2311 2378 2614 2433 Βασιλειῶν
2656 2375 2839 2446 βίϐλος
2871 2374 3101 2442 ἱστορεῖ.

387 2471 393 2477 ’
481 2480 576 2535 sed
608 2480 771 2534 etiam
804 2477 1173 2541 sull'oderunt,
1206 2484 1422 2544 atquea
1473 2474 1850 2528 fundamentis
1901 2481 2239 2530 everterunt.
2271 2473 2398 2530 Haec
2438 2484 2621 2527 autem
2643 2470 2845 2526 omnia.
2896 2482 2927 2521 a
2993 2461 3311 2534 Babyloniis
3373 2468 3524 2530 gesta
3608 2462 3756 2518 sunt.

482 2565 940 2640 quemadmodum
965 2565 1019 2618 in
1056 2563 1264 2634 Regum
1293 2564 1446 2618 libris
1475 2564 1733 2618 traditur.

566 2659 636 2717 Ab
677 2657 1033 2725 increpatione
1062 2656 1234 2709 vultus
1275 2658 1350 2708 tui
1378 2653 1647 2723 peribunt.
1673 2653 1777 2708 Per
1826 2654 2071 2724 increpa-

485 2752 685 2805 tionem
720 2750 822 2803 hoc
853 2751 973 2802 loco
1001 2745 1240 2799 divinam
1296 2745 1433 2799 iram
1483 2743 1755 2815 intelligit.
1809 2743 1893 2799 Ira
1939 2757 2031 2799 tua
2058 2785 2074 2812 ,

486 2844 688 2910 inquit,
726 2837 985 2893 Hebraeos
1016 2837 1227 2907 perdet,
1259 2845 1310 2892 lc
1339 2836 1549 2892 scilicet
1571 2836 1944 2907 permittente,
1972 2837 2077 2891 Ba-

486 2934 735 3004 bylonios
765 2936 846 2987 sic
875 2930 1077 2985 facere.
1108 2926 1298 2998 Neque
1330 2930 1475 2984 enim
1506 2926 1734 2983 Judaaos
1787 2926 2070 3003 Babylonii

486 3032 841 3095 superassent
870 3063 885 3089 ,
928 3021 1032 3078 nisi
1064 3032 1118 3075 tu
1151 3022 1324 3075 vineae
1352 3035 1538 3091 sepem
1579 3020 1949 3077 destruxisses
1969 3061 1984 3088 ,
2018 3029 2077 3075 ut

488 3118 747 3171 diximus.

548 3206 715 3260 Vens.
744 3206 831 3259 l8.
859 3203 982 3259 Fiat
1008 3221 1195 3258 manus
1215 3213 1307 3257 tua
1328 3219 1485 3270 super
1499 3203 1668 3257 virum
1690 3203 1921 3259 dextera
1941 3212 2062 3258 tua’.

487 3305 665 3373 Atque
711 3303 811 3357 hoc
855 3301 1022 3355 simili
1063 3300 1226 3354 modo
1276 3299 1426 3354 dicta
1469 3313 1596 3354 esse
1647 3300 1961 3370 intelligunt
2002 3300 2068 3355 de

490 3393 814 3447 Zorobabel.
856 3390 1072 3457 Veniat,
1100 3390 1354 3459 inquiunt
1382 3428 1398 3454 ,
1430 3389 1482 3442 in
1512 3406 1637 3444 eum
1672 3393 1913 3460 potentia
1949 3400 2062 3445 tua.

494 3483 679 3537 Vtrum
718 3494 897 3537 autem
934 3482 1173 3537 dextera:
1205 3482 1486 3551 Scriptura
1517 3497 1643 3536 eum
1674 3482 1945 3552 appellare
1986 3498 2073 3537 so-

493 3577 586 3638 let.
630 3578 719 3632 cui
756 3576 977 3630 dextera
1011 3576 1297 3630 familiaris
1350 3584 1455 3630 est.
1514 3572 1623 3629 Nos
1672 3589 1805 3629 vero
1860 3575 1964 3629 hoc
2016 3576 2070 3630 in

493 3669 614 3722 loco
640 3679 983 3737 assumptum
1012 3667 1289 3721 hominem
1326 3665 1708 3735 intelligimus,
1738 3666 1894 3734 quasi
1923 3673 2074 3735 optet

494 3761 787 3830 PrOpheta,
818 3770 875 3812 ut
909 3760 1064 3828 signa
1103 3767 1158 3813 et
1191 3757 1477 3823 miracula,
1505 3774 1624 3826 quae
1653 3772 1847 3812 manus
1899 3757 1987 3811 Dei
2020 3767 2072 3811 et

498 3855 587 3907 Dei
617 3853 821 3922 digitus
855 3852 1135 3918 dicuntur,
1170 3850 1303 3903 ﬁant
1358 3865 1524 3919 super
1573 3850 1745 3903 virum
1795 3851 2030 3903 dexterze
2055 3890 2069 3914 ,

497 3946 597 3997 hoc
629 3955 734 4018 est,
769 3958 935 4012 super
960 3943 1111 3996 illum
1143 3944 1354 4006 Virum,
1384 3943 1471 3995 cui
1517 3942 1741 3997 dextera
1783 3943 1958 3997 Patris
1995 3945 2073 3997 fa-

496 4034 723 4087 miliaris
753 4043 856 4089 est.
889 4032 1120 4086 Dextera
1154 4041 1334 4087 autem
1360 4030 1538 4085 Patris
1571 4040 1655 4085 est
1687 4030 1880 4097 Filius,
1904 4031 2074 4087 veluti

494 4137 679 4178 rerum
719 4123 965 4177 omnium
1000 4130 1234 4187 creator,
1265 4132 1320 4176 et
1354 4120 1564 4191 opifex.

572 4214 641 4269 Et
678 4230 837 4283 super
867 4212 1072 4266 Filium
1098 4212 1349 4277 hominis,
1371 4229 1521 4283 quem
1550 4212 1818 4267 roborasti
1850 4214 1965 4268 tibi.
2001 4213 2074 4269 De

495 4306 686 4361 eodem
733 4304 952 4360 Christo
1015 4304 1275 4374 loquitur,
1329 4304 1582 4358 eumdem
1648 4314 1899 4374 repetens
1956 4321 2075 4360 scr-

494 4413 736 4453 monem.
790 4395 990 4450 Filium
1039 4406 1222 4451 autem
1267 4395 1506 4450 hominis
1558 4397 1794 4465 seipsum
1820 4398 2071 4455 Christus

494 4488 716 4542 assidue
747 4486 1059 4557 appellabat
1119 4494 1341 4555 propter
1385 4498 1607 4538 carnem
1661 4495 1995 4554 assumptam
2041 4501 2072 4541 ο

501 4579 740 4648 Virgine.

568 4668 735 4725 Vens.
768 4668 853 4724 19.
895 4667 962 4721 Et
1003 4684 1103 4721 non
1144 4667 1476 4721 discedamus
1529 4681 1561 4718 a
1610 4675 1677 4720 te.
1715 4664 1925 4721 Hebraei
1956 4666 2077 4735 quis

494 4760 617 4813 dem
647 4776 675 4814 a
720 4760 863 4817 duce
914 4759 1238 4823 Zorobabel,
1310 4774 1411 4812 nos
1451 4767 1634 4811 autem
1667 4775 1696 4810 a
1729 4758 1973 4823 Christo,
2008 4772 2073 4811 ex

496 4861 685 4905 nostra
710 4853 853 4905 enim
876 4866 1108 4917 persona
1137 4850 1470 4906 versiculqu
1490 4850 1633 4904 hunc
1658 4848 1927 4918 Propheta
1947 4863 2080 4903 cou-

500 4944 746 5013 scripsit.

577 5035 875 5103 Viviﬁcabis
919 5051 1010 5088 nos
1038 5042 1087 5088 et
1132 5018 1321 5087 nomen
1358 5042 1507 5085 tuum
1550 5030 1929 5084 invocabimus.
1966 5027 2064 5082 Ju-

496 5128 644 5183 dieos
676 5128 977 5182 vivificabis
1008 5126 1323 5181 renovando
1358 5141 1547 5179 eorum
1591 5126 1863 5178 civitatem
1897 5138 1913 5188 ;
1966 5138 2066 5175 nos

496 5230 677 5275 autem
728 5219 939 5284 ﬁdeles,
996 5217 1308 5273 renovando
1364 5219 1670 5269 animarum
1744 5215 2063 5284 dignitatem

497 5326 594 5382 per
630 5312 873 5367 salutare
900 5311 1245 5381 baptismatis
1277 5310 1575 5363 lavacrum.
1605 5305 1699 5360 ills
1720 5307 1864 5360 enim
1900 5304 2067 5357 amis-

2247 2650 2395 2707 Ἀπὸ
2434 2646 2839 2717 ἐπιτιμήσεως
2893 2643 3002 2698 τοῦ
3063 2637 3392 2709 προσώπου
3447 2650 3563 2689 σου
3609 2632 3764 2686 ἁπο-

2172 2745 2449 2802 λοῦνται.
2490 2741 2849 2811 Ἐπιτίμησις
2884 2736 2981 2791 νῦν
3013 2737 3045 2803 ἡ
3075 2736 3238 2804 ὀργή.
3292 2730 3458 2798 Λέγει
3485 2726 3543 2780 δὲ
3576 2728 3658 2780 ὅτι
3699 2725 3763 2778 Ἠ

2174 2838 2312 2909 ὀργή
2346 2853 2440 2888 σου
2472 2833 2732 2887 ἀπολέσει
2763 2832 2891 2894 τοὺς
2926 2827 3218 2899 Ἐϐραίους
3250 2867 3266 2887 ,
3301 2819 3765 2892 παραχωροῦντος

2171 2933 2287 2995 τοῖς
2322 2926 2728 2989 Βαϐυλωνίοις·
2778 2924 2839 2977 οὐ
2893 2922 3003 2993 γὰρ
3034 2921 3101 2974 ἂν
3132 2918 3312 2973 αὐτῶν
3362 2914 3761 2984 ὑπερίσχυσαν,

2171 3027 2219 3078 εί
2259 3024 2335 3096 μὴ
2368 3026 2432 3076 σὺ
2463 3020 2717 3084 καθεῖλες
2742 3017 2834 3072 τὸν
2862 3015 3142 3088 φραγμὸν,
3170 3013 3244 3078 ὡς
3276 3011 3519 3081 εἴρηται.

2245 3197 2567 3268 Γενηθήτω
2605 3197 2643 3265 ἡ
2680 3195 2808 3266 χείρ
2836 3207 2955 3247 σου
2996 3189 3091 3243 ἐπ’
3143 3187 3338 3255 ἄνδρα
3382 3181 3589 3248 δεξιᾶς
3618 3192 3761 3233 σου.

2176 3295 2287 3347 Καὶ
2309 3292 2468 3345 τοῦτο
2496 3290 2627 3360 περὶ
2655 3287 2748 3342 τοῦ
2773 3283 3083 3356 Ζοροϐάϐελ
3114 3281 3350 3334 νοοῦσι-δ.
3382 3277 3506 3330 Ὀτι
3524 3274 3761 3327 Ἑλθέτω

2175 3389 2208 3457 ἡ
2239 3384 2469 3455 δύναμίς
2508 3400 2605 3435 σου
2657 3382 2751 3433 ἐπὶ
2796 3379 2994 3448 τούτῳ.
3021 3376 3225 3444 ’Ἄνδρα
3255 3372 3311 3426 δὲ
3339 3370 3519 3437 δεξιᾶς
3564 3369 3656 3420 τδν
3684 3367 3769 3418 οἱ·

2175 3481 2325 3531 κεῖον
2351 3481 2417 3547 τῇ
2456 3474 2612 3545 δεξιᾷ
2634 3474 2812 3542 φησιν
2838 3473 2872 3541 ἡ
2899 3470 3117 3540 Γραφή.
3156 3467 3353 3536 Ἡμεῖς
3394 3464 3451 3515 δὲ
3479 3462 3574 3513 καὶ
3600 3458 3765 3512 τοῦτο

2177 3580 2309 3643 περὶ
2338 3570 2432 3624 τοῦ
2474 3565 2925 3640 προσληφθέντος
2959 3562 3071 3635 (96)
3110 3560 3315 3631 φαμέψ
3349 3555 3442 3610 τοῦ
3465 3553 3765 3625 Προφήτου

2177 3662 2628 3736 παρακαλοῦντος
2692 3659 2870 3712 ἐλθεῖν
2899 3656 2969 3711 τὰ
3002 3656 3224 3726 σημεῖα,
3276 3650 3312 3705 ἃ
3355 3650 3605 3718 λέγονται
3639 3646 3766 3716 χεὶρ

2176 3756 2336 3821 Θεοῦ,
2370 3756 2463 3808 καὶ
2489 3751 2749 3813 δάκτυλος
2781 3748 2942 3812 Θεοῦ,
2979 3749 3073 3801 ἐπὶ
3098 3747 3189 3798 τὸν
3222 3743 3393 3813 ἄνδρα
3428 3742 3531 3810 τῆς
3575 3739 3764 3805 δεξιᾶς

2176 3851 2271 3904 τοῦ
2313 3848 2523 3917 Πατρός
2551 3861 2565 3875 °
2599 3842 2755 3909 δεξιὰ
2786 3842 2842 3895 δὲ
2868 3841 2960 3894 τοῦ
2992 3839 3203 3911 Harpe;
3250 3838 3400 3901 Υἱὸς,
3436 3835 3510 3899 ὡς
3541 3834 3767 3886 πάντων

2175 3940 2530 4013 δημιουργός.

2245 4204 2357 4261 Καὶ
2404 4202 2503 4257 ἐπὶ
2554 4202 2689 4256 υἱὸν
2710 4198 3054 4266 ἀνθρώπου,
3108 4196 3180 4249 ὃν
3209 4193 3623 4263 ἐκραταίωσας
3651 4206 3766 4244 σεο

2176 4298 2360 4361 αυτῷ.
2405 4296 2510 4348 Τὸν
2556 4293 2721 4346 αὐτὸν
2764 4293 2901 4361 φησὶ
2930 4288 3294 4357 παλιλλογῶν,
3331 4287 3427 4339 καὶ
3465 4289 3491 4338 ὁ
3523 4286 3765 4354 Χριστὸς

2180 4391 2239 4444 δὲ
2312 4390 2440 4443 Υίὸν
2512 4384 2803 4456 ἀνθρώπου
2867 4382 3147 4452 ὠνόμαζεν
3217 4379 3435 4441 ἑαυτὸν,
3500 4378 3590 4431 διὰ
3660 4377 3765 4448 τὴν

2178 4482 2513 4552 φαινομένην
2572 4479 2774 4547 σάρκα,
2837 4477 2903 4546 ἢν
2962 4478 3027 4527 ὲκ
3083 4473 3183 4539 τῆς
3242 4470 3523 4542 Παρθένου
3582 4485 3762 4539 προσ-

2095 4585 2148 4644 Ι)
2178 4576 2392 4629 ἐλαϐεν.

2244 4666 2357 4721 Καὶ
2401 4665 2474 4718 οὐ
2503 4662 2584 4729 μὴ
2610 4657 3121 4728 ἀποστῶμενηὰπὸ
3169 4654 3306 4710 σοῦ.
3353 4654 3597 4723 Ἑϐραῖοι
3654 4654 3761 4724 μὲν

2174 4758 2534 4828 ὁδηγούμενοι
2564 4755 2719 4825 παρά
2744 4752 2844 4804 τοῦ
2903 4748 3239 4820 Ζοροϐάϐελ,
3306 4748 3466 4816 ἡμεῖς
3492 4746 3549 4799 δὲ
3600 4748 3761 4816 παρὰ

2174 4850 2269 4903 τοῦ
2291 4848 2550 4919 Χριστοῦ.
2588 4846 2874 4915 Προσώπῳ
2902 4841 3011 4911 γὰρ
3043 4841 3203 4911 ἡμῶν
3224 4840 3285 4891 τὸ
3321 4839 3485 4910 ῥητὸν
3526 4839 3554 4891 ὁ
3607 4838 3762 4905 Προ-

2177 4944 2352 5011 φήτης
2386 4940 2649 4994 τέθεικεν.

2246 5029 2515 5094 Ζωώσεις
2531 5027 2801 5098 ἡμᾶςκαὶ
2818 5029 2885 5081 τὸ
2904 5025 3093 5094 ὄνομά
3114 5041 3232 5078 σου
3245 5020 3756 5088 ἐπικαλεσόμεθα.

2175 5122 2426 5183 Ζωώσεις
2453 5121 2743 5182 Ἰουδαίους
2782 5119 2882 5187 μὲν
2912 5121 2975 5188 τῇ
3001 5117 3305 5171 ἁνανεὼσει
3343 5114 3441 5183 τῆς
3496 5112 3712 5175 πόλεως
3735 5129 3753 5145 ο

2176 5215 2322 5283 ἡμᾶς
2353 5213 2409 5265 δὲ
2436 5215 2499 5283 τῇ
2535 5212 2831 5266 ἀνανεώσει
2863 5210 2958 5262 τοῦ
2981 5209 3292 5279 ἀξιώματος
3318 5206 3415 5275 τῆς
3442 5205 3621 5275 ψυχῆς
3664 5204 3760 5259 διὰ

2172 5304 2264 5356 τοῦ
2313 5290 2713 5375 βαπασματος.
2744 5300 3194 5372 ,Ἐνεκρώθημεν
3258 5300 3371 5370 γὰρ
3393 5300 3461 5369 τῇ
3500 5295 3759 5367 ἀπωλείᾳ

1846 5482 2044 5546 Variae
2077 5483 2402 5546 lectiones.

571 5611 626 5681 (9
642 5612 684 5681 ι)
716 5611 921 5683 Supple
956 5611 1209 5683 ληπτέον.

568 5678 680 5751 (95)
712 5678 1045 5740 Αύίἱοτιιιιιίι
1078 5680 1395 5753 simpliciter
1418 5679 1557 5739 quod
1580 5678 1820 5735 mulieres
1846 5694 1890 5734 et
1920 5680 2053 5734 reri-

2165 5618 2245 5661 tas
2279 5606 2456 5659 omnia
2488 5605 2770 5659 vincerent.

2236 5679 2344 5742 (96)
2384 5676 2538 5731 Deest
2566 5676 2878 5731 ἀνθοώπου.
