4082 6230
439 193 555 255 843

443 408 500 454 et
534 397 901 468 propagines,
947 407 1186 462 expones
1225 400 1283 446 ut
1325 393 1440 462 jam
1472 392 1730 461 superius
1774 391 2034 445 diximus.

445 492 550 546 Per
575 505 728 544 mare
756 488 998 542 etiamet
1032 500 1128 554 per
1153 482 1409 550 ﬂumina,
1462 483 1780 537 universum
1816 481 2038 552 pelagus

443 594 500 637 et
549 583 802 636 universa
852 576 1082 630 ﬂumina
1139 575 1431 646 intelliges,
1463 589 1574 642 quo
1609 589 1870 628 sermone
1939 574 2235 628 universus
2328 573 2480 628 orbis
2526 572 2897 643 signiﬁcatur.

1661 185 2050 248 EUTHYMll
2094 181 2463 244 ZIGABENI
3309 242 3318 256 Χ

444 321 630 362 rerum
687 302 1153 375 contemplatione
1211 301 1550 356 claruerunt.
1616 299 1877 354 Paltnites
1907 314 2029 353 vero

2139 297 2217 367 τῷ
2267 296 2553 366 ἀμπελῶνι
2584 294 2680 348 τοῦ
2707 264 2948 366 Χριστοῦ
2983 291 3266 364 πολέμιος,
3315 289 3374 355 ὃς
3404 287 3469 342 ἂν
3497 286 3729 357 κληθείη

3623 172 3726 232 8M

2147 389 2246 440 xui.
2273 389 2480 458 μονιὸς,
2513 386 2604 440 διὰ
2639 386 2738 450 τὰς
2761 385 3063 452 ἀναλόγους
3107 382 3308 446 αἰτίας.
3364 379 3448 433 Τὰ
3486 377 3544 432 δὲ
3605 378 3734 447 ἑξῆς

2146 479 2471 553 ἀρκούντως
2527 479 2848 551 ἀνήχθησαν

2984 567 3090 621 Per
3129 580 3299 631 suem,
3343 577 3473 618 vero
3554 563 3738 629 ipsum

443 677 746 729 daemonem
785 681 1118 744 exponeheo
1145 670 1292 738 quod
1312 665 1678 721 immunditiis
1702 664 2032 719 delectatur.
2072 665 2177 720 Per
2210 664 2404 719 silvam
2431 667 2595 718 etiam
2641 662 2803 734 (quae,
2831 661 2988 732 juxta
3056 660 3164 710 vim
3210 655 3412 709 Graeca:
3444 653 3741 721 ‘dictionis

439 767 667 842 δρυμὸς,
696 764 1036 822 condensum
1066 764 1362 835 signiticat)
1404 764 1602 818 animae
1635 763 1745 816 illae
1792 771 2028 831 possunt
2067 761 2324 831 intelligi,
2359 777 2485 831 quae
2538 760 2914 830 passionibus,
3010 765 3176 826 atque
3222 751 3512 808 all'ectibus
3599 751 3745 804 adeo

441 859 746 922 abundant,
799 864 859 910 ut
888 853 1074 910 densa:
1122 854 1526 922 quodammodo
1578 866 1643 906 ae
1695 851 1882 905 nimia:
1947 853 2001 905 in
2045 853 2362 923 hujnsmodi
2428 852 2724 908 affectibus
2754 851 3001 906 dicenda:
3057 851 3201 911 sint,
3244 855 3298 902 et
3353 844 3747 898 nihilominins

440 954 660 1010 steriles
708 963 861 1018 sunt,
927 963 1092 1020 atque
1148 946 1528 1000 infructuosa}.
1596 945 1654 999 In
1707 945 1792 998 his
1848 958 2033 997 antem
2077 948 2368 1000 animabus
2432 947 2524 1003 ille
2571 948 2786 1002 dmmon
2835 953 3234 1004 commoratur,
3286 938 3383 1010 qui
3459 937 3596 991 vitio
3676 952 3746 990 ac

441 1046 713 1115 pravitate
745 1047 952 1101 unicus
994 1055 1048 1098 ct
1097 1041 1418 1111 singularis,
1493 1040 1840 1094 immanitate
1927 1049 2110 1095 autem
2153 1053 2206 1096 et
2241 1043 2450 1097 saevitia
2490 1043 2643 1100 ferus
2677 1043 3023 1114 appellatur:
3074 1056 3262 1094 verum
3309 1039 3438 1092 licet
3479 1037 3597 1103 ipsi:
3630 1031 3747 1084 da-

443 1154 568 1193 mon
606 1137 996 1206 principaliter
1075 1137 1152 1190 ita
1208 1133 1543 1204 appelletur,
1596 1131 1931 1188 secundario
1961 1142 2145 1187 tamen
2185 1150 2253 1190 eo
2301 1137 2610 1207 singularis
2659 1151 2725 1189 ac
2772 1137 2901 1189 ferae
2981 1134 3208 1187 nomine
3272 1130 3505 1200 quilibet
3573 1125 3743 1178 intel-

441 1236 628 1305 ligitnr
660 1243 952 1305 tyrannus,
981 1231 1074 1302 qui
1118 1229 1533 1284 viuereChristi
1604 1227 1780 1284 hostis
1851 1227 1945 1284 sit.
1973 1228 2105 1294 Qua:
2144 1234 2639 1304 sequnnturjnxta
2687 1247 2914 1288 sensum
2964 1229 3327 1302 anagogieum
3359 1241 3426 1279 ex
3478 1222 3746 1292 superius

440 1327 606 1380 dictis
635 1326 770 1380 satis
801 1322 1142 1376 suliicieuter
1177 1321 1428 1389 exposita
1453 1327 1603 1374 sunt.

517 1419 580 1472 In
614 1418 771 1487 ﬁnem
803 1433 898 1486 pro
929 1413 1287 1469 torcularibus
1319 1413 1558 1480 psalmus
1611 1412 1712 1480 ipsi
1766 1414 1963 1480 Asaplz.

943 1503 1268 1560 Pb’ALMUS
1320 1502 1538 1558 LXXX.

515 1599 754 1656 Octavus
802 1599 1047 1668 psalmus
1099 1597 1336 1652 similem
1393 1597 1556 1648 habet
1590 1596 2037 1666 inscriptionem,

439 1710 534 1760 pro
592 1689 950 1744 torcularibus
980 1728 992 1751 ,
1042 1687 1132 1741 ubi
1173 1686 1577 1756 expositionem
1622 1689 1771 1740 clare
1810 1687 2038 1743 tradidi-

442 1802 589 1839 mus.
653 1784 749 1837 llla
812 1785 983 1853 igitur
1035 1780 1335 1836 torrularia
1401 1794 1429 1832 a
1487 1778 1764 1848 l‘rOpheta
1846 1791 2039 1836 nostro

441 1874 851 1943 tnutuojubere
897 1883 1061 1941 atque
1092 1871 1375 1925 exhortari
1435 1886 1556 1926 sese
1609 1871 2041 1928 introducuntnr

439 1969 508 2024 ad
541 1983 602 2023 ea
661 1966 968 2035 peragenda
1003 1981 1127 2035 quae
1177 1964 1229 2019 in
1263 1965 1550 2034 praesentis
1598 1964 1797 2034 psalmi
1833 1966 2038 2021 haben-

441 2077 528 2117 tur
560 2061 858 2130 principio.
899 2058 1330 2129 Redarguuntur
1381 2059 1544 2112 etiam
1593 2059 1648 2112 in
1691 2061 1792 2114 hoc
1826 2062 2037 2128 psalmo

435 2153 608 2208 JlltiiPi
653 2155 721 2207 de
777 2167 993 2208 summa
1047 2167 1240 2206 eorum
1291 2153 1346 2205 in
1395 2151 1565 2206 Deum
1619 2153 2036 2222 ingratitudine,

439 2257 603 2315 atque
639 2243 989 2308 infidelitate,
1022 2245 1092 2298 ob
1146 2260 1314 2314 quam
1352 2256 1763 2313 consequenter
1785 2247 1866 2302 eis
1900 2263 2038 2314 prae-

437 2338 666 2403 dicitur,
724 2337 870 2407 quod
925 2337 1228 2405 abjiciendi
1284 2348 1466 2392 erant.
1512 2337 1588 2391 Ex
1616 2355 1722 2406 qua
1777 2341 2043 2412 redargu-

2150 1419 2254 1482 Εἰς
2284 1416 2350 1467 τὸ
2384 1413 2560 1480 τέλος
2590 1413 2742 1480 ὑπὲρ
2771 1412 2890 1466 τῶν
2912 1409 3124 1478 ληνῶν
3147 1409 3387 1479 ψαλμὸς
3423 1405 3502 1470 τῷ
3526 1406 3743 1475 Ἀσάφ.

2327 1573 2330 1578 _
2723 1507 3016 1560 ΨΑΑΜΟΣ
3069 1507 3152 1560 Π’.

2225 1603 2333 1654 Καὶ
2365 1600 2440 1673 τῷ
2472 1601 2643 1672 ὀγδόῳ
2679 1598 2881 1670 ψαλμῴ
2914 1600 3033 1664 Ἐἰς
3077 1600 3145 1650 τὸ
3177 1596 3354 1660 τέλος
3405 1593 3557 1661 ὑπὲρ
3618 1589 3748 1642 τῶν

2149 1692 2361 1761 ληνῶν
2401 1693 2837 1765 ἐπιγέγραπται,
2869 1690 2958 1744 καὶ
2985 1690 3085 1760 τὴν
3116 1689 3381 1759 ἐξήγησιν
3431 1689 3490 1739 ἐν
3541 1684 3748 1752 ἐκείνῳ

2152 1785 2340 1857 σαφῶς
2369 1786 2861 1858 παραδεδώκαμεν.
2891 1783 3141 1836 Ἐκεῖναι
3211 1779 3399 1833 τοίνυν
3443 1779 3499 1832 αἱ
3564 1777 3730 1848 ληνοὶ

2151 1879 2626 1951 παρακελεύονται
2683 1877 2962 1948 ἀλλήλοις,
3019 1875 3120 1928 ὅσα
3184 1873 3246 1927 τὸ
3299 1871 3589 1943 προοίμιον
3640 1869 3742 1921 τοῦ

2150 1971 2520 2041 προκειμένου
2559 1969 2780 2040 ψαλμοῦ
2835 1986 2992 2037 φησι.
3058 1965 3318 2036 Διασὺρει
3359 1964 3468 2016 δὲό
3518 1961 3744 2034 eam;

2148 2063 2246 2134 τὴν
2297 2065 2570 2124 Ἐϐραίων
2601 2062 3023 2133 ἀποχαριστιαν,
3059 2062 3152 2114 καὶ
3181 2057 3483 2121 ἀπείθειαν,
3512 2058 3609 2110 καὶ
3661 2056 3745 2108 δι-

2148 2155 2340 2208 δάσκει
2372 2154 2774 2223 τὴνάποϐολὴν
2820 2152 3027 2215 αὐτῶν,
3088 2151 3589 2219 ἐξασφαλιζόμενος
3644 2148 3742 2200 τὶν

2149 2250 2268 2302 νέον
2287 2248 2434 2312 λαὸν,
2458 2249 2544 2301 ἵνα
2573 2248 2670 2318 μὴ,
2692 2247 2766 2310 ὼς
2788 2250 2813 2300 ό
2836 2245 3087 2310 παλαιὸς,
3115 2243 3402 2315 ἀποϐληθῇ
3428 2243 3522 2296 καὶ
3554 2240 3738 2304 οὗτος,

2151 2340 2184 2408 ἢ
2219 2340 2315 2409 τὴν
2357 2339 2570 2392 ἐκείνου
2603 2338 2910 2409 μιμήσεται
2950 2335 3176 2389 κακίαν.

440 2435 586 2488 tione
609 2446 661 2487 et
693 2433 1000 2501 preplietia,
1040 2431 1369 2500 prudentior
1439 2450 1502 2485 ac
1555 2436 1774 2489 cautior
1849 2437 2096 2490 redditur
2139 2452 2316 2490 novus
2390 2437 2651 2504 populus,
2717 2448 2785 2485 ne
2842 2442 2896 2486 et
2962 2431 3143 2500 ipsum
3220 2427 3518 2499 aliquando
3569 2426 3740 2497 abjiri

439 2528 806 2596 contingeret,
834 2526 877 2579 si
919 2525 1132 2593 antiqui
1179 2525 1326 2578 illius
1379 2526 1513 2578 vitia
1553 2525 1715 2580 fuerit
1761 2529 2031 2582 imitatus.

511 2621 674 2676 Vens.
709 2621 763 2673 2.
804 2618 1091 2672 Enn/tate
1127 2617 1237 2672 Deo
1266 2619 1507 2688 adjutori
1539 2633 1741 2675 nostra.
1775 2619 2044 2676 Videntur

441 2716 615 2784 prima
653 2712 790 2767 facie
835 2712 949 2766 haec
981 2710 1146 2766 verba
1196 2711 1407 2780 prolata
1440 2727 1564 2766 esse
1595 2729 1670 2766 ex
1707 2711 2027 2766 Judaeorum

439 2820 694 2878 persona,
749 2805 839 2874 qui
897 2819 926 2858 e
985 2802 1323 2874 Babylonica
1371 2803 1656 2858 redierunt
1700 2806 2041 2873 captivitate,

437 2899 607 2954 veluti
641 2896 1042 2951 exsultantium
1096 2895 1164 2948 de
1211 2909 1314 2948 suo
1351 2895 1676 2966 in'pattiam
1715 2895 1916 2960 reditu,
1958 2907 2043 2950 at-

435 3003 543 3058 que
582 2988 688 3042 hoc
725 2998 884 3058 pacto
928 2987 1226 3056 exponitur
1277 2985 1366 3040 hic
1424 2988 1675 3056 psalmus
1723 3002 1753 3040 a
1806 2988 2036 3043 Judzeis.

2233 2616 2739 2690 Ἀγαλλιᾷσθετῷ
2777 2615 2900 2680 Θεῷ
2932 2613 3012 2678 τῷ
3069 2612 3277 2680 ,βοηθῷ
3326 2611 3516 2680 ἡμῶν.
3575 2595 3743 2666 Δοκεῖ

2147 2718 2247 2786 μὲν
2279 2720 2305 2768 ὁ
2327 2715 2482 2781 λόγος
2510 2710 2649 2765 εἶναι
2669 2713 2780 2764 τῶν
2799 2712 3132 2764 ἐπανιόντων
3163 2713 3225 2762 ὲκ
3255 2709 3572 2771 Βαϐυλῶνος
3607 2712 3738 2778 αἰχ-

2149 2807 2438 2876 μαλώτων,
2512 2806 2587 2867 ὼς
2630 2805 2871 2875 Ἐϐραῖοὶ
2923 2821 3110 2872 φασιν,
3171 2802 3606 2870 ἀγαλλιωμέιιωι
3658 2808 3724 2867 τῇ

2145 2899 2428 2968 ἐπανόδῳο
2466 2896 2786 2966 Ἐλέγχεται
2819 2895 2900 2960 δὲ,
2935 2896 3012 2964 μὴ
3045 2893 3122 2946 ὢν
3160 2893 3388 2956 τούτων,
3449 2893 3559 2945 ἀπὸ
3621 2893 3732 2944 τῶν

2149 2993 2277 3062 ἑξῆς
2303 2990 2564 3061 λυπηρῶν
2599 2988 2801 3060 ῥητῶν.
2840 2988 2906 3039 Al
2949 2987 3136 3057 μέντοι
3185 2985 3341 3056 ληνοὶ
3391 2984 3735 3054 προτρέπον-

436 3079 640 3136 Verum
682 3081 727 3137 si
764 3081 1053 3151 sequentia
1094 3079 1281 3133 omnia
1327 3079 1674 3144 consideres,
1729 3081 1819 3134 ubi
1865 3083 2029 3134 multa

2144 3100 2236 3135 ται
2273 3083 2510 3151 ἀλλήλας
2540 3079 2909 3148 ἀγαλλιᾶσθαι
2946 3080 3038 3131 ἐπὶ
3078 3079 3156 3148 τῷ
3208 3075 3431 3148 Χριστῷ
3484 3076 3562 3145 τῷ
3623 3078 3730 3145 3:31-

436 3188 678 3228 tnwrore
736 3171 942 3228 referta
996 3178 1150 3233 sunt,
1184 3171 1584 3224 convincemus
1644 3171 1793 3225 hunc
1844 3187 2034 3226 eorum

2146 3173 2334 3242 φανῶς
2383 3175 2574 3238 αὐταῖς
2599 3171 2911 3243 βοηθοῦντι.

436 3281 661 3319 sensum
728 3274 943 3318 rectum
999 3257 1112 3316 non
1167 3276 1313 3316 esse.
1384 3260 1708 3316 Torcularia
1777 3265 1868 3318 illa
1907 3265 2116 3335 {igitur
2177 3274 2371 3322 mutuo
2427 3282 2551 3322 sese
2611 3267 3014 3331 exhortantur,
3083 3265 3148 3319 ad
3223 3265 3607 3319 exsultantium
3672 3265 3727 3316 in

435 3362 678 3425 Christo,
702 3359 794 3430 qui
825 3358 904 3413 eis
937 3358 1283 3412 auxliaturus
1313 3357 1603 3414 manifeste
1628 3360 1946 3415 advenerat.

506 3452 746 3506 Jubilate
777 3449 884 3505 Deo
916 3449 1106 3504 Jacob.
1145 3448 1222 3504 De
1256 3451 1582 3520 jubilatione
1629 3452 1830 3522 s.epius
1879 3454 2023 3509 dixi-

436 3553 658 3611 mus,et
685 3559 832 3598 nunc
881 3544 1102 3598 brevius
1154 3554 1488 3614 repetemus,
1546 3545 1687 3600 idem
1723 3562 1844 3603 esse
1876 3549 2027 3617 jubi-

440 3643 555 3695 lare
589 3639 734 3708 quod
776 3636 1105 3700 vociferari,
1159 3647 1212 3691 et
1261 3637 1504 3691 victoria:
1536 3650 1760 3694 cantum
1814 3657 2031 3696 canere.

434 3735 546 3788 Deo
577 3741 758 3786 autem
793 3728 964 3784 Jacob
991 3728 1115 3782 ideo
1147 3728 1326 3796 dixit,
1365 3739 1420 3782 ut
1464 3732 1517 3784 in
1567 3732 1891 3789 memoriam
1942 3750 2032 3791 reo

434 3835 674 3888 vocaret,
723 3821 870 3894 quod
903 3821 1044 3876 Deus
1097 3821 1248 3889 iste,
1299 3825 1388 3893 qui
1442 3826 1817 3882 incarn’andus
1873 3839 2031 3894 erat,

433 3917 576 3972 idem
617 3916 706 3971 ille
744 3924 913 3980 esset,
954 3915 1045 3984 qui
1077 3915 1206 3968 olim
1231 3917 1559 3984 patriarcha:
1582 3916 1749 3974 Iacob
1775 3920 1827 3973 in
1856 3921 2027 3990 lig'nra

437 4008 679 4063 hominis
717 4015 1063 4078 apparuerat,
1106 4004 1344 4059 futuram
1390 4007 1824 4062 incarnationem
1864 4025 2024 4066 suam

436 4102 847 4173 prmnuutians.

508 4193 674 4248 Vens.
711 4195 764 4247 '5.
815 4191 1022 4248 Sumite
1069 4193 1374 4263 psalmum,
1433 4205 1483 4248 et
1522 4194 1646 4249 date
1694 4206 2024 4266 tympanum.

433 4284 841 4356 Amplectimini
872 4283 1198 4354 disciplinas
1235 4283 1352 4338 Dei.
1388 4283 1482 4339 Est
1514 4295 1698 4339 autem
1742 4287 1831 4340 hic
1877 4288 2024 4356 psal-

437 4395 559 4434 mus
585 4377 889 4432 moralibus
928 4377 1166 4431 refertus
1197 4376 1566 4432 documentis.
1603 4376 1670 4431 Et
1703 4379 1916 4448 pulsate
1957 4397 2023 4437 ac

434 4465 703 4537 percutite
735 4480 935 4536 corpus
963 4475 1210 4519 vestrum
1240 4465 1447 4534 plectro
1477 4470 1873 4536 temperantiae.

503 4556 1135 4626 Psalleriumjucuudum
1157 4572 1275 4610 cum
1293 4557 1521 4610 cithara.
1541 4557 1640 4612 Per
1677 4561 2020 4631 psalterium,

435 4654 612 4722 ipsam
663 4660 897 4705 mentem
945 4661 1036 4705 aut
1089 4649 1422 4704 intellectum
1469 4650 1761 4723 intelligit,
1823 4664 1877 4710 et
1924 4672 2022 4726 per

433 4744 722 4806 citharam,
755 4756 978 4815 corpus,
1027 4741 1165 4796 utin
1209 4757 1360 4795 xxxtt
1416 4743 1627 4812 psalmo
1653 4747 2018 4803 tradidimus:

435 4834 680 4898 Movete,
707 4833 922 4902 inquit,
959 4833 1295 4887 intellectum
1334 4841 1386 4886 et
1417 4848 1618 4902 corpus
1649 4847 1888 4892 vestrum
1916 4877 1932 4904 ,
1963 4849 2021 4893 ut

434 4929 620 4983 laetitia
655 4927 820 4980 Deum
851 4926 1123 4982 alliciatis.
1157 4925 1461 4997 Utrobique
1489 4936 1668 4981 autem
1692 4945 1719 4981 a
1741 4933 2017 4986 communi

432 5037 598 5076 sensu
627 5019 956 5075 sumendum
992 5029 1076 5074 est
1104 5061 1118 5084 ,
1148 5019 1376 5073 verbum
1408 5061 1423 5085 ,
1461 5018 1616 5095 Date.
1655 5020 1840 5092 Neque
1873 5026 2016 5078 enim

431 5115 499 5170 de
559 5115 938 5168 materialibus
997 5111 1223 5182 organis
1269 5112 1542 5180 loquitur,
1596 5114 1810 5168 tametsi
1863 5116 2020 5170 aliter

431 5205 878 5264 sentiantJndaei.
911 5204 1216 5258 Iucundum
1245 5215 1425 5260 autem
1457 5204 1615 5270 dixit,
1646 5216 1703 5259 ut
1730 5207 2016 5274 indicaret,

428 5304 573 5372 quod
595 5302 735 5355 Deus
761 5299 1071 5370 hnjusmodi
1096 5297 1342 5369 psalterii
1379 5311 1578 5367 genere
1598 5312 1760 5366 quam
1783 5299 2020 5354 maxime

430 5395 756 5448 delectatur.

507 5486 667 5538 Vens.
696 5487 752 5540 4.
786 5485 1072 5538 Buccinate
1112 5485 1167 5537 in
1193 5481 1487 5545 neomenia,
1519 5479 1646 5534 tuba
1674 5520 1689 5545 ,
1725 5484 1776 5535 in
1823 5485 2019 5554 insigni

428 5580 512 5630 die
543 5579 891 5631 solemnitatis
921 5588 1128 5631 vestrm.
1162 5577 1267 5629 Lex
1320 5582 1437 5628 erat
1482 5571 1684 5627 Judzeis
1739 5586 1797 5632 sit
1843 5579 2014 5646 prima

427 5671 515 5724 die
545 5669 748 5724 mensis
779 5671 1016 5739 septimi,
1054 5685 1160 5739 qua
1194 5669 1281 5723 die
1310 5679 1428 5722 erat
1473 5669 1751 5722 neomeuia
1779 5710 1790 5736 ,
1842 5672 1893 5723 id
1933 5680 2016 5727 est

2051 4476 2104 4536 D

2221 3453 2603 3516 Ἀλαλάξατε
2640 3451 2718 3518 τῷ
2753 3449 2875 3518 Θεῷ
2902 3449 3113 3507 Ἰακώϐ
3160 3451 3297 3518 Περὶ
3355 3448 3451 3503 τοῦ
3479 3449 3726 3519 ἀλαλαγ-

2139 3549 2240 3620 μοῦ
2307 3547 2580 3621 διαφόρως
2628 3547 2970 3621 εἰρήκαμεν·
3000 3548 3094 3600 νῦν
3123 3549 3178 3600 δὲ
3203 3545 3392 3610 ἀτελῶς
3425 3547 3599 3599 εἰπεῖν
3636 3547 3722 3608 τὸ,

2132 3644 2499 3708 Ἀυῑιιλάξατε
2528 3644 2648 3696 ἀντὶ
2711 3643 2829 3706 τοῦ,
2877 3640 3182 3702 Ἐπινὶκιον
3236 3640 3446 3712 ᾁσατεσ
3485 3640 3573 3706 Τῷ
3594 3644 3722 3704 Gem

2136 3738 2443 3792 ὃὲἸακὼὸ
2499 3737 2718 3807 εἴρηται
2767 3735 2902 3807 πρὸς
2956 3735 3289 3806 ἀνάμνησιν,
3333 3737 3416 3788 ὅτι
3479 3729 3638 3798 οὗτος
3697 3741 3726 3788 ὁ

2136 3831 2570 3900 ἑνανθρωπήσας
2593 3831 2749 3894 Θεδς,
2771 3822 2928 3894 οὗτος
2961 3827 3120 3899 ὤφθη
3175 3828 3341 3883 παλαι
3373 3827 3450 3898 τῷ
3522 3829 3722 3881 Ἰακὼϐ

2137 3924 2195 3974 ὲν
2224 3921 2516 3994 ἀνθρώπου
2587 3922 2851 3992 σχήματι.
2932 3919 3273 3991 Προμηνύων
3340 3919 3437 3991 τὴν
3495 3919 3724 3990 ὕστερον

2134 4014 2548 4088 ἐνανθρώπησιν
2585 4013 2772 4068 αὐτοῦ.

2205 4194 2426 4248 Λάϐετε
2483 4194 2734 4264 ψαλμὸν
2779 4193 2880 4248 καὶ
2922 4193 3060 4248 δότε
3120 4196 3457 4264 τύμπανον.
3507 4195 3720 4250 Λάϐετε

2132 4286 2486 4350 διδασκαλίας
2529 4286 2720 4349 θείας·
2751 4286 3135 4351 διδασκαλικὸς
3175 4288 3232 4340 δὲ
3295 4289 3403 4351 πᾶς
3451 4289 3676 4357 ψαλμὸς
3718 4311 3722 4313 “

2133 4380 2227 4432 καὶ
2272 4378 2477 4448 τύψατε
2507 4378 2567 4431 τὸ
2601 4379 2761 4448 σῶμα
2826 4378 2905 4448 τῷ
2941 4379 3202 4450 πλήτκρῳ
3243 4380 3339 4449 τῆς
3361 4381 3718 4451 ἐγκρατείας.

2210 4561 2559 4629 Ψαλτήριον
2599 4558 2858 4628 τερπνὸν
2878 4560 3032 4627 μετὰ
3070 4559 3342 4627 κιθάρας.
3397 4559 3719 4632 Ψαλτήριον

2133 4653 2231 4722 μὲν
2262 4651 2413 4720 λέγει
2463 4651 2552 4704 τὸν
2600 4649 2725 4703 νοῦν
2759 4689 2774 4714 ,
2825 4651 3057 4720 κιθάραν
3112 4650 3169 4703 δὲ
3199 4653 3362 4704 πάλιν
3413 4654 3474 4704 τὸ
3531 4656 3716 4724 σῶμα,

2127 4744 2202 4808 ὡς
2225 4747 2283 4798 ὲν
2327 4745 2404 4813 τῷ
2434 4743 2512 4815 λβ’
2542 4744 2742 4817 ψαλμῷ
2783 4744 3051 4800 κάλλιστα
3093 4744 3513 4817 δηρμηνεύται.
3549 4748 3715 4815 Λέγει

2129 4839 2185 4890 δὲ
2215 4837 2310 4889 νῦν
2345 4837 2447 4903 ὅτι,
2486 4839 2755 4904 Κινὴσατε
2787 4840 2882 4890 καὶ
2911 4839 3004 4890 τὸν
3033 4838 3156 4891 νοῦν
3192 4839 3288 4891 καὶ
3322 4840 3382 4891 τὸ
3419 4842 3598 4910 σῶμα,
3629 4843 3714 4903 εἰς

2127 4930 2187 4982 τὸ
2243 4930 2512 4998 εὐφρᾶναι
2556 4929 2645 4981 τὸν
2697 4929 2829 4982 Θεόν
2857 4946 2869 4958 ·
2901 4930 3010 4984 ἀπὸ
3045 4929 3226 4984 κοινοῦ
3258 4931 3366 5002 γὰρ
3397 4931 3486 4982 ἐπ’
3528 4933 3713 5000 ἁμτό-

2126 5038 2261 5090 τερα
2314 5023 2395 5087 τὸ,
2458 5022 2599 5074 Δότε
2623 5038 2635 5053 ·
2673 5022 2734 5074 οὐ
2760 5022 2867 5090 γὰρ
2905 5025 3032 5093 περὶ
3093 5023 3369 5091 αἰσθητῶν
3402 5024 3653 5091 ὀργάνων
3681 5027 3713 5076 ὁ

2126 5113 2307 5182 λόγος,
2379 5117 2427 5168 εἰ
2481 5115 2577 5168 καὶ
2642 5114 2915 5178 Ἰουδαίοις
2942 5115 3101 5168 τοῦτο
3121 5114 3287 5168 δοκεῖ.
3325 5115 3396 5168 Te
3425 5116 3507 5182 δὲ,
3579 5119 3711 5184 Τερ-

2127 5207 2306 5270 πνὸν,
2359 5207 2682 5276 πρόσκειται
2708 5207 2994 5275 ἐμφαῖνον,
3025 5207 3108 5260 ὃτι
3134 5205 3292 5260 τοῦτο
3321 5209 3382 5261 τὸ
3409 5208 3713 5278 ψαλτήριον

2128 5298 2414 5370 εὐφραίνει
2447 5298 2649 5369 μᾶλλον
2687 5299 2964 5355 τὸνθεόν.

2200 5482 2550 5534 Σαλπίσατε
2588 5481 2658 5534 ἐν
2687 5481 2979 5550 νεομηνία
3019 5479 3310 5550 σάλπιγγι
3337 5481 3408 5532 ἐν
3464 5479 3713 5548 tsi-milio:

2127 5575 2314 5643 ἡμέρᾳ
2343 5573 2550 5641 ἑορτῆς
2579 5573 2768 5642 ὑμῶν.
2794 5573 2976 5642 Νόμος
2997 5569 3063 5644 ἦν
3099 5573 3370 5643 Ἑϐραίοις
3391 5576 3454 5642 τῇ
3487 5575 3585 5640 μιᾷ
3616 5573 3712 5622 τοῦ

2125 5669 2354 5738 ἑϐδόμου
2388 5669 2578 5738 μηνὸς,
2612 5669 2729 5738 ἦτοι
2766 5671 2836 5739 τῇ
2871 5667 3085 5739 πρώτῃ,
3124 5671 3245 5737 ἥτις
3277 5669 3392 5720 ἐστὶ
3421 5667 3706 5736 νεομηνία,
