4084 6210
490 268 595 330 847

1719 245 2109 310 EU'IIIYMII
2142 245 2503 304 ZIGABENI
3649 238 3738 297 818

490 379 751 452 quoniam
795 377 860 430 ab
891 386 1114 445 operum
1153 365 1429 438 praefectis
1456 363 1680 422 assidue
1709 362 1775 416 ad
1807 377 1947 431 Opus
1976 375 2066 414 ur-

2196 378 2280 411 των
2321 357 2390 411 τὰ
2435 359 2572 427 ἔργα
2631 360 2726 427 τῆς
2777 355 3110 423 οἰκοδομίας,
3165 351 3258 414 οὓς
3307 353 3400 403 καὶ
3457 349 3741 411 ἐπιστάτας

491 475 758 545 gebantur
785 487 801 535 ;
842 467 987 522 unde
1015 462 1278 516 Dominus
1309 459 1374 512 ad
1407 457 1643 529 Moysen)
1679 474 1693 510 :
1738 454 1951 521 Videas,
1985 455 2070 506 in-

496 567 635 634 quit,
684 562 787 617 vidi
843 558 1190 627 afﬂictionem
1240 551 1423 619 populi
1468 551 1567 603 mei
1595 550 1644 601 in
1689 546 1922 616 {Egypto
1953 585 1970 610 ,
2022 555 2070 598 et

495 660 773 712 rlanzorem
791 667 968 706 eorum
989 649 1168 702 audivi
1187 647 1438 700 adversus
1461 657 1671 710 operum
1691 637 2068 706 compulsores.

497 749 635 804 Novi
665 746 800 798 enim
835 741 1074 797 dolorem
1103 754 1284 792 eorum
1312 777 1325 802 ,
1353 747 1399 789 et
1423 733 1666 787 descendi
1695 772 1709 794 ,
1742 742 1795 783 ut
1821 731 2071 798 eriperem

494 856 579 895 eos
621 840 685 891 ’³.
725 838 791 890 Ει
820 849 1012 889 rursus
1041 849 1052 883 :
1095 832 1206 900 Ego
1236 829 1341 883 uidi
1379 840 1684 895 pressuram
1717 866 1730 888 ,
1760 839 1864 890 qua
1901 821 2072 891 Αῖρῃο

493 933 593 999 ptii
621 946 706 984 eos
735 935 972 994 premunt
998 926 1063 978 9‘.
1102 922 1370 976 lnvocasti
1401 932 1528 972 vero
1554 933 1652 976 me.
1679 925 1725 968 et
1761 915 2069 977 liberavite,

495 1035 549 1076 et
571 1023 676 1074 alia
708 1016 1046 1088 hujusmodi,
1081 1021 1304 1084 propter
1327 1024 1516 1064 eorum
1543 1006 1923 1076 progenitores
1948 1015 2075 1056 sunt

496 1114 662 1168 dicta.
705 1108 1090 1178 Progenitores
1127 1104 1330 1171 quippe
1360 1109 1412 1154 et
1447 1099 1655 1169 posteri
1700 1113 1868 1151 unum
1900 1113 2074 1166 genus

497 1201 762 1257 elﬁciunt.
784 1198 961 1268 Ipsam
982 1195 1126 1248 enim
1160 1191 1473 1247 Judzeorum
1509 1198 1722 1257 gentem
1755 1186 2071 1255 alloquitur.

571 1291 837 1345 Exaudivi
876 1300 922 1342 te
949 1289 1001 1340 in
1045 1283 1354 1339 abscondito
1382 1280 1729 1346 tempestatis.
1761 1278 1910 1332 Tuas
1938 1317 1953 1341 ,
1988 1278 2076 1330 in-

499 1386 658 1455 quit,
691 1380 989 1452 petitiones
1021 1373 1313 1444 adimplevi
1340 1410 1357 1437 ,
1403 1385 1527 1425 cum
1560 1370 1616 1423 in
1663 1369 1874 1423 occulta
1923 1375 2076 1438 parte

499 1477 648 1530 illius
680 1472 1021 1541 tempestatis
1061 1468 1309 1528 laterem,
1342 1477 1463 1533 quae
1496 1459 1874 1530 Egyptiorum
1895 1469 2076 1513 castra

499 1565 943 1635 pel-turbaverat,
983 1571 1212 1628 quaeque
1235 1567 1498 1607 curruum
1536 1566 1666 1606 axes
1696 1549 2076 1619 coniunxerat.

503 1665 560 1711 et
589 1655 880 1726 Egyptios
920 1666 1114 1721 magna
1142 1648 1192 1701 vi
1246 1647 1299 1700 in
1352 1644 1716 1714 perditionem
1758 1643 2076 1696 abduxerat.

2177 455 2361 522 φησίν.
2389 450 2524 506 Eius
2545 452 2672 521 γὰρ,
2705 450 2861 519 φησὶ,
2897 447 3101 517 Κύριος
3119 445 3254 514 πρὸς
3271 443 3533 509 Μωῦσῆν.
3573 443 3731 507 Ἰδὼν,

2175 539 2341 595 εἶδον
2369 542 2484 608 τὴν
2513 541 2784 594 κάκωσιν
2837 539 2942 592 τοῦ
2971 536 3126 591 ,ιηοῦ
3171 551 3293 604 μου
3331 532 3401 585 ἐν
3451 532 3730 600 Αἰγύπτῳ,

2179 632 2274 687 καὶ
2308 633 2416 700 τῆς
2442 630 2711 700 κραυγῆς
2740 627 2940 682 αὐτῶν
2970 627 3207 695 ἀκήκοα
3236 625 3356 678 ἀπὸ
3418 622 3533 675 τῶν
3581 624 3732 691 dpro-

2183 726 2474 780 διωκτὼν.
2508 721 2650 777 Οἶδα
2676 724 2784 791 γὰρ
2815 720 2928 786 τὴν
2947 718 3178 784 ὀδύνην
3207 715 3426 773 αὐτῶν.
3456 713 3551 767 καὶ
3579 716 3733 766 κατέ-

2177 821 2303 883 ,ϐην
2334 817 2440 869 τοῦ
2481 813 2797 878 ἐξελέσθαι
2832 811 3055 874 αὐτούς
3081 845 3096 862 .
3145 808 3251 861 Καὶ
3281 802 3436 868 αὖθις
3458 820 3474 836 ⁶
3505 805 3605 859 Kal
3635 805 3737 873 tirio

2180 910 2408 976 ἑώρακα
2440 906 2546 958 τὸν
2588 904 2862 972 (nquior,
2920 900 2991 953 ὃν
3027 901 3080 953 οἱ
3119 896 3738 966 Αἰγύπτιοιθμέἰὸουσιγ

2181 999 2422 1062 αὐτούς.
2457 999 2498 1048 Τ
2503 998 2528 1047 ὸ
2549 997 2626 1056 δὲ,
2646 990 3024 1046 Ἑπεκιιλέσω
3050 1006 3148 1058 με,
3173 987 3270 1041 καὶ
3291 985 3637 1054 ἐρρυσάμην
3655 1001 3738 1042 σε,

2186 1092 2276 1142 καὶ
2301 1091 2368 1141 τὰ
2399 1087 2648 1148 tanaim,
2680 1088 2765 1138 διὰ
2793 1084 2916 1146 τοὺς
2945 1081 3244 1151 προγόνους
3281 1079 3462 1132 αὐτῶν
3515 1077 3737 1146 simul:

2182 1185 2240 1236 ἓν
2273 1185 2380 1252 γὰρ
2412 1183 2567 1248 γένος
2602 1182 2798 1232 ἐκεῖνοι
2839 1177 2932 1229 καὶ
2964 1171 3132 1228 οὗτοι.

2265 1274 2617 1339 Ἐπήκουσὰ
2675 1289 2790 1325 σου
2859 1269 2928 1321 ἐν
2986 1267 3318 1333 ἀποκρύφῳ
3397 1261 3742 1329 tiaran-idae.

2198 1368 2511 1438 Ἑπήκουσά
2543 1383 2658 1426 σου,
2710 1362 2993 1414 τουτέστιν
3045 1356 3374 1426 Ἐπλήρωσα
3426 1356 3528 1422 τὴν
3577 1351 3745 1419 δέησίν

2188 1477 2305 1520 σου,
2349 1456 2424 1509 ὢν
2455 1457 2692 1523 ἀφανὴς,
2751 1454 2810 1504 ὲν
2845 1449 3151 1518 ἀποκρύφῳ
3178 1449 3328 1514 τόπῳ
3377 1448 3474 1514 τῆς
3511 1444 3745 1506 καταιγί-

2185 1551 2297 1610 δος,
2328 1547 2427 1612 τῆς
2467 1544 2883 1614 συνταραξάσης
2917 1540 3016 1609 τὴν
3055 1536 3404 1609 παρεμόολὴν
3436 1536 3546 1587 τῶν
3597 1537 3747 1599 Αἰγυ-

2187 1643 2381 1701 πτίων,
2440 1639 2536 1690 καὶ
2590 1635 2932 1704 συνδησάσης
2965 1633 3092 1694 τοὺς
3117 1630 3311 1695 ἄξονας
3347 1629 3454 1680 τῶν
3509 1626 3750 1696 ἁρμάτων

506 1747 824 1816 Tempestas
842 1754 1044 1808 autem,
1071 1741 1247 1796 valida
1273 1744 1356 1793 est
1376 1751 1439 1791 ac
1466 1737 1764 1791 vehemens
1784 1744 2074 1790 ventorum

2196 1732 2367 1785 αὐτῶν
2396 1745 2410 1757 ο
2449 1730 2542 1782 καὶ
2599 1726 2920 1795 ἀγαγούσης
2968 1725 3167 1785 αὐτοὺς
3223 1723 3359 1792 μετὰ
3388 1719 3514 1790 βίας
3553 1719 3644 1769 ἐπὶ
3669 1716 3749 1767 τὸν

503 1838 762 1908 procella.

579 2013 808 2071 Probavi
834 2024 882 2067 te
911 2014 1051 2079 apud
1097 2026 1290 2078 aquam
1340 2005 1803 2062 contradictionis.
1854 2003 1927 2057 De
1987 2002 2089 2055 hac

506 2120 644 2174 aqua
671 2104 914 2159 diximus
951 2101 1004 2154 in
1045 2099 1256 2169 psalmo
1301 2112 1503 2153 Lxxvu.
1542 2093 1774 2147 Probavi
1824 2100 1918 2157 te,
1961 2105 2088 2160 per-

508 2200 730 2252 mittens
751 2204 809 2250 ut
830 2193 1107 2263 paululum
1128 2193 1334 2256 sitires,
1361 2199 1414 2244 et
1431 2189 1694 2244 continuo
1714 2185 2086 2239 immemorem

509 2302 560 2346 te
589 2291 789 2360 reperi,
819 2296 984 2356 atque
1012 2286 1288 2353 ingratum
1323 2300 1336 2336 :
1369 2281 1515 2350 quod
1552 2281 1705 2349 prius
1739 2277 1958 2347 quidem
1990 2288 2089 2328 no-

507 2399 714 2448 veram,
750 2395 939 2435 verum
979 2386 1114 2432 tunc
1146 2386 1298 2430 tuum
1338 2373 1532 2429 vitium
1568 2385 1795 2440 prorsus
1826 2366 2088 2422 omnibus

551 2477 716 2532 atuit.

551 2495 716 2532 aunt.

511 2495 546 2549 Ρ
582 2564 750 2619 Vsus.
776 2561 828 2616 9.
873 2559 1040 2625 Audi,
1081 2555 1308 2627 papulas
1335 2569 1501 2615 meus,
1534 2559 1584 2606 et
1615 2548 1945 2603 contestabor
1973 2549 2088 2600 tibi.

513 2658 618 2713 Per
669 2655 929 2726 populum
985 2666 1146 2704 suum
1204 2647 1463 2702 Hebraeos
1507 2642 1783 2714 intelligit,
1832 2641 1995 2694 sicuti
2036 2641 2088 2692 in

513 2748 730 2819 Egypti
761 2745 906 2800 exitu
937 2742 1002 2796 ad
1026 2755 1214 2797 eorum
1247 2738 1630 2808 progenitores
1667 2735 1883 2788 dixerat
1919 2750 1932 2786 :
1965 2730 2090 2784 Eri-

516 2843 585 2895 tis
617 2839 743 2893 mihi
781 2834 1004 2906 populus
1049 2829 1332 2901 peculiaris
1364 2827 1432 2890 ⁵⁵,
1491 2827 1595 2879 hoe
1644 2831 1749 2885 est,
1805 2820 2092 2876 familiaris

514 2944 571 2988 et
625 2929 972 2987 benevolus:
1005 2925 1111 2989 vel,
1151 2921 1411 2993 populum
1447 2933 1608 2975 suum
1665 2917 1787 2970 ideo
1836 2913 2090 2969 Christus

517 3039 642 3082 eum
672 3021 929 3092 appellat,
961 3017 1092 3087 quia
1126 3013 1433 3071 secundum
1467 3024 1688 3064 carnem
1721 3007 1938 3060 illorum
1968 3014 2090 3060 erat

517 3123 786 3184 cognatus
821 3132 830 3164 :
865 3109 930 3162 In
957 3107 1198 3176 propria,
1233 3102 1435 3172 inquit,
1461 3101 1618 3162 venit,
1648 3100 1716 3168 (et
1736 3098 1818 3150 sui
1844 3113 1963 3150 eum
1989 3112 2090 3149 non

519 3211 825 3269 receperunt
859 3199 957 3267 ").

595 3292 760 3346 Vsus.
787 3288 874 3342 10.
899 3285 1067 3342 Israel
1106 3286 1153 3338 si
1181 3282 1413 3338 audieris
1433 3297 1534 3344 me,
1560 3297 1658 3334 non
1681 3280 1779 3333 erit
1801 3281 1852 3332 in
1883 3290 1931 3333 te
1961 3279 2096 3334 Deus

522 3401 708 3447 ﬂavus,
725 3396 886 3449 neque
904 3375 1152 3431 adorabis
1167 3375 1336 3429 Deum
1352 3373 1579 3426 alienum
1592 3413 1604 3425 .
1624 3371 1668 3426 0
1687 3373 1884 3441 pepule
1907 3369 2096 3437 Israel,

526 3473 894 3533 sicredideris
922 3469 1080 3532 mihi,
1107 3468 1199 3537 qui
1222 3481 1420 3520 novum
1441 3465 1663 3519 condidi
1688 3473 2096 3528 testamentum,

525 3571 572 3626 si
608 3564 931 3628 credideris,
966 3561 1212 3631 inquam,
1243 3556 1374 3611 mihi
1407 3565 1465 3610 ut
1500 3554 1632 3620 Deo,
1684 3567 1803 3610 esto
1843 3569 2100 3618 securus,

2189 1822 2430 1892 ὄλεθρον.
2489 1819 2760 1886 Καταιγὶς
2818 1817 2927 1886 γὰρ
2999 1816 3033 1884 ἡ
3082 1816 3146 1867 ὲκ
3217 1813 3337 1883 βίας
3392 1810 3615 1878 ἀνέμων
3668 1822 3750 1858 συ-

2193 1917 2422 1990 στροφή.
3722 1922 3725 1923 ν

2271 2000 2639 2073 Ἐδοκίμασά
2687 2015 2762 2055 σε
2799 1997 2897 2053 ἐπὶ
2937 1997 3154 2062 ὓδατος
3199 1994 3576 2062 ἀντιλογίας.
3631 1989 3752 2060 Περὶ

2189 2095 2284 2149 τοῦ
2345 2095 2535 2159 ὓδατος
2594 2093 2811 2162 εἴρηται
2868 2093 2926 2144 ὲν
2953 2088 3030 2159 τῷ
3053 2087 3126 2152 οξ
3154 2085 3379 2157 ψαλμῷ.
3431 2079 3754 2151 Ἐδοκίμαςά

2192 2206 2275 2254 σε,
2303 2188 2667 2258 συγχωρήσας
2688 2185 2915 2255 διψῆσαι
2979 2182 3215 2255 μικρόν*
3257 2181 3350 2232 καὶ
3395 2177 3566 2238 εὐθὺς
3613 2169 3754 2242 εὗρον

2190 2281 2490 2349 ἀχάριστον
2517 2281 2612 2331 καὶ
2635 2277 2948 2349 ἀμνήμονα,
2973 2273 3069 2328 καὶ
3093 2273 3357 2344 πρότερον
3391 2269 3523 2340 μὲν,
3545 2269 3755 2340 μάλιστα

2191 2371 2246 2424 δὲ
2287 2372 2428 2424 τότε.

2266 2558 2587 2619 Ἄκουσον,
2622 2555 2773 2618 λαός
2808 2569 2950 2621 μου,
2994 2551 3092 2604 καὶ
3136 2544 3608 2618 διαμαρτύρομαί
3649 2556 3754 2595 σοι.

2193 2648 2340 2702 Λαδν
2365 2645 2532 2698 αὑτοῦ
2591 2645 2718 2704 τοὺς
2757 2642 3043 2714 Ἐὅραίους
3082 2642 3389 2711 ὠνόμασεν,
3420 2638 3482 2700 ὃς
3515 2636 3604 2690 καὶ
3629 2628 3756 2685 κατὰ

2191 2739 2291 2808 τὴν
2343 2737 2401 2800 ἐξ
2426 2734 2704 2802 Αἰγύπτου
2735 2735 2914 2798 ἔξοδον
2951 2731 3191 2803 εἰρηκὼς
3223 2731 3359 2800 πρὸς
3392 2729 3518 2789 τοὺς
3538 2723 3757 2790 πατέρας

2193 2829 2392 2892 αὐτῶν,
2425 2830 2506 2881 ὅτι
2534 2825 2797 2881 Ἕσεσθέ
2834 2843 2936 2895 μοι
2981 2825 3131 2889 λαὸς
3195 2822 3562 2890 περιούσιος.
3600 2815 3755 2868 εἴτουν

2197 2924 2418 2983 οἰκεῖος.
2483 2921 2552 2971 Ἢ
2614 2919 2710 2971 καὶ
2757 2918 2834 2980 ὡς
2888 2917 3029 2969 κατὰ
3100 2915 3280 2984 σάρκα
3351 2908 3623 2979 συγγενὴς
3692 2904 3758 2952 ὢν

2116 3049 2161 3112 C
2195 3014 2372 3066 αὐτῶν
2393 3029 2408 3043 θ
2439 3015 2542 3077 Εἰς
2572 3010 2645 3065 τὰ
2677 3011 2797 3063 ῑδια
2827 3008 2958 3079 γὰρ,
2993 3007 3180 3077 φησιν,
3210 3001 3426 3074 ἦλθεν.

2285 3276 2558 3345 Ἰσραὴλ,
2591 3275 2700 3330 ἐὰν
2721 3276 2995 3342 ἀκούσῃς
3007 3292 3148 3344 μου,
3183 3273 3292 3327 οὐκ
3319 3271 3499 3325 ἔσται
3516 3269 3610 3324 σοὶ
3636 3266 3762 3328 Θεὸς

2203 3372 2581 3438 πρόσφατος,
2620 3367 2765 3422 οὐδὲ
2807 3365 3263 3436 προσκυνήσεις
3307 3361 3436 3429 Θεῷ
3467 3358 3759 3426 άιλοτρίφι

2202 3456 2272 3513 Ὦ
2293 3460 2419 3522 λαὸς
2474 3458 2714 3531 Ἰσραὴλ,
2750 3459 2845 3511 ὲὰν
2877 3456 3107 3528 πεισθῇς
3143 3475 3232 3527 μοι
3260 3453 3356 3525 τὴν
3382 3455 3580 3524 καινὴν
3602 3447 3764 3515 διαθή-

2203 3570 2308 3623 κην
2361 3552 2745 3624 διατιθεμένῳ,
2801 3551 2895 3604 καὶ
2931 3550 3242 3612 πιστεύσεις
3278 3565 3366 3618 μοι
3424 3548 3499 3610 ὡς
3543 3543 3675 3614 Θεῷ,
3707 3539 3760 3592 οὗ

529 3659 677 3734 quod
717 3659 890 3728 legem
923 3661 1077 3708 tuam
1114 3667 1226 3705 non
1259 3646 1708 3720 transgredieris.
1752 3645 1886 3700 Nam
1919 3645 2023 3701 etsi
2050 3645 2091 3699 ir

2209 3646 2626 3716 παρανομήσας
2650 3660 2664 3674 ⁹
2694 3645 2743 3696 εἰ
2770 3642 2878 3713 γὰρ
2920 3643 3014 3696 καὶ
3043 3643 3102 3694 ἐν
3142 3641 3220 3710 τῷ
3248 3641 3402 3710 νόμῳ
3440 3640 3765 3708 γέγραπται⁶

527 3725 646 3823 lege
672 3725 940 3818 scriptum
993 3743 1064 3799 sit
1103 3761 1115 3796 :
1149 3739 1275 3795 Non
1324 3746 1481 3792 erunt
1530 3737 1626 3790 tibi
1675 3737 1771 3790 alii
1802 3736 1885 3790 dei
1913 3745 2091 3806 prater

2210 3737 2333 3789 Οὐκ
2361 3736 2611 3790 ἔσονταί
2629 3753 2730 3791 σοι
2764 3736 2888 3791 θεοὶ
2915 3737 3109 3804 ἕτεροι
3139 3733 3312 3800 πλὴν
3337 3732 3514 3802 ἐμοῦ,
3549 3727 3656 3784 ἀλλ’
3679 3725 3764 3790 οὐκ

527 3817 611 3899 ηιξ
639 3842 710 3907 ⁸⁷,
742 3817 840 3894 tibi
878 3846 1062 3890 tamen
1113 3833 1236 3888 ideo
1273 3828 1636 3886 dubitandum
1686 3844 1796 3882 non
1839 3837 1946 3893 est,
2005 3842 2091 3896 οε(

2205 3828 2390 3898 ἕτερος
2421 3829 2552 3892 Θεὸς
2579 3828 2710 3897 ἐγώ.
2754 3829 2900 3882 Ἀντὶ
2922 3827 3014 3882 τοῦ
3039 3867 3055 3893 ,
3096 3828 3334 3895 Ἕτερος
3361 3825 3449 3888 δὲ,
3479 3823 3560 3888 τὺ,
3594 3817 3766 3886 Πρόσ-

529 3933 733 3990 etenim
767 3929 911 3984 alius
941 3926 1085 3982 Deus
1111 3939 1217 3978 nou
1244 3937 1390 3978 sum.
1413 3919 1542 3973 Nam
1568 3919 1715 3990 quod
1746 3919 1835 3974 hic
1862 3919 2063 3974 dicitur
2087 3933 2102 3970 :

533 4024 670 4079 Deus
698 4036 882 4085 novus,
919 4017 1126 4072 dictum
1152 4023 1234 4070 est
1270 4027 1370 4084 pro
1403 4011 1539 4065 Deus
1572 4011 1736 4075 alius,
1771 4009 1937 4065 sicuti
1970 4024 2104 4063 eon-

533 4116 688 4170 tinuo
723 4110 969 4181 exponit.
997 4123 1120 4162 eum
1147 4106 1223 4160 ait
1258 4121 1271 4157 :
1296 4103 1474 4172 Neque
1496 4100 1749 4155 adorabis
1778 4099 1941 4154 Deum
1977 4101 2110 4153 alie-

2209 3936 2433 3988 φατοςο
2493 3921 2772 3991 εἴληπται,
2828 3915 3002 3991 οὗπερ
3061 3915 3217 3982 αὖθις
3267 3913 3658 3989 ἑρμηνευτικὸν
3717 3904 3767 3958 τὸ

2223 4012 2561 4080 Ἄλλοτρίφ⁹
2591 4012 2656 4065 τὸ
2691 4013 2823 4084 γὰρ,
2856 4012 3130 4079 Ἕτερον,
3166 4009 3317 4082 παρὰ
3349 4009 3438 4072 τὸ,
3475 4009 3568 4062 ’ον
3597 4001 3767 4060 πάλαι,

2215 4103 2435 4167 πάντως
2463 4105 2801 4176 πρόσφατον,
2834 4104 2904 4169 ὠ,
2934 4104 3162 4176 ὕστερον
3189 4103 3511 4172 ἐπι-γεγονὸς
3535 4138 3550 4162 ,
3579 4096 3669 4150 καὶ
3693 4087 3769 4144 διὰ

535 4224 684 4261 num.
718 4204 773 4256 Si
801 4201 930 4272 quid
963 4200 1109 4254 enim
1142 4194 1293 4251 aliud
1344 4194 1510 4248 fuerit
1539 4193 1608 4248 ab
1639 4207 1729 4256 eo,
1784 4192 1930 4261 quod
1976 4192 2091 4247 olin

2211 4195 2371 4249 τοῦτο
2403 4196 2710 4267 ἀλλότριον.

532 4315 637 4366 est,
698 4296 753 4350 id
804 4310 1001 4350 novum
1053 4290 1282 4354 dicitur,
1347 4295 1610 4355 tanquam
1668 4295 1855 4356 postea
1904 4301 1969 4338 ac
2023 4285 2093 4339 de
2133 4297 2279 4340 novo
2309 4287 2609 4343 adveniens
2644 4305 2657 4340 :
2690 4298 2856 4356 atque
2919 4286 3043 4341 ideo
3071 4285 3237 4342 etiam
3287 4285 3594 4356 appellatur
3648 4277 3769 4332 alie-

535 4411 686 4453 ιιυιιι.

606 4492 771 4543 Vsus.
801 4485 885 4540 Η.
922 4482 1030 4552 Ego
1058 4479 1194 4534 enim
1232 4494 1347 4532 sum
1389 4477 1643 4530 Dominus
1679 4475 1814 4531 Deus
1841 4487 1985 4539 tuus,
2017 4477 2107 4546 qui
2141 4479 2186 4532 D

536 4584 697 4638 eduxi
722 4589 770 4634 te
802 4576 865 4631 de
897 4586 1037 4629 terra
1071 4570 1315 4641 Egypti.
1349 4569 1444 4624 Ille
1473 4569 1590 4638 ipse
1616 4583 1717 4637 ego
1754 4582 1876 4622 sum
1909 4576 1962 4621 et
1999 4583 2108 4622 non

541 4676 704 4728 alius.
746 4668 922 4738 Hujus
957 4673 1139 4718 autem
1183 4658 1437 4716 versiculi
1474 4659 1631 4714 verba
1669 4657 1814 4728 apud
1865 4656 2108 4729 Moysem

543 4765 609 4820 ad
637 4776 872 4834 unguem
903 4757 1106 4823 scripta
1137 4761 1266 4810 sunt
1291 4753 1344 4807 in
1385 4752 1525 4807 libro
1557 4751 1754 4806 Exodi.

617 4856 800 4911 Dilata
828 4870 886 4909 os
929 4862 1102 4915 tuum,
1137 4855 1186 4902 et
1216 4845 1439 4915 implebo
1488 4844 1642 4899 illud.
1673 4840 1860 4914 Aperi,
1919 4844 2113 4913 inquit,

542 4967 604 5007 os
646 4961 824 5010 tuum,
854 4960 916 4999 os
949 4944 1072 4998 dico
1125 4955 1237 4994 non
1299 4937 1547 5008 corporis
1605 4936 1698 4991 sed
1741 4936 2115 4990 intellectuale

2295 4473 2443 4542 Ἐγὼ
2483 4473 2592 4542 γάρ
2623 4475 2739 4541 εἰμι
2764 4474 2979 4540 Κύριος
3007 4475 3040 4526 ό
3071 4473 3214 4537 Θεός
3240 4485 3382 4533 σου,
3415 4473 3450 4524 ὁ
3475 4462 3770 4536 ἀναγαγών

2215 4581 2289 4619 σε
2321 4565 2389 4619 ἐκ
2433 4563 2542 4633 γῆς
2585 4566 2913 4634 Αἰγύπτου.
2948 4563 3118 4627 Δῦτδς
3147 4563 3359 4624 ἐκεῖνός
3399 4563 3542 4631 εἰμι,
3573 4557 3662 4611 καὶ
3683 4555 3768 4621 ob;

2217 4656 2427 4726 ἕτερος.
2453 4657 2560 4708 Καὶ
2586 4656 2743 4708 τοῦτο
2771 4655 2827 4707 δὲ
2859 4657 2922 4707 τὸ
2956 4653 3120 4724 ῥητὸν
3178 4655 3239 4705 ὲν
3269 4653 3349 4724 τῷ
3381 4651 3604 4722 ῥηθέντι
3631 4649 3765 4715 νόμῳ

2223 4750 2536 4819 γέγραπται
2564 4747 2820 4816 κείμενον
2846 4748 2903 4800 ὲν
2935 4750 2998 4818 τῇ
3026 4747 3196 4817 βίὸλῳ
3225 4747 3322 4816 τῆς
3367 4745 3599 4809 Ἐξόδου.

2290 4839 2615 4926 Πλιξτυγον
2646 4839 2710 4893 τὸ
2754 4841 2952 4908 στόμα
2983 4853 3123 4903 σου,
3149 4839 3247 4892 καὶ
3280 4838 3584 4906 astruximus
3616 4827 3768 4886 αὐτό.

2220 4921 2560 4996 Πλάτὺνον,
2588 4934 2706 4984 ἀντὶ
2740 4931 2858 4995 τοῦ,
2905 4929 3181 4996 Ἀνοιξονο
3219 4931 3281 4984 τὸ
3331 4931 3510 4999 στόμα
3549 4926 3604 4980 δὲ
3638 4921 3772 4986 λέγει

543 5043 742 5096 anima:
777 5050 884 5091 tua:
916 5049 1000 5089 os.
1030 5031 1166 5086 Nam
1219 5029 1266 5083 si
1324 5043 1386 5082 os
1434 5037 1588 5080 tuum
1654 5025 1720 5079 ad
1778 5023 2091 5096 spiritualeu

2216 5024 2278 5075 τὸ
2309 5023 2409 5094 τῆς
2453 5023 2636 5093 ψυχῆς
2663 5040 2675 5053 ο
2712 5024 2775 5077 El
2807 5024 2895 5086 σὺ,
2923 5023 3111 5092 φησιν,
3137 5021 3452 5093 ἐτοιμάσεις
3485 5017 3615 5072 αὐτὸ
3651 5012 3770 5080 πρὸς

545 5137 756 5195 eitmm,
791 5137 846 5185 et
875 5127 944 5181 ad
994 5123 1213 5178 divinos
1245 5136 1442 5175 sensus
1477 5117 1860 5188 percipiendas
1895 5116 2120 5186 parasti,

2219 5115 2491 5186 ὑποδοχὴν
2525 5117 2732 5186 τροφῆς
2755 5117 3158 5186 πνευματικῆς,
3189 5115 3365 5167 εῑτουν
3406 5112 3568 5166 θείων
3589 5100 3771 5172 νοημά-

546 5243 646 5298 ego
687 5216 1074 5290 illudimplebo
1107 5212 1399 5283 sapientia,
1428 5222 1484 5265 et
1506 5224 1535 5262 a
1569 5219 1785 5265 terrena
1807 5209 1906 5262 hac
1936 5206 2091 5276 legali

2221 5225 2352 5274 των,
2401 5208 2512 5277 ἐγὼ
2561 5207 2840 5278 πληρώσω
2884 5207 3018 5261 αὐτὸ
3051 5207 3266 5275 σοφίας,
3308 5207 3405 5258 καὶ
3443 5200 3692 5269 ἀναγάγω
3718 5205 3771 5242 σε

548 5282 746 5372 liitcra:
796 5309 1128 5370 humilitate,
1184 5313 1238 5359 te
1297 5303 1566 5358 abducam
1617 5301 1684 5355 ad
1739 5299 1903 5354 altam
1957 5308 2085 5369 atqu

2224 5299 2334 5352 ἀπὸ
2359 5300 2459 5368 τῆς
2490 5297 2860 5369 χαμαιςηλίας
2897 5296 2991 5351 τοῦ
3021 5295 3212 5366 νοητοῦ
3250 5295 3575 5366 γράμματος
3605 5288 3681 5347 εις
3719 5282 3775 5332 τδ

547 5411 823 5465 excelsam
849 5399 1052 5458 occulti
1084 5413 1148 5451 ac
1174 5395 1396 5450 latentis
1448 5393 1501 5446 in
1559 5394 1741 5446 littera
1768 5390 1995 5460 spiritus
2024 5403 2118 5443 su-

549 5502 898 5561 blimitatem,
963 5502 1018 5550 et
1075 5487 1376 5560 speculam.
1447 5484 1653 5549 Potest,
1703 5490 1757 5538 et
1817 5482 1992 5552 ipsum
2052 5497 2114 5537 os

2227 5391 2359 5459 ὕψος
2384 5391 2478 5443 τοῦ
2507 5389 2963 5462 ἐγκεκρυμμένου
3012 5389 3091 5459 τῷ
3124 5389 3416 5459 γράμματι
3460 5380 3770 5449 πνεύματ’)ς-

2223 5485 2444 5537 Νοεῖται
2473 5482 2528 5536 δὲ
2557 5482 2731 5551 στόμα
2788 5479 2970 5534 καὶτὸ
3007 5480 3283 5552 αἰσθητόν.
3320 5478 3384 5531 El
3428 5476 3537 5546 γὰρ
3561 5465 3768 5534 πειθαρ-

623 5683 668 5715 ⁹³
697 5682 861 5736 Exod.
902 5697 983 5739 Ill.
1022 5679 1075 5731 '2.
1152 5677 1197 5709 9‘
1229 5673 1365 5729 Ibid.
1397 5673 1450 5728 9.
1523 5673 1564 5705 ⁸³
1587 5670 1743 5724 Deut.
1781 5687 1878 5732 vn,
1907 5670 1963 5724 6.
2013 5670 2091 5723 θεέ

2196 5688 2238 5721 ιι.
2267 5684 2307 5726 ι.
2338 5667 2421 5718 ll.
2479 5667 2522 5698 ³⁷
2549 5664 2719 5718 Exod.
2761 5679 2852 5724 xx,
2889 5661 2946 5715 5.
