4084 6210
357 384 468 447 853

1529 396 1923 458 COMMENT.
1963 399 2043 457 IN
2088 400 2461 464 ΡΞΑΙΜΟΞ.

3511 403 3620 466 854

351 513 471 562 σει,
499 499 589 551 ὅτι
619 499 725 553 τοῦ
749 501 972 568 Κυρίου
998 503 1032 570 ἡ
1058 502 1259 571 κρίσις
1280 503 1433 560 ἐστί.
1457 507 1943 580 Προσωπολήπτης

2054 511 2250 579 inquit,
2285 513 2538 582 accipitis
2578 513 2813 584 injustas
2838 515 2865 570 ἲ
2901 517 3003 570 hoc
3036 523 3137 580 est,
3184 531 3473 585 quousque
3524 533 3620 568 eos

353 588 431 653 δὲ,
461 593 489 642 6
513 591 921 673 εὐλαϐούμενος
940 597 1054 652 τῶν
1079 601 1288 656 ἀδίκων
1311 604 1411 674 τὴν
1439 604 1740 676 ὑπεροχήν.

2043 600 2363 657 veremini?
2408 602 2727 673 llujusmodi
2790 607 3046 677 loquendi
3103 606 3266 661 modo
3307 607 3435 661 alibi
3470 607 3621 660 Scri-

355 694 512 753 ptura
546 684 741 750 utitur,
773 689 998 756 quando
1042 693 1118 746 ait
1172 694 1227 748 in
1281 695 1444 766 lege:
1481 695 1605 751 Non
1657 696 1928 764 accipietis
1970 693 2162 763 [aciem
2193 695 2247 745 in
2286 691 2516 761 judicio,
2586 696 2833 764 quoniam
2861 697 3124 766 judicium
3174 695 3388 749 Domini
3470 709 3548 751 est
3578 698 3620 751 ³.

352 777 448 831 llh-
480 786 663 833 autem
711 792 1072 847 personarum
1104 796 1365 858 acceptor
1393 788 1624 855 dicitur,
1697 790 1789 860 qui
1854 787 2184 858 injustorum
2253 802 2316 844 ac
2380 806 2673 859 pravorum
2725 791 3009 846 hominum
3049 792 3372 860 pctentiam,
3426 803 3479 848 et
3511 804 3625 847 ma—

352 871 699 942 gnitudinem
741 883 986 931 veretur.

424 969 679 1037 Κρίνατε
708 969 951 1039 ὀρφανῷ
978 971 1076 1027 καὶ
1109 975 1345 1045 πτωχῷ.
1371 978 1701 1033 Διαιτῦσατε
1730 977 1947 1039 τούτοις

353 1068 756 1163 ἀδικουμένοις,
785 1071 881 1125 καὶ
908 1073 984 1144 μὴ
1017 1076 1309 1148 παρίδητε.

430 1253 718 1306 Ταπεινδν
776 1254 874 1309 καὶ
913 1256 1143 1326 πένητα
1181 1260 1558 1319 δικαιώσατε.
1619 1266 1943 1343 Ἀδικουμέ-

355 1359 483 1405 νους
531 1344 782 1414 δηλονότι
816 1363 830 1378 ⁸
868 1348 901 1418 ἢ
949 1350 1133 1404 τοίνυν
1172 1352 1235 1406 τὸ
1280 1355 1412 1409 αὐτὸ
1463 1357 1631 1411 πάλιν
1670 1359 1834 1429 φησίν
1858 1375 1872 1390 ⁸
1911 1358 1945 1429 ἢ

356 1437 685 1507 προείρηται
718 1439 753 1510 ἡ
778 1440 1010 1512 διαφορὰ
1038 1443 1134 1497 τοῦ
1169 1448 1389 1519 πτωχοῦ
1438 1451 1534 1504 καὶ
1564 1451 1658 1504 τοῦ
1710 1454 1948 1520 πένητος

356 1527 415 1579 ὲν
440 1528 519 1598 τῷ
554 1537 623 1582 ια’
653 1529 883 1603 ψαλμῷ.

426 1620 762 1686 Ἐξέλεσθε
791 1626 1023 1697 πένητα
1043 1630 1141 1683 καὶ
1163 1631 1423 1700 πτωχὸν,
1451 1633 1520 1688 ἐκ
1545 1636 1743 1706 χειρὸς
1765 1640 1951 1711 ἁμαρ-

355 1713 551 1767 τωλοῦ
589 1715 872 1783 ῥύσασθε
920 1721 1128 1775 αὐτόν.
1163 1722 1304 1792 Ὅρα
1340 1725 1465 1778 ὅσον
1512 1727 1664 1796 μέλει
1708 1729 1787 1800 τῷ
1825 1732 1947 1802 Θεῷ

357 1804 487 1873 περὶ
524 1804 633 1857 τῶν
679 1809 915 1878 πτωχῶν
940 1814 1031 1865 καὶ
1062 1815 1321 1885 πενήτων
1349 1834 1363 1847 ·
1399 1818 1666 1884 πολλάκις
1700 1823 1811 1892 γὰρ
1850 1823 1945 1877 τὸν

2112 968 2282 1026 Vens.
2317 970 2371 1026 3.
2404 971 2657 1026 Iudicate
2684 974 2942 1041 orphano,
2981 983 3031 1027 et
3065 973 3229 1040 inopi.
3280 972 3509 1040 ﬂorum,
3546 975 3625 1029 in-

2037 1062 2180 1131 quit.
2215 1078 2442 1118 causam
2472 1062 2744 1132 iudicate,
2783 1073 2840 1122 et
2871 1065 3042 1121 nolite
3077 1065 3362 1135 despicere
3397 1082 3493 1122 eos
3525 1077 3622 1123 aut

2042 1153 2341 1224 negligere.

2113 1244 2387 1301 Humilem
2421 1257 2473 1302 et
2504 1263 2790 1318 pauperem
2817 1250 3133 1320 justiﬁeate.
3171 1250 3237 1305 Si‘
3258 1250 3460 1321 iniuria
3492 1253 3626 1307 all’e-

2042 1337 2118 1391 cti
2169 1334 2373 1391 fuerint
2406 1355 2422 1393 :
2452 1346 2509 1394 et
2544 1341 2918 1395 rursussidem
2959 1344 3154 1412 repetit
3187 1345 3333 1413 quod
3372 1346 3425 1399 in
3483 1362 3625 1416 prae-

2044 1428 2263 1484 cedenti
2316 1429 2455 1485 dixit
2516 1432 2817 1486 versiculo.
2876 1433 2991 1497 Vel,
3046 1434 3226 1505 inopis
3262 1442 3317 1490 et
3371 1438 3628 1509 pauperis

2038 1519 2407 1577 differentiam
2439 1536 2625 1592 quaere
2647 1523 2703 1577 in
2732 1523 2943 1593 psalmo
2980 1540 3057 1578 τι.

2111 1610 2280 1666 Vens.
2312 1611 2368 1667 4.
2406 1610 2613 1680 Eripite
2666 1628 2951 1682 pauperem
2987 1624 3037 1667 et
3090 1617 3323 1686 inopem,
3358 1621 3421 1672 de
3469 1635 3627 1671 manu

2043 1705 2336 1770 peccatoris
2367 1705 2591 1759 liberate
2618 1720 2759 1759 eum.
2792 1704 2925 1759 Vide
2957 1716 3178 1776 quanta:
3201 1723 3349 1762 curae
3374 1710 3482 1763 sint
3514 1709 3623 1764 Deo

2040 1796 2234 1864 inopes
2273 1803 2328 1851 et
2360 1806 2654 1866 pauperes,
2704 1811 2827 1851 cum
2869 1798 3070 1867 sepius
3101 1797 3375 1869 PrOpheta
3416 1814 3630 1853 sermo-

356 1894 489 1965 περὶ
522 1895 704 1949 αὐτῶν
734 1897 894 1967 λόγον
938 1902 1257 1959 ἁνακυκλοῖ.
1296 1905 1583 1971 Ἐξέλεσθε
1613 1887 1724 1965 οὖν’
1746 1887 1935 1977 αυτὸν,

2054 1903 2163 1943 τοίη
2189 1887 2255 1943 de
2279 1888 2361 1944 eis
2386 1896 2616 1959 repetat.
2672 1887 2882 1958 Eripite
2923 1889 3111 1959 igitur,
3139 1900 3195 1945 et
3250 1890 3475 1944 liberate
3514 1907 3630 1946 eos.

360 1987 453 2039 καὶ
483 1989 723 2057 ῥύσασθε
750 1992 915 2046 αὑτὸν
940 1995 1567 2069 καταδυναστευόμενον.
1585 2001 1939 2075 Ἀμαρτωλὸς

2054 1981 2253 2050 ]uoties
2278 1981 2683 2051 Opprimuntur.
2707 1978 3059 2037 Peccatorem
3096 1988 3278 2036 autem
3308 1982 3396 2037 hic
3418 1998 3634 2052 quoque

354 2079 415 2132 δὲ
443 2080 727 2134 κάνταῦθα
756 2084 785 2136 6
810 2084 1018 2149 ἄδικος.

425 2173 548 2225 Οὐκ
588 2172 867 2241 ἔγνωσαν
890 2176 1034 2230 οὐδὲ
1068 2179 1353 2247 συνῆκαν
1374 2198 1390 2213 ’
1417 2182 1487 2236 ἐν
1505 2184 1713 2238 σκότει
1736 2185 1943 2242 διαπο-

355 2265 658 2334 [εὐονται.
697 2266 1379 2341 (99)Ἐθελοκωφήσαντες
1408 2258 1509 2327 οὔκ
1540 2275 1788 2344 ἔγνωσαν
1814 2281 1945 2344 τοὺς

361 2354 542 2420 θείους
567 2356 782 2424 λόγους,
821 2361 1022 2424 είτουν.
1052 2364 1114 2417 οὐ
1148 2366 1390 2435 συνῆκαν
1413 2384 1429 2401 ’
1467 2373 1811 2443 σαφηνισμδς
1836 2375 1944 2447 γὰρ

357 2448 477 2513 τοῦ,
512 2451 635 2503 Οὐκ
663 2449 959 2517 ἔγνωσαν,
992 2453 1071 2516 τὸ,
1100 2456 1254 2511 Οὐδὲ
1275 2458 1581 2529 συνῆκαν.
1619 2465 1721 2519 Ἐν
1738 2470 1946 2522 σκότει

357 2539 435 2598 δὲ,
461 2541 581 2593 ἀντὶ
599 2542 717 2606 τοῦ,
751 2544 842 2597 Ἐν
872 2544 1048 2619 πλάνῃ
1090 2548 1493 2610 πολιτεύονται.
1515 2555 1586 2607 Ἢ
1626 2558 1718 2610 καὶ
1744 2558 1943 2623 ἄλλως·

364 2631 481 2683 Οὐκ
511 2630 762 2701 ἔγνωσαν
800 2636 921 2696 οὐδὲ
971 2639 1216 2709 συνῆκαν
1245 2641 1307 2695 τὸ
1338 2642 1536 2700 καλόν·
1568 2646 1651 2702 διδ
1687 2651 1746 2704 ὲν
1788 2651 1948 2708 ἀνοία

360 2721 458 2775 τοῦ
492 2722 706 2778 δικαίου
743 2731 1096 2797 πορεύονται.

432 2984 920 3049 Σαλευθήτωσαν
971 2988 1169 3044 πάντα
1230 2995 1303 3048 τὰ
1360 2996 1603 3065 θεμέλια
1661 2999 1773 3067 τῆς
1814 3001 1947 3069 γῆς.

362 3073 538 3128 Τοῦτο
584 3078 613 3130 6
662 3077 960 3150 Σύμμαχος
1015 3079 1190 3145 οὕτως
1244 3084 1477 3152 ἐξέδωκε
1501 3105 1516 3119 ⁸
1566 3091 1806 3159 Ταράξω
1838 3093 1954 3161 τὴν

361 3163 479 3235 τῆν
517 3166 616 3221 διὰ
665 3168 809 3236 τοὺς
834 3170 1225 3241 ἐνοικοῦντας
1262 3174 1333 3228 ἐν
1364 3176 1541 3244 αὐτῇ.
1572 3180 1729 3234 Κατὰ
1773 3181 1831 3235 δὲ
1868 3182 1950 3245 τὸ,

2048 2073 2185 2128 dicit
2212 2073 2506 2144 iniustum.

2110 2164 2278 2220 Vens.
2314 2163 2371 2219 5.
2405 2162 2529 2219 Non
2564 2172 2913 2236 cognoverunt
2953 2180 3116 2234 neque
3146 2165 3542 2227 intellexerunt,
3570 2166 3623 2217 in
3670 2156 3675 2163 ’

2046 2258 2272 2311 tenebris
2303 2257 2601 2313 ambulant.
2641 2256 2849 2326 Sponte
2875 2248 2977 2313 sua
3010 2258 3139 2313 (εωεί
3172 2256 3354 2312 ell‘ecti
3394 2264 3544 2319 sunt,
3578 2266 3633 2307 et

2047 2348 2268 2402 divinos
2301 2363 2592 2403 sermones
2628 2364 2737 2402 non
2793 2356 3193 2417 cognoverunt,
3235 2348 3340 2401 hoc
3373 2353 3480 2409 est,
3519 2363 3633 2401 non

2047 2439 2463 2495 intellexerunt.
2497 2439 2577 2494 Ad
2603 2440 2863 2508 majorem
2902 2441 3045 2493 enim
3080 2439 3507 2493 declarationem
3532 2438 3628 2491 ad—

2048 2531 2225 2584 ditum
2272 2538 2382 2592 est.
2439 2529 2494 2584 id
2538 2529 2765 2585 verbum
2823 2544 2851 2583 a
2914 2528 3185 2600 Propheta
3228 2548 3242 2585 :
3285 2528 3352 2583 In
3409 2529 3633 2583 tenebris

2049 2617 2371 2683 ambulant,-
2414 2618 2517 2673 hoc
2548 2626 2632 2673 est
2674 2618 2725 2671 iu
2767 2632 2957 2673 errore
2981 2626 3365 2688 perseverant.
3399 2618 3495 2673 Vel
3525 2619 3632 2671 ali-

2051 2720 2182 2765 ter:
2222 2708 2337 2763 Non
2397 2717 2778 2779 cognoverunt
2831 2722 3010 2774 neque
3057 2709 3464 2773 intellexerunt,
3498 2710 3632 2779 quid

2050 2817 2178 2855 nam
2230 2802 2433 2856 bonum
2467 2809 2633 2869 atque
2672 2802 2962 2855 honestum
2992 2800 3087 2863 sit,
3118 2810 3283 2871 atque
3338 2802 3462 2856 ideo
3497 2816 3630 2854 am-

2053 2894 2242 2949 bulant
2268 2894 2327 2948 in
2361 2893 2669 2962 ignorantia
2705 2892 2951 2963 iustitiae.

2123 2981 2569 3039 Commoveantur
2624 2983 2804 3037 onmia
2856 2982 3209 3049 fundamenta
3262 2992 3439 3038 terrm.
3502 2982 3633 3038 Haec

2051 3074 2220 3127 verba
2258 3073 2632 3145 Symmachus
2678 3073 2752 3127 ita
2790 3072 3035 3128 reddidit
3078 3089 3092 3127 :
3125 3072 3472 3129 Conturbabo
3523 3080 3633 3126 ter-

2054 3182 2196 3229 ram.
2246 3174 2460 3231 propter
2488 3165 2783 3220 habitantes
2810 3167 2864 3219 in
2891 3182 2978 3219 ea.
3002 3165 3074 3219 Et
3106 3166 3271 3231 juxta
3302 3166 3532 3236 primam
3560 3164 3635 3216 le-

363 3260 866 3329 Σαλευθήτωσαν,
898 3264 1109 3319 κελεύει
1136 3268 1166 3321 6
1198 3266 1332 3332 Θεὸς
1352 3269 1680 3341 κλονηθῆναι
1700 3272 1799 3345 τὴν
1819 3275 1946 3344 γῆν,

2056 3257 2323 3322 ctiouem,
2386 3257 2547 3327 jubet
2603 3254 2747 3313 Deus
2811 3264 3017 3311 terram
3071 3257 3405 3312 cemmoveri
3449 3263 3503 3310 et
3534 3254 3633 3308 llu-

362 3354 446 3416 είς
498 3353 665 3422 φόϐον
724 3354 836 3409 τῶν
893 3358 1096 3412 ἀδίκων
1136 3359 1419 3432 ἀρχόντων
1469 3364 1563 3417 καὶ
1604 3367 1944 3438 παρανόμων

365 3444 595 3516 κριτῶν.
631 3446 703 3500 Ἦ
736 3450 1243 3515 Σαλευθήτωσαν,
1279 3452 1353 3524 μὴ
1372 3455 1610 3525 φέροντα
1640 3458 1740 3529 τὴν
1761 3477 1943 3531 παρα-

365 3537 566 3606 νομίαν
612 3539 814 3593 αὐτῶν.
862 3540 1105 3610 Θεμέλια
1152 3543 1211 3597 δὲ
1245 3545 1342 3615 τῆς
1378 3547 1482 3617 γῆς
1531 3548 1625 3601 τὸν
1689 3552 1945 3622 πυθμένα

364 3628 573 3701 ταύτης
597 3633 774 3686 καλεῖ.
817 3633 1216 3705 Ἐκπληκτικὸς
1242 3637 1300 3690 δὲ
1326 3638 1422 3691 καὶ
1470 3641 1703 3713 φοϐερὸς
1734 3645 1763 3697 6
1788 3644 1949 3713 λόγος

365 3716 527 3787 οὗτος
570 3725 665 3778 καὶ
695 3725 1030 3795 ἐμφαντικὸς
1059 3730 1160 3799 τῆς
1208 3728 1362 3794 θείας
1393 3733 1536 3786 κατά
1566 3733 1678 3787 τῶν
1710 3736 1951 3807 παρανό-

370 3832 490 3883 μων
517 3815 800 3886 ἀρχόντων
840 3817 934 3871 καὶ
975 3818 1181 3888 κριτῶν
1210 3820 1666 3894 ἀγανακτήσεως.

442 4082 591 4151 Ἐγώ
626 4079 767 4138 εἶπα
795 4103 809 4117 ο
844 4087 979 4140 Θεοί
1003 4087 1166 4149 ἐστε.
1206 4090 1303 4144 καὶ
1332 4091 1452 4147 υιοι
1488 4093 1783 4163 Ὑψίστου
1803 4100 1954 4155 πάν-

369 4187 492 4237 τες.
545 4172 655 4225 Καὶ
706 4172 810 4226 ποῦ
867 4170 1049 4242 εἶπεν,
1091 4175 1220 4231 Θεοί
1256 4180 1382 4232 ἐστε
1430 4182 1526 4236 καὶ
1572 4183 1641 4238 τὰ
1673 4187 1900 4243 τοιαῦτα
1935 4232 1951 4257 ,

372 4264 535 4329 Τινὲς
564 4266 668 4335 μέν
692 4285 861 4336 φασιν
896 4270 956 4322 ἐν
995 4270 1075 4341 τῷ
1108 4272 1305 4337 είπεῖν,
1345 4276 1698 4347 Ποιήσωμεν
1734 4278 1957 4346 ἄνθρω-

373 4371 496 4409 πον
513 4358 862 4424 κατ’,εικόνα
878 4362 1190 4432 ἡμετέραν,
1218 4365 1319 4421 καὶ
1368 4369 1497 4424 καθ’
1517 4370 1825 4439 ὁμοίωσιν·
1844 4371 1957 4436 ἐγώ

374 4448 436 4501 δὲ
471 4450 844 4521 προσεξεῦρον
870 4493 886 4516 ,
917 4454 1001 4506 ὅτι
1032 4452 1191 4518 θεοὺς
1231 4457 1335 4527 μὲν
1366 4454 1489 4512 εἶπε
1524 4462 1652 4524 τοὺς
1686 4461 1956 4533 ἄρχοντας

378 4540 480 4593 καὶ
508 4540 772 4605 δικαστὰς
806 4543 866 4594 ὲν
899 4546 964 4613 τῇ
1004 4544 1175 4615 βίϐλῳ
1204 4547 1303 4617 τῆς
1338 4548 1575 4616 Ἐξόδου,
1612 4552 1789 4620 λέγων
1819 4556 1957 4626 πρὸς

2052 3361 2262 3416 ctuare,
2282 3357 2343 3403 ut
2364 3350 2583 3419 iniustis
2602 3348 2944 3419 principibus
2957 3359 3120 3420 atque
3137 3347 3344 3419 iniquis
3359 3347 3635 3419 iudicibus

2050 3449 2316 3497 terrorem
2348 3439 2604 3495 incutiat.
2655 3438 2777 3503 Vel,
2803 3439 3251 3496 Commoveantur
3287 3440 3634 3509 fundamenta

2054 3542 2231 3597 terra},
2257 3541 2313 3588 et
2359 3532 2579 3586 illorum
2625 3531 2948 3601 iniquitates
2988 3550 3099 3587 non
3154 3533 3483 3587 sustineant.
3531 3531 3637 3584 Per

2056 3626 2415 3682 fundamenta
2442 3639 2576 3679 vero
2612 3632 2796 3688 terrae,
2827 3624 2975 3679 illius
3007 3623 3440 3692 profunditatem
3475 3623 3638 3675 intel-

2054 3717 2194 3788 ligit.
2230 3716 2373 3771 Sunt
2398 3723 2583 3770 autem
2618 3714 2736 3770 haec
2760 3714 2926 3770 verba
2956 3729 3173 3769 summo
3203 3714 3360 3782 plena
3397 3721 3628 3766 terrore.

2059 3809 2306 3864 Divinam
2373 3809 2520 3863 enim
2580 3805 3014 3878 indignationem
3074 3806 3347 3859 adversus
3417 3803 3633 3870 iniquus

2054 3900 2274 3972 judices
2338 3914 2404 3956 ac
2477 3899 2801 3970 principes,
2872 3898 3166 3952 maximam
3228 3911 3352 3951 esse
3403 3896 3633 3950 demon-

2059 4000 2262 4050 strant.

2129 4082 2295 4139 Vens.
2325 4083 2377 4139 6.
2406 4081 2518 4153 Ego
2544 4081 2658 4136 dixi
2678 4097 2697 4135 :
2734 4082 2820 4136 Dii
2847 4084 2994 4145 estis,
3017 4089 3066 4136 et
3096 4080 3198 4148 ﬁlii
3226 4080 3493 4136 Altissimi
3526 4095 3641 4133 om-

2061 4192 2171 4231 nes.
2206 4175 2406 4230 Verum
2465 4173 2692 4228 ubinam
2721 4173 2776 4226 in
2803 4172 2971 4227 veteri
2997 4173 3277 4241 Scriptura
3303 4172 3405 4226 hoc
3430 4171 3639 4226 dictum

2060 4282 2185 4324 esse
2241 4266 2520 4338 legimus?
2569 4263 2805 4332 Quidam
2863 4263 3058 4318 dicunt
3117 4263 3444 4318 sententiam
3501 4263 3640 4316 hanc

2063 4360 2335 4415 contineri
2370 4360 2425 4413 in
2452 4359 2563 4414 illis
2591 4356 2777 4413 verbis
2822 4372 2850 4411 a
2890 4355 3002 4411 Deo
3035 4355 3263 4426 prolatis
3301 4371 3315 4408 :
3354 4354 3640 4409 Faciamus

2063 4451 2325 4504 hominem
2357 4449 2427 4502 ad
2460 4449 2764 4519 imaginem,
2793 4458 2842 4501 et
2878 4446 3283 4502 similitudinem
3317 4454 3556 4498 nostram
3594 4444 3636 4496 ⁸.

2066 4541 2198 4595 Mihi
2236 4549 2417 4594 autem
2453 4540 2692 4606 videtur,
2727 4542 2870 4609 quod
2897 4539 3138 4607 judices,
3165 4548 3217 4591 et
3243 4535 3523 4606 principes
3546 4535 3636 4587 Dei

376 4629 468 4681 τὸν
516 4629 680 4683 λιτάν’
720 4631 908 4698 890i);-
956 4635 1069 4687 οὐκ
1111 4634 1463 4704 ἀλογήσεις,
1507 4639 1607 4692 καὶ
1657 4642 1950 4710 ἄρχοντας

2065 4632 2322 4704 appellati
2349 4633 2468 4688 sint
2492 4633 2544 4686 in
2571 4632 2710 4686 libro
2733 4630 2930 4695 Exodi,
2964 4630 3225 4700 quoniam
3264 4629 3465 4698 pepulo
3501 4630 3641 4681 Deus

377 4721 486 4775 τοῦ
513 4723 668 4776 ,1αοῦ
697 4737 815 4777 σου
834 4726 945 4778 οὐκ
971 4724 1126 4793 ἐρεῖς
1155 4727 1374 4794 κακῶς.
1405 4729 1572 4795 Θεοὺς
1593 4732 1650 4786 δὲ
1677 4734 1797 4787 ἐκεῖ
1830 4736 1958 4800 τοὺς

378 4815 652 4883 ἄρχοντας
684 4815 932 4887 εἴρηκεν,
967 4816 1044 4881 ὡς
1080 4819 1141 4869 ὲν
1190 4819 1268 4888 τῷ
1304 4820 1387 4889 μδ¹
1415 4820 1616 4893 ψαλμῷ
1648 4824 1961 4895 προεξηγη.

382 4906 599 4975 σάμεθα
637 4924 651 4938 ⁸
694 4910 846 4972 υἱοὺς
920 4910 980 4963 δὲ
1066 4909 1327 4980 Ὑψίστου
1408 4913 1538 4977 τοὺς
1617 4915 1962 4989 Ἰσραηλίτας

2062 4725 2341 4780 mandavit
2375 4725 2566 4780 dicens
2597 4742 2611 4778 :
2644 4724 2758 4778 Diis
2783 4740 2887 4778 non
2907 4723 3211 4787 maledicos,
3235 4731 3293 4776 et
3314 4720 3641 4791 principibus

2060 4820 2244 4890 populi
2284 4820 2362 4873 tui
2387 4837 2493 4874 non
2523 4819 2663 4873 dices
2691 4818 2830 4871 male
2857 4817 2901 4872 '.
2957 4815 3062 4871 Per
3092 4819 3224 4872 deos
3275 4815 3477 4870 etenim
3536 4813 3645 4866 illic

2066 4911 2349 4985 principes
2377 4910 2665 4971 intellexit,
2691 4908 3151 4978 quemadmodum
3175 4910 3228 4961 in
3256 4910 3470 4976 psalmo
3498 4920 3644 4970 χιιι-ς

379 4998 672 5069 ὠνόμασεν
719 5003 777 5056 ὲν
822 5001 902 5073 τῷ
954 5004 1173 5057 εἰπεῖν·
1237 5005 1371 5072 Υἱὸς
1415 5007 1795 5075 πρωτότοκός
1840 5026 1950 5079 μοι

2063 5005 2175 5074 jam
2207 5004 2590 5073 exposuimus.
2622 5002 2725 5056 Per
2770 5003 2911 5057 ﬁlios
2943 5011 3123 5057 autem
3160 4999 3457 5060 ‘Altissimi,
3497 4999 3647 5067 ipsos

384 5093 658 5160 Ἰσραήλ.

473 5275 671 5345 Ὑμεῖς
696 5275 766 5329 δὲ
793 5275 874 5342 ὡς
904 5275 1207 5344 ἅνθρωποι
1250 5277 1692 5347 ἁποθνήσκετε.
1741 5279 1831 5344 Ὠς
1868 5282 1966 5336 ἄν·

2070 5094 2345 5151 lsraelitas
2377 5092 2648 5162 intelligit.
2672 5092 2747 5148 De
2770 5094 2851 5147 eis
2880 5094 3034 5147 enim
3071 5108 3101 5146 a
3135 5090 3246 5145 Deo
3270 5091 3483 5145 dictum
3510 5097 3593 5155 est
3632 5109 3643 5141 :

2072 5186 2251 5242 Filius
2277 5202 2422 5242 meus
2442 5187 2822 5257 primogenitus
2854 5185 3033 5240 Israel
3055 5185 3097 5238 ⁸.

2143 5279 2311 5335 Vens.
2333 5280 2383 5332 7.
2423 5277 2529 5334 Vos
2553 5289 2725 5333 autem
2759 5279 2895 5333 sicut
2918 5277 3157 5331 homines
3187 5273 3511 5328 moriemini.
3560 5269 3649 5323 Si-

391 5371 602 5440 ορωποι
653 5368 862 5432 ἁπλῶς.
900 5369 1096 5424 Καίτοι
1129 5368 1267 5423 Θεοῦ
1297 5370 1469 5425 εἰκόνι
1521 5372 1904 5442 τετιμημένοι,
1932 5374 1950 5425 i

2077 5378 2172 5425 cut
2202 5370 2455 5427 homines
2493 5370 2776 5441 simplices
2809 5387 2822 5423 :
2864 5367 3129 5432 Tametsi,
3167 5365 3370 5433 inquit.
3412 5363 3647 5433 imagine

350 5519 355 5522 ,
393 5457 533 5513 Θεοῦ
565 5458 941 5530 προσηγορίας
965 5458 1322 5526 ἀξιωθέντες,
1356 5460 1449 5514 καὶ
1474 5460 1840 5534 ὑπερέχοντες
1858 5463 1950 5516 τῶι

2077 5461 2171 5519 Dei
2212 5463 2472 5519 honorati
2495 5463 2650 5528 esus,
2680 5470 2736 5519 et
2767 5468 2921 5518 tanto
2956 5461 3147 5518 donati
3179 5458 3419 5524 nomine,
3455 5465 3516 5509 ut
3552 5455 3644 5509 Dei

471 5640 493 5673 ⁸
528 5638 686 5696 Deut.
736 5656 775 5708 ι,
817 5638 905 5692 17.
990 5638 1013 5671 δ
1051 5638 1188 5695 Gen.
1226 5640 1385 5706 1,26.
1470 5640 1492 5672 ⁸
1527 5637 1701 5697 Exod.
1731 5648 1865 5703 ml,
1891 5642 1983 5698 28.

2077 5646 2098 5677 ⁸
2129 5646 2299 5701 Exod.
2343 5660 2417 5712 tv,
2446 5645 2537 5701 τε.

1752 5731 2305 5800 Varitelecliones.

472 5837 584 5899 (99)
620 5835 736 5889 luto
765 5845 896 5889 vero
925 5828 1113 5888 Sardi.
