4082 6230
446 351 554 415 855

1653 356 2033 418 EUTIIYMII
2067 360 2428 421 ZIGABENI

3603 361 3713 424 εδδ

453 467 825 536 appellemini,
865 466 989 518 licet
1021 468 1187 519 etiam
1220 466 1501 535 plerisque
1531 468 1601 521 ob
1643 467 2014 536 principatum

2129 468 2334 521 πολλῶν
2364 472 2420 521 ὲν
2453 471 2527 539 τῷ
2560 471 2831 541 ἀξιώματι
2863 474 2961 542 τῆς
3012 470 3218 541 ἀρχῆς.
3252 471 3606 540 ’Ᾱνθρὼπους
3648 474 3708 523 δὲ

453 561 836 614 honoratiores
860 559 1009 625 sitis,
1042 558 1353 613 moriemini
1382 568 1585 621 tamen,
1623 566 1683 612 ut
1715 558 2020 628 simplices.

456 654 713 707 llomines
739 651 884 707 enim
923 651 1012 705 hic
1043 652 1298 722 vulgares
1328 650 1603 723 quoslibet
1654 650 1904 706 homines
1936 651 2024 705 in-

2122 561 2273 628 λέγει
2304 561 2399 614 νῦν
2439 563 2565 627 ’τοὺς
2596 563 2811 626 κοινοὺς
2836 605 2852 628 ,
2887 564 2984 617 καὶ
3033 566 3171 634 μήτε
3197 562 3336 616 Θεοῦ
3368 564 3533 633 νόμον
3562 564 3709 615 εἰδό-

2122 670 2245 716 τας,
2284 656 2421 724 μήτε
2454 654 2669 708 σύνεσιν
2693 654 2939 724 ἔχοντας,
2978 654 3154 708 ὁποῖοί
3184 656 3291 707 εἱσι
3321 656 3391 707 τὰ
3428 654 3579 724 ἔθνη.
3608 656 3712 709 Διά

454 746 665 813 telligit,
701 743 846 812 quod
900 758 1002 797 nec
1043 744 1285 798 divinam
1348 752 1628 798 noverunt
1675 742 1871 811 legem,
1926 755 2026 797 nec

2129 744 2179 797 δὲ
2220 744 2334 809 τοῦ,
2366 746 2840 815 Ἀποθνήσκετε,
2872 748 2973 817 τὴν
3020 746 3149 817 ἄχρι
3180 746 3418 801 Θανάτου
3450 746 3714 815 τοιαύτην

451 835 797 905 prudentiam
827 835 997 888 ullam
1033 834 1259 898 habent,
1295 834 1609 905 cujusmodi
1640 844 1831 902 gentes
1870 845 2021 889 sunt.

2126 832 2308 904 βιοτὴν
2339 837 2520 890 αὐτῶν
2567 838 2816 909 ᾐνίξατο,
2845 832 2982 904 οἷον,
3008 840 3092 892 ὅτι
3126 838 3256 909 ἄχρι
3296 837 3528 892 θανάτου
3560 837 3713 891 οὕτω

453 928 515 982 Et
542 929 765 982 dicens:
806 926 1132 995 Morientini,
1167 927 1298 981 illud
1325 928 1488 983 etiam
1518 926 1851 996 signiﬁcavit
1874 924 2022 995 quod
2124 925 2391 995 βιοῦνται.

452 1019 767 1087 hujusmodi
836 1018 1051 1072 vivendi
1108 1033 1357 1072 normam
1418 1033 1595 1089 usque
1654 1018 1721 1073 ad
1780 1024 2011 1072 mortem
2055 1015 2251 1084 ipsam.
2283 1030 2547 1089 perpetuo
2581 1022 3023 1080 retinebunt.Ac
3049 1024 3094 1079 si
3120 1022 3378 1079 diceret:
3441 1019 3554 1077 Hoc
3617 1038 3690 1091 pa

448 1124 536 1169 eto
566 1113 779 1175 vivetis,
812 1129 985 1185 usque
1006 1114 1072 1167 ad
1104 1124 1352 1170 mortem.

521 1206 587 1260 Et
618 1208 773 1277 quasi
799 1223 932 1262 unus
962 1222 1027 1261 ea:
1061 1206 1441 1275 principalibus
1464 1207 1688 1263 cadetis.
1722 1208 1870 1263 Idem
1894 1220 2022 1261 rur-

449 1317 543 1355 sus
574 1301 790 1369 repetit.
850 1299 955 1355 Per
985 1301 1262 1370 principes
1321 1310 1501 1356 autem
1565 1301 1808 1371 gentium
1852 1299 2023 1354 duces

451 1393 726 1464 intelligit.
756 1392 818 1448 Et
837 1393 1075 1457 Cadetis,
1099 1392 1257 1457 dixit,
1286 1408 1384 1460 pro
1415 1391 1745 1448 Moriemini.
1781 1391 2016 1457 Quidam

453 1499 581 1537 vero
612 1499 709 1551 per
743 1498 914 1537 unum
942 1499 1007 1537 ex
1057 1483 1425 1553 principibus,
1485 1482 1660 1551 ipsum
1716 1483 2022 1536 daemonem

451 1576 785 1645 intelligunt,
825 1574 992 1629 veluti
1025 1575 1254 1644 angelici
1283 1576 1410 1629 olim
1441 1573 1652 1629 ordinis
1679 1573 1980 1643 principem
2008 1589 2025 1635 ;

450 1664 605 1727 juxta
638 1679 800 1732 quem
830 1678 1077 1726 sensum,
1110 1661 1349 1724 Cadetis,
1391 1676 1627 1732 expone,
1663 1675 1763 1730 pro
1801 1658 2027 1711 Decide-

456 1756 546 1819 tis,
582 1770 610 1807 a
646 1754 914 1823 dignitate
946 1753 1206 1808 nimirum
1248 1754 1504 1822 pristina,
1556 1761 1722 1821 atque
1762 1752 1865 1804 hoc
1896 1764 2028 1819 proo

2202 1207 2311 1262 Kal
2342 1209 2422 1275 ὡς
2467 1205 2554 1275 εἷς
2610 1207 2729 1262 τῶν
2760 1209 3070 1278 ἀρχόντων
3120 1208 3390 1262 πίπτετε.
3452 1206 3525 1261 Τὸ
3575 1209 3718 1261 αὐτὸ

2135 1301 2297 1355 πάλιν
2354 1302 2555 1370 φησιν·
2602 1300 2884 1371 ἀρχόντων
2922 1304 3030 1370 γὰρ
3081 1299 3191 1352 τῶν
3244 1298 3479 1353 ἐθνικῶν
3533 1299 3717 1365 λέγει.

2132 1394 2241 1445 Καὶ
2272 1393 2545 1455 Πίπτετε,
2586 1391 2707 1444 ἀντὶ
2735 1390 2851 1450 τοῦ.
2881 1390 3309 1459 Ἀποθνήσκετε.
3338 1389 3498 1452 Τινὲς
3524 1388 3584 1442 δὲ
3613 1391 3720 1445 ἕνα

2130 1484 2238 1538 τῶν
2270 1484 2549 1554 ἀρχόντων
2579 1483 2671 1536 τὸν
2699 1481 2950 1539 διάϐολον
2997 1481 3271 1549 λέγουσιν,
3306 1481 3546 1550 ἄρχοντά
3580 1496 3721 1533 ποτε

2127 1578 2220 1630 καὶ
2254 1577 2418 1633 αὐτὸν
2468 1576 2563 1629 τοῦ
2615 1574 2910 1644 ἀγγελικοῦ
2960 1575 3262 1644 τάγματος.
3298 1572 3568 1627 Ἐνταῦθα
3625 1574 3718 1637 τὸ,

2125 1671 2402 1732 Πίπτετε,
2430 1671 2553 1724 ἀντὶ
2583 1670 2702 1735 τοῦ,
2747 1669 3119 1721 Ἀποπῐπτετε
3154 1667 3248 1719 τοῦ
3274 1666 3592 1736 ἀξιώματος
3622 1665 3720 1718 διὰ

2126 1764 2225 1834 τὴν
2253 1766 2466 1835 οῐησιν·
2510 1766 2764 1826 κάκεῖνος
2814 1762 2923 1832 γὰρ
2962 1763 3038 1831 μὴ
3078 1760 3425 1831 χρησάμενος
3456 1759 3536 1823 εἰς
3586 1758 3715 1816 δέον

454 1858 573 1917 pter
615 1846 1085 1902 existimationem
1115 1862 1181 1901 ac
1218 1846 1535 1916 superbiam
1570 1855 1831 1900 vestram.
1888 1844 2023 1899 Nam

2129 1860 2194 1929 τῇ
2233 1859 2376 1929 ἀρχῇ
2409 1855 2635 1923 ἐξέπεσε
2669 1859 2769 1927 τῇς
2802 1855 2955 1921 θείας
2985 1855 3176 1929 τιμῆς.

451 1916 503 1993 et
530 1940 743 1994 daemon
775 1953 877 1993 suo
904 1939 1214 2009 principatu
1243 1937 1384 1994 male
1416 1952 1571 2003 usus,
1604 1938 1672 1992 ab
1706 1937 1910 1993 honore
1931 1936 2026 1995 illo
2064 1916 2101 1971 Β

452 2033 657 2088 decidit
683 2030 894 2086 divino.

422 2146 423 2151 η
525 2127 694 2184 Vens.
728 2126 780 2182 8.
821 2120 1087 2193 Exsurge,
1125 2123 1285 2189 Deus,
1317 2122 1509 2193 judice
1566 2134 1786 2177 terram.
1810 2120 1926 2177 Hoc
1957 2121 2026 2176 de

453 2218 663 2277 Christi
705 2216 1113 2276 resurrectione
1140 2214 1353 2282 absque
1410 2210 1522 2266 ulla
1582 2212 2027 2268 contradictione

453 2317 656 2371 dictum
689 2322 799 2370 est.
828 2312 996 2382 Optat
1035 2309 1183 2365 enim
1227 2306 1522 2377 Propheta,
1555 2314 1611 2363 et
1632 2307 1929 2377 supplicat,
1966 2314 2026 2360 ut

457 2412 711 2476 resurgat
736 2404 1015 2466 Christus,
1039 2411 1094 2457 et
1115 2401 1329 2471 judicet
1362 2410 1585 2465 terram,
1618 2415 1718 2469 per
1744 2397 2027 2469 apostolos

453 2501 739 2563 nimirum,
765 2512 906 2568 quos
937 2496 1216 2568 principes
1251 2493 1400 2549 misit
1450 2507 1618 2561 super
1644 2506 1865 2548 omnem
1916 2502 2029 2548 ter-2

452 2609 591 2650 ram.

524 2682 789 2751 Quoniam
814 2693 869 2736 tu
898 2681 1239 2738 hwreditabis
1270 2681 1329 2735 in
1350 2679 1592 2734 omnibus
1621 2678 1885 2749 gentibus.
1916 2676 2022 2743 Tu,

452 2778 652 2847 inquit,
687 2775 1067 2833 haereditatem
1104 2772 1472 2843 consequeris
1502 2772 1558 2827 in
1596 2771 1862 2829 omnibus
1894 2786 2026 2842 gen-

459 2871 627 2927 tibus.
689 2868 996 2924 Hzereditas
1035 2876 1220 2923 autem
1273 2866 1504 2934 Christi,
1540 2880 1733 2921 omnes
1774 2872 1902 2919 sunt
1929 2864 2024 2935 qui

451 2964 682 3022 credunt
712 2963 767 3018 in
796 2977 945 3019 eunt.

800 3053 1079 3111 Canticum
1109 3054 1302 3123 psalmi
1327 3054 1430 3121 ipsi
1460 3052 1665 3122 Asaplt.

928 3145 1252 3204 PSALMUS
1292 3145 1554 3201 LXXXII.

2213 2133 2498 2196 Ἀνάστα,
2530 2133 2563 2185 ό
2595 2128 2761 2194 Θεὸς,
2794 2126 3005 2196 κρῖνον
3034 2125 3153 2191 τὴν
3196 2123 3336 2194 γῆν.
3367 2121 3541 2177 Τοῦτο
3584 2123 3717 2191 περὶ

2127 2226 2229 2296 τῆς
2254 2227 2319 2279 ὲκ
2349 2223 2561 2295 νεκρῶν
2596 2223 2947 2284 ἀναστάσεως
2991 2218 3084 2273 τοῦ
3116 2215 3354 2289 Χριστοῦ
3378 2213 3719 2285 ἀναντιρῤής

2128 2339 2258 2382 τως.
2309 2317 2566 2373 Ἰκετεύει
2608 2318 2719 2389 γὰρ
2749 2317 2777 2370 ὁ
2822 2313 3123 2385 Προφήτης
3159 2312 3254 2365 τὸν
3287 2308 3527 2380 Χριστὸν
3574 2308 3714 2362 ἀνα-

2132 2414 2349 2482 στῆναι,
2385 2413 2477 2467 καὶ
2503 2414 2689 2483 κρῖναι
2726 2410 2826 2480 τὴν
2856 2409 2962 2479 γῆν
2990 2407 3080 2462 διὰ
3108 2405 3217 2460 τῶν
3246 2403 3586 2467 ἀποστόλων,
3618 2399 3717 2462 οὓς

2129 2506 2468 2575 κατέστησεν
2496 2504 2768 2576 ἄρχοντας
2798 2502 2893 2557 ἐπὶ
2948 2503 3132 2556 πᾶσαν
3170 2500 3270 2570 τὴν
3303 2500 3430 2569 γῆν.

2200 2687 2331 2739 Ὅτι
2356 2685 2438 2739 σὺ
2460 2681 3100 2751 κατακληρονομήσεις
3122 2680 3192 2733 ἐν
3211 2677 3362 2735 πᾶσι
3388 2676 3515 2742 τοῖς
3538 2675 3712 2730 ἔθνε-

2128 2800 2211 2838 σι.
2242 2782 2351 2835 Καὶ
2380 2781 2510 2853 γὰρ,
2543 2781 2699 2850 φησὶ,
2760 2780 2825 2834 σὺ
2880 2778 3250 2849 κληρονομίαν
3298 2777 3441 2842 ἕξεις
3485 2777 3544 2829 ὲν
3572 2775 3712 2828 nan

2127 2875 2241 2935 τοῖς
2264 2872 2461 2927 ἔθνεσι.
2491 2870 2842 2942 κληρονομία
2866 2870 2921 2923 δὲ
2952 2868 3193 2941 Χριστοῦ
3238 2870 3287 2922 oi
3314 2864 3714 2927 πιστεύσαντες

2128 2969 2210 3030 εἰς
2242 2966 2425 3020 αὐτόν.

2537 3056 2674 3129 ᾨδὴ
2713 3054 2961 3125 ψαλμοῦ
2994 3054 3074 3119 τῷ
3104 3054 3321 3119 Ἀσάφ,

2691 3150 2987 3205 ΨΑΛΜΟΣ
3020 3148 3146 3202 ΠΒ’.

524 3243 664 3311 Quid
708 3244 782 3299 sit
809 3241 1089 3297 Canticum
1135 3239 1351 3307 psalmi,
1386 3239 1623 3294 diximus
1672 3238 1725 3293 in
1758 3241 2026 3308 prommio

2203 3246 2268 3299 Τί
2300 3249 2449 3300 ἐστιν
2480 3244 2622 3315 ’ῼδὴ
2640 3242 2910 3313 ψαλμοῦ,
2945 3245 3363 3313 προειρήκαμεν
3386 3240 3445 3292 ὲν
3468 3239 3547 3307 τῷ
3574 3254 3707 3306 προ-

451 3336 659 3406 operis.
719 3331 1077 3403 Compositus
1141 3339 1227 3383 est
1268 3336 1453 3383 autem
1515 3329 1604 3384 hic
1659 3330 1904 3399 psalmus
1958 3344 2021 3385 ex

451 3442 645 3484 eorum
683 3440 919 3495 persona
946 3423 1041 3489 qui
1076 3438 1107 3478 e
1140 3422 1435 3493 Babylonia
1473 3421 1790 3492 captivitate
1822 3423 2026 3479 reversi

452 3528 604 3575 sunt.
632 3519 766 3573 Nam
799 3533 924 3572 cum
968 3514 1282 3571 Iudaeorum
1324 3514 1544 3569 ﬁnitimi
1582 3515 1850 3569 vidissent
1904 3524 2029 3583 post

452 3611 772 3679 huiusmodi
806 3609 1050 3664 reditum
1082 3605 1409 3661 reardillcari
1436 3605 1725 3676 templum,
1754 3612 1809 3661 et
1834 3605 2026 3660 civita-

452 3714 560 3760 tem
588 3703 827 3763 restitui,
857 3706 1241 3755 convenerunt
1287 3698 1341 3752 in
1378 3710 1570 3760 unum,
1622 3706 1677 3753 et
1722 3696 2028 3754 barbaricis

451 3796 709 3864 gentibus
754 3792 1020 3853 collectis,
1056 3791 1323 3859 impetum
1379 3789 1629 3844 fecerunt
1676 3788 1731 3843 in
1782 3786 2024 3854 Judaaos,

450 3887 668 3944 tametsi
696 3887 765 3939 ab
798 3885 881 3941 eis
913 3884 1068 3949 victi,
1096 3894 1151 3937 et
1193 3883 1440 3951 superati
1475 3880 1705 3941 fuerint,
1757 3881 1897 3942 duce
1925 3879 2025 3935 Ju-

448 3974 1044 4034 daeorumZorohahel.
1083 3971 1478 4041 Huiuscemodi
1528 3972 1694 4042 igitur
1743 3970 2025 4027 materiam

452 4075 752 4139 pertractat
793 4065 881 4119 hie
931 4062 1198 4133 psalmus,
1234 4061 1289 4115 in
1325 4060 1594 4115 orationis
1642 4060 1881 4129 speciem
1913 4061 2027 4113 t'or-

451 4169 654 4216 matus.

520 4253 686 4308 Vnus.
719 4252 776 4307 2.
816 4250 1056 4313 Domine,
1088 4248 1204 4318 quis
1240 4246 1429 4301 similis
1457 4247 1557 4301 erit
1602 4243 1736 4299 tibi?
1768 4243 1887 4297 Non
1939 4246 2026 4298 iu-

454 4344 785 4412 terrogantis
822 4346 917 4397 sed
941 4340 1218 4394 laudantis
1243 4348 1327 4391 est
1348 4352 1553 4400 sermo,
1588 4346 1642 4393 et
1667 4336 1938 4399 divinam,
1966 4346 2028 4389 ut

453 4437 524 4491 ita
565 4436 767 4497 diram,
803 4430 1389 4500 incomparabilitatem
1432 4428 1780 4485 admirantis.
1849 4428 2027 4485 Dietio

449 4528 619 4590 enim,
653 4523 806 4590 Quis,
836 4523 941 4576 hoc
974 4522 1029 4573 in
1056 4520 1178 4573 loco
1200 4534 1309 4573 non
1349 4517 1656 4580 raritatem,
1690 4520 1787 4573 sed
1817 4520 2025 4589 impos-

2131 3337 2298 3408 οιμίῳ
2324 3339 2423 3405 τῆς
2459 3336 2668 3405 βίϐλου.
2700 3334 3008 3404 Πεποίηται
3036 3334 3091 3387 δὲ
3119 3335 3147 3386 ὁ
3175 3332 3392 3400 ψαλμδς
3423 3333 3504 3393 εἰς
3537 3330 3715 3398 πρέσ-

2132 3447 2282 3485 ωπον
2315 3428 2424 3482 τῶν
2466 3427 2878 3481 ἐπανελθόντων
2924 3428 2990 3479 ὲκ
3023 3425 3366 3486 Βαϐυλῶνος.
3401 3423 3557 3477 Μετά
3603 3422 3716 3491 γὰρ

2130 3524 2230 3593 τὴν
2260 3522 2471 3575 ἐκεῖθεν
2499 3520 2760 3576 ἐπάνοδον
2788 3520 2888 3590 τὴν
2919 3519 3212 3589 νεουργίαν
3243 3516 3337 3570 τοῦ
3372 3515 3519 3569 θείου
3555 3514 3713 3577 ναοῦ,

2132 3616 2227 3668 καὶ
2255 3615 2355 3684 τὴν
2384 3614 2482 3682 τῆς
2510 3612 2715 3676 πόλεως
2749 3610 3199 3666 ἀποκατάστασιν
3228 3610 3279 3662 οἱ
3310 3608 3554 3676 γείτονες
3584 3608 3715 3659 θεα-

2132 3711 2380 3779 σάμενοι,
2419 3708 2563 3763 κατὰ
2601 3707 2798 3763 ταύτὸν
2834 3706 3275 3777 συνεγείρονται,
3305 3704 3404 3757 καὶ
3458 3702 3715 3772 ϐάρϐαρα.

2132 3800 2589 3870 συναθροίσαντες
2616 3800 2768 3865 ἔθνη,
2800 3801 2915 3861 τοῖς
2958 3796 3237 3859 Ἰουδαίοις
3288 3794 3547 3848 ἐπέθεντο
3569 3808 3585 3823 °
3612 3811 3714 3847 κα-

2130 3890 2591 3961 τεπολεμήθησαν
2622 3891 2703 3957 δὲ,
2738 3890 2834 3943 τοῦ
2884 3887 3195 3958 Ζοροϐάϐελ
3241 3884 3710 3958 στρατηγοῦντος.

2132 3983 2270 4052 Περὶ
2293 3980 2502 4035 τούτων
2523 3977 2617 4035 οῦν
2639 3983 2666 4034 ὁ
2684 3979 2897 4049 ψαλμὺς
2925 3977 3289 4042 συντέθειται,
3311 3973 3714 4046 σχηματισθεὶς

2130 4075 2212 4137 εις
2234 4075 2425 4145 εὐχήν.

2211 4259 2275 4312 '0
2311 4257 2477 4323 Θεὸς,
2506 4257 2596 4322 τις
2628 4253 3064 4324 ὁμοιωθήσεταὶ
3089 4268 3224 4316 σου
3254 4252 3367 4305 Οὐκ
3393 4252 3713 4323 ἐρωτῶντος

2132 4353 2160 4403 ὁ
2184 4351 2363 4418 λόγος,
2396 4348 2512 4403 ἀλλ’
2542 4346 2921 4411 ὲκθειάζοντος
2964 4344 3027 4397 τὸ
3066 4343 3421 4415 ἀσύγκριτον.
3462 4343 3537 4395 Τὸ
3572 4343 3708 4413 γὰρ.

2136 4444 2252 4508 Τις,
2296 4442 2359 4494 οὐ
2404 4442 2466 4495 τὸ
2513 4440 2761 4503 σπάνιον,
2797 4436 2937 4491 ἀλλὰ
2981 4436 3044 4491 τὸ
3090 4435 3427 4505 ἀσύγκριτον
3473 4434 3712 4488 ἐνταῦθα

2131 4535 2299 4603 δηλοῖ,
2332 4533 2427 4587 καλ
2448 4531 2594 4585 ἐστιν
2621 4530 2742 4584 ἀντὶ
2769 4528 2883 4595 τοῦ,
2915 4526 3126 4592 Οὐδεὶς,
3152 4525 3219 4579 δι’
3244 4520 3306 4581 οὗ
3337 4526 3620 4595 εἰσάγεται
3650 4525 3713 4579 το

452 4618 772 4675 sibilitatem
807 4612 1117 4683 signiﬁcat;
1164 4626 1228 4665 ac
1258 4611 1304 4665 si
1357 4611 1570 4666 diceret
1618 4630 1630 4664 :
1669 4610 1866 4668 Nullus
1928 4614 2023 4667 tibi

2134 4624 2462 4696 ἁπειροδύνα
2471 4640 2591 4694 μον.

450 4709 651 4765 similis
684 4706 908 4775 reperiri
947 4714 1144 4774 potest,
1176 4718 1241 4757 ex
1276 4716 1383 4771 quo
1412 4700 1612 4757 divina
1666 4703 2025 4758 constituitur

451 4800 670 4854 virtutis
704 4798 1067 4851 immensitas.

516 4890 596 4947 Ne
630 4890 813 4956 sileas,
841 4902 1002 4957 neque
1052 4887 1316 4949 mitescas,
1357 4883 1514 4941 Deus.
1565 4881 1683 4937 Noli
1731 4883 1869 4939 adeo
1896 4899 2021 4941 esse

447 4982 803 5053 longanimis,
826 4978 1174 5047 autpatiens.
1206 4976 1283 5031 ιω
1313 4977 1455 5029 enim
1485 4974 1669 5030 caeteri
1696 4976 2023 5046 interpretes

445 5072 756 5130 reddidere.
791 5069 974 5137 Quare
999 5079 1181 5123 autem
1210 5068 1290 5121 sic
1315 5068 1463 5121 dicat
1489 5066 1617 5121 audi
1652 5084 1665 5121 :

520 5164 688 5219 Vens.
726 5164 780 5218 5.
810 5162 1077 5229 Quoniam
1116 5176 1232 5214 ecce
1260 5160 1459 5213 inimici
1486 5160 1563 5213 tui
1594 5170 1913 5224 sonuerunt,
1970 5169 2021 5213 et

444 5259 535 5327 qui
593 5256 816 5311 oderunt
869 5264 940 5319 te,
975 5255 1284 5309 extulerunt
1327 5262 1507 5321 caput.
1543 5283 1613 5293 —
1644 5250 1862 5307 Inimici
1922 5254 2021 5315 tui,

442 5350 537 5417 qui
569 5358 724 5405 tuum
765 5348 1023 5419 populum
1057 5356 1396 5418 oppugnant,
1450 5347 1535 5401 vel
1580 5347 1674 5415 qui
1714 5352 1938 5415 propter
1973 5356 2025 5400 te

442 5442 607 5499 nobis
643 5442 841 5497 infensi
894 5449 1063 5507 sunt;
1121 5439 1428 5495 Sonuerunt
1481 5446 1687 5501 autem,
1742 5438 1848 5491 hoc
1912 5447 2020 5501 est,

442 5534 751 5588 inauditum
812 5534 1017 5589 dedere
1067 5533 1384 5596 clamorem,
1448 5531 1914 5602 quemadmodum
1967 5532 2020 5586 in

442 5626 784 5681 exercitibus
818 5627 932 5680 tieri
971 5626 1132 5685 solet.
1166 5625 1390 5695 quando
1419 5639 1616 5693 magna
1669 5624 1825 5680 adest
1882 5622 2021 5677 mili-

445 5726 560 5771 tum
589 5716 901 5771 multitudo.
939 5717 1029 5771 νει
1054 5718 1211 5773 aliter
1252 5736 1264 5772 :
1304 5718 1463 5787 liqui
1499 5718 1631 5771 olim
1665 5733 1793 5772 suas
1833 5716 1885 5769 in
1914 5732 2017 5772 nos

444 5804 763 5867 inimicitias
829 5821 1062 5863 susurro
1140 5823 1277 5878 pene
1340 5818 1547 5863 tantum
1617 5807 2018 5879 significabant,

2206 4888 2301 4957 Μὴ
2334 4886 2604 4957 σιγήσῃς
2664 4883 2820 4953 μηδὲ
2858 4881 3309 4948 καταπραΰνῃς,
3337 4883 3371 4934 d
3412 4881 3579 4945 Θεός.
3623 4879 3710 4955 Μὴ

2132 4980 2588 5053 μακροθυμήσης,
2648 4975 2770 5046 μηδ’
2809 4974 3240 5045 ἀνεξικακήσῃς.
3296 4972 3456 5027 Οὕτω
3501 4974 3611 5043 γὰρ
3657 4974 3709 5026 o!

2127 5074 2277 5130 ἄλλοι
2308 5073 2567 5143 ἑρμηνεῖς
2592 5068 2924 5121 ὲκδεδώκασι
2943 5080 2960 5097 ⁸
2987 5067 3133 5129 τινος
3156 5066 3213 5119 δὲ
3235 5067 3421 5118 ἕνεκεν
3449 5065 3705 5119 ἄκουσον.

2201 5166 2329 5217 Ὅτι
2352 5161 2485 5215 ιδοὺ
2509 5163 2564 5214 ol
2588 5159 2790 5228 ἐχθροί
2814 5173 2933 5213 σου
2961 5156 3228 5227 ἤχησαν,
3252 5156 3347 5209 καὶ
3375 5157 3428 5207 ol
3448 5154 3709 5222 μισοῦν-

2127 5256 2223 5321 τές
2256 5270 2331 5306 σε
2360 5249 2514 5322 ἦραν
2545 5248 3077 5320 κεφαλιὶν.Ἐχθροί
3109 5266 3231 5312 σου,
3262 5247 3338 5309 ὡς
3367 5245 3446 5317 τῷ
3488 5245 3569 5315 σῷ
3592 5245 3709 5315 λαῷ

2134 5344 2519 5414 πολεμοῦντες,
2546 5342 2601 5412 ἢ,
2630 5343 2705 5405 ὡς
2734 5342 2825 5396 διὰ
2854 5341 2911 5393 σὲ
2942 5343 3077 5410 ἡμῖν
3104 5337 3491 5410 πολεμοῦντες.
3524 5340 3708 5406 "111n-

2134 5452 2255 5491 σαν
2283 5435 2363 5500 δὲ,
2404 5434 2528 5488 ἀντὶ
2575 5433 2692 5489 τοῦ.
2731 5431 2908 5503 Θροῦν
2941 5431 3158 5500 ἄσημον
3218 5430 3581 5495 ἀπετέλεσαν,
3627 5431 3708 5493 ὼς

2132 5530 2322 5586 εἴωθεν
2370 5530 2478 5583 ὑπὸ
2513 5528 2920 5599 πολυπληθείας
2954 5528 3013 5579 ἐν
3043 5528 3155 5589 τοῖς
3199 5528 3585 5595 στρατοπέδοις
3620 5526 3709 5594 γί-

2130 5624 2340 5679 νεσθαι.
2375 5625 2445 5677 Ἥ
2471 5624 2566 5677 καὶ
2605 5622 2780 5684 ἄλλως
2800 5638 2813 5652 ’
2841 5622 2905 5674 Oi
2930 5621 3061 5689 πρὶν
3089 5616 3577 5688 ὑποψιθυρίζοντες
3606 5619 3707 5686 τὴν

2130 5715 2251 5771 καθ’
2281 5716 2440 5787 ἡμῶν
2466 5715 2667 5785 ἔχθραν
2690 5714 2785 5768 νῦν
2814 5716 2891 5776 εἰς
2910 5712 3236 5778 ἐξάκουστον
3281 5709 3488 5780 ταύτην
3537 5710 3705 5779 ἠνεγ-

2133 5826 2234 5864 καν
2262 5808 2692 5879 ,θρασυνόμενοὶ
2742 5824 2823 5874 τε,
2874 5808 2968 5861 καὶ
3016 5798 3708 5874 ἀλαζονευόμενοι.⁹Ηραν
