4084 6210
387 334 492 395 εἰη

1548 339 1940 400 COMMENT.
1988 340 2070 400 ΙΝ
2110 343 2242 402 PSA
2253 342 2479 400 LMOS.

3544 344 3654 409 85%

381 445 440 498 δὲ
470 442 772 517 κεφαλὴν,
808 444 928 498 ἀντὶ
968 445 1086 514 τοῦ,
1133 447 1508 520 Ἐπήρθησαν,
1551 452 1960 526 ἀνεθάρρησαν,

2070 462 2258 522 aperto
2283 468 2430 508 nunc
2458 461 2654 518 marte,
2696 468 2761 510 ac
2798 454 2976 523 palam
3027 456 3257 514 hostiles
3309 457 3526 513 animos
3574 459 3656 513 ia-

383 536 762 606 θαρὁσαντες
796 541 911 600 τοῖς
951 539 1280 611 συμμάχοις.

2074 554 2279 611 tentur,
2315 554 2370 600 et
2401 553 2607 601 temere
2627 546 2811 602 omnia
2845 547 2900 604 in
2931 563 3030 604 nos
3055 559 3300 621 agentes,
3330 550 3656 619 gloriantur.

385 633 911 691 Extuleruntautem
943 646 1130 705 caput,
1158 637 1263 692 hoc
1291 648 1395 706 est,
1427 639 1646 696 animos
1675 648 1961 712 ceperunt,
2001 651 2057 698 et
2076 644 2265 700 multis
2286 656 2474 700 secum
2504 641 2782 713 adiunctis
2843 644 3274 714 coadjutoribus,
3333 645 3655 702 audaciores

381 727 561 783 eliecli
604 736 755 783 sunt.

451 849 584 903 Ἐπὶ
610 849 717 902 τὸν
732 850 884 905 λαόν
899 866 1017 906 σου
1041 859 1722 927 κατεπανουργεύσαντο
1736 859 1960 930 γνώμῃ.

383 943 458 996 Τὸ
484 943 726 1014 Γνώμη,
752 943 874 997 ἀντὶ
897 943 990 998 τοῦ
1022 946 1137 1018 Μιᾷ
1162 946 1359 1021 γνώμῃ
1385 947 1715 1018 συμφώνως.
1740 949 1875 1002 Τινὰ
1905 948 1960 1002 δὲ

381 1035 491 1087 τῶν
524 1036 879 1105 ἀντιγράφων
943 1039 1085 1107 μετὰ
1123 1037 1218 1091 τοῦ
1257 1039 1320 1092 νῦ
1355 1039 1584 1109 γνώμην
1613 1041 1923 1111 γράφουσιν
1945 1055 1959 1069 ο

382 1126 520 1195 ὅπερ
546 1125 714 1196 δηλοῖ,
738 1127 819 1179 ὅτι
845 1126 1364 1198 ὲπανουργεύσαντο
1394 1129 1582 1200 κοινὴν
1608 1129 1857 1200 γνώμην.
1884 1131 1962 1198 (l)

397 1218 462 1272 Ἦ
510 1219 566 1272 δὲ
622 1221 784 1273 Κατὰ
839 1220 1096 1291 πρόθεσις
1169 1221 1422 1275 ἐπίτασιν
1477 1223 1578 1292 τῆς
1621 1222 1964 1290 πανουργίας

383 1313 664 1381 ἐμφαίνει.
701 1312 912 1376 Ἀλλως
938 1330 952 1344 °
981 1315 1044 1368 τὸ
1079 1315 1182 1382 τῆς
1206 1315 1433 1384 γνώμης
1481 1316 1656 1384 ὄνομα
1698 1315 1828 1367 ποτὲ
1862 1314 1962 1384 μὲν

385 1404 535 1472 δηλοῖ
557 1403 654 1473 τὴν
701 1404 1023 1474 παραίνεσιν
1045 1405 1120 1468 ὡς
1149 1403 1522 1468 ὀἈπόστολος
1541 1424 1558 1438 ο
1589 1405 1725 1471 Περὶ
1753 1403 1821 1458 δὲ
1847 1405 1968 1458 τῶν

383 1495 698 1563 παρθένων
763 1495 1058 1564 ἐπιταγὴν
1110 1499 1332 1563 Κυρίου
1380 1499 1494 1550 οὐκ
1534 1497 1676 1566 ἔχω,
1708 1496 1784 1566 (2)
1816 1495 1968 1566 γνώ-

379 1605 504 1655 μην
529 1586 598 1640 δὲ
630 1586 835 1657 δίδωμι
858 1607 870 1618 ·
916 1589 1050 1642 ποτὲ
1080 1587 1138 1642 δὲ
1196 1589 1299 1660 τὴν
1326 1588 1545 1659 βουλὴν,
1578 1590 1654 1652 ὡς
1685 1590 1782 1643 καὶ
1808 1589 1902 1642 νῦν
1936 1590 1966 1643 ὁ

383 1677 550 1730 Δτϐξδ
574 1693 586 1706 ·
618 1677 750 1732 Ἐπὶ
786 1678 894 1730 τὸν
921 1679 1076 1732 λαόν
1115 1695 1232 1733 σου
1277 1681 1964 1748 κατεπανουργεύσαντο

2142 859 2309 913 Vens.
2339 857 2393 912 ι.
2429 855 2600 925 Super
2624 855 2876 924 populum
2899 864 3048 907 tuum
3077 853 3496 923 malignaverunt
3527 869 3654 906 eon-

2071 951 2215 1006 silio.
2249 949 2516 1012 Consilio,
2554 950 2659 1003 hoc
2678 959 2784 1012 est,
2818 947 3079 1002 concordi
3118 962 3182 1002 ac
3208 947 3489 1000 communi
3533 960 3653 999 om-

2073 1043 2227 1098 nium
2261 1041 2554 1097 sententia.
2595 1038 2857 1106 Quaedam
2885 1038 3224 1108 exemplaria
3258 1037 3482 1100 habent,
3511 1035 3653 1092 Con-

2075 1136 2279 1198 silium,
2314 1135 2368 1188 in
2405 1146 2610 1204 quarto
2635 1147 2791 1195 casu,
2817 1141 2870 1186 et
2892 1141 3026 1186 tunc
3049 1146 3243 1186 sensus
3274 1145 3397 1185 esse
3421 1130 3655 1191 videtur,

2076 1225 2220 1293 quod
2282 1237 2578 1277 commune
2632 1223 2926 1277 consilium
2994 1221 3238 1292 maligno
3285 1236 3349 1276 ac
3396 1235 3658 1290 perverso

2074 1315 2257 1370 animo
2286 1313 2548 1368 inierunt.
2591 1313 2888 1369 Sciendum
2938 1325 3027 1368 est
3069 1322 3247 1368 autem
3285 1315 3432 1383 quod
3466 1312 3656 1368 Graeca

2076 1406 2272 1471 dictio,
2304 1405 2526 1476 γνώμη,
2568 1421 2688 1474 qua:
2741 1405 2828 1459 hic
2858 1404 2912 1458 in
2940 1404 3133 1459 Graeco
3167 1405 3427 1467 habetur,
3479 1416 3533 1460 et
3559 1419 3660 1472 pro

2077 1515 2184 1568 qua
2213 1498 2486 1566 interpres
2519 1497 2802 1550 consilium
2843 1494 3108 1554 reddidit.
3135 1496 3436 1566 aliquando
3472 1496 3660 1549 admo-

2075 1591 2338 1646 nitionem
2375 1590 2666 1660 signiﬁcat.
2697 1590 2851 1659 juxta
2872 1591 3000 1644 illu-l
3026 1590 3271 1660 Apostoli
3296 1607 3308 1642 :
3336 1589 3409 1642 De
3438 1587 3660 1657 virgini-

2076 1684 2170 1738 bus
2203 1693 2377 1736 nutent
2408 1693 2727 1750 pra'ceptum
2760 1682 2998 1740 Domini,
3026 1699 3125 1736 non
3163 1681 3351 1741 habeo,
3381 1679 3660 1732 consilium

381 1770 645 1840 γνώμην,
681 1771 982 1834 τουτέστιν,
1018 1771 1344 1842 πανούργως
1369 1773 1708 1844 ἐμελέτησαν
1741 1773 1965 1842 βουλήν·

2076 1787 2249 1830 autem
2283 1777 2348 1829 do
2375 1774 2416 1828 '.
2452 1774 2783 1843 Aliquando,
2819 1773 3145 1837 consilium,
3184 1781 3243 1826 ut
3270 1771 3453 1826 hocin
3484 1770 3605 1823 loco
3642 1784 3658 1820 :

386 1862 521 1915 ποτὲ
567 1863 623 1916 δὲ
650 1862 749 1932 τὴν
772 1861 979 1932 ψῆφον,
1012 1863 1090 1926 ὡς
1115 1864 1177 1917 τὺ
1218 1865 1310 1918 τοῦ
1350 1865 1552 1935 Δανιὴλ
1579 1879 1594 1896 ⁸
1624 1865 1761 1933 Περὶ
1805 1865 1965 1930 τίνος

2072 1871 2245 1940 Super
2281 1871 2534 1939 populum
2565 1878 2713 1922 tuum
2742 1863 3505 1938 malignaveruntconsilium.
3546 1861 3664 1916 Ali-

377 1955 640 2024 ἐξῆλθεν
679 1954 718 2022 ’ἡ
750 1955 953 2025 γνώμη
985 1957 1022 2025 ἠ
1049 1955 1344 2023 dracone;
1384 1955 1738 2024 Ααμσάνεται
1763 1957 1820 2010 δὲ
1873 1958 1965 2010 καὶ

2070 1962 2293 2030 quando
2317 1970 2498 2016 autem
2529 1962 2884 2025 sententiam,
2914 1969 2974 2014 ut
3007 1959 3141 2014 illud
3173 1949 3416 2012 Danielis
3441 1974 3455 2010 :
3481 1955 3658 2020 Quam

379 2051 474 2103 ἐπὶ
501 2048 758 2112 πίστεως,
786 2050 882 2103 καὶ
908 2049 1199 2118 δόγματος,
1225 2050 1323 2103 καὶ
1347 2050 1739 2121 φρονήματος’
1773 2049 1848 2111 ώς
1874 2049 1969 2102 καὶ

382 2142 537 2209 παρὰ
574 2140 654 2212 τῷ
685 2141 934 2213 Θεολόγφ
962 2158 976 2172 ·
1010 2142 1082 2196 Τὸ
1107 2143 1177 2196 δὲ
1201 2141 1664 2213 ἀντεισαταγεῖν
1692 2140 1806 2209 τὴν
1831 2142 1969 2196 ἐαυ-

378 2232 489 2288 τοῦ
530 2231 772 2304 γνώμην
822 2234 1045 2304 ἀνδρὸς
1068 2236 1361 2301 εὐσεϐοῦς
1384 2236 1481 2288 καὶ
1507 2234 1660 2288 νοῦν
1689 2234 1964 2301 ἔχοντος.

383 2335 491 2378 tem
538 2324 692 2380 :Sed
729 2343 880 2381 suam
939 2341 1004 2380 ea:
1068 2327 1288 2382 adverso
1348 2329 1646 2396 opinionem
1701 2329 1964 2382 adducere
2009 2330 2112 2384 viri
2168 2331 2246 2400 pii
2299 2341 2376 2385 est
2436 2345 2484 2386 et
2537 2331 2816 2400 sapientis.

380 2421 518 2476 locis
557 2421 611 2476 in
643 2421 833 2478 Graeco
864 2423 1118 2490 habetur,
1153 2433 1213 2479 ut
1242 2424 1484 2482 diximus
1518 2425 1686 2484 dictio
1714 2426 1959 2498 γνώμη.)

454 2537 562 2592 Καὶ
589 2537 1034 2591 ἐϐουλεύσαντο
1052 2537 1202 2592 κατὰ
1230 2537 1350 2593 τῶν
1366 2540 1552 2609 ἁγίων
1575 2557 1714 2595 σου.
1753 2539 1958 2593 ﬂuit).-

380 2632 540 2698 λογία
569 2629 726 2682 τοῦτο
779 2629 875 2682 καὶ
909 2630 1254 2700 σαφηνισμὸς
1297 2629 1392 2684 τοῦ
1446 2632 1555 2703 πρὸ
1589 2632 1778 2686 αὑτοῦ.
1826 2631 1964 2701 Περὶ

377 2722 437 2776 δὲ
484 2723 594 2774 τῶν
641 2720 813 2789 ἁγίων
853 2720 1080 2775 τοιαῦτα
1126 2722 1362 2792 νοήσεις,
1405 2717 1494 2776 οἷα
1538 2719 1634 2776 κά).
1675 2724 1804 2794 περι⁵
1854 2723 1964 2776 τῶν

379 2815 562 2877 ὁσίων,
595 2814 672 2876 ὡς
703 2815 760 2867 ἑν
784 2812 864 2884 τῷ
889 2821 970 2884 οη¹
1004 2814 1205 2885 ψαλμῷ
1235 2815 1587 2885 προείρηται.

449 2902 678 2960 Εἶπαν·
735 2906 934 2969 Δεῦτε,
982 2906 1080 2960 καὶ
1139 2907 1674 2977 ἐξολοθρεύσωμεν
1738 2906 1964 2974 αὐτοὺς

379 2999 448 3062 ἐξ
478 2998 720 3066 ἔθνους,
759 2999 858 3054 καὶ
892 3001 964 3054 οὐ
990 2997 1076 3069 μὴ
1107 2999 1351 3067 μνησθῇ
1372 3001 1438 3052 τὸ
1473 2999 1662 3069 ὄνομα
1709 2999 1818 3055 τοῦ
1848 3001 1961 3055 Ἰσ-

375 3091 544 3160 ραὴλ
582 3092 690 3146 ἔτι.
728 3092 958 3163 Τοῦτοή
992 3091 1212 3163 γνώμη,
1252 3093 1413 3146 τοῦτο
1457 3094 1490 3164 ἡ
1545 3092 1742 3164 βουλή’
1791 3093 1852 3149 τὸ
1906 3093 1965 3148 δὲ

397 3187 499 3252 Ἐξ
533 3187 769 3254 ἔθνους,
818 3187 961 3252 ἀντὶ,
999 3183 1156 3242 Εἶναι
1197 3186 1372 3253 ἔθνος,
1424 3188 1719 3252 ἐλάσαντες
1765 3189 1965 3251 αὐτοὺς

382 3263 464 3343 εἰς
515 3279 576 3333 τὸ
615 3281 688 3351 μὴ
746 3276 891 3333 εἶναι
941 3279 1133 3340 ἔθνος·
1177 3280 1239 3333 τὸ
1288 3282 1367 3342 δὲ,
1416 3281 1500 3336 Οὐ
1555 3281 1640 3350 μὴ
1689 3279 1963 3350 μνησθῇ,

2070 2055 2132 2108 ob
2167 2069 2387 2107 causam
2429 2052 2592 2107 exivit
2636 2061 2745 2105 tam
2806 2051 3082 2119 impudens
3141 2049 3406 2104 sententia
3444 2047 3512 2100 '?
3549 2045 3656 2098 Ali-

2066 2146 2291 2217 quando
2319 2146 2486 2201 etiam
2522 2145 2839 2215 opinionem
2860 2143 2927 2198 de
2956 2142 3083 2203 fide,
3120 2152 3216 2195 aut
3269 2138 3338 2194 de
3388 2136 3653 2209 quopiam

2067 2237 2346 2307 dogmate,
2383 2237 2544 2307 quale
2592 2233 2726 2292 illud
2757 2246 2842 2293 est
2881 2237 3023 2306 apud
3079 2234 3419 2300 Theologum
3467 2231 3659 2286 dicen-

2908 2326 3002 2393 (ln
3062 2326 3319 2382 omnibus
3373 2324 3518 2378 enim
3573 2321 3660 2376 his

2143 2539 2212 2592 Et
2260 2535 2647 2592 consuluerunt
2697 2536 2950 2588 adversus
2983 2542 3197 2587 sanctos
3250 2541 3386 2585 tuos.
3436 2530 3659 2584 lteratio

2066 2630 2338 2689 sermonis
2377 2640 2462 2684 est
2496 2629 2564 2683 ad
2602 2627 2867 2697 majorem
2907 2627 3290 2697 praedictorum
3327 2624 3654 2678 declaratioo

2067 2739 2216 2779 nem.
2252 2721 2326 2778 De
2357 2720 2564 2776 sanctis
2597 2729 2803 2787 autem,
2829 2719 2952 2774 vide
2971 2734 3092 2787 qure
3115 2719 3168 2771 in
3195 2717 3411 2788 psalmo
3441 2729 3655 2769 Lsmn

2067 2811 2214 2868 dicta
2255 2821 2403 2867 sunt.

2148 2902 2309 2959 Vens.
2344 2904 2395 2958 5.
2425 2902 2687 2957 Dixerunt
2715 2917 2734 2956 :
2788 2900 2986 2963 Venite,
3038 2900 3444 2954 exterminemus
3474 2914 3560 2951 eos
3595 2910 3660 2949 ea:

2072 3005 2239 3067 gente,
2267 3005 2316 3050 et
2345 3012 2448 3050 non
2481 3005 2800 3050 memoretur
2829 3009 3018 3048 nomen
3053 2989 3225 3045 Israel
3249 2990 3500 3060 amplius.
3541 2985 3658 3042 lloc

2073 3099 2157 3146 est
2181 3088 2474 3144 consilium
2516 3087 2662 3159 quod
2697 3089 2964 3144 inierunt.
2999 3086 3439 3140 Exterminemus
3473 3090 3656 3140 autem

2076 3199 2142 3240 ex
2196 3192 2382 3254 gente,
2416 3182 2521 3237 hoc
2560 3192 2665 3248 est,
2699 3182 2982 3252 privemus
3017 3195 3114 3234 eos
3159 3178 3264 3232 hac
3302 3177 3569 3246 qualitate
3602 3183 3662 3230 ut

2074 3286 2262 3348 gentes
2293 3276 2424 3339 sint,
2448 3275 2770 3342 deducendo
2799 3290 2894 3330 eos
2927 3273 3186 3328 nimirum
3213 3269 3280 3324 ad
3307 3268 3532 3324 nihilum
3558 3285 3570 3321 :
3606 3276 3663 3322 et

381 3372 528 3435 ἀντὶ,
556 3373 633 3425 Οὐ
668 3370 1041 3441 μνημονευθῇ.
1079 3371 1183 3424 οὐκ
1217 3370 1297 3425 ἔτι
1343 3373 1626 3445 ὀνομασθῇ
1656 3374 1808 3446 ὅμως
1833 3389 1848 3405 ·
1879 3367 1965 3427 οἷα

2072 3370 2310 3439 amplius
2336 3383 2443 3423 non
2468 3378 2832 3432 memoretur,
2870 3367 2973 3421 hoc
2997 3376 3101 3428 est,
3129 3365 3183 3420 in
3220 3364 3466 3418 futurum
3506 3377 3663 3431 pror-

384 3463 587 3535 μηκέτι
621 3462 778 3526 ὄντος
809 3463 905 3516 τοῦ
951 3462 1199 3517 τοιούτου
1239 3464 1447 3530 ἔθνους.

452 3642 584 3695 Ὀτι
639 3641 1085 3696 ἐϐουλεύσαντο
1131 3641 1201 3695 ἐν
1233 3641 1484 3712 ὁμονοίᾳ
1523 3641 1622 3695 ἐπὶ
1674 3642 1741 3695 τὸ
1794 3643 1966 3698 αὑτό.

383 3736 578 3789 Εἷτουν
608 3734 934 3802 πανούργως
980 3733 1322 3804 ἐμελέτησαν
1361 3732 1584 3803 βουλήν.
1612 3732 1969 3802 Ἐπαναλαμ-

383 3827 540 3881 σάνει
571 3826 628 3879 δὲ
656 3826 747 3879 τὸν
773 3824 933 3894 λόγον
977 3825 1080 3896 τῆς
1129 3824 1323 3895 βουλῆς
1362 3825 1455 3878 καὶ
1500 3823 1970 3894 ὁμογνωμοσύνης

384 3919 605 3974 αὐτῶν
642 3917 898 3972 ἐντεῦθεν
933 3919 1014 3982 εἰς
1057 3918 1276 3990 ἄμυναν
1325 3922 1493 3973 κινῶν
1542 3919 1634 3971 τὸν
1682 3919 1969 3973 διασκεδά-

384 4015 547 4076 ξοντα
599 4010 793 4081 βουλὰς
852 4009 1045 4064 ὲθνῶν.
1097 4009 1512 4079 Διηγηματικὸν
1556 4008 1635 4072 δὲ,
1681 4008 1742 4062 τὸ
1793 4008 1924 4061 ’Ότι
1953 4025 1966 4040 ο

384 4103 481 4155 καὶ
516 4100 579 4155 τὸ
618 4099 739 4170 μὲν,
768 4101 867 4152 Ἐν
905 4100 1174 4170 ὁμονοίᾳ,
1205 4101 1300 4154 ἐπὶ
1330 4100 1430 4170 τῆς
1479 4099 1706 4171 γνώμης
1754 4101 1969 4171 λαμϐά-

382 4211 534 4248 νεται
557 4231 574 4258 ,
599 4191 662 4245 τὸ
689 4191 769 4258 δὲ,
799 4189 934 4244 Ἐπὶ
961 4191 1026 4246 τὸ
1042 4191 1213 4256 αὐτὸ,
1239 4192 1332 4245 ἐπὶ
1358 4191 1453 4244 τοῦ
1471 4191 1962 4257 τόπου,τουτέστιν

385 4289 466 4352 εἰς
495 4288 625 4358 μίαν
652 4288 881 4357 γνώμην
916 4283 1286 4351 συνελθόντες,
1323 4283 1418 4340 καὶ
1444 4287 1523 4349 εὶς
1543 4285 1642 4341 ἕνα
1674 4285 1862 4345 τόπον.

454 4559 617 4615 Κατὰ
662 4559 782 4613 σοῦ
830 4555 1128 4625 διαθήκην
1178 4552 1464 4608 διέθεντο.
1524 4552 1804 4625 Διαθήκην
1869 4555 1968 4627 τὴν

383 4655 663 4724 συνθήκην
694 4653 847 4723 λέγει
871 4669 885 4685 ·
914 4649 1034 4707 εἶτα
1058 4648 1250 4706 λοιπὸν
1273 4645 1676 4719 ἀπαριθμεῖται
1715 4649 1811 4704 καὶ
1839 4652 1969 4716 τοὺς

382 4747 528 4800 οὕτω
562 4746 948 4816 συνθεμένους.

2077 3479 2174 3518 sus
2227 3477 2333 3516 non
2365 3462 2703 3528 nominetur,
2745 3460 2979 3530 perdita,
3017 3459 3274 3516 videlicet
3333 3473 3396 3513 ac
3443 3457 3662 3527 penitus

2073 3555 2340 3623 dissipata
2371 3554 2460 3607 illa
2488 3563 2669 3624 gente.

2144 3645 2309 3700 Vens.
2357 3645 2411 3700 6.
2442 3644 2703 3709 Quoniam
2747 3643 3177 3698 consultaverunt
3230 3642 3550 3695 unanimiter
3587 3639 3662 3693 si-

2073 3739 2204 3789 mul.
2241 3735 2354 3789 lloc
2383 3744 2489 3801 est,
2537 3735 2766 3790 sceleste
2829 3751 2893 3789 ac
2927 3735 3167 3804 maligne
3220 3733 3466 3787 meditati
3533 3737 3664 3783 sunt

2073 3830 2388 3886 consilium.
2424 3827 2742 3882 Reassumit
2787 3827 2933 3881 enim
2966 3839 3276 3879 sermonem
3305 3824 3370 3877 de
3403 3821 3659 3885 consilio,

2071 3933 2124 3979 et
2153 3921 2429 3977 communi
2463 3935 2652 3974 eorum
2677 3918 3111 3988 conspiratione,
3152 3916 3322 3970 Deum
3361 3917 3464 3968 hoc
3497 3921 3660 3983 parto

2073 4016 2324 4072 excitans
2354 4015 2420 4070 ad
2453 4013 2780 4077 vindictam,
2819 4011 2914 4082 qui
2946 4012 3190 4082 gentium
3226 4009 3364 4064 solet
3390 4007 3661 4075 dissipare

2072 4108 2331 4166 consilia.
2394 4105 2570 4162 Dictio
2629 4116 2811 4160 autem
2872 4103 3161 4170 Quoniam,
3214 4101 3494 4155 narrantis
3533 4106 3661 4162 est;

2071 4201 2241 4259 dictio
2277 4199 2634 4262 Unanimiter,
2680 4197 2748 4253 ad
2782 4196 3017 4251 consilia
3042 4210 3232 4250 eorum
3269 4191 3508 4248 refertur
3536 4208 3551 4258 ;
3579 4189 3661 4244 di-

2073 4295 2185 4350 ctio
2207 4309 2360 4360 vero,
2390 4291 2457 4346 In
2495 4309 2681 4355 unum,
2714 4291 2778 4345 ad
2805 4291 2988 4346 lucum
3021 4307 3036 4343 :
3066 4299 3120 4344 et
3151 4304 3350 4344 sensus
3381 4297 3484 4350 est,
3510 4284 3657 4356 quod

2072 4387 2126 4442 in
2160 4402 2324 4442 unam
2353 4395 2730 4442 convenerunt
2763 4385 3114 4450 sententiam,
3159 4394 3322 4453 atque
3365 4382 3417 4436 in
3465 4379 3658 4435 eodem

2071 4480 2216 4535 loco.

2144 4569 2411 4623 Adversus
2451 4579 2499 4623 te
2535 4578 2908 4623 testamentum
2955 4569 3350 4637 disposuerunt.
3381 4596 3450 4605 —
3475 4565 3661 4619 Testa-

2079 4672 2314 4716 mentum
2344 4662 2528 4730 posuit
2577 4676 2675 4731 pro
2718 4661 2951 4723 laedere,
2987 4675 3080 4714 seu
3114 4668 3276 4727 pacto
3321 4657 3486 4728 (quod
3513 4657 3659 4712 enim

2004 4720 2282 4809 DGrtecze
2334 4753 2629 4817 dictiones,
2684 4753 2921 4825 διαθήκη
2980 4761 3035 4806 ει
3089 4752 3328 4822 συνθήκε
3380 4761 3489 4805 tam
3528 4764 3661 4803 voce

379 4851 546 4907 quam
601 4836 962 4902 derivatione,
999 4843 1054 4892 et
1080 4835 1483 4907 signiﬁcatione
1525 4847 1772 4910 cognatm
1802 4839 2206 4908 quodammodo
2233 4855 2380 4905 sunt,
2415 4845 2544 4899 hinc
2577 4845 2780 4900 laetum
2819 4853 2924 4910 est,
2953 4852 3012 4899 ut
3037 4844 3212 4900 altera
3251 4845 3476 4900 alterius
3516 4857 3661 4912 saepe

381 4935 505 4990 ioco
533 4934 809 5005 ponatur.)
843 4935 1046 4990 Deinde
1066 4949 1164 4991 eos
1180 4946 1567 4999 connumerat.
1589 4937 1684 5007 qui
1705 4938 1758 4991 in
1785 4953 1955 4992 unum
1997 4939 2161 4996 simul
2197 4949 2595 4997 convenerunt.

457 5027 536 5082 Τὰ
563 5027 930 5095 σκηνώματα
968 5025 1088 5082 τῶν
1118 5028 1472 5099 Ἰδουμαίων
1505 5032 1604 5084 καὶ
1637 5033 1691 5084 ol
1724 5033 1970 5102 Ἰσμαη-

379 5121 564 5176 litat.
605 5149 678 5160 —
727 5120 803 5175 Τὰ
857 5120 1223 5190 σκηνώματα
1272 5121 1395 5175 τῶν
1431 5123 1802 5192 Ἰδουμαίων,
1851 5126 1974 5179 ἀντὶ

381 5212 502 5278 τοῦ,
540 5212 606 5265 Ἦ
638 5211 794 5275 πόλις
833 5212 944 5266 τῶν
971 5213 1310 5284 Ὶδουμαιων,
1352 5216 1386 5288 ἢ
1415 5216 1538 5269 ἀντὶ
1571 5216 1688 5281 τοῦ,
1713 5219 1778 5269 Οἱ
1809 5217 1972 5272 Ἰδου-

387 5306 562 5374 μαῖοι,
613 5305 758 5359 κατὰ
793 5305 1151 5378 περίφρασιν.
1189 5307 1486 5377 Ἰδουμαῖοι
1543 5308 1601 5362 δὲ
1663 5308 1820 5374 ἔθνος
1866 5311 1975 5364 ἀπὸ

455 5486 481 5523 ⁷
513 5487 535 5544 ἰ
571 5488 701 5544 Cor.
733 5503 832 5553 vn,
870 5487 964 5543 25.
1043 5487 1064 5518 ⁸
1097 5485 1231 5543 Dan.
1268 5504 1330 5554 tt,
1373 5489 1462 5546 ‘15.

2150 5034 2315 5092 Vens.
2350 5035 2402 5092 7.
2439 5036 2801 5091 Tabernacula
2837 5034 3222 5099 Idumteorum,
3257 5045 3306 5089 et
3343 5034 3654 5088 lsmaelita’.

2074 5127 2177 5182 Per
2211 5128 2580 5184 ldumreorum
2615 5129 2994 5192 tabernacula,
3027 5128 3112 5183 vel
3144 5129 3294 5197 ipsos
3329 5127 3655 5194 simpliciter

2075 5221 2343 5276 ldumaeos
2392 5221 2668 5292 intelligit,
2719 5223 2798 5277 vel
2853 5236 3046 5278 eorum
3099 5221 3366 5280 civitates,
3433 5217 3655 5274 ldmmui

2074 5322 2257 5371 autem
2287 5314 2627 5372 descendunt
2653 5315 2722 5373 ab
2752 5315 2918 5383 Esau,
2945 5316 3038 5387 qui
3068 5315 3176 5370 alio
3202 5311 3427 5368 nomine
3463 5309 3652 5377 dictus

1752 5627 1962 5689 Variae
1993 5628 2324 5695 lectiones.

454 5759 532 5836 (ll
559 5758 747 5836 graec
772 5759 1028 5836 additae:
1063 5760 1377 5836 Prwpositio
1407 5771 1582 5816 autem
1620 5762 1763 5836 κατά
1785 5762 2136 5820 iuteusionem
2174 5764 2394 5821 malitite
2430 5765 2718 5836 signiﬁcat.

460 5829 537 5899 (2)
569 5828 906 5898 νειιριιιιυιιι
937 5830 1100 5901 igitur
1138 5873 1150 5887 .
1188 5828 1450 5890 Monitzmt
1483 5844 1656 5887 autem
1689 5833 1770 5888 do.
