4084 6210
538 353 646 414 859

1743 363 2056 424 EUTHYM
2075 361 2130 419 li
2176 362 2542 423 ZiGABENl

3675 371 3766 431 860

537 481 620 526 est
653 473 813 527 etiam
866 475 1056 529 Edoni.
1092 477 1381 532 lsmaelitze
1414 494 1545 533 vero
1582 495 1755 547 genus
1791 494 1954 533 suum
2001 479 2083 533 de-

2217 473 2389 526 Ἠσαῦ
2444 476 2820 546 καταγόμενον
2849 493 2862 507 ⁸
2903 476 3082 544 Ἐδὼμ
3111 476 3218 544 γὰρ
3251 480 3277 528 ό
3317 475 3484 528 Ἡσαῦ
3531 479 3709 550 ἐκλήθη
3741 499 3748 511 ·

539 564 745 618 ducunt
777 566 844 618 ab
870 565 1096 622 lsmaele
1129 568 1239 623 ﬁlio
1271 569 1523 624 Abrahm.

607 741 769 798 Vens.
802 743 855 797 8.
884 744 1039 798 Moab
1075 758 1122 800 et
1162 747 1416 816 Agat-eui.
1459 749 1709 804 Moabitae
1742 753 1925 821 pepuli
1952 763 2104 818 sunt,

535 834 626 899 qui
659 835 923 902 originem
966 838 1194 892 trahunt
1241 856 1269 892 a
1322 841 1476 895 Moab
1534 843 1646 896 filio
1693 843 1831 911 Lot;
1867 846 2105 914 Agareni

534 941 660 979 vero
681 927 748 979 ab
765 928 909 995 Agar
929 941 1102 983 matre
1130 931 1396 998 lsmaelis,
1419 949 1539 1002 quae
1559 946 1848 1006 postquam
1876 938 2103 1007 expulsa

529 1028 614 1071 est
645 1035 673 1070 e
713 1020 877 1073 domo
910 1022 1168 1089 Abrahae,
1197 1026 1356 1080 alteri
1383 1042 1441 1080 se
1470 1030 1585 1082 viro
1618 1029 1906 1099 conjunxit
1958 1031 2102 1086 unde

529 1106 619 1160 isti
655 1108 1080 1168 descenderunt.

602 1196 766 1251 (iebat
820 1209 869 1253 et
924 1202 1172 1269 Ammon,
1206 1214 1255 1259 et
1288 1207 1563 1263 Amalech.
1616 1209 1872 1265 Gebaleni
1918 1213 2100 1282 populi

527 1296 704 1353 erant,
740 1292 832 1360 qui
875 1307 1039 1362 prope
1070 1294 1364 1350 ldumaaam
1400 1299 1744 1354 habitabant.
1772 1302 2100 1358 Ammanitae

527 1390 708 1434 autem
744 1383 814 1434 ita
843 1383 1178 1439 denominati
1204 1399 1334 1442 sunt
1365 1389 1432 1442 ab
1472 1391 1705 1444 Ammon
1754 1393 1864 1447 filio
1889 1393 2006 1448 Lot.
2036 1395 2098 1449 Et

529 1472 844 1527 Amaleeitze
865 1475 1195 1542 abAmalec,
1225 1481 1316 1547 qui
1349 1489 1402 1534 et
1437 1483 1552 1550 ipse
1571 1484 1839 1554 originem
1866 1487 2102 1542 ducebat

528 1563 599 1615 ab
634 1561 802 1626 Esau,
829 1566 918 1632 qui
964 1582 1098 1621 sane
1135 1568 1298 1622 aliam
1329 1571 1396 1622 ab
1430 1570 1662 1627 Idumam
1708 1577 1980 1646 regionem
2015 1594 2100 1632 se-

527 1655 758 1722 paratim
798 1657 1139 1712 habitabant.

599 1746 925 1817 Alienigena:
951 1766 1069 1802 cum
1121 1752 1186 1805 iis
1216 1754 1308 1821 qui
1352 1755 1666 1812 habitabant
1725 1761 1942 1831 Tyrum.
1998 1765 2098 1819 Per
2127 1795 2174 1854 B

527 1839 861 1908 alienigenas
893 1840 1208 1916 _Pbilistteos
1253 1847 1520 1917 intellige,
1571 1868 1710 1919 quos
1752 1870 1899 1909 nunc
1932 1855 2100 1911 Palat-

527 1929 703 1983 stinos
727 1931 982 1988 dicimus.
1009 1934 1070 1987 iii
1101 1938 1302 1990 etenim
1335 1941 1656 1998 viciniorcm
1689 1943 1894 2002 Judzeis
1923 1951 2099 2018 regio-

526 2034 647 2072 nem
706 2021 1025 2077 habitabant
1063 2043 1076 2079 :
1111 2037 1274 2097 atque
1325 2031 1448 2086 ideo
1469 2032 1789 2106 alienigena:
1820 2038 1872 2091 in
1916 2043 2097 2108 specie

521 2114 781 2181 appellati
806 2127 956 2174 sunt.
990 2120 1091 2176 Per
1112 2123 1423 2182 habitantes
1439 2136 1620 2182 autem
1647 2127 1875 2200 Tyrum,
1901 2130 2096 2205 Tyrios

522 2204 798 2276 intelligit.

597 2296 760 2354 Vens.
786 2299 839 2355 9.
873 2301 1082 2358 Etenim
1112 2315 1163 2359 et
1205 2307 1374 2362 Assur
1407 2311 1544 2364 venit
1597 2328 1717 2366 cum
1742 2315 1870 2372 illis.
1918 2316 2094 2371 Assur

522 2391 739 2456 proprie
773 2392 985 2462 Assyrii
1026 2405 1154 2450 sunt
1187 2416 1200 2450 :
1236 2414 1422 2454 verum
1453 2402 1557 2456 hoc
1586 2404 1638 2458 in
1677 2405 1819 2472 loco,
1847 2407 2090 2462 Samari-

520 2488 680 2534 tanos
705 2482 773 2534 ita
799 2485 1052 2552 appellat.
1096 2489 1257 2542 veluti
1301 2493 1651 2561 Assyriorum
1676 2499 1918 2553 colonos.
1954 2501 2086 2554 Nam

519 2579 638 2637 post
664 2572 896 2628 duarum
932 2576 1172 2630 tribuum
1203 2582 1594 2648 captivitatem,
1623 2587 1752 2642 illuc
1778 2591 1929 2644 missi
1962 2603 2088 2646 sunt

523 2660 852 2718 Samaritani
891 2667 959 2721 ab
985 2669 1250 2741 Assyriis,
1280 2684 1339 2727 ut
1372 2677 1650 2746 regionem
1697 2680 1844 2734 illam
1875 2683 2079 2739 incole-

525 2765 668 2808 rent.
733 2758 991 2814 Abundat
1049 2772 1229 2820 autem
1283 2766 1390 2824 hoc
1464 2771 1517 2824 in
1576 2771 1695 2826 loco
1746 2775 2083 2845 conjunctio,

527 2843 750 2902 Etenim.

584 2936 735 2990 Facti
773 2949 896 2992 sunt
938 2943 990 2995 in
1037 2944 1364 3012 adjutorium
1398 2951 1526 3020 ﬁliis
1575 2955 1690 3008 Lot.
1737 2957 1903 3015 Filios
1958 2938 2079 3029 Lot,

514 3041 608 3082 eos
639 3044 761 3083 esse
784 3030 1048 3103 intellige,
1086 3051 1226 3105 quos
1252 3043 1509 3110 superius
1537 3044 1806 3103 Moabitas
1833 3053 2079 3120 appella-

513 3116 612 3182 vit,
651 3129 704 3172 et
748 3121 1118 3182 Ammonitas.
1165 3127 1259 3184 Hae
1312 3135 1512 3189 etenim
1572 3142 1822 3196 nationes

513 3211 784 3279 praecipue
813 3212 1153 3284 invidebant,
1187 3229 1242 3276 et
1272 3222 1394 3280 ideo
1431 3225 1481 3280 in
1507 3242 1602 3283 eos
1634 3231 1772 3286 alias
1811 3242 2005 3300 gentes
2028 3239 2081 3292 in

514 3314 678 3353 unum
719 3304 1080 3375 collegerunt.

580 3389 744 3447 Vens.
785 3394 868 3448 l0.
899 3394 1009 3450 Fac
1031 3401 1106 3452 eis
1145 3403 1282 3457 sicut
1334 3405 1574 3474 Madian,
1600 3422 1648 3464 et
1685 3411 1909 3479 δίδοται,
1944 3417 2081 3471 sicut

505 3482 671 3539 Jabin
719 3489 770 3540 in
812 3499 1041 3548 torrente
1073 3497 1250 3552 Cison.
1295 3502 1633 3573 lmprecatur
1681 3509 1952 3580 Propheta
1983 3516 2080 3570 ad-

507 3592 697 3634 versus
723 3593 915 3650 gentes
946 3593 1200 3656 superius
1225 3609 1676 3668 connumeratas,
1703 3621 1820 3673 quae
1842 3609 2081 3666 civitatis

505 3668 801 3728 Jerusalem
834 3677 1284 3741 instaurationem
1321 3685 1461 3745 ferre
1485 3707 1589 3746 non
1627 3705 1898 3764 poterant,
1920 3711 2083 3770 atque

509 3760 560 3812 iu
579 3767 896 3821 memoriam
923 3770 1143 3828 illorum
1174 3777 1456 3833 hominum
1480 3783 1693 3838 ruinam
1720 3799 1958 3857 revocat,
1989 3792 2079 3861 qui

507 3850 821 3911 Jiidmorum
853 3862 1051 3929 populo
1079 3865 1209 3921 olim
1245 3869 1426 3926 infesti
1484 3873 1721 3943 fuerant,
1780 3888 1835 3933 et
1885 3850 2081 3950 praeter

507 3948 1102 4020 omnium'opinionem
1139 3960 1434 4027 perierant,
1471 3974 1740 4038 optatque
1793 3983 1850 4026 ut
1885 3948 2076 4030 eodem

507 4047 668 4107 pacto
699 4057 847 4097 nunc
883 4046 1124 4112 przedicti
1168 4065 1361 4108 omnes
1406 4069 1650 4123 pereant,
1682 4061 1753 4115 ob
1783 4064 2074 4134 malignam

503 4146 694 4185 eorum
737 4145 973 4189 mentem
1010 4137 1064 4192 in
1095 4137 1337 4209 Judteos,
1384 4161 1494 4214 quo
1528 4147 1606 4202 illi
1637 4152 1973 4218 superiores.
2013 4155 2078 4210 Et

503 4240 599 4292 per
622 4224 836 4280 Madiau
875 4229 1094 4298 quidem
1125 4231 1552 4292 Madianitarum
1577 4245 1880 4297 exercitum
1910 4244 2072 4300 intel-

502 4316 634 4387 Iigit,
673 4335 832 4385 quem
864 4323 1215 4380 multitudine
1272 4342 1335 4383 ac
1380 4331 1536 4400 copia
1582 4333 1813 4386 militum
1871 4343 2074 4391 terram

498 4409 779 4464 obtexisse
828 4412 1080 4480 legimus,
1113 4423 1167 4468 et
1205 4429 1384 4471 tamen
1420 4433 1446 4471 a
1487 4425 1744 4476 trecentis
1780 4423 1933 4490 viris,
1964 4424 2069 4480 Ge-

496 4500 670 4556 deoue
700 4503 863 4566 duce,
906 4517 1247 4574 superatura,
1293 4519 1459 4579 atque
1484 4511 1570 4566 his
1592 4513 1810 4582 quidem
1841 4515 2065 4572 inermi-

496 4590 598 4644 bus
619 4594 900 4659 omnibus,
921 4593 1202 4663 lampades
1227 4606 1457 4663 tantum,
1485 4610 1535 4653 et
1561 4602 1720 4657 tubas
1743 4603 2065 4677 ferentibus,

496 4688 554 4731 ut
579 4680 632 4733 in
665 4681 803 4735 libro
825 4683 1081 4738 Judieum
1117 4688 1368 4756 legimus.
1403 4689 1589 4745 Sisara
1632 4692 1742 4747 dux
1779 4695 1883 4750 fuit
1907 4711 2067 4752 exer-

495 4771 640 4826 citus
666 4772 824 4827 Jabiu
851 4777 993 4847 regis
1038 4778 1300 4833 Chanaan
1327 4783 1719 4848 potentissimi.
1753 4784 2068 4856 Noningen-

501 4873 585 4917 tos
624 4867 825 4919 etenim
880 4868 1093 4923 ferreos
1151 4886 1350 4924 currus
1412 4873 1648 4930 habebat
1701 4878 1851 4935 :hos
1882 4891 2061 4936 autem

495 4973 688 5012 omnes
723 4963 1001 5030 superavit
1029 4962 1236 5016 Barach
1263 4965 1527 5021 adversus
1544 4985 1640 5025 eos
1661 4972 1819 5040 jussu
1842 4973 2065 5032 Deborre

494 5051 793 5117 profectus,
829 5070 952 5122 quae
996 5056 1105 5110 illis
1132 5061 1466 5125 temporibus
1491 5061 1774 5129 judicabat
1803 5070 2063 5137 populum

493 5143 680 5198 Israel.
731 5147 794 5199 Et
845 5147 1091 5201 Sisaram
1135 5151 1354 5220 quidem
1415 5154 1712 5222 fugientem
1749 5157 1866 5213 Jael
1928 5178 2066 5216 uxor

488 5233 701 5288 Chaber
733 5237 966 5304 hospitio
989 5251 1271 5309 acceptqu
1310 5259 1502 5297 somno
1534 5247 1756 5314 sopivit,
1785 5265 1845 5303 ac
1868 5252 2062 5308 deinde

491 5327 688 5382 malleo
733 5339 786 5383 et
824 5331 980 5385 clavo
1021 5333 1166 5388 illius
1229 5347 1472 5404 tempora
1516 5343 1842 5406 penetravit,
1901 5354 2061 5414 atque

491 5419 596 5473 hoc
649 5431 811 5489 pacto
847 5423 1127 5478 interemit
1163 5445 1175 5479 :
1213 5427 1329 5496 ipse
1386 5439 1570 5483 autem
1630 5431 1789 5488 .Iabin
1839 5438 2058 5496 occisus

2213 565 2552 634 Ἰσμαηλῖται
2617 568 2674 620 δὲ
2751 567 2904 629 έθνος
2967 568 3156 636 ἕτερον
3221 566 3329 618 ἀπὸ
3388 567 3604 638 Ἰσμαὴλ
3647 573 3751 624 υίοῦ

2210 657 2486 728 Ἀϐραάμ.

2280 753 2459 804 Μωὰϐ
2501 751 2598 803 καὶ
2630 753 2684 804 οἱ
2725 751 3046 818 Ἀγαρηνοί.
3083 751 3257 804 Μωὰό
3293 751 3441 819 λέγει
3471 753 3590 814 τοὺς
3611 756 3758 806 Μωα-

2207 843 2364 905 ῦίτας
2390 861 2401 873 ·
2440 843 2591 906 ἔθνος
2622 844 2677 897 δὲ
2701 845 2794 896 καὶ
2817 838 2985 906 οὗτοι,
3021 844 3127 896 ἀπὸ
3149 844 3346 907 Μωὰϐ,
3380 845 3494 897 υίοῦ
3518 846 3606 899 τοῦ
3630 847 3755 901 Λώτ.

2219 935 2512 1005 Ἀγαρηνοὶ
2569 937 2624 988 δὲ
2677 936 2829 998 ἔθνος
2894 937 3003 990 ἀπὸ
3059 935 3159 1005 τῆς
3197 938 3377 1006 ’Ἅγαρ
3418 936 3518 1005 τῆς
3573 939 3760 1008 μητρὸς

2218 1028 2846 1100 Ἰσμαὴλ,συναφοείσης
2873 1029 3044 1100 ἑτέρῳ
3078 1031 3216 1099 μετὰ
3235 1032 3294 1081 τὸ
3324 1029 3652 1099 ἀπελαθῆναι
3674 1033 3760 1096 τῆς

2204 1120 2382 1182 οἰκίας
2410 1122 2681 1189 Ἀϐραάμ.

2274 1214 2468 1266 Γεϐὰλ
2529 1213 2628 1265 καὶ
2702 1213 2944 1283 ’Λμμὼν,
3000 1214 3095 1267 καί
3147 1214 3426 1282 Ἀμαλήκ.
3489 1215 3761 1281 resumo!

2203 1305 2355 1367 ἔονος
2403 1305 2678 1374 περίοικον
2722 1307 2820 1372 τῆς
2859 1305 3170 1374 Ἰδουμαίας
3197 1321 3211 1335 ⁶
3242 1305 3574 1375 Ἀμμανῖται
3627 1307 3763 1368 ἔθνος

2202 1397 2308 1449 ἀπὸ
2335 1396 2426 1449 τοῦ
2452 1396 2680 1466 ’Λμμὼν
2703 1397 2796 1450 τοῦ
2820 1397 2936 1449 υἱοῦ
2961 1395 3083 1450 Λώτ
3101 1412 3114 1426 °
3151 1397 3520 1468 Ἀμαληκῖται
3541 1399 3596 1451 δὲ
3626 1399 3761 1461 ἔθνος

2201 1488 2308 1540 ἀπὸ
2352 1487 2619 1555 Ἀμαλὴκ,
2649 1489 2708 1551 ὃς
2732 1484 2799 1558 ἦν
2837 1489 2932 1542 καὶ
2993 1488 3155 1548 αὐτὸς
3187 1487 3408 1554 ἔκγονος
3451 1488 3640 1554 Ἡσαῦ,
3671 1507 3763 1540 κα-

2200 1583 2365 1653 τῴκει
2387 1583 2442 1636 δὲ
2471 1581 2654 1655 χώραν
2685 1582 2878 1652 ἑτέραν
2911 1581 3064 1654 παρὰ
3092 1583 3216 1644 τοὺς
3251 1581 3606 1651 Ἰδουμαίους.

2272 1786 2639 1852 Ἀλλόφυλοι
2678 1783 2830 1852 μετὰ
2879 1781 2996 1837 τῶν
3062 1782 3507 1836 κατοικούντων
3570 1784 3759 1848 Τύρον.

2215 1876 2524 1943 Ἀλλόφυλοι
2559 1878 2606 1928 οἱ
2651 1876 2967 1940 Φιλισταῖοι,
3001 1877 3049 1928 οἱ
3076 1875 3171 1928 νῦν
3204 1875 3556 1929 Παλαιστινοὶ
3580 1875 3762 1928 καλου.

2202 1986 2384 2039 μενοι·
2422 1965 2565 2022 οὗτοι
2593 1969 2699 2038 γὰρ
2733 1967 3125 2037 παροικοῦντες
3152 1970 3260 2030 τοῖς
3278 1967 3559 2032 Ἰουδαίοις
3590 1969 3760 2034 ἐγγὺς,

2198 2059 2488 2128 ἀλλόφυλοι
2523 2061 2896 2129 διαφερόντως
2923 2059 3233 2131 ἐκλήθησαν
3259 2077 3271 2091 ·
3307 2059 3690 2122 κατοικοῦντες
3715 2060 3762 2110 ἑὲ

2198 2153 2374 2224 Τύρον
2405 2153 2556 2222 λέγει
2580 2155 2705 2217 τοὺς
2740 2154 2993 2225 Τυρίους.

2264 2335 2372 2389 Καὶ
2403 2336 2521 2404 γὰρ.
2556 2338 2653 2389 καὶ
2686 2337 2948 2405 Ἀσσοὺρ
2993 2336 3488 2407 σύμπαρεγένετο
3513 2337 3636 2406 μετ’
3668 2338 3764 2389 αὐο

2195 2428 2330 2482 τῶν.
2381 2430 2611 2499 Ἀσσοὺρ
2667 2432 2716 2482 οἱ
2766 2430 3063 2500 Ἀσσύριοι.
3117 2431 3289 2484 Καλεῖ
3333 2431 3388 2483 δὲ
3425 2432 3614 2494 ebrio;
3652 2433 3763 2490 τοὺς

2193 2522 2556 2591 Σαμαρείτας,
2574 2523 2647 2584 ὡς
2671 2523 2936 2585 ἀποίκους
2953 2524 3425 2592 Ἀσσυρίων,μετὰ
3460 2525 3555 2594 τὴν
3581 2524 3763 2591 αίχμα·

2191 2610 2393 2666 λωσίαν
2437 2612 2547 2664 τῶν
2593 2611 2802 2665 δώδεκα
2834 2611 3016 2679 φυλῶν
3067 2613 3243 2665 ἐκεῖσε
3301 2613 3751 2684 μετοικισθέντας.

2192 2703 2507 2771 Περιττειῐει
2543 2703 2598 2756 δὲ
2630 2705 2656 2756 ὁ
2689 2706 2813 2772 Γὰρ
2850 2705 3172 2774 σύνδεσμος.

2254 2968 2669 3040 Ἐγενήθησαν
2699 2971 2786 3035 είς
2810 2971 3289 3039 ἀντίληψιντοῑξ·
3321 2976 3480 3041 υἱοῖς
3521 2976 3754 3038 Auiti-Ii;

2185 3061 2501 3131 συμμαχίαν
2525 3077 2539 3094 ο
2573 3061 2721 3124 υἱοὺς
2755 3062 2809 3114 δὲ
2835 3060 2956 3115 Λὼτ
2984 3061 3130 3130 λέγει
3187 3063 3314 3127 τοὺς
3347 3067 3646 3130 Μωαϐίτας
3674 3067 3752 3119 καὶ

1876 3141 2080 3201 Judaeis
2109 3126 2151 3184 θ’
2197 3126 2561 3221 Ἀμμανίτας,
2593 3152 2670 3214 ὡς
2701 3155 3147 3224 προειρήκαμεν
3186 3150 3332 3209 οὗτοι
3395 3161 3505 3228 γὰρ
3531 3159 3751 3227 μάλιστα

2186 3247 2299 3308 τοῖς
2328 3245 2599 3308 Ἰουδαίοις
2633 3246 2912 3314 ἐφθόνουν,
2943 3247 3035 3300 καὶ
3066 3249 3135 3300 τὰ
3183 3249 3314 3302 ἄλλα
3340 3249 3476 3321 ἔθνη
3511 3253 3762 3321 συνήγειχ

2225 3350 2311 3388 αν.

2225 3350 2311 3388 αν.

2189 3350 2220 3402 ρ
2255 3425 2524 3492 Ποίησον
2552 3424 2755 3491 αὐτοῖς
2775 3421 2858 3488 ὡς
2882 3425 2956 3492 τῇ
2988 3426 3225 3496 Μαδιάμ
3269 3429 3369 3481 καὶ
3413 3430 3495 3496 τῷ
3518 3431 3748 3498 Statim,

2183 3518 2262 3582 ὡς
2293 3518 2374 3584 τῷ
2401 3521 2618 3588 Ἰαὸεὶμ
2647 3521 2716 3573 ἐν
2742 3519 2821 3585 τῷ
2843 3521 3134 3590 χειμάρῤῳ
3158 3523 3384 3580 Κισῶν.
3432 3528 3751 3597 Κατεύχεται

2180 3611 2292 3663 τῶν
2321 3613 2577 3683 ἀνωτέρω
2604 3613 3075 3684 ἁπηριθμημένων
3105 3616 3292 3676 ἐθνῶν,
3317 3619 3437 3670 τῶν
3468 3619 3753 3689 φθονησάν-

2180 3720 2290 3755 των
2332 3706 2395 3771 τῇ
2437 3702 2733 3756 ἀνανεώσει
2779 3705 2876 3773 τῆς
2939 3705 3190 3768 πόλεως·
3249 3707 3534 3778 μέμνηται
3585 3709 3637 3761 δὲ
3665 3709 3751 3773 τῆς

2182 3793 2460 3855 ἀπωλείας
2499 3794 2608 3846 τῶν
2663 3795 2832 3846 πάλαι
2863 3795 3295 3865 πολεμησάντων
3344 3802 3466 3861 τοῖς
3502 3798 3751 3869 Ἰσραηλί.

2179 3901 2300 3947 ταις
2343 3884 2437 3936 xui
2467 3885 2785 3953 παραδόξως
2816 3885 3175 3939 ἀπολωλότων
3195 3904 3207 3916 ·
3248 3887 3344 3939 καὶ
3383 3890 3610 3960 τοιούτῳ
3640 3889 3749 3956 τρό-

2181 3992 2266 4045 πῳ
2312 3976 2648 4029 ἀπολωλέναι
2678 3977 2773 4029 καὶ
2810 3975 3034 4040 τούτους
3086 3977 3361 4048 βούλεται.
3405 3983 3632 4049 Made
3665 3981 3751 4050 μὲν

2180 4067 2289 4136 γὰρ
2336 4067 2368 4136 ἡ
2403 4068 2630 4138 στρατιᾶ
2661 4068 2766 4119 τῶν
2798 4068 3119 4139 Μαδιηνέων
3147 4069 3252 4123 ἀπὸ
3285 4071 3387 4124 τοῦ
3423 4073 3646 4141 Μαδιάμ
3669 4068 3752 4123 οὔ·

2177 4175 2285 4221 τως
2310 4157 2697 4226 ὀνομασθεῖσα,
2730 4160 2797 4230 ἢν
2847 4159 2925 4229 τῷ
2967 4159 3161 4231 πλήθει
3187 4161 3286 4232 τὴν
3316 4165 3430 4234 γῆν
3462 4165 3752 4220 καλύπτου-

2178 4267 2280 4302 σαν
2309 4251 2337 4302 ό
2372 4249 2575 4303 Γεδεὼν
2610 4253 2668 4302 ὲν
2713 4251 2937 4320 ἀνδράσι
2969 4255 3305 4322 τριακοσίοις
3346 4257 3747 4327 ἐξωλόθρευσε,

2177 4341 2270 4394 καὶ
2293 4341 2504 4406 τούτοις
2525 4342 2746 4405 ἀόπλοις
2770 4360 2782 4374 ο
2815 4342 3107 4411 λαμπάδας
3141 4344 3314 4414 μόνας
3360 4349 3461 4401 καὶ
3526 4349 3745 4413 σάλπιγ-

2094 4462 2147 4522 D
2176 4449 2280 4499 γας
2309 4433 2744 4504 ἐπιφερομένοις,
2780 4433 2908 4504 ὼςὴ
2940 4435 3047 4522 τῶν
3077 4437 3296 4505 Κριτῶν
3324 4437 3512 4508 βίϐλος
3535 4441 3744 4509 ίστορεῖ.

2183 4525 2241 4577 '0
2264 4525 2467 4593 Σισάρα
2507 4524 2564 4576 δὲ
2613 4525 2913 4594 στρατηγὸς
2943 4521 3011 4595 ἦν
3062 4527 3161 4596 τῆς
3186 4527 3475 4598 δυνάμεως
3525 4531 3742 4600 Ἰαδεὶμ,

2168 4615 2432 4686 βασιλέως
2474 4618 2714 4682 Χαναὰν,
2745 4617 2881 4686 ἔχων
2909 4617 3129 4688 ἅρματα
3163 4621 3360 4691 σιδηρᾶ
3403 4624 3739 4676 ὲννεακόσια⁴

2163 4705 2258 4768 οὒς
2294 4707 2386 4758 καὶ
2413 4707 2578 4776 ἄμφω
2607 4706 3018 4776 κατεπολέμησε
3065 4709 3274 4779 Βαρὰχ,
3306 4712 3622 4772 κελευσθεὶς
3649 4710 3740 4764 ὑπὸ

2163 4799 2417 4868 Δεὸὡρας
2451 4802 2548 4867 τῆς
2577 4798 2871 4868 κρινούσης
2902 4800 2960 4851 ὲν
3001 4803 3114 4863 τοῖς
3141 4806 3358 4872 καιροῖς
3396 4806 3630 4867 ἐκείνοις
3657 4805 3737 4855 τὸν

2182 4891 2423 4960 Ἰσραήλ.
2454 4891 2562 4943 Καὶ
2584 4891 2674 4942 τὸν
2709 4891 2807 4958 μὲν
2837 4890 3043 4959 Σισὰρα
3072 4893 3342 4961 φεύγοντα
3373 4895 3734 4964 ὑποδεξαμένη

2172 4983 2206 5052 ἡ
2256 4981 2401 5051 Ἰαὴ).
2439 4983 2471 5050 ἡ
2508 4981 2644 5051 γυνὴ
2684 4980 2868 5051 Χάϐερ
2916 4982 3216 5052 ὲκοίμησε’
3270 4987 3388 5038 καὶ·
3411 4988 3625 5056 σφύραν
3653 4984 3736 5036 καὶ

2173 5072 2448 5127 πάσσαλόν
2471 5073 2710 5125 λαϐοῦσα
2737 5072 2957 5140 διήλασε
3003 5074 3094 5126 τὸν
3123 5075 3398 5144 κρόταφον
3434 5076 3621 5139 αὑτοῦ,
3648 5073 3733 5124 καὶ

2170 5165 2342 5226 οὕτως
2370 5166 2570 5218 ἀνεῖλε.
2607 5165 2710 5219 Τὸν
2739 5165 2795 5216 δὲ
2828 5165 3037 5236 Ἰαδεὶμ·
3056 5169 3084 5219 ό
3114 5166 3298 5238 Βαρὰχ
3323 5169 3622 5239 διέφθειρε,
3649 5167 3732 5218 καὶ

2169 5258 2266 5326 τὴν
2299 5256 2557 5326 στρατιὰν
2581 5254 2744 5309 αὐτοῦ
2775 5255 2953 5307 πᾶσαν
2984 5256 3307 5325 κατέκοψεν.
3347 5258 3408 5309 ’0
3437 5259 3494 5310 δὲ
3519 5256 3729 5327 χείμαρ-

2169 5354 2259 5420 ρος
2291 5348 2476 5402 Κισῶν
2528 5348 2691 5410 τόπος
2732 5343 2803 5420 ἦν
2840 5351 2896 5401 ὲν
2931 5342 2974 5416 ᾧ
3017 5351 3045 5401 ό
3089 5351 3326 5420 πόλεμος
3379 5351 3603 5419 γέγονεν
3647 5349 3732 5400 καὶ

2167 5444 2340 5498 ταῦτα
2369 5441 2425 5493 δὲ
2455 5442 2487 5509 ἠ
2517 5439 2818 5508 δηλωοεῖσα
2856 5439 3033 5509 βίϐλος
3054 5440 3314 5495 διδάσκει.

491 5511 593 5566 fuit
618 5529 647 5566 a
686 5513 918 5575 Baracb.
957 5519 1050 5587 qui
1083 5521 1400 5575 universum
1433 5538 1556 5578 eum
1595 5540 1718 5592 rege
1751 5530 2054 5589 exercitum
2095 5536 2404 5606 dissipavit.
2459 5533 2700 5587 Torreus
2745 5540 2925 5586 autem
2975 5531 3140 5587 Cison
3192 5535 3479 5603 proximus
3536 5541 3616 5587 est
3680 5540 3729 5582 rt

488 5611 826 5673 continguns
874 5610 1017 5678 loco,
1078 5614 1170 5668 ubi
1219 5616 1461 5684 praelium
1508 5618 1637 5672 illud
1695 5622 2049 5681 commissum
2090 5641 2194 5686 est.
2227 5629 2352 5682 litec
2379 5633 2560 5680 autem
2591 5627 2777 5678 omnia
2835 5624 3094 5681 distincte
3144 5626 3417 5681 habentur
3487 5625 3538 5678 in
3600 5621 3728 5675 libro

487 5695 770 5755 Judieum.

561 5794 729 5858 Vens.
762 5797 844 5853 il.
879 5801 1237 5860 Extermiuati
1281 5819 1401 5862 sunt
1455 5810 1506 5864 in
1557 5811 1784 5868 Aendor.
1845 5816 2060 5870 Aendor

2240 5814 2800 5885 'EEwJoflpewnc'ar
2830 5813 2896 5867 ἑν
2931 5814 3199 5885 ’Δεῖν-δώῃ.
3239 5815 3352 5877 Καὶ
3390 5810 3540 5885 οὗτος
3574 5810 3724 5868 τόπος
