4082 6230
332 393 427 454 θοι

1489 393 1699 450 COMM
1714 388 1882 450 ENT.
1923 391 2004 448 ΙΝ
2050 389 2412 449 PSALMOS.

3477 383 3583 442 862

330 508 398 582 ἦν
421 553 433 569 .
473 511 528 561 ἐν
559 525 600 558 ω
632 509 658 559 6
681 506 822 559 κατὰ
849 505 940 559 τον
968 504 1210 576 Σισάραν
1249 505 1480 575 adhuc;
1505 504 1729 572 ἀνέστη.
1761 503 1911 566 Τινὲς

2021 503 2176 555 locus
2205 509 2290 555 est
2323 499 2412 554 ubi
2453 498 2657 553 bellum
2710 512 2835 552 cum
2879 495 3064 552 Sisara
3105 496 3460 553 commissum
3487 505 3593 550 est.

333 603 388 654 δὲ
423 600 518 652 τὸν*
539 596 940 668 προειρημένον
962 597 1127 649 τόπον
1158 597 1250 649 τοῦ
1275 597 1580 668 χειμάρρου
1609 594 1794 648 Κισῶν
1822 593 1917 647 καὶ

346 688 582 757 Ἀενδὼρ
612 686 902 748 ἐκάλεσαν,
933 685 1012 748 ὡς
1037 685 1327 754 διώνυμον.

405 773 824 843 ἐγενὴθησαν
865 773 1008 826 ὡσεὶ
1039 774 1263 839 κόπρος
1303 771 1380 841 τῇ
1407 771 1507 841 τῇ.
1543 772 1774 840 Ἀταφοι
1804 769 1917 822 κεί-

338 883 509 936 μενοι,
543 863 810 926 σαπέντες
835 865 930 916 καὶ
955 862 1320 925 διαλυθέντες.

405 957 523 1011 Θοῦ
551 956 693 1021 τοὺς
749 955 1048 1024 ἄρχοντας
1084 953 1284 1008 αὐτῶν
1325 954 1406 1019 ὡς
1445 953 1550 1008 τὸν
1591 954 1786 1022 Ὠρὴϐ,
1816 954 1916 1009 καὶ

333 1050 484 1115 Ζὴϐ,
522 1048 621 1100 καὶ
669 1047 866 1109 Ζεσεὲ,
922 1047 1019 1100 καὶ
1073 1045 1380 1114 Σαλμανὰ.
1417 1047 1721 1117 Ἀρχοντας
1769 1046 1914 1111 λέγει

331 1143 458 1207 τοις
489 1141 760 1210 ἡγεμόνας
784 1139 892 1192 τῶν
914 1156 1130 1209 προμνη
1141 1139 1510 1208 μονευθέντων
1536 1138 1724 1190 ἐθνῶν.
1745 1137 1914 1206 Ὦρὴὸ

337 1234 436 1301 μὲν
466 1232 558 1284 οὖν
615 1233 708 1284 καὶ
760 1231 893 1299 Ζὴϐ,
940 1230 1202 1299 ἄρχοντες
1252 1229 1361 1282 τῶν
1400 1228 1774 1298 Μαδιηναιων,
1820 1227 1915 1290 οὓς

333 1325 541 1378 ἀνεῖλεν
567 1325 595 1376 6
625 1323 889 1390 δηλωθεὶς
936 1321 1164 1376 Γεδεών.
1201 1322 1365 1374 Ζεϐεὲ
1399 1321 1456 1374 δὲ
1487 1322 1581 1374 καὶ
1630 1319 1910 1389 Σαλμανὰ,

335 1418 574 1487 βασιλεῖς
606 1418 808 1480 αὐτῶν,
839 1416 932 1479 οὓς
956 1418 1048 1470 καὶ
1083 1416 1282 1478 αὐτοὺς
1319 1415 1634 1469 ἀπέκτεινε.

399 1598 636 1664 Πάντας
691 1597 831 1663 τοὺς
877 1598 1177 1665 ἄρχοντας
1206 1593 1429 1650 αὐτῶν.
1484 1593 1650 1645 Ὥστε
1699 1591 1910 1662 μηδένα

335 1691 751 1759 ὑπολειφθῆναι.
809 1689 906 1742 Διὰ
935 1689 992 1742 δὲ
1019 1689 1131 1742 τῶν
1159 1688 1436 1758 ἀρχόντων
1484 1687 1580 1738 καὶ
1619 1685 1730 1739 τῶν
1755 1686 1911 1757 διαρ-

329 1800 391 1852 χο
397 1783 574 1853 μένων
601 1781 936 1852 κατηύξατο.

403 1961 633 2022 Οἵτινες
685 1956 892 2012 εἶπον·
941 1957 1506 2026 κληρονομήσωμεν
1566 1955 1804 2020 ἑαυτοῖς
1848 1955 1913 2008 τὸ

331 2048 720 2119 ἁγιαστήριον
753 2051 860 2104 τοῦ
887 2049 1059 2104 Θεοῦ.
1080 2079 1152 2090 -
1171 2049 1757 2116 Κληρονομήσωμεν,
1790 2047 1914 2100 ἀντὶ

330 2142 424 2196 τοῦ
455 2141 872 2211 Κυριεύσωμεν,
923 2140 1356 2208 ἑξουσιάσωμεν,
1397 2139 1460 2192 οὐ
1514 2137 1683 2208 τιμῆς
1728 2139 1910 2209 χάριν,

330 2233 444 2285 ἀλλ’
494 2233 747 2300 ἁρπαγῆς
780 2232 890 2284 τῶν
933 2232 1094 2302 ἱερῶν
1139 2233 1349 2284 σκευῶν
1379 2232 1473 2284 καὶ
1503 2229 1873 2300 ἀναθημάτων
1894 2241 1909 2258 ⁸

330 2325 688 2394 ᾴγιαστήριον
713 2324 806 2376 τὸν
832 2324 955 2377 ναὸν
984 2323 1297 2389 καλοῦντες,
1322 2325 1380 2376 ὲν
1413 2315 1456 2390 ᾧ
1477 2322 1504 2373 6
1543 2321 1678 2384 Θεὸς
1711 2321 1910 2391 ἠγίαςε

334 2417 427 2468 τὸν
455 2417 607 2470 λαόν.

412 2508 465 2558 '0
502 2509 648 2572 Θεὸς
696 2524 840 2575 μου,
893 2506 1001 2561 θοῦ
1052 2507 1279 2571 αὐτοὺς
1313 2509 1392 2572 ὡς
1440 2507 1680 2575 τροχόν.
1719 2509 1913 2559 Ἀστα-

327 2596 553 2660 τοῦντας
581 2598 668 2650 ἀεὶ
701 2598 794 2650 καὶ
835 2598 1189 2667 κυλιομένους
1240 2600 1362 2661 ταῖς
1392 2597 1713 2666 ἐπαλλήλων
1745 2614 1910 2667 μετα-

328 2690 535 2762 δολαῖς.
568 2691 744 2746 Τοῦτο
770 2691 880 2762 γὰρ
905 2690 1100 2763 τροχοῦ
1135 2691 1286 2745 εδιον.

432 2875 514 2938 Ως
543 2873 826 2942 καλάμην
845 2874 995 2927 κατὰ
1027 2875 1356 2942 πρόσωπον
1381 2872 1626 2942 ἀνέμου.
1653 2873 1910 2943 Εὐχερῶς

332 2962 887 3033 διασκεδαννυμένους
909 2965 1004 3017 καὶ
1035 2964 1285 3034 μηδαμοῦ
1313 2964 1504 3018 στάσιν
1534 2964 1907 3034 εὑρίσκοντας.

410 3144 566 3198 Ὠσει
613 3143 735 3210 πῦρ
769 3143 801 3197 6
827 3143 1139 3212 διαφλέξει
1173 3143 1424 3212 δρυμὸν,
1481 3145 1623 3198 ὡσεὶ
1671 3144 1832 3213 φλόξ
1871 3143 1909 3211 ἢ

331 3237 698 3302 κατακαύσει
718 3237 848 3305 ὅρη,
871 3237 1059 3302 οὕτως
1088 3235 1476 3301 καταδιώξεις
1504 3237 1727 3302 αὐτοὺς
1749 3238 1816 3290 ἐν
1836 3236 1909 3305 τῇ

330 3329 633 3398 καταιγίδι
673 3345 790 3382 σου
824 3328 924 3382 καὶ
969 3329 1041 3382 ἐν
1080 3327 1155 3396 τῇ
1187 3327 1336 3396 ὀργῇ
1365 3345 1482 3382 σου
1512 3328 1912 3397 συνταράξεις

329 3422 568 3482 αὐτούς.
599 3418 758 3474 Οὕτω
801 3419 1134 3484 καταδίωξον
1181 3422 1380 3482 αὐτοὺς
1413 3420 1746 3485 ἀναλίσκων,
1776 3421 1913 3475 ὡσεὶ

328 3513 442 3582 πῦρ
489 3513 518 3566 6
546 3511 822 3580 διαφλέξει
851 3512 1058 3581 δρυμόν
1079 3531 1093 3544 ·
1127 3512 1294 3577 ὀξέως
1319 3515 1426 3583 γὰρ
1455 3513 1614 3566 τοῦτο
1635 3515 1729 3568 καὶ
1756 3516 1913 3582 ἀφειο

329 3605 436 3666 ὃῶς
461 3604 684 3674 φέρεται
740 3604 882 3656 κατὰ
927 3604 1027 3671 τῆς
1057 3605 1188 3672 ὕλης
1212 3619 1228 3634 ο
1260 3604 1356 3657 τοῦ
1389 3605 1469 3668 δὲ,
1523 3605 1686 3660 Ὠσεὶ
1733 3605 1852 3673 πῦρ
1879 3607 1910 3661 ὃ

330 3697 636 3766 διαφλέξει
665 3697 916 3766 δρυμὸν,
941 3697 1412 3766 ὲφερμηνευτικὸν
1447 3697 1528 3762 τὸ,
1565 3697 1721 3750 Ὠσει
1749 3698 1912 3765 φλὸξ

330 3785 368 3853 ἢ
392 3789 761 3841 κατακαύσει
795 3787 927 3856 ὄρη,
957 3787 1044 3839 ναὶ
1073 3787 1184 3857 μὴν
1215 3788 1310 3839 καὶ
1342 3787 1458 3850 τοῦ,
1495 3789 1698 3854 Οὕτως
1727 3805 1908 3842 κατα-

331 3877 562 3942 διώξεις
585 3877 808 3942 αὐτοὺς
840 3878 910 3930 ἑν
946 3875 1020 3944 τῇ
1051 3876 1342 3944 καταιγίόι
1371 3893 1508 3942 σου,
1535 3879 1596 3931 τὸ
1619 3879 1724 3933 Καὶ
1754 3879 1824 3932 ἐν
1843 3878 1917 3947 τῇ

331 3966 480 4036 ὀργῇ
505 3982 622 4022 σου
677 3966 1081 4036 συνταράξεις
1123 3968 1367 4034 αὐτούς.
1397 3969 1704 4036 Καταιγίδα
1731 3969 1788 4023 δὲ
1819 3969 1916 4022 νῦν

329 4060 428 4130 τὴν
455 4060 634 4124 ὀξεῖαν
667 4059 881 4131 κίνησιν
921 4061 1020 4130 τῆς
1051 4061 1221 4130 ὀργῆς
1253 4061 1530 4115 ἐκάλεσεν.
1579 4063 1909 4132 Καταιγίδος

328 4152 436 4224 γὰρ
491 4153 622 4206 ἴδιον
690 4153 752 4206 τὸ
806 4153 1226 4222 συνταράττειν.
1277 4154 1670 4220 Καταὸιώξεις
1707 4155 1765 4208 δὲ
1813 4156 1908 4209 καὶ

331 4245 791 4316 Συνταράξειςῆ
834 4244 1189 4315 προφητικῶς
1217 4243 1501 4316 εἴρηνται.
1543 4246 1576 4316 ἢ
1613 4247 1906 4314 εὑκτικῶς,

329 4320 448 4390 ἀντὶ
473 4340 590 4405 τοῦ,
622 4338 1006 4401 Καταδίωεον
1023 4339 1119 4390 καὶ
1145 4336 1551 4404 Συντὰραξον.

2022 591 2205 663 Aliqui
2234 593 2412 645 locum
2448 591 2711 646 torrentis
2762 590 2926 644 Cison
2972 589 3225 644 eumdem
3254 603 3376 644 esse
3405 588 3596 644 dicunt

2018 697 2072 742 et
2097 685 2345 748 Acndor,
2378 695 2424 738 et
2453 684 2732 754 geminum
2756 681 2961 737 habere
2989 697 3211 735 nomen.

2092 775 2248 830 Facti
2273 785 2397 830 sunt
2416 776 2570 846 quasi
2591 785 2791 829 stercus
2817 783 2988 830 terra.
3019 772 3309 842 luscpulti,
3341 771 3594 826 dissoluti

2019 877 2074 924 et
2095 869 2415 935 putrefacti.

2093 957 2264 1013 Vens.
2302 960 2388 1014 19.
2422 959 2564 1013 Pone
2611 958 2874 1028 principes
2924 973 3104 1011 eorum
3152 956 3287 1010 sicut
3331 953 3488 1017 Oreb,
3544 960 3595 1006 et

2019 1049 2145 1111 Zeb,
2177 1059 2227 1103 et
2260 1048 2445 1109 Zebee.
2482 1059 2530 1103 et
2572 1048 2892 1102 Salmanan.
2932 1047 3033 1101 Per
3087 1046 3365 1116 principes
3421 1043 3594 1097 duces

2017 1141 2258 1211 gentium
2281 1142 2554 1211 intelligit.
2583 1157 2720 1210 quas
2740 1140 2993 1207 superius
3018 1135 3592 1191 commemoravimus.

2019 1233 2162 1286 Oreb
2197 1242 2248 1285 ct
2282 1232 2413 1296 Zeb,
2447 1232 2866 1287 Madianitarnm
2901 1241 3059 1286 erant
3093 1232 3289 1291 duces,
3322 1243 3460 1298 quos
3487 1226 3596 1281 Ge-

2017 1322 2184 1386 deou,
2223 1331 2281 1377 ut
2311 1324 2575 1384 diximus.
2609 1325 2910 1378 interemit.
2957 1321 3133 1376 Zebee
3165 1329 3346 1374 autem
3390 1327 3444 1373 et
3472 1317 3595 1372 Sal-

2018 1429 2202 1478 mana,
2229 1414 2549 1467 eorumdem
2580 1423 2738 1468 erant
2773 1427 2950 1482 reges,
2981 1412 3070 1481 qui
3128 1412 3296 1464 simili
3353 1409 3516 1464 modo
3565 1424 3593 1461 a

2015 1503 2268 1558 Gedeonc
2302 1505 2469 1558 occisi
2499 1509 2649 1557 sunt.

2091 1595 2259 1650 Vens.
2286 1597 2373 1650 l3.
2404 1595 2598 1650 Omnes
2625 1596 2892 1665 principes
2947 1611 3149 1648 eorum.
3213 1593 3288 1647 Ita
3323 1602 3381 1648 ut
3429 1608 3592 1646 nemo

2015 1687 2391 1756 relinquatur.
2451 1687 2648 1741 Verum
2706 1687 2837 1739 dum
2886 1687 3147 1740 adversus
3183 1686 3454 1754 principes
3485 1685 3591 1738 im-

2020 1790 2319 1852 precatur,
2379 1779 2632 1840 subditos
2692 1781 2856 1834 etiam
2919 1779 2999 1832 eis
3049 1779 3280 1848 populos
3343 1791 3592 1844 compre-

1948 1846 1991 1900 Β
2021 1874 2233 1930 bendlt.

2089 1966 2194 2029 Qui
2216 1966 2498 2020 dixerunt:
2518 1967 2906 2022 Hiererlitemus
2926 1968 3070 2021 nobis
3085 1965 3444 2019 sanctuarium
3477 1961 3589 2013 Dei.

2016 2088 2086 2098 —
2122 2057 2536 2124 Hareditemus,
2581 2077 2681 2132 pro
2713 2061 3090 2125 Dominemnr,
3132 2059 3213 2111 vel
3245 2059 3296 2110 iu
3330 2063 3594 2125 potestate

2017 2160 2204 2206 nostra
2244 2152 2572 2217 habeamus,
2603 2169 2712 2208 nou
2744 2164 2800 2208 ut
2835 2155 3170 2206 bonoremus
3222 2149 3375 2211 illud,
3405 2146 3498 2202 sed
3533 2155 3592 2198 ut

2017 2257 2174 2296 sacra
2205 2257 2361 2306 vasa,
2399 2251 2452 2296 et
2489 2244 2728 2314 reliquas
2763 2243 3078 2297 oblationes
3105 2240 3451 2309 diripimnus.
3490 2237 3592 2290 Per

2017 2333 2406 2389 Sanrtuaiium
2459 2347 2638 2390 autem
2677 2337 2938 2407 templum
2989 2337 3164 2403 ipsum
3216 2331 3491 2400 intelligit,
3535 2331 3592 2383 in

2015 2441 2126 2496 quo
2155 2425 2297 2480 Deus
2331 2430 2588 2497 populum
2625 2429 3029 2484 sanctiﬁcabat.

2089 2515 2251 2570 Vens.
2300 2519 2384 2571 H.
2428 2518 2563 2571 Deus
2601 2535 2766 2582 meus,
2813 2533 2946 2584 pone
2983 2533 3070 2570 eos
3121 2525 3176 2567 ut
3232 2521 3426 2566 rotam.
3456 2512 3595 2566 Con-

2017 2611 2168 2664 tinue
2239 2611 2566 2674 instabiles,
2622 2619 2677 2665 et
2743 2611 2960 2664 crebris
3031 2607 3433 2660 mutationibus
3486 2604 3596 2657 cir-

2013 2711 2318 2756 cumactos.
2358 2701 2470 2756 lloc
2506 2714 2668 2772 pacto
2702 2703 2847 2756 enim
2899 2709 3033 2755 rotzc
3075 2705 3335 2767 poterunt
3365 2711 3591 2766 compa-

2015 2794 2149 2847 rari.

2090 2883 2158 2937 Ut
2218 2883 2538 2936 arundinem
2604 2893 2728 2936 ante
2786 2883 2977 2946 {aciem
3036 2886 3193 2938 uenti.
3251 2882 3327 2936 Ita
3377 2889 3438 2934 ut
3504 2878 3589 2931 fa-

2015 2977 2120 3031 cile
2185 2975 2551 3046 dissipentur,
2612 2984 2666 3029 ct
2707 2976 2914 3029 nullum
2977 2976 3255 3031 inveniant
3315 2971 3585 3026 stabilita-

2018 3078 2154 3123 tem.

2082 3158 2249 3212 Vens.
2281 3158 2371 3219 15.
2410 3159 2498 3214 16.
2535 3159 2704 3224 Quasi
2736 3159 2878 3230 ignis
2925 3161 3016 3229 qui
3060 3159 3330 3212 comburet
3379 3157 3587 3217 silvam,

2010 3257 2060 3301 et
2089 3250 2242 3317 quasi
2281 3249 2502 3318 ﬂannna
2529 3253 2837 3304 comburens
2883 3259 3107 3316 montes,
3155 3252 3232 3302 ita
3266 3251 3589 3318 persequeris

2010 3339 2130 3393 illos
2155 3341 2209 3394 in
2239 3341 2470 3409 procella
2519 3351 2631 3407 tua,
2674 3351 2722 3396 et
2756 3344 2807 3395 in
2841 3345 2922 3396 ira
2957 3354 3050 3395 tua
3095 3343 3435 3396 conturbabis
3471 3357 3578 3394 eos.

2010 3432 2130 3487 Non
2160 3449 2323 3488 secus
2357 3435 2480 3488 illos
2513 3435 2886 3504 persequaris,
2930 3452 3140 3506 qumsn,
3169 3445 3224 3490 et
3266 3449 3586 3492 consumas.

2013 3533 2178 3593 atque
2213 3525 2356 3590 ignis
2407 3526 2546 3580 solet
2574 3526 2766 3580 silvam
2798 3528 3072 3595 populari.
3113 3525 3339 3579 Summa
3387 3525 3590 3579 etenim

2010 3617 2064 3669 vi
2117 3615 2306 3670 fertur
2356 3616 2499 3684 ignis
2544 3617 2599 3670 in
2646 3618 2863 3681 silvam,
2888 3627 2942 3671 et
2963 3619 3146 3672 omnia
3179 3617 3426 3685 corripit.
3455 3615 3582 3668 Haec

2013 3717 2198 3760 autem
2245 3708 2410 3760 verba
2451 3722 2479 3761 a
2516 3709 2878 3776 sequentibus
2931 3717 3309 3776 exponuntur,
3351 3722 3472 3774 quae
3505 3705 3589 3759 dl-

2012 3805 2149 3852 cunt
2185 3815 2199 3851 :
2240 3797 2307 3850 Et
2337 3799 2468 3850 sicut
2493 3799 2714 3866 ﬂamma
2756 3799 3065 3851 comburens
3087 3809 3308 3851 montes.
3338 3797 3403 3850 Et
3420 3793 3585 3850 simili

2012 3889 2177 3943 modo
2205 3890 2370 3943 verba
2398 3890 2486 3942 illa
2520 3907 2533 3943 :
2566 3888 2653 3942 lla
2676 3890 2999 3958 persequeris
3026 3906 3114 3942 eos
3142 3891 3193 3941 in
3217 3887 3448 3956 procella
3468 3897 3585 3946 tua,

2015 3993 2046 4030 a
2096 3978 2456 4048 sequentibus
2514 3978 2696 4032 verbis
2755 3977 3110 4032 declarantur
3142 3997 3153 4031 :
3185 3977 3250 4030 Et
3286 3978 3338 4030 in
3378 3977 3460 4028 ira
3498 3985 3589 4028 tua

2017 4068 2356 4122 conturbabis
2386 4085 2492 4122 eos.
2522 4065 2828 4120 Procellam
2861 4067 3004 4120 enim
3046 4066 3150 4118 hoc
3191 4065 3244 4118 in
3278 4065 3400 4117 loco
3445 4061 3590 4116 cele-

2017 4175 2134 4215 rem
2169 4170 2334 4230 atque
2393 4160 2765 4229 impetuosum
2820 4159 2914 4211 irze
2968 4166 3172 4210 motum
3213 4152 3590 4224 metapliorice

2019 4253 2342 4322 appellavit.
2403 4251 2666 4305 Procellee
2714 4250 2857 4303 enim
2918 4248 3200 4318 prolirium
3259 4256 3345 4300 est
3405 4242 3588 4299 omnia

2017 4345 2377 4398 conturbare.
2409 4343 2566 4410 Quod
2601 4357 2732 4397 vero
2759 4343 2854 4406 ait,
2888 4341 3243 4408 Persequeris,
3271 4348 3322 4392 et
3357 4336 3590 4392 Contur—

329 4429 498 4494 babis,
533 4432 617 4484 vel
657 4431 976 4502 prepbetice
1008 4430 1152 4484 dicta
1179 4438 1328 4497 sunt,
1361 4432 1529 4485 veluti
1558 4431 1743 4488 futura
1767 4433 2159 4503 pradicantur,
2180 4438 2265 4491 vel
2295 4437 2534 4508 optantis
2608 4434 2830 4490 modum
2902 4433 3188 4488 continent
3251 4446 3349 4501 pro
3408 4429 3594 4484 Perse.

327 4526 532 4600 quaris,
559 4533 612 4579 et
640 4526 954 4597 (lantur-bes.

397 4619 732 4686 Πλήρωσον
769 4617 841 4672 τὰ
882 4620 1174 4692 πρόσωπα
1225 4620 1426 4673 αὐτῶν
1475 4619 1731 4695 ἀτιμίας.
1779 4621 1904 4694 Ἡτ-
1942 4627 1985 4682 D

326 4716 622 4769 τοθέντων.

399 4733 622 4769 υεντων.

367 4733 833 4873 ηἘκζητήσουσι
859 4805 924 4860 τὸ
949 4803 1135 4875 ὄνομὰ
1169 4821 1306 4868 σου,
1334 4808 1526 4874 Κύριε.
1565 4806 1911 4878 Ἐρωτῶντες

333 4897 473 4966 μετὰ
497 4897 829 4966 ἐκπλήξεως.
858 4898 954 4961 Τίς
979 4891 1134 4959 οὗτος
1160 4899 1186 4950 6
1219 4896 1352 4959 Θεὸς
1381 4899 1409 4950 6
1440 4897 1757 4968 παραδόξως
1781 4900 1908 4962 τοὺς

328 4989 560 5052 οἰκείους
587 4989 909 5068 ῥυσάμενος,
949 4990 1043 5043 καὶ
1075 4987 1348 5052 ἀπολέσας
1379 4990 1525 5058 ἡμᾶς
1543 5006 1558 5054 ς

393 5171 907 5240 Αισχυνθήτῳσαν
973 5169 1074 5240 καὶ
1129 5167 1602 5240 ταραχθήτωσαν
1659 5171 1748 5233 εἰς
1799 5172 1907 5224 τὸν

327 5265 514 5317 αἰῶνα
543 5265 648 5318 τοῦ
692 5263 930 5328 αἰῶνος,
960 5264 1057 5329 καὶ
1093 5259 1581 5332 ὲντραπήτωσαν,
1623 5259 1721 5313 καὶ
1759 5261 1907 5314 ἁπο-

325 5356 668 5412 λέσθωσαν.
696 5357 1110 5425 Κατευεᾴμενος
1126 5355 1305 5409 αὐτῶν
1332 5355 1430 5422 τὴν
1457 5356 1515 5407 ὲν
1543 5349 1622 5423 τῷ
1642 5353 1907 5423 προσκαί-

330 5466 410 5518 ρῳ
437 5431 923 5518 αἰῶνιάπώελειαν,
955 5447 1280 5515 κατεύχεται
1313 5446 1409 5499 καὶ
1437 5443 1536 5514 τὴν
1566 5445 1622 5496 ὲν
1661 5442 1742 5513 τῷ
1775 5443 1905 5510 μὲλ-

330 5541 497 5594 λοντι.
531 5541 740 5593 Ἐκεῖνο
769 5541 876 5609 γὰρ
906 5539 1078 5592 αῑῶνα
1098 5539 1293 5614 αἰῶνος
1317 5537 1596 5605 ὀνομάζει,
1630 5536 1704 5600 ὠς
1728 5553 1906 5604 παρα-

330 5619 663 5701 δεδώκαμεν.
688 5633 746 5683 ’Δ
759 5631 994 5682 πώλειαν
1017 5630 1072 5682 δὲ
1101 5631 1194 5683 ἐπὶ
1238 5629 1332 5682 τοῦ
1363 5628 1650 5698 μέλλοντος
1706 5627 1902 5689 αἰῶνος

328 5724 389 5791 οὐ
418 5723 516 5794 τὴν
545 5721 907 5791 ἀνυτιαρξίαν,
939 5720 1073 5773 ἀλλὰ
1093 5723 1191 5789 τὴν
1213 5721 1436 5774 κόλασιν
1463 5720 1784 5788 εἰρήκαμεν.
1811 5719 1900 5771 Ἐν

333 5817 526 5891 ἐκεινῳ
552 5818 658 5886 γὰρ
686 5815 1057 5887 αἰσχύνονται,
1105 5816 1282 5868 εἶτουν
1319 5815 1674 5884 ἐντρέπονται
1724 5814 1774 5865 οἱ
1803 5828 1898 5885 πο.-

2090 4620 2255 4675 νειιε.
2294 4620 2382 4672 l7.
2420 4616 2585 4684 Imple
2611 4615 2774 4685 [acies
2807 4630 2988 4669 eorum
3023 4612 3338 4681 ignominia.
3373 4611 3464 4664 Eis
3498 4610 3583 4664 nio

2011 4714 2212 4767 misum
2247 4711 2570 4780 proﬂigatis.

2083 4804 2150 4858 Et
2177 4812 2414 4874 qua'rent
2449 4817 2637 4856 nomen
2670 4810 2842 4866 tuum,
2881 4799 3121 4853 Domine.
3177 4799 3587 4866 ltttcrrogantes

2009 4912 2131 4952 cum
2162 4899 2354 4949 timore
2409 4910 2472 4949 ac
2519 4905 2778 4954 tremore,
2839 4892 3094 4961 quisnam
3140 4892 3282 4946 sitis
3320 4891 3460 4946 Deus
3490 4892 3581 4958 qui

2011 4999 2118 5043 tam
2149 4987 2470 5042 admirande
2501 5002 2602 5041 nos
2627 4985 2887 5055 populum
2913 4999 3073 5038 suum
3108 4985 3380 5050 liberavit,
3409 4994 3463 5040 et
3487 4998 3584 5039 eos

2009 5081 2273 5152 perdidit.

2079 5175 2246 5229 Vens.
2285 5174 2369 5226 l8.
2400 5173 2746 5234 Erubescan..
2774 5181 2822 5227 et
2843 5171 3222 5226 conturbentur
3250 5169 3303 5221 in
3329 5165 3578 5221 swculum

2010 5268 2212 5329 saeculi,
2239 5277 2288 5320 et
2327 5267 2750 5335 confundantur,
2797 5277 2842 5318 et
2872 5273 3108 5334 pereant.
3139 5261 3274 5316 Cum
3313 5261 3580 5314 adversus

2009 5375 2105 5414 eos
2137 5359 2472 5428 imprecatus
2505 5357 2690 5422 fuerit,
2723 5367 2780 5412 ut
2815 5358 2866 5410 in
2909 5355 3166 5425 praesenti
3210 5361 3436 5421 pereant
3487 5367 3584 5406 sa:-

2008 5452 2156 5514 culo,
2185 5451 2521 5520 imprecetur
2550 5449 2712 5502 etiam
2771 5457 2828 5502 ut
2858 5455 3080 5516 pereant
3114 5445 3166 5498 in
3203 5444 3408 5504 futuro,
3434 5443 3578 5512 quod

2013 5543 2274 5598 saeculum
2309 5541 2494 5596 stt-culi
2529 5541 2838 5609 appellavit,
2870 5549 2931 5592 ut
2967 5537 3093 5592 alibi
3126 5537 3288 5591 etiam
3313 5536 3575 5591 diximus.

2012 5632 2198 5688 Perire
2234 5639 2416 5685 autem
2472 5631 2525 5684 in
2575 5629 2762 5683 futuro
2818 5627 3020 5683 sacculo
3069 5626 3159 5680 ille
3206 5625 3428 5687 dicitur,
3463 5640 3572 5679 non

2010 5718 2101 5786 qui
2137 5718 2210 5770 ita
2250 5717 2412 5786 perit,
2453 5725 2510 5770 ut
2553 5718 2787 5786 amplius
2819 5731 2924 5769 non
2961 5715 3052 5778 sit,
3088 5714 3182 5769 sed
3208 5715 3300 5786 qui
3331 5730 3424 5769 cas
3450 5709 3574 5784 per-

2010 5808 2172 5864 solvit
2206 5823 2417 5879 poenas,
2450 5823 2585 5879 quas
2607 5806 2700 5876 qui
2732 5807 3026 5874 susnnent,
3053 5805 3234 5876 perire
3261 5818 3450 5862 omnes
3481 5803 3568 5860 ιιι-
