4082 6230
366 246 476 310 865
1533 259 1930 324 COMMENT.
1979 261 2059 322 ΙΝ
2107 261 2472 323 PSALMOS.
3523 259 3631 325 866

362 373 477 424 χον,
510 362 604 412 καὶ
656 364 857 435 γοεράν
882 381 895 394 ·
930 359 997 435 ἧς
1046 366 1257 434 νοσσία,
1300 367 1582 421 τουτέστιν
1622 368 1846 437 ἔκγονα,
1888 370 1942 422 αἱ

2047 372 2286 427 animam
2325 368 2609 442 intelligit,
2646 385 2768 441 qua:
2815 377 2869 425 et
2909 376 3104 426 maesta
3134 370 3227 437 sit,
3277 378 3331 427 et
3383 372 3632 443 quietem

362 450 575 525 ἀρεταί.
611 448 700 507 Ἐν
730 457 849 519 ταῖς
885 456 1244 530 Ἐκκλησίαις
1302 460 1411 531 γὰρ
1452 460 1637 530 ἔχουσι
1670 463 1769 533 τὴν
1826 463 1942 518 σκέ·

2061 473 2305 519 sectetur
2348 480 2363 517 :
2405 463 2566 533 cujus
2602 463 2760 533 pulli,
2795 462 3032 531 hocest,
3057 463 3217 531 cujus
3246 463 3367 527 ﬁlii,
3404 465 3639 519 virtutes

369 566 476 618 πην
532 548 591 603 αἱ
636 549 884 603 τοιαῦται
939 551 1131 623 ψυχαί.
1188 548 1270 608 Οὗ
1318 554 1378 606 δὲ
1416 553 1612 621 θήσει,
1658 555 1780 607 ἀντὶ
1833 554 1942 617 τοῦ,

2063 562 2212 607 sunt.
2246 550 2463 607 Habent
2492 562 2673 608 autem
2705 550 3026 621 huiusmodi
3057 552 3251 606 animm
3271 552 3325 606 in
3355 552 3638 617 Ecclesiis.

369 642 543 694 Ὅπου
564 641 814 710 διαθήσει
849 643 942 696 καὶ
969 644 1281 715 ἐνεργήσει.
1311 645 1417 698 Καὶ
1448 644 1619 707 ἄλλως
1649 644 1729 710 δὲ,
1754 660 1942 714 στρου·

2061 644 2219 714 quasi
2256 643 2311 698 in
2337 645 2666 714 quibusdam
2694 642 2988 699 tutissimis
3021 644 3186 709 nidis,
3220 647 3635 713 protectioncm,

1533 259 1930 324 COMMENT.
1979 261 2059 322 ΙΝ
2107 261 2472 323 PSALMOS.

256 744 261 763 '
367 733 480 786 ϐίον
512 732 612 803 μὲν
666 735 694 786 ὁ
722 735 1108 805 Χριστιανικὺς
1137 736 1284 800 λαὸς,
1320 736 1808 805 ἐπιϐουλευόμενος
1845 736 1942 790 (ira!

2062 744 2229 806 atque
2261 735 2561 808 refugium.
2597 735 2698 790 Ubi
2726 746 2903 806 ponet,
2939 749 3120 793 autem
3159 738 3319 801 dixit,
3374 753 3495 806 pro,
3537 736 3638 792 Uhi

2057 832 2338 899 disponet,
2382 840 2548 900 atque
2579 831 2671 884 ubi
2708 832 3049 901 cperabitur,
3082 829 3397 900 hujusmodi
3427 829 3642 884 sciliret

2052 922 2309 978 virtutes.
2339 922 2404 977 Et
2426 922 2586 977 aliter
2621 939 2635 975 :
2666 938 2859 992 passer
2886 930 2972 977 est
3004 922 3238 991 populus
3266 920 3637 983 Christianus,

2054 1013 2146 1069 cui
2173 1023 2281 1067 tam
2314 1013 2734 1080 intellectualcs,
2769 1029 2933 1084 quam
2964 1014 3153 1067 mundi
3198 1012 3364 1077 hujus
3413 1022 3643 1065 venato-

363 842 424 877 τε
454 824 563 878 τῶν
601 827 877 897 αἰσθητῶν
928 829 1024 882 καὶ
1057 830 1265 899 νοητῶν
1298 828 1600 899 θηρευτῶν,
1654 828 1949 897 δαιμόνων,

367 919 531 985 φημὶ,
577 918 671 970 καλ⁵
696 918 1002 987 ἀνθρώπων
1031 920 1243 975 ἀσεϐῶν
1274 937 1287 953 ο
1318 918 1536 991 τρυγὼν
1571 920 1628 973 δὲ
1684 921 1790 983 πᾶς
1830 921 1950 974 επί-

367 1026 567 1071 σκοπος
621 1012 717 1063 καὶ
746 1010 1066 1075 διδασκαλος
1100 1012 1419 1076 εὐσεϐείας·
1476 1012 1526 1066 οἳ
1566 1016 1621 1066 ὲν
1663 1014 1785 1076 ταῖς
1830 1012 1954 1065 Ἐκ-

366 1101 621 1170 κλησίαις
686 1103 931 1157 τιθέασιν
993 1104 1087 1167 οὓς
1144 1104 1483 1173 ἀναγεννῶσι
1538 1105 1942 1175 πνευματικῶς.

2056 1121 2169 1169 res,
2199 1108 2485 1164 daemones
2526 1108 2789 1163 nimirum
2816 1120 2981 1179 atque
3010 1108 3163 1178 impii
3198 1106 3469 1168 homines,
3500 1104 3641 1159 insi-

367 1184 509 1259 Εὗρε
558 1194 686 1261 γὰρ,
710 1194 865 1262 φησὶ,
898 1194 960 1247 τὸ
993 1196 1092 1262 μὲν
1127 1196 1327 1258 οίκίαν,
1354 1197 1385 1265 ἡ
1415 1196 1472 1249 δὲ
1515 1198 1737 1249 νοσσιὰν
1765 1196 1835 1249 τὰ
1863 1196 1942 1249 θυ-

2058 1198 2306 1267 diantur.
2340 1197 2547 1253 Turtur
2581 1211 2766 1255 autem
2806 1211 2890 1255 est
2928 1201 3221 1270 episc0pus
3254 1197 3504 1268 quilibet,
3550 1206 3644 1250 aut

368 1286 661 1352 σιαστήριά
742 1301 874 1348 σου,
923 1285 1103 1338 εἴτουν
1144 1286 1239 1349 τὰς
1285 1286 1581 1356 ἐκκλησίας
1630 1304 1748 1354 σου,
1781 1288 1838 1340 ὲν
1869 1282 1942 1351 αἷς

2060 1288 2257 1345 doctor
2296 1289 2627 1345 Christiana:
2665 1292 2968 1361 religionis,
3004 1292 3097 1360 qui
3121 1292 3176 1345 in
3212 1290 3472 1345 Ecclesiis
3499 1288 3645 1343 ﬁlios

366 1371 712 1444 καθεκάστην
741 1374 930 1428 Θύεται
957 1379 983 1429 ὁ
1013 1379 1388 1448 πνευματικὸς
1435 1380 1651 1449 Ἀμνός.

2056 1383 2239 1450 ponit,
2269 1396 2407 1451 quos
2441 1398 2538 1451 per
2573 1384 2837 1452 Spiritum
2874 1391 3183 1454 regenerat.
3234 1383 3451 1437 lnvenit
3490 1383 3637 1437 enim

373 1465 576 1535 inquit,
610 1484 806 1538 passer
856 1471 1104 1537 domum,
1140 1480 1196 1528 et
1248 1484 1431 1528 turtur
1478 1476 1693 1540 nidum,
1754 1476 1950 1530 altaria
1989 1476 2253 1531 nimirum
2288 1486 2402 1542 tna,
2442 1477 2543 1533 hoc
2593 1486 2699 1541 est,
2764 1478 3032 1533 ecclesias
3085 1485 3232 1542 tuas,
3306 1478 3359 1530 in
3436 1474 3638 1544 quibus

365 1566 596 1635 singulis
616 1567 809 1624 diebus
841 1570 1145 1638 spiritualis
1173 1572 1362 1640 Agnus
1390 1573 1731 1627 immolatur.

449 1662 510 1714 '0
536 1664 842 1731 ,ϐασιλεύς
869 1682 989 1733 μου
1032 1666 1133 1721 καί
1173 1669 1207 1721 ὁ
1262 1670 1406 1735 Θεός
1421 1685 1562 1737 μου.
1595 1662 1763 1731 Οὗτος
1788 1669 1816 1720 ὁ
1841 1669 1942 1719 στί-

2128 1664 2238 1717 Rea:
2262 1678 2407 1716 meus
2437 1671 2486 1716 et
2517 1662 2656 1715 Deus
2696 1675 2867 1715 meus.
2913 1658 3239 1715 Versiculus
3270 1658 3374 1713 iste
3407 1658 3641 1713 habetur

364 1771 457 1824 χος
483 1757 659 1817 κεῖται
684 1758 777 1809 καὶ
807 1760 864 1810 ὲν
894 1758 973 1828 τῷ
1013 1756 1054 1810 ε’
1085 1758 1310 1829 ψαλμῷ.

2050 1757 2218 1808 etiam
2253 1753 2307 1805 in
2336 1753 2531 1821 quinto
2559 1752 2793 1821 psalmo.

436 1848 725 1916 Μακάριοι
765 1854 820 1904 οἱ
869 1851 1299 1917 κατοικοῦντες
1354 1853 1425 1905 ἐν
1464 1851 1544 1916 τῷ
1598 1852 1744 1917 οικῳ
1805 1866 1942 1904 σου.

2120 1843 2289 1898 Vens.
2329 1843 2382 1895 5.
2430 1842 2605 1905 Beati,
2643 1844 2734 1911 qui
2752 1843 3001 1895 habitant
3031 1843 3087 1895 in
3129 1841 3290 1895 domo
3325 1850 3440 1897 tua.
3491 1840 3638 1895 Con-

376 1938 530 1991 Ἐπεὶ
579 1940 689 2010 γὰρ
722 1940 887 2003 αὐτὸς
917 1943 945 1993 ὁ
982 1941 1148 1994 Δαόὶδ
1202 1941 1523 2009 ἐπεθύμησε
1581 1942 1678 2009 μὲν
1732 1942 1811 2002 εἰς
1850 1941 1942 2003 τὰς

2054 1935 2258 2000 cupivit
2295 1932 2517 2001 quidem
2553 1935 2749 1988 beatus
2780 1933 2947 1987 David
3004 1934 3235 1989 introire.
3262 1934 3315 1987 in
3350 1935 3505 1987 aulas
3532 1932 3638 1987 Do-

362 2029 700 2098 δηλωοείσας
750 2032 921 2095 αὐλὰς
977 2031 1500 2102 είσελθείννπτόρῤω
1545 2030 1601 2083 δὲ
1634 2026 1723 2101 ἦν,
1759 2030 1942 2081 λοιπὸν

2059 2024 2218 2084 mini,
2254 2040 2391 2093 quas
2430 2023 2692 2089 diximus,
2726 2032 2780 2079 et
2810 2036 2993 2079 tamen
3036 2025 3230 2094 procul
3267 2025 3337 2078 ab
3387 2023 3470 2078 eis
3505 2038 3640 2077 con-

368 2122 665 2193 μακαρίζει
686 2125 811 2185 τοὺς
850 2124 1244 2187 κατοικοῦντας
1291 2125 1349 2176 ὲν
1375 2124 1591 2181 αὐταῖς.
1623 2120 1785 2176 Οίκον
1842 2121 1942 2189 γὰρ

2048 2117 2182 2172 stitit
2208 2117 2429 2186 (mentis
2466 2116 2642 2170 oculis
2674 2124 2882 2171 tantum
2903 2116 3343 2185 cernens),quod
3366 2117 3638 2183 reliquum
3692 2165 3703 2176 ,

364 2215 459 2267 τοῦ
491 2216 731 2284 Χριστοῦ
797 2216 1000 2278 ταύτας
1041 2215 1380 2283 ὑποληπτέον
1402 2232 1415 2245 ο
1449 2214 1756 2283 ἀδιαφόρως
1787 2214 1841 2265 δὲ
1878 2208 1942 2265 oi-

2048 2219 2133 2262 est
2170 2209 2336 2278 igitur
2369 2209 2491 2264 illos
2519 2210 2760 2279 appellat
2787 2209 2978 2264 beatos
3032 2210 3126 2278 qni
3181 2209 3294 2263 illic
3338 2208 3637 2262 habitaturi

365 2320 461 2356 κον
496 2306 589 2357 καὶ
648 2306 831 2370 οἴκους
872 2308 1064 2376 εἴρηκε
1092 2322 1104 2335 ·
1141 2309 1263 2369 ταῖς
1302 2307 1399 2375 μὲν
1424 2306 1535 2375 γὰρ
1577 2306 1834 2367 τοπικαῖς
1866 2304 1942 2356 θέ-

2049 2310 2229 2356 erant.
2256 2300 2362 2355 Per
2379 2301 2600 2355 domum
2618 2303 2765 2357 enim
2792 2301 2910 2367 Dei,
2938 2302 3038 2357 has
3059 2303 3204 2371 ipsas
3226 2302 3405 2361 aulas.
3431 2301 3637 2355 Christi

368 2409 486 2445 σεσι
550 2394 737 2447 πολλοί
781 2398 918 2448 εἰσιν
943 2392 1082 2449 οἴκοι
1125 2399 1193 2466 τῇ
1228 2395 1482 2465 εὐσεϐείᾳ.
1519 2396 1592 2457 ιδὲ
1641 2398 1736 2454 καὶ
1763 2411 1942 2447 κοινω‹

2056 2394 2318 2448 nimirum
2348 2396 2618 2450 ecclesias
2654 2395 2975 2465 intelligere
3006 2394 3293 2450 debemus.
3318 2392 3642 2449 lndiﬁ‘eren-

364 2486 454 2553 νὶᾳ
485 2485 582 2547 τῆς
611 2490 847 2550 πίστεως
872 2481 953 2549 εἷς
987 2489 1034 2539 οἱ
1059 2487 1349 2556 ἅπανταχῆ
1377 2487 1757 2556 τυγχάνουσιν.

2058 2496 2142 2541 ter
2183 2495 2366 2540 autem
2399 2488 2666 2556 singulari
2696 2502 2952 2551 numero,
2999 2495 3053 2542 et
3087 2486 3303 2555 plurali:
3341 2502 3474 2541 usus
3506 2497 3593 2541 est
3622 2501 3637 2549 ;

363 2578 619 2644 quoniam
645 2579 688 2630 si
714 2578 828 2630 loca
851 2578 1137 2645 respicias,
1193 2579 1442 2632 ecclesia:
1498 2594 1732 2633 numero
1794 2577 1981 2647 plures
2021 2585 2201 2632 sunt:
2272 2578 2319 2631 si
2374 2578 2692 2648 religionem
2746 2586 2800 2633 et
2863 2578 2990 2633 ﬁdei
3040 2580 3633 2649 communicationem,

364 2669 542 2721 omnia
582 2683 701 2733 qua:
749 2668 953 2736 ubique
1003 2669 1251 2723 locorum
1303 2678 1434 2723 sunt
1477 2667 1700 2739 templa,
1764 2684 1926 2721 unam
1968 2669 2313 2723 constituunt
2343 2669 2582 2724 ﬁdelium
2616 2670 2945 2725 Ecclesiam.

426 2765 526 2828 Εις
581 2763 723 2829 τοὺς
761 2765 982 2831 αἰῶνας
1016 2766 1136 2819 τῶν
1183 2764 1415 2820 αίώνων
1444 2765 1784 2821 αὶνέσουο-ι.
1844 2764 1945 2818 Διὰ

363 2854 564 2917 παντὸς
602 2854 1029 2908 ἀκατάπαυστον
1053 2854 1238 2919 ἕξουσι
1268 2855 1366 2925 τὴν
1396 2855 1495 2923 σὴν
1525 2854 1821 2924 ὑμνῳδίαν.

433 2946 741 3015 Μακάριος
782 2948 940 3016 ἀνὴρ
962 2941 1009 3015 ᾧ
1048 2949 1219 3002 ἐστιν
1246 2948 1576 3016 ἀντίληψις
1605 2948 1767 3012 αὐτῷ
1788 2950 1951 3014 παρὰ

2130 2762 2193 2816 1η
2215 2765 2411 2819 “ecula
2435 2766 2749 2819 swculorum
2771 2765 3155 2820 laudabunt‘te.
3181 2766 3409 2835 Semper
3434 2779 3497 2819 ar.
3518 2781 3644 2838 per-

2054 2865 2223 2922 petito
2253 2856 2444 2911 laudes
2479 2866 2601 2912 tuas
2633 2859 2685 2911 in
2719 2872 2814 2911 ore
2850 2857 3153 2911 habebunt.

2127 2944 2290 2998 Vens.
2321 2945 2374 2999 6.
2409 2944 2607 3000 Beatus
2633 2948 2732 3011 vir,
2768 2947 2855 3000 cui
2889 2956 2965 2999 est
2989 2948 3255 3000 auxilium
3277 2949 3327 3001 ei
3354 2949 3444 3001 abs
3476 2956 3545 3002 te.
3573 2948 3634 3003 In

362 3038 499 3093 σοῦ.
532 3038 813 3110 Μακάριος
871 3042 1099 3106 ἐκεῖνος,
1157 3033 1311 3108 ᾧτινι
1348 3039 1499 3109 αὐτῷ
1549 3041 1667 3092 ἔστι
1724 3039 1942 3109 βοήθεια

2055 3033 2160 3087 hoc
2187 3035 2465 3089 versiculo
2493 3035 2697 3090 idioma
2746 3036 3023 3105 quoddam
3061 3035 3394 3091 Hebraicum
3424 3047 3530 3102 est,
3557 3037 3632 3093 illi

363 3136 471 3188 ἀπὸ
517 3136 638 3190 σοῦ.
671 3137 806 3207 Περὶ
855 3138 913 3190 δὲ
938 3137 1033 3189 τοῦ
1075 3136 1358 3207 σχήματος
1393 3134 1584 3187 τούτου
1632 3134 1848 3204 εἴρηται
1886 3136 1943 3187 ὲν

364 3226 441 3296 τῷ
459 3226 658 3298 ψαλμῷ
677 3229 745 3293 θ’,
776 3230 856 3291 είς
871 3230 951 3282 τό·
976 3223 1059 3285 Οὗ
1082 3228 1232 3295 ἀρᾶς
1248 3228 1314 3281 τὸ
1336 3226 1532 3296 στόμα
1550 3227 1738 3280 αὐτοῦ
1757 3224 1941 3295 γέμει.

433 3321 685 3386 Ἀναϐὰς
716 3321 787 3375 ἐν
815 3318 889 3388 τῇ
920 3319 1135 3388 καρδίᾳ
1155 3318 1344 3374 αὐτοῦ
1384 3317 1632 3375 διέθετο.
1680 3318 1737 3370 '0
1766 3316 1943 3369 τοιοῦ.

2051 3125 2251 3189 simile,
2287 3128 2432 3195 quod
2457 3126 2700 3183 vidimus
2730 3128 2781 3181 in
2825 3128 3034 3197 psalmo
3067 3144 3142 3192 lx,
3174 3128 3247 3183 ibi
3281 3128 3486 3197 :Cujus
3518 3146 3636 3183 ma-

2048 3216 2328 3271 ledictione
2350 3235 2407 3271 os
2431 3218 2543 3287 ejus
2566 3219 2777 3286 plenum
2811 3229 2928 3280 est;
2960 3220 3050 3274 ubi
3082 3220 3226 3275 vide.

2116 3310 2461 3365 Ascensiones
2488 3312 2542 3365 in
2564 3312 2721 3366 corde
2750 3328 2847 3366 suo
2880 3312 3163 3382 disposuit.
3197 3313 3630 3386 Talis.inqnatri,

361 3430 452 3475 τος
482 3411 772 3482 ἄνθρωπος
824 3385 1122 3475 ἀναδέσεις
1174 3411 1284 3465 ἀπὸ
1321 3411 1432 3465 τῶν
1486 3411 1697 3481 γηΐνων
1730 3410 1824 3463 ἐπὶ
1876 3409 1942 3463 τὰ

2050 3401 2216 3456 humo
2254 3405 2589 3473 excogitavit
2635 3405 2780 3459 intra
2813 3420 2873 3461 se
2910 3406 3139 3476 gradus,
3169 3415 3337 3473 atque
3367 3385 3635 3464 ascensus

362 3501 610 3570 οὐράνια,
637 3502 731 3555 καὶ
761 3501 870 3554 ἀπὸ
898 3502 1008 3554 τῶν
1038 3500 1316 3572 αἰσθητῶν
1368 3502 1466 3555 ἐπὶ
1524 3501 1595 3555 τὰ
1623 3500 1812 3569 νοητὰ,
1849 3501 1947 3553 καὶ

361 3594 469 3648 ἀπὸ
497 3594 605 3647 τῶν
638 3595 898 3664 χειρόνων
945 3595 1039 3647 ὲπὶ
1075 3594 1144 3646 τὰ
1176 3593 1487 3664 κρείττονα,
1516 3593 1574 3645 ὲν
1608 3592 1790 3661 ἐαυτῷ
1830 3593 1944 3645 διε-

365 3687 740 3759 μηχανήσατο,
780 3685 1116 3755 διενοήσατο,
1168 3684 1598 3738 κατεσκεύασεν.
1639 3679 1763 3736 Εἶεν
1788 3683 1834 3735 δ’
1877 3683 1944 3736 ἂν

363 3780 505 3833 αὐτὰ
558 3779 609 3831 ot
642 3777 841 3847 ἀγαθοὶ
881 3778 1155 3846 λογισμοὶ,
1185 3777 1253 3830 δι’
1285 3770 1361 3830 ὧν
1394 3774 1572 3831 ἄνεισι
1596 3791 1703 3840 τις,
1745 3774 1821 3837 ὠς
1855 3774 1945 3827 διὰ

363 3869 649 3939 κλίμακος,
708 3870 801 3922 ἐπὶ
835 3870 902 3922 τὰ
954 3868 1136 3938 ὑψηλὰ
1164 3869 1258 3921 καὶ
1290 3866 1432 3921 θεῖα.
1496 3867 1805 3936 Μακάριος,
1836 3882 1945 3935 φηο

365 3960 470 4024 σίν,
502 3962 530 4014 ὁ
552 3966 653 4032 τὴν
679 3962 777 4031 σὴν
806 3960 946 4031 ἔχων
970 3959 1282 4030 ἀντίληψιν.
1308 3959 1464 4028 Ἔχει
1494 3958 1552 4012 δὲ
1601 3958 1810 4030 ταύτην
1833 3959 1942 4020 πᾶς

361 4054 390 4105 ὸ
412 4052 703 4117 ἀναδάσεις
732 4056 791 4107 ὲν
820 4056 885 4124 τῇ
915 4050 1116 4122 καρδία
1152 4050 1550 4121 διατιθέμενος.

433 4230 538 4297 El;-
597 4228 712 4296 τὴν
766 4226 1022 4282 κοιλάδα
1078 4227 1187 4283 τοῦ
1236 4225 1656 4297 κλαυθμῶνος.
1720 4227 1942 4281 Διέθετο

361 4322 565 4386 ταύτας
595 4324 652 4374 ἐν
676 4320 855 4393 ἑαυτῷ
883 4321 981 4384 τὰς
1002 4319 1321 4384 ἀναϐάσεις,
1347 4318 1424 4375 ὢν
1452 4321 1515 4373 ἐν
1542 4320 1621 4386 τῷ
1652 4320 1806 4391 τόπῳ
1844 4320 1939 4373 τοῦ

360 4411 716 4483 κλαυθμῶνος
754 4428 767 4441 ·
801 4412 1021 4483 εἴρηται
1078 4411 1136 4464 δὲ
1185 4411 1372 4474 κοιλὰς
1420 4409 1775 4481 κλαυθμῶνος
1833 4411 1941 4464 ἀπὸ

365 4504 677 4572 μεταφορᾶς
701 4501 795 4556 τοῦ
821 4503 1015 4570 τόπου,
1042 4505 1101 4556 ὲν
1221 4502 1393 4555 πάλαι
1439 4501 1541 4573 τὴν
1593 4504 1941 4572 παρανομίαν

360 4592 472 4645 τῶν
523 4594 791 4662 Ἐϐραίων
834 4593 1062 4661 ἐλέγξας
1115 4594 1144 4645 ὀ
1190 4592 1344 4657 Θεὸς,
1403 4594 1483 4656 εἰς
1530 4590 1809 4662 κλαυθμὸν
1848 4594 1939 4647 τὸν

360 4683 489 4738 λαὸν
530 4684 751 4756 ἐκίνησε
784 4699 798 4715 ’
824 4684 906 4738 διὸ
933 4683 1026 4738 καὶ
1060 4684 1281 4749 Κοιλὰς
1323 4682 1716 4752 κλαυθμῶν-ος
1764 4685 1792 4736 ὁ
1838 4685 1928 4739 τό-

360 4793 461 4839 πος
482 4777 685 4837 ἐκεῖνος
716 4775 945 4846 ἐκλήθη.
978 4774 1178 4837 Κοιλὰς
1207 4774 1266 4827 δὲ
1325 4773 1388 4827 τὸ
1414 4774 1594 4827 κοῖλον
1624 4776 1719 4827 καὶ
1742 4792 1936 4828 ταπει-

360 4870 497 4923 νόν’
562 4870 621 4922 ὲν
680 4871 1013 4923 ταπεινώσει
1060 4868 1119 4921 δὲ
1177 4868 1390 4936 γίνεται
1448 4868 1483 4937 ἡ
1539 4867 1820 4936 μετάνοια,
1874 4867 1941 4938 ἢν

360 4962 725 5032 όναγωγικῶς
779 4963 949 5033 δηλοῖ.
1004 4962 1116 5016 Καὶ
1170 4961 1280 5031 γὰρ
1324 4961 1487 5024 τόπος
1540 4959 1898 5029 κλαυθμῶνος
1923 4999 1941 5025 ,

360 5054 724 5131 ἀναγωγικῶς
754 5056 787 5125 ἡ
816 5053 1093 5123 μετάνοια.
1114 5100 1121 5109 ,
1310 5073 1391 5105 μετ

2048 3497 2319 3565 quosdam
2372 3513 2400 3550 a
2443 3498 2799 3554 sensibilibus
2840 3498 2908 3554 ad
2954 3497 3367 3566 intellectualis,
3407 3515 3436 3555 a
3480 3501 3633 3571 pejo-

2049 3587 2204 3644 ribns
2237 3588 2302 3642 ad
2354 3591 2604 3645 meliora.
2666 3589 2808 3646 Sunt
2845 3600 3028 3647 autem
3071 3592 3192 3647 ista:
3249 3595 3627 3653 ascensimzcs.

2046 3678 2205 3734 bonae
2232 3680 2481 3750 quadam
2521 3684 2908 3752 cogitationes,
2956 3698 3056 3751 per
3111 3699 3249 3753 quas
3311 3685 3480 3739 veluti
3532 3702 3635 3755 per

2045 3773 2248 3828 scalam
2279 3772 2551 3842 gradatim
2579 3774 2646 3827 ad
2682 3774 2790 3828 alta
2820 3781 2873 3828 et
2912 3775 3094 3828 divina
3127 3776 3270 3830 dona
3303 3780 3629 3832 conscendi-

2045 3881 2191 3920 mus.
2228 3864 2429 3920 Beatus
2454 3865 2662 3936 itaque,
2692 3866 2889 3936 inqttit,
2920 3866 3013 3922 ille
3042 3875 3147 3932 est,
3176 3867 3269 3937 qui
3297 3868 3504 3923 auxilio
3534 3879 3629 3925 tuo

2045 3975 2105 4014 se
2133 3960 2552 4028 potestjuvare.
2602 3957 2681 4014 llli
2724 3968 2909 4015 autem
2966 3960 3232 4015 auxilium
3282 3970 3434 4016 tuum
3485 3977 3627 4033 prm-

2045 4061 2132 4106 sto
2185 4049 2371 4115 fuerit,
2422 4050 2518 4121 qui
2555 4051 2912 4107 ascensiones
2940 4050 3075 4107 istas
3102 4051 3157 4106 in
3190 4066 3288 4107 suo
3312 4051 3478 4109 corde
3502 4054 3623 4109 dis-

2044 4141 2313 4213 posuerit.

2114 4233 2178 4288 In
2210 4233 2344 4289 valle
2370 4233 2749 4304 lacrymarum.
2784 4233 3070 4305 Disposuit
3118 4244 3301 4292 autem
3350 4238 3404 4292 in
3440 4238 3631 4309 seipso

2044 4324 2358 4396 hnjusmodi
2406 4327 2782 4393 ascensiones,
2834 4327 3115 4385 exsistens
3171 4329 3227 4383 in
3279 4328 3399 4384 loco
3447 4330 3627 4399 lacry-

2042 4432 2277 4471 marum.
2308 4415 2478 4472 Vallis
2501 4428 2681 4472 autem
2713 4417 3110 4488 lacrymarum,
3141 4434 3235 4473 seu
3266 4418 3422 4474 vallis
3441 4417 3625 4485 ﬁctus,

2043 4508 2413 4577 metaphoriee
2463 4508 2609 4563 dicta
2650 4516 2738 4563 est
2770 4509 2838 4563 ab
2878 4509 2971 4562 illo
3005 4507 3152 4574 loco,
3187 4509 3278 4564 ubi
3310 4510 3441 4564 olim
3481 4510 3631 4565 Deus

2042 4598 2395 4655 chrmorum
2428 4599 2748 4671 iniquitates
2787 4600 3151 4670 redarguens,
3174 4603 3434 4671 populum
3470 4617 3623 4658 com-

2043 4693 2212 4746 movit
2242 4692 2307 4745 ad
2342 4691 2529 4746 ﬁctum
2570 4711 2584 4747 :
2623 4693 2767 4748 unde
2805 4692 2976 4748 Vallis
3007 4694 3163 4763 fletus
3209 4694 3517 4764 appellatus
3541 4702 3627 4750 est

2042 4785 2196 4840 locus
2233 4786 2343 4839 ille.
2383 4786 2451 4839 Et
2486 4788 2615 4855 quia
2667 4785 3047 4855 cujuscunque
3080 4786 3236 4842 vallis
3274 4787 3414 4842 situs
3444 4785 3630 4841 humi-

2044 4878 2251 4932 litatem
2291 4892 2400 4945 pra:
2430 4893 2488 4933 se
2513 4878 2639 4943 fert,
2675 4878 2937 4933 docemur
2964 4878 3109 4947 quod
3137 4895 3263 4935 cum
3316 4880 3633 4934 humilitate

2050 4970 2254 5038 agenda
2298 4980 2389 5023 εει
2450 4970 2633 5024 omnis
2684 4971 3032 5040 poenitentia.
3103 4970 3179 5026 De
3235 4971 3632 5039 paenitentibus

2049 5058 2194 5112 enim
2246 5061 2489 5129 loquitur
2540 5059 2812 5131 Propheta
2884 5077 2981 5119 eos
3036 5062 3357 5117 beatiﬁcans
3413 5061 3504 5130 qui
3567 5059 3626 5112 ἰιι

363 5149 502 5204 valle
565 5149 929 5218 Iacrytnarnm
1006 5149 1356 5204 ascensioncs
1417 5143 1789 5213 disposuerint
1857 5146 1910 5199 in
1950 5152 2135 5209 corde.
2167 5152 2302 5207 Nam
2335 5156 2488 5225 juxta
2554 5168 2836 5227 anagogen
2912 5156 3052 5210 idem
3122 5154 3283 5209 nobis
3329 5152 3627 5222 signiﬁcat.

360 5238 520 5293 Villis
549 5237 732 5301 ﬂetus,
760 5236 905 5307 quod
942 5236 1277 5307 paenitentize
1300 5235 1474 5290 locus.

429 5334 536 5398 Εἰς
583 5331 792 5396 τόπον,
845 5330 918 5384 ὃν
968 5332 1157 5385 ἔθετο.
1212 5331 1306 5382 ’Ὠν
1371 5332 1430 5383 ὲν
1490 5332 1556 5401 τῇ
1593 5329 1800 5384 κοιλάδι
1844 5332 1939 5385 τοῦ

360 5422 718 5493 κλαυθμῶνος
743 5439 756 5454 ·
785 5421 989 5494 δηλαδὴ
1016 5425 1075 5476 ἐν
1103 5421 1277 5492 τόπῳ,
1307 5421 1367 5474 ὃν
1401 5419 1556 5473 ἔθετο
1589 5420 1791 5493 ἑαυτῷ,
1822 5422 1856 5493 ἢ
1882 5424 1941 5476 ὃν

358 5515 557 5569 εἵλετο.

431 5608 538 5662 Καὶ
570 5606 677 5676 γὰρ
714 5607 995 5675 εὐλογίας
1026 5605 1204 5659 δώσει
1254 5608 1285 5660 ὁ
1329 5608 1683 5676 νομοθετῶν.
1747 5608 1940 5660 Maudi-

2113 5334 2178 5388 ln
2215 5336 2350 5401 loco,
2398 5353 2550 5406 quem
2595 5338 2796 5407 posuit.
2828 5337 3113 5392 Exsistens
3160 5336 3212 5388 in
3251 5334 3390 5390 valle
3433 5332 3620 5391 ﬂetus.

2040 5436 2206 5495 atque
2252 5427 2305 5481 in
2361 5430 2483 5482 loco
2518 5445 2679 5499 quem
2715 5430 2821 5486 sibi
2864 5429 2966 5498 ipsi
3019 5428 3225 5497 posuit,
3274 5428 3376 5482 hoc
3423 5437 3526 5491 cst,
3562 5430 3617 5480 in

2041 5518 2160 5571 loco
2193 5534 2354 5587 quem
2387 5523 2570 5588 Qlt'gll.

2114 5606 2277 5662 Vens.
2313 5609 2363 5662 8.
2427 5609 2633 5663 Etenim
2686 5612 3066 5665 benedictione:
3122 5612 3270 5665 dabit
3316 5611 3615 5682 legislatnr.

361 5716 490 5768 ριοι,
526 5699 711 5769 φησὶν,
746 5699 793 5751 οἱ
826 5698 1082 5768 ῥηθέντες
1111 5714 1123 5726 ⁸
1160 5697 1255 5750 καὶ
1284 5698 1391 5769 γὰρ
1418 5699 1511 5753 καὶ
1562 5701 1586 5750 ὁ
1634 5700 1868 5769 Χριστὸς
1911 5702 1938 5752 ὁ

2046 5699 2185 5753 Beati
2223 5701 2317 5767 illi,
2346 5705 2542 5772 inquit,
2579 5714 2707 5758 sunt
2759 5721 2896 5775 quos
2938 5706 3317 5775 prredixitnus.
3377 5706 3508 5761 Nam
3560 5716 3614 5763 et
