4082 6230
490 233 590 301 86Ἰ

1715 236 2099 302 EUTHYMII
2135 234 2495 300 ZIGABENI

3638 229 3754 292 86‘1

489 356 768 422 Christus,
801 356 894 426 qui
929 356 1069 411 hanc
1101 357 1260 412 nobis
1302 358 1473 429 le'gem
1519 357 1690 422 dedit,
1727 358 2055 428 evangelicis

2167 354 2480 424 νομοθετῶν
2508 353 2578 405 τὰ
2623 352 2849 404 τοιαῦτα
2884 351 2974 403 διὰ
3003 349 3113 403 τῶν
3162 346 3540 415 εὐαγγελικῶν
3601 350 3755 399 ἐντο-

487 451 654 505 etiant
681 450 952 505 mandatis
982 449 1099 504 suis
1124 449 1540 506 benedictiones
1563 452 1644 506 eis
1673 451 1846 514 dabit,
1871 466 2066 520 quern-

490 542 780 596 admodum
813 541 956 608 apud
995 539 1307 594 Matthaeum
1369 550 1423 595 et
1455 540 1659 594 Lucam
1703 541 1951 611 legimus.

563 633 720 684 Ibunt
761 630 825 684 de
873 631 1067 685 virtute
1105 632 1160 684 in
1201 636 1470 685 virtutem.
1519 631 1599 685 Ex
1645 631 1953 686 humilitate
1995 629 2063 684 ad

487 724 715 784 luctum,
778 737 844 775 ex
891 722 1036 775 luctu
1072 721 1140 776 ad
1191 723 1696 790 compunctionem,
1743 727 1909 790 atque
1960 720 2065 775 hoc

485 822 643 883 pacto
673 828 739 867 ex
777 826 886 866 una
912 813 962 866 in
1005 815 1172 866 aliam
1218 815 1498 871 virtutem.
1530 826 1744 866 summo
1788 827 1910 866 cum
1934 827 2064 882 pro-

485 907 650 968 fectu,
717 907 784 958 a;l
840 907 1076 960 sublime
1145 906 1406 959 virtutum
1469 905 1687 958 culmen
1745 904 2061 958 ascendent.

483 997 672 1053 Virtus
708 1007 888 1050 autem
951 997 1070 1050 ideo
1121 996 1268 1051 dicta
1297 1004 1404 1058 est,
1467 996 1594 1064 quia
1628 994 1838 1051 vitibus
1870 1006 2063 1064 poten-

482 1090 678 1140 tiorem
713 1086 865 1139 illum
902 1086 1206 1140 hominem.
1242 1085 1442 1146 reddit,
1491 1085 1583 1152 qui
1619 1099 1739 1136 eam
1779 1084 2064 1149 amplecti-

481 1187 591 1232 tur.
627 1176 810 1247 (Vires
849 1186 1032 1231 autem
1072 1192 1195 1229 cum
1227 1176 1370 1238 dico,
1408 1190 1518 1229 non
1544 1176 1793 1244 corporis
1821 1181 2058 1239 tantum,

482 1270 577 1326 sed
606 1271 775 1325 animi
808 1269 969 1324 etiam
1008 1268 1302 1323 facultates
1343 1265 1630 1336 intelligo.)
1676 1266 1981 1321 Possumus
2007 1273 2062 1320 et

483 1363 640 1417 aliter
673 1361 880 1425 dicere,
913 1361 1057 1428 quod
1115 1359 1270 1412 ibunt
1307 1357 1377 1411 ab
1407 1360 1654 1411 oratione
1679 1357 1744 1410 ad
1773 1357 2058 1411 lectionem

481 1467 764 1508 sacrarum
805 1451 1160 1516 Litterarum,
1215 1458 1270 1504 et
1301 1449 1368 1504 ab
1411 1447 1764 1517 hujusmoudi
1801 1448 2059 1511 lectione,

481 1542 1065 1613 ad.imperfectorum
1131 1539 1510 1608 quorumlibet
1583 1536 2057 1600 admonitionem,

481 1643 642 1702 atque
692 1631 1127 1686 exhortationem
1161 1633 1192 1694 ξε
1233 1630 1362 1683 item
1425 1629 1494 1683 ab
1541 1627 1942 1690 exhortatione,
1993 1625 2059 1681 ad

2167 448 2274 500 λῶν
2324 447 2572 514 εὐλογίας
2623 447 2807 508 αὐτοῖς
2852 442 3039 497 δώσει.
3097 439 3221 494 Εἶεν
3273 440 3318 494 δ’
3374 442 3440 492 ἂν
3491 435 3648 493 αὗται
3701 444 3753 492 οἱ

2166 541 2419 610 διάφοροι
2463 536 2828 608 μακαρισμοί.

2234 632 2643 698 Πορεύσονται
2696 631 2766 683 ἐκ
2833 628 3142 696 δυνάμεως
3192 629 3280 691 είς
3320 625 3605 693 δύναμιν.
3662 612 3758 686 Ἐξ

2166 724 2369 794 ἀρετῆς
2419 725 2499 784 είς
2551 723 2794 792 ἀρετήν’
2855 719 2968 774 οἷον
3025 723 3090 772 ὲκ
3137 718 3646 787 ταπεινοφροσύνης
3674 719 3756 776 εἰς

2167 814 2388 880 πένθος,
2439 815 2503 866 ὲκ
2533 815 2588 866 δὲ
2625 812 2856 874 πένθους
2884 814 2966 874 είς
2995 809 3315 873 κατάνυξιν,
3353 811 3447 860 καὶ
3475 809 3654 872 οὕτως
3689 811 3758 860 ὲκ

2164 907 2373 974 ταύτης
2407 907 2487 967 είς
2509 905 2726 977 ἐκείνην
2759 905 3185 974 προκόπτοντες,
3208 902 3576 972 ἀναϐήσονται
3609 901 3751 971 πρὸ,

2164 997 2266 1067 τὴν
2297 998 2655 1068 ἀκρώρεισιν.
2681 997 2924 1065 Δύναμιν
2951 995 3008 1047 δὲ
3049 995 3148 1064 τὴν
3197 994 3401 1060 ἀρετὴν
3464 993 3754 1052 ἐκάλεσεν,

2163 1090 2241 1153 ὡς
2283 1089 2745 1160 ίσχυροποιοῢσαν
2770 1090 2860 1142 τὸν
2894 1088 3150 1156 μετιόντα
3176 1087 3350 1155 αὐτήν
3373 1103 3387 1117 ο
3431 1085 3626 1137 ἔστιδὲ
3658 1087 3758 1136 καὶ

2165 1181 2580 1244 ἀπλῶςέίπεῖν,
2613 1181 2696 1233 ὃτι
2723 1179 3086 1251 πορεύσονται
3129 1179 3238 1232 ἀπὸ
3301 1180 3612 1249 προσευχῆς
3672 1182 3756 1242 εἰς

2163 1273 2474 1341 ἀνάγνωσιν
2501 1273 2610 1326 τῶν
2633 1272 2794 1326 θείων
2827 1272 3046 1339 λογίων,
3093 1271 3186 1323 καὶ
3229 1271 3338 1324 ἀπὸ
3381 1268 3755 1338 ἀναγνώσεως

2163 1367 2242 1426 εἰς
2274 1365 2596 1435 παραίνεσιν
2630 1364 2738 1417 τῶν
2783 1363 3214 1433 ἀσθενεστέρων,
3274 1362 3369 1414 καὶ
3402 1362 3510 1414 ἀπὸ
3546 1379 3758 1432 παραιο

2161 1453 2360 1517 νέσεως
2433 1457 2514 1517 είς
2567 1453 2922 1525 εὐχαριστίαν
2983 1453 3094 1505 τῶν
3168 1451 3328 1506 θείων
3395 1451 3594 1519 λογίων
3656 1454 3754 1502 καὶ

2163 1543 2439 1615 ὑμνῳδίαν
2461 1545 2621 1600 Θεοῦ.
2653 1545 2765 1599 Καὶ
2789 1544 2966 1606 ἄλλως
2995 1543 3159 1596 πάλιν
3202 1543 3311 1596 ἀπὸ
3331 1543 3620 1610 δυνάμεως
3639 1542 3752 1593 τῶν

2163 1636 2402 1690 ἐνταῦθα
2429 1638 2787 1708 χαρισμάτων
2817 1639 2898 1700 είς
2921 1637 3020 1706 τὴν
3043 1635 3275 1706 δύναμιν
3319 1637 3420 1705 τῆς
3455 1635 3746 1705 βασιλείας

485 1724 783 1793 gratiarum
813 1723 1081 1787 actiones,
1121 1729 1286 1789 atque
1309 1720 1374 1772 ad
1397 1717 1613 1773 laudem
1636 1717 1752 1773 Dei.
1779 1717 1846 1770 Et
1876 1717 2055 1783 aliter,

2164 1723 2275 1778 τῶν
2292 1727 2562 1798 οὐρανῶν.

481 1831 512 1868 a
544 1816 745 1870 virtute
799 1815 1068 1870 donorum
1119 1811 1234 1879 Dei,
1286 1827 1411 1883 quae
1462 1812 1554 1866 hic
1591 1813 1646 1866 in
1699 1818 1845 1867 terra
1889 1811 2049 1867 nobis

2158 1826 2460 1888 testantur,
2507 1822 2576 1876 ad
2642 1835 2835 1877 eorum
2887 1821 3170 1886 virtutem,
3204 1832 3329 1889 quae
3375 1817 3429 1871 in
3468 1816 3744 1871 caelorum

482 1923 649 1978 regno
676 1907 1013 1962 tribuentur.

558 2000 824 2055 Videbitur
872 2002 1010 2054 Deus
1055 2000 1272 2054 deorum
1325 2000 1381 2054 in
1438 1997 1589 2055 Sion.
1638 1999 1935 2071 Prophetia
1972 2000 2060 2054 hic

481 2093 800 2147 continetur
832 2091 900 2146 de
932 2091 1317 2146 lncarnatione
1357 2091 1680 2158 Salvatoris,
1713 2095 1803 2164 qui
1838 2095 1892 2148 in
1929 2091 2056 2148 Sion

480 2193 635 2238 ortus
649 2191 752 2248 est,
768 2183 923 2252 juxta
940 2184 1071 2238 illud
1094 2200 1107 2236 :
1129 2183 1238 2254 Ego
1263 2195 1438 2239 autem
1465 2187 1785 2240 constitutus
1807 2202 1924 2240 sum
1966 2201 2058 2240 rea:

481 2276 545 2328 ab
570 2292 630 2329 eo
655 2291 813 2343 super
855 2274 983 2329 Sion
1009 2287 1232 2330 montem
1256 2288 1499 2331 sanctum
1540 2277 1678 2347 ejus,
1736 2280 2058 2332 annuntians

478 2376 797 2434 praeceptum
835 2365 948 2434 ejus
974 2367 1040 2421 ¹⁰.
1079 2365 1244 2420 Deum
1286 2380 1466 2423 autem
1495 2368 1722 2424 deorum
1752 2384 1816 2424 ea
1846 2369 2057 2424 ratione

480 2458 797 2528 appellavit,
821 2471 988 2526 quam
1019 2458 1264 2513 diximus
1289 2459 1345 2513 in
1377 2460 1650 2529 principio
1680 2461 1874 2531 psalmi
1906 2477 2050 2516 xm.

550 2630 715 2686 Vsus.
751 2630 804 2688 9.
837 2629 1059 2685 Domine
1085 2631 1248 2692 Deus.
1287 2633 1481 2686 exaudi
1536 2634 1832 2688 orationem
1864 2649 2050 2698 meam,

477 2723 695 2776 auribus
720 2725 949 2794 percipe,
983 2723 1121 2778 Deus
1143 2722 1333 2778 Iacob.
1391 2725 1534 2778 Idem
1552 2735 1636 2780 est
1666 2724 1865 2788 dicere,
1891 2723 2056 2777 Deum

477 2814 753 2880 virtutum,
789 2815 928 2884 quod
961 2815 1248 2870 Dominum
1286 2817 1560 2881 virtutum,
1595 2816 1664 2872 de
1684 2832 1794 2886 quo
1821 2816 1875 2870 in
1900 2815 2051 2887 prin-

475 2907 622 2978 cipio
683 2907 926 2964 diximus
988 2911 1275 2979 praesentis
1327 2911 1542 2979 psalmi.
1594 2907 1697 2964 Per
1745 2907 2050 2962 orationem

2237 2006 2598 2075 ὀφθήσεται
2629 2009 2664 2061 ό
2689 2007 2833 2074 Θεὸς
2859 2006 2980 2060 τῶν
3039 2005 3192 2060 θεῶν
3239 2004 3311 2057 ἐν
3344 2002 3517 2058 Σιών.
3573 2003 3750 2056 Τοῦτο

2164 2098 2470 2170 πρόρρησις
2516 2098 2615 2167 τῆς
2663 2096 2760 2151 τοῦ
2817 2096 3074 2167 Σωτῆρος
3127 2093 3604 2164 ὲνανθρωπήσεως
3638 2109 3652 2125 ·
3691 2096 3749 2146 ὲν

2164 2188 2303 2242 Σιὼν
2325 2191 2434 2260 γὰρ
2454 2190 2720 2252 ἀνέτειλε,
2751 2187 2894 2242 κατὰ
2925 2189 2985 2241 τό
3009 2204 3023 2218 °
3055 2187 3205 2257 Ἐγὼ
3229 2186 3610 2252 κατεστάθην
3629 2185 3749 2248 ,ϐα-

2162 2281 2370 2346 σιλεὺς
2402 2282 2504 2336 ὑπ’
2532 2278 2694 2344 αὐτῷ
2715 2280 2813 2334 ἐπὶ
2841 2279 2997 2334 Σιὼν
3049 2279 3186 2346 ὄρος
3236 2278 3303 2332 τὸ
3331 2278 3395 2347 ἅ]
3408 2276 3505 2332 lor
3533 2278 3745 2338 αὐτοῦ,

2159 2372 2534 2442 διαγγέλλων
2559 2372 2626 2425 τὸ
2657 2373 3015 2442 πρόσταγμα
3041 2370 3282 2438 Κυρίου.
3339 2369 3473 2422 Θεὸν
3523 2368 3580 2421 δὲ
3633 2369 3749 2420 τῶν

2161 2463 2300 2519 θεῶν
2324 2464 2582 2517 ἐκάλεσεν
2605 2463 2791 2528 αὐτὸν,
2825 2463 2902 2526 ὡς
2923 2464 2982 2514 ἐν
3006 2464 3071 2533 τῇ
3103 2463 3244 2532 ἁρχῆ
3275 2459 3370 2513 τοῦ
3403 2457 3491 2529 μθ¹
3518 2458 3746 2529 ψαλμοῦ

2161 2553 2678 2624 προεξηγησάμεοα.

2224 2646 2401 2713 Κύριε
2435 2647 2468 2699 ό
2503 2644 2642 2711 Θεὸς
2680 2642 2801 2698 τῶν
2823 2643 3155 2713 δυνάμεων,
3210 2641 3582 2697 εἰσάκουσον
3638 2639 3752 2706 τῆς

2155 2737 2502 2808 προσευχῆς
2527 2755 2670 2808 μου,
2701 2736 3002 2802 ἑνώτισαι,
3034 2739 3067 2791 ὁ
3097 2734 3241 2802 Θεὸς
3265 2735 3485 2791 Ἰακώϐ.
3529 2735 3745 2787 Ταύτὺν

2155 2832 2353 2897 εἰπεῖν,
2412 2831 2474 2884 '0
2537 2830 2682 2896 Θεὸς
2734 2829 2855 2884 τῶν
2899 2828 3216 2898 δυνάμεων
3270 2829 3368 2881 καὶ
3406 2830 3587 2896 Κύριε
3623 2825 3747 2882 τῶν

2154 2924 2487 2994 δυνάμεων,
2520 2927 2651 2994 περὶ
2681 2919 2740 2976 οὗ
2788 2925 2846 2976 ὲν
2873 2925 2940 2992 τῇ
2969 2923 3114 2993 ἀρχῇ
3152 2920 3250 2974 τοῦ
3279 2920 3554 2992 παρόντος
3584 2919 3745 2989 είρηο

474 3013 656 3056 autem
705 3017 800 3056 eas
833 3017 1026 3070 preces
1055 3003 1332 3070 intelligit,
1362 3017 1502 3072 quas
1535 3001 1591 3056 in
1640 3015 1934 3071 progressu
1964 2996 2052 3051 di-

2158 3035 2251 3071 ται
2291 3016 2528 3087 ψαλμοῦ.
2564 3015 2880 3087 Προσευχὴν
2929 3016 2985 3067 δὲ
3019 3015 3170 3082 λέγει
3229 3014 3329 3082 τὴν
3363 3011 3742 3082 παράκλησιν,

475 3102 668 3148 cturus
694 3104 797 3146 est.
837 3092 1006 3158 Deus,
1038 3091 1205 3148 etiam
1241 3093 1413 3148 Jacob
1445 3111 1542 3163 pro
1579 3093 1743 3155 Deus,
1781 3091 1877 3160 qui
1919 3090 2048 3145 olim

2158 3107 2224 3178 ἢν
2263 3107 2450 3176 μέλλει
2476 3109 2849 3178 προσαγαγεῖν
2914 3104 3142 3177 προῖὼν.
3197 3105 3262 3156 '0
3313 3103 3369 3156 δὲ
3427 3103 3570 3167 Θεὸς
3631 3103 3720 3154 Ἰα

474 3188 712 3249 luctans,
741 3187 794 3239 in
824 3185 994 3255 ﬁgura
1029 3187 1268 3241 hominis
1304 3187 1612 3256 apparuisti
1640 3183 1836 3239 Jacob.

546 3361 713 3418 Vens.
749 3361 834 3416 10.
867 3359 1144 3416 Protectar
1169 3372 1344 3416 noster
1373 3363 1568 3430 aspice,
1601 3361 1758 3427 Deus,
1778 3371 1826 3416 et
1859 3362 2052 3428 respice

474 3456 532 3508 in
578 3456 764 3526 [aciem
815 3454 1015 3509 Christi
1061 3455 1161 3508 tui.
1214 3453 1344 3508 lla’c
1382 3463 1466 3509 est
1518 3454 1609 3508 illa
1641 3454 1837 3518 oratio,
1888 3465 2052 3521 quam

478 3548 730 3602 exaudiri
781 3548 1099 3617 postulavit.
1139 3544 1244 3600 Per
1293 3545 1574 3600 Christum
1625 3555 1809 3598 autem
1860 3544 1964 3598 hoc
1997 3544 2050 3596 in

477 3642 600 3693 loco
649 3627 1034 3708 quemcunque
1091 3637 1466 3691 Christianum
1519 3635 1795 3706 intelligit,
1844 3636 1937 3704 qui
1998 3637 2051 3688 in

476 3731 699 3785 Christo
737 3731 1043 3800 baptizatus
1096 3730 1190 3794 sit,
1237 3739 1292 3784 et
1331 3728 1612 3784 Christum
1670 3728 1908 3782 induerit
1942 3745 1956 3781 :
1987 3728 2055 3782 de

476 3837 586 3893 quo
621 3822 673 3876 in
706 3823 809 3876 (ine
838 3821 1098 3876 Prowmii
1130 3822 1418 3890 praesentis
1451 3820 1633 3890 operis
1689 3819 1896 3873 dictum
1947 3831 2053 3872 est.

551 3915 718 3971 Vens.
749 3916 836 3968 ll.
865 3914 1006 3980 Quia
1046 3915 1236 3969 melior
1265 3893 1362 3969 est.
1377 3914 1488 3967 dies
1513 3929 1619 3983 una
1655 3913 1709 3966 in
1737 3912 1875 3966 aulis
1903 3927 2056 3980 super

477 4007 678 4060 millia.
709 4005 784 4060 De
818 4007 1024 4062 divinis
1052 4005 1194 4060 aulis
1231 4004 1394 4075 paulo
1423 4005 1684 4074 superius
1711 4004 1916 4058 dictutn
1947 4014 2050 4058 est.

479 4100 668 4153 Melior
697 4108 782 4152 est
809 4108 990 4151 autem
1023 4113 1131 4150 una
1164 4095 1481 4164 hujusmodi
1530 4095 1649 4150 dies
1679 4110 1845 4163 super
1885 4094 2052 4147 millia

479 4193 712 4245 aliorum
755 4191 992 4254 dierum,
1035 4188 1282 4258 quialibi
1315 4203 1481 4259 quam
1505 4187 1557 4241 in
1596 4196 1686 4240 tua
1732 4187 1855 4239 aula
1891 4201 2056 4253 agan-

479 4291 592 4348 tur,
625 4282 796 4336 dictio
838 4289 1044 4344 autem,
1099 4281 1260 4345 Quia,
1309 4279 1691 4334 conﬁrmantis
1729 4285 1816 4332 est
1867 4279 1972 4332 hoe
2001 4278 2056 4331 in

476 4378 617 4440 loco,
646 4390 743 4442 pro
782 4371 941 4427 Vere.

548 4465 697 4536 Elegi
729 4466 960 4528 abiectus
993 4479 1104 4532 esse
1127 4464 1182 4516 in
1217 4462 1373 4516 domo
1404 4461 1498 4514 Dei
1524 4460 1621 4513 mei
1654 4461 1846 4530 magis,
1887 4477 2048 4530 quam

475 4558 716 4611 habitare
755 4558 810 4609 in
858 4555 1214 4608 tabernaculis
1261 4562 1620 4622 peccatorum.
1669 4553 1816 4607 Idem
1860 4569 2054 4610 rursus

478 4648 692 4717 repetit,
732 4646 826 4701 sed
859 4647 1228 4710 manifestius.
1267 4645 1346 4698 Tu
1370 4659 1496 4699 vero
1525 4658 1734 4697 mecum
1767 4645 2054 4700 considera

478 4749 688 4808 quanto
737 4737 938 4792 divina:
996 4738 1194 4792 dmnus
1226 4752 1414 4792 amore
1462 4751 1525 4790 ac
1588 4735 1857 4792 desiderio
1908 4748 2055 4792 tene-

475 4840 646 4889 retur,
684 4832 730 4885 is
759 4831 852 4899 qui
885 4831 1130 4899 abjectus
1185 4846 1309 4886 esse
1361 4831 1598 4885 malebat
1643 4832 1696 4884 in
1738 4832 1900 4886 domo
1931 4830 2048 4895 Dei,

475 4923 548 4976 ob
575 4937 693 4976 eam
728 4923 990 4976 nimirum
1013 4924 1530 4992 sanctiliCationcm,
1557 4941 1680 4996 quae
1712 4927 1823 4980 illic
1855 4941 2051 4994 perpe-

478 5026 569 5069 tuo
601 5017 777 5083 adest,
809 5033 972 5086 quam
1007 5019 1268 5076 deliciose
1313 5036 1441 5076 cum
1474 5021 1859 5091 peccatoribus
1900 5021 2054 5074 habi-

473 5113 610 5158 tare.

549 5194 713 5252 Vens.
747 5199 834 5253 12.
878 5200 1140 5266 Quoniam
1184 5205 1628 5272 misericordiam,
1675 5214 1725 5258 et
1776 5207 2047 5258 veritatem

472 5290 644 5359 diligit
679 5292 935 5347 Dominus
986 5296 1148 5352 Deus.
1187 5300 1474 5354 Admiscet
1532 5299 1804 5368 Propheta
1837 5300 1890 5352 in
1946 5301 2047 5353 hoc

471 5382 678 5449 psalmo
726 5385 1156 5454 admonitiones,
1219 5400 1382 5458 atque
1431 5391 1498 5444 ad
1550 5391 1786 5445 activam
1824 5406 1946 5457 nos,
1995 5400 2049 5446 et

473 5477 950 5542 contemplativant
1013 5480 1180 5534 vitam
1246 5482 1540 5544 hortatur,
1604 5481 1832 5549 dicens,
1899 5483 2044 5553 quod

548 5656 590 5686 “
613 5657 759 5712 Psal.
799 5676 860 5725 tt,
890 5661 942 5716 li.

2078 4405 2131 4465 ι)

2153 3201 2293 3264 κὼϐ,
2324 3200 2445 3253 ἀντὶ
2465 3201 2584 3262 τοῦ,
2631 3197 2689 3252 '0
2713 3200 2808 3253 καὶ
2835 3199 2912 3268 τῷ
2955 3198 3154 3252 Ἰακὼϐ
3205 3197 3376 3251 πάλαι
3425 3195 3638 3264 ὀφθεὶς,
3687 3197 3747 3247 ὲν

2153 3293 2444 3363 ἀνθρώπου
2474 3295 2738 3362 σχήματι,
2775 3293 2869 3345 ἐπὶ
2899 3294 2964 3362 τῇ
2999 3292 3168 3360 πάλῃ.

2235 3383 2682 3451 ’Υπερασπιστὰ
2708 3381 2896 3451 ἡμῶν,
2939 3383 3052 3446 ἴδε,
3080 3385 3111 3436 ὀ
3139 3382 3287 3445 Θεός
3323 3397 3337 3412 ·
3401 3380 3745 3446 ἐπίϐλεψον

2153 3477 2241 3541 εὶς
2269 3475 2337 3528 τὸ
2357 3475 2685 3541 πρόσωπον
2703 3473 2811 3528 τοῦ
2838 3473 3099 3540 Χριστοῦ
3123 3489 3260 3526 σου.
3293 3472 3468 3524 Τοῦτο
3500 3471 3532 3540 ἡ
3564 3485 3742 3540 προσ-

2156 3566 2315 3635 ευχή.
2376 3565 2616 3636 Χριστὸν
2671 3565 2729 3619 δὲ
2783 3565 2936 3630 λέγει
2990 3566 3172 3620 πάντα
3231 3549 3594 3634 Χριστιανὸν·
3625 3562 3742 3612 ὅσα.

2157 3658 2264 3729 γὰρ
2303 3659 2382 3721 είς
2437 3659 2675 3729 Χριστὸν
2713 3657 3146 3725 ἐϐαπτίσθησαν,
3199 3656 3437 3727 Χριστὸν
3483 3653 3742 3722 ἐνεδόθη·

2159 3770 2280 3807 σαν.
2313 3753 2542 3823 Εἴρηται
2571 3753 2628 3806 δὲ
2653 3752 2783 3823 περὶ
2828 3752 3022 3804 τούτου
3069 3752 3164 3806 καὶ
3217 3753 3276 3802 ὲν
3332 3751 3410 3823 τῷ
3461 3749 3739 3820 προοιμίμ

2154 3844 2257 3914 τῆς
2290 3844 2474 3914 βίϐλου
2506 3845 2618 3896 τῶν
2643 3844 2916 3914 Ψαλμῶν.

2231 3937 2360 3988 Ὀτι
2385 3935 2686 4002 κρείσσων
2711 3935 2902 4002 ἡμέρα
2947 3935 3052 3996 μία
3078 3934 3148 3987 ἐν
3179 3933 3306 3996 ταῖς
3354 3931 3568 3996 αὐλαῖς
3616 3947 3736 3984 σου

2156 4028 2310 4096 ὑπὲρ
2335 4026 2632 4095 χιλιάδας.
2668 4029 2801 4098 Περὶ
2829 4027 2938 4080 τῶν
2969 4025 3131 4080 θείων
3165 4026 3344 4078 αὐλῶν
3395 4024 3590 4094 ὲλέχθη
3641 4041 3738 4093 μι-

2159 4121 2294 4190 κρὸν
2326 4120 2604 4192 ἀνωτέρω.
2649 4119 2823 4190 ’Υπὲρ
2853 4119 3099 4190 χιλιάδας
3147 4118 3204 4171 δὲ
3246 4118 3468 4188 ἡμερῶν
3515 4116 3616 4179 τὰς
3677 4119 3737 4169 ἐν

2159 4211 2366 4283 ἑτέροις
2402 4212 2590 4276 τόποις
2620 4212 2882 4282 ἀνιέροις.
2913 4210 2987 4287 Τὸ
3014 4211 3072 4264 δὲ
3092 4249 3107 4275 ,
3143 4211 3294 4274 Ὅτι,
3352 4208 3734 4279 βεϐαιωτικὸν.

2223 4475 2636 4545 Ἔξελεξάμην
2661 4474 3198 4544 παρσρῤιπτεῑσθαι
3234 4473 3303 4527 ἐν
3333 4467 3411 4538 τῷ
3443 4472 3588 4539 chap
3625 4471 3735 4525 τοῦ

2155 4569 2304 4624 Θεοῦ
2357 4568 2597 4638 μᾶλλον
2627 4568 2666 4636 ἢ
2701 4568 2889 4621 οἰκεῖν
2905 4586 2981 4637 με
3003 4567 3073 4620 ἐν
3099 4565 3500 4636 σκηνώμασιν
3540 4565 3732 4632 ἀμαρ-

2152 4660 2380 4714 τωλῶν.
2441 4660 2514 4713 Τὸ
2543 4661 2674 4713 αὐτὸ
2731 4660 2894 4712 πάλιν
2947 4661 3103 4727 φησι,
3149 4659 3290 4729 πλὴν
3327 4657 3730 4728 φανερώτερον.

2152 4754 2298 4823 Ὅρα
2334 4751 2392 4804 δὲ
2435 4752 2561 4805 ὅσον
2597 4751 2789 4821 ἠγάπα
2817 4752 2908 4804 τὸν
2939 4751 3082 4804 θεῖον
3120 4744 3291 4816 οἷκον,
3349 4748 3378 4802 ὃ
3423 4750 3481 4801 τὸ
3515 4751 3734 4819 παραρ-

2152 4845 2460 4914 ριπτεῖσθαι
2507 4844 2580 4905 ὡς
2615 4845 2772 4912 ἔτυχε
2794 4885 2808 4908 ,
2846 4842 2940 4895 τοῦ
2969 4845 3142 4896 οἰκεῖν
3168 4841 3352 4912 ἁϐρῶς
3386 4843 3444 4893 ἐν
3470 4842 3734 4910 ἁμαρτω-

2143 4937 2262 4998 λοῖς
2327 4934 2690 5005 αἱρετώτερον
2744 4936 2928 5006 ἔκρινε
2999 4934 3089 4988 διὰ
3146 4933 3238 4986 τὸν
3295 4933 3506 4986 ἐκεῖθεν
3570 4932 3730 4998 ἀγμ-

2151 5030 2309 5100 σμόν.

2227 5206 2355 5260 "Ott
2410 5206 2582 5270 ἔλεος
2631 5205 2733 5256 καί
2783 5202 3076 5271 ἀλήθειαν
3107 5191 3312 5271 ἀγαπᾷ
3339 5199 3573 5267 Κύριος.
3606 5198 3732 5266 Ἐγ-

2157 5300 2531 5366 καταμίγνυσι
2566 5293 2644 5363 τῷ
2674 5293 2875 5364 ψαλμῷ
2916 5295 3010 5346 καὶ⁵
3067 5292 3352 5345 νουθεσίαν
3399 5305 3733 5361 προτρεπτιο

2158 5389 2260 5461 κήν
2291 5392 2370 5452 εἰς
2403 5387 2713 5456 πρακτικὴν
2754 5385 2956 5456 ἀρετὴν
2985 5387 3081 5438 καὶ
3120 5383 3466 5454 θεωρητικήν
3503 5396 3517 5411 ⁶
3553 5382 3731 5450 λέγων

2156 5483 2237 5535 ὅτι
2299 5484 2327 5534 ὁ
2372 5481 2502 5542 Θεὸς
2548 5479 2740 5548 ἀγαπᾷ
2793 5479 2892 5546 τὴν
2940 5476 3314 5546 ἐλεημοσύνην
3355 5475 3446 5527 καὶ
3475 5473 3571 5543 τὴν
3600 5473 3720 5542 ἁλή-
