4084 6210
346 192 452 257 869

1528 187 1920 253 COMMENT.
1959 193 2039 253 IN
2078 191 2438 255 PSALMOS.

3509 195 3618 264 ὅτι)

346 309 538 362 θειαν⁶
587 307 701 359 ἔστι
733 306 906 376 atra;
961 308 1060 378 μὲν
1120 307 1431 378 πρακτικῆς
1488 309 1522 376 ἠ
1581 307 1936 378 ἐλεημοσύνη,

2054 309 2197 363 Deus
2232 307 2411 378 diligit
2452 307 2891 363 misericordiam
2939 317 2994 364 et
3043 309 3355 365 veritatem.
3412 311 3618 370 Miseri-

347 401 444 470 τῆς
469 401 526 453 δὲ
554 400 900 470 θεωρητικῆς
930 401 963 470 ἡ
999 399 1226 470 ἀλήθεια
1247 417 1260 432 ·
1315 402 1364 452 εί
1394 401 1448 453 δὲ
1481 401 1692 464 ταύτας
1715 400 1926 468 ἀγαπᾷ,

347 493 506 562 δῆλον
552 493 634 546 ὅτι
693 492 912 555 πάντως
947 492 1044 545 καὶ
1093 493 1218 555 τοὺς
1265 492 1555 560 μετιόντας
1585 492 1780 557 αὑτὰς,
1807 492 1931 543 ἐπεὶ

350 588 446 638 καὶ
481 583 644 646 αὐτὸς
671 582 958 646 αῦτοέλεός
986 583 1126 649 ἔστι,
1162 585 1259 637 καὶ
1308 582 1698 653 αὑτοαλήθεια.
1750 583 1823 635 Τὸ
1871 582 1930 635 δὲ

350 678 503 741 "Ott,
539 675 943 746 διηγηματικόν
966 676 1082 729 ἐστι
1126 679 1222 730 καὶ
1263 677 1557 747 παρέλκον,
1579 675 1672 728 καὶ
1708 673 1932 744 ίδςωμα-

349 771 519 824 τικόν.
584 768 741 822 Ἐστι
785 769 842 821 δὲ
903 770 1000 822 καὶ
1041 769 1218 832 ἄλλως
1261 771 1458 832 είπεῖν,
1497 769 1630 821 ὅτιὸ
1668 767 1928 837 Χριστὸς,

349 859 519 912 ἐλεῶν
575 861 744 930 ἡμᾶς,
791 858 1208 932 ὲνηνθρώπησε,
1269 859 1362 913 καὶ
1405 860 1603 930 ἀληθὲς
1662 859 1930 930 ἐκήρυξεν

350 953 702 1021 Εὖαγγὲλιον.

421 1217 603 1284 Χάριν
634 1217 731 1270 καὶ
760 1216 949 1281 δόξαν
978 1217 1175 1272 δώσει.
1211 1219 1386 1288 Χάριν
1443 1218 1689 1287 ἀφέσεως
1748 1219 1929 1288 ἁμαρ-

349 1308 504 1367 τιῶν,
534 1307 608 1368 ὡς
633 1310 698 1376 τῇ
736 1308 930 1378 πόρνῃ,
963 1310 1058 1362 καὶ
1104 1309 1320 1371 πολλοῖς
1353 1309 1552 1372 ἄλλοις.
1597 1311 1662 1361 “ll
1716 1309 1929 1377 θαυμά-

351 1416 478 1460 των,
534 1398 604 1460 ὡς
665 1401 779 1460 τοῖς
837 1398 1158 1460 ἀποστόλοις
1209 1402 1304 1453 καὶ
1333 1403 1445 1462 τοῖς
1487 1399 1693 1460 λοιποῖς
1725 1401 1921 1465 ἁγίοις.

350 1489 517 1552 Δόξαν
553 1490 629 1550 δὲ,
667 1491 761 1541 καὶ
791 1491 892 1560 τὴν
917 1489 1050 1559 παρ’
1080 1489 1408 1560 ἀνθρώπων,
1449 1492 1542 1543 καὶ
1581 1491 1676 1560 τὴν
1721 1489 1777 1541 ὲν
1840 1492 1931 1545 οῦ-

351 1585 554 1652 ρλνοῖς.
585 1583 651 1633 "ll
687 1583 846 1650 χάριν
912 1583 1010 1651 μὲν
1053 1581 1152 1650 τὴν
1205 1582 1305 1652 τῆς
1357 1582 1624 1646 θεὼσεως,
1683 1583 1840 1647 δόξαν
1873 1585 1927 1636 δὲ

350 1673 448 1742 τὴν
475 1673 572 1743 τῆς
599 1673 882 1742 βασιλείας
915 1673 1108 1727 αὑτοῦ.

420 1859 638 1924 Κύριος
667 1859 738 1912 οὐ
777 1858 1064 1926 στερήσει
1091 1859 1160 1912 τὰ
1212 1859 1403 1927 ἀγαθὰ
1436 1860 1558 1926 τοῖς
1608 1861 1934 1931 πορευομέ-

349 1967 478 2017 νοις
505 1952 578 2004 ἐν
621 1953 865 2018 ἁκακίςι.
913 1952 1072 2016 Τινὲς
1119 1953 1242 2005 καθ’
1291 1952 1598 2023 ὑπερϐατὸν
1647 1957 1708 2005 τὸ
1768 1955 1933 2023 ῥητὸν

352 2046 766 2108 σνντάσσουσιν,
833 2042 981 2098 οἷον·
1039 2045 1203 2118 χάριν
1242 2047 1336 2100 καὶ
1386 2047 1546 2110 δόξαν
1608 2047 1770 2100 δώσει
1821 2050 1934 2110 τοῖς

350 2137 744 2206 πορευομένοις
791 2139 850 2188 ἐν
890 2139 1119 2208 ἀκακία.
1156 2135 1288 2191 Εἶτα.
1316 2141 1518 2208 Κύριος
1563 2139 1624 2191 οὐ
1680 2142 1934 2210 στερήσει

348 2229 546 2292 αὐτοὺς
583 2231 690 2282 τῶν
750 2231 972 2298 ἀγαθῶν
1006 2232 1116 2285 τῶν
1171 2233 1230 2284 ὲν
1297 2233 1568 2302 οὐρανοῖς.
1622 2231 1940 2301 Ἀδιάφορος

347 2324 404 2376 δὲ
441 2322 893 2394 καὶήσύνταξις,
924 2323 1020 2377 τοῦ
1076 2323 1388 2392 Στερήσει.
1443 2325 1508 2377 Ὅ
1563 2322 1820 2394 σημαίνει
1882 2327 1942 2374 τὸ

349 2415 625 2469 Κωλὺσει.
657 2416 813 2479 Τινὲς
843 2417 899 2468 δὲ
938 2415 1195 2480 σύνταξιν
1227 2417 1347 2468 ἀντὶ
1393 2415 1704 2480 συντάξεως
1770 2414 1938 2482 φασίο

350 2509 566 2574 Κύριος
603 2511 676 2562 οὐ
708 2510 992 2577 στερήσει
1042 2508 1163 2563 τῶν
1188 2507 1428 2576 ἀγαθῶν
1461 2509 1585 2574 τοῖς
1618 2525 1854 2576 πορευο,
1885 2506 1940 2560 ἐς

350 2612 480 2664 νοις
506 2601 578 2652 ἐν
604 2600 846 2666 ἀκακία,
882 2600 1058 2653 εἴτουν
1084 2600 1142 2652 ἐν
1177 2600 1358 2669 ἀποχῇ
1383 2599 1494 2651 τῶν
1514 2599 1725 2652 κακῶν.

2040 401 2228 455 cordia
2291 409 2472 454 autem
2519 401 2585 454 ad
2620 400 2880 466 activam,
2911 410 2966 456 et
2999 403 3202 457 veritas
3249 404 3315 457 ad
3370 417 3617 462 contem-

2039 494 2298 562 plativam
2343 494 2508 547 vitam
2544 495 2802 562 pertinet.
2840 493 2998 560 Quod
3029 496 3071 548 si
3109 496 3242 549 istas
3269 496 3410 552 Deus
3443 499 3620 570 diligit

2039 585 2308 650 virtutes,
2367 587 2680 640 necessario
2731 601 2828 641 eos
2887 586 3113 651 amabit,
3166 589 3258 657 qui
3305 589 3618 658 liujusmodi

2037 679 2273 734 virtutes
2307 680 2719 750 amplectuntur
2754 700 2767 734 :
2805 681 2934 752 quia
2987 681 3130 740 Deus
3161 693 3245 740 est
3291 686 3405 754 ipsa
3458 688 3620 742 ιιιίειι-

2037 771 2304 835 ricordia,
2330 781 2386 826 et
2413 773 2533 843 ipsa
2563 776 2790 831 veritas.
2853 777 3030 831 Dictio
3089 760 3294 843 autem,
3329 781 3616 845 Quoniam,

2041 864 2318 918 narrantis
2379 864 2434 918 in
2487 880 2695 921 morem
2757 869 2938 935 posita
2989 878 3094 935 est,
3147 881 3196 924 et
3254 871 3522 936 abundat,
3565 885 3620 926 it

2039 970 2183 1024 sape
2213 955 2478 1021 diximus,
2515 973 2667 1013 more
2701 957 2953 1014 llebraici
2994 961 3293 1017 idiomatis.
3322 962 3621 1018 Possumus

2039 1053 2092 1098 et
2120 1045 2278 1100 aliter
2312 1047 2518 1115 dicere,
2549 1051 2692 1118 quod
2725 1049 2980 1107 Christus
3014 1055 3190 1107 nostri
3225 1056 3482 1110 misertus
3509 1066 3615 1119 est,

2038 1147 2091 1190 et
2126 1153 2315 1192 verum
2343 1140 2501 1194 nobis
2529 1141 2884 1210 Evangelium
2923 1143 3260 1212 praedicavit.

2112 1227 2359 1282 Gratiam
2403 1244 2452 1284 et
2481 1233 2711 1300 gloriam
2764 1235 2930 1288 dabit.
2977 1233 3219 1290 Gratiam
3276 1239 3620 1293 remissionis

2036 1329 2414 1388 peccatorum,
2445 1323 2611 1376 veluti
2647 1325 2800 1379 dedit
2833 1329 3134 1394 meretrici,
3174 1343 3228 1383 et
3251 1330 3376 1384 aliis
3410 1333 3618 1388 multis.

2039 1412 2156 1472 Vel,
2195 1414 2426 1480 gratiam
2462 1415 2854 1469 miraculorum
2889 1418 3063 1482 dabit,
3107 1421 3324 1488 qualem
3357 1425 3620 1491 apostolis

2040 1507 2312 1574 przestitit,
2347 1513 2399 1559 et
2439 1510 2655 1561 caneris
2687 1510 2923 1565 sanctis.
2959 1513 3202 1566 Gloriam
3240 1532 3388 1578 vero,
3417 1527 3468 1567 ‹-ι
3499 1533 3619 1568 eam

2038 1609 2161 1662 qua:
2184 1604 2270 1648 est
2292 1595 2360 1647 ab
2389 1594 2730 1662 hominibus,
2765 1607 2819 1652 et
2873 1615 2993 1653 eam
3046 1615 3166 1668 qua:
3217 1603 3268 1654 iii
3319 1607 3459 1658 (‘0th
3514 1615 3617 1664 est,

1966 1673 2008 1726 Β
2040 1687 2120 1739 vel
2147 1687 2512 1742 deiﬁcationis
2544 1688 2796 1755 gloriam,
2833 1699 2890 1743 ut
2929 1691 3020 1744 Dei
3045 1691 3260 1746 scilicet
3291 1693 3616 1755 elliciamur,

2035 1786 2090 1832 et
2116 1777 2346 1848 gloriam
2382 1780 2624 1834 cmlestis
2658 1781 2811 1849 regni
2854 1781 3247 1849 adipiscamur.

2113 1869 2276 1924 Vnus.
2321 1871 2408 1924 15.
2469 1870 2728 1924 Dominus
2787 1889 2891 1926 non
2947 1873 3178 1940 privabit
3230 1875 3376 1927 bonis
3414 1891 3499 1928 eos
3530 1877 3616 1946 qui

2039 1961 2312 2015 ambulant
2339 1963 2390 2014 in
2425 1963 2744 2016 innocentia.
2775 1963 3009 2029 Qui'laui
3041 1981 3134 2032 per
3153 1965 3382 2036 liguratu
3422 1968 3618 2038 hyper-

2043 2054 2208 2108 baton
2281 2066 2612 2108 construuut
2668 2055 2816 2110 hunc
2879 2057 3242 2122 versiculum,
3321 2059 3616 2114 videlicet:

2042 2145 2306 2200 Dominus
2335 2146 2486 2200 dabit
2511 2148 2744 2217 gratiam
2791 2156 2846 2203 et
2879 2148 3131 2219 gloriam,
3171 2150 3239 2204 iis
3291 2153 3382 2221 qui
3432 2154 3622 2206 ambu-

2039 2236 2153 2289 lant
2178 2235 2231 2289 in
2261 2235 2612 2303 innocentia;
2667 2237 2864 2294 deinde
2922 2241 3189 2297 Dominus
3230 2259 3336 2296 nou
3388 2245 3621 2312 privabit

2040 2342 2136 2381 eos
2168 2328 2338 2382 «mles
2369 2328 2492 2382 ibus
2520 2329 2700 2384 bouis.
2737 2332 2799 2383 Et
2833 2333 2960 2401 quia
2992 2333 3180 2388 Graeca
3219 2336 3380 2388 lectio
3411 2335 3622 2388 imlin‘e—

2040 2429 2252 2474 reutem
2300 2414 2548 2474 contiu‘et
2619 2426 3114 2478 constructionem.
3165 2425 3431 2495 (llabetur
3477 2429 3619 2480 cuitu

2040 2511 2095 2564 iu
2129 2511 2320 2565 Gnaeo
2353 2528 2365 2564 :
2418 2511 2620 2580 Κύριος
2665 2513 2728 2565 οὐ
2765 2517 3021 2583 στερήσει
3052 2515 3121 2568 τὰ
3165 2517 3344 2584 ἀγαθὰ
3385 2521 3494 2579 τοῖς
3522 2535 3620 2570 πο-

2045 2600 2357 2670 ρευομένοις
2404 2601 2463 2652 ὲν
2491 2602 2740 2672 ἀκακία,
2797 2607 2941 2672 quod
3003 2605 3070 2660 ad
3146 2607 3382 2659 litteram
3433 2607 3619 2660 dicere

350 2709 644 2761 possumus
683 2714 696 2750 :
733 2694 994 2749 Dominus
1027 2713 1130 2750 non
1163 2697 1394 2765 prirabit
1426 2695 1563 2749 bona
1632 2697 1699 2749 iis
1767 2696 1858 2764 qui
1930 2697 2208 2750 ambulant
2256 2698 2311 2748 in
2358 2699 2708 2769 innocentia.)
2757 2700 2852 2754 Dic
2929 2703 3072 2770 quod
3115 2703 3306 2766 dictio,
3363 2707 3622 2765 Prii-abit.

351 2793 434 2847 sic
461 2793 660 2862 posita,
694 2795 966 2864 accipitur
1015 2810 1114 2865 pro
1159 2795 1499 2849 Proliibebit.
1539 2793 1772 2860 Quidam
1805 2809 1935 2847 vero
1974 2794 2159 2848 dicunt
2183 2809 2346 2849 casus
2390 2795 2443 2848 in
2494 2799 2943 2852 constructiones
3024 2798 3199 2854 fuisse
3283 2801 3626 2865 immutatos,

351 2903 410 2945 et
451 2890 688 2959 positum
723 2909 736 2944 :
776 2890 900 2944 Non
931 2892 1154 2959 privabit
1229 2890 1388 2953 bona,
1469 2891 1535 2944 iis
1587 2891 1676 2959 qui
1727 2890 2003 2944 ambulant
2043 2891 2097 2943 in
2123 2891 2462 2956 innocentia;
2494 2907 2594 2961 pro
2624 2893 2750 2945 Non
2775 2895 3003 2960 privabit
3043 2912 3128 2948 eos
3162 2897 3329 2949 bonis.
3359 2899 3626 2953 lziuoceuc

353 2983 487 3038 tiam
530 2991 710 3036 autem
760 2983 948 3039 hocin
1002 2986 1122 3039 loco
1162 2999 1260 3052 pro
1327 2985 1663 3038 abstinentia
1745 2985 2008 3038 vitiorum
2051 2985 2256 3053 posuit.
2325 2984 2646 3053 (Considera
2707 2990 2873 3043 etiam
2937 3007 3005 3046 ne
3079 2991 3332 3048 fortassis
3403 2997 3623 3048 verbum

355 3079 666 3148 ἁποστρεῶ,
716 3078 818 3134 hoc
863 3087 970 3145 est,
1019 3079 1246 3134 verbum
1298 3079 1483 3141 Privo,
1516 3079 1709 3133 eodem
1763 3081 1926 3132 modo
1968 3086 2491 3150 construatur,-quo
2523 3082 2750 3136 verbum
2804 3085 3034 3155 Aufero;
3102 3087 3250 3157 quod
3328 3087 3630 3156 aliquando

355 3185 481 3224 cum
511 3169 968 3240 dativojuugitur
1004 3181 1061 3225 et
1093 3170 1434 3232 accusativo.
1481 3171 1690 3224 veluti:
1738 3171 1944 3224 Aulcro
2025 3171 2120 3224 tibi
2147 3185 2266 3225 cant
2341 3187 2478 3237 rem,
2532 3174 2698 3229 sicuti
2748 3179 3056 3244 reperimus
3085 3180 3224 3248 apud
3281 3179 3622 3239 AriStideiu:

355 3264 599 3320 Abstulit
629 3266 676 3318 ei
703 3266 1105 3334 mgritudiuem.
1143 3265 1275 3320 Item
1313 3266 1453 3336 apud
1480 3264 1878 3320 Pbilostratum
1908 3283 1922 3318 :
1966 3266 2101 3322 Cum
2135 3265 2356 3320 fortuna
2386 3268 2436 3322 ei
2477 3284 2733 3338 maguum
2801 3273 3084 3340 prmmiutn
3117 3275 3482 3341 absutlisset.)

426 3359 602 3426 Κύριε
638 3361 670 3412 ὀ
699 3359 843 3424 Θεὸς
882 3356 998 3410 τῶν
1039 3357 1371 3428 δυνάμεων,
1410 3357 1706 3428 μακάριος
1756 3361 1789 3412 ό
1843 3357 1936 3410 ἆν-

2134 3359 2357 3413 Domine
2386 3359 2523 3414 Deus
2556 3361 2828 3427 virtutum,
2877 3365 3059 3420 beatus
3090 3368 3263 3432 lanna,
3311 3371 3401 3437 qui
3449 3381 3628 3438 sperat

357 3456 593 3520 θρωπος
627 3453 658 3504 ό
690 3448 946 3510 ἐλπίζων
973 3451 1069 3503 ἐπὶ
1106 3450 1200 3505 σέ.
1256 3451 1345 3504 Ἐν
1384 3450 1462 3520 τῷ
1496 3451 1579 3519 λγ’
1610 3449 1810 3520 ψαλμῷ
1865 3449 1944 3502 εἴ.

359 3561 523 3614 ρηται
564 3560 578 3574 ⁸
633 3539 937 3609 Μακάριος
985 3543 1144 3609 ἀνὴρ
1195 3541 1262 3608 ὃς
1320 3541 1546 3603 ἐλπίζει
1597 3544 1692 3596 ἐπ’
1729 3543 1937 3596 αὐτόν.

357 3634 608 3699 Ἐλπίζει
651 3634 708 3688 δὲ
736 3634 1002 3686 ὁπάντων
1037 3635 1459 3704 καταφρονήσας
1487 3635 1593 3686 τῶν
1641 3633 1936 3704 βιωτικῶν,

359 3729 457 3782 καὶ
494 3728 570 3797 τῷ
624 3727 744 3798 Θεῷ
787 3728 934 3800 μόνῳ
972 3728 1385 3797 προσανέσχων.
1433 3727 1675 3797 Ἑϐραῖοι
1721 3727 1775 3778 δὲ
1846 3725 1941 3778 καὶ

357 3825 451 3876 τδν
488 3822 733 3892 παρόντα
765 3821 980 3891 ψαλμὸν
1025 3821 1106 3891 τῷ
1160 3823 1218 3874 ἐν
1289 3820 1564 3873 Βασυλῶνι
1614 3818 1937 3889 δορυαλώτῳ

329 3914 477 3985 ,λαῷ
498 3915 873 3976 ἀνατιθέασιν,
905 3913 1265 3984 ὲπιθυμοῦντι
1297 3914 1392 3965 τοῦ
1430 3915 1486 3966 ὲν
1541 3909 1938 3983 Ἰεροσολύμοις

360 4006 514 4070 ναοῦ,
557 4007 651 4059 καὶ
683 4006 1040 4075 μακαρίζοντι
1079 4006 1206 4067 τοὺς
1239 4004 1633 4066 κατοικοῦντας
1672 4005 1729 4056 ὲν
1769 4002 1941 4073 αὐτῷ,

363 4098 458 4151 καὶ
488 4098 830 4169 προτιμῶντι
872 4097 1004 4166 μίαν
1043 4095 1259 4166 ἡμέραν
1299 4096 1397 4166 τῆς
1429 4097 1488 4147 ὲν
1545 4095 1696 4164 αὐτῷ
1737 4095 1942 4164 διατρι·

362 4190 464 4260 σῆς
499 4190 645 4260 ὑπὲρ
696 4189 940 4259 χιλιάδας
963 4188 1187 4258 ἡμερῶν
1212 4187 1312 4249 τὰς
1351 4190 1409 4240 ὲν
1467 4188 1669 4251 ἄλλοις.
1736 4191 1808 4241 Οὐ
1849 4189 1941 4240 δύ-

363 4300 556 4336 νανται
591 4281 646 4334 δὲ
671 4283 844 4335 διόλου
875 4280 1214 4351 συμϐιϐάσαι
1249 4281 1348 4352 τὴν
1388 4281 1693 4351 ἑρμηνείαν
1749 4279 1938 4334 αὐτοῦ.

362 4375 437 4427 Τὸ
471 4375 600 4444 γὰρ,
634 4376 736 4440 Εἰς
760 4373 902 4440 τοὺς
946 4373 1167 4439 αἰῶνας
1196 4373 1316 4426 τῶν
1345 4372 1574 4425 αἰώνων
1625 4371 1944 4426 αὶνέσουσι

363 4482 461 4530 σε,
491 4465 877 4536 προσίσταται.
920 4463 1209 4534 Κατελύθη
1233 4464 1290 4517 δὲ
1325 4467 1422 4516 καὶ
1459 4465 1489 4516 ὁ
1528 4464 1653 4526 ναὸς
1679 4465 1772 4516 καὶ
1812 4465 1838 4516 ὁ
1881 4465 1941 4516 ἐν

364 4558 516 4627 αὐτῷ
555 4553 702 4618 αἶνος
734 4574 748 4586 ο
773 4556 866 4608 καὶ
901 4556 978 4618 τὸ,
1009 4557 1114 4621 Εις
1134 4555 1248 4622 τὴν
1275 4555 1529 4610 κοιλάδα
1585 4556 1692 4610 τοῦ
1721 4559 1942 4609 κλαυθ-

358 4650 557 4719 μῶνος
587 4689 602 4713 ,
635 4649 999 4702 ἀνακόλουθον
1052 4651 1259 4712 αὐτοῖς,
1294 4653 1387 4702 καὶ
1435 4649 1569 4704 ἄλλα
1622 4651 1762 4702 τινά.
1834 4651 1943 4703 Καὶ

2047 3454 2099 3506 in
2130 3463 2198 3507 te.
2257 3451 2312 3505 In
2347 3454 2555 3522 psalmo
2588 3457 2755 3510 etiam
2805 3472 2901 3510 Llll
2946 3459 3220 3526 legimus:
3277 3461 3474 3517 Beatus
3518 3468 3620 3529 rir,

2045 3547 2134 3614 qui
2165 3557 2336 3613 sperat
2367 3545 2418 3597 in
2449 3561 2529 3599 eo.
2567 3546 2660 3600 Ille
2691 3556 2872 3602 autem
2910 3566 3136 3617 sperare
3173 3552 3377 3606 dicitur
3407 3557 3458 3608 itt
3487 3557 3618 3619 Dcu,

2044 3637 2138 3705 qui
2177 3636 2456 3689 mundana
2483 3639 2667 3691 omnia
2699 3639 2954 3707 despicit,
2993 3649 3046 3694 et
3076 3641 3146 3695 ab
3176 3658 3242 3696 eo
3274 3651 3392 3697 solo
3422 3649 3627 3714 'depeu-

2045 3729 2158 3782 det.
2197 3729 2408 3783 llebrmi
2449 3744 2577 3783 vero
2627 3730 2775 3783 hunc
2810 3732 3082 3798 psalmum
3113 3732 3306 3785 dicunt
3338 3733 3404 3787 ad
3451 3739 3626 3804 capti-

2046 3835 2170 3873 vum
2210 3820 2262 3872 in
2301 3819 2577 3890 Babylone
2612 3814 2866 3890 populum
2908 3822 3205 3890 pertinere,
3242 3825 3334 3892 qui
3382 3826 3450 3878 ad
3494 3827 3625 3881 Hic-

2043 3909 2508 3980 rosolymitanuiu
2593 3909 2852 3978 templum
2918 3911 3184 3965 accedere
3249 3914 3507 3982 optabat,
3573 3929 3627 3971 et

2044 4003 2237 4056 beatos
2273 4016 2369 4056 eos
2401 4016 2594 4054 omnes
2625 3999 2868 4066 dicebat,
2917 4002 3010 4070 qui
3046 4003 3158 4057 illic
3186 4003 3468 4074 degerent.
3519 4006 3625 4073 Qui

2045 4097 2207 4150 etiam
2243 4095 2478 4164 populus
2514 4094 2567 4148 in
2599 4094 2696 4148 illo
2723 4095 2950 4162 templo,
2979 4096 3061 4149 vel
3091 4097 3252 4150 unica
3289 4107 3502 4153 tantum
3537 4101 3628 4156 die

2045 4186 2376 4241 commorari
2433 4187 2741 4250 maluisset,
2799 4201 2962 4255 quam
3011 4188 3144 4241 alibi
3182 4190 3264 4243 vel
3299 4190 3626 4260 longissimo

2045 4281 2311 4349 temporis
2339 4280 2647 4334 intervallo.
2680 4277 2877 4334 Verum
2909 4296 3016 4334 nou
3049 4291 3289 4350 possunt
3312 4299 3410 4352 per
3438 4287 3623 4340 omnia

2045 4371 2358 4444 huiusmodi
2393 4371 2792 4438 expositionem
2847 4389 2948 4424 suo
3001 4377 3428 4429 accommodare
3482 4391 3618 4444 pro-

2047 4463 2257 4535 posito,
2287 4477 2414 4517 cum
2448 4464 2540 4516 illa
2565 4465 2646 4518 eis
2672 4463 2839 4518 verba
2872 4464 3237 4520 adversentur
3264 4485 3278 4519 :
3321 4465 3388 4519 In
3423 4470 3623 4522 sa'cula

2045 4555 2360 4610 surculorum
2390 4555 2683 4608 laudabunt
2729 4565 2798 4609 te.
2829 4553 2965 4609 Nam
3008 4565 3059 4610 et
3102 4557 3384 4626 templum,
3427 4568 3481 4613 et
3511 4559 3628 4612 lau-

2046 4649 2163 4713 des,
2193 4661 2314 4716 qua:
2351 4647 2407 4699 in
2468 4660 2536 4701 eo
2584 4646 2788 4715 templo
2823 4644 2937 4701 Deo
2992 4644 3341 4712 dicebantur,
3374 4649 3628 4704 abierunt

365 4741 476 4809 γὰρ
512 4739 677 4808 καὶὴ
731 4739 1018 4810 ἐπιγραφὴ
1089 4739 1194 4810 πρὸ
1246 4739 1354 4792 τῶν
1396 4739 1572 4792 ἄλλων
1631 4739 1936 4809 ἐμποδίζει,

2045 4740 2248 4795 omnia.
2275 4737 2341 4792 Et
2369 4739 2534 4793 verba
2580 4739 2672 4794 illa
2703 4756 2717 4793 ι
2743 4737 2808 4792 In
2847 4737 2986 4792 valle
3008 4739 3390 4810 lacrymarum,
3420 4741 3625 4795 nullam

365 4835 582 4900 Ληνῶν
603 4834 986 4906 πληθυντικῶς
1047 4837 1467 4905 μνημονεύουσα
1508 4849 1522 4862 ·
1587 4834 1862 4902 πανταχοῦ
1888 4833 1945 4886 δὲ

364 4923 526 4994 ληνὸν
581 4927 613 4995 ἡ
652 4925 868 4979 Παλαιὰ
923 4926 1015 4978 τὸν
1058 4929 1119 4978 ὲν
1164 4924 1557 4994 Ἱεροσολύμοις
1601 4924 1747 4992 λέγει
1794 4925 1941 4988 ναὸν,

366 5016 458 5068 καὶ
491 5017 756 5086 σκήνωμα
776 5034 789 5046 ο
822 5017 918 5069 καὶ
943 5017 1006 5069 οὐ
1049 5015 1414 5086 σκηνώματα.

2040 4833 2193 4902 juxta
2213 4846 2404 4886 eorum
2430 4831 2828 4901 expositionem
2859 4831 3125 4886 baberent
3149 4834 3622 4903 consequentiam.

2044 4925 2110 4979 Et
2143 4923 2307 4977 multa
2349 4924 2452 4976 alia
2488 4934 2742 4992 praeterea
2775 4932 2940 4978 erunt
2969 4923 3216 4980 dissona.
3246 4925 3383 4980 Nam
3416 4937 3470 4980 et
3503 4928 3624 4996 ipsa

2043 5013 2098 5066 in
2133 5013 2324 5082 primis
2343 5013 2630 5082 inscriptio
2646 5011 2994 5079 adversatur,
3019 5031 3140 5084 qua:
3168 5017 3479 5071 Torcularia
3504 5020 3624 5083 plu-

367 5106 469 5158 rali
505 5121 736 5159 numero
765 5106 1028 5174 appellat,
1081 5119 1206 5158 cum
1287 5105 1487 5172 passim
1537 5104 1590 5155 in
1661 5103 1840 5156 Veteri
1915 5100 2291 5167 Testamento,
2347 5105 2612 5173 templum
2699 5103 3289 5176 llicrosolymitanum,
3351 5107 3626 5162 Torcular.

365 5199 635 5270 singulari
695 5213 949 5263 numero,
1001 5210 1097 5253 aut
1138 5197 1556 5252 Tabernacnlum
1596 5199 1930 5266 appellatum
1975 5196 2068 5260 sit,
2101 5206 2155 5250 et
2185 5211 2294 5250 non
2333 5197 2654 5263 toreularia,
2687 5206 2783 5250 aut
2821 5200 3202 5252 tabernacula.

364 5295 470 5357 Εἰς
503 5289 570 5344 τὸ
595 5287 769 5355 τέλος
796 5291 920 5356 τοῖς
951 5291 1103 5356 υἱοῖς
1125 5289 1297 5356 Κορὲ,
1329 5291 1570 5356 ψαλμὸς
1623 5288 1703 5353 τῷ
1744 5290 1942 5343 Δαὸἰδ.

938 5380 1232 5434 ΨΑΛΜΟΣ
1259 5381 1379 5431 llA'.

437 5477 545 5539 Εἰς
600 5474 665 5526 τὸ
712 5473 887 5536 τέλος
941 5471 1034 5524 καὶ
1085 5465 1238 5531 οὗτος
1298 5469 1387 5522 διὰ
1451 5469 1509 5520 τὸ
1559 5469 1712 5530 τέλος
1751 5468 1862 5520 τῶν
1887 5471 1944 5522 ἐν

366 5568 540 5637 τούτῳ
577 5565 947 5636 προφητειῶν.
995 5562 1368 5634 Προαγορεύει
1403 5563 1509 5633 γὰρ
1553 5563 1800 5624 τυπικῶς
1843 5563 1943 5630 μὲν

365 5662 434 5714 τὰ
461 5663 562 5730 τῆς
589 5659 904 5729 ἐλευθερίας
949 5657 1056 5710 τῶν
1099 5658 1154 5708 ἐν
1200 5656 1477 5708 Βαϐυλῶνι
1527 5653 1889 5724 αἰχμαλώτων
1918 5694 1932 5718 ,

2288 5287 2352 5342 In
2387 5288 2542 5358 ﬁnem
2579 5288 2707 5356 [iliis
2753 5287 2907 5353 Core,
2944 5288 3178 5355 psalmus
3207 5287 3396 5341 David.

2509 5379 2832 5437 PS.\LMUS
2879 5379 3011 5432 LXX
3028 5380 3166 5433 XIV.

2121 5471 2186 5525 In
2228 5473 2384 5540 linem
2417 5473 2581 5526 etiam
2615 5472 2942 5526 inscribitur
2975 5471 3064 5524 bic
3103 5471 3366 5541 psalmus,
3397 5470 3464 5524 ob
3498 5486 3622 5540 pro-

2043 5564 2255 5632 plietias
2291 5565 2344 5615 iu
2379 5578 2442 5617 co
2473 5573 2784 5625 contentas,
2835 5580 2956 5633 quae
2986 5563 3051 5617 ad
3092 5565 3252 5616 tinem
3293 5563 3610 5626 tendebant,

2041 5656 2103 5708 Et
2139 5659 2189 5709 ιιι
2227 5657 2395 5722 ligura
2445 5655 2664 5723 quidem
2715 5671 2778 5709 ea
2831 5657 3102 5725 praedicit,
3157 5671 3276 5722 qua:
3315 5655 3378 5707 ad
3428 5657 3615 5722 populi
