4084 6210
562 162 663 225 871
1765 159 2085 222 EUTHYM
2096 158 2153 217 II
2192 159 2233 216 Z
2246 155 2522 217 IGABEN
2532 154 2557 214 ῐ
3704 159 3794 223 872

556 277 758 348 captivi
805 278 859 333 in
888 276 1167 351 Babylone
1198 278 1508 334 libertatem
1539 268 1906 348 pertinebant,
1947 292 2135 332 revera

2258 273 2512 346 ὶληοινῶς
2547 273 2604 327 δὲ
2642 273 2710 325 τὰ
2746 272 2845 342 τῆς
2888 271 3208 343 ἐλευθερίας
3263 271 3368 326 τῶν
3421 272 3491 327 ὲν
3544 277 3791 334 εἰδωλολα·

560 379 744 425 autem
775 370 843 426 de
893 372 1149 442 gentibus
1200 378 1525 439 pertractat,
1571 384 1694 438 quae
1721 369 1823 424 sub
1874 368 2141 423 idolorum

2258 371 2404 439 τρείᾳ
2437 366 2830 438 αἰχμαλώτων,
2868 366 2963 420 καὶ
2990 370 3089 438 τὴν
3124 366 3379 419 ἐντεῦθεν
3408 368 3727 441 ἀπαλλαγήν.

560 466 830 518 servitute
861 465 1091 532 captiva:
1121 464 1472 525 tenebantur,
1525 470 1581 516 et
1635 475 1773 530 quas
1823 460 1895 514 ab
1946 460 2144 530 hujus-

562 555 708 609 modi
738 555 874 623 jugo
904 552 1220 608 liberandas
1257 553 1528 622 praedicit.

637 646 795 701 Vens.
838 646 893 700 2.
925 645 1280 709 Benedia‘isti,
1312 645 1557 709 Domine,
1589 653 1789 698 terram
1820 654 1991 698 tuam.
2019 641 2145 700 Hac

563 754 685 806 quae
736 738 975 792 diximus
1028 738 1230 792 mentis
1281 740 1464 791 oculis
1515 738 1823 807 praevidens
1873 737 2144 807 Pmpheta

566 832 731 884 Deum
758 830 937 898 ipsum
965 831 1266 895 alloquitur
1283 830 1475 886 dicens
1503 830 1881 894 :Benedixisti,
1908 832 2143 899 Domine,

563 936 760 977 terram
797 935 962 988 tuum,
994 940 1087 979 seu
1122 925 1139 990 (
1166 933 1223 977 ut
1258 925 1444 977 verius
1478 926 1532 977 in
1562 923 1750 978 Graeca
1786 925 2017 978 lectione
2050 924 2147 977 ha-

2315 638 2701 706 Εὐδόκησας,
2745 638 2945 706 Κύριε,
2980 637 3097 705 τὴν
3129 620 3249 706 γῆν
3282 653 3416 691 σου.
3462 635 3635 691 Ταῦτα
3670 656 3787 710 προ-

2248 731 2512 803 εωρακὼς
2575 734 2603 785 ὁ
2652 731 2972 801 Προφήτης.
3007 731 3393 802 προαναφωνεῖ
3438 728 3513 799 τῷ
3557 729 3792 800 Θεῷ,ὃτι

2246 824 2455 895 Ἀγαθὰ
2476 825 2752 895 ἠθέλησας
2782 827 2847 894 τῇ
2876 826 2947 895 γῇ
2982 841 3076 877 σου
3105 841 3119 855 ·
3170 822 3391 877 εὐδοκία
3446 823 3549 893 γὰρ
3590 824 3621 893 ἠ
3675 825 3796 891 ἀγα-

2247 921 2513 975 θοθέλεια.
2559 919 2880 989 ’Δδιάφορος
2925 920 2980 973 δὲ
3030 921 3064 989 ἡ
3111 918 3365 983 σύνταξις
3411 919 3526 985 τοῦ,
3582 918 3796 985 Ἠθέλη-

565 1016 741 1084 betur)
779 1036 791 1069 :
834 1015 982 1068 Bona
1008 1015 1246 1079 voluisti,
1277 1016 1516 1076 Domine.
1553 1024 1707 1069 terra:
1742 1025 1868 1070 tum.
1901 1014 2146 1069 [labetur

562 1109 706 1162 cnim
750 1109 803 1161 itt
838 1107 1030 1161 Graeco
1070 1110 1321 1169 verbum,
1365 1107 1692 1177 εὐδόκησας,
1736 1106 1880 1159 unde
1923 1106 2145 1159 εὐδοκία

563 1217 684 1271 qua
722 1200 1101 1269 beneplacitum
1153 1201 1378 1263 dicitur,
1434 1215 1529 1254 seu
1582 1201 1715 1252 bona
1769 1199 2035 1252 uoluntas.
2086 1198 2144 1252 In

563 1294 753 1348 Grteca
807 1303 989 1346 tamen
1032 1293 1269 1347 lectione
1308 1292 1655 1346 constructio
1688 1290 2007 1345 inditlerens
2040 1299 2143 1345 est.

568 1386 743 1439 Terra:
765 1397 939 1439 autem
965 1398 1071 1439 tua:
1092 1385 1247 1449 dicit,
1277 1384 1406 1452 quia
1431 1383 1642 1436 Domini
1671 1391 1751 1437 est
1777 1393 1918 1436 terra
1950 1384 2012 1448 “,
2039 1392 2143 1438 etc.

567 1473 711 1532 Bona
749 1480 912 1547 igitur
947 1494 1093 1531 nunc
1127 1476 1351 1529 voluisti
1388 1483 1549 1531 terra:
1581 1484 1707 1529 tuae.
1745 1474 1879 1527 Nam
1912 1476 2042 1528 olim
2074 1476 2146 1531 ob

566 1572 724 1638 primi
764 1569 1004 1636 parentis
1032 1575 1470 1634 transgressum,
1502 1566 1642 1617 bona
1674 1565 1721 1618 ei
1751 1580 1860 1618 non
1894 1566 2141 1627 volebas,

2244 1030 2384 1080 σας.
2415 1013 2526 1083 Τὴν
2556 1014 2659 1082 γῆν
2691 1030 2784 1064 σου
2810 1012 2885 1079 δὲ,
2910 1013 2992 1066 ὃτι
3032 1011 3143 1066 Τοῦ
3165 1012 3410 1079 Κυρίου,
3433 1011 3612 1080 φησὶν,
3649 1011 3683 1078 ή
3712 1010 3794 1079 γῆ.

2248 1106 2447 1179 Πρὼην
2480 1107 2579 1177 μὲν
2607 1107 2735 1176 γὰρ,
2760 1106 2852 1159 διὰ
2882 1107 2981 1175 τὴν
3015 1106 3110 1159 τοῦ
3146 1105 3364 1176 πρώτου
3424 1106 3595 1177 Ἀδὰμ
3643 1125 3801 1177 παρα-

2247 1202 2400 1271 κοὴν,
2428 1199 2638 1268 πονηρὰ
2664 1201 2804 1268 αὐτῇ
2840 1198 3106 1267 ἠθέλησεν
3140 1216 3155 1231 σ
3188 1198 3649 1267 Ἐπικατάρατος
3688 1198 3799 1268 γὰρ.

2248 1296 2434 1362 φησὶν,
2453 1293 2493 1361 ἡ
2525 1292 2598 1362 γῆ
2628 1293 2696 1344 ἐν
2717 1291 2840 1356 τοῖς
2862 1291 3062 1360 ἔργοις
3086 1308 3203 1344 σου
3226 1308 3241 1322 ’
3271 1291 3385 1345 Νῦν
3411 1292 3466 1345 δὲ
3493 1291 3803 1354 τούναντίον,

2246 1387 2335 1439 διὰ
2374 1386 2473 1457 τὴν
2525 1385 2618 1437 τοῦ
2669 1384 2791 1438 νέου
2850 1384 3024 1453 ’Δδὰμ
3066 1384 3338 1453 ὑπακοήν.
3393 1384 3503 1437 Καὶ
3560 1382 3803 1452 πρότερον

2251 1482 2349 1551 μὲν
2380 1480 2588 1549 κτίσμα
2627 1478 2763 1531 Θεοῦ
2790 1474 2857 1548 ἦν
2889 1520 2903 1542 ,
2957 1477 3186 1547 ὕστερον
3234 1477 3293 1530 δὲ
3322 1477 3419 1531 καὶ
3452 1476 3631 1545 κτῆμα
3658 1474 3804 1527 αὐτοῦ

2250 1572 2487 1639 ἐγένετο.
2518 1572 2658 1625 Ἀλλ’
2691 1572 2833 1623 οὕτω
2868 1571 2967 1639 μὲν
2997 1570 3119 1622 καθ’
3144 1570 3315 1639 ἡμᾶς.
3348 1567 3486 1621 Καθ’
3541 1567 3805 1635 Ἑϐραίους

566 1635 660 1714 sed
716 1635 895 1712 mala:
943 1659 1245 1717 Maledicta.
1303 1657 1579 1725 inquiens,
1643 1667 1783 1709 terra
1815 1658 1866 1708 in
1901 1658 2142 1724 operibus

2258 1635 2306 1717 δέ
2352 1665 2456 1734 γῆν
2488 1663 2624 1717 Θεοῦ
2653 1635 2880 1733 νοήσεις⁷
2906 1663 3088 1725 ἱδικῶς
3129 1635 3231 1731 tripl
3264 1662 3545 1724 Ἰουδαίαν,
3575 1660 3647 1722 ὡς
3674 1660 3807 1726 ἀφω-

566 1751 675 1801 suis
717 1752 794 1814 ”;
837 1758 891 1802 at
926 1764 1069 1802 nunc
1099 1751 1168 1803 ob
1192 1751 1315 1802 novi
1344 1749 1517 1802 nostri
1538 1748 1712 1801 Adam
1746 1748 2138 1813 obedientiam,

568 1842 621 1893 in
663 1841 890 1908 gratiam
932 1848 1081 1894 tuam
1137 1842 1391 1893 restituta
1426 1849 1549 1895 est:
1594 1839 1846 1908 quinimo
1884 1841 2011 1894 olim
2048 1850 2139 1895 tua

2253 1759 2518 1830 ρισμένην
2536 1757 2614 1827 τῷ
2651 1756 2767 1827 λαῷ
2797 1756 2987 1820 αὐτοῦ,
3030 1753 3099 1828 ἦς
3145 1755 3397 1809 εὐδοκίαν
3434 1754 3565 1822 φατὶ
3600 1752 3687 1806 τὸν
3729 1753 3807 1803 ἐς·

2251 1846 2406 1907 αὖθις
2452 1848 2786 1916 ὲνοικισμόν.

568 1938 781 1981 tantum
814 1938 933 1982 erat
968 1938 1240 1992 creatura,
1296 1943 1441 1981 nunc
1492 1929 1656 1982 etiam
1712 1930 1993 1997 possessio
2039 1938 2131 1985 tua
2172 1930 2312 1987 facta
2346 1944 2450 1989 est.
2505 1934 2572 1990 Et
2622 1938 2770 1992 hunc
2808 1938 3030 2007 quidem
3106 1936 3370 2005 sensum]
3405 1936 3587 1992 ﬁdeles
3635 1950 3805 1991 omnes

567 2031 892 2090 St‘qtlunlttl'.
924 2019 1098 2074 Judaei
1133 2036 1261 2075 vero
1297 2036 1393 2090 per
1423 2030 1623 2075 terram
1662 2019 1778 2084 Dei,
1849 2022 2026 2090 ipsam
2085 2033 2300 2080 tantum
2363 2028 2678 2101 intelligunt
2724 2030 2995 2098 Iudaeam,
3058 2030 3227 2087 veluti
3292 2045 3419 2099 qua
3473 2030 3668 2099 populo
3728 2020 3805 2081 Dei

570 2117 671 2170 fuit
719 2115 1031 2170 destinata:
1081 2115 1170 2170 cui
1208 2114 1331 2168 ideo
1363 2118 1501 2170 bene
1550 2115 1790 2170 voluisse
1847 2115 2015 2171 Deum
2050 2117 2272 2189 dicunt,
2309 2126 2442 2193 quia
2471 2135 2593 2194 post
2623 2128 3033 2198 5caplivitatem
3107 2141 3326 2182 rursum
3405 2141 3524 2182 eam
3592 2124 3801 2180 habitari

568 2210 865 2265 concessit.

642 2302 894 2356 Avertisti
946 2302 1302 2371 captivitatem
1337 2300 1528 2356 Jacob.
1583 2298 1717 2366 Quae
1762 2301 1945 2357 futura
1993 2313 2152 2359 erant

573 2396 749 2463 ponit,
786 2403 844 2447 ut
878 2392 1045 2457 facta,
1092 2394 1395 2463 praphetia:
1429 2394 1590 2463 lege:
1623 2395 1909 2460 Avertisti,
1946 2396 2175 2466 inquit,

573 2486 854 2554 Captivum
888 2484 1154 2552 populum
1207 2482 1379 2538 Jacob
1413 2499 1443 2538 a
1478 2485 1767 2555 tyrannide
1797 2500 1903 2554 qua
1939 2502 2152 2554 preme-

575 2580 758 2633 batur.
791 2578 894 2631 Per
914 2574 1086 2630 Jacob
1109 2591 1265 2642 vero,
1297 2584 1354 2629 ut
1376 2577 1489 2646 jam
1523 2592 1666 2647 saepe
1692 2578 1959 2643 diximus,
1993 2578 2153 2633 Chri.

575 2671 813 2727 stianum
849 2668 1110 2740 populum
1146 2668 1420 2739 intelligit.

650 2853 813 2912 Vens.
849 2855 903 2912 5.
950 2853 1227 2911 Remisisti
1278 2851 1613 2922 iniquitatem
1648 2850 1842 2919 populo
1875 2860 1962 2906 tuo
1993 2867 2011 2906 :
2037 2868 2157 2921 ope-

578 2952 735 3005 ruiin
796 2951 972 3005 omnia
1022 2960 1240 3019 peccata
1286 2964 1490 3003 eorum.
1524 2947 1684 3002 Hunc
1731 2947 1993 3018 populum
2027 2946 2160 3003 Pro-

579 3047 739 3115 pheta
773 3043 904 3098 alibi
937 3043 992 3096 in
1029 3042 1242 3111 psalmo
1273 3056 1324 3095 LI
1356 3040 1578 3095 beatum
1603 3039 1895 3108 appellavit
1920 3038 2110 3095 dicens
2140 3056 2155 3092 :

2322 2300 2734 2375 Ἀπέστρεψας
2757 2307 2872 2373 τὴν
2890 2308 3312 2377 αἰχμαλωσίαν
3353 2307 3582 2362 Ἰακώϐ.
3622 2307 3703 2370 Ὠς
3725 2304 3807 2375 ἤδη

2252 2398 2520 2466 γεγονότα
2554 2397 2835 2450 ἐκτίθεται
2867 2398 2934 2451 τὰ
2985 2398 3253 2467 μέλλοντα
3283 2399 3443 2468 νόμῳ
3474 2397 3807 2469 προφητείας.

2250 2491 2657 2560 Ἀπέστρεψας,
2682 2490 2837 2561 φησὶ,
2865 2491 2957 2542 τὸν
2990 2492 3338 2561 αἰχμάλωτον
3398 2494 3525 2547 λαὸν
3574 2492 3663 2545 τοῦ
3726 2492 3811 2543 'la-

2255 2583 2372 2635 κὼὸ
2403 2584 2513 2636 ἀπὸ
2536 2583 2638 2652 τῆς
2684 2582 3029 2652 κατεχούσης
3057 2583 3222 2636 αὐτὸν
3249 2584 3571 2654 τυραννίδος
3591 2600 3605 2615 ο
3638 2581 3810 2636 Ἰακὼϐ

2253 2676 2309 2728 δὲ
2351 2678 2379 2730 ὁ
2415 2676 2803 2747 Χριστιανικὸς
2851 2675 3069 2746 εἴρηται
3121 2675 3268 2746 λαὸς,
3324 2677 3516 2741 καθὼς
3571 2676 3809 2747 διαφόρως

2255 2774 2497 2842 εἴρηται.

2341 2866 2608 2935 Ἀρῆκας
2634 2868 2742 2933 τὰς
2767 2869 3023 2940 ἀνομίας
3057 2873 3137 2938 τῷ
3179 2870 3307 2939 λαῷ
3336 2889 3467 2929 σου
3498 2891 3511 2906 ·
3535 2871 3810 2938 ἐκάλυψα(

2256 2958 2461 3026 πάσας
2492 2965 2601 3027 τὰς
2629 2964 2920 3031 ἁμαρτίας
2950 2965 3172 3021 αὐτῶν.
3204 2967 3424 3023 Τοῦτον
3454 2967 3542 3023 τὸν
3593 2965 3709 3020 λαὸν
3733 2963 3811 3016 καὶ

2256 3054 2315 3106 ὲν
2352 3054 2429 3124 τῷ
2456 3053 2534 3126 λβ⁹
2559 3055 2762 3127 ψαλμῷ
2788 3059 3150 3129 ἑμακάρισεν,
3171 3062 3349 3114 εἰπών
3383 3082 3398 3097 ο
3432 3062 3699 3130 Μακάριοι
3741 3051 3812 3110 ὧν

580 3138 733 3190 Beati
785 3150 1011 3205 quorum
1059 3134 1292 3187 remissa:
1324 3142 1447 3185 sunt
1494 3131 1821 3201 iniquitates,
1857 3140 1905 3184 et
1931 3148 2153 3201 quorum

2259 3116 2585 3216 ἀφέάηοίανί
2616 3116 2687 3203 αἱ.
2709 3116 2991 3219 (implut;
3021 3116 3150 3206 καὶ,
3185 3147 3275 3208 ὧν
3321 3116 3813 3223 ἀπεκαλέφοησπ

578 3239 713 3281 tecta
742 3236 862 3280 sunt
886 3235 1123 3295 peccata.
1154 3223 1389 3278 Remisit
1450 3222 1598 3276 enim
1644 3222 1807 3278 nobis
1851 3238 1945 3293 per
1984 3223 2155 3293 ρατιιί-

584 3317 813 3371 tentiam
885 3323 1108 3367 nostras
1171 3312 1520 3382 iniquitates,
1573 3322 1627 3366 et
1674 3313 1851 3367 sacris
1902 3313 2156 3384 baptismi

578 3408 744 3474 aquis
825 3413 1052 3476 peccata
1104 3416 1299 3459 nostra
1334 3405 1605 3459 contexit.
1659 3403 1875 3460 Hebraei
1915 3421 2043 3461 vero
2076 3407 2159 3462 di-

578 3509 713 3555 cunt
745 3500 889 3569 quod
943 3498 1157 3553 remisit
1194 3499 1334 3552 Deus
1367 3496 1713 3567 iniquitates,
1764 3499 1835 3553 ob
1886 3514 2025 3570 quas
2054 3501 2158 3555 acti

580 3594 825 3647 fuerant.
856 3592 909 3644 in
943 3592 1342 3660 captivitatem,
1399 3598 1454 3645 et
1499 3590 1648 3660 quod
1698 3592 1921 3662 operuit
1967 3608 2157 3647 eorum

580 3692 807 3755 peccata
848 3683 898 3737 in
933 3681 1212 3751 protundo
1248 3682 1517 3738 veritatis.
1556 3683 1798 3753 Populus
1826 3692 2010 3739 autem
2049 3685 2158 3739 Do-

578 3779 711 3831 mini
752 3792 857 3830 non
890 3778 1070 3832 solum
1110 3776 1374 3846 antiquus
1408 3777 1500 3832 ille
1538 3776 1881 3834 lsraeliticus
1928 3779 2160 3849 populus

581 3871 905 3941 appellatur,
957 3869 1115 3937 juxta
1171 3869 1440 3923 rationem
1501 3870 1770 3925 redditam
1827 3871 1883 3925 in
1949 3872 2159 3941 psalmo

578 3978 742 4022 LXXX,
778 3962 873 4014 sed
904 3961 1069 4014 etiam
1104 3975 1282 4014 navus
1315 3959 1785 4029 Christianorum,
1826 3968 1888 4015 ut
1914 3962 2161 4017 diximus

580 4058 635 4109 in
670 4056 848 4124 primo
880 4052 1159 4108 versiculo
1190 4053 1389 4122 psalmi
1425 4069 1613 4108 um.

656 4144 816 4199 Vens.
855 4143 910 4197 4.
938 4140 1151 4199 Sedasti
1209 4159 1414 4197 omnem
1466 4145 1604 4197 iram
1653 4154 1822 4199 tuam.
1858 4145 2032 4212 Quam
2068 4164 2164 4203 au-

582 4247 667 4291 tea
700 4236 940 4291 habebas
975 4235 1531 4306 preptcrhujusmodi
1566 4245 1787 4293 nostras
1818 4237 2160 4308 iniquitates,

581 4340 637 4385 ct
678 4336 923 4399 peccata.

2260 3245 2319 3296 at
2348 3243 2647 3311 ἁμαρτίαι.
2694 3244 2897 3315 Ἀφῆκε
2932 3244 3044 3317 γὰρ
3080 3246 3214 3317 ἡμῖν
3273 3248 3384 3313 τὰς
3414 3247 3635 3317 ἀνομίας
3661 3244 3811 3296 αὐτῶν

2260 3331 2348 3385 διὰ
2373 3332 2471 3403 τὴν
2496 3335 2807 3403 μετάνοιαν,
2837 3338 2931 3388 καὶ
2949 3338 3189 3407 ἐκάλυψε
3215 3338 3319 3404 τὰς
3361 3340 3629 3412 ἁμαρτίας
3658 3335 3806 3390 αὐτῶν

2259 3428 2374 3489 τοῖς
2433 3429 2598 3498 ἱεροῖς
2643 3428 2799 3482 ὕδασι
2858 3430 2955 3483 τοῦ
3005 3430 3153 3485 θείου
3240 3432 3637 3504 βαπτίσματος.
3691 3427 3805 3483 Καθ’

2275 3515 2650 3590 Ἐὄραίουςξδὲ
2685 3522 2909 3591 παρεῖδε
2941 3522 3039 3585 τὰς
3062 3524 3318 3593 ἀνομίας,
3349 3525 3417 3580 δι’
3459 3525 3526 3589 ἃς
3584 3520 3802 3596 ᾐχμαλω·

2260 3609 2547 3683 τίσθησαν,
2580 3614 2678 3665 καὶ
2695 3612 2932 3681 ἐκάλυψε
2955 3616 3055 3677 τὰς
3083 3615 3370 3685 ἁμαρτίας
3399 3617 3575 3671 αὐτῶν
3597 3615 3666 3684 τῷ
3686 3608 3804 3683 βυθῷ

2260 3706 2360 3775 τῆς
2387 3705 2582 3776 λήθης.
2615 3706 2759 3770 Aab;
2786 3707 2843 3759 δὲ
2882 3708 3049 3761 αὐτοῦ
3072 3709 3099 3760 ὁ
3123 3708 3225 3779 μὲν
3278 3708 3531 3773 παλαιὸς,
3576 3706 3704 3759 κατὰ
3722 3701 3801 3769 τὴν

2263 3797 2460 3869 χρῆσιν
2496 3798 2566 3869 ἢν
2631 3800 3033 3870 παρηγάγομεν
3094 3802 3154 3854 ὲν
3208 3801 3289 3872 τῷ
3358 3801 3414 3856 π’
3466 3792 3801 3872 ψαλμῷιοοίὲ

2264 3891 2404 3955 νέος,
2455 3890 2640 3956 καθὼς
2687 3892 3115 3964 ἀποδεδώκαμεν
3171 3896 3229 3948 ὲν
3251 3895 3336 3966 τῷ
3376 3903 3425 3949 α’
3456 3894 3616 3964 στίχῳ
3638 3888 3719 3943 τοῦ
3743 3882 3800 3947 οξ

2262 3983 2502 4055 ψαλμοῦ.

2337 4168 2735 4230 Κατεπαυσιις
2790 4164 3002 4223 πᾶσαν
3055 4168 3172 4235 τὴν·
3220 4168 3414 4239 ὀργήν
3436 4186 3570 4224 σου.
3602 4165 3700 4234 Τὴν
3732 4158 3808 4213 ἐπὶ

2266 4256 2388 4318 ταῖς
2419 4256 2694 4320 τοιαύταις
2720 4259 2971 4329 ἀνομίαις
3000 4264 3095 4314 καὶ
3125 4262 3450 4332 ἁμαρτίαις.

654 4421 899 4475 Arertisti
942 4420 1005 4473 ab
1033 4421 1117 4474 ira
1170 4421 1553 4490 indignationis
1602 4433 1728 4477 tua'.
1787 4422 1927 4489 Quid
1976 4422 2048 4478 sit
2079 4423 2154 4476 ira

2362 4441 2763 4506 Απεστρεψας
2813 4440 2936 4495 ἀπὸ
3001 4442 3186 4511 ὀργῆς
3222 4444 3420 4511 θυμοῦ
3454 4458 3587 4497 σου.
3628 4439 3687 4491 Τί
3730 4434 3807 4505 μέν

585 4512 972 4581 indignationis
1010 4512 1131 4582 (seu
1166 4513 1371 4580 potius,
1398 4522 1458 4565 ut
1498 4514 1550 4566 in
1579 4511 1771 4568 Graec
1805 4513 2154 4578 habetur,ira

2270 4529 2419 4583 ἑστιν
2473 4528 2611 4601 ὀργὴ
2654 4530 2851 4601 Θυμοῦ,
2907 4534 3214 4605 εἰρήκαμεν
3268 4537 3329 4588 ὲν
3378 4536 3456 4605 τῷ
3502 4533 3572 4598 οζ⁹
3592 4527 3806 4601 ψαλμῷ“

584 4604 1059 4675 excandescentia)
1107 4604 1345 4658 vidimus
1402 4605 1457 4658 in
1507 4606 1717 4675 psalmo
1748 4621 1954 4660 Lxxvtt.
2000 4608 2167 4661 Aver-

588 4698 699 4749 tisti
757 4704 936 4750 autem
974 4712 1072 4765 pro
1125 4695 1444 4761 Declinasti,
1507 4697 1576 4752 ab
1626 4698 2003 4768 indignatione
2062 4701 2163 4755 ni-

590 4792 810 4853 mirum,
852 4800 1015 4860 atque
1043 4792 1119 4845 ita
1149 4791 1218 4845 ad
1245 4792 1579 4847 hilaritatem
1612 4803 1666 4850 et
1720 4793 2161 4851 benevolentiam

593 4895 703 4952 pert
717 4883 935 4937 ransisti
948 4923 961 4935 .

663 4974 825 5030 Vens.
857 4976 909 5030 5.
960 4977 1215 5032 Converte
1258 4993 1374 5041 nos,
1406 4976 1545 5034 Deus
1584 4980 1909 5034 salutarium
1959 4992 2170 5037 nostro-

592 5081 730 5132 rum,
771 5077 818 5121 et
874 5080 1046 5123 auerte
1089 5072 1224 5122 iram
1260 5080 1408 5125 tuam
1454 5088 1485 5123 a
1538 5072 1712 5127 nobis.
1779 5073 2050 5145 Deinceps
2100 5093 2167 5133 ex

594 5160 778 5228 populi
816 5176 1049 5229 persona
1082 5176 1393 5217 sermonem
1428 5162 1585 5230 facit,
1610 5165 1693 5219 vel
1720 5166 1887 5221 etiam
1919 5170 2166 5239 seipsum

591 5248 858 5320 Propheta
896 5266 1022 5307 cum
1053 5252 1134 5308 eis
1182 5262 1511 5307 annumerat
1556 5257 1896 5325 supplicans,
1956 5270 2016 5313 ut
2074 5277 2166 5329 pc-

597 5345 694 5398 tita
730 5345 988 5413 superius
1048 5353 1489 5416 consequantur.
1549 5346 1690 5412 Quid
1744 5360 1926 5405 autem
1956 5352 2166 5423 signiti-

592 5444 720 5488 cent
774 5437 865 5488 illa
925 5438 1138 5492 verba:
1172 5437 1311 5493 Deus
1339 5438 1663 5492 salutarium
1709 5452 2038 5514 nostrorum,
2082 5448 2166 5502 di-

684 5608 725 5640 "
765 5611 905 5667 l’sal.
948 5631 1104 5685 ΧΧιΙΙ,
1148 5617 1198 5670 l.
1274 5620 1314 5650 "
1344 5619 1482 5676 Gen.
1536 5636 1619 5685 tu,
1680 5621 1765 5676 l7.

2271 4622 2667 4691 ἀπέστρεψας
2697 4624 2774 4688 δὲ,
2810 4626 2932 4680 ἀντὶ
2973 4628 3067 4681 τοῦ
3099 4628 3476 4701 Μετεκλήθης·
3501 4624 3809 4696 ἁνεχώρησις

2271 4716 2379 4770 ἀπὸ
2410 4715 2586 4787 θυμοῦ
2618 4718 2709 4770 ἐπὶ
2749 4717 3065 4790 ἱλαρότητα,
3085 4724 3181 4777 καὶ
3208 4722 3523 4793 εὐμένειαν.

2364 4984 2773 5055 Ἐπίστρεψον
2832 4987 3013 5057 ἡμᾶς,
3065 4994 3098 5045 ό
3156 4992 3305 5057 Θεὸς
3365 4992 3489 5046 τῶν
3542 4984 3810 5054 σωτηρίων

2278 5078 2467 5147 ἡμῶν,
2492 5081 2592 5135 καὶ
2615 5083 3012 5153 ἀπόστρεψον
3043 5086 3149 5139 τὸν
3179 5088 3378 5156 θυμόν
3402 5085 3519 5140 σοῦ
3538 5082 3632 5152 ἀφ’
3654 5073 3812 5147 ἡμῶν.

2280 5174 2478 5227 Λοιπὸν
2512 5177 2788 5248 προσώπῳ
2809 5178 2903 5231 τοῦ
2934 5177 3065 5233 λαοῦ
3100 5182 3339 5233 ποιεῖται
3371 5181 3499 5242 τοὺς
3536 5178 3728 5243 167w;-
3756 5164 3813 5216 Ἦ

2282 5268 2378 5320 καὶ
2440 5268 2825 5337 ὲγκαταλέγων
2871 5269 3063 5322 ἑαυτὸν
3116 5271 3332 5336 αὐτοῖς,
3399 5268 3622 5323 ἱκετεύει
3661 5258 3815 5329 τυχεῖν

2275 5360 2473 5422 αὐτοὺς
2503 5354 2578 5412 ὧν
2606 5363 2816 5432 εἴρηκε.
2851 5362 2988 5431 Περὶ
3011 5363 3070 5416 δὲ
3104 5363 3219 5431 τοῦ,
3264 5362 3328 5416 '0
3368 5363 3516 5428 Θεὸς
3562 5357 3673 5411 τῶν
3716 5363 3814 5403 σω⁸

2278 5451 2505 5519 τηρῖων
2538 5452 2731 5521 ἡμῶν,
2764 5453 2981 5524 εἴρηται
3002 5455 3061 5509 ὲν
3089 5455 3169 5527 τῷ
3199 5452 3271 5521 ξς*
3302 5453 3524 5527 ψαλμῷ.
3568 5446 3814 5511 Ἐπίστριο
