4084 6210
349 286 458 351 373

342 507 450 560 ¹σειν
481 490 784 559 εὐγένειαν.

421 582 517 651 Μὴ
548 584 638 650 εις
659 582 805 650 τοὺς
853 581 1078 650 αιῶνας
1112 581 1405 653 ὀργισθῇς
1428 581 1593 652 ἡμῖν.
1672 580 1935 636 Ἐνταῦθα

345 674 430 740 τὸ,
488 674 596 740 Εἰς
644 674 789 740 τοὺς
837 673 1085 741 aliIn-ac,
1120 674 1244 729 ἀντὶ
1295 674 1413 741 τοῦ,
1454 675 1545 745 Μὴ
1583 672 1800 740 αἰώνια,
1858 676 1935 745 μὴ

355 765 566 836 μακρά.
626 765 785 829 Τινὲς
815 765 872 818 δέ
901 766 963 819 οῦ
993 767 1114 820 κατ’
1157 766 1427 838 ἐρώτησιν
1460 763 1633 819 ταῦτα
1664 764 1935 833 ἀναγινώ-

349 874 594 925 σκουσιν,
625 857 740 912 ἀλλ’
774 857 984 928 ήθικῶς
1006 874 1019 888 °
1049 856 1136 929 Μὴ
1176 861 1255 923 είς
1292 858 1420 923 τοὺς
1450 858 1652 922 αἰῶνας
1671 857 1933 929 ὀργισθῇς
1974 854 1979 859 “

353 950 506 1019 ἔιμῖν.

478 346 482 351 ,
1510 283 1901 348 (ΖΟΒᾸΜΕΝΤ.
1940 284 2022 346 IN
2062 283 2421 348 PSALMOS.

354 399 448 470 θον
484 397 544 452 δὲ
591 398 737 470 ἡμᾶς
762 399 872 453 ἀπὸ
900 401 996 470 τῆς
1048 398 1425 471 αἰχμαλωσίας
1454 398 1590 467 πρὺς
1618 400 1717 469 τὴν
1749 397 1937 471 προτέ-

2044 410 2190 457 ctum
2224 408 2307 457 est
2343 400 2396 454 in
2434 399 2649 470 psalmo
2699 418 2865 459 uvn.
2906 404 3183 464 Converte
3214 416 3398 464 autem
3430 423 3530 467 nos
3586 426 3615 462 ιι

3513 297 3617 362 8⁸14

2041 492 2368 562 captivitate
2408 492 2461 545 in
2506 492 2799 562 pristinam
2834 493 3188 565 dignitatem.

2110 581 2277 638 Vens.
2335 582 2388 637 6.
2442 582 2717 653 Numquid
2769 585 2824 640 in
2872 586 3072 641 swcula
3124 588 3517 647 irascerisi—
3553 591 3618 647 In

2038 675 2234 730 saecula
2273 674 2365 729 hic
2418 676 2625 746 posuit,
2677 692 2778 747 pro
2825 675 3121 749 Perpetuo,
3157 695 3254 736 seu
3286 696 3423 751 pro:
3450 681 3622 737 Num-

2039 768 2171 838 quid
2227 767 2323 822 diu
2376 768 2683 825 irasceris?
2721 768 2954 836 Quidam
3012 780 3195 826 autem
3264 788 3375 827 non
3408 789 3505 845 per
3533 777 3620 829 in-

2036 862 2471 932 terrogationem
2527 863 2630 919 hoc
2688 863 2899 919 dictum
2967 878 3092 921 esse.
3142 866 3487 936 intelligunt,
3563 882 3619 923 et

2041 957 2335 1013 dictionem
2405 960 2503 1031 μή,
2546 975 2670 1031 qua:
2715 960 2948 1017 habetur
2992 962 3049 1016 in
3115 961 3307 1018 Grieca
3377 963 3618 1019 lectione

354 1056 668 1117 exponunt,
722 1052 784 1101 ut
812 1053 964 1103 recte
1003 1047 1171 1102 etiam
1206 1046 1410 1118 exponi
1451 1053 1654 1118 potest,
1716 1060 1816 1117 pro
1848 1059 1938 1113 ne,
1983 1058 2043 1103 ut
2097 1050 2171 1106 sit
2234 1068 2477 1109 sensus:
2534 1052 2613 1109 Ne
2679 1054 2734 1108 in
2779 1064 3107 1125 perpetuum
3166 1057 3328 1112 nobis
3411 1050 3651 1113 irasca~'

345 1140 450 1196 ris.

318 1258 323 1268 ·
421 1235 491 1290 Ἡ
517 1231 807 1300 (Stater-sig
847 1232 962 1301 τὴν
1022 1233 1212 1303 ὀργήν
1250 1248 1368 1315 σου
1410 1234 1531 1291 ἀπὸ
1579 1236 1792 1306 γενεᾶς
1850 1239 1939 1301 εις

349 1324 596 1394 γενεάν;
634 1325 709 1378 Τὸ
760 1325 893 1379 αὐτὸ
927 1325 1086 1379 πάλιν
1114 1328 1308 1397 φησίν.
1343 1327 1450 1394 Εἰς
1474 1329 1689 1397 γενεὰν
1710 1329 1788 1395 δὲ,
1817 1328 1938 1387 ἀντὶ

348 1417 466 1482 τοῦ,
511 1417 657 1479 Ἕως
714 1418 909 1485 γενεᾶς
953 1417 1142 1489 ἄλλης.
1196 1419 1428 1489 Εἴρηται
1472 1419 1529 1472 δὲ
1570 1420 1698 1490 περὶ
1745 1420 1937 1474 τούτου

349 1526 409 1563 νν
430 1508 508 1578 τῷ
532 1508 577 1562 θ’
605 1508 830 1581 ψαλμῷ.
887 1510 1190 1578 Διατενεῒς
1216 1511 1297 1576 δὲ,
1346 1511 1470 1565 ἀντὶ
1515 1511 1631 1578 τοῦ,
1683 1512 1936 1583 Παρατε-

359 1604 484 1660 δεῖς.

435 1693 491 1744 '0
523 1693 690 1760 Θεὸς,
734 1693 816 1748 σὺ
854 1692 1229 1764 ἐπιστρέψας
1270 1694 1521 1762 ζωώσεις
1556 1692 1736 1765 ἡμᾶς.
1777 1692 1933 1747 Ἔπι-

2115 1235 2221 1290 Aut
2279 1233 2526 1289 extendes
2577 1236 2714 1288 iram
2747 1244 2892 1289 tuam
2930 1255 2961 1291 α
2996 1239 3335 1308 generatione
3385 1239 3439 1293 in
3467 1256 3623 1310 gene-

2045 1328 2360 1382 rationem?
2421 1325 2569 1380 Idem
2623 1341 2816 1383 rursus
2846 1328 3063 1398 repetit.
3123 1327 3187 1383 In
3225 1331 3620 1399 generationem

2047 1430 2232 1475 autent
2271 1419 2432 1485 dixit,
2490 1433 2589 1488 pro
2637 1434 2812 1488 usque
2842 1420 2905 1473 ad
2961 1421 3121 1475 altam
3160 1422 3568 1492 generationem
3603 1404 3649 1488 ς’

2046 1514 2113 1568 de
2154 1529 2263 1584 quo
2301 1514 2358 1568 in
2397 1529 2450 1568 ιτ
2488 1513 2702 1584 psalmo
2731 1512 2939 1567 dictum
2968 1521 3072 1579 est,
3107 1523 3161 1569 et
3196 1512 3487 1582 Extendes,
3515 1530 3617 1586 pro

2044 1607 2368 1664 Protendes.

2117 1699 2285 1755 Vens.
2320 1702 2371 1755 7.
2406 1699 2572 1767 Deus,
2608 1708 2665 1753 tu
2692 1706 2994 1754 convertens
3021 1698 3305 1769 sivi/icabis
3334 1714 3448 1752 nos.
3480 1696 3646 1754 Con-'

352 1785 591 1853 στρέψας
616 1786 767 1856 ἡμᾶς
796 1785 859 1838 οὐ
894 1786 1055 1855 μόνον
1115 1786 1224 1840 ἀπὸ
1248 1786 1347 1857 τῆς
1387 1784 1768 1857 αἰχμαλωσίας
1795 1779 1933 1838 ἀλλᾶ

2044 1798 2267 1846 vertens
2301 1805 2402 1845 nos
2438 1789 2700 1845 nimirum
2736 1805 2765 1842 a
2797 1788 3120 1859 captivitate
3179 1788 3243 1841 ad
3286 1786 3622 1846 libertatem.

350 1879 449 1932 καὶ
474 1879 583 1932 ἀπὸ
637 1880 747 1932 τῶν
801 1879 1239 1951 ἁμαρτημάτων.
1274 1880 1347 1932 Ἢ
1391 1879 1509 1944 καὶ,
1563 1876 1933 1948 Ἐπιστρέψας

353 1976 422 2026 σὺ
458 1971 596 2042 πρὸς
628 1973 800 2043 ἡμᾶς,
826 1971 920 2033 οὓς
950 1972 1336 2042 ἀπεστράφης.
1386 1970 1657 2036 Ζωώσεις
1694 1970 1772 2033 δέ,
1813 1968 1934 2022 ἀντὶ

320 2136 325 2141 Ξ
352 2062 475 2127 τοῦ,
513 2063 774 2126 Ζωὼσαις
794 2064 931 2134 πρὸς
959 2062 1184 2135 ἀρετὴν,
1204 2062 1646 2134 νενεκρωμένους
1662 2062 1764 2133 ήδη
1794 2060 1933 2131 πρδς

310 2175 329 2237 Ξ
354 2153 620 2224 ἐργασίαν
641 2155 833 2226 αὐτῆς.

356 2260 485 2301 eras
542 2261 572 2300 a
602 2248 787 2305 nobis.
831 2246 1160 2319 Viviﬁcabis,
1206 2247 1311 2303 hoc
1341 2256 1448 2312 est,
1504 2249 1657 2304 vivos
1724 2263 1828 2303 nos
1875 2245 2071 2303 reddes
2119 2249 2185 2303 ad
2229 2263 2394 2319 opera
2456 2248 2740 2303 virtutum.

354 2336 561 2392 mortui
611 2352 851 2394 eramus.

423 2428 534 2481 Καὶ
561 2429 593 2482 ό
620 2430 773 2496 λαός
793 2445 913 2498 μου
942 2428 1427 2500 εὐφρανθήσεται
1450 2430 1548 2484 ἐπὶ
1588 2433 1712 2485 σοι.
1741 2429 1935 2500 Τυχὼν

358 2521 694 2591 ἐπιστροφῆς
720 2522 999 2592 τοιαύτης.

428 2612 637 2674 Δεῖξον
677 2612 843 2681 ἡμῖν,
879 2615 1077 2683 Κύριε,
1108 2615 1175 2668 τὸ
1220 2614 1394 2681 ἔλεός
1430 2629 1570 2678 σου,
1604 2612 1701 2667 καὶ
1735 2612 1796 2666 τὸ
1819 2628 1938 2666 σω-

360 2702 571 2773 τήριόν
608 2722 724 2758 σου
779 2703 939 2772 δῷης
982 2706 1148 2776 ἡμῖν.
1232 2709 1314 2761 Τὰ
1365 2706 1615 2761 ἐντεῦθεν
1674 2706 1804 2777 περὶ
1846 2704 1939 2758 τοῦ

358 2797 597 2867 Χριστοῦ
631 2798 1080 2869 διαλαμὸἁνουσι.
1116 2801 1437 2870 Παρακαλεῖ
1469 2800 1621 2868 γὸ.ρό
1649 2799 1942 2869 Προφήτης

359 2892 451 2943 τὸν
478 2890 698 2961 Πατέρα
752 2889 1036 2962 προσώπῳ
1079 2890 1172 2944 τοῦ
1213 2890 1370 2957 λαοῦ,
1396 2890 1490 2945 τοῦ
1531 2891 1818 2962 μέλλοντος
1852 2907 1943 2942 πι-

362 2981 603 3044 στεῦσαι,
644 2982 877 3051 φανῆναι
936 2982 1026 3035 τὸν
1082 2982 1348 3053 Χριστόν·
1392 2981 1576 3034 τοῦτον
1627 2980 1735 3052 γὰρ
1787 2979 1944 3033 καλεῖ

362 3075 512 3139 ἔλεος
549 3075 704 3142 Θεοῦ,
738 3076 831 3130 καὶ
867 3077 1133 3146 σωτήριον
1166 3075 1301 3129 Θ;οῦ
1326 3093 1341 3108 ο
1370 3076 1474 3143 ὅτι,
1508 3075 1736 3146 ἐλεήσας
1769 3075 1939 3143 ἡμᾶς,

2043 1892 2209 1954 utque
2257 1897 2287 1935 a
2317 1882 2467 1937 vitiis
2503 1882 2571 1937 ad
2605 1882 2872 1948 virtutes;
2904 1881 2987 1935 vel
3025 1881 3043 1952 (
3072 1880 3200 1951 quia
3230 1879 3423 1934 Graeca
3450 1876 3646 1933 dictio

2042 1970 2389 2044 ἐπιστρέψας
2433 1972 2491 2027 in
2562 1980 2800 2043 utroque
2860 1978 3042 2041 potest
3099 1986 3265 2027 sensu
3312 1968 3511 2040 accipi.
3567 1980 3623 2023 et

2042 2064 2147 2134 legi
2196 2064 2361 2118 etiam
2410 2070 2633 2134 potest:
2689 2062 2825 2117 Deus
2865 2072 2923 2116 tu
2982 2061 3287 2132 conversus)
3350 2061 3622 2124 dicamus,

2047 2156 2191 2210 Deus
2221 2163 2279 2210 tu
2320 2170 2625 2211 conversus
2684 2154 2753 2209 ad
2793 2170 2945 2221 nos;
2981 2165 3141 2210 antea
3193 2155 3341 2210 enim
3398 2168 3627 2210 aversus

2824 2245 2957 2301 Nam
3029 2254 3193 2303 antea
3246 2245 3313 2301 ad
3344 2261 3409 2301 ea
3485 2260 3624 2316 pene

2118 2425 2186 2479 Et
2220 2425 2445 2495 papulus
2480 2434 2599 2479 tuus
2621 2424 2894 2479 (relabitur
2916 2426 2972 2480 in
3000 2433 3071 2480 te.
3098 2423 3431 2496 Hujusmodi
3464 2427 3588 2483 scili
3609 2457 3624 2468 -

2044 2529 2132 2577 cet
2160 2520 2577 2573 conversionem
2622 2527 2976 2573 consecutus.

2118 2607 2283 2664 Vens.
2316 2608 2368 2663 8.
2424 2608 2653 2663 Ostende
2699 2607 2873 2671 nobis,
2932 2607 3172 2675 Domine,
3205 2610 3623 2664 misericordiam

2048 2710 2218 2767 tuam,
2251 2712 2299 2755 et
2340 2700 2577 2755 salutare
2623 2711 2768 2754 tuum
2808 2700 2879 2753 da
2913 2702 3084 2755 nobis.
3126 2700 3253 2756 Hinc
3303 2710 3357 2758 et
3387 2717 3508 2773 quas
3536 2718 3623 2759 se-

2053 2801 2302 2862 quuntur
2344 2793 2412 2845 de
2446 2792 2668 2846 Christo
2694 2791 3055 2861 intelligenda
3085 2800 3240 2847 sunt.
3269 2791 3446 2864 Rogat
3471 2793 3620 2849 enim

2049 2882 2323 2952 Propheta
2361 2882 2528 2937 Deum
2565 2883 2779 2938 Patrem
2835 2899 2903 2937 ex
2940 2884 3116 2939 ﬁdelis
3149 2885 3333 2954 populi
3361 2899 3620 2953 persona,

2048 2982 2110 3027 ut
2161 2973 2441 3037 Christus,
2508 2988 2669 3041 quem
2702 2982 2757 3027 et
2811 2973 3254 3029 misericordiam
3292 2972 3410 3040 Dei,
3436 2980 3490 3028 et
3522 2973 3621 3029 Dei

2048 3066 2291 3121 salutare
2338 3064 2600 3134 appellat,
2638 3064 2745 3119 sibi
2802 3065 3150 3120 ostendatur.
3176 3065 3619 3121 Misericordiam

361 3162 801 3234 ἐνηνθρὼπησεν,
840 3164 928 3219 ἵνα
980 3164 1126 3236 σώσῃ
1182 3167 1351 3235 ἡμᾶς,
1408 3165 1502 3218 καὶ
1564 3166 1645 3218 ὅτι
1693 3164 1938 3234 ἐλεήμων

2046 3170 2229 3215 autem
2281 3168 2335 3215 et
2376 3162 2625 3215 salutare
2676 3160 2800 3215 ideo
2833 3175 2958 3216 eum
3011 3162 3331 3231 appcilavit,
3361 3163 3487 3233 quia
3514 3164 3620 3217 mi-

362 3257 502 3322 ἐστὶ,
535 3256 629 3308 καὶ
662 3258 852 3328 Σωτήρ
881 3273 893 3286 ·
938 3257 1084 3320 ἔλεος
1120 3258 1177 3310 δέ
1207 3275 1298 3311 σου
1356 3257 1452 3311 καὶ
1504 3256 1772 3326 σωτήριόν
1804 3271 1929 3307 σου·

362 3344 476 3401 οἷον
497 3351 578 3403 ὅτι
604 3349 661 3402 τὸ
692 3350 843 3414 ἕλεος
873 3353 933 3404 τὸ
963 3350 1114 3421 παρὰ
1176 3350 1270 3404 σοῦ
1290 3366 1306 3382 ο
1360 3350 1454 3404 καὶ
1484 3349 1543 3403 τὸ
1578 3349 1844 3419 σωτήριον
1872 3347 1934 3401 τὸ

366 3441 520 3512 παρὰ
553 3441 647 3495 σοῦ
678 3441 771 3495 τοῦ
810 3443 1043 3513 Πατρός.
1084 3442 1285 3505 Δὼσεις
1309 3442 1366 3496 δὲ
1397 3443 1547 3512 ἡμῖν,
1567 3438 1932 3505 sanatam,

365 3533 551 3602 φησὶν,
591 3533 884 3602 ἐγεννήθη
914 3533 1078 3601 ἡμῖν,
1103 3532 1200 3586 καὶ
1230 3533 1358 3598 υἱὸς
1379 3532 1560 3599 ἐδόθη
1598 3530 1762 3600 ἡμῖν.

2043 3253 2346 3309 sericordiu
2414 3260 2602 3308 motus
2656 3261 2762 3318 est,
2815 3262 2872 3308 ut
2924 3270 3143 3310 carnem
3178 3265 3504 3321 assumeret,
3562 3266 3620 3311 et

2046 3362 2150 3402 nos
2212 3346 2470 3401 salvaret.
2531 3345 2689 3401 Unde
2744 3356 2798 3399 et
2851 3345 3193 3414 misericors,
3266 3358 3322 3403 et
3369 3348 3620 3402 Salvator

2046 3438 2242 3494 merito
2261 3440 2588 3510 appellatur,
2622 3439 3062 3496 Misericordiam
3096 3456 3228 3497 vero
3258 3450 3432 3505 tuam,
3456 3441 3619 3509 Deus,

2044 3540 2097 3586 et
2138 3533 2379 3588 salutare
2416 3541 2569 3587 tuum
2610 3533 2759 3587 hunc
2814 3533 3070 3595 dicimus,
3125 3534 3255 3604 quia
3307 3533 3619 3589 misericor-

365 3622 511 3676 diam
566 3622 737 3689 illam,
769 3634 822 3678 et
863 3624 1107 3678 salutare
1142 3624 1272 3678 illud
1308 3623 1567 3692 petimus,
1625 3621 1772 3691 quod
1800 3636 1828 3674 a
1865 3628 1918 3673 te
1955 3630 2062 3677 est.
2119 3622 2201 3676 Ad
2233 3623 2449 3677 Patrem
2502 3624 2647 3678 enim
2686 3625 2928 3694 loquitur
2995 3624 3291 3693 Propheta.
3350 3625 3431 3680 Tu
3491 3641 3619 3680 vcrc

364 3712 503 3768 illud
561 3714 722 3769 nobis
748 3714 927 3781 dabis,
950 3714 1095 3784 quod
1142 3716 1403 3784 petimus,
1435 3716 1508 3767 ita
1543 3721 1603 3767 ut
1634 3712 1936 3784 aliquando
1976 3727 2177 3768 canere
2207 3714 2488 3783 possimus
2515 3730 2641 3771 cum
2668 3713 2983 3785 PrOpheta:
3017 3714 3158 3769 Puer
3213 3727 3370 3769 natus
3410 3727 3488 3769 est
3525 3733 3615 3770 no-

364 3803 467 3871 bis,
493 3814 542 3859 et
565 3806 712 3875 ﬁlius
750 3806 907 3860 datus
926 3816 1004 3860 est
1037 3806 1185 3861 nobis
1242 3805 1306 3862 ".

448 3920 810 3990 Ἀκούσομαι
829 3921 887 3974 τι
917 3919 1182 3987 λαλήσει
1206 3921 1275 3973 ἐν
1302 3920 1431 3990 ἐμοὶ
1464 3920 1681 3985 Κύριος
1702 3921 1734 3973 ό
1769 3919 1936 3983 Θεός.

363 4011 696 4081 Δίσθόμενος
756 4014 1047 4076 ἐπιπνοίας
1100 4012 1249 4077 θείας
1292 4013 1321 4065 ὁ
1384 4014 1698 4084 Προφήτης,
1758 4028 1941 4082 παρα-

368 4101 623 4166 σκευάζει
670 4104 862 4157 ἐαυτὸν
902 4105 982 4167 εἰς
1008 4104 1070 4157 τὸ
1114 4104 1369 4158 ἀκοῦσαι.
1411 4106 1515 4159 Ἐν
1542 4104 1675 4173 ἐμοὶ
1699 4104 1756 4156 δὲ
1792 4098 1938 4167 εἶπε,

364 4194 581 4259 δεικνὺς
609 4198 692 4250 ὅτι
714 4197 816 4251 οὐκ
837 4198 944 4264 ἐξω
968 4197 1218 4269 λαλήσει,
1247 4188 1361 4252 ἀλλ’
1394 4196 1563 4263 ἔνδον,
1616 4198 1696 4261 εἰς
1723 4196 1791 4251 τὰ
1827 4189 1942 4250 ὦτα

368 4286 467 4358 τῆς
506 4288 704 4360 ψυχῆς.

439 4563 571 4615 Ὅτι
598 4561 862 4630 λαλήσει
895 4559 1144 4629 εἰρήνην
1195 4558 1295 4613 ἐπὶ
1363 4557 1471 4611 τὸν
1530 4557 1685 4612 λαὸν
1728 4555 1940 4621 αὐτοῦ,

364 4656 463 4711 καὶ
490 4655 592 4709 ἐπὶ
652 4654 795 4720 τοὺς
851 4655 1063 4719 ὁσίους
1110 4652 1321 4716 αὑτοῦ,
1363 4650 1461 4703 καὶ
1507 4650 1607 4704 ἐπὶ
1639 4649 1780 4716 τοὺς
1815 4648 1943 4701 ἐπι-

361 4750 740 4816 στρέφοντας
803 4744 1059 4813 καρδίαν
1098 4742 1191 4798 ἐπ⁹
1234 4744 1443 4798 αὐτόν.
1508 4742 1839 4813 Ἀκούσομαι
1869 4741 1945 4801 δὲ,

367 4839 538 4908 φησιν
560 4878 576 4902 ,
608 4841 637 4893 ὃ
664 4857 717 4891 τι
756 4838 1005 4908 λαλήσει.
1059 4838 1205 4890 Διότι
1254 4836 1478 4907 λαλήσει
1512 4837 1727 4898 πάντως
1768 4834 1943 4886 είτουν

363 4928 780 4997 εὐαγγελίσεται
837 4928 1062 4997 εἰρήνην
1097 4926 1189 4978 ἐπὶ
1214 4927 1306 4979 τὸν
1334 4926 1461 4979 λαὸν
1492 4925 1655 4978 αὐτοῦ
1677 4964 1692 4988 ,
1721 4924 1813 4976 καὶ
1851 4923 1939 4976 δνσ

364 5037 474 5084 τως
495 5022 525 5073 ὁ
558 5020 685 5083 λαὸς
713 5018 879 5073 αὑτοῦ
907 5019 1129 5089 εἰρήνην
1173 5017 1288 5087 ἔχει
1323 5016 1553 5072 πάντοτε
1592 5016 1727 5085 πρός
1760 5031 1819 5067 τε
1850 5015 1941 5069 τὸν

362 5113 495 5167 Θεὸν
531 5113 626 5166 καὶ
655 5112 791 5181 πρὸς
833 5111 1024 5163 ἑαυτὸν
1054 5150 1071 5176 ,
1126 5110 1317 5179 ὥσπερ
1374 5103 1528 5171 αὖθις
1584 5108 1765 5177 μάχην
1806 5106 1941 5176 πρὸς

361 5205 487 5267 τοὺς
510 5206 737 5274 ἐχθροὺς
772 5203 866 5256 τοῦ
894 5202 1052 5267 Θεοῦ,
1079 5202 1170 5255 τόν
1203 5218 1261 5253 τε
1293 5198 1523 5269 δαίμονα
1552 5200 1648 5253 καὶ
1680 5201 1804 5262 τοὺς
1842 5197 1937 5251 τοῦ

357 5295 629 5366 δαίμονος.
664 5298 802 5359 Τοὺς
848 5296 1050 5359 αὐτοὺς
1090 5295 1146 5348 δὲ
1173 5293 1401 5348 ἐκάλεσε
1458 5293 1585 5344 λαὸν
1646 5291 1806 5355 Θεοῦ,
1841 5295 1937 5346 καὶ

357 5386 562 5452 ὁσίους,
595 5389 897 5453 τουτέστιν,
932 5384 1358 5455 ἁφωσιωμένους
1379 5381 1529 5452 αὐτῷ
1562 5381 1655 5435 καὶ
1677 5381 1931 5451 ἐπιστρέ-

357 5492 556 5547 φοντας
580 5479 667 5531 ἐπ’
698 5478 860 5533 αὐτὸν
916 5480 1016 5550 τὴν
1054 5477 1266 5532 ἑαυτῶν
1315 5476 1566 5547 καρδίαν,
1631 5476 1800 5547 ήτουν
1830 5476 1928 5547 τὴν

464 5727 508 5759 ⁸³
538 5726 645 5783 lsa.
685 5741 760 5789 Ix,
794 5725 849 5779 6.

675 5818 943 5878 Parnon.
1009 5812 1124 5873 Gn.
1171 5810 1491 5875 CXXVIII.

2116 3914 2281 3970 Vens.
2314 3914 2369 3969 9.
2410 3915 2640 3968 Audiam
2688 3914 2816 3983 quid
2865 3915 3117 3984 loquatur
3160 3916 3216 3969 in
3251 3933 3330 3970 me
3364 3915 3616 3970 Dominus

2044 4010 2202 4066 Deus.
2268 4008 2516 4061 Divinam
2550 4005 2821 4076 Propheta
2886 4006 3249 4077 spirationem
3298 4017 3463 4078 atque
3520 4025 3611 4065 au-

2044 4118 2160 4156 ram
2220 4102 2275 4155 in
2312 4117 2371 4155 sc
2395 4100 2817 4155 adventaturam
2858 4098 3126 4163 sentiens,
3173 4100 3242 4154 ad
3283 4102 3615 4156 audiendum

2048 4202 2413 4264 prmparatur.
2467 4190 2620 4257 Quod
2651 4191 2726 4244 ait
2758 4208 2771 4244 :
2824 4190 2967 4255 Quid
2998 4190 3251 4260 loquatur
3302 4196 3353 4247 in
3383 4211 3463 4247 me
3485 4237 3501 4264 ,
3535 4194 3615 4249 di-

2050 4294 2196 4340 ctum
2228 4296 2309 4338 est
2356 4292 2414 4337 ut
2449 4284 2783 4343 ostenderet,
2829 4282 2979 4352 quod
3041 4282 3184 4337 Deus
3219 4286 3411 4339 nonin
3463 4296 3614 4341 exte-

2051 4378 2227 4433 riores
2260 4376 2528 4446 corporis,
2565 4374 2663 4430 sed
2691 4375 2745 4429 in
2781 4375 3077 4431 interiores
3111 4378 3306 4433 aniune
3339 4394 3504 4435 aures
3534 4380 3613 4435 lo-

2050 4478 2285 4523 cuturus
2317 4476 2457 4522 erat.

2128 4558 2393 4624 Quoniam
2435 4560 2675 4628 loquetur
2726 4574 2905 4627 parent
2958 4574 3115 4628 super
3155 4559 3400 4627 populum
3433 4578 3612 4625 suum,

2050 4657 2100 4702 et
2150 4664 2305 4716 super
2352 4659 2561 4702 sanctos
2606 4664 2751 4713 suos,
2805 4657 2855 4701 et
2910 4648 2963 4701 in
2993 4664 3103 4713 eos,
3164 4652 3254 4719 qui
3307 4662 3612 4706 convertunt

2048 4742 2216 4795 corda
2255 4756 2353 4794 sua
2390 4738 2459 4793 ad
2482 4755 2621 4793 eum.
2649 4737 2901 4801 Audiam,
2932 4738 3129 4807 inquit,
3164 4738 3295 4808 quid
3332 4738 3610 4808 loquetur.

2048 4831 2287 4887 Omnino
2340 4831 2484 4884 enim
2545 4830 2799 4899 loquetur
2847 4824 3014 4893 Deus,
3057 4837 3221 4899 atque
3269 4832 3611 4901 evangeliza-

2045 4923 2125 4979 bit
2172 4939 2359 4994 pacem
2399 4923 2601 4993 populo
2635 4936 2754 4977 suo.
2806 4919 2868 4975 Et
2904 4936 3033 4975 vere
3070 4920 3292 4990 quidem
3358 4924 3600 4991 populus

2049 5014 2142 5070 Dei
2190 5025 2245 5069 et
2274 5031 2457 5070 secum
2518 5017 2653 5085 ipse,
2708 5025 2917 5070 etcum
2969 5013 3083 5071 Deo
3147 5030 3365 5085 semper
3412 5030 3600 5087 pacem

2044 5107 2227 5174 habet,
2286 5108 2448 5163 sicuti
2495 5117 2711 5174 contra,
2753 5106 2897 5161 idem
2958 5108 3195 5177 populus
3227 5122 3447 5175 semper
3500 5122 3603 5175 pu-

2039 5219 2202 5273 gnant
2263 5218 2325 5255 ac
2401 5200 2605 5255 bellum
2659 5200 2827 5255 habet
2878 5214 3002 5253 cum
3048 5199 3314 5262 daemone,
3366 5204 3420 5251 et
3471 5213 3598 5251 cum

2039 5294 2314 5349 universis
2365 5293 2455 5363 qui
2511 5292 2771 5346 (immunis
2821 5291 3007 5355 amici,
3073 5301 3165 5344 aut
3220 5289 3330 5343 Deo
3389 5288 3600 5342 inimici

2034 5395 2180 5441 sunt.
2253 5383 2486 5441 Eosdem
2569 5392 2750 5438 autem
2814 5380 3002 5435 ﬁdeles
3084 5387 3139 5435 et
3191 5378 3443 5449 populum
3503 5378 3600 5434 Dei

2039 5478 2349 5548 appellavit,
2397 5488 2451 5533 et
2502 5484 2745 5541 sanctos,
2809 5475 2915 5529 hoc
2964 5481 3069 5538 est,
3103 5471 3497 5537 sanctiﬁcatos,
3530 5485 3594 5525 ac

3118 5805 3195 5870 28
