4082 6230
417 345 548 408 ’8τὸ

1638 327 2021 392 EUTIlYMIl
2064 319 2424 384 ZIGABENI

3601 304 3711 376 876
3741 319 3746 326 ‘

440 467 657 518 dicatos
713 461 844 528 Deo,
895 469 944 514 et
973 462 1361 513 convertentcs
1395 451 1562 510 corda
1612 467 1734 515 sua,
1770 449 1872 504 hoc
1903 455 2010 514 est,

2132 443 2295 514 μυχήν
2318 457 2332 472 ο
2371 441 2404 512 ἢ
2436 439 2542 494 ἀπὸ
2587 437 2687 510 τῆς
2728 435 2954 508 καρδίας
2997 434 3151 499 meo;
3176 431 3568 506 ὲσὴμανεν,ὠς
3594 430 3707 484 ἀπὸ

443 557 657 609 animas
687 568 818 608 suas
844 552 910 606 ad
951 552 1219 614 eum;ch
1252 563 1282 600 a
1324 546 1489 602 corde
1532 551 1705 596 totum
1731 539 2011 593 hominem

439 644 788 714 signiﬁcavit,
849 640 1018 694 veluti
1057 656 1084 691 a
1119 646 1273 708 parte
1321 645 1513 690 totum.

512 736 677 790 Vens.
712 734 799 787 10.
873 731 1249 786 Verumtamen
1296 742 1459 798 prope
1493 725 1732 778 timentes
1765 737 1884 776 eum
1927 736 2016 773 sa-

442 834 616 885 lutare
645 827 834 895 ipsius.
892 825 1007 881 lloc
1045 822 1181 877 illud
1211 829 1316 888 est,
1351 817 1499 891 quod
1531 817 1585 871 in
1651 831 1713 870 se
1742 813 2014 882 Propheta

440 920 612 972 Deum
648 916 794 986 loqui
855 913 1087 968 audivit.
1119 910 1301 965 Dictio
1334 919 1542 976 autem,
1599 903 2008 966 Verumtamen,

441 1011 719 1079 superﬂua
763 1015 850 1062 est
895 1007 949 1060 in
977 1007 1082 1060 hoc
1130 1005 1275 1068 loco,
1303 1002 1390 1057 vel
1425 999 1692 1070 accipitur
1722 1011 1821 1066 pro
1851 995 2014 1049 Vere.

2120 536 2320 606 μέρους
2351 533 2412 587 τὺ
2446 533 2576 587 πᾶν.

2186 713 2361 782 Πλὴν
2387 712 2567 784 ἐγγὺς
2605 709 2726 765 τῶν
2745 709 3138 780 φοϐουμένων
3181 706 3390 772 αὐτὸν,
3418 705 3484 760 τὸ
3512 701 3711 772 σωτή-

2115 825 2249 880 ριον
2284 805 2498 860 αὑτοῦ.
2532 803 2703 856 Τοῦτό
2737 806 2884 857 ἐστιν
2916 802 2943 855 δ
2969 803 3223 872 ἡκουσεν,
3257 801 3313 852 ὲν
3338 795 3710 868 ὲαυτῷλαλη-

2118 901 2227 954 Θὲν.
2258 899 2331 950 Τὸ
2355 897 2430 962 δὲ,
2505 896 2704 963 Πλὴν,
2771 893 3048 965 περιττὸν,
3076 893 3108 962 ἢ
3141 891 3263 945 ἀντὶ
3316 889 3412 942 τοῦ
3471 890 3705 948 Ὄντως.

2135 991 2359 1060 Ἐγγὺς,
2396 988 2556 1059 φησὶ,
2599 987 2707 1040 τῶν
2754 985 3106 1055 φοϐουμέιων
3138 984 3302 1036 αὑτὸν
3331 982 3484 1034 ἔσται
3509 979 3568 1032 τὸ
3605 997 3716 1031 σω-

439 1102 578 1165 Erit,
630 1098 826 1168 inquit,
883 1095 1128 1152 salutare
1181 1094 1358 1166 ipsius
1405 1090 1498 1146 Dei
1550 1094 1720 1160 prope
1783 1103 1882 1142 eos
1922 1085 2016 1156 qui

2132 1087 2304 1155 ιὴριον
2367 1081 2553 1136 αὑτοῦ.
2592 1080 2749 1132 Ἐστι
2789 1078 2844 1130 δὲ
2875 1079 2902 1129 ὁ
2933 1077 3054 1139 νοῦς
3084 1074 3179 1128 τοῦ
3222 1075 3386 1145 ρητοῦ
3419 1073 3660 1136 τοιοῦτος
3695 1089 3709 1102 ⁸

442 1199 607 1250 Deum
660 1196 853 1247 timent
885 1209 900 1256 ;
952 1197 1007 1245 et
1042 1203 1240 1245 sensus
1269 1194 1375 1249 est,
1409 1183 1555 1253 quod
1591 1181 1758 1236 simul
1794 1196 1859 1235 ac
1908 1179 2018 1234 lue-

394 1288 401 1296 ”
440 1288 550 1341 rint
605 1286 771 1354 aliqui
805 1285 1061 1336 timentes
1087 1294 1234 1340 eum,
1278 1277 1370 1346 qui
1402 1273 1593 1328 ﬁdeles
1622 1271 1889 1326 nimirum
1925 1267 2016 1320 fu-

440 1380 547 1433 turi
574 1385 753 1440 erant,
791 1384 922 1428 tunc
951 1387 1116 1443 prope
1141 1385 1236 1425 eos
1266 1367 1371 1424 erit
1407 1365 1688 1429 Christus,
1762 1362 1866 1417 hoc
1909 1371 2017 1426 est,

441 1475 626 1528 statim
657 1481 788 1525 tunc
817 1468 1090 1524 adveniet.

520 1565 585 1618 Ut
615 1564 875 1616 inhabitet
894 1557 1068 1629 gloria
1092 1557 1146 1608 in
1174 1565 1317 1609 terra
1341 1559 1545 1606 nostra.
1581 1548 1758 1619 (Quod
1789 1547 1841 1601 in
1867 1545 2016 1600 Graec

443 1676 511 1715 eo
554 1659 809 1727 legimus,
852 1651 948 1705 τοῦ
990 1645 1436 1718 κατασκηνῶσαι,
1492 1642 1690 1711 exponi
1730 1647 1931 1710 potest,
1963 1646 2021 1690 ut

442 1750 698 1820 exposuit
755 1747 982 1800 Latinus
1045 1744 1336 1809 interpres.
1373 1736 1466 1791 Vel
1523 1736 1684 1790 etiam
1717 1751 1730 1787 :
1770 1731 1834 1786 Ut
1871 1732 2022 1784 inha-

2119 1175 2202 1228 ὃτι
2253 1175 2381 1227 ὅταν
2421 1166 2523 1224 ὦσι
2569 1187 2716 1233 τινες
2769 1167 3095 1236 φοϐούμενοι
3125 1166 3309 1228 αὐτὸν,
3341 1163 3435 1216 καὶ
3470 1162 3714 1232 μέλλωσι

2119 1266 2434 1330 πιστεῦσαι,
2472 1263 2595 1316 τότε
2649 1261 2818 1330 ἐγγὺς
2857 1259 3036 1314 autth
3062 1261 3212 1312 ἐστιν
3246 1262 3273 1312 ὀ
3303 1257 3566 1327 Χριστδς,
3614 1257 3714 1308 καὶ

2118 1357 2281 1422 εὐθὺς
2301 1356 2625 1426 φανήσεται.

2195 1537 2314 1592 Τοῦ
2377 1537 2848 1604 κατασκηνῶσαι
2901 1535 3095 1598 δόξαν
3149 1535 3218 1588 ἐν
3285 1534 3358 1602 τῇ
3396 1533 3472 1604 τῇ
3517 1533 3714 1604 ἡμῶν.

2135 1632 2334 1700 Ἐγγὺς
2366 1631 2522 1683 ἔσται
2575 1630 2668 1682 ἐπὶ
2705 1628 2780 1697 τῷ
2809 1627 3233 1697 κατασκηνῶσαι
3251 1627 3408 1692 δόξαν
3438 1629 3517 1689 εἰς
3550 1628 3720 1699 χάριν

2123 1725 2219 1778 καὶ
2259 1721 2426 1794 τιμῆν
2475 1725 2534 1775 ὲν
2569 1722 2635 1792 τῇ
2669 1725 2739 1792 γῇ
2773 1721 2883 1774 τῶν
2948 1719 3361 1788 Ἰεροσολύμων.
3400 1721 3470 1772 Ἢ
3500 1720 3580 1772 ὅτι
3616 1721 3720 1771 αὺ-

443 1845 614 1896 bitare
649 1840 812 1908 faciat
851 1836 1072 1906 gloriam
1125 1849 1247 1902 quae
1309 1829 1580 1882 lectiones
1609 1834 1792 1878 tamen
1825 1825 2016 1877 eodem

2132 1816 2212 1879 is;
2241 1811 2361 1887 ἦνή
2393 1815 2546 1879 δόξα,
2574 1814 2633 1876 ὃς
2665 1812 2802 1884 σὰρξ
2870 1811 3112 1879 ἐγένετο,
3171 1810 3268 1864 καὶ
3309 1810 3624 1880 ἐσκήνωσεν
3655 1811 3720 1861 ὲν

444 1931 725 1998 tendunt.)
763 1928 937 1996 Prope
986 1925 1152 1992 igitur
1189 1921 1292 1975 erit
1347 1917 1624 1980 Christus,
1688 1922 1745 1969 ut
1799 1912 2019 1968 inhabi-

445 2035 561 2078 tare
617 2021 784 2074 faciat
834 2017 1102 2088 gloriam,
1160 2012 1392 2084 gratiam
1457 2018 1507 2064 et
1583 2009 1890 2072 ho‘uorem,
1960 2003 2017 2059 in

443 2126 590 2172 terra
643 2113 974 2174 Jerusalem,
1022 2105 1103 2161 vel
1165 2106 1293 2176 quia
1352 2105 1468 2174 ipse
1516 2102 1608 2157 ille
1655 2110 1773 2156 erat
1814 2097 2017 2170 gloria,

2127 1912 2280 1980 ἡμῖν.
2316 1907 2386 1962 ἺΙ
2417 1908 2499 1960 ὅτι
2541 1907 2680 1976 μετά
2727 1905 2827 1975 τὴν
2871 1901 3286 1974 ὲνανθρὼπησιν
3325 1900 3417 1954 τοῦ
3449 1902 3720 1972 Σωτῆρος

2127 1998 2336 2064 ἔνδοξος
2373 1997 2466 2051 καὶ
2487 1995 2647 2066 τιμία
2676 1996 2768 2049 καὶ
2799 1992 3176 2063 ὲπιθυμητικὴ
3203 1991 3396 2061 γέγονε
3430 1992 3595 2062 μέχρι
3620 1992 3722 2046 καὶ

2126 2092 2370 2163 τήμερον
2403 2092 2436 2161 ἡ
2472 2084 2541 2159 γῆ
2582 2089 2791 2157 ἐκείνη.

443 2214 537 2282 qui
575 2227 699 2265 caro
737 2209 915 2277 factus
969 2215 1066 2268 est,
1123 2211 1170 2255 et
1226 2197 1485 2253 habitavit
1534 2199 1587 2251 in
1631 2197 1779 2250 nobis
1809 2195 1872 2259 η,
1927 2193 2012 2246 vel
2053 2191 2182 2261 quia
2236 2197 2362 2258 post
2411 2186 2720 2240 Salvatoris
2753 2185 3222 2254 incarnationem,
3286 2197 3461 2254 usque
3520 2181 3576 2238 in
3612 2180 3718 2236 ho-

444 2281 692 2364 tliernutn
740 2302 904 2362 diem,
953 2309 1096 2352 terra
1146 2287 1236 2349 illa
1260 2293 1559 2348 Jerusalem
1590 2291 1810 2353 nobilis,
1836 2290 2096 2344 honorata
2121 2293 2173 2341 et
2194 2283 2454 2338 omnibus
2487 2281 2869 2338 desiderabilis
2909 2283 3053 2338 facta
3081 2290 3191 2339 est.

519 2398 685 2451 Vsus.
741 2393 827 2448 ll.
876 2387 1245 2445 Misericordia
1291 2398 1339 2440 et
1393 2388 1584 2438 veritas
1642 2383 2017 2444 obviavcruut,

439 2491 660 2562 justitia
695 2499 740 2541 et
779 2501 885 2554 pax
919 2481 1172 2536 osculata:
1225 2488 1366 2533 sunt.
1425 2478 1659 2544 Quidam
1711 2476 1796 2530 his
1850 2474 2022 2528 versi-

447 2583 584 2636 culis
636 2572 1021 2634 connumerari
1083 2572 1275 2626 dicunt
1304 2584 1398 2623 eas
1457 2569 1706 2631 virtutes,
1773 2581 1894 2635 qum
1963 2564 2018 2618 in

447 2672 667 2728 Christo
702 2672 1112 2723 convenerant:
1169 2661 1332 2714 veluti
1373 2658 1808 2712 misericordiam
1849 2665 1901 2710 et
1932 2671 2025 2711 ve-

448 2768 692 2822 ritatem.
757 2761 822 2815 Et
876 2755 1307 2813 misericordiam
1353 2752 1577 2824 quidem
1626 2747 2027 2804 demonstravit

447 2858 704 2912 Christus
751 2850 998 2908 sanando
1049 2855 1303 2916 tegrotos,
1364 2843 1658 2897 veritatem
1725 2853 1859 2894 vero
1918 2838 2023 2892 do-

449 2951 622 3006 cendo
661 2956 714 3003 et
769 2939 1139 3017 praedicando.
1168 2936 1742 2995 Convenerautetiam
1778 2935 1832 2988 iu
1860 2931 2026 2987 Chri-

450 3052 537 3098 sto
585 3038 824 3110 justitia,
860 3042 915 3091 et
964 3050 1094 3104 pax.
1159 3031 1238 3086 Ita
1271 3030 1420 3085 enim
1485 3026 1831 3097 signiﬁcatur
1865 3021 2026 3079 nobis

2203 2377 2421 2441 Ἔλεος
2452 2374 2549 2428 καὶ
2593 2373 2850 2440 ἀλήθεια
2885 2374 3312 2444 συνήντησαν,
3367 2373 3464 2426 καὶ
3491 2372 3724 2426 δικαιο-

2125 2466 2286 2532 σύνη
2346 2463 2444 2517 καὶ
2464 2463 2674 2531 εἰρήνη
2702 2465 3150 2533 κατεφίλησαν.
3187 2464 3345 2528 Τινὲς
3391 2461 3723 2533 ἀπαρίθμη-

2127 2575 2212 2612 σιν
2237 2555 2346 2610 τῶν
2377 2557 2435 2610 ὲν
2463 2556 2685 2626 Χριστῷ
2710 2558 3056 2627 φαινομένων
3085 2557 3296 2629 ἀρετῶν
3339 2553 3495 2609 εἷπον
3513 2557 3724 2625 ἐμφαί-

2126 2664 2241 2700 νειν
2267 2647 2429 2699 ταυτὶ
2453 2647 2521 2700 τὰ
2556 2648 2698 2718 ρητά
2732 2663 2748 2676 '
2787 2648 2870 2700 ὅτι
2903 2647 3239 2718 συνέδραμον
3272 2649 3328 2700 ὲν
3365 2646 3514 2716 αὐτῷ
3569 2647 3727 2709 ἔλεος

2131 2745 2226 2796 καὶ
2265 2741 2495 2812 ἀλήθεια
2524 2757 2538 2770 ·
2570 2742 2598 2794 ὁ
2635 2742 2732 2812 μὲν
2765 2742 2914 2805 ἔλεος
2949 2743 3006 2796 ὲν
3056 2742 3136 2812 τῷ
3177 2742 3364 2795 ἰᾶσθαι
3431 2743 3559 2804 τοὺς
3614 2742 3726 2794 πά-

2136 2836 2451 2905 σχοντας,ἠ
2487 2834 2543 2887 δὲ
2575 2834 2809 2905 ἀλήθεια
2846 2836 2904 2888 ὲν
2943 2839 3010 2906 τῇ
3057 2834 3344 2904 ἀπταίστῳ
3370 2832 3724 2900 διδασκαλίᾳ*

2133 2925 2224 2978 ναὶ
2282 2924 2390 2994 μὴν
2440 2922 2733 2994 ήνὼθησαν
2779 2925 2836 2977 ἐν
2879 2922 3029 2994 αὐτῷ
3078 2923 3172 2977 καὶ
3235 2922 3577 2989 δικαιοσύνη,
3625 2918 3726 2971 καὶ

2135 3017 2367 3086 εἰρήνη·
2429 3013 2592 3067 τοῦτο
2645 3016 2754 3085 γὰρ
2798 3015 2962 3084 δηλοῖξ
2997 3015 3060 3066 τὸ
3097 3013 3472 3082 κατεφίλησαν
3518 3027 3532 3039 ·
3568 3011 3602 3080 ἠ
3638 3011 3722 3062 δι-

449 3135 562 3188 illis
585 3102 825 3186 vverbis:
885 3102 1150 3181 Oseulatw
1188 3132 1332 3176 sunt.
1385 3121 1602 3176 Justitia
1650 3128 1831 3172 autem
1870 3115 2028 3170 Chri-

2132 3107 2396 3177 καιοσύνη
2442 3106 2563 3176 μὲν,
2597 3106 2654 3159 ὲν
2691 3105 2776 3175 ’τῷ
2840 3105 3283 3176 κρίνεινόρθῶς,
3324 3104 3418 3157 καὶ
3471 3102 3725 3172 ἐλέγχειν

451 3225 522 3281 sti
565 3221 832 3292 apparuit,
864 3217 920 3271 in
981 3211 1478 3281 rectejudicando,
1531 3225 1657 3264 cum
1719 3216 1775 3261 et
1832 3221 2030 3276 pravos

451 3315 838 3379 redargueret,
880 3319 934 3363 et
988 3307 1193 3361 virtute
1230 3303 1490 3373 praeditos
1539 3299 1794 3354 homines
1830 3297 2027 3351 lauda-

452 3418 536 3464 ret
574 3424 590 3474 ;
647 3419 750 3474 pax
787 3414 915 3455 vero
951 3399 1004 3453 in
1047 3394 1476 3451 mansuetudine
1509 3407 1572 3445 ae
1604 3389 1892 3445 modestia.
1919 3387 2028 3442 Ve-

453 3516 600 3562 rum,
648 3505 707 3550 ut
745 3493 910 3548 altius
970 3502 1341 3560 exponamus,
1373 3481 1752 3540 misericordia
1783 3480 2028 3550 quidem,

453 3593 636 3647 divina
669 3587 776 3642 diei
818 3591 1001 3655 potest
1026 3581 1238 3636 Christi
1281 3586 1503 3641 natura,
1537 3590 1662 3646 qua:
1694 3579 2028 3644 potestatem

455 3685 619 3740 habet
651 3677 960 3734 dimittendi
998 3680 1252 3745 peccata,
1283 3678 1338 3727 et
1373 3667 1603 3726 sanandi
1633 3665 1987 3722 inﬁrmitates
2015 3679 2029 3729 ;

453 3776 659 3831 veritas
691 3779 896 3834 autem,
933 3768 1170 3822 humana
1221 3765 1466 3834 ejusdem
1519 3769 1736 3824 natura,
1770 3758 1896 3828 quia
1929 3773 2033 3811 non

453 3871 692 3921 iuventas
719 3872 795 3917 est
833 3861 983 3915 dolus
1012 3861 1178 3912 inore
1205 3857 1345 3926 ejus,
1405 3863 1460 3908 et
1499 3854 1628 3922 quia
1695 3852 1811 3920 ipse
1876 3851 2034 3905 solus

455 3960 604 4012 illam
655 3955 896 4010 hominis
932 3950 1262 4021 dignitatem
1306 3962 1371 4002 ac
1422 3945 1848 4001 similitudinem
1901 3956 2031 3996 vere

454 4045 694 4104 servavit
745 4049 850 4111 qua
900 4042 965 4094 a-.l
995 4039 1289 4107 imaginem
1342 4035 1434 4089 Dei
1469 4033 1648 4087 factus
1707 4031 1889 4084 fuerat
1921 4046 1936 4082 :
1974 4037 2030 4083 et

455 4139 582 4209 quia
638 4151 802 4189 verus
833 4134 998 4187 homo
1035 4135 1175 4194 erat,
1209 4135 1262 4182 et
1302 4141 1409 4180 non
1435 4124 1786 4194 phantasma,
1831 4129 1889 4173 ut
1924 4120 2032 4174 lite-

455 4229 614 4284 retici
643 4227 866 4297 quidam
915 4223 1200 4276 dixerunt.
1263 4216 1421 4283 Quod
1484 4215 1655 4285 igitur
1701 4212 1799 4276 ait,
1832 4209 2030 4266 Obvia-

455 4329 658 4384 verunt,
705 4319 847 4372 idem
879 4323 962 4368 est
996 4311 1143 4381 quod
1175 4309 1561 4365 Convencruut
1590 4307 1644 4360 in
1701 4319 1892 4367 unum,
1931 4302 2033 4356 hoc

454 4427 562 4480 est,
611 4413 666 4467 in
701 4424 860 4464 unam
885 4415 1173 4474 personam
1208 4403 1375 4455 unita:
1416 4407 1565 4453 sunt.
1626 4395 1850 4452 Justitia
1891 4395 2020 4450 item
2063 4410 2161 4465 pro
2207 4395 2393 4452 divina

2132 3200 2232 3270 μὲν
2263 3200 2390 3263 τοὺς
2427 3201 2720 3270 πονηροὺς,
2757 3200 3005 3252 ἐπαινεῖν
3035 3197 3090 3250 δὲ
3142 3199 3268 3261 τοὺς
3295 3195 3568 3264 ἀγαθούς·
3606 3196 3640 3265 ἡ
3661 3194 3722 3246 δὲ

2129 3293 2320 3363 εἰρήνη
2349 3295 2407 3345 ὲν
2436 3294 2504 3363 τῇ
2560 3292 2855 3362 πραότητι.
2916 3289 3350 3359 Γλαφυρώτερον
3398 3288 3457 3341 δὲ
3519 3287 3723 3349 εἰπεῖν,

2130 3383 2276 3447 ἔλεος
2312 3386 2412 3454 μέν
2447 3385 2597 3436 ἐστιν
2641 3385 2674 3454 ὴ
2709 3381 2830 3435 θεία
2887 3382 3071 3451 φύσις,
3106 3381 3181 3446 ὡς
3237 3381 3492 3448 ἐξουσίαν
3521 3379 3727 3450 ἔχουσα

2130 3477 2352 3546 ἀφιέναι
2405 3477 2704 3547 ἁμαρτίας,
2751 3475 2848 3529 καὶ
2889 3475 3040 3528 λύειν
3059 3475 3250 3537 νόσους
3275 3489 3288 3502 °
3333 3472 3564 3544 ἀλήθεια
3591 3473 3647 3525 δὲ
3686 3472 3722 3542 ὴ

2131 3569 2472 3638 ἀνθρωπίνη,
2509 3569 2594 3622 ὅτι
2639 3570 2763 3637 Οὐχ
2819 3568 3031 3635 εὑρέθη
3072 3566 3277 3631 δόλος,
3305 3565 3493 3636 φησὶν,
3527 3566 3596 3620 ἐν
3643 3564 3727 3631 τῷ

2133 3661 2383 3728 στόματι
2405 3658 2616 3726 αὑτοῦ,
2668 3660 2762 3712 καὶ
2793 3658 2874 3711 ὅτι
2901 3658 3116 3728 ἀληθῶς
3149 3649 3302 3722 οὗτος
3337 3658 3497 3729 μόνος
3522 3658 3728 3729 ἐφύλαο

2133 3749 2192 3815 ξε
2221 3751 2281 3804 τὸ
2312 3751 2526 3820 ἀξίωμα
2550 3753 2650 3820 τῆς
2685 3751 3132 3822 ἀνθρωπότητος,
3157 3751 3254 3804 καὶ
3281 3751 3363 3805 ὅτι
3401 3750 3622 3822 ἀληθῶς
3654 3747 3727 3822 ἦν

2134 3845 2167 3912 ὴ
2194 3843 2354 3910 φύσις
2384 3842 2706 3913 ἀνθρωπίνη
2747 3845 2842 3897 καὶ
2875 3844 2937 3896 οὐ
2968 3843 3110 3898 κατά
3137 3844 3466 3912 φαντασίαν.
3516 3844 3723 3914 Συνήν-

2134 3951 2312 4005 τησαν
2345 3931 2668 3999 οὖν,εἰ’τουν
2735 3936 3027 4007 ἡνώοησαν
3073 3939 3153 3999 εἰς
3217 3937 3346 4006 μίαν
3402 3935 3721 3988 ὑπόστασιν.

2136 4026 2303 4090 Αὖθις
2346 4026 2402 4080 δὲ
2439 4026 2760 4098 δικαιοσύνη
2810 4029 2908 4098 μὲν
2946 4030 2981 4099 ἡ
3019 4030 3140 4082 θεία
3172 4027 3362 4097 φύσιςο
3409 4026 3569 4098 μόνος
3611 4028 3722 4096 γὰρ

2135 4120 2343 4180 δίκαιος
2410 4120 2672 4192 δικαστὴς
2709 4124 2737 4174 ὁ
2766 4121 2899 4184 Θεός
2933 4137 2947 4152 ο
2979 4122 3173 4192 εἰρήνη
3217 4121 3275 4174 δὲ
3313 4123 3345 4192 ἡ
3380 4117 3723 4190 ἀνθρωπίνη,

2137 4212 2225 4266 διὰ
2255 4213 2352 4282 τὴν
2377 4211 2620 4282 ἔμφυτον
2652 4214 2962 4284 πραότητα·
2997 4213 3052 4266 αἳ
3105 4211 3511 4284 κατεφίλήσα-ν·
3543 4213 3574 4267 δ
3625 4215 3724 4283 ἐμ.-

2141 4303 2325 4371 φαῖνει
2353 4303 2451 4374 τὴν
2482 4305 2620 4373 ἄγαν
2653 4305 2848 4359 ἕνωσιν
2879 4307 2972 4358 καὶ
3008 4305 3195 4376 σχέσιν
3250 4305 3519 4376 ἀλλήλων.

2502 4398 2774 4466 accipitur
2820 4407 3037 4453 natura.
3125 4397 3289 4452 Solus
3335 4398 3481 4451 enim
3583 4397 3724 4454 Deus

452 4507 638 4575 justus
721 4500 888 4572 judex
931 4503 1034 4551 est.
1079 4492 1188 4546 Pax
1245 4504 1376 4544 vero
1431 4504 1529 4557 pro
1586 4495 1781 4541 natura
1853 4486 2086 4539 hmnaua
2129 4485 2200 4540 oh
2245 4488 2540 4557 ingenuam
2596 4489 2857 4544 nimirum
2905 4502 2966 4542 ac
3005 4489 3246 4542 nativam
3285 4489 3401 4559 ejus
3464 4503 3724 4543 mansue-

457 4603 727 4655 tudinem.
788 4594 880 4649 lla:
924 4593 1088 4661 igitur
1117 4589 1346 4643 virtutes
1382 4593 1572 4639 mutuo
1598 4600 1654 4638 se
1685 4583 2017 4638 exosculata:
2055 4592 2208 4649 sunt,
2256 4600 2324 4640 eo
2356 4585 2505 4655 quod
2571 4601 2844 4641 sunnnatn
2917 4582 3065 4640 inter
3131 4599 3191 4638 se
3240 4585 3496 4637 unionem
3561 4593 3727 4652 atque

455 4687 895 4749 convenientiam
941 4683 1214 4737 habebant
1243 4679 1294 4732 in
1321 4677 1566 4733 Christo.

533 4787 699 4839 Vsus.
733 4783 820 4835 l2.
861 4776 1070 4832 Venas
1102 4775 1166 4828 de
1195 4784 1334 4827 terra
1374 4781 1491 4827 orta
1537 4781 1634 4835 est,
1667 4771 1947 4840 etjustitia
1975 4771 2037 4825 de
2071 4774 2116 4829 D

455 4880 583 4935 caelo
618 4875 904 4947 prospexit.
939 4870 1169 4940 Quando
1216 4870 1465 4924 homines
1494 4883 1676 4924 veram
1721 4882 1816 4938 per
1836 4865 2035 4920 Filium

457 4975 616 5028 Iidem
651 4968 944 5039 axuplexati
976 4975 1131 5028 sunt,
1159 4979 1289 5019 tunc
1330 4961 1494 5017 Pater
1543 4961 1670 5032 jure
1715 4975 1779 5014 ac
1837 4961 2037 5013 merito

455 5082 643 5123 eorum
666 5060 1066 5134 providentiam
1095 5059 1417 5128 ampliorem
1443 5055 1711 5123 suscepit,
1747 5051 2036 5106 destructo

459 5165 720 5219 nimirum
755 5161 1006 5214 daztnone
1065 5171 1259 5211 eormn
1315 5162 1572 5224 tyranno.
1605 5150 1696 5205 Vel
1728 5149 1904 5213 aliter,
1942 5164 2037 5218 per

456 5258 744 5310 veritatem
801 5253 979 5322 ipsum
1041 5246 1322 5303 Christum
1381 5243 1645 5313 intelligo.
1701 5241 1790 5293 Ait
1839 5239 2036 5294 enim:

457 5347 570 5418 Ego
605 5363 721 5400 sum
753 5345 948 5398 veritas
985 5341 1047 5393 ".
1079 5337 1214 5395 Orto
1266 5337 1434 5408 igitur
1471 5333 1697 5388 Christo
1753 5328 1820 5383 de
1867 5337 2036 5392 terra,

453 5441 614 5511 juxta
668 5437 1078 5508 generationem
1119 5434 1256 5486 hanc
1315 5427 1656 5489 inferiorem,
1686 5419 2039 5476 etdissoluto

458 5532 719 5598 deinceps
783 5527 934 5582 omni
991 5539 1181 5579 errore
1245 5535 1309 5575 ac
1364 5515 1678 5576 mendacio,
1713 5510 1892 5573 Pater,
1947 5508 2038 5579 qui

439 5638 672 5680 'suuima
701 5630 806 5686 est,
837 5627 894 5674 ut
924 5617 1187 5680 diximus,
1220 5611 1456 5682 justitia,
1485 5610 1550 5665 de
1580 5608 1721 5664 cmlo
1752 5607 1806 5659 in
1835 5614 2032 5659 terram

511 5801 556 5834 ιδ
585 5797 742 5852 Joan.
783 5816 821 5868 ι,
863 5797 947 5853 li.
1031 5796 1072 5830 ³⁸
1101 5793 1259 5850 Joan.
1297 5807 1405 5859 κεν,
1441 5791 1492 5846 6.

2225 4771 2504 4836 Ἀλήθεια
2527 4770 2593 4822 ὲκ
2619 4767 2730 4836 τῆς
2769 4768 2880 4839 γῆς
2914 4767 3208 4827 ἀνέτειλε,
3235 4766 3331 4819 καὶ
3366 4765 3726 4833 δικαιοσύνη

2142 4863 2210 4916 ἐκ
2266 4861 2374 4915 τοῦ
2424 4861 2686 4930 οὐρανοῦ
2736 4860 3050 4928 διέκυψεν.
3121 4859 3561 4928 ’Λοπασαμένων
3615 4856 3726 4909 τῶν

2143 4955 2449 5026 ἀνθρώπων
2479 4954 2564 5008 διὰ
2595 4953 2691 5007 τοῦ
2737 4954 2866 5007 Υἱοῦ
2906 4954 3006 5024 τὴν
3033 4952 3208 5022 ἀληθῆ
3244 4951 3449 5015 πίστ;ν,
3479 4953 3508 5004 ὁ
3536 4949 3724 5021 Πατὴρ

2141 5047 2202 5112 ἐξ
2249 5045 2481 5116 οὖρανοῢ
2539 5045 2758 5099 δικαίαν
2816 5045 3077 5116 πρόνοιαν
3133 5043 3316 5097 αὐτῶν
3370 5044 3673 5112 ἐποιήσατο
3709 5084 3725 5106 ,

2139 5135 2388 5191 καθελὼν
2414 5137 2503 5190 τὸν
2529 5136 2791 5207 τύραννον
2848 5136 3030 5190 αὐτῶν
3075 5134 3344 5189 διάϐολον.
3398 5135 3506 5187 Καὶ
3551 5134 3729 5195 ἄλλως

2143 5231 2221 5284 δέ’
2256 5229 2512 5302 ἀλήθειαν
2537 5229 2751 5301 νοήσεις
2777 5228 2868 5284 τὸν
2899 5229 3134 5299 Χριστόν
3155 5245 3170 5260 ο
3194 5227 3387 5298 εἴρηκε
3419 5227 3548 5296 γάρ’
3587 5225 3733 5292 Ἐγώ

2146 5327 2265 5394 εἰμι
2304 5325 2342 5392 ἠ
2376 5323 2627 5391 ἀλήθεια
2648 5340 2663 5356 ο
2720 5317 2778 5376 οἶ)
2803 5322 3187 5385 ἀνατείλαντος
3211 5322 3278 5375 ὲκ
3330 5323 3426 5390 τῆς
3458 5320 3557 5389 γῆς
3588 5317 3732 5371 κατὰ

2147 5419 2248 5489 τὴν
2280 5419 2430 5471 κάτω
2492 5417 2769 5487 γέννησιν,
2831 5416 3098 5488 λυομένου
3143 5416 3331 5469 λοιπὸν
3371 5414 3465 5466 τοῦ
3493 5413 3732 5482 ψεύδους

2149 5509 2249 5578 τῆς
2291 5509 2518 5577 πλάνης,
2567 5511 2594 5562 ὁ
2662 5508 2850 5579 Πατὴρ
2904 5509 2962 5571 ὃς
3011 5509 3126 5561 ἐστι
3173 5505 3603 5574 δικαιοσύνη,ὲκ
3634 5505 3730 5557 τοῦ

2144 5601 2377 5674 οὐρανοῦ
2434 5603 2525 5654 ἐπὶ
2586 5601 2684 5672 τὴν
2740 5601 2843 5671 γῆν
2897 5600 3238 5671 ἐπέϐλεψεν
3277 5600 3546 5670 πρότερον
3586 5597 3727 5651 ἀπε·
