4082 6230
419 367 521 430 8'77

1585 359 1974 424 COMMENT.
2018 359 2099 419 IN
2131 357 2486 419 PSALMOS.

3561 354 3667 420 878

417 481 765 554 στραμμένος
804 481 891 537 διά
915 483 974 537 τὸ
1000 454 1467 552 κατακεχυμένονπ
1503 477 1600 547 τῆς
1625 475 1730 545 γῆς
1763 471 1955 542 ψεῦδος
1974 485 1992 502 ⁹

2101 470 2406 540 prospexit,
2449 485 2572 525 cum
2602 479 2761 525 antea
2795 469 2864 524 ob
2893 469 3240 525 mendacium
3278 468 3424 540 quod
3462 468 3516 524 in
3545 471 3669 524 uni-

413 577 506 628 καὶ
533 574 849 646 κατηλλάγη
880 576 945 630 τὰ
976 575 1086 630 ἄνω
1114 579 1226 639 τοῖς
1255 575 1426 628 κάτω.

483 846 594 900 Καὶ
626 845 736 914 γὰρ
767 847 799 899 ό
821 844 1037 911 Κύριος
1058 843 1237 897 δώσει
1267 840 1669 910 χρηστότητα,
1713 835 1812 890 καί
1841 834 1880 902 ἡ
1911 831 1989 901 γῆ

416 936 586 1008 ἡμῶν
614 937 794 992 δώσει
813 937 919 991 τόν
953 935 1187 1006 καρπὸν
1209 932 1418 1000 αὐτῆς.
1455 932 1598 1004 Ὅρα
1627 929 1745 992 πῶς
1775 931 1802 982 ὁ
1828 925 1992 980 Δαὸὶδ

417 1033 474 1083 ὲν
507 1029 708 1100 βεϐαίῳ
775 1028 1160 1100 προαγορεύει,
1202 1029 1284 1080 ὅτι
1341 1028 1368 1079 ὁ
1430 1025 1527 1094 μὲν
1583 1021 1774 1091 Πατὴρ
1829 1018 1991 1073 δώσει

417 1123 530 1186 τοῖς
565 1121 876 1192 ἀνθρώποις
899 1121 989 1174 τὸν
1015 1119 1143 1174 Υίὺν
1170 1118 1359 1184 αὐτοῦ,
1392 1117 1451 1182 ὃς
1482 1118 1600 1169 ἐστι
1635 1112 1946 1186 χρηστότης
1975 1126 1990 1141 '

423 1214 634 1280 Οὐδείς
659 1214 767 1283 γὰρ
819 1213 1042 1281 ἀγαθὸς
1075 1215 1124 1266 ει
1169 1211 1256 1281 μὴ
1291 1206 1375 1277 εἷς
1400 1213 1432 1264 ό
1465 1208 1632 1275 Θεός.
1681 1207 1792 1260 Καὶ
1824 1205 1933 1276 γὰρ
1966 1203 1994 1255 ὁ

419 1302 712 1372 Σύμμαχος
753 1301 863 1356 Τὸν
889 1301 1114 1371 ἀγαθὸν
1143 1297 1316 1355 εἶπεν.
1352 1299 1420 1354 Ἠ
1443 1298 1512 1352 δὲ
1545 1298 1621 1368 γῆ
1665 1297 1845 1350 δώσει
1888 1295 1996 1348 τὸν

418 1394 653 1460 καρπίην
690 1390 906 1460 αὐτῆς,
929 1391 1056 1455 τοὺς
1090 1391 1425 1454 ἀποστόλους
1452 1389 1716 1459 δηλονότι,
1745 1387 1842 1442 καὶ
1869 1387 1996 1449 τοὺς

417 1485 611 1546 ἄλλους
643 1485 887 1548 πιστοὺς,
959 1483 1066 1537 ἁπδ
1116 1483 1214 1553 τῆς
1259 1482 1517 1547 Ἰουδαίας
1566 1481 1993 1552 βλαστήσαντας.

428 1577 826 1648 Ἀπλούστερον
856 1578 910 1630 δὲ
964 1579 1162 1641 εἰπεῖν,
1196 1576 1290 1628 τοῦ
1331 1573 1570 1644 Χριστοῦ
1617 1573 1994 1643 γεννηθέντος,

417 1668 620 1738 Κύριος
674 1670 836 1723 δώσει
891 1669 1040 1732 ἔλεος
1078 1671 1190 1730 τοῖς
1220 1667 1562 1739 ἀνθρὼποις’
1595 1666 1689 1720 zeal.
1739 1664 1928 1719 λοιπὸν
1961 1665 1995 1735 ἡ

416 1761 487 1832 γῆ
525 1763 658 1815 πᾶσι
688 1762 920 1832 καρποῖς
946 1761 1251 1831 εὐθυνήσει.

491 2056 854 2123 Δικαιοσύνη
919 2053 1180 2108 ἐνώπιον
1240 2053 1430 2108 αὐτοῦ
1495 2050 1993 2120 προπορεύσεται.

421 2147 778 2218 Δικαιοσύνην
845 2147 1084 2200 ἐνταῦθα
1135 2146 1284 2214 λέγει
1329 2146 1430 2215 τὴν
1470 2146 1653 2198 πᾶσαν
1680 2138 2000 2215 ἀρετὴν,ἦς

381 2241 484 2307 ,τὸ
511 2240 650 2310 φῶς,
688 2238 1165 2309 προπορευόμενον
1223 2237 1318 2290 val.
1360 2236 1757 2304 ἀπαστράπτον
1805 2234 1997 2299 αὐτοῦ,

421 2333 574 2404 δίκην
601 2330 882 2402 λαμπάδος
915 2329 1262 2384 ἀπεδείκνυεν
1323 2328 1485 2383 αὑτὸν
1509 2331 1621 2392 τοῖς
1664 2327 1996 2398 ἀνθρώποις.

496 2595 602 2653 Kal
655 2597 828 2664 θήσει
868 2600 954 2662 εις
1003 2595 1147 2650 ὁδόν
1175 2597 1246 2650 τὰ
1272 2595 1601 2664 διαδήματα
1645 2595 1852 2651 αὑτοῦ.
1891 2597 1999 2650 Καὶ

421 2688 609 2743 λοιπὸν
640 2691 668 2742 ὁ
695 2688 929 2759 Χριστὸς
952 2689 1020 2740 τὰ
1058 2688 1376 2760 διαδήματα
1399 2687 1588 2754 αὑτοῦ,
1618 2688 1869 2742 τουτέστι
1897 2690 1998 2759 τὴν

421 2781 676 2853 ἐνάρετον
723 2783 840 2835 ὸδδν
898 2782 964 2852 ἢν
1005 2781 1166 2845 αὐτὸς
1220 2781 1379 2850 ἔτεμε
1435 2783 1530 2834 καὶ
1557 2779 1795 2846 ὲὸἀδισε,
1842 2781 1998 2852 θήσει

423 2877 504 2940 είς
539 2874 601 2928 τὸ
640 2869 780 2928 εἶναι
809 2872 926 2926 ὁδὸν
952 2875 1066 2936 τοῖς
1093 2874 1461 2944 Χριστιανοῖς,
1491 2871 1560 2926 δι’
1589 2869 1657 2945 ἦς
1690 2873 2001 2942 βαδίζοντες

421 2967 722 3022 ἀνέλθωσιν
761 2964 840 3027 είς
870 2964 960 3018 τὸν
983 2965 1168 3018 αὐτόν.
1197 2964 1354 3018 Ἐστι
1381 2964 1438 3018 δὲ
1464 2963 1557 3018 καὶ
1583 2963 1760 3026 ἄλλως
1800 2965 1994 3017 εἰπεῖν’

428 3061 546 3114 Ὅτι
577 3062 604 3113 ὁ
629 3058 935 3130 πρόδρομος
986 3057 1257 3126 Ἰωάννης,
1286 3056 1343 3109 ὃν
1377 3056 1636 3110 ἐκάλεσεν
1661 3058 1686 3109 ὁ
1711 3054 1875 3109 Δαῦὶδ
1904 3053 1998 3108 νῦν

2095 576 2310 618 versam
2336 571 2452 617 erat
2485 571 2688 617 terram
2718 562 3001 628 diﬂusum,
3036 577 3065 614 a
3098 563 3259 618 nobis
3296 561 3553 618 omnibus
3580 579 3671 617 es-

2096 664 2179 710 set
2206 670 2456 710 aversus.
2516 654 2765 719 Superna
2802 657 2970 725 igitur
3030 669 3160 712 tunc
3217 665 3380 725 atque
3424 657 3668 712 caelestia

2097 743 2451 800 inferioribus
2491 761 2556 801 ac
2597 746 2889 802 mundanis
2918 756 3046 802 sunt
3089 747 3405 802 conciliata.

2166 835 2335 892 Vens.
2371 839 2458 893 15.
2499 838 2704 892 Etenim
2756 839 3014 894 Dominus
3063 839 3212 894 dabit
3257 840 3568 904 bonitatem,
3623 849 3673 894 et

2097 939 2238 986 terra
2274 940 2459 985 nostra
2487 932 2637 984 dabit
2663 934 2898 1003 fructum
2933 950 3110 987 suum.
3161 931 3298 987 Vide
3335 947 3499 1002 quam
3539 948 3674 987 cou-

2098 1031 2311 1077 stanter
2354 1023 2620 1092 praedicat
2672 1024 2832 1078 nobis
2861 1024 3057 1080 beatus
3089 1024 3284 1088 David,
3332 1025 3479 1093 quod
3514 1023 3675 1078 Pater

2098 1115 2326 1169 daturus
2351 1123 2500 1170 esset
2525 1113 2721 1168 Filium
2758 1131 2916 1170 suum
2950 1117 3286 1170 hominibus.
3327 1113 3430 1168 Per
3458 1115 3674 1168 bonita-

2099 1215 2207 1260 tem
2235 1207 2383 1260 enim
2422 1207 2558 1261 nihil
2600 1207 2750 1261 aliud
2799 1209 3107 1279 intelligere
3145 1223 3466 1277 possumus,
3507 1221 3673 1278 quam

2098 1297 2276 1367 ipsum
2313 1298 2502 1353 Deum.
2535 1297 2736 1352 Nullus
2767 1301 2937 1362 enim,
2967 1301 3164 1370 inquit,
3193 1303 3380 1367 bonus,
3403 1303 3504 1354 nisi
3527 1301 3672 1354 solus

2097 1388 2240 1444 Deus
2275 1391 2339 1445 ³⁸.
2378 1390 2443 1443 Ει
2478 1391 2659 1446 littera
2708 1392 3024 1462 Symmachi
3066 1395 3228 1449 habet
3266 1417 3279 1449 :
3324 1394 3536 1448 Etenim
3579 1394 3678 1446 Do-

2101 1485 2278 1538 minus
2307 1485 2459 1538 dabit
2490 1485 2706 1540 bonum.
2733 1517 2802 1524 —
2830 1485 2993 1540 Terra
3023 1489 3184 1541 etiam
3234 1489 3381 1543 dabit
3443 1490 3674 1559 fructum

2101 1594 2286 1642 suum,
2350 1579 2633 1648 apostolos
2659 1579 2922 1633 nimirum
2981 1591 3034 1635 ct
3084 1583 3220 1636 alios
3259 1585 3469 1649 tideles,
3525 1584 3616 1652 qui
3647 1599 3678 1637 ο

2100 1667 2285 1723 Judaea
2321 1670 2544 1740 regione
2574 1673 2977 1742 germinat-unt.
3008 1674 3268 1743 Apertins
3304 1689 3434 1729 vero
3466 1690 3530 1729 ac
3563 1690 3680 1728 ma-

2028 1803 2075 1862 Β
2101 1761 2357 1817 niiestius
2381 1770 2484 1828 est,
2515 1770 2574 1816 ut
2614 1762 2884 1829 dicamus,
2915 1766 3060 1834 quod
3095 1777 3224 1821 nato
3240 1767 3493 1832 Christo,
3533 1765 3679 1821 Deus

2102 1850 2253 1905 dabit
2286 1853 2723 1908 misericordiam
2751 1855 3089 1920 hominibus,
3131 1866 3186 1911 et
3209 1858 3356 1926 quod
3387 1869 3532 1914 terra
3560 1857 3678 1912 fru-

2099 1943 2285 1996 ctibus
2322 1944 2644 1998 abundabit.

2175 2033 2341 2090 Vens.
2383 2036 2462 2090 ’4.
2493 2035 2723 2092 Iustitia
2751 2055 2932 2094 coram
2971 2056 3034 2094 eo
3068 2042 3351 2109 praecedet.
3380 2039 3484 2096 Per
3510 2041 3677 2110 justi-

2104 2127 2234 2181 tiam
2279 2129 2369 2183 hic
2401 2129 2692 2188 universas
2737 2132 3120 2202 complectitur
3168 2132 3422 2188 virtutes.
3469 2133 3676 2188 Harum

2104 2218 2274 2290 igitur
2319 2221 2586 2276 virtusum
2651 2223 2767 2288 lus,
2810 2223 2991 2278 instar
3039 2223 3331 2294 lampadis,
3375 2241 3409 2281 ιι
3453 2225 3681 2282 Christo

2101 2324 2429 2379 coruscans,
2461 2303 2534 2367 ta:
2559 2323 2670 2366 'ntn
2699 2324 2827 2368 ante
2872 2315 3022 2369 illum
3054 2315 3271 2372 emittet
3305 2315 3674 2386 splendorem.

2105 2409 2164 2454 ut
2199 2402 2467 2458 celebrem
2497 2419 2563 2458 ac
2596 2405 2917 2473 praeclarum
2951 2406 3095 2476 apud
3122 2420 3320 2462 omnes
3350 2407 3506 2463 illum
3545 2408 3667 2464 red-

2101 2493 2283 2548 ditura
2310 2495 2402 2550 sit.

2167 2586 2235 2636 Et
2274 2594 2429 2654 ponet
2471 2585 2526 2639 in
2574 2587 2712 2640 viam
2739 2603 2951 2658 gressus
2989 2605 3134 2645 suos.
3190 2590 3455 2662 Deinceps
3489 2599 3674 2647 autem

2101 2675 2356 2733 Christus
2385 2689 2548 2748 ponet
2583 2695 2808 2750 gressus
2841 2696 2997 2748 suos,
3040 2683 3144 2737 hoc
3172 2691 3278 2748 est,
3312 2683 3460 2738 illam
3501 2684 3678 2739 virtu-

2102 2778 2277 2825 tutum
2307 2772 2561 2826 semitam
2596 2787 2694 2841 per
2715 2787 2878 2842 quam
2913 2775 3032 2844 ipse
3078 2775 3420 2844 ambulabat,
3477 2786 3670 2846 ponet,

2101 2861 2351 2930 inquam,
2389 2876 2509 2916 eam
2546 2863 2600 2916 in
2635 2863 2759 2928 hoc,
2791 2872 2850 2918 ut
2879 2865 2952 2918 sit
2978 2866 3062 2920 via
3087 2867 3302 2922 caeteris
3323 2866 3677 2936 Christianis,

2102 2969 2198 3024 per
2225 2969 2392 3024 quam
2421 2954 2500 3008 illi
2521 2955 2837 3012 incedentes
2864 2955 2932 3010 ad
2955 2971 3076 3012 eum
3097 2957 3314 3013 tandem
3342 2959 3678 3028 pervenient.

2109 3045 2204 3101 Vel
2259 3047 2417 3102 aliter
2474 3066 2486 3102 :
2531 3047 2778 3104 Joannes
2851 3047 3068 3104 Domini
3124 3065 3454 3121 pracursor,
3515 3066 3679 3122 quem

426 3149 804 3220 δικαιοσύνην,
827 3150 902 3211 ὡς
930 3148 1028 3220 τὴν
1047 3149 1278 3219 νομικὴν
1306 3147 1656 3218 δικαιοσύνην
1699 3147 1997 3216 φυλάττον·

2106 3139 2302 3195 beatus
2343 3139 2510 3196 David
2552 3141 2655 3197 hoc
2684 3143 2738 3196 in
2771 3141 3190 3211 locojustitiam
3226 3134 3483 3214 appellat,
3508 3144 3679 3200 veluti

427 3259 516 3306 τα,
550 3241 644 3293 καὶ
673 3239 748 3304 ὡς
773 3239 995 3303 δικαίως
1022 3238 1460 3308 πολιτευόμενον,
1513 3237 1684 3302 οὕτως
1742 3237 1997 3304 ἐνώπιον,

427 3320 604 3386 εἷτουν
656 3332 1004 3402 ἔμπροσθεν,
1062 3330 1157 3384 τοῦ
1225 3331 1467 3400 Χριστοῦ
1533 3331 1996 3401 προπορεύσεται.

440 3425 592 3482 Ἰιθρὼ
645 3425 776 3497 γὰρ,
826 3426 1011 3494 φησιν,
1072 3425 1185 3494 ἐγὼ
1231 3424 1550 3480 ἀποστελῶ
1586 3424 1694 3478 τὸν
1742 3423 2001 3494 ἄγγελόν

418 3534 538 3585 μου
583 3517 696 3584 πρὸ
744 3517 1069 3584 προσώπου
1123 3530 1260 3582 σου,
1293 3515 1362 3580 ὃς
1401 3514 1843 3570 κατασκευάσει
1885 3513 2001 3582 τὴν

424 3608 568 3662 ὀδόν
606 3622 722 3660 σου
764 3608 1124 3676 ἔμπροσθεν.
1211 3606 1371 3660 Ἐϐόα
1431 3608 1576 3678 γάρ’
1613 3607 2002 3676 Ἑτοιμάσατε

425 3699 532 3763 τὰς
573 3697 752 3764 ὀδοὺς
799 3699 1021 3767 Κυρίου
1045 3713 1060 3729 ο
1084 3699 1318 3764 εὐθείας
1348 3696 1570 3752 ποιεῖτε
1605 3693 1715 3762 τὰς
1760 3696 2002 3764 τρίϐους

424 3786 634 3841 αὐτοῦ.
667 3787 739 3840 Σὺ
770 3787 824 3839 δὲ
858 3787 954 3840 καὶ
1008 3786 1195 3857 ἕτερον
1255 3787 1497 3856 νοήσεις,
1532 3786 1613 3839 ὅτι
1637 3786 1672 3857 ἡ
1717 3784 1934 3855 θεότης,
1967 3785 2001 3855 ἡ

427 3879 894 3949 αὑτοδικαιοσύνη,
967 3878 1198 3932 ἐνώπιον
1253 3877 1347 3930 τοῦ
1391 3877 1830 3948 προτλήμματος
1870 3878 2002 3948 ἠγε-

430 3972 624 4038 μόνευε
654 3971 750 4023 καὶ
810 3969 976 4023 ὲςίθει
1035 3971 1116 4033 εἰς
1169 3969 1386 4023 εὐθεῖαν
1407 3968 1507 4033 τὰς
1547 3970 1781 4034 πορείας
1808 3969 1999 4024 αὑτοῦ.

425 4061 826 4131 Προεωρώμην
854 4060 985 4132 γὰρ,
1010 4060 1166 4131 φησὶ,
1200 4062 1308 4115 τὸν
1337 4062 1558 4130 Κύριον
1600 4062 1862 4118 ἐνώπιόν
1881 4082 2001 4135 μου

425 4151 522 4207 διὰ
546 4155 791 4221 παντός.

885 4336 1203 4405 Προσευχὴ
1236 4336 1312 4402 τῷ
1341 4338 1540 4393 Δαϐίδ.

995 4425 1287 4479 mmor.
1315 4427 1439 4482 IlE'.
2032 4472 2034 4502 έ

497 4512 641 4585 Δήλη
693 4514 791 4583 μὲν
836 4515 868 4582 ἡ
910 4513 1227 4586 ἐπιγραφή·
1291 4516 1508 4588 εἴρηται
1562 4516 1619 4569 δὲ
1664 4517 1814 4585 ὅμως
1872 4518 2003 4589 ιπερὶ⁹

430 4605 740 4674 προσευχῆς
769 4605 828 4658 ὲν
869 4603 948 4675 τῷ
983 4606 1256 4676 προοιμίῳ
1310 4608 1408 4676 τῆς
1438 4607 1643 4677 βίϐλου.
1693 4611 2002 4681 Προσευχό-

431 4714 591 4767 μενος
630 4697 687 4749 δὲ
731 4697 870 4768 ὑπὲρ
918 4696 1112 4752 ἑαυτοῦ
1147 4699 1175 4750 ὁ
1202 4699 1390 4763 Δαϐὶδ,
1452 4701 1695 4755 διδάσκει
1754 4704 1872 4767 πῶς
1895 4703 2002 4775 χρὴ

428 4788 832 4859 προσεύχεσθαι
859 4787 950 4842 τὸν
970 4791 1026 4840 ὲν
1065 4788 1334 4857 ἀνάγκαις
1364 4790 1514 4846 ὄντα.
1545 4793 1913 4864 Προαγορεύει
1944 4795 2002 4848 δὲ

428 4878 662 4932 ἐνταῦθα
715 4879 809 4931 xal.
863 4879 1055 4947 κλῆσιν
1107 4879 1298 4933 ἐθνῶν.
1327 4881 1482 4945 Τινὲς
1503 4883 1560 4934 δὲ
1593 4886 1869 4955 προσώπῳ
1904 4887 1998 4940 τοῦ

439 4970 682 5034 Ἐζεκίου
730 4972 1042 5043 γεγράφθαι
1097 4972 1195 5024 καὶ
1265 4975 1470 5043 ταύτην
1532 4975 1630 5045 τὴν
1692 4979 2000 5050 προσευχὴν

427 5063 733 5135 εἰρήκασιν.

2031 4470 2078 4527 D

2109 3233 2205 3302 qui
2237 3247 2459 3288 omnem
2517 3234 2654 3306 legis
2689 3233 2964 3303 justitiam
2998 3236 3258 3303 servavit,
3296 3237 3567 3306 praecedet
3597 3251 3684 3292 co.

2103 3338 2221 3378 ram
2262 3325 2508 3390 Christo,
2541 3327 2646 3382 hoc
2677 3337 2780 3392 est,
2811 3335 2938 3383 ante
2966 3327 3274 3384 Christum.
3350 3329 3488 3385 Ecce
3530 3330 3677 3385 enim

2103 3431 2218 3486 ego,
2252 3416 2449 3488 inquit,
2487 3418 2640 3471 mitto
2677 3419 2921 3487 angelum
2951 3436 3120 3474 meum
3151 3431 3272 3474 ante
3289 3421 3484 3490 [aciem
3506 3431 3678 3486 luant,

2103 3512 2194 3579 qui
2223 3511 2435 3578 parabit
2467 3513 2608 3566 viam
2650 3522 2795 3566 tuam
2825 3521 2946 3568 ante
2980 3522 3028 3567 te
3059 3514 3122 3569 ".
3169 3514 3438 3570 Clamabit
3472 3514 3614 3570 enim
3665 3531 3679 3567 :

2106 3600 2306 3656 Parate
2330 3604 2442 3657 vias
2474 3602 2710 3667 Domini,
2735 3612 2905 3659 rectas
2939 3606 3100 3673 facile
3126 3605 3341 3659 semitas
3371 3607 3484 3674 ejus
3519 3606 3583 3661 ".
3617 3604 3685 3659 Et

2108 3694 2261 3766 (quia
2293 3693 2482 3750 Craaca
2507 3695 2699 3762 dictio,
2723 3696 2916 3762 αὑτοῦ,
2939 3695 3016 3750 ita
3035 3695 3225 3751 referri
3251 3704 3452 3765 potest,
3483 3704 3541 3749 ut
3570 3710 3680 3750 non

2109 3787 2292 3843 solum
2327 3788 2600 3858 legamus,
2634 3786 2858 3841 Crestus
2895 3803 3042 3852 suas,
3084 3789 3179 3843 sed
3229 3788 3417 3855 etiam,
3461 3786 3682 3842 Crestus

2107 3873 2245 3944 ejus)
2271 3875 2380 3930 alio
2412 3875 2574 3930 modo
2597 3891 2831 3946 expone,
2872 3876 3019 3947 quod
3051 3877 3266 3947 iustitia
3309 3876 3535 3942 Christi,
3597 3877 3679 3931 vel

2106 3968 2227 4037 ejus
2278 3967 2558 4033 divinitas,
2613 3969 2886 4038 prmcedet
2929 3983 3113 4024 coram
3165 3985 3250 4034 eo,
3281 3969 3386 4024 hoc
3414 3978 3519 4035 est,
3554 3975 3681 4023 ante

2107 4068 2446 4131 assumptam
2483 4076 2726 4127 carnem,
2771 4061 2936 4117 veluti
2998 4063 3242 4132 optimus
3294 4063 3511 4132 quidam
3544 4060 3678 4115 dux.

2105 4154 2173 4209 Et
2199 4162 2364 4225 ponet
2395 4155 2450 4208 in
2477 4155 2618 4208 viam
2649 4154 2878 4226 gressus
2908 4153 3051 4224 ejus.
3074 4153 3230 4224 juxta
3265 4155 3402 4209 illud
3441 4170 3454 4208 :
3485 4151 3676 4207 Pravi-

2104 4243 2291 4299 debam
2328 4245 2611 4300 Dominum
2647 4247 2698 4299 in
2721 4255 3000 4315 conspectu
3031 4263 3142 4299 meo
3176 4262 3377 4316 semper
3411 4247 3474 4301 ".

2612 4334 2798 4390 Oratio
2843 4335 2946 4403 ipsi
2997 4334 3186 4390 David.

2567 4425 2891 4484 PSALMUS
2925 4425 3192 4482 LXXXV.

2183 4519 2345 4574 Clara
2369 4519 2590 4590 quidem
2619 4528 2784 4590 atque
2811 4530 2997 4590 aperta
3027 4528 3112 4577 est
3137 4519 3252 4576 haec
3280 4522 3586 4594 inscriptio,
3621 4531 3680 4580 ut

2109 4611 2164 4666 in
2201 4611 2469 4681 prowmio
2505 4611 2689 4680 operis
2719 4611 2925 4666 dictum
2963 4620 3069 4668 est.
3097 4612 3232 4668 Illud
3265 4620 3446 4668 tamen
3483 4614 3551 4670 ad
3591 4617 3678 4670 in-

2108 4702 2454 4756 stitutionem
2491 4709 2735 4755 nostram
2758 4703 3018 4771 pertinet,
3045 4703 3188 4772 quod
3235 4703 3361 4757 dum
3396 4702 3682 4775 Propheta

2107 4793 2278 4847 nostri
2307 4807 2496 4861 preces
2524 4791 2792 4854 Videmus,
2819 4808 2958 4860 quas
2975 4793 3042 4846 ad
3063 4790 3548 4858 Deum’l‘undebat,
3575 4809 3678 4849 nos

2108 4885 2263 4938 illinc
2308 4885 2516 4953 pariter
2546 4882 2834 4942 docemur,
2861 4897 3102 4952 quonam
3146 4895 3305 4954 pacto
3353 4886 3576 4955 quando
3623 4886 3684 4940 in'

2108 4977 2385 5047 angustiis
2418 4993 2481 5029 ac
2512 4976 2931 5032 calamitatibus
2953 4978 3240 5032 constituti
3275 4995 3484 5044 sumus,
3517 4994 3678 5033 orare

2105 5074 2170 5127 ad
2207 5073 2368 5124 Deum
2400 5070 2684 5123 debemus.
2713 5068 3034 5125 Prmdicitnr
3061 5071 3225 5125 etiam
3259 5072 3312 5125 in
3341 5071 3442 5124 hoc
3463 5071 3674 5140 psalmo

427 5159 663 5228 gentium
694 5159 926 5214 vocatio.
960 5157 1078 5213 Non
1115 5160 1314 5214 desunt
1345 5169 1525 5215 tamen
1582 5161 1672 5230 qui
1740 5167 2043 5224 orationem
2085 5171 2225 5224 hanc
2273 5185 2338 5223 ex
2390 5165 2637 5221 Ezechiae
2689 5165 2836 5234 regis
2891 5179 3120 5235 persona
3179 5165 3434 5234 scriptam
3527 5178 3683 5220 asse--

428 5264 572 5308 rant.

495 5346 735 5413 κλῖνον,
762 5349 957 5416 Κύριε,
983 5347 1046 5401 τὸ
1069 5345 1178 5415 οὖς
1203 5365 1341 5412 σου,
1369 5355 1464 5405 καὶ
1498 5351 1847 5408 ἐπάκουσόν
1865 5375 2004 5425 μου.

427 5437 560 5506 Περὶ
595 5439 711 5512 τῆς,
737 5439 962 5502 κλίσεως
991 5439 1085 5492 τοῦ
1135 5439 1281 5493 θείου
1312 5440 1450 5504 ὠτὸς
1478 5444 1690 5514 εἴρηται
1714 5445 1806 5498 καὶ
1834 5447 1890 5498 ὲν
1925 5447 2003 5518 τῷ

431 5533 503 5591 ις’
533 5527 752 5598 ψαλμῷο

500 5621 626 5673 Ὀτι
659 5622 894 5690 πτωχός
923 5621 1021 5675 καὶ
1054 5623 1244 5690 πένης
1289 5625 1408 5695 εἰμί
1439 5627 1574 5697 ἐγώ.
1645 5631 1870 5700 Πτωχὸς
1904 5633 1999 5686 ml.

490 5803 533 5835 “
573 5804 767 5860 Matth.
805 5821 916 5870 xIx,
952 5806 1035 5858 Π.
1091 5805 1133 5837 ¹²
1174 5805 1404 5861 Malach.
1432 5823 1517 5875 ιιι,
1549 5809 1570 5863 1
1602 5825 1616 5875 ;

2188 5357 2350 5411 Vens.
2382 5355 2430 5408 1.
2467 5352 2696 5414 Inclina,
2724 5349 2966 5414 Domine,
3001 5357 3178 5400 aurem
3206 5357 3372 5410 tuam,
3407 5351 3456 5400 et
3487 5342 3682 5403 exaudi

2110 5467 2209 5503 me.
2242 5447 2525 5514 Quomodo
2553 5453 2730 5498 autem
2785 5441 2926 5497 Deus
2958 5443 3174 5495 dicatur
3229 5441 3502 5495 inclinare
3535 5441 3678 5497 dixi-

2105 5557 2228 5595 mus
2255 5541 2308 5594 in
2337 5539 2543 5608 psalmo
2575 5553 2684 5591 ινι.

2189 5631 2454 5696 Quoniam
2503 5630 2655 5698 inops
2692 5637 2738 5681 et
2775 5641 2978 5696 pauper
3031 5641 3148 5680 sum
3207 5641 3322 5697 ego.
3375 5610 3552 5706 Veluti
3583 5628 3696 5707 qui

1681 5808 1872 5864 Matth.
1906 5825 1980 5875 ιιι,
2020 5809 2102 5864 l0.
2188 5810 2228 5841 ⁸⁸
2257 5809 2360 5865 lsa.
2398 5825 2483 5875 τι,
2512 5809 2582 5874 5;
2617 5807 2808 5862 Matth.
2846 5820 2922 5872 ιιι,
2959 5809 3013 5865 5.
3045 5809 3086 5842 ‘9
3122 5806 3265 5862 Psal.
3294 5817 3380 5868 xv,
3411 5808 3464 5863 8.
