4082 6230
417 324 527 385 8'59

1622 313 2002 372 EUTUYMH
2048 313 2410 373 ZlGABENI

3575 317 3644 378 8.8
3655 317 3681 370 ,ἴ

417 441 689 494 adversus
745 436 981 490 visibiles
1040 441 1132 485 aut
1185 431 1484 486 invisibiles
1551 431 1810 486 inimicos
1869 432 1968 483 ido‘

2092 433 2279 502 πένης,
2314 433 2372 484 ἐν
2403 429 2480 502 τῷ
2512 431 2588 504 μὴ
2623 430 2770 502 ἔχειν
2804 432 3090 501 ἀξιόλογον
3133 433 3367 506 δύναμιν
3399 437 3537 505 κατὰ
3573 439 3683 490 τῶν

413 545 547 584 neas
600 530 741 582 vires
796 543 903 580 non
961 525 1156 586 babeo,
1204 535 1259 578 et
1313 526 1392 579 eis
1424 524 1684 578 resistere
1714 538 1820 577 non
1857 539 1987 592 pos-

411 634 558 671 ευιη.

487 706 647 760 Vsus.
671 708 726 760 ‘2.
763 704 984 758 Custodi
1016 705 1253 756 animam
1278 719 1467 769 meam,
1494 703 1740 772 quoniam
1773 714 1986 758 sanctus

407 812 542 848 sum.
585 796 739 848 Tunc
783 795 934 849 enim
992 795 1370 849 sanctilicatus
1423 809 1568 859 sum,
1617 793 1838 863 quando
1885 795 1985 848 tibi

406 887 628 941 oblatus
669 903 764 941 seu
795 887 1081 941 dedicatus
1113 886 1210 940 fui.
1260 887 1355 941 Ilia
1401 887 1604 957 quippe
1651 897 1843 942 sancta
1871 886 1986 941 cili-

404 978 631 1032 ciuntur
658 995 780 1048 qum
812 981 864 1032 in
895 978 984 1034 Dei
1007 977 1390 1032 ministerium
1420 978 1772 1044 dedicantur,
1826 988 1886 1030 ιιι
1927 978 1983 1032 in

2098 523 2372 593 πολεμίων
2399 525 2613 594 ὁρατῶν
2645 542 2703 577 τε
2734 526 2826 578 καὶ
2871 526 3147 596 ἀοράτων,
3206 527 3344 599 μηδὲ
3374 525 3514 582 εἶναι
3547 533 3636 600 πρ“
3657 549 3682 592 ς

2095 613 2295 675 αὐτοὺς
2320 614 2643 684 ἀξιόμαχος.

2163 705 2446 769 Φύλαξον
2472 707 2589 775 τὴν
2648 707 2863 777 ψυχήν
2886 727 3030 779 μου,
3060 711 3148 766 ὅτι
3180 710 3352 778 ὅσιός
3383 713 3522 781 ειμι.
3558 712 3680 766 Ὅτι

2091 796 2486 865 ἁφωσιωμένος
2544 800 2641 853 καὶ
2707 801 3128 872 ἀνατεθειμένος
3176 804 3316 874 εἰμὶ,
3353 805 3428 868 ὡς
3458 804 3680 875 εἴρηται

2093 890 2190 941 καὶ⁹
2239 893 2298 943 ἐν
2345 890 2422 961 τῷ
2455 890 2513 944 ιε’
2545 892 2787 963 ψαλμῷ·
2815 895 2850 965 ἢ
2915 896 3064 949 ὅσιον
3110 897 3307 950 ἑαυτόν
3359 914 3546 968 φησιν,
3603 896 3680 959 ὡς

2094 980 2293 1048 εὐσεϐῆ
2321 981 2391 1034 τὰ
2421 985 2501 1045 εἰς
2531 985 2690 1046 Θεὸν,
2716 979 2802 1036 οἷα
2832 985 2942 1036 τῶν
2979 986 3191 1055 ἐχθρῶν
3227 986 3459 1039 ἀνοσίων
3485 984 3677 1049 ὄντων,

403 1070 616 1140 psalmo
640 1088 709 1125 xv
734 1072 939 1126 dictum
971 1080 1074 1124 est.
1112 1070 1203 1125 Vel
1238 1079 1490 1124 sanctum
1520 1072 1763 1139 seipsum
1789 1069 2028 1138 appellat
2054 1072 2212 1138 quasi
2244 1071 2416 1139 pium,
2461 1088 2525 1128 ac
2595 1075 2912 1145 religiosum
2968 1092 3097 1146 erga
3159 1075 3350 1140 Deum,
3425 1077 3680 1131 inimico-

402 1179 525 1216 ium
562 1167 777 1220 scilicet
803 1164 1239 1233 comparatione,
1271 1166 1363 1234 qui
1402 1164 1554 1233 impii
1587 1171 1767 1218 erant.

478 1254 697 1308 Salvum
725 1257 809 1326 {ac
847 1271 1054 1309 servum
1103 1266 1269 1316 tttttm,
1337 1255 1481 1309 Deus
1529 1271 1699 1318 meus,
1755 1271 1980 1323 sperati-

405 1360 504 1399 tem
547 1350 600 1401 in
654 1360 720 1403 te.
773 1349 934 1404 Salva
986 1363 1133 1410 eum,
1188 1347 1390 1417 inquit,
1444 1349 1510 1400 ab
1540 1347 1850 1402 imminenti
1887 1363 1981 1416 pe-

403 1443 598 1508 riculo,
628 1447 720 1515 qui
761 1444 908 1499 nulla
955 1442 1153 1498 aliain
1182 1457 1260 1508 re,
1317 1442 1412 1499 sed
1459 1443 1517 1496 in
1576 1450 1630 1496 te
1681 1442 1800 1497 solo
1848 1456 1985 1496 con-

403 1535 542 1588 Iitlil.

479 1626 637 1680 Vnus.
688 1630 745 1682 5.
793 1627 1041 1681 Miserere
1091 1627 1213 1692 mei,
1251 1628 1492 1692 Domine,
1532 1629 1782 1697 quoniam
1814 1629 1885 1682 ad
1935 1639 1985 1684 te

2146 1252 2362 1311 Σῶσον
2403 1250 2509 1305 τὸν
2531 1251 2760 1305 δοῦλόν
2794 1268 2938 1319 σου,
2971 1255 3004 1306 d
3037 1253 3182 1318 Θεός
3200 1269 3341 1321 μου,
3373 1253 3481 1306 τὸν
3503 1251 3682 1306 ἐλπί-

2076 1345 2251 1405 ζοντα
2281 1345 2380 1398 ἐπὶ
2405 1345 2501 1398 σέ.
2538 1345 2723 1398 Σῶσον
2751 1344 2862 1400 ἀπὺ
2917 1345 3013 1399 τοῦ
3046 1345 3506 1416 προσδοκωμένου
3553 1363 3676 1398 κιν-

2075 1438 2235 1493 δύνου
2269 1439 2359 1491 τὸν
2397 1439 2488 1492 ἐπὶ
2515 1438 2728 1510 Ιμηδενὶ
2765 1439 2878 1493 τῶν
2908 1439 3169 1493 ἁπάντων
3208 1437 3242 1509 ἢ
3283 1438 3378 1492 ἐπὶ
3414 1439 3496 1491 eoi
3525 1439 3678 1510 μόνῳ

2079 1529 2414 1601 θαρροῦντα.

2163 1624 2458 1692 Ἐλέησόν
2479 1640 2558 1693 με
2578 1666 2593 1690 ,
2621 1625 2825 1692 Κύριε,
2886 1625 2973 1678 ὅτι
3013 1625 3166 1692 πρὸς
3202 1626 3279 1678 σὲ
3309 1625 3679 1695 κεκράξομαι

403 1718 642 1771 τίιιηιαϋο
675 1728 786 1773 tota
817 1720 921 1772 die.
962 1717 1066 1771 Pro
1098 1716 1232 1774 Tota
1267 1719 1374 1786 die,
1410 1718 1798 1790 Symmachus,
1822 1719 1968 1775 Sem-

2079 1715 2235 1784 ὄλην
2268 1715 2385 1784 τὴν
2432 1717 2682 1786 ἡμέραν.
2712 1717 2756 1768 Τ
2759 1717 2786 1768 ὸ
2810 1717 2965 1784 ὅλην
3017 1717 3134 1786 τὴν
3187 1718 3446 1789 ἡμέραν,
3496 1720 3608 1785 del,
3643 1721 3676 1772 ὁ

400 1829 514 1882 per,
541 1812 960 1883 interpretatur.

481 1904 718 1974 Laeti/ica
750 1905 985 1958 animam
1017 1904 1152 1958 servi
1186 1903 1264 1957 tui
1301 1919 1319 1957 :
1349 1904 1600 1973 quoniam
1635 1906 1707 1958 ad
1735 1916 1782 1960 te
1816 1907 1980 1960 levavi

400 1998 632 2053 (mimum
666 2014 856 2051 meam.
895 1995 1206 2063 Mmrorem,
1252 2012 1362 2067 quo
1393 1995 1662 2062 detineor,
1718 1997 1975 2054 dissolve.

399 2093 474 2144 De
516 2091 695 2146 verbis
731 2108 743 2143 :
786 2087 978 2143 Levavi
1019 2089 1249 2143 animam
1309 2105 1501 2156 meam,
1549 2088 1757 2144 dictum
1814 2091 1976 2146 estin

395 2182 574 2252 primo
599 2180 874 2238 versiculo
903 2180 1100 2249 psalmi
1137 2197 1289 2235 xxw.

471 2279 631 2332 Vnus.
661 2279 712 2331 4.
751 2277 1018 2341 Quoniam
1054 2285 1130 2340 tu,
1165 2275 1410 2344 Domine,
1444 2275 1630 2342 bonus,
1653 2287 1702 2332 et
1732 2279 1896 2344 mitis,
1927 2287 1977 2332 et

393 2368 616 2421 mulsum
679 2367 979 2421 misericors
1037 2367 1278 2421 omnibus
1327 2369 1690 2424 invocantibus
1744 2380 1812 2423 te.
1869 2369 1976 2426 Pro

392 2459 562 2523 Mitis,
599 2461 819 2529 Aquila,
872 2468 926 2512 et
956 2459 1322 2532 Symmachus
1357 2459 1640 2524 dixerunt,
1676 2461 1971 2530 Propitius.

389 2550 538 2603 Mitis
569 2563 752 2603 autem
784 2547 924 2602 idem
947 2547 1198 2615 estquod
1228 2559 1573 2603 mansuetus.
1598 2549 1972 2603 Invocantibus

391 2652 574 2697 autem
610 2655 678 2707 te,
715 2656 824 2696 non
851 2640 1201 2708 simpliciter,
1243 2640 1338 2696 sed
1369 2656 1436 2696 ex
1474 2650 1588 2696 toto
1619 2642 1788 2697 corde
1813 2642 1972 2695 invo-

392 2738 668 2790 cantibus.
701 2733 837 2789 Nam
871 2735 1004 2788 etin
1049 2734 1259 2802 psalmo
1306 2749 1485 2799 csLtv,
1540 2749 1663 2788 cum
1715 2734 1971 2799 dixisset,

391 2828 568 2895 Prope
595 2838 672 2881 est
705 2827 962 2880 Dominus
999 2825 1242 2878 omnibus
1279 2827 1643 2880 invocantibus
1691 2844 1831 2893 eum,
1871 2829 1972 2882 ad-

389 2922 568 2976 didit:
607 2917 864 2974 Omnibus
921 2917 1288 2973 invocantibus
1337 2933 1452 2972 eum
1508 2919 1562 2971 in
1601 2920 1840 2984 veritate,
1868 2919 1969 2975 hoc
2021 2994 2024 2997 .

2010 3029 2015 3036 ’
2075 3005 2183 3059 τὸν
2203 3005 2274 3058 ἐν
2297 3006 2573 3074 ἀληθείᾳ,
2609 3006 2786 3059 εἵτουν
2810 3007 3119 3078 ὁλοψὺχως.

388 3020 489 3074 est,
520 3020 630 3064 tota
667 2996 871 3066 anir'na.

467 3099 629 3153 Vsus.
683 3099 740 3153 5.
784 3097 1017 3151 Auribus
1066 3097 1292 3166 percipe,
1361 3097 1606 3164 Domine,
1666 3100 1961 3152 orationem
1991 3087 2033 3146 C

390 3206 592 3257 men,
645 3201 694 3245 et
757 3191 965 3243 intende
1040 3190 1149 3241 voci
1205 3189 1596 3258 deprecationis
1645 3208 1790 3246 metr.
1841 3191 1966 3248 llaec

385 3283 554 3337 verba
632 3281 882 3351 exposita
961 3279 1214 3336 invenies
1297 3281 1352 3335 in
1431 3281 1610 3353 primo
1688 3283 1965 3339 versiculo

390 3375 588 3444 psalmi
626 3387 739 3428 ενι.

467 3461 628 3518 Vsus.
687 3464 740 3518 6.
779 3461 844 3516 In
901 3464 984 3518 die
1039 3463 1404 3520 tribulationis
1463 3463 1692 3519 clamavi
1757 3467 1824 3520 ad
1891 3477 1962 3532 te,

388 3557 640 3625 quoniam
669 3555 941 3609 exaudisti
975 3571 1078 3608 me.
1133 3555 1283 3611 Dicm
1317 3557 1691 3613 tribulationis
1728 3560 1964 3630 appellat

387 3664 529 3710 Catil.
566 3664 685 3716 qua:
707 3648 820 3717 jam
853 3647 1193 3703 imminebat.
1233 3647 1305 3704 De
1339 3650 1521 3705 verbis
1558 3661 1737 3704 autem
1768 3668 1781 3706 :
1813 3652 1964 3717 Quo-

391 3743 534 3794 niam
570 3740 837 3793 exaudiui
873 3756 952 3794 me
984 3739 1228 3794 diximus
1263 3741 1315 3794 in
1352 3741 1541 3795 eodem
1576 3743 1786 3811 psalmo
1811 3759 1922 3798 xw.

461 3831 624 3884 Vens.
661 3831 711 3886 7.
763 3829 884 3885 Non
927 3841 1005 3886 est
1060 3833 1253 3886 similis
1315 3831 1410 3886 tibi
1459 3833 1512 3886 in
1561 3834 1690 3897 diis,
1719 3833 1960 3897 Domine,

395 3939 497 3975 non
550 3932 626 3975 est
683 3923 970 3978 secundant
1047 3941 1207 3994 opera
1261 3935 1376 3978 tua.
1437 3927 1637 3979 Omnes
1695 3928 1839 3980 enim
1887 3929 1964 3982 dii

385 4016 615 4084 gentium
635 4014 921 4079 dirmonia,
942 4013 1204 4069 Dominus
1229 4025 1402 4068 autent
1447 4015 1600 4068 cazlos
1639 4017 1759 4085 fecit
1782 4019 1851 4072 ⁶³⁰.
1897 4019 1963 4072 Et

385 4115 444 4157 tu
491 4121 650 4160 verus
685 4105 903 4176 quidem
934 4105 1082 4161 Deus
1122 4120 1204 4169 es,
1231 4106 1306 4158 illi
1345 4112 1526 4159 autem
1561 4106 1706 4160 falsi.
1736 4105 1965 4161 Videtur

386 4211 564 4254 autem
625 4202 756 4256 mibi
809 4202 898 4257 bic
945 4202 1252 4258 versiculus
1301 4209 1617 4271 assumptus
1669 4202 1835 4257 fuisse
1895 4220 1961 4259 ex

384 4297 569 4350 \erbis
602 4295 797 4366 Moysi,
856 4295 1092 4350 dicentis
1129 4285 1314 4360 {Quis
1362 4296 1555 4350 similis
1609 4295 1703 4348 tibi
1757 4295 1961 4367 gloriﬁ-

384 4397 538 4439 catus
606 4387 659 4440 in
735 4387 959 4450 sanctis,
1016 4385 1374 4452 admirabilis,
1435 4386 1678 4455 gloriose,
1759 4387 1960 4455 faciens

383 4477 722 4546 prodigia“?
769 4476 980 4530 Christi
1027 4489 1158 4529 vero
1207 4491 1374 4546 opera
1419 4485 1550 4530 sunt
1595 4494 1706 4532 non
1755 4479 1960 4532 creatio

385 4577 623 4634 tantum,
659 4576 756 4621 aut
793 4567 1142 4637 providentia
1177 4576 1286 4621 tam
1323 4567 1580 4632 visibilis,
1618 4585 1780 4638 quam
1815 4570 1960 4624 invi-

385 4659 564 4712 sibilis
599 4669 892 4723 creaturae,
926 4659 1020 4713 sed
1060 4659 1236 4728 ipsius
1271 4660 1436 4714 etiam
1476 4669 1746 4716 creatura:
1782 4663 1958 4717 refor-

383 4751 575 4811 inatio,
609 4749 947 4818 tyrannique
987 4750 1316 4816 destructio,
1349 4751 1438 4805 illa
1486 4751 1714 4821 insuper
1763 4755 1958 4808 mortis

381 4839 610 4902 occislo,
664 4853 829 4906 quam
884 4838 1108 4908 pmpria
1157 4845 1422 4908 Operatus
1453 4849 1536 4895 est
1579 4850 1776 4896 morte.
1822 4841 1954 4896 item

381 4929 475 4983 illa
508 4931 673 4985 totius
710 4929 867 4984 orbis
910 4931 1242 5000 expiscatio,
1281 4947 1444 5001 quam
1481 4947 1578 5001 per
1622 4948 1829 5002 paucos
1892 4947 1957 4987 ac

378 5025 516 5076 \iles
562 5022 826 5091 quosdam
864 5023 1171 5092 piscatores
1216 5023 1491 5092 perfecit:
1528 5025 1729 5093 quibus
1779 5026 1955 5079 omni-

377 5113 481 5168 bus
509 5113 635 5167 aditi
695 5114 858 5167 etiam
882 5120 1071 5182 potest
1107 5114 1496 5168 miraculorum
1546 5115 1649 5170 vis.
1690 5113 1822 5168 Nam
1854 5116 1955 5169 ctsi

378 5203 536 5256 multi
592 5204 685 5256 alii
743 5204 944 5257 similia
992 5206 1201 5272 Operati
1271 5206 1384 5258 sint
1432 5206 1720 5268 miracula,
1770 5205 1955 5260 nullus

377 5301 558 5345 tamen
593 5296 814 5362 propria
847 5296 1186 5348 auctoritate
1217 5292 1268 5347 id
1295 5303 1538 5362 poterat,
1565 5302 1623 5346 ut
1655 5295 1948 5361 Christus;

379 5387 724 5439 invocatione
755 5385 958 5456 quippe
987 5385 1160 5438 divini
1195 5384 1434 5438 nominis
1467 5385 1863 5452 operabantur.

450 5475 612 5530 Vnus.
671 5478 721 5531 8.
759 5477 810 5530 9.
848 5475 1039 5530 Omnes
1095 5485 1292 5544 gentes,
1337 5491 1671 5545 quascunque
1738 5477 1948 5544 fecisti,

377 5566 595 5626 venient,
625 5575 674 5619 et
706 5568 1007 5620 adorabunt
1037 5583 1216 5620 coram
1247 5576 1314 5630 te,
1345 5564 1721 5634 gloriﬁcabunl
1757 5585 1945 5622 nomen

431 5742 476 5773 “
504 5742 652 5797 Psal.
695 5757 816 5809 ιον,
850 5743 904 5800 5.
993 5744 1034 5776 ²¹
1064 5742 1236 5800 Exod.
1272 5758 1360 5812 xv,
1395 5744 1484 5798 Η.

2081 1807 2379 1879 Σύμμαχος
2449 1809 2783 1879 ἑρμηνεύειν
2807 1810 2977 1878 λέγει.

2149 1903 2475 1971 Εὔφρανον
2537 1903 2652 1968 τὴν
2710 1902 2928 1972 ψυχὴν
2975 1899 3081 1956 τοῦ
3140 1903 3370 1959 δούλου
3412 1921 3550 1970 σου,
3579 1904 3675 1958 ὅτι

2078 1994 2230 2062 πρὸς
2245 1995 2321 2049 σὲ
2341 1991 2455 2065 ἦρα
2471 1995 2587 2064 τὴν
2614 1999 2701 2064 ψυ
2706 1997 2830 2065 χήν
2848 2013 2990 2065 μου.
3025 1995 3203 2050 Λῦσον
3216 1996 3315 2068 τὴν
3332 1996 3675 2066 κατέχουσάν

2081 2104 2148 2156 με
2165 2087 2368 2160 λύπην.
2392 2088 2528 2160 Περὶ
2551 2088 2609 2141 δὲ
2633 2089 2753 2154 τοῦ,
2782 2084 2900 2157 ἦρα
2929 2087 3044 2156 τὴν
3063 2090 3434 2158 ψυχήνμου,
3450 2087 3674 2160 εἴρηται

2077 2182 2136 2236 ὲν
2161 2184 2228 2253 τῇ
2259 2183 2404 2252 ἀρχῇ
2437 2181 2531 2234 τοῦ
2570 2180 2649 2234 κδ’
2675 2180 2920 2251 ψαλμοῦ.

2149 2271 2279 2325 Ὅτι
2312 2272 2416 2338 σὺ,
2451 2272 2650 2340 Κύριε,
2663 2271 2956 2340 χρηστὸς,
2977 2272 3077 2329 καί
3108 2272 3403 2340 ἐπιεικὴς,
3433 2271 3532 2324 καὶ
3564 2287 3675 2325 πο-

2075 2364 2333 2429 λυέλεος
2367 2364 2518 2420 πᾶσι
2565 2361 2691 2430 τοῖς
2719 2365 3219 2434 ἐπικαλουμένοις
3265 2383 3357 2420 σε.
3387 2364 3458 2419 Τὸ
3483 2365 3670 2418 ἐπιει-

2075 2454 2211 2522 κὴς,
2245 2457 2405 2518 ἵλεως
2445 2454 2711 2520 ἐξέδωκεν
2740 2459 2768 2510 ὁ
2806 2457 3045 2522 Ἀκύλας
3075 2475 3089 2489 ο
3153 2458 3358 2529 ὁμοίως
3393 2457 3449 2510 δὲ
3486 2457 3584 2510 καὶ
3638 2459 3670 2509 ὁ

2075 2546 2394 2617 Σύμμαχος.
2431 2548 2599 2618 Καὶὴ
2648 2549 2924 2603 ἐπιείκεια
2992 2550 3180 2619 μέντοι
3207 2549 3303 2620 τὴν
3347 2549 3667 2620 ἡμερότητα

2077 2640 2357 2709 σημαίνει.
2395 2639 2529 2705 Τοῖς
2585 2641 3091 2712 ἐπικαλουμένοις
3109 2658 3185 2696 σε
3211 2643 3290 2710 δὲ,
3327 2643 3425 2712 οὐχ
3445 2641 3663 2704 ἁπλῶς,

2072 2731 2188 2784 ἀλλ’
2216 2731 2275 2798 ἐξ
2303 2733 2430 2800 ὅλης
2481 2733 2734 2803 καρδίας.
2789 2735 2898 2788 Καὶ
2931 2735 3040 2805 γὰρ
3073 2736 3130 2787 ἐν
3161 2734 3240 2804 τῷ
3287 2734 3412 2804 ρμδ’
3457 2733 3667 2804 ψαλμῷ

2073 2823 2267 2892 εἰπὼν,
2306 2824 2522 2894 Ἐγγὺς
2547 2827 2763 2894 Κύριος
2793 2826 2944 2882 πᾶσι
3001 2827 3127 2892 τοῖς
3160 2825 3669 2894 ἐπικαλουμένοις

2071 2917 2284 2984 αὐτὸν,
2317 2919 2564 2988 ἐπήγαγε
2587 2934 2600 2949 ·
2648 2916 2801 2974 πᾶσι
2848 2918 2975 2984 τοῖς
3008 2918 3519 2988 ἐπικαλουμένοις
3554 2920 3665 2971 αὐ-

2150 3095 2484 3160 Ἑνώτισιιι,
2534 3100 2745 3166 Κύριε.
2799 3098 2915 3165 τὴν
2965 3098 3320 3167 προσευχήν
3365 3117 3505 3168 μου,
3556 3100 3662 3151 καί

2069 3192 2337 3259 πρόσχες
2375 3189 2451 3258 τῇ
2483 3189 2653 3258 φωνῇ
2674 3190 2784 3259 τῆς
2812 3190 3076 3257 δεήσεως
3102 3209 3242 3258 μου.
3283 3193 3418 3262 Περὶ
3451 3192 3660 3245 τούτων

2069 3284 2324 3354 εὑρήσεις
2355 3284 2412 3337 ὲν
2435 3281 2510 3354 τῷ
2539 3289 2616 3349 ις’
2645 3282 2848 3355 ψαλμῷ
2879 3287 2935 3337 ἐν
2962 3287 3028 3354 τῇ
3061 3285 3226 3355 ἀρχῇ.

2151 3466 2253 3518 Ἐν
2278 3463 2466 3534 ἠμέρςι
2501 3463 2762 3532 θλίψεώς
2787 3481 2908 3532 μου
2936 3461 3234 3531 ἐκέκραξα
3263 3465 3412 3532 πρὸς
3453 3466 3530 3519 σὲ
3564 3468 3656 3521 ὅτι

2067 3556 2419 3624 ὲπήκουσάς
2449 3575 2589 3626 μου.
2637 3554 2882 3627 Ἠμέραν
2933 3555 3166 3625 θλίψεως
3195 3558 3503 3611 ἐνεστῶσάν
3541 3577 3651 3628 φη-

2069 3668 2154 3704 σιν
2184 3651 2382 3704 αὐτίκα
2415 3665 2428 3680 ’
2463 3650 2590 3721 περὶ
2619 3649 2674 3702 δὲ
2705 3655 2820 3711 τοῦ,
2852 3649 2934 3702 ὅτι
2963 3649 3238 3719 ἐπήκουσέ
3263 3667 3393 3720 μου⁹
3428 3651 3652 3722 εἴρηται

2066 3747 2123 3798 ὲν
2152 3744 2228 3813 τῷ
2260 3743 2554 3813 δηλωθέντι
2590 3748 2661 3806 ις’
2691 3741 2914 3812 ψαλμῷ.

2140 3837 2260 3889 Οὐκ
2289 3833 2460 3887 ἔστιν
2484 3833 2687 3902 ὅμοιός
2715 3849 2813 3887 σοι
2861 3835 2931 3887 ἐν
2965 3833 3142 3900 θεοῖς.
3183 3835 3380 3903 Κύριε,
3415 3836 3511 3889 καί
3534 3838 3646 3891 οὐκ

2064 3929 2195 3981 ἐστι
2252 3925 2401 3980 κατὰ
2431 3927 2502 3978 τὰ
2555 3927 2699 3994 ἔργα
2751 3941 2888 3979 σου.
2921 3926 3042 3979 "Uti
3085 3927 3307 3990 πάντες,
3343 3929 3528 3997 φησιν,
3580 3932 3645 3983 οι

2066 4019 2188 4074 θεοὶ
2217 4019 2334 4073 τῶν
2365 4017 2556 4074 ἐθνῶν
2586 4019 2866 4087 δαιμόνια
2889 4035 2902 4048 ·
2942 4021 2974 4072 ό
3010 4018 3078 4072 δὲ
3123 4020 3338 4088 Κύριος
3373 4021 3512 4087 τοὺς
3538 4025 3644 4076 οὐ·

2055 4111 2287 4180 ρανοὺς
2331 4112 2604 4178 ἐποίησε.
2660 4111 2770 4163 Καὶ
2815 4111 2878 4164 σὺ
2923 4111 3023 4181 μὲν
3067 4110 3200 4175 Θεὸς
3240 4111 3529 4180 ἀληθινὸς,
3593 4115 3644 4166 οἱ

2063 4204 2118 4256 δὲ
2164 4203 2432 4273 δαιμνῖνια.
2496 4204 2681 4255 Ἔοικε
2731 4200 2787 4254 δὲ
2836 4201 3088 4270 εἰλῆφθαι
3122 4202 3182 4255 τὸ
3208 4204 3371 4274 ῥητὸν
3404 4203 3510 4256 ἀπὸ
3547 4205 3641 4256 τοῦ

2063 4294 2306 4356 Μωσέως
2335 4292 2590 4360 λέγοντος
2619 4308 2634 4322 ο
2669 4292 2764 4358 Τις
2794 4291 2997 4360 ὅμοιός
3024 4307 3121 4346 σοι
3150 4292 3220 4346 ἐν
3251 4293 3460 4362 ἁγίοις,
3499 4297 3643 4348 θαυ-

2059 4387 2314 4454 μαστὸς,
2354 4383 2628 4448 ἔνδοξος,
2676 4382 2866 4436 ποιῶν
2902 4383 3161 4450 τέρατα;
3210 4385 3387 4455 Ἐργα
3439 4386 3496 4438 δὲ
3546 4389 3640 4439 τοῦ

1997 4445 2310 4548 D'Xptatoi’r
2341 4477 2402 4530 οὗ
2449 4445 2612 4547 μόνον
2649 4476 2680 4544 ἠ
2715 4445 3047 4544 δημιουρχὶα
3104 4445 3197 4528 καὶ
3254 4445 3483 4548 πρόνοια
3537 4479 3640 4546 τῆς

2063 4569 2296 4638 ἀοράτου
2327 4568 2420 4620 καὶ
2441 4569 2644 4638 ὁρατῆς
2676 4565 2932 4628 κτίσεως,
2961 4565 3099 4619 ἀλλὰ
3131 4567 3224 4620 καὶ
3268 4567 3300 4636 ἠ
3359 4566 3452 4620 τοῦ
3501 4569 3640 4622 πλά-

2063 4673 2270 4726 σματος
2303 4655 2625 4726 ἁνόρθωσις,
2661 4654 2808 4724 καὶὴ
2855 4654 2948 4706 τοῦ
2993 4656 3259 4722 τυράννου
3318 4657 3634 4722 κατάλυσις,

2062 4749 2157 4801 καὶ
2209 4749 2239 4815 ἡ
2289 4746 2377 4800 διὰ
2433 4747 2665 4800 θανάτου
2701 4745 2795 4798 τοῦ
2828 4745 3060 4800 θανάτου
3114 4746 3439 4810 θανάτωσις,
3489 4749 3634 4818 καὶὴ

2058 4837 2140 4893 δι’-
2177 4836 2372 4905 ὀλίγων
2431 4837 2525 4890 καὶ
2583 4837 2817 4889 εὐτελῶν
2857 4837 3055 4890 ἀλιέων
3107 4836 3229 4888 ὅλου
3288 4835 3382 4889 τοῦ
3429 4837 3634 4906 κόσμου

2062 4931 2386 5000 σαγήνευσις
2419 4943 2432 4956 ·
2459 4929 2604 4982 εἴποι
2643 4928 2689 4982 δ’
2727 4928 2792 4982 ἄν
2829 4945 2910 4991 τις
2947 4927 3038 4980 καὶ
3071 4927 3170 4995 τὴν
3197 4927 3307 4979 τῶν
3342 4926 3634 4998 θαυμάτων

2059 5022 2287 5091 δᾶναμιν
2329 5039 2342 5054 ι
2411 5023 2460 5074 εὶ
2490 5021 2625 5090 ογὰρ
2656 5022 2751 5074 καὶ
2790 5019 2937 5072 ἄλλοι
2984 5020 3206 5072 τοιαῦτα
3251 5018 3504 5088 θαύματα
3535 5037 3633 5072 πει

2061 5115 2382 5183 ποιήκασιν,
2413 5112 2527 5165 ἀλλ’
2555 5108 2711 5175 οὗτος
2745 5112 2843 5182 μὲν
2867 5113 2987 5165 κατ’
3008 5109 3278 5177 ἐξουσίαν,
3329 5110 3525 5164 ἐκεῖνοι
3573 5111 3631 5164 δὲ

2059 5206 2151 5258 τὸν
2184 5206 2315 5258 Θεὸν
2347 5204 2792 5273 ἐπικαλούμενοι.

2130 5477 2332 5530 Πάντα
2391 5477 2462 5530 τὰ
2517 5477 2662 5543 ἔθνη
2721 5477 2835 5528 ὅσα
2893 5476 3208 5542 ἐποίησας,
3260 5474 3477 5542 ἥξουσι
3526 5475 3625 5528 και

2059 5568 2599 5640 προσκυνήσουσιν
2619 5567 2873 5622 ἐνώπιον
2893 5583 3032 5632 σου,
3072 5568 3278 5633 Κύριε,
3321 5565 3419 5620 καὶ
3451 5563 3628 5629 δοξά-
