4084 6210
471 317 571 381 SS!

1620 325 2012 387 COMMENT.
2058 323 2141 383 IN
2176 325 2534 385 PSALMOS.

3603 327 3708 391 83?.

467 448 652 487 σουσι
683 434 751 487 τὸ
796 433 984 503 ὄνομά
1030 451 1165 500 σου,
1200 437 1286 490 ὅτι
1309 437 1496 509 μέγας
1516 435 1572 494 εἴ
1599 439 1702 506 σὺ,
1727 440 1826 494 καί
1860 439 2033 494 ποιῶν

2156 447 2323 508 tuum,
2366 442 2616 511 quoniam
2658 456 2878 508 magnus
2904 456 2956 494 es
3005 450 3081 504 tu,
3118 451 3164 493 et
3196 441 3393 509 faciens
3430 443 3720 509 mirabilia,

468 527 770 594 θαυμάσια
812 544 825 558 υ
864 529 946 582 σὺ
987 530 1044 582 ετ
1078 531 1111 584 ό
1143 529 1289 596 Θεὸς
1328 532 1539 601 μόνος.
1604 530 1868 587 Ἐνταῦθα
1915 550 2049 602 προσ-

469 618 694 687 φητεύει
752 620 882 690 περὶ
935 624 1036 693 τῆς
1084 623 1323 687 πίστεως
1387 625 1497 679 τῶν
1549 626 1743 682 ἐθνῶν.
1794 628 2043 695 Ἦξουσι,

468 711 634 779 φησὶ,
668 711 805 781 πρὸς
839 713 899 766 σὲ
940 712 1029 768 διὰ
1049 715 1287 781 πίστεως
1320 734 1335 750 ·
1383 721 1681 789 προσκυνεῖ
1708 720 1763 773 δὲ
1815 719 2048 775 ἐνώπιον

467 800 561 856 τοῦ
596 804 734 858 Θεοῦ
768 807 797 860 6
843 808 1246 876 ἐπιγινώσκων,
1277 812 1360 866 ὅτι
1394 815 1661 883 ἐφορᾶται
1697 832 1764 868 πο
1779 814 1826 883 ρ’
1856 815 2042 869 αὑτοῦ.

477 900 741 953 Ἐνὼπιον
763 900 820 953 δὲ
848 899 944 955 τοῦ
972 901 1132 967 Θεοῦ,
1156 905 1251 958 καὶ
1272 906 1380 966 πᾶς
1406 905 1572 969 τόπος
1602 906 1704 976 τῆς
1724 906 2045 970 δεσποτείας

465 992 656 1046 αὑτοῦ.
686 992 1034 1058 Δοξάσουσι
1060 996 1138 1060 δὲ,
1171 997 1295 1051 ἀντὶ
1322 997 1438 1071 τοῦ,
1488 1000 1815 1069 ὑμνήσουσι.
1874 1017 2045 1069 μεγα-

465 1082 712 1136 λυνοῦσν
775 1084 912 1139 διότι
968 1085 1144 1155 μέγας
1204 1088 1372 1152 ὅντως
1415 1089 1499 1156 σὺ,
1533 1092 1626 1145 καὶ
1661 1090 1726 1145 σὺ
1758 1087 1811 1145 εί
1838 1094 1866 1145 6
1910 1091 2045 1154 Θεὸς

465 1177 647 1246 μόνος,
671 1177 839 1230 ποιῶν
871 1178 1169 1250 θαυμάσια.

545 1266 885 1338 Ὀὃήγησόν
909 1288 1007 1340 με,
1045 1273 1240 1341 Κύριε,
1267 1273 1337 1327 ἐν
1368 1275 1439 1344 τῇ
1472 1275 1588 1341 ὀδῷ
1619 1292 1758 1341 σου,
1797 1278 1894 1331 καί
1936 1294 2043 1333 πο-

459 1361 745 1431 ρεύσομαι
785 1364 854 1416 ἐν
894 1362 969 1432 τῇ
1002 1364 1273 1434 ἀληθείᾳ.
1318 1368 1467 1431 Ὁδὸς
1516 1368 1617 1438 μὲν
1668 1373 1762 1422 τοῦ
1823 1370 1957 1424 Θεοῦ
2005 1372 2038 1441 ἠ

462 1452 738 1523 πρακτικὴ
796 1453 1007 1524 ἁρετὴ,
1073 1455 1302 1525 ἀλήθεια
1353 1458 1411 1510 δὲ
1478 1461 1511 1529 ἡ
1575 1458 1916 1529 θεωρητική.
1980 1461 2039 1514 '0

466 1543 599 1612 γοῦν
624 1545 912 1616 ὁδηγηθεὶς
943 1546 1128 1601 θεόθεν
1158 1551 1245 1603 ἐπ’
1270 1550 1489 1620 ἐκείνην
1519 1550 1739 1621 ἔρχεται
1784 1552 1877 1606 ἐπὶ
1907 1553 2038 1606 ταύ-

463 1655 582 1707 την.
613 1638 876 1710 Εὑρήσεις
900 1641 956 1693 δὲ
979 1642 1072 1694 καὶ
1104 1643 1162 1694 ἐν
1193 1642 1272 1713 τῷ
1301 1643 1381 1697 κδ’
1407 1645 1536 1714 περὶ
1574 1644 1696 1698 ὁδοῦ
1748 1645 1842 1698 καὶ
1899 1646 2036 1715 ἀλη-

2153 543 2208 586 ιιι
2243 550 2296 587 es
2340 532 2477 588 Deus
2509 535 2675 587 solus.
2726 530 2850 587 llaec
2894 543 2978 587 est
3024 533 3307 603 prophetia
3356 535 3423 589 de
3471 538 3719 607 gentium

2152 625 2275 680 ﬁde.
2314 625 2564 690 chient,
2615 626 2818 693 inquit,
2881 624 2948 677 ad
3002 632 3055 678 te
3109 625 3242 693 ipsae
3286 625 3449 679 etiam
3501 638 3713 697 gentes.

2148 717 2397 772 Adurare
2420 726 2607 771 autem
2636 717 2838 771 dicitur
2867 731 3051 771 coram
3087 716 3201 770 Deo
3238 718 3308 782 is,
3343 718 3433 785 qui
3466 733 3524 772 se
3552 735 3580 775 a
3612 720 3721 774 Deo

2148 810 2319 864 videri
2369 809 2678 880 cognoscit.
2727 808 2860 863 Esse
2905 817 3085 863 autem
3141 809 3346 866 dicitur
3382 827 3565 866 coram
3614 811 3721 870 Deo

2148 904 2330 958 omnis
2379 903 2536 960 locus
2588 902 2804 971 imperii
2858 902 3000 970 ejus.
3034 903 3429 956 Glorilicahunt
3460 904 3718 973 tcigitur.

2147 994 2250 1048 hoc
2281 1002 2388 1061 est,
2427 995 2722 1049 laudabunt
2764 1003 2813 1049 te
2844 1010 3035 1049 omnes
3067 1003 3257 1063 gentes
3306 1005 3359 1047 et
3406 996 3723 1064 magniﬁca-

2148 1084 2288 1140 buut
2316 1094 2389 1148 te,
2425 1086 2694 1153 dicentes,
2727 1087 2871 1157 quod
2905 1101 3137 1156 magnus
3160 1100 3289 1142 vere
3314 1101 3374 1141 cs
3404 1095 3459 1140 et
3488 1080 3631 1156 quod
3662 1098 3717 1143 tu

2146 1179 2301 1235 solus
2334 1179 2479 1235 Deus
2514 1196 2596 1246 es,
2628 1181 2721 1251 qui
2750 1181 2888 1237 facis
2921 1180 3222 1235 mirabilia.

2216 1267 2384 1326 Vsus.
2425 1270 2511 1325 10.
2551 1271 2727 1326 Deduc
2752 1289 2853 1335 me,
2884 1270 3126 1337 Domine,
3154 1273 3207 1325 in
3232 1273 3315 1327 via
3357 1282 3470 1337 tua,
3507 1289 3558 1327 et
3602 1290 3718 1326 am-

2144 1360 2339 1415 bulabo
2379 1361 2432 1415 in
2464 1361 2678 1413 veritate
2703 1370 2815 1414 tua.
2843 1359 2943 1415 l‘er
2972 1362 3113 1414 viam
3141 1361 3258 1425 Dei,
3287 1362 3541 1415 virtutem
3569 1362 3714 1414 illam

2143 1453 2411 1522 intellige.
2444 1468 2568 1521 quae
2610 1453 2676 1505 ad
2716 1452 2962 1506 actiones
3000 1455 3274 1519 pertinet;
3302 1469 3399 1523 per
3429 1455 3715 1507 veritatem

2144 1558 2294 1609 vero,
2322 1544 2469 1597 illam
2492 1559 2613 1612 quae
2632 1542 2701 1597 ad
2725 1543 3264 1611 contemplationem.
3291 1543 3382 1597 llle
3409 1553 3586 1596 autem
3620 1543 3715 1611 qui

2145 1633 2418 1689 divinitus
2454 1635 2519 1688 ad
2563 1635 2794 1703 primam
2837 1635 3036 1689 ductus
3077 1635 3242 1688 fuerit
3271 1636 3551 1694 virtutem.
3587 1651 3714 1703 per—

461 1728 635 1795 θείας,
657 1732 738 1795 είς
766 1733 826 1786 τό
851 1748 865 1763 ο
894 1733 1004 1799 Τὰς
1028 1733 1207 1801 ὁδούς
1249 1753 1388 1797 σου,
1443 1739 1640 1805 Κύριε.
1691 1739 1988 1805 γνώρισον
2017 1754 2033 1769 °

2141 1726 2331 1780 venire
2371 1725 2437 1780 de
2473 1726 2616 1780 facili
2653 1725 2855 1795 poterit
2888 1725 2952 1780 ad
2995 1726 3247 1781 alteram.
3285 1727 3358 1779 De
3405 1727 3509 1779 hae.
3544 1727 3624 1779 \‘ia
3659 1735 3713 1779 et

458 1822 552 1875 καὶ
586 1819 742 1889 αὖθις
770 1841 784 1857 ·
822 1825 1153 1897 Ὀδήγησόν
1173 1845 1250 1898 με
1293 1828 1394 1883 ἐπὶ
1433 1829 1548 1899 τὴν
1573 1830 1864 1899 ἀλήθειάν
1892 1848 2033 1887 σου.

523 2096 928 2165 Εὐφρανθήτω
968 2098 1005 2166 ἡ
1045 2098 1258 2165 καρδία
1290 2118 1429 2170 μου,
1488 2099 1567 2167 τῷ
1604 2102 1912 2171 φοϐεῖσθαι
1966 2106 2035 2159 τὸ

457 2186 641 2256 ὄνομά
707 2203 845 2242 σου.
902 2187 1280 2262 Εὐφρανθήτω
1327 2192 1405 2264 μὴ
1467 2195 1526 2247 ὲν
1578 2193 1888 2268 εὐφροσύνῃ
1928 2196 2034 2249 τινὶ

452 2282 714 2350 κοσμικῇ,
774 2280 890 2334 ἀλλ’
923 2281 980 2334 ὲν
1028 2280 1105 2351 τῷ
1140 2281 1426 2350 φοϐεῖσθαί
1461 2301 1542 2340 σε.
1604 2285 1748 2354 Ὅρα
1771 2285 1828 2339 δὲ
1873 2287 2032 2357 ξένην

452 2371 811 2442 εὐφροσύνην.
874 2374 1057 2428 Ἔστω
1103 2392 1195 2446 μοι
1246 2376 1557 2446 εὐφροσύνη
1605 2378 1633 2430 ό
1706 2377 1799 2440 σὸς
1837 2377 2026 2447 φόϐος.

452 2465 858 2532 Εὐφρανθήτω
910 2468 1040 2536 γὰρ,
1090 2468 1245 2537 φησὶ,
1308 2469 1524 2538 καρδία
1558 2469 1891 2537 ζητούντων
1922 2473 2031 2526 τὸν

452 2556 692 2623 Κύριον.
718 2558 880 2627 Ζητεί
904 2557 961 2612 δὲ
990 2557 1080 2611 τὸν
1098 2558 1232 2612 Θεὸν
1274 2561 1301 2613 6
1325 2559 1660 2631 φοϐούμενος
1688 2563 1874 2618 αὐτόν.
1917 2563 2030 2618 Καὶ

449 2647 559 2715 γὰρ
582 2648 643 2699 οὐ
673 2648 833 2717 μόνον
862 2651 889 2703 6
919 2648 1062 2714 θεῖος
1082 2651 1263 2719 φόϐος,
1288 2652 1424 2707 ἀλλὰ
1446 2653 1538 2707 καί
1560 2655 1591 2723 ἡ
1617 2655 1803 2720 ἁπλῶς
1835 2658 2025 2729 μνήμη

447 2735 539 2790 τοῦ
571 2737 707 2793 Θεοῦ
742 2739 1022 2811 εὐφραίνει
1051 2742 1178 2805 τοὺς
1212 2742 1483 2806 θεοσεϐεῖς
1502 2762 1516 2777 ·
1561 2743 1867 2816 Ἐμνήσθη
1894 2748 2023 2820 γὰρ,

448 2832 604 2898 φησὶ,
637 2829 743 2885 τοῦ
773 2832 923 2887 Θεοῦ
956 2832 1053 2886 καί
1078 2834 1419 2904 ηὐφράνθη.

530 2922 1088 2994 Ἐξομολογήσομαί
1144 2941 1265 2991 σοι,
1307 2928 1488 2995 Κύριε
1537 2931 1570 2984 ό
1613 2929 1758 2996 Θεός
1781 2947 1923 2999 μου,
1953 2931 2028 2986 ἐν

445 3013 571 3083 ὅλῃ
593 3015 804 3084 καρδίᾳ
834 3035 975 3085 μου.
1008 3018 1429 3091 Εὐχαριστήσω.

2142 1816 2376 1873 veritate
2419 1815 2669 1869 invenies
2709 1817 2874 1870 etiam
2910 1815 2963 1868 in
3004 1815 3218 1884 psalmo
3252 1832 3401 1881 xxxv,
3431 1816 3501 1871 ihi
3534 1834 3546 1868 :
3588 1815 3713 1869 Via:

2138 1919 2280 1973 tuas,
2318 1909 2559 1974 Domine,
2601 1908 2781 1962 iudica
2817 1909 2943 1961 mihi
2967 1909 3034 1974 ";
3065 1915 3118 1963 et
3148 1908 3309 1977 paulo
3345 1916 3496 1978 post:
3538 1907 3715 1962 Decius

2138 2018 2219 2054 me
2250 2002 2302 2054 in
2327 2001 2545 2055 rerimte
2577 1999 2758 2060 lita".

2212 2092 2452 2147 La‘temr
2493 2108 2584 2145 cor
2617 2108 2791 2147 meum
2825 2092 2879 2145 in
2912 2094 3100 2145 timore
3150 2090 3376 2144 nominis
3411 2090 3505 2144 tui.
3540 2090 3715 2143 Larte-

2134 2192 2225 2239 tur
2255 2199 2362 2237 non
2388 2184 2441 2238 in
2469 2184 2738 2237 mundana
2764 2183 2970 2247 laetitia,
3003 2182 3095 2235 sed
3132 2183 3185 2236 in
3220 2182 3297 2235 tui
3329 2181 3538 2235 timore.
3577 2180 3713 2235 Vide

2135 2293 2322 2348 quaeso
2356 2292 2557 2331 novum
2600 2292 2774 2342 genus
2827 2275 3049 2330 lmtitiae.
3092 2273 3303 2339 Timor,
3339 2274 3536 2341 inquit,
3577 2281 3708 2327 tuus

2136 2367 2210 2425 sit
2248 2367 2381 2422 mihi
2424 2367 2632 2422 laetitia.
2682 2366 2826 2422 Alibi
2876 2381 3005 2421 vero
3064 2366 3308 2420 dicitur:
3344 2365 3576 2419 Lwtetur
3616 2381 3708 2418 cor

2132 2462 2484 2534 quwreutium
2516 2460 2817 2514 Dominum.
2845 2460 2938 2514 ille
2966 2469 3147 2513 autem
3174 2464 3366 2528 quan-tt
3393 2457 3706 2522 Dominum,

2131 2556 2224 2625 qui
2269 2554 2424 2609 timet
2453 2568 2608 2608 eum.
2644 2551 2915 2606 Caeterum
2951 2565 3061 2605 non
3109 2558 3319 2605 tantum
3372 2549 3466 2604 Dei
3517 2549 3705 2615 timur.

2132 2646 2228 2702 sed
2274 2645 2509 2711 simplex
2552 2643 2721 2699 etiam
2765 2642 2915 2697 illius
2960 2642 3228 2695 memoria
3265 2640 3381 2710 pios
3427 2655 3490 2694 ac
3520 2640 3708 2696 fideles

2128 2752 2322 2794 omnes
2352 2737 2616 2802 laetiﬁcat,
2644 2736 2800 2807 juxta
2839 2733 2970 2789 illud
3007 2749 3021 2786 :
3052 2733 3251 2788 Memor
3276 2732 3353 2803 fui
3386 2732 3502 2797 Dei,
3525 2741 3576 2787 et
3607 2731 3704 2787 la:-

2131 2839 2274 2884 tatus
2308 2845 2426 2884 sum
2440 2828 2509 2884 “.

2198 2920 2366 2977 Vsus.
2397 2923 2484 2976 Η.
2516 2918 2814 2988 Conﬁtebor
2841 2917 2957 2981 tibi,
3006 2915 3243 2981 Domine,
3274 2915 3416 2970 Deus
3449 2932 3614 2981 meus,
3644 2916 3701 2969 in

2129 3022 2238 3068 toto
2268 3011 2422 3067 corde
2453 3028 2587 3066 meo.
2624 3008 2738 3065 Hoc
2770 3018 2855 3066 est
2884 3008 3093 3080 gratias
3128 3022 3306 3077 agam.

518 3109 625 3163 Καὶ
682 3110 923 3176 δοξάσω
980 3112 1049 3166 τὸ
1101 3088 1461 3183 ὄνομὰνσου
1516 3117 1603 3183 είς
1663 3116 1772 3171 τόν
1818 3116 2024 3173 αἰῶνα.

2202 3104 2272 3159 Et
2311 3104 2624 3176 glori/icabo
2661 3119 2847 3157 nomen
2879 3112 3032 3156 tuum
3069 3102 3122 3155 in
3161 3099 3438 3155 arculum.
3474 3097 3585 3154 lioc
3615 3105 3700 3156 cst

461 3200 594 3255 Ἀεί.

516 3294 645 3349 Ὅτι
674 3296 740 3350 τὸ
772 3297 947 3363 ἔλεός
971 3310 1090 3353 σου
1108 3296 1264 3368 μέγα
1290 3298 1385 3354 ἐπ’
1420 3300 1543 3371 ἐμέ.
1575 3300 1741 3357 Πολύ,

513 3504 622 3558 Καὶ
647 3504 882 3570 ἐρῤὐσω
902 3504 1019 3571 τὴν
1066 3504 1281 3572 ψυχήν
1303 3522 1426 3574 μου
1478 3505 1549 3572 ἐξ
1575 3507 1726 3575 ᾅδου
1760 3509 2026 3563 κατωτὰ-

443 3613 572 3651 του.
621 3597 741 3649 Ἐπὶ
771 3597 869 3666 μὲν
904 3595 996 3650 τοῦ
1039 3597 1202 3650 Δαϐὶδ
1231 3598 1367 3670 ᾅδην
1416 3600 1627 3671 νοήσεις
1691 3600 1793 3665 τὴν
1840 3603 2025 3670 ἁμαρ-

444 3686 588 3749 τίαν,
616 3689 711 3742 καὶ
737 3688 837 3758 τὴν
871 3688 1143 3758 μοιχείαν,
1176 3689 1383 3743 καὶτὸν
1409 3689 1569 3758 φόνον
1617 3690 1711 3743 τοῦ
1770 3691 1975 3761 Οὐρίου
2003 3708 2020 3726 ο

445 3780 537 3832 ἐπὶ
581 3781 638 3834 δὲ
669 3780 764 3834 τοῦ
794 3780 1068 3847 Ἐζεκίου,
1097 3781 1194 3835 τὸν
1223 3781 1520 3850 ἐγγίσαντα
1568 3783 1717 3854 αὒτῷ
1775 3801 2025 3855 σωματι-

418 3871 539 3924 ·κδν
568 3872 819 3942 θάνατον,
847 3874 941 3943 ἀφ’
966 3867 1028 3928 οὗ
1058 3874 1380 3946 παραδόξως
1427 3875 1689 3948 ὲρῤύσθη.
1733 3877 1830 3949 Ετη
1876 3878 1923 3931 δ’
1954 3879 2023 3933 ἂν

420 3958 536 4015 ’καὶ
568 3965 675 4027 πᾶς
696 3965 961 4032 κίνδυνος,
992 3966 1101 4020 εἴτε
1132 3967 1286 4039 παρὰ
1336 3967 1545 4039 ὁρατῶν
1601 3968 1840 4041 ὲχθρῶν,
1899 3972 2018 4026 εἴτε

442 4054 555 4108 ἀπὸ
594 4056 842 4128 ἀοράτων
871 4058 1237 4132 ἐπαγόμενος.

520 4337 587 4391 '0
622 4338 785 4404 Θεὸς.
818 4340 1152 4412 παράνομοι
1178 4340 1609 4412 ἐπανέστησαν
1638 4344 1734 4399 ἐπ’
1747 4344 1873 4415 ἐμέ.
1906 4345 2019 4401 Καὶ

2131 3214 2373 3268 semper.

2197 3289 2364 3345 Vens.
2410 3290 2494 3344 l2.
2529 3289 2672 3356 Quia
2694 3286 3067 3342 misericordia
3095 3296 3187 3343 tua
3215 3304 3406 3358 magna
3433 3297 3508 3343 est
3542 3302 3698 3353 super

2130 3399 2226 3436 me.
2266 3381 2512 3448 Magnam
2547 3381 2682 3436 dixit
2713 3395 2811 3451 pro
2837 3381 3032 3436 multa.

2199 3496 2267 3551 Et
2303 3497 2491 3551 eruisti
2521 3496 2756 3550 animam
2788 3511 2961 3549 meam
2998 3510 3064 3549 ex
3092 3497 3299 3565 inferno
3333 3492 3596 3562 inferiori.
3635 3492 3694 3546 Si

2126 3586 2399 3655 psalmum
2447 3584 2730 3653 pertinere
2785 3584 3060 3652 intelligas
3121 3584 3186 3638 ad
3246 3584 3463 3639 heatqu
3504 3582 3699 3645 David,

2125 3692 2223 3745 per
2249 3674 2528 3730 infernum
2568 3673 2895 3743 profundam
2929 3673 3136 3743 peccati
3170 3672 3377 3728 foveam
3419 3675 3694 3744 intelligo,

2124 3767 2375 3821 adulterii
2430 3765 2692 3821 nimirum
2763 3773 2927 3833 atque
2981 3763 3287 3820 homicidii.
3350 3765 3405 3818 Si
3462 3780 3590 3817 vero
3622 3764 3691 3817 ad

2123 3872 2306 3928 regem
2337 3856 2653 3923 Ezechiam,
2699 3855 2981 3911 infernum
3010 3855 3199 3924 accipe
3237 3870 3338 3925 pro
3375 3863 3571 3920 morte,
3602 3857 3689 3910 cui

2125 3947 2416 4019 proximus
2448 3946 2574 4013 fuit,
2605 3953 2661 4002 et
2688 3961 2720 4001 ιι
2752 3960 2859 4016 qua
2887 3942 3209 4000 admirando
3232 3944 3523 4023 admodum
3556 3943 3692 4000 libe-

2123 4049 2278 4096 ratus
2309 4050 2414 4096 est.
2452 4040 2641 4097 Potest
2669 4038 2836 4096 etiam
2897 4037 3148 4094 infernus
3194 4037 3370 4107 accipi
3405 4053 3502 4106 pro
3558 4052 3695 4108 quo-

2123 4135 2254 4190 libet
2284 4134 2548 4206 periculo,
2604 4133 2750 4205 quod
2805 4148 2837 4188 a
2889 4131 3228 4197 visibilihus,
3262 4148 3360 4189 seu
3393 4134 3461 4189 ab
3500 4134 3695 4191 invisi-

2121 4225 2325 4282 bilibus
2360 4225 2649 4282 immineat
2676 4223 2939 4281 inimicis.

2193 4340 2361 4395 Vsus.
2398 4340 2484 4396 15.
2513 4340 2675 4403 Deus,
2723 4341 2895 4410 iniqui
2946 4342 3353 4396 insurrexerunt
3399 4342 3452 4396 in
3493 4358 3592 4396 me.
3625 4341 3693 4395 Et

439 4429 490 4483 οί
517 4428 597 4500 τῷ
645 4430 811 4484 Δαόὶδ
864 4432 1311 4498 ἐπιϐουλεύοντες
1363 4435 1684 4507 παρανομίᾳ
1744 4440 2015 4507 συνέζων,

2132 4432 2317 4488 hostes
2352 4432 2499 4489 beati
2544 4431 2736 4497 David,
2769 4433 2863 4501 qui
2891 4433 3126 4489 insidias
3155 4435 3209 4487 in
3236 4449 3360 4488 eum
3390 4434 3693 4489 moliehauo

442 4520 539 4573 καὶ
589 4521 638 4574 oi
671 4522 765 4573 τὸν
813 4522 1065 4588 Ἐζεκίαν
1112 4525 1171 4579 δὲ
1220 4525 1640 4597 πολιορκοῦντες
1691 4527 2014 4603 Ἀσσύριοι·

2118 4532 2210 4580 tur
2237 4525 2409 4595 iniqui
2440 4534 2623 4589 erant,
2653 4532 2707 4579 et
2738 4524 2970 4596 Assyrii,
3017 4524 3110 4594 qui
3166 4524 3453 4579 Ezechiam
3504 4541 3689 4594 regem

441 4612 682 4682 λέγοιντο
727 4613 773 4668 6'
820 4616 887 4671 ἂν
913 4616 1009 4671 καὶ
1038 4616 1239 4681 πάντες
1266 4617 1518 4689 αἰσθητοὶ
1555 4620 1651 4674 καὶ
1705 4623 1885 4692 νοητοὶ
1921 4639 2017 4677 πο-

2132 4618 2467 4680 )hsidehunl,
2497 4626 2553 4672 et
2597 4631 2790 4672 omnes
2836 4617 3072 4686 denique
3104 4623 3213 4669 tam
3251 4616 3499 4672 visibiles
3526 4633 3689 4687 quam

436 4703 639 4776 λέμιοι.

494 4809 615 4874 ’Καὶ
649 4821 970 4890 συναγωγὴ
1004 4822 1300 4891 κραταιῶν
1319 4822 1625 4892 ἐζήτησαν
1659 4826 1776 4893 τὴν
1802 4830 2015 4896 ψυχήν

430 4926 573 4978 μου,
625 4910 724 4964 καί
775 4911 849 4966 οὐ
909 4911 1233 4979 προέθεντό
1276 4927 1352 4967 σε
1402 4913 1662 4970 ἐνώπιον
1684 4918 1906 4976 αὐτῶν.
1948 4922 2013 4974 0t

433 5001 609 5060 αὐτοί.
663 4999 835 5056 Ταυτὶ
878 5001 936 5056 δὲ
995 5003 1066 5057 τὰ
1098 5005 1241 5076 ῥητὰ
1294 5006 1508 5059 κεῖνται
1561 5006 1764 5073 καὶςὲν
1813 5009 1894 5080 τῷ
1927 5007 2016 5079 νγ⁹

430 5090 651 5165 ψαλμῷ-

503 5206 608 5262 Καί
637 5206 740 5270 σὺ,
790 5208 968 5275 Κύριε
992 5210 1028 5262 ὁ
1050 5209 1193 5274 Θεός
1216 5226 1355 5278 μου,
1399 5210 1719 5278 οίκτιζρμων
1750 5211 1845 5265 καὶ
1872 5212 2004 5267 ἐλε-

353 5373 359 5380 ί
430 5295 617 5363 ἠιιων,
632 5298 1036 5369 μαθίρόθυμος,
1059 5299 1158 5353 καί
1189 5299 1537 5367 πολυέλεος,
1574 5300 1671 5355 καί
1697 5301 1999 5369 ἀληθινός.

440 5383 533 5447 Ὠς
585 5384 685 5454 μὲν
746 5388 1047 5458 οἰκτίρμων
1089 5386 1184 5440 καὶ
1228 5389 1499 5459 ἐλεήμων,
1557 5391 1862 5460 συμπαθεῖς
1886 5395 1998 5457 τοῖς

2116 4709 2417 4764 invisibiles
2455 4707 2644 4762 hostes
2700 4708 2899 4773 nostri,
2932 4705 3108 4776 iniqui
3138 4705 3400 4776 appellari
3432 4716 3687 4775 possunt.

2186 4821 2252 4875 Et
2301 4821 2638 4892 congregatio
2690 4820 2978 4887 potentium
3044 4821 3398 4890 qua'siverunt
3451 4823 3688 4875 animum

2119 4931 2311 4969 meum.
2349 4922 2397 4967 et
2430 4930 2530 4966 non
2557 4921 2937 4980 proposuerunt
2984 4920 3031 4966 te
3065 4913 3116 4965 in
3153 4921 3427 4982 conspectu
3458 4931 3572 4967 suo.
3607 4915 3685 4969 liii

2117 5004 2218 5072 ipsi
2245 5019 2384 5071 qms
2412 5002 2631 5072 iniquos
2655 5002 2918 5058 diximus.
2983 5002 3107 5059 limo
3139 5013 3319 5060 autem
3378 5008 3539 5060 verba
3587 5008 3685 5061 ltu-

2110 5096 2308 5149 bentur
2339 5096 2502 5148 etiam
2533 5093 2585 5147 iu
2614 5093 2828 5164 psalmo
2861 5109 2980 5148 LIII.

2183 5206 2346 5260 \‘Eus.
2376 5208 2461 5262 Η.
2495 5206 2562 5260 Et
2592 5218 2669 5270 tu,
2704 5207 2918 5263 Domine
2953 5208 3090 5263 Deus
3124 5223 3288 5269 meus.
3317 5208 3613 5272 miserator,
3633 5217 3682 5261 ct

2110 5302 2436 5362 misericors,
2486 5300 2713 5368 patiens,
2737 5309 2786 5353 et
2819 5301 3038 5353 inuitum
3086 5300 3408 5362 misericors,
3429 5309 3478 5352 et
3500 5316 3677 5356 verax.

2107 5393 2244 5460 Quia
2299 5392 2593 5446 miscrator
2644 5407 2726 5455 es,
2791 5399 2845 5445 et
2898 5391 3235 5455 misericors,
3299 5390 3558 5446 omnibus
3611 5392 3678 5447 iis

433 5479 1054 5551 καταδυναστευομένοις
1082 5500 1097 5515 ·
1137 5482 1213 5545 ὡς
1247 5484 1303 5537 δὲ
1333 5483 1706 5555 μακρόθυμος,
1735 5486 1796 5539 οὐ
1823 5503 2005 5557 παρα-

2132 5499 2327 5554 ιοηιροι·
2374 5483 2708 5554 eompateris
2771 5480 2863 5550 qui
2923 5480 3170 5550 oppressi
3226 5489 3351 5535 sum
3392 5490 3494 5536 :et
3547 5484 3675 5551 quia

431 5567 587 5633 δίδως
617 5570 777 5633 εὐθὺς
797 5574 877 5635 εἰς
916 5574 1105 5643 χεῖρας
1136 5573 1344 5646 ἐχθρῶν
1386 5576 1515 5640 τοὺς
1545 5577 1962 5647 ἁμαρτάνοντας
1984 5595 2000 5611 ’

2111 5577 2323 5647 patiens
2368 5592 2448 5642 es,
2482 5582 2535 5631 et
2575 5572 2931 5646 longanimis,
2966 5587 3072 5628 non
3127 5572 3309 5627 statim
3360 5582 3676 5643 peceatores

512 5746 559 5778 ¹²
591 5747 738 5804 Psal.
773 5763 926 5819 xxiv,
959 5752 1010 5813 4,
1047 5751 1100 5806 5.
1158 5753 1203 5784 ’³
1242 5750 1388 5808 Psal.
1415 5766 1520 5823 ριν,
1554 5753 1605 5810 3.
1687 5755 1729 5788 “
1758 5754 1904 5812 l‘sal.
1939 5772 2124 5824 Lxxvr,
2174 5761 2194 5813 ί
