4082 6230
388 238 493 301 883

1634 244 2019 307 EUTHYMII
2059 249 2390 316 ZIGABEN
2397 256 2422 315 Ι

3507 255 3618 319 εει

388 351 444 404 ἱιι
477 350 717 403 hostium
756 365 951 407 manus
1005 351 1175 406 tradis
1209 369 1222 406 :
1264 351 1388 421 quia
1420 351 1650 407 multum
1685 368 1744 408 es
1783 355 1953 410 mise-

2062 361 2133 426 ὡς
2158 364 2212 417 δὲ
2249 367 2558 433 πολυέλεος,
2593 367 2690 437 οὐχ
2731 366 2899 433 ἅπαξ,
2947 367 3082 422 ἀλλὰ
3119 367 3380 430 πολλάκις
3427 370 3632 428 ἐλεείςο

389 443 588 507 ricors,
641 459 751 496 non
784 443 950 498 semel
985 449 1221 508 tantum,
1251 443 1344 499 sed
1375 445 1576 513 saepius
1623 445 1905 502 misereris
1933 464 1948 500 :

387 543 436 588 et
490 535 618 603 quia
661 548 822 588 verax
873 548 958 599 es,
1007 549 1200 590 omnes
1245 550 1340 590 eos
1384 536 1566 593 salvas
1607 539 1699 607 qui
1733 551 1955 611 sperant

387 627 441 679 in
503 633 572 679 te.

459 715 621 771 Vens.
675 717 760 771 15.
811 715 1026 788 Respice
1074 721 1130 772 in
1190 738 1287 784 me,
1325 731 1373 775 et
1414 724 1660 776 miserere
1697 724 1816 777 mei.
1852 723 1954 779 Hic

389 809 695 862 versiculus
733 809 965 864 habetur
994 811 1158 866 etiam
1185 813 1238 866 in
1271 814 1479 883 psalmo
1521 830 1670 869 xxw.

457 899 535 953 Du
587 899 748 954 robur
801 911 949 954 tuum
1002 917 1164 970 puero
1206 914 1314 959 tuo.
1360 905 1566 971 Robur,
1619 907 1763 977 quod
1819 922 1848 961 a
1901 915 1954 963 le

388 992 652 1046 adversus
713 992 971 1049 inimicos
1025 995 1214 1051 haberi
1273 1006 1473 1066 potest.
1538 999 1712 1053 Puero
1769 1009 1950 1056 autem

389 1093 503 1142 tuo,
540 1083 642 1136 hoc
672 1092 778 1143 est.
812 1099 972 1139 servo
1003 1094 1119 1140 tuo.

461 1175 525 1227 Et
554 1176 757 1229 salt-um
788 1177 876 1245 fac
920 1179 1090 1244 [ilium
1114 1180 1324 1234 ancilia:
1373 1191 1495 1237 tum.
1527 1179 1640 1236 Hoc
1675 1191 1759 1238 est
1786 1200 1954 1240 serva:

387 1275 512 1321 tute.
556 1269 654 1322 His
684 1276 867 1324 autem
904 1271 1089 1326 verbis
1133 1272 1378 1326 indicare
1414 1273 1632 1327 videtur
1681 1275 1954 1346 Propheta

397 1377 456 1415 se
489 1376 552 1414 ex
591 1361 697 1430 piis
734 1376 798 1415 ac
836 1362 1111 1435 religiosis
1147 1363 1468 1432 parentibus
1501 1374 1676 1418 ortum
1719 1381 1860 1420 esse.

461 1453 623 1506 Vens.
649 1451 733 1505 i6.
762 1451 875 1506 Fac
906 1470 1107 1508 mecum
1135 1454 1342 1524 signum
1373 1457 1427 1508 in
1464 1455 1676 1510 bonum.
1705 1457 1953 1526 lmpone,

386 1543 590 1613 inquit,
644 1545 779 1598 mihi
838 1545 1078 1614 signum,
1139 1562 1232 1600 seu
1292 1546 1558 1616 judicium
1618 1549 1673 1601 in
1726 1547 1953 1612 bonum,

387 1636 492 1688 hoc
525 1645 632 1698 est,
667 1637 886 1706 signum
919 1637 1144 1704 bonum,
1179 1638 1339 1707 quale
1372 1636 1683 1692 Judazorunt
1741 1639 1955 1694 limina-

387 1727 540 1782 ribus
589 1729 721 1782 olim
776 1729 1100 1798 apposuisti,
1151 1730 1366 1800 quando
1399 1730 1785 1801 Egyptiorum
1849 1731 1956 1801 pri-

387 1821 696 1890 mogenitos
725 1822 1034 1891 perdidisti.
1059 1820 1153 1876 Est
1177 1823 1378 1877 etenim
1408 1823 1702 1892 aliquando
1734 1822 1953 1892 signum

387 1910 440 1963 in
482 1912 712 1974 malum,
745 1914 908 1982 quale
941 1913 1073 1967 illud
1121 1923 1260 1978 erat,
1310 1914 1452 1983 quod
1502 1924 1764 1984 posuerat
1811 1915 1953 1970 Deus

2061 456 2134 520 ὡς
2157 457 2212 510 δὲ
2255 459 2530 530 ἀληθινὸς,
2563 459 2753 525 σώζεις
2775 460 2900 524 τοὺς
2937 460 3256 525 ἐλπίζοντας
3281 460 3375 515 ἐπὶ
3406 459 3486 516 σέ.

2143 722 2509 788 Ἐπίὸλεψον
2539 721 2630 774 ἐπ’
2659 721 2784 788 ἐμὲ,
2837 723 2932 776 καί
2962 723 3228 790 ἐλέησόν
3272 742 3368 793 με.
3400 717 3566 788 Οὗτος
3605 726 3634 778 ὁ

2061 811 2239 880 στίχος
2259 815 2432 865 κεῖται
2461 814 2550 866 καὶ
2572 813 2628 865 ὲν
2653 813 2730 883 τῷ
2754 812 2830 866 κδ’
2848 813 3070 884 ψαλμῷ.

2129 903 2239 968 Δὸς
2311 903 2376 957 τὸ
2437 903 2653 972 κράτος
2697 905 2826 972 σουξ
2877 903 2957 970 τῷ
2999 906 3167 960 παιδί
3206 922 3344 962 σου.
3380 907 3454 961 Τδ
3483 907 3636 977 παρὰ

2060 994 2153 1046 σοῦ
2197 995 2396 1065 κράτος
2442 996 2582 1049 κατὰ
2624 997 2730 1050 τῶν
2786 997 3016 1068 ἐχθρῶν.
3044 997 3201 1051 Παιδὶ
3243 997 3320 1064 δὲ,
3348 999 3424 1069 τῷ
3461 998 3638 1067 δούλῳ

2059 1104 2173 1142 σου.

2127 1179 2232 1233 Καὶ
2286 1178 2494 1234 σῶσον
2548 1181 2654 1234 τὸν
2685 1182 2819 1235 υἱὸν
2848 1181 2952 1250 τῆς
2993 1182 3324 1250 παιδίσκης
3351 1197 3487 1236 σου.
3523 1181 3640 1250 Τῆς

2056 1271 2248 1342 δούλης
2282 1291 2395 1326 σου.
2440 1273 2724 1343 Ἐμφαίνει
2749 1274 2804 1326 δὲ
2836 1274 2917 1327 ὅτι
2943 1276 3008 1326 ἐκ
3043 1274 3326 1345 προγόνων
3354 1273 3502 1327 ἐστὶν
3547 1273 3641 1326 εὐ-

2059 1365 2244 1434 σεϐής.

2127 1455 2394 1520 Ποίησον
2422 1458 2548 1524 μετ’
2581 1456 2726 1525 ἐμοῦ
2754 1457 3005 1526 σημεῖον
3053 1459 3140 1524 εις
3191 1459 3437 1526 ἀγαθόν.
3485 1457 3640 1510 Ἐπί-

2059 1544 2149 1608 θες
2183 1564 2273 1614 μοι
2302 1547 2590 1617 γνώρισμα
2621 1550 2700 1612 εἰς
2732 1549 2963 1616 ἀγαθὸν,
2985 1550 3165 1602 εττουν
3202 1549 3427 1617 ἀγαθὸν,
3467 1547 3645 1602 καθά·

2057 1655 2164 1708 περ
2194 1641 2312 1702 ταῖς
2364 1640 2568 1702 οἰκίαις
2607 1639 2714 1693 τῶν
2763 1640 3058 1711 Ἐϐραίων,
3115 1641 3206 1695 ὅτε
3268 1639 3642 1712 ὠλοθρεύοντο

2059 1732 2125 1784 τὰ
2151 1732 2674 1806 πρωτότοκα..”Εστι
2713 1734 2820 1803 γὰρ
2859 1736 3084 1803 σημεῖον
3119 1734 3216 1787 καὶ
3259 1735 3338 1796 εἰς
3378 1733 3638 1803 πονηρὸν,

2060 1822 2134 1885 ὡς
2165 1821 2410 1876 ὲπιτεθὲν
2443 1823 2518 1894 τῷ
2547 1823 2716 1878 Ka'ti'v'
2750 1826 2845 1878 καὶ
2871 1825 2978 1894 γὰρ
3011 1823 3070 1877 τὸ
3117 1824 3217 1895 μὲν
3237 1825 3343 1878 τῶν
3371 1824 3642 1894 Ἐὕραίων

2060 1914 2249 1983 ἐδήλου
2273 1914 2537 1986 φυλακὴν,
2571 1916 2632 1968 τὸ
2663 1915 2720 1968 δὲ
2753 1915 2845 1969 τοῦ
2871 1916 3011 1970 Κάῖν
3037 1917 3208 1987 ὀργὴν
3235 1916 3394 1970 Θεοῦ.

386 2003 615 2058 iuCaiu.
660 2005 794 2059 Nam
844 2008 1197 2062 Hebraeorum
1248 2009 1465 2080 signum
1519 2008 1829 2063 custodiam
1879 2022 1942 2061 ac
1983 2007 2376 2076 protectionem
2455 2009 2694 2064 divinam
2748 2009 3056 2075 indicabat,
3115 2009 3253 2065 illud
3336 2017 3520 2064 autem
3578 2007 3635 2062 in

387 2100 545 2167 Cain,
585 2104 720 2156 iram
758 2102 876 2157 Dei.

453 2193 522 2248 Et
546 2195 888 2264 videant,‘qui
925 2196 1147 2250 oderunt
1180 2211 1280 2257 me,
1310 2204 1357 2248 et
1381 2195 1796 2265 confundantur,
1821 2213 1954 2265 quo-

384 2291 529 2342 niam
557 2298 637 2354 tu,
673 2288 910 2354 Domine,
947 2288 1201 2356 adjuvisti
1235 2306 1330 2353 me,
1359 2299 1408 2343 et
1435 2288 1737 2343 consolatus
1764 2306 1817 2343 es
1853 2306 1948 2342 me.

2130 2198 2234 2251 Καὶ
2271 2194 2562 2250 ίδέτωσαν
2581 2196 2637 2248 oi
2656 2192 2984 2263 μισοῦντές
3013 2209 3110 2262 με,
3169 2191 3267 2246 καὶ
3306 2192 3646 2263 αἰσχυνθή-

2057 2305 2279 2350 τωσαν,
2317 2287 2405 2340 ὅτι
2426 2286 2529 2353 σὺ,
2563 2285 2760 2354 Κύριε,
2799 2283 3136 2351 ἐϐοήθησάς
3191 2301 3313 2354 μοι,
3368 2281 3468 2336 καὶ
3525 2299 3644 2336 πα·-

385 2376 532 2433 Ordo
560 2379 617 2431 fit
656 2394 753 2447 per
789 2378 1130 2446 hyperbaton
1171 2397 1183 2431 :
1224 2378 1289 2430 Et
1325 2379 1545 2432 videant
1590 2380 1683 2448 qui
1715 2379 1952 2433 oderunt

2062 2379 2394 2446 ρέκαλεσάς
2419 2396 2515 2448 με.
2572 2377 2710 2432 Καθ’
2760 2377 3068 2448 ὑπερϐατὸν
3108 2379 3139 2447 ἠ
3205 2374 3478 2440 σύνταξις.
3526 2377 3644 2429 Καὶ

386 2483 492 2531 me,
516 2467 660 2536 quod
688 2475 770 2530 tu,
800 2466 1050 2532 Domine,
1070 2465 1322 2532 adjuvisti
1344 2482 1449 2530 me,
1477 2476 1529 2521 et
1556 2468 1869 2522 consolatus
1893 2482 1952 2521 es

385 2573 500 2624 me;
537 2565 590 2612 et
629 2556 956 2612 erubescant
983 2556 1060 2609 illi
1104 2563 1266 2624 atque
1310 2557 1709 2611 confundantur
1735 2596 1750 2620 ,
1783 2557 1955 2611 veluti

389 2650 588 2705 devicti
628 2664 691 2702 ac
725 2647 994 2718 superati.
1044 2648 1135 2718 (Et
1180 2648 1481 2703 secundum
1534 2648 1681 2702 hunc
1733 2663 1957 2704 sensum

387 2742 675 2813 legendum
723 2749 806 2798 est
838 2759 850 2794 :
881 2740 1038 2807 Quod
1081 2752 1164 2804 tu,
1221 2739 1470 2805 Domine,
1522 2756 1632 2796 non
1672 2741 1956 2810 quoniam.

391 2834 566 2888 Dictio
595 2833 738 2888 enim
769 2832 982 2900 Graeca,
1008 2832 1110 2896 ὅτι,
1139 2839 1431 2902 utramque
1459 2840 1638 2903 potest
1665 2832 1956 2888 lectionem

388 2926 681 2998 recipere.)

753 3017 914 3073 Filiis
945 3019 1077 3073 Core
1118 3019 1353 3086 psalmus
1383 3019 1600 3072 cantici.

847 3110 1166 3166 PSALMUS
1204 3109 1487 3164 LXXXVI.

460 3203 538 3259 De
591 3203 715 3258 ﬁliis
747 3201 885 3257 Core
913 3202 967 3255 in
1000 3201 1269 3270 prooemio
1299 3201 1483 3270 operis
1519 3201 1726 3256 dictum
1759 3211 1863 3258 est.
1890 3202 1952 3257 In

384 3295 492 3350 hoc
517 3300 696 3348 autem
731 3292 940 3361 psalmo
972 3299 1024 3346 et
1079 3292 1280 3346 Christi
1315 3292 1594 3355 nativitas,
1628 3300 1682 3347 et
1713 3293 1958 3363 gentium

388 3387 539 3442 salus
568 3393 752 3455 aperte
786 3383 1126 3452 praedicitur.

456 3477 624 3531 Vens.
658 3477 714 3530 2.
757 3475 1130 3530 Fundamenta
1171 3474 1284 3542 ejus
1335 3476 1387 3526 in
1441 3476 1700 3531 montibus
1740 3477 1957 3530 sanctis.

387 3569 685 3638 Cujusnatn
739 3569 898 3635 ejus?
935 3569 1137 3623 Christi
1169 3568 1424 3623 nimirum
1464 3585 1480 3622 :
1514 3577 1678 3638 atque
1715 3570 1954 3624 hocma-

388 3662 646 3718 nifestius
689 3663 746 3715 fit
769 3675 836 3714 ex
882 3661 1065 3716 verbis
1097 3661 1206 3715 illis
1236 3699 1252 3726 ,
1309 3677 1429 3730 quae
1475 3662 1638 3730 paulo
1691 3669 1815 3731 post
1873 3675 1961 3715 se-

390 3763 633 3824 quuntur
667 3772 680 3806 :
719 3753 892 3808 Mater
925 3753 1052 3807 Sion
1073 3795 1087 3819 ,
1115 3754 1248 3808 dicet
1274 3753 1426 3808 homo
1454 3795 1467 3818 ,
1515 3763 1563 3807 et
1615 3753 1768 3806 homo
1801 3761 1958 3806 natus

390 3848 542 3902 estin
573 3863 655 3912 ea,
686 3855 734 3901 et
754 3847 865 3915 ipse
887 3845 1122 3915 fundavit
1159 3863 1272 3901 eam
1306 3848 1359 3899 in
1412 3847 1688 3901 sa'culum.
1744 3845 1962 3900 Fundao

394 3947 576 3995 menta
602 3949 783 3994 autem
815 3938 1064 4002 Christi,
1103 3939 1355 4008 dogmata
1399 3939 1487 3992 illa
1523 3946 1689 4004 sunt,
1735 3954 1855 4008 qua:
1893 3937 1963 3991 de

392 4031 616 4088 Christo
649 4032 966 4087 traduntur.
991 4030 1116 4086 Haec
1137 4033 1336 4086 etenim
1366 4032 1616 4101 dogmata
1633 4031 1792 4084 bases
1815 4043 1963 4098 qure-

393 4121 516 4176 dam
552 4130 699 4186 sunt,
730 4136 824 4177 seu
857 4122 1074 4177 radices
1100 4122 1222 4177 ﬁdei
1259 4123 1606 4176 Christianae.
1641 4121 1765 4176 Ilaec
1796 4121 1963 4190 igitur

390 4213 718 4270 Christiana:
752 4214 874 4269 fidei
901 4211 1420 4284 fundamentajacla
1465 4223 1590 4268 sunt
1639 4213 1693 4266 in
1737 4219 1963 4281 aposto-

391 4306 484 4370 lis,
517 4321 654 4375 quos
682 4299 951 4375 Propheta
988 4306 1093 4360 hoc
1120 4305 1240 4360 loco
1268 4312 1489 4360 sanctos
1523 4311 1733 4358 montes
1780 4302 1964 4373 appel-

2061 2476 2317 2528 ίδέτωσαν
2355 2473 2402 2528 οἱ
2439 2469 2724 2541 μισοῦντές
2768 2486 2858 2538 με,
2893 2471 2974 2524 ὅτι
3008 2472 3094 2535 σὺ,
3143 2469 3338 2537 Κύριε,
3401 2467 3641 2537 ἐϐοήθη-

2063 2565 2161 2627 σὰς
2191 2583 2280 2633 μοι
2307 2564 2401 2617 καὶ
2434 2563 2819 2634 παρεκάλεσάς
2847 2579 2914 2631 με
2939 2578 2953 2590 ’
3010 2561 3104 2614 καί
3162 2559 3634 2630 αἰσχυνθήτωσαν,

2056 2659 2131 2719 ὡς
2162 2658 2488 2726 ἡττώμενοι.
2535 2652 2888 2724 Παράκλησιν
2927 2651 2982 2705 δὲ
3030 2651 3269 2706 ἐνταῦθα
3335 2651 3485 2720 λέγει
3538 2650 3644 2722 τὴν

2055 2747 2438 2818 ψυχαγωγίαν.

2365 3017 2491 3082 Τοῖς
2524 3014 2676 3080 υἱοῖς
2695 3013 2865 3081 Κορὲ,
2889 3010 3135 3080 Wuqu
3161 3009 3342 3079 ᾠδῆς.
3365 3009 3367 3011 ’

2613 3105 2909 3160 mmo}:
2940 3101 3081 3172 uq'.

2135 3198 2364 3268 Εῐρηται
2413 3194 2544 3266 περὶ
2589 3193 2798 3248 τούτων
2847 3197 2905 3248 ἐν
2957 3192 3037 3262 τῷ
3087 3189 3359 3264 προοιμίῳ
3411 3189 3510 3259 τῆς
3555 3187 3640 3259 βε.

2065 3291 2211 3345 6λου.
2277 3286 2650 3361 Προαγορεύει
2705 3287 2763 3341 δὲ
2822 3288 2849 3340 ὁ
2896 3287 3112 3358 ψαλμδς
3168 3286 3268 3356 τὴν
3314 3283 3422 3355 πρὸ
3471 3282 3640 3336 αὐτοῦ

2063 3383 2313 3452 γέννησιν
2347 3381 2438 3434 καὶ
2467 3380 2564 3450 τὴν
2595 3379 2704 3432 τῶν
2733 3379 2902 3433 ἐθνῶν
2952 3377 3248 3448 σωτηρίαν.

2135 3475 2200 3527 Oi
2234 3471 2490 3540 θεμέλιοι
2540 3469 2730 3523 αὐτοῦ
2763 3469 2834 3523 ὲν
2873 3468 2997 3534 τοῖς
3041 3467 3206 3536 ὄρεσι
3260 3466 3387 3531 τοῖς
3424 3467 3638 3534 ἁγίοις.

2063 3563 2262 3630 Αὑτοῦ,
2296 3562 2441 3624 τίνος
2481 3577 2496 3625 ;
2550 3559 2804 3630 Δηλονότι
2849 3559 2944 3613 τοῦ
3000 3556 3262 3628 Χριστοῦ.
3321 3558 3432 3610 Καὶ
3480 3555 3640 3610 τοῦτο

2063 3654 2341 3726 γνώριμον
2387 3653 2495 3709 ἀπὸ
2543 3653 2644 3723 τῆς
2677 3650 2877 3721 ἐφεξῆς
2917 3649 3239 3714 ἀκολουθίας
3264 3648 3392 3702 τοῦ·
3425 3647 3636 3714 Μήτηρ

2063 3746 2242 3808 Σιὼν,
2294 3745 2420 3814 ἐρεῖ
2456 3745 2786 3814 ἄνθρωπος,
2840 3743 2938 3798 καί
2988 3743 3302 3810 ἅνθρωπος
3343 3739 3636 3810 ἐγεννήθη

2063 3837 2326 3907 ἑναὺτῇ,
2366 3837 2465 3893 καὶ
2511 3839 2691 3903 αὐτὸς
2736 3835 3134 3905 ἑθεμελίωσεν
3179 3833 3374 3902 αὐτὴν
3413 3833 3498 3895 εις
3531 3830 3640 3882 τὸν

2065 3933 2271 3986 αἰῶνα.
2314 3929 2649 4002 Θεμέλιοιδὲ
2692 3928 2787 3983 τοῦ
2845 3927 3106 3994 Χριστοῦ,
3158 3927 3229 3980 τὰ
3281 3924 3412 3994 περὶ
3466 3919 3636 3974 αὑτοῦ

2065 4023 2344 4092 δόγματα”
2376 4021 2546 4075 ταῦτα
2576 4021 2685 4090 γὰρ
2743 4019 3024 4087 ὑπὸὅαθρα
3077 4016 3173 4070 καὶ
3231 4014 3358 4085 ῥίζα
3405 4013 3503 4080 τῆς
3557 4013 3640 4072 εἰς
3719 4008 3729 4020 ’

2064 4118 2298 4187 Χριστὸν
2345 4117 2601 4178 πίστεως.
2636 4106 2795 4167 Οὗτοι
2822 4106 2916 4166 οὖν
2949 4109 3190 4180 θεμέλιοί
3227 4110 3383 4168 εἰσιν,
3430 4107 3486 4158 ὲν
3524 4107 3638 4167 τοῖς

2065 4208 2385 4269 ἀποστόλοις
2461 4204 2934 4273 καταϐεϐλημένοι
2972 4220 2983 4232 ·
3043 4201 3263 4261 τούτους
3334 4199 3443 4267 γὰρ
3505 4196 3666 4268 ἅγια.-

2066 4299 2165 4370 ὅρη
2213 4299 2307 4352 νῦν
2348 4298 2637 4352 ἐκάλεσεν·
2697 4297 2799 4366 ὅρη
2842 4295 2958 4366 μὲν,
3015 4295 3091 4358 ὡς
3127 4293 3387 4364 στεῤῥοὺς
3425 4291 3503 4351 si;
3544 4291 3638 4339 πί-

391 4399 488 4452 lal.
524 4397 736 4452 Montes
768 4397 987 4467 quidem
1029 4396 1194 4451 veluti
1231 4395 1400 4451 fortes
1449 4412 1513 4452 ac
1553 4405 1871 4451 constantes
1906 4396 1956 4450 in

2069 4409 2206 4454 στιν,
2243 4393 2340 4444 καὶ
2393 4390 2468 4452 ὡς
2519 4388 2866 4459 ἐπηρμένους
2905 4387 3088 4455 πάσης
3125 4385 3334 4455 γεηρᾶς
3382 4383 3478 4436 καὶ
3507 4380 3640 4451 χθα-

395 4491 517 4556 fide,
543 4498 596 4546 et
629 4498 887 4559 tanquam
917 4489 985 4543 ab
1029 4489 1178 4543 omni
1229 4496 1448 4543 terreno
1534 4496 1699 4557 atque
1767 4487 1958 4542 humili

393 4587 534 4634 statu
566 4580 847 4644 clevatos;
888 4580 972 4634 vel
1011 4575 1198 4646 etiam,
1232 4579 1360 4648 quia
1392 4579 1536 4633 sicut
1576 4578 1774 4634 terreni
1804 4593 1959 4634 mon-

391 4679 476 4724 tes
502 4669 844 4724 densissimis
872 4668 1015 4738 pleni
1048 4676 1177 4724 sunt
1205 4683 1492 4724 nemorum
1525 4668 1815 4724 arboribus
1839 4708 1853 4731 ,
1885 4667 1960 4721 ita

394 4771 448 4816 et
481 4760 558 4814 illi
592 4761 980 4829 multiplicibus
1017 4760 1197 4815 referti
1233 4768 1362 4817 sunt
1394 4762 1653 4814 virtutum
1704 4760 1962 4830 genuini-

393 4853 516 4907 bus.
553 4849 785 4905 Sanctos
823 4866 950 4906 vero
979 4854 1258 4920 apostolos
1300 4853 1574 4922 appellat,
1613 4862 1670 4906 ut
1699 4867 1840 4920 sarpe
1871 4851 1961 4904 di-

392 4945 598 5011 ximus,
634 4944 796 4998 veluti
822 4944 1191 5000 sanctificatos
1263 4959 1328 5000 ac
1382 4945 1589 5000 dicatos
1658 4945 1808 5009 Deo,
1862 4959 1957 4998 seu

394 5045 652 5106 tanquam
687 5045 878 5093 sancto
911 5036 1118 5107 Spiritu
1161 5037 1372 5106 plenos.
1401 5037 1702 5092 Possumus
1750 5047 1806 5092 et
1850 5038 1960 5093 alio

393 5129 576 5192 modo,
597 5144 693 5198 per
707 5127 1058 5184 fundamenta
1075 5129 1304 5191 Christi,
1329 5129 1606 5199 apostolos
1623 5128 1956 5197 intelligere:

393 5218 742 5273 fundamenta
787 5220 1005 5290 quidem
1050 5219 1219 5274 veluti
1271 5219 1536 5290 principia
1580 5219 1956 5274 :edilicationis

396 5310 647 5367 Ecclesia:
669 5311 905 5366 fidelium
940 5329 955 5365 :
990 5319 1044 5364 et
1073 5311 1274 5365 Christi
1300 5311 1676 5376 fundamenta,
1696 5312 1953 5380 quoniam

393 5403 460 5456 ab
492 5404 608 5471 ipso
639 5403 767 5471 jacti
804 5403 1207 5473 quodammodo
1239 5411 1402 5473 atque
1432 5405 1485 5456 in
1511 5419 1646 5471 opus
1695 5403 1955 5458 submissi

393 5500 539 5546 sunt.
574 5492 815 5546 Fuerunt
842 5503 1018 5546 autem
1052 5495 1104 5547 hi
1129 5495 1362 5562 apostoli
1397 5495 1450 5571 in
1492 5494 1770 5548 montibus
1826 5508 1958 5547 san-

393 5585 518 5644 etis,
546 5583 600 5636 in
636 5581 765 5638 Sion
796 5584 1053 5636 nimirum
1084 5593 1244 5652 atque
1280 5585 1333 5638 in
1374 5572 1612 5648 Thabor,
1639 5595 1690 5638 et
1718 5586 1772 5640 in
1832 5585 1955 5640 aliis

383 5673 668 5748 ‘montibus
693 5713 709 5741 ,
761 5675 854 5743 qui
901 5690 1010 5745 pra:
1048 5677 1255 5731 caeteris
1287 5676 1490 5731 Christi
1538 5678 1955 5735 conversatione

2070 4485 2246 4556 μαλῆς
2273 4482 2656 4548 πίστεως,,κα“ι
2709 4482 2786 4544 ὡς
2840 4477 3300 4548 πεπυκνωμένους
3345 4477 3464 4537 ταῖς
3503 4474 3632 4541 ἀρε-

2064 4579 2218 4642 ταῖς·
2253 4576 2442 4644 ἁγίους
2486 4573 2563 4640 δὲ,
2618 4574 2693 4637 ὡς
2743 4572 3168 4642 ἀφωσιωμένους
3214 4567 3292 4631 τῷ
3343 4567 3484 4636 Θεῷ,
3539 4567 3637 4618 καὶ

2065 4669 2140 4731 ὡς
2166 4669 2478 4737 Πνεῦματος
2530 4667 2688 4734 ἁγίου
2741 4664 3226 4733 πεπληρωμένους.
3262 4662 3418 4714 Ἔστι
3455 4658 3511 4712 δὲ
3541 4657 3638 4712 καὶ

2065 4760 2240 4824 ἄλλως
2286 4760 2458 4812 εἰπεῖν
2505 4757 2789 4828 Θεμελίους
2843 4755 2936 4809 τοῦ
2993 4754 3232 4826 Χριστοῦ
3270 4753 3468 4816 αὐτοὺς
3511 4753 3637 4814 τοὺς

2065 4851 2435 4915 ἀποστόλους·
2471 4850 2758 4920 θεμελίους
2795 4851 2914 4920 μὲν,
2966 4850 3040 4912 ὡς
3104 4849 3277 4919 ἀρχὰς
3331 4846 3425 4900 καὶ

2064 4962 2187 5007 τους
2241 4947 2339 5014 τῆς
2393 4943 2682 5013 οἰκοδομῆς
2737 4946 2834 5012 τῆς
2890 4941 3214 5011 Ἐκκλησίας
3253 4939 3359 4994 τῶν
3395 4939 3634 4991 πιστῶν

2062 5035 2157 5088 τοῦ
2191 5033 2430 5105 Χριστοῦ
2477 5035 2555 5100 δὲ,
2599 5034 2674 5098 ὡς
2723 5033 2866 5104 παρ’
2913 5033 3079 5088 αὑτοῦ
3129 5030 3632 5099 ὑποϐεϐλημένους·

2063 5130 2258 5191 οἵτινες
2295 5123 2433 5198 ἦσαν
2494 5127 2554 5180 ἐν
2596 5128 2711 5190 τοῖς
2761 5127 2910 5195 ὄρεσι
2953 5127 3066 5186 τοῖς
3125 5123 3339 5190 ἁγίοις,
3379 5123 3498 5190 ἦτοι
3558 5119 3635 5188 τῷ

2063 5220 2201 5273 Σιὼν
2233 5219 2325 5272 καὶ
2361 5217 2579 5289 Θαὸὼρ,
2633 5219 2862 5280 καὶτοῖς
2890 5216 3069 5278 ἄλλοις
3102 5215 3260 5268 ἅτινα
3293 5213 3634 5284 ἡγιάσθησαν

2067 5312 2301 5382 μάλιστα
2358 5313 2424 5381 τῇ
2490 5311 2551 5377 ὲν,
2603 5311 2786 5373 αὐτοῖς
2854 5311 3168 5378 ἀναστροφῇ
3229 5306 3324 5360 τοῦ
3372 5303 3631 5377 Χριστοῦ.

2061 5403 2196 5456 Φασὶ
2249 5402 2302 5454 δέ
2327 5419 2472 5464 τινες
2500 5400 2784 5471 θεμελίους
2814 5400 3051 5454 νοεῖσθαι
3097 5399 3189 5452 τοῦ
3239 5397 3476 5468 Χριστοῦ
3533 5396 3632 5458 τὰς

2064 5497 2189 5565 περὶ
2244 5492 2481 5563 Χριστοῦ
2522 5495 2854 5565 προρρήσεις
2907 5492 3015 5545 τῶν
3049 5491 3275 5558 πιστῶν,
3335 5491 3408 5554 ὡς
3458 5491 3633 5559 ἀρχὰς

2059 5590 2156 5658 τῆς
2177 5587 2314 5656 κατὰ
2349 5586 2581 5657 Χριστὸν
2626 5585 2885 5648 πίστεως.
2919 5587 3062 5656 ’Ὁρη
3117 5585 3226 5654 γὰρ
3260 5583 3390 5652 ἆγια
3437 5585 3531 5637 καὶ
3579 5582 3631 5633 ot

2063 5677 2360 5752 προφῆται,
2417 5676 2506 5731 διὰ
2554 5675 2612 5730 τὸ
2670 5675 2800 5745 ὕψος
2861 5675 2958 5747 τῆς
3001 5673 3340 5747 προφητείας
3388 5671 3484 5728 καὶ
3538 5673 3631 5728 τὸν
