4082 6230
379 268 489 333 885

1514 271 1720 332 COMM
1733 273 1903 335 ENT.
1957 275 2036 335 IN
2103 275 2233 336 PSA
2245 277 2345 334 LM
2353 276 2464 335 OS.

3517 275 3662 338 'iiSi’r~

383 384 654 456 ἁγιασμδν
704 384 797 439 τοῦ
853 385 1195 456 προφητικοῦ
1268 385 1603 456 πνεύματος,
1673 388 1966 459 δηλοῦντος

2080 389 2376 445 sanctiores
2407 389 2588 445 cll‘ecti
2617 403 2738 444 esse
2771 389 3050 444 videntur.
3086 387 3263 458 Aliqui
3289 385 3648 440 fundamenta

383 479 477 532 τοῦ
512 479 804 548 νοήματος,
845 480 926 531 ὅτι
957 478 1125 549 ἀρχαὶ
1157 481 1256 549 τῆς
1285 481 1426 532 κατὰ
1455 480 1690 550 Χριστὸν
1737 481 1972 543 πίστεως

385 571 444 622 ιν
466 572 580 633 τοῖς
610 571 918 640 προφήταις
955 565 1118 640 ἦσαν.

385 679 493 716 non
531 665 806 720 immerito
845 664 1121 734 prophetae
1151 665 1260 719 dici
1295 673 1549 736 possunt,
1579 675 1804 735 propter
1873 666 2176 734 prophetia:
2253 666 2646 721 sublimitatem
2673 709 2688 732 ,

2081 481 2282 536 Christi
2316 483 2632 552 prophetias
2667 482 2733 536 de
2773 482 2992 536 Christo
3022 480 3352 549 intelligunt,
3386 487 3644 545 tanquam

2071 573 2401 629 Christianae
2434 575 2556 629 lidei
2614 574 2906 644 principia.
2957 573 3175 627 Dfontes
3220 573 3423 626 etenim
3471 573 3648 626 saneti

2771 675 2824 722 et
2871 674 3093 736 propter
3163 664 3648 744 sanctiﬁcationcm

388 755 559 811 sancti
594 754 830 824 Spiritus
856 796 870 820 ,
925 756 1002 808 ita
1035 764 1096 810 ut
1136 772 1333 812 sensus
1369 760 1475 822 sit,
1516 758 1660 828 quod
1691 758 1957 828 principia
2001 760 2124 815 ﬁdei
2150 763 2480 818 Christianae
2509 764 2620 817 sint
2647 764 2702 818 in
2737 765 3042 834 prophetis.

471 847 696 917 Ἀγαπᾷ
733 851 951 917 Κύριος
995 851 1101 917 τὰς
1127 853 1326 916 πύλας
1359 851 1511 912 Σιὼν
1559 851 1712 919 ὑπὲρ
1771 853 1968 906 πάντα

389 940 460 992 τὰ
513 940 875 1006 σκηνώματα
921 940 1149 996 Ἰακώϐ.
1219 942 1489 1006 Ἐδίδαξεν
1534 945 1680 1013 ἡμᾶς
1720 945 1747 996 6
1796 943 1971 1012 μέγας

390 1029 602 1090 Παῦλος
654 1024 796 1082 εἶναι
843 1049 966 1084 τινα
1010 1031 1151 1086 Σιὼν
1203 1035 1548 1101 ἐπουράνιον,
1614 1035 1706 1086 καί
1765 1033 1966 1103 Ἰερου-

392 1118 573 1190 σαλὴ-μ.
613 1120 955 1188 ἐπουράνιον,
996 1123 1096 1194 τὴν
1130 1125 1188 1176 ὲν
1238 1123 1453 1194 οὐρανῷ
1500 1125 1774 1178 πολιτείαν
1821 1124 1965 1181 οὕτω

390 1211 647 1274 καλέσας.
682 1213 898 1281 Ταύτης
925 1215 1017 1269 οὖν
1051 1218 1149 1286 τῆς
1204 1217 1342 1270 Σιὼν
1391 1217 1566 1279 πύλας
1600 1218 1818 1286 νοήσεις
1870 1218 1968 1280 τὰς

393 1303 532 1355 κατὰ
563 1303 728 1356 τόπον
766 1305 1113 1374 Ἐκκλησίας,
1149 1307 1222 1370 ὡς
1255 1309 1559 1377 εἰρήκαμεν
1608 1310 1664 1361 ὲν
1716 1308 1793 1378 τῷ
1822 1308 1966 1362 τέλει

390 1395 485 1446 τοῦ
508 1395 585 1464 οβ’
617 1396 832 1466 ψαλμοῦ
853 1411 868 1426 ⁵
893 1398 961 1460 ἃς
989 1399 1180 1467 ἀγαπᾷ
1224 1399 1448 1470 Κύριος,
1492 1401 1837 1469 προτιμήσας
1873 1417 1972 1452 παι

392 1483 501 1536 σῶν
531 1485 640 1537 τῶν
673 1485 879 1540 πόλεων
901 1487 994 1541 τοῦ
1035 1489 1431 1560 Ἰσραηλιτικοῦ
1484 1491 1695 1558 γένους.
1749 1490 1971 1562 Σκηνώ-

394 1593 540 1645 ματα
572 1577 681 1647 γὰρ
705 1579 762 1632 αἱ
788 1581 993 1646 πόλεις,
1028 1581 1060 1651 ἢ
1098 1584 1192 1636 καὶ
1233 1582 1568 1652 σκηνώματα
1612 1583 1758 1647 ίδίως
1813 1584 1976 1636 καλεῖ

391 1667 491 1737 τήν
523 1685 578 1721 τε
629 1670 830 1740 Σηλὼμ
881 1672 976 1725 καὶ
1022 1672 1122 1742 τὴν
1173 1673 1444 1745 αἰσθητὴν
1500 1674 1880 1745 Ἰερουσαλὴμ,
1913 1676 1971 1727 ἐν

2144 854 2329 924 Diligit
2368 855 2621 910 Dominus
2650 866 2833 926 portas
2869 855 3000 910 Sion
3054 871 3216 924 super
3262 855 3442 909 omnia
3473 855 3656 907 taber-

2071 947 2262 998 nacula
2295 943 2484 1001 Iacob.
2516 945 2743 1017 Magnus
2777 946 2981 1001 Paulus
3028 962 3129 1001 nos
3184 947 3374 1000 docuit
3415 947 3459 978 "
3485 947 3653 1000 cmlc—

2068 1045 2204 1090 stem
2240 1039 2530 1106 quamdam
2568 1055 2689 1094 esse
2719 1039 2873 1102 Sion,
2933 1047 2988 1094 et
3022 1037 3317 1108 quamdam
3381 1053 3503 1092 esse
3535 1051 3654 1090 coe—

2067 1133 2255 1186 lestetu
2288 1131 2615 1198 Jerusalem,
2645 1133 2748 1188 hoc
2785 1143 2942 1202 pacto
2975 1133 3456 1188 conversationem
3495 1132 3650 1184 illam

2064 1226 2398 1293 exprimens,
2428 1242 2551 1294 qum
2596 1228 2648 1278 iu
2683 1227 2826 1281 caelo
2856 1237 2962 1282 est.
2998 1227 3108 1280 llac
3147 1227 3356 1279 ratione
3402 1240 3496 1294 per
3524 1239 3653 1293 por-

2065 1322 2147 1366 tas
2181 1311 2306 1366 Sion
2337 1353 2352 1378 ,
2391 1313 2668 1368 Ecelesias
2700 1329 2890 1366 omnes
2929 1313 3165 1366 ﬁdelium
3226 1313 3500 1382 intelliges
3531 1326 3654 1379 qttte

2064 1404 2118 1456 in
2157 1403 2326 1457 variis
2363 1412 2492 1456 sunt
2523 1405 2671 1458 orbis
2705 1406 2946 1474 partibus
2970 1445 2984 1467 ,
3016 1413 3074 1458 ut
3133 1405 3376 1458 diximus
3437 1403 3490 1457 itt
3549 1403 3656 1457 (ine

2064 1495 2259 1566 psalmi
2291 1510 2457 1549 Lxxu.
2496 1495 2606 1549 Has
2637 1495 2838 1549 etenim
2871 1504 3060 1564 portas
3103 1496 3370 1551 Dominus
3429 1495 3610 1562 diligit
3632 1533 3662 1553 ..

2065 1590 2119 1638 et
2153 1585 2425 1640 universis
2473 1584 2784 1640 Iudaeorum
2835 1585 3151 1638 civitatibus
3179 1601 3274 1639 eas
3323 1585 3644 1654 praeposuit.

2066 1674 2170 1731 Per
2204 1675 2556 1732 tabernacula
2615 1677 2760 1730 enim
2823 1675 2970 1746 ipsas
3031 1675 3342 1730 Jtttlal'm‘tlnt
3399 1676 3654 1729 civitates

391 1753 481 1822 αῖς
537 1761 846 1832 ἐσκήνωσεν
902 1766 934 1836 ή
994 1764 1246 1832 κιϐωτὸς,
1287 1765 1360 1830 ὡς
1416 1767 1476 1821 ὲν
1525 1765 1603 1836 τῷ
1646 1764 1733 1830 ος¹
1765 1766 1967 1837 ψαλμῷ

2080 1767 2477 1838 intelligimus:
2526 1769 2609 1822 vel
2661 1769 2834 1838 ipsam
2898 1768 3303 1838 particulariter
3353 1765 3506 1831 Silo,
3563 1776 3657 1820 aut

393 1856 738 1928 προείρηται.

465 2144 881 2216 Δεδοεασμένα
919 2148 1188 2218 ἐλαλήθη
1213 2149 1345 2217 περὶ,
1385 2148 1522 2210 σοῦ,
1573 2148 1615 2214 ἦ
1653 2149 1830 2214 πόλις
1862 2147 1978 2202 τοῦ

395 2233 562 2288 Θεοῦ.
612 2236 877 2300 Ἀκούσας
906 2240 933 2291 6
965 2241 1252 2310 προφήτης
1286 2241 1437 2311 παρὰ
1467 2239 1560 2294 τοῦ
1606 2239 1765 2307 ἁγίου
1799 2239 1971 2293 Ilvati-

398 2343 588 2395 ματος,
621 2329 702 2381 ὅτι
727 2332 754 2382 6
785 2329 915 2393 Θεὸς
969 2332 1061 2385 ἐπὶ
1093 2333 1191 2402 τῆς
1238 2335 1599 2404 Ἰερουσαλὴμ
1647 2333 1969 2402 ὀφθήσεται,

395 2419 631 2482 καὶτοῖς
679 2422 989 2492 ἀνθρώποις
1030 2427 1634 2494 συναναστραφήσεται,
1681 2426 1778 2478 καὶ
1801 2426 1971 2496 ὑπερ-

393 2509 712 2577 εκπλαγεὶς,
762 2512 1026 2582 ἀνεϐόησε
1083 2514 1218 2584 πρὸς
1249 2515 1434 2572 αὑτὸν,
1479 2515 1560 2567 ὅτι
1595 2517 1825 2582 Μεγάλαι
1877 2515 1973 2568 καὶ

393 2596 683 2667 θαυμαστὰ
709 2600 946 2671 ἐλαλήθη
982 2619 1072 2671 μοι
1105 2605 1232 2673 περὶ
1266 2605 1382 2669 σοῦ,
1423 2598 1466 2657 ὦ
1498 2605 1652 2668 πόλις
1674 2605 1768 2657 τοῦ
1807 2605 1966 2658 Θεοῦ.

392 2688 551 2752 Πόλις
581 2689 636 2742 δὲ
667 2690 759 2744 τοῦ
787 2691 922 2744 Θεοῦ
952 2693 1117 2763 αὕτη,
1153 2696 1248 2747 καὶ
1275 2695 1351 2757 ὡς
1380 2695 1546 2748 πάλαι
1574 2696 1651 2763 τῷ
1682 2695 1800 2764 Θεῷ
1831 2696 1970 2748 ἁναά

388 2778 629 2843 τεθεῖσα,
659 2781 751 2834 καὶ
796 2781 870 2844 ὡς
906 2781 1134 2854 ὕστερον
1192 2785 1269 2856 τῷ
1321 2786 1542 2855 Χριστῷ
1581 2785 1966 2858 ἀφορισθεῖσα,

390 2869 480 2925 διὰ
509 2871 575 2926 τὰ
599 2873 657 2928 ὲν
683 2874 821 2947 αὐτῇ
853 2875 1002 2946 πάθη
1028 2877 1122 2932 καὶ
1150 2878 1243 2932 τὸν
1269 2878 1439 2948 τάφον
1479 2877 1666 2933 αὑτοῦ.

2075 1865 2388 1912 terrestrem
2411 1855 2740 1922 Jerusalem,
2767 1858 2820 1910 in
2846 1859 3046 1927 quibus
3075 1858 3492 1914 tabernaculum
3525 1873 3652 1912 cum

2076 1959 2202 1999 arca
2240 1945 2708 2011 commorabatur,
2740 1947 3200 2015 quemadmodum
3261 1947 3315 2000 in
3369 1955 3657 2016 septuage-

2074 2035 2215 2091 simo
2245 2035 2482 2106 septimo
2509 2037 2723 2106 psalmo
2751 2038 3097 2092 tradidimus.

2147 2146 2317 2202 Vens.
2353 2149 2405 2202 3.
2439 2147 2690 2202 Gloriosa
2715 2147 2862 2201 dicta
2893 2157 3014 2202 sunt
3049 2148 3114 2199 de
3154 2157 3201 2201 te
3224 2188 3238 2213 ,
3293 2147 3482 2201 civitas
3538 2145 3657 2200 Dei.

2081 2240 2216 2294 Cum
2251 2239 2361 2307 jam
2393 2239 2642 2292 audisset
2675 2236 2949 2307 Propheta
2983 2253 3010 2289 a
3038 2248 3227 2291 saneto
3252 2235 3483 2305 Spiritu,
3511 2234 3656 2304 quod

2082 2330 2227 2386 Deus
2261 2331 2314 2386 in
2341 2329 2648 2386 Jerusalem
2681 2331 2948 2384 videndus
2979 2336 3118 2390 erat,
3153 2338 3206 2380 et
3239 2326 3387 2396 quod
3422 2341 3656 2380 convcr-

2079 2431 2308 2477 saturus
2331 2430 2481 2476 esset
2503 2436 2624 2475 cum
2651 2419 2988 2480 hominibus,
3018 2416 3504 2486 stuporequodatn
3533 2429 3660 2469 cor-

2079 2524 2266 2585 reptus
2300 2529 2713 2583 conversusque
2751 2513 2816 2567 ad
2841 2514 3011 2580 ipsam
3041 2511 3345 2566 Jerusalem
3381 2509 3659 2572 clamavit,

2077 2601 2266 2656 dicens
2313 2620 2328 2656 :
2364 2602 2554 2672 Magna
2598 2613 2761 2670 atque
2809 2600 3142 2654 admiranda-
3184 2599 3431 2667 quasdam
3498 2598 3673 2662 mihi,

2071 2706 2104 2745 ο
2128 2691 2217 2747 Dei
2245 2693 2460 2757 civitas,
2491 2691 2557 2746 de
2601 2699 2654 2746 te
2687 2693 2830 2746 dicta
2854 2701 3001 2745 sunt.
3033 2690 3317 2747 Civitatem
3359 2698 3536 2744 autem
3565 2687 3669 2742 Dei,

2074 2797 2193 2839 eam
2220 2783 2474 2854 appeUat,
2509 2781 2635 2852 quia
2659 2781 2863 2849 jamdiu
2891 2781 2999 2835 Deo
3027 2780 3206 2833 fuerat
3228 2779 3429 2844 dicata,
3457 2787 3508 2833 et
3533 2779 3663 2847 quia

2079 2876 2264 2928 denuo
2318 2873 2423 2942 ipsi
2494 2873 2737 2932 Christo,
2812 2873 2916 2925 hoc
2951 2880 3057 2934 est,
3096 2870 3240 2924 illius
3303 2870 3548 2939 passioni
3610 2880 3666 2927 et

2089 2963 2385 3036 sepulturae
2415 2971 2533 3017 emt
2562 2961 2816 3016 dicenda.

463 3085 911 3155 Μνησθήσομαι
955 3087 1142 3142 Ῥαὰό
1179 3087 1277 3141 καί
1328 3089 1690 3155 Βαϐυλῶνος
1727 3089 1852 3154 τοῖς
1895 3106 1975 3159 γι-

2162 3082 2334 3137 Vens.
2361 3082 2418 3135 ι.
2459 3080 2664 3135 Memor
2687 3096 2775 3134 ero
2812 3078 3018 3139 Rhaab,
3050 3088 3100 3132 et
3141 3077 3430 3148 Babylonis
3461 3092 3661 3146 cogno-

393 3174 706 3229 νώσκουσί
727 3193 823 3244 με.
882 3165 1168 3248 Προσώπῳ
1213 3179 1312 3248 μὲν
1344 3179 1437 3232 τοῦ
1485 3179 1744 3249 Σωτῆρος
1805 3181 1976 3232 ἐκπε-

397 3263 645 3332 φώνηται
683 3259 836 3330 οὗτος
865 3269 892 3319 ὁ
925 3267 1116 3334 λόγος·
1152 3271 1488 3339 προφητεύει
1533 3271 1589 3323 δὲ
1642 3272 1722 3322 ὃτι
1751 3272 1814 3322 ἐκ
1849 3270 1977 3322 πολ-

396 3356 504 3411 λῶν
528 3357 715 3421 ἐθνῶν,
752 3359 846 3412 καὶ
896 3360 956 3424 ἐξ
1010 3361 1191 3415 αὐτῶν
1227 3363 1400 3432 δήπου
1457 3362 1563 3413 τῶν
1612 3361 1974 3414 δυσσεϐεστέ-

404 3468 534 3521 ρων,
567 3454 601 3522 ή
668 3453 966 3522 Ἐκκλησία
1009 3456 1376 3526 συστήσεται·
1437 3455 1524 3507 διὰ
1583 3457 1682 3524 μὲν
1736 3455 1844 3524 γὰρ
1876 3454 1978 3524 τῆς

409 3535 580 3590 Ῥαὰϐ
640 3541 765 3605 τοὺς
816 3542 1159 3606 Χαναναίους
1216 3543 1472 3615 ᾐνίξατο·
1516 3545 1797 3598 Χαναναία
1866 3545 1977 3613 γὰρ

401 3626 569 3699 αὕτη·
619 3631 1039 3687 δυσσεϐέστατοι
1081 3633 1142 3686 δὲ
1193 3636 1284 3689 καὶ
1321 3637 1372 3688 οἱ
1429 3638 1727 3689 Χαναναῖοι
1783 3637 1879 3690 καὶ
1928 3636 1984 3688 οι

405 3719 762 3779 Βαϐυλώνιοι.
815 3719 950 3778 Εἶτα
994 3726 1290 3794 καταλέγει
1349 3731 1442 3779 καὶ
1497 3727 1632 3780 ἄλλα
1677 3727 1804 3798 ἔθνη
1869 3744 1983 3781 τοις

359 3865 371 3886 ._
403 3811 565 3872 αὕτα.
595 3813 705 3866 Καὶ
737 3815 1108 3882 γινώσκοντας
1135 3816 1235 3888 μὲν
1278 3818 1386 3889 γὰρ
1416 3817 1567 3886 λέγει
1599 3819 1724 3881 τοὺς
1758 3818 1982 3871 πιστεύ·

368 3919 641 3966 .σαντας·
694 3904 902 3958 ἔστιδὲ
946 3909 975 3959 ό
1019 3906 1145 3972 νοῦς
1193 3909 1456 3972 τοιοῦτος,
1509 3910 1591 3962 ὅτι
1639 3909 1728 3979 Τῷ
1787 3913 1987 3981 συστή-

349 4068 353 4072 .
410 4009 542 4061 ματι
575 3994 683 4047 τῶν
725 3999 1153 4062 πιστευσάντων,
1187 4002 1408 4070 μνήμης
1449 3999 1665 4065 ἀξιώσω
1699 4001 1793 4054 καὶ
1822 4001 1986 4056 τούσ-

403 4083 486 4146 δε,
525 4087 616 4139 καὶ
643 4087 852 4154 eodem,
892 4090 1157 4155 τουτέστι,
1209 4093 1483 4162 φροντίσω
1537 4094 1632 4146 καὶ
1665 4093 1871 4160 αὐτῶν,
1903 4096 1981 4158 ώς

405 4177 631 4232 πιστῶν.
665 4179 820 4243 Τινὲς
848 4181 903 4234 δὶ
944 4182 1115 4236 Ῥαὰϐ
1153 4185 1253 4255 τὴν
1303 4185 1567 4255 Ἀραϐίαν
1619 4187 1772 4256 φασί.

2080 3176 2347 3231 scentibus
2375 3190 2472 3228 me.
2506 3172 2826 3226 Ell'ereudtts
2856 3181 2937 3224 est
2966 3170 3054 3224 hic
3093 3185 3277 3224 sermo
3326 3185 3391 3224 ex
3455 3169 3668 3222 Christi

2081 3282 2334 3340 persona,
2361 3275 2413 3322 et
2445 3265 2712 3336 praedicit,
2741 3263 2886 3332 quod
2929 3261 3173 3317 Ecclesia
3214 3278 3290 3315 ex
3341 3261 3664 3329 multiplici-

2081 3361 2186 3415 bus
2216 3369 2331 3413 erat
2361 3358 2608 3429 gentium
2647 3355 2964 3409 nationibus
3024 3353 3408 3423 congreganda
3432 3392 3448 3415 ,
3501 3359 3666 3419 atque

2084 3449 2190 3506 illis
2219 3449 2439 3519 quidem
2471 3447 2602 3500 olim
2634 3445 2838 3513 impiis.
2869 3442 2971 3497 Per
3026 3441 3215 3494 llltaab
3266 3440 3464 3494 etenim
3519 3439 3666 3492 Cha-

2084 3554 2306 3597 nattaaos
2346 3539 2649 3608 signiﬁcat.
2678 3537 2986 3591 Cltananma
3036 3536 3180 3588 enim
3229 3530 3406 3585 fuerat
3453 3531 3662 3585 ltltaab.

2089 3631 2383 3687 Chanattzei
2411 3644 2540 3684 vero
2572 3628 2814 3681 omnium
2849 3627 3068 3678 fuerunt
3121 3623 3450 3691 impiissitui.
3487 3621 3665 3674 Simili

2090 3723 2251 3778 modo
2276 3731 2328 3776 ct
2372 3717 2703 3788 Babylonii,
2750 3725 2803 3770 ct
2832 3716 2950 3768 alia:
3000 3723 3192 3782 gentes
3219 3751 3234 3776 ,
3288 3724 3427 3780 quas
3477 3709 3668 3764 statim

2091 3821 2474 3870 connumerat.
2502 3809 2606 3863 Per
2645 3815 3040 3881 cognoscentes
3087 3812 3266 3857 autem
3321 3817 3379 3855 sc
3409 3840 3424 3865 ,
3477 3799 3664 3856 lldcles

2092 3913 2255 3975 atque
2287 3904 2340 3958 in
2371 3917 2429 3956 se
2459 3899 2740 3956 Christum
2791 3897 3082 3951 credentes
3132 3909 3326 3948 omnes
3385 3889 3666 3958 intelligit.

2091 4001 2150 4056 1n
2173 4015 2232 4055 ea
2267 3998 2432 4068 igitur
2463 3993 2706 4050 lidelium
2735 3989 3184 4062 congregatione.
3219 3988 3308 4056 qui
3343 3986 3395 4039 in
3428 3999 3514 4038 me
3547 3997 3668 4037 cre-

2088 4094 2351 4157 diderint,
2386 4105 2484 4160 ego
2520 4101 2726 4142 memor
2747 4099 2844 4141 ero
2890 4083 3082 4137 Bltaab
3110 4121 3123 4143 .
3153 4091 3205 4135 et
3232 4076 3526 4150 Babylonis
3561 4114 3576 4140 ,
3611 4082 3668 4127 et

2095 4187 2365 4248 aliorum,
2398 4183 2490 4253 qui
2541 4185 3052 4240 connumerantur,
3108 4175 3210 4226 hoc
3259 4179 3379 4232 est,
3421 4184 3522 4238 ego
3570 4180 3667 4221 eos

405 4271 667 4325 memoria
695 4272 886 4342 dignos
921 4274 1118 4329 faciam
1141 4314 1156 4338 ,
1190 4276 1564 4348 praeclaraque
1611 4295 1800 4332 eorum
1831 4277 1975 4332 facta
2015 4277 2271 4332 ﬁdelibus
2295 4276 2759 4331 commemorabo.
2784 4271 2904 4332 Vel.
2940 4263 3126 4325 curam
3188 4281 3378 4322 eorum
3439 4263 3670 4325 habebo,

405 4359 637 4418 sollicite
666 4365 913 4435 cogitans
938 4368 1004 4423 de
1032 4369 1100 4424 iis
1156 4377 1417 4440 tanquam
1449 4386 1548 4440 pro
1595 4371 1810 4426 dilectis
1853 4371 2126 4426 ﬁdelibus.
2155 4372 2334 4439 Aliqui
2374 4385 2465 4439 per
2508 4369 2699 4422 thaab
2733 4365 2991 4420 Arabiam
3024 4363 3355 4430 intelligunt.

449 4473 583 4539 ‘Kai
647 4486 780 4541 ίδοὺ
841 4490 1205 4559 ἀλλόφυλοι,
1261 4494 1362 4546 καί
1427 4495 1626 4562 Τύρος,
1679 4494 1778 4546 καὶ
1833 4493 1975 4559 λαὸς

2163 4491 2295 4544 Ecce
2331 4491 2656 4560 alienigena',
2694 4497 2742 4542 et
2772 4485 2962 4556 Tyrus,
2992 4493 3040 4537 et
3063 4481 3286 4552 populus
3319 4477 3657 4540 /Ethiopum,

405 4577 525 4632 τῶν
581 4580 887 4636 Αἰθιόπων.
955 4579 1131 4638 Οὗτοι
1194 4585 1612 4654 ἐγεννήθησαν
1669 4586 1810 4642 ἐκεῖ.
1878 4587 1987 4640 Καὶ

407 4667 715 4738 ἀλλόφυλοι,
767 4673 863 4724 xui.
922 4673 1145 4742 Τύριοι,
1214 4675 1309 4727 καὶ
1349 4675 1624 4740 Αἰθίοπες,
1671 4678 1984 4748 ἐτάχθησαν

409 4761 544 4826 ἐκεῖ,
573 4761 752 4815 εῐτουν
782 4763 841 4816 ὲν
867 4765 933 4834 τῇ
964 4763 1124 4832 Σιὼν,
1156 4765 1189 4836 ῆ
1218 4767 1272 4817 ἐν
1295 4768 1418 4830 ταῖς
1464 4769 1658 4832 πύλαις
1687 4771 1782 4839 τῆς
1819 4769 1979 4832 Σιὼν,

405 4852 480 4916 ώς
523 4855 759 4924 εἴρηται,
797 4856 830 4927 ἢ
869 4859 926 4910 ὲν
955 4862 1070 4922 τοῖς
1102 4861 1432 4927 γινώσκουσι
1480 4862 1570 4914 τὸν
1602 4864 1736 4916 Θεόν
1763 4880 1777 4896 ο
1817 4863 1878 4915 τὸ
1901 4863 1980 4928 δὲ,

419 4941 893 5014 Ἐγεννήθησαν,
933 4950 1313 5019 Ἐτάχθησαν
1361 4952 1624 5016 ἐξέδωκεν
1661 4954 1689 5005 ὁ
1730 4955 1982 5016 Ἀκύλας.

422 5039 655 5108 Ὁμοίως
712 5043 768 5096 δὲ
820 5045 916 5098 καὶ
955 5045 984 5097 6
1029 5044 1347 5116 Σύμμαχος.
1390 5047 1733 5118 Ἐτάχθησαν
1784 5050 1840 5101 δὲ
1896 5049 1982 5102 διὰ

409 5134 719 5203 γεννήσεως
765 5133 860 5188 τοῦ
909 5135 1056 5189 θείου
1110 5137 1508 5208 βαπτίσματος.
1566 5139 1883 5208 Περιττεύει
1927 5140 1982 5193 δὲ

408 5223 486 5287 τὸ,
529 5223 706 5289 Ἰδοὺ,
742 5226 883 5280 κατὰ
929 5228 990 5280 τὸ
1023 5228 1216 5298 ἰδίωμα
1268 5233 1368 5298 τῆς
1411 5227 1692 5297 Ἐϐραῖδος
1723 5230 1978 5299 γραφῆς·

407 5313 503 5367 καὶ
530 5314 594 5367 τδ
636 5310 800 5371 οὗτοι
821 5317 876 5371 δὲ
915 5318 1187 5386 παρέλκον
1216 5317 1380 5371 δοκεῖ.
1408 5318 1773 5371 Συντάσσεται
1804 5319 1860 5371 δὲ
1887 5319 1982 5372 καὶ

407 5403 577 5470 οὕτως
597 5423 611 5438 ³
644 5407 752 5462 Καὶ
785 5408 936 5472 ιόοὺ,
966 5410 1087 5462 ἀντὶ
1113 5408 1228 5473 τοῦ,
1262 5409 1371 5461 Καὶ
1415 5408 1624 5473 λοιπδν,
1651 5403 1795 5463 οὗτοι
1824 5411 1978 5476 ἐγεν-

410 5494 655 5564 νήθησαν
685 5499 818 5553 ἐκεῖ.
851 5499 1007 5562 Τίνες
1035 5491 1206 5565 οὗτος
1257 5499 1588 5568 Ἀλλόφυλοι,
1642 5501 1738 5554 καὶ
1769 5499 1978 5568 Τύριοι,

510 5700 555 5735 ³⁸
581 5699 742 5756 Hebr.
775 5717 871 5769 xu,
907 5701 998 5753 29..

2087 4586 2140 4638 Ιιὶ
2170 4585 2405 4654 generati
2428 4591 2549 4637 sunt
2580 4583 2713 4635 illic.
2759 4577 3088 4646 Alienigena:
3139 4571 3267 4643 Tyri
3297 4612 3310 4634 ,
3362 4578 3415 4624 et
3449 4567 3669 4623 Ᾰέιιιῑο-

2090 4691 2206 4746 pes.
2241 4675 2352 4728 nati
2382 4683 2512 4730 sunt
2547 4674 2600 4727 in
2633 4672 2789 4732 Sion.
2825 4669 2906 4722 vel
2945 4669 2998 4721 in
3041 4666 3214 4736 portis
3263 4662 3431 4724 Sion,
3477 4670 3538 4715 ttt
3583 4659 3671 4712 die

2087 4775 2234 4821 cttttn
2268 4775 2350 4818 est
2378 4807 2392 4828 ,
2426 4766 2507 4820 vel
2549 4765 2601 4817 iu
2632 4761 3096 4835 cognoscentibus
3127 4757 3319 4810 Deum.
3356 4753 3487 4807 Nam
3520 4750 3665 4821 quod

2089 4857 2226 4912 LXX
2251 4856 2932 4916 dixeruntGeneratisnnt,
2966 4847 3352 4920 Symmachus,
3387 4853 3442 4899 et
3475 4841 3669 4911 Aquila

2087 4949 2463 5010 reddiderunt,
2495 4944 2629 4998 Nati
2655 4954 2800 4998 sunt.
2840 4943 2958 4996 Nati
2992 4947 3174 4994 autem
3203 4944 3354 4996 sunt,
3391 4949 3488 5004 per
3519 4931 3665 4987 sacri

2087 5041 2435 5109 baptismatis
2455 5037 2946 5107 regenerationem.
2975 5029 3230 5086 Abundat
3259 5037 3438 5079 autem
3475 5023 3668 5080 dictio.

2083 5151 2217 5198 ecce,
2264 5134 2420 5201 juxta
2463 5131 2662 5185 idioma
2717 5129 3071 5183 Ilebraicum.
3127 5122 3302 5177 Dictio
3331 5119 3522 5178 etiam,
3577 5115 3672 5173 Iti,

2088 5227 2366 5282 abundare
2394 5225 2510 5295 pari
2554 5223 2716 5277 modo
2746 5221 2983 5274 videtttr.
3020 5216 3169 5271 Ordo
3202 5221 3383 5266 tamen
3411 5207 3497 5261 hic
3549 5219 3672 5259 esse

2090 5332 2269 5392 potest
2303 5340 2316 5375 :
2352 5317 2489 5372 Ecce
2513 5317 2566 5370 hi
2595 5313 2836 5387 generati
2887 5316 3018 5365 sunt
3078 5308 3231 5369 illic;
3284 5309 3338 5356 et
3390 5301 3436 5357 si
3472 5298 3674 5392 quaeris

2088 5389 2311 5481 quinam
2344 5410 2454 5463 sint
2486 5407 2536 5460 hi
2573 5424 2587 5458 :
2627 5405 2777 5468 Ecce,
2814 5399 3016 5468 inquit,
3047 5395 3357 5464 alienigena
3391 5401 3440 5446 et
3476 5389 3674 5460 Tyrus,

2086 5513 2139 5559 ct
2173 5518 2292 5573 quae
2342 5508 2666 5571 sequuntur.
2723 5495 2796 5550 De
2848 5487 3173 5559 alienigenis
3223 5486 3432 5540 dictum
3483 5491 3568 5538 est
3617 5481 3676 5536 iu
