4082 6230
473 305 579 368 8'87

1685 321 2069 384 EUTHYMII
2111 326 2470 386 ZIGABENI

3618 341 3725 404 883

471 426 685 490 psalmo
718 442 937 492 Lxxxu;
972 431 1053 483 hae
1086 438 1269 485 autem
1303 444 1514 502 gentes,
1564 451 1685 504 quae
1716 437 1805 493 hic
1831 455 2025 494 connu-

2150 445 2244 498 καὶ
2270 446 2336 499 τὰ
2387 447 2532 515 ἑξῆς.
2566 448 2702 517 Περὶ
2738 448 2834 517 μὲν
2867 450 2960 502 οὖν
2991 451 3100 505 τῶν
3152 451 3469 520 ἀλλοῳύλων
3521 458 3736 525 εἴρηται

475 530 775 582 morantur,
804 528 1123 574 canterarum
1161 524 1406 577 omnium
1441 565 1454 587 ,
1491 537 1550 580 ut
1598 527 1836 586 diximus
1867 572 1881 595 ,
1949 534 2047 586 im-

470 613 726 678 piissima:
753 624 931 668 erant.
968 613 1022 667 Si
1058 616 1225 684 igitur
1257 625 1363 671 tam
1400 619 1580 688 impia:
1609 631 1796 692 gentes
1826 626 2046 680 Christo

467 701 756 755 creditura:
785 714 953 769 sunt,
981 714 1188 774 quanto
1221 709 1392 780 magis
1453 725 1642 767 omnes
1694 715 1813 770 aliae
1861 717 2044 773 minus

468 794 642 858 impne
674 797 835 848 etiam
868 798 916 850 ei
947 800 1176 852 credent
1205 801 1229 853 ?

538 884 697 936 Vens.
734 886 787 939 5.
838 886 1012 941 Mater
1057 889 1204 952 Sion,
1243 892 1378 945 dicet
1415 894 1590 950 homo.
1642 899 1928 956 Manil‘este
1977 917 2040 957 ac

464 977 642 1043 palam
693 981 956 1047 praedicit,
991 984 1134 1051 quod
1203 1000 1268 1038 ex
1319 1003 1648 1060 quacunque
1697 1005 1859 1061 gente
1917 995 2040 1064 quis

464 1068 741 1136 ingressus
775 1072 939 1127 fuerit
974 1075 1026 1128 in
1053 1076 1181 1129 Sion
1204 1118 1218 1140 ,
1253 1079 1396 1133 dicet
1421 1120 1436 1142 ,
1484 1085 1628 1152 quod
1689 1085 1819 1139 Sion
1862 1098 2038 1142 mater

459 1171 565 1214 est.
592 1162 934 1234 Snbintelligi
961 1169 1103 1221 enim
1140 1169 1299 1225 debet
1331 1173 1497 1226 dictio
1522 1185 1620 1228 est.
1657 1176 1825 1231 Mater
1852 1188 2034 1233 autem

462 1249 582 1303 ideo
612 1254 917 1319 appellatur
969 1254 1125 1321 Sion,
1151 1259 1278 1327 quia
1311 1274 1616 1329 regenerat,
1660 1273 1719 1318 ut
1745 1265 1984 1322 diximus
2019 1287 2030 1321 :

457 1342 539 1394 vel
573 1343 697 1410 quia
726 1343 1167 1402 Christianorum
1195 1365 1256 1403 ac
1291 1353 1664 1427 sp'ritnalium
1716 1358 2033 1426 dogmatum

459 1432 582 1485 cibo
612 1433 796 1490 ﬁdeles
825 1453 1014 1493 omnes
1052 1442 1215 1495 veluti
1255 1442 1341 1509 pia
1385 1453 1557 1499 mater
1585 1448 1699 1502 alit.
1740 1448 1833 1503 Vel
1859 1461 2035 1505 mater

458 1524 806 1591 appellatur,
865 1537 1128 1598 tanquam
1179 1535 1454 1589 amabilis.
1509 1537 1586 1590 Ea
1639 1541 1842 1592 etenim
1894 1541 2030 1596 nihil

459 1616 682 1669 suavius
714 1657 726 1679 ,
757 1626 851 1671 aut
882 1622 1174 1677 amabilius
1208 1633 1309 1680 est.
1347 1625 1488 1681 Vere
1531 1630 1732 1699 quippe
1779 1635 2031 1688 amabilis

458 1715 543 1758 est
575 1705 811 1761 Ecclesia
846 1709 912 1765 iis
945 1713 1034 1778 qui
1085 1714 1136 1767 in
1167 1730 1286 1769 eam
1321 1718 1725 1787 ingrediuntur,
1775 1738 1840 1777 eo
1885 1726 2028 1794 quod

458 1792 530 1846 ibi
557 1808 917 1856 conversatus
948 1807 1352 1860 estseeundum
1389 1825 1610 1865 carnem
1637 1811 1893 1868 Christus
1930 1814 2034 1868 Do-
2072 1803 2112 1856 Β

458 1888 664 1951 minus,
697 1892 789 1959 qui
823 1892 1002 1947 locum
1033 1900 1471 1954 conversationis
1496 1915 1608 1954 suae
1641 1905 2032 1958 sanctilicavit.

531 1985 600 2038 Et
629 1988 780 2042 homo
812 2000 970 2045 natus
999 2003 1073 2045 est
1105 1995 1156 2047 in
1190 2011 1270 2048 ea.
1307 1995 1420 2049 lloc
1448 1998 1511 2050 ad
1545 1999 1749 2053 Christi
1796 2017 2032 2067 genera-

455 2075 656 2132 tionem
689 2082 986 2150 pertinent,
1017 2087 1107 2153 qui
1141 2086 1282 2139 intra
1314 2086 1570 2142 Ecclesiae
1591 2091 1855 2145 terminos
1875 2102 2036 2146 natus

453 2176 535 2221 est
572 2185 585 2220 :
615 2170 888 2238 Christus,
930 2175 1176 2244 inquam,
1204 2177 1297 2246 qui
1323 2194 1482 2233 verus
1513 2180 1673 2236 homo
1703 2182 1824 2247 fuit,
1868 2193 1921 2238 ct
1942 2187 2034 2252 qui

456 2261 720 2333 integram
754 2265 1110 2323 humanitatis
1138 2270 1458 2339 dignitatem
1497 2274 1736 2326 servavit
1773 2292 1785 2326 :
1839 2290 2030 2330 verum

456 2367 523 2404 ne
553 2353 761 2405 nudum
798 2355 1072 2410 hominem
1099 2368 1346 2426 putares,
1375 2361 1472 2415 sed
1507 2360 1676 2416 Deum
1721 2362 1926 2431 pariter
1979 2376 2032 2419 et

455 2442 731 2496 hominem
761 2459 1138 2513 cognosceres,
1170 2448 1374 2502 addidit
1411 2467 1423 2500 :

526 2532 592 2585 Et
619 2533 727 2600 ipse
754 2534 993 2602 fundavit
1021 2555 1136 2591 eam
1170 2541 1494 2596 Altissimus.
1531 2543 1594 2596 Et
1641 2546 1728 2599 ille
1752 2587 1765 2611 ,
1805 2547 1979 2618 inquit
2012 2590 2026 2612 ,

450 2625 542 2693 qui
577 2626 629 2678 in
655 2640 716 2680 ea
751 2638 915 2683 natus
948 2638 1050 2693 est,
1096 2641 1155 2684 ut
1187 2633 1370 2696 homo,
1425 2635 1566 2690 idem
1622 2639 1712 2692 ille
1746 2640 1814 2694 ab
1867 2641 2026 2696 initio

449 2733 568 2770 eam
605 2719 874 2786 fundavit,
912 2722 1073 2776 veluti
1111 2731 1268 2778 terra:
1295 2741 1356 2780 ac
1386 2729 1509 2782 (ξωιὶ
1540 2739 1779 2793 creator,
1827 2734 1919 2801 qui
1952 2735 2028 2786 al-

451 2811 699 2866 tissimus
729 2821 832 2876 est,
861 2822 1120 2884 tanquam
1149 2816 1311 2872 Deus.

523 2901 683 2958 Vsus.
703 2905 758 2959 6.
783 2905 1040 2962 Dominus
1059 2912 1299 2963 narrabit
1323 2913 1374 2964 in
1399 2915 1665 2983 scriptura
1683 2921 2019 2987 populorum,

441 3003 490 3046 et
525 2996 818 3063 principum
848 2997 1053 3068 (torum,
1085 3001 1174 3068 qui
1200 3004 1434 3070 generati
1468 3014 1592 3058 sunt
1627 3007 1680 3060 in
1710 3025 1792 3062 ea.
1821 3009 1866 3061 A
1897 3025 2021 3078 pro-

2156 538 2212 588 ἐν
2244 537 2320 604 τῷ
2341 536 2428 606 πβ¹
2457 539 2679 609 ψαλμῷ.
2714 540 2898 593 Πάντα
2924 542 2978 594 δὲ
3009 543 3073 596 τὰ
3097 544 3556 616 ἀπαριθμηθέντα
3607 549 3734 619 ἔθνη

2155 628 2495 699 ἀσεϐέστερα
2550 632 2642 684 καὶ
2687 630 3128 703 παρανομώτερα
3186 635 3294 688 τῶν
3349 637 3522 690 ἄλλων
3569 634 3732 707 ἦσαν.

2153 720 2214 771 Εἰ
2240 720 2295 773 δὲ
2325 721 2393 774 τὰ
2416 722 2641 775 τοιαῦτα
2695 723 2826 794 ἔθνη
2870 725 3282 792 πιστεύσουσιν,
3317 728 3496 799 πολλῷ
3533 731 3735 800 μᾶλλον

2153 807 2338 861 fana
2349 850 2361 863 .

2227 902 2433 971 Μήτηρ
2483 905 2654 970 Σιὼν,
2698 906 2824 973 ἐρεῖ
2852 907 3184 974 ἅνθρωπος.
3242 910 3585 982 Προφητεύει
3627 931 3729 968 σα-

2150 996 2285 1064 φῶς,
2319 997 2400 1048 ὅτι
2449 997 2736 1067 ἄνθρωπος
2766 1001 2829 1052 ὲκ
2870 1000 3068 1061 παντὸς
3114 1001 3324 1068 ἔθνους,
3363 1004 3442 1066 είς
3463 1004 3563 1075 τὴν
3595 1005 3732 1059 Σιὼν

2149 1088 2339 1150 ἐλθὼν,
2384 1091 2519 1159 ἐρεῖ,
2577 1091 2659 1143 ὅτι
2693 1092 2879 1162 μήτηρ
2915 1093 3063 1146 ἐστὶν
3101 1096 3132 1165 ἡ
3185 1097 3351 1150 Σιών.
3381 1098 3572 1152 Λείπει
3623 1101 3732 1171 γὰρ

2146 1179 2207 1231 τὸ
2251 1178 2452 1234 Ἔστί’
2484 1183 2667 1252 μήτηρ
2718 1183 2772 1235 δέ
2819 1185 2990 1245 ἐστιν,
3035 1185 3110 1247 ὡς
3142 1187 3512 1256 ἀναγεννῶσα,
3547 1191 3735 1255 καθὼς

2147 1271 2404 1340 ἀνωτέρω
2437 1272 2778 1342 διελόιϐομεν,
2811 1276 2905 1328 καὶ
2938 1276 3014 1340 ὡς
3049 1279 3390 1348 ἐκτρέφουσα
3432 1284 3545 1345 τοῖς
3600 1286 3733 1350 περὶ

2144 1363 2383 1432 Χριστοῦ
2436 1365 2730 1433 δόγμασιν·
2795 1367 2826 1437 ἢ
2886 1370 3072 1440 μήτηρ
3121 1371 3307 1433 πάλιν,
3351 1375 3427 1436 ὠς
3461 1374 3685 1446 ποθεινὴ
3714 1394 3729 1408 ·

2147 1455 2354 1525 μητρὸς
2394 1456 2502 1526 γὰρ
2553 1456 2708 1509 οὐδὲν
2766 1457 3173 1529 ποθεινότερονο
3214 1461 3436 1532 ποθεινὴ
3479 1463 3587 1533 γὰρ
3644 1465 3734 1518 ὅν-

2142 1565 2250 1610 τως
2277 1551 2390 1611 τοῖς
2419 1549 2498 1611 είς
2521 1548 2690 1619 αὐτὴν
2724 1550 3041 1619 ἐρχομένοις
3086 1553 3224 1617 ἐστὶ,
3265 1554 3355 1607 διὰ
3392 1555 3454 1608 τὸ
3493 1557 3549 1610 ὲν
3586 1559 3731 1628 αὐτῇ

2142 1639 2519 1709 πολιτευθῆναι
2581 1639 2720 1693 κατὰ
2768 1642 2944 1712 σάρκα
2996 1642 3086 1696 τὸν
3138 1645 3414 1716 Δεσπότην
3464 1648 3729 1716 Χριστὸν,

2144 1732 2233 1784 καὶ
2270 1731 2494 1799 ἁγιάσαι
2523 1732 2644 1794 τοὺς
2677 1733 2873 1795 τόπους
2907 1734 3004 1813 τῆς
3029 1736 3376 1808 ἀναστροφῆς
3413 1739 3599 1792 αὑτοῦ.

2214 1996 2323 2048 Καὶ
2361 1995 2675 2063 ἅνθρωπος
2729 1999 3027 2067 ἐγεννήθη
3076 2000 3147 2054 ἐν
3176 2001 3353 2069 αὐτῇ.
3381 2003 3553 2057 Τοῦτο
3595 2007 3729 2076 περὶ

2142 2088 2240 2156 τῆς
2271 2087 2362 2140 τοῦ
2396 2087 2636 2156 Χριστοῦ
2669 2092 2998 2159 γεννήσεως,
3035 2092 3116 2146 ὅτι
3141 2093 3195 2146 ἐν
3215 2097 3326 2156 τοῖς
3353 2095 3523 2165 ὁρίοις
3553 2097 3729 2169 αὐτῆς

2141 2178 2404 2246 ἐγεννήθη
2433 2178 2721 2248 ἄνθρωπος
2765 2181 2956 2244 ὅντως.
2996 2183 3071 2246 ὠς
3121 2184 3364 2252 φυλάξας
3400 2186 3462 2239 τὸ
3499 2188 3725 2258 ἀξίωμα

2137 2268 2238 2336 τῆς
2273 2269 2714 2340 ἀνθρωπότητος.
2757 2271 2875 2324 Ἵνα
2915 2273 2971 2325 δὲ
3026 2274 3174 2347 δείξῃ
3207 2278 3291 2329 ὅτι
3338 2278 3438 2332 οὑκ
3466 2276 3534 2348 ἦν
3565 2281 3727 2349 ψιλὸς

2136 2359 2442 2432 ἄνθρωπος,
2485 2363 2603 2415 ἀλλ’
2642 2364 2931 2434 ἄνθρωπος
2959 2366 3096 2435 ὁμοῦ
3133 2371 3223 2423 καὶ
3255 2369 3407 2438 Θεὸς,
3445 2375 3722 2444 ἐπήγαγεο

2203 2542 2314 2596 Καὶ
2359 2542 2540 2608 αὐτὸς
2591 2543 2987 2612 ἐθεμελίωοέν
3051 2549 3249 2616 αὐτὴν
3289 2554 3322 2605 ό
3391 2552 3717 2622 "mutatae.

2133 2627 2243 2680 Καὶ
2271 2628 2435 2691 αὐτὸς
2463 2629 2491 2680 6
2516 2631 2575 2683 ὲν
2596 2632 2733 2702 αὐτῇ
2770 2635 3050 2704 γεννηθεὶς
3071 2637 3144 2702 ὡς
3179 2640 3487 2711 ἄνθρωπος,
3524 2647 3717 2710 αὐτὸς,

2131 2719 2317 2786 φησὶν,
2354 2719 2718 2790 ἐθεμελίωσεν
2749 2724 2919 2796 αὐτὴν
2976 2729 3100 2780 κατ’
3139 2731 3336 2800 ἀρχὰς,
3371 2734 3446 2797 ὡς
3487 2741 3720 2809 ποιητὴς

2129 2809 2362 2878 ούρανοῦ
2400 2812 2493 2864 καὶ
2522 2813 2647 2883 γῆς,
2681 2815 2710 2865 6
2743 2813 2819 2868 ὢν
2852 2817 3096 2885 ὕψιστος,
3137 2820 3211 2884 ὡς
3238 2822 3395 2885 Θεός.

2197 2903 2410 2970 Κύριος
2431 2905 2780 2974 διηγήσεται
2805 2909 2875 2962 ἐν
2890 2909 3090 2980 γραφῇ
3103 2911 3271 2966 λαῶν
3291 2916 3384 2968 καὶ
3405 2915 3717 2985 ἀρχόντων

2127 2997 2580 3066 γεγεννημένων
2631 3001 2702 3054 ἐν
2746 3003 2924 3071 αὐτῇ.
2993 3004 3053 3058 ὐ
3111 3007 3349 3076 Χριστὸς
3392 2999 3595 3078 διδάξει
3645 3015 3715 3068 τὰ

443 3087 729 3154 phetarum
760 3089 1066 3159 Scripturis
1097 3093 1350 3147 Christus
1393 3097 1576 3149 munia
1609 3098 1829 3152 docebit
1855 3139 1868 3162 ,
1898 3077 2025 3168 qua:

2132 3089 2263 3158 περὶ
2321 3091 2544 3155 ἑαυτοῦ,
2581 3092 2689 3145 ἀπὸ
2719 3095 2818 3164 τῆς
2850 3095 3095 3166 Γραφῆς,
3129 3098 3330 3169 δηλαδὴ
3366 3101 3464 3170 τῆς
3494 3077 3714 3172 προφη-

442 3175 507 3228 ad
541 3193 600 3230 se
629 3179 885 3245 pertinet.
917 3181 1005 3232 Ait
1037 3182 1182 3235 enim
1212 3182 1386 3237 Lucas
1417 3200 1429 3234 :
1467 3183 1534 3236 Et
1574 3188 1802 3241 traditus
1853 3199 1926 3242 est
1971 3191 2024 3244 ei

442 3267 571 3320 liber
602 3266 765 3321 Isaia:
795 3271 1062 3336 prophetae
1083 3311 1096 3334 ,
1138 3281 1188 3325 et
1234 3273 1494 3341 explicato
1521 3275 1653 3329 libro
1675 3320 1688 3342 ,
1723 3280 1916 3333 invenit
1947 3281 2024 3334 lo-

440 3370 583 3418 cum,
619 3356 707 3408 ubi
738 3358 994 3424 scriptum
1019 3369 1132 3412 erat
1164 3375 1184 3414 :
1219 3360 1450 3430 Spiritus
1483 3364 1698 3420 Domini
1738 3385 1896 3438 super
1922 3387 2022 3438 me,

441 3445 594 3513 cujus
617 3448 793 3516 gratia
812 3450 965 3502 unxit
1003 3467 1102 3515 me,
1134 3454 1496 3523 euangelizare
1521 3459 1840 3527 pauperibus
1875 3463 2022 3514 misit

440 3553 522 3592 me
549 3539 613 3604 '°,
650 3547 704 3592 et
747 3556 871 3610 quae
924 3553 1254 3612 sequuntur.
1304 3545 1637 3616 Hujusmodi
1696 3553 1859 3622 igitur
1895 3570 2022 3622 pro-

441 3630 727 3696 phetarum
767 3634 1124 3704 scripturam,
1161 3639 1488 3707 populorum
1541 3644 1868 3714 scripturam
1919 3662 2018 3715 ap-

441 3719 626 3788 pellat,
658 3729 712 3775 et
741 3724 1072 3792 scripturam
1107 3728 1664 3800 principumzeorum,
1693 3736 1858 3790 veluti
1895 3753 2020 3806 qua:

439 3821 491 3864 et
526 3810 839 3868 Iudaeorum
875 3819 1094 3887 populis
1149 3830 1204 3874 et
1253 3838 1444 3877 eorum
1496 3827 1838 3897 principibus
1890 3829 2017 3883 data

437 3912 578 3969 erat,
619 3913 672 3959 et
707 3907 926 3962 illorum
978 3913 1200 3980 propria
1242 3922 1362 3968 erat
1391 3917 1673 3983 possessio
1698 3959 1712 3980 ,
1741 3920 1832 3990 qui
1863 3923 1917 3973 in
1952 3934 2016 3974 ea

437 3997 685 4063 generati
718 4008 871 4061 sunt,
905 4001 1008 4058 hoc
1035 4011 1143 4070 cst,
1177 4006 1272 4074 qui
1317 4008 1430 4061 nati
1461 4020 1589 4066 sunt
1629 4012 1680 4064 in
1717 4011 1870 4067 Sion.

509 4085 673 4149 Vleas.
705 4091 759 4143 7.
793 4090 964 4157 Quam
999 4095 1300 4152 lwtantium
1342 4103 1580 4156 omnium
1629 4103 1896 4161 habitatio
1937 4119 2013 4163 est

435 4179 489 4231 in
525 4187 592 4233 te.
631 4180 804 4236 Dietio
831 4200 988 4253 quam
1029 4187 1082 4240 in
1113 4191 1333 4244 modum
1365 4193 1741 4250 conﬁrmantis
1795 4208 1878 4252 est
1911 4215 2011 4268 po-

435 4272 562 4325 sita.
601 4271 757 4339 Vere,
793 4277 1038 4346 inquit,o
1063 4280 1292 4346 Sion,in
1324 4291 1377 4339 te
1392 4295 1475 4340 est
1498 4286 1763 4343 habitatio
1781 4292 2014 4346 omnium

434 4362 795 4428 Spiritualiter
862 4369 1185 4427 lwtantium.
1246 4374 1423 4429 Dictio
1492 4386 1671 4432 autem
1737 4381 2012 4446 omnium,

435 4455 652 4509 tametsi
686 4457 1050 4515 univirsalem
1098 4478 1406 4521 sermonem
1456 4468 1654 4531 reddit,
1721 4472 1865 4541 apud
1912 4471 2012 4528 He-

435 4547 612 4600 bra‘os
645 4555 827 4603 tamen
867 4549 1318 4622 frequentissime
1363 4559 1433 4614 ita
1484 4573 1712 4630 ponitur
1738 4603 1754 4630 ,
1794 4573 1855 4620 ut
1901 4581 2009 4622 non

434 4646 544 4689 tam
578 4639 865 4697 universos
895 4660 1057 4712 quam
1099 4649 1301 4704 multos
1330 4649 1620 4720 signiticet.

433 4724 711 4781 Canticum
741 4732 934 4799 psalmi
965 4737 1092 4803 ﬁliis
1130 4737 1260 4793 Core
1286 4781 1301 4803 ,
1339 4740 1391 4793 in
1427 4742 1582 4809 linem
1618 4760 1714 4813 pro
1748 4745 2003 4809 Maeletlt,

503 4817 573 4869 ad
605 4821 1044 4890 respondendum,
1077 4827 1433 4899 intelligentia:
1463 4832 1568 4901 ipsi
1595 4832 1796 4887 /Etuan
1828 4833 2008 4889 Israe-

499 4908 635 4963 liltt’.

890 5005 1211 5068 PSALMUS
1241 5013 1550 5075 LXXXVII.

498 5089 638 5156 Quid
675 5093 748 5149 sit
779 5098 1053 5154 canticum
1087 5104 1308 5170 psalmi,
1337 5116 1392 5161 et
1422 5109 1489 5163 de
1530 5109 1635 5166 tilis
1666 5112 1806 5166 Core
1854 5111 2005 5166 dixi-

428 5197 546 5238 mus
577 5185 632 5239 in
666 5185 938 5244 Prommio
986 5195 1192 5262 operis.
1223 5195 1286 5250 In
1307 5199 1464 5267 ﬁnem
1499 5217 1628 5257 vero
1659 5203 1779 5257 ideo
1809 5205 2004 5260 inscri-

431 5286 580 5338 ptum
614 5284 720 5343 est,
753 5281 881 5347 quia
909 5282 972 5334 ad
1015 5284 1175 5339 tinem
1201 5290 1460 5344 tendebat
1516 5295 1798 5363 pr0phetia
1831 5337 1845 5360 ,
1878 5313 2003 5366 quin

429 5367 514 5419 hic
549 5370 879 5424 continetur.
915 5373 980 5426 Et
1020 5377 1264 5444 psalmus
1311 5383 1528 5451 quidem
1575 5389 1816 5454 proxime
1861 5403 2001 5458 pra:-

426 5460 627 5512 cetlens
650 5458 854 5516 Christi
876 5464 1214 5525 nativitatem
1235 5472 1510 5541 praedixit,
1535 5476 1626 5532 hic
1650 5487 1826 5531 autem
1847 5478 2007 5534 Chri-

431 5547 497 5598 sti
526 5558 781 5609 mortem.
816 5553 972 5620 Quod
999 5568 1176 5614 autem
1209 5561 1529 5623 inscribitur
1579 5584 1674 5637 pro
1721 5569 1948 5625 Μαριειή
1981 5613 1995 5636 ,

506 5735 549 5764 ¹⁶
584 5731 717 5790 Luc.
750 5750 826 5806 tv,
859 5739 950 5808 16,
981 5739 1074 5805 17,

2128 3181 2308 3250 τικῆς.
2363 3181 2504 3251 Φησὶ
2547 3183 2654 3253 γὰρ
2680 3185 2897 3248 Λουκᾶς
2936 3187 2964 3240 6
2991 3188 3382 3262 εὐαγγελιστής
3405 3206 3421 3222 ⁸
3452 3194 3556 3246 Kal
3577 3194 3713 3247 ἐπε-

2127 3271 2276 3336 δόθη
2308 3273 2468 3337 αὐτῷ
2510 3275 2758 3338 ,βιϐλίον
2795 3278 3042 3332 Ἡσαΐου
3092 3282 3198 3335 τοῦ
3239 3284 3574 3352 προφήτου,
3606 3287 3711 3340 καὶ

2125 3364 2478 3431 ἀναπτύξας
2501 3368 2768 3433 βιϐλίον,
2810 3367 2949 3437 εὗρε
3009 3374 3198 3427 τόπον
3233 3371 3306 3431 οὗ
3349 3372 3429 3446 ἦν
3454 3395 3710 3448 τετραμ-

2119 3455 2328 3525 μένον·
2363 3460 2605 3529 Πνεῦμα
2639 3462 2858 3530 Κυρίου
2881 3463 2976 3517 ἐπ’
2999 3465 3127 3534 ἐμὲ,
3157 3462 3229 3523 οὗ
3255 3468 3466 3523 ἕνεκεν
3496 3471 3712 3541 ἔχρισέ

2117 3565 2193 3615 με
2213 3564 2226 3578 '
2275 3551 2782 3620 εὐαγγελίσασθαι
2818 3555 3075 3624 πτωχοῖς
3099 3557 3448 3614 ἀπέσταλκέ
3469 3579 3564 3630 με,
3601 3562 3706 3615 καὶ

2129 3641 2197 3693 τὰ
2226 3639 2373 3710 ἑξῆς.
2405 3645 2518 3712 Τὴν
2567 3643 2624 3697 δὲ
2662 3646 2920 3717 τοιαύτην
2949 3650 3295 3722 προφητικὴν
3325 3652 3543 3723 γραφὴν
3574 3654 3709 3707 ἑκά-

2123 3729 2247 3784 λεσε
2299 3733 2517 3804 γραφὴν
2561 3734 2670 3788 τῶν
2712 3736 2857 3789 λαῶν
2888 3740 2982 3794 καὶ
3033 3742 3140 3794 τῶν
3176 3743 3456 3813 ἀρχόντων
3497 3745 3703 3809 αὐτῶν,

2121 3823 2198 3886 ὡς
2252 3827 2365 3888 τοῖς
2411 3824 2573 3889 λαοῖς
2619 3827 2726 3880 τῶν
2792 3830 3062 3886 Ἰουδαίων
3118 3833 3212 3886 καὶ
3270 3835 3385 3897 τοῖς
3438 3835 3705 3906 ἄρχουσιν

2121 3915 2301 3969 αὐτῶν
2333 3916 2650 3988 δεδομένην,
2690 3922 2786 3973 καὶ
2835 3923 3019 3991 κτῆμα
3057 3921 3261 3978 τούτων
3337 3925 3704 3996 ὑπαρχούσης

2118 4007 2228 4060 τῶν
2277 4010 2714 4078 γεγεννημένων,
2777 4011 2953 4066 είτουν
2975 4013 3085 4068 τῶν
3119 4015 3421 4085 τεχθέντων
3447 4017 3505 4069 ἑν
3536 4018 3700 4071 Σιών.
3768 4052 3784 4087 ,

2198 4100 2298 4164 Ὠς
2320 4103 2808 4173 εὐφραινομένων
2837 4105 3082 4159 πάντων
3106 4107 3145 4174 ἠ
3175 4107 3448 4161 κατοικία
3469 4108 3540 4161 ἐν
3569 4111 3700 4164 σοι.
3769 4101 3773 4104 ’

2118 4193 2192 4246 Τὸ
2242 4192 2345 4259 ὡς,
2387 4194 2768 4262 βεϐαιωτικόν.
2806 4194 3039 4264 Ὄντως,
3071 4191 3117 4252 ὧ
3144 4197 3303 4263 Σιὼν,
3331 4200 3389 4252 ἐν
3420 4201 3504 4253 σοὶ
3541 4199 3700 4255 ἔσται

2117 4285 2151 4353 ἡ
2175 4285 2430 4339 κατοικία
2479 4285 2722 4341 πάντων
2759 4289 2868 4342 τῶν
2901 4290 3346 4360 εὐφραινομένων
3387 4307 3700 4362 πνευματι-

2123 4372 2237 4438 κῶς
2266 4391 2281 4406 ο
2323 4375 2383 4428 σὲ
2407 4377 2816 4446 κατοικήσουσι.
2846 4378 2921 4431 Τὸ
2939 4379 3018 4445 δὲ,
3047 4381 3318 4445 Πάντων,
3339 4381 3388 4433 εί
3413 4380 3508 4434 καὶ
3531 4381 3700 4435 καθο-

2118 4465 2271 4520 λικδν
2301 4468 2629 4538 σχηματίζει
2689 4468 2881 4534 τύπον,
2915 4470 3031 4523 ἀλλ’
3055 4467 3150 4525 οὖν
3180 4471 3378 4542 ίδίωμα
3411 4472 3506 4525 καὶ
3527 4471 3694 4526 τοῦτό

2119 4559 2289 4626 ἐστιν,
2322 4562 2586 4630 ἐμφαῖνον
2624 4561 2829 4634 πλῆθός
2856 4579 3040 4619 τινων.

2130 4741 2269 4811 ’ῼδὴ
2296 4742 2541 4812 ψαλμοῦ
2579 4743 2704 4809 τοῖς
2731 4742 2880 4810 υἱοῖς
2909 4742 3080 4812 Κορὲ,
3112 4748 3200 4812 εἰς
3227 4745 3296 4800 τὸ
3330 4746 3509 4813 τέλος
3537 4746 3691 4814 ὑπὲρ

2185 4833 2443 4897 Μαελὲθ,
2501 4835 2606 4889 τοῦ
2669 4835 3086 4906 ἀποκριθῆναι,
3138 4835 3454 4906 συνέσεως
3498 4839 3692 4908 Myer

2187 4923 2266 4987 τῷ
2304 4924 2658 4993 Ἰσραηλίτῃ.

2681 5018 2976 5072 ΨΛΛΜΟΣ
3000 5020 3122 5074 ΠΖ’.

2182 5112 2245 5164 Τί
2282 5109 2381 5182 μέν
2411 5111 2556 5163 ἐστιν
2599 5109 2738 5178 ᾨὸὶι
2765 5110 3029 5178 ψαλμοῦ,
3079 5112 3172 5164 καὶ
3221 5113 3354 5182 περὶ
3400 5114 3511 5167 τῶν
3555 5114 3689 5167 υίῶν

2113 5203 2277 5271 Κορὲ,
2327 5201 2643 5270 διελάϐομεν
2672 5202 2729 5253 ὲν
2762 5200 2840 5270 τῷ
2887 5203 3163 5272 προοιμίῳ
3197 5204 3295 5272 τῆς
3328 5203 3534 5274 βίϐλου.
3584 5207 3689 5269 Εις

2113 5295 2283 5359 τέλος
2312 5294 2391 5359 δὲ,
2446 5293 2533 5346 διὰ
2566 5293 2626 5344 τὸ
2658 5290 2875 5360 βλέπειν
2917 5293 2997 5354 εἰς
3023 5292 3084 5344 τὸ
3100 5294 3257 5357 τέλος
3288 5295 3385 5364 τὴν
3417 5297 3473 5348 ἑν
3508 5295 3688 5366 τούτῳ

2112 5386 2465 5458 προφητείαν.
2520 5383 2576 5436 '0
2623 5384 2721 5452 μὲν
2776 5383 2884 5454 γὰρ
2942 5383 3232 5452 προλαϐὼν
3293 5385 3506 5454 ψαλμδς
3557 5388 3688 5455 περὶ

2110 5477 2203 5530 τοῦ
2230 5475 2466 5544 Χριστοῦ
2493 5476 2799 5544 γεννήσεως
2827 5475 3252 5544 προεφήτευσεν,
3285 5471 3438 5542 οὗτος
3466 5480 3523 5532 δὲ
3555 5483 3686 5549 περὶ

2111 5567 2201 5621 τοῦ
2233 5568 2465 5622 θανάτου
2494 5565 2676 5620 αὑτοῦ.
2703 5565 2807 5619 Τοῦ
2843 5565 2922 5631 δὲ,
2962 5565 3129 5635 ’Υπὲρ
3164 5569 3419 5637 Mrta/1&0,
3444 5572 3562 5624 ἀντὶ
3583 5569 3680 5624 τοῦ
