4084 6210
353 331 460 398 839

1514 332 1658 392 COM
1670 331 1899 393 MENT.
1946 329 2029 390 IN
2067 328 2429 392 PSALMOS.

3511 328 3617 393 890

348 445 442 500 διὰ
486 443 816 516 χορεύσεως.
869 439 1037 518 ’ᾙδον
1080 443 1189 514 γὰρ
1218 442 1315 495 καὶ
1352 441 1467 511 ἅμα
1494 441 1769 511 ἐχόρευον.
1809 439 1921 495 Τοῦ

2041 439 2343 510 :xponitnr.
2374 440 2479 496 hoc
2513 447 2618 509 est,
2651 457 2745 509 pro
2776 440 2986 498 chorea.
3020 441 3230 501 Canere
3272 442 3420 498 enim
3472 442 3622 496 sole.

351 534 782 607 Ἀποκριθῆναι
853 536 931 603 δὲ,
965 536 1085 589 ἀντὶ
1114 533 1231 592 τοῦ.
1267 532 1357 584 Ἐν
1405 530 1482 602 τῷ
1524 531 1926 601 ἀποκριθῆναι*

346 628 603 701 ιχόρευον
638 628 745 702 γὰρ
774 629 833 681 ὲν
859 628 937 698 τῷ
966 624 1329 697 ἀποκριθῆναι
1359 624 1493 693 πρὸς
1510 635 1611 693 την
1637 622 1705 675 δι’
1757 622 1929 691 ὀργᾶ-

345 735 441 776 van
492 721 781 791 μουσικήν.
836 717 1148 782 Συνέσεως
1194 715 1271 780 δὲ,
1326 716 1410 768 ὅτι
1454 714 1618 785 χρεία
1661 713 1930 777 συνέσεως

345 816 459 876 τοῖς
514 813 1010 880 ἀναγινώσκουσιν,
1070 810 1160 863 διὰ
1225 805 1287 859 τὸ
1337 808 1792 879 ἐγκεκρυμμένον
1850 805 1929 877 τῷ

345 905 549 976 ψαλμῷ
610 902 876 975 περὶτοῦ
946 905 1279 959 Δεσποτικοῦ
1336 901 1565 956 θανάτου
1609 900 1925 970 μυστήριον.

339 998 532 1069 Αῑμὰν
563 997 620 1051 δὲ
664 996 743 1062 τῷ
803 998 1166 1067 Ἰσραηλίτῃ,
1198 997 1334 1050 διότι
1364 995 1423 1048 οὐ
1459 995 1619 1064 μόνον
1649 994 1761 1054 τοῖς
1793 992 1930 1054 υἱοῖς

348 1091 516 1159 Κορὲ,
562 1088 697 1142 ἀλλὰ
760 1090 854 1142 καὶ
895 1088 1077 1159 Αίμὰν
1116 1089 1193 1158 τῷ
1220 1086 1454 1158 αρχῳδῴ
1504 1083 1867 1156 παραδέδοται
1900 1083 1929 1135 ὁ

344 1182 563 1252 ψαλμὸς
590 1180 695 1234 ὑπὸ
729 1180 894 1234 Δαϐίδ
921 1195 931 1208 ·
966 1181 1060 1233 καὶ
1086 1180 1179 1234 ὑπ’
1211 1179 1538 1249 ἀμφοτέρων
1586 1174 1693 1229 τῶν
1750 1172 1927 1243 χορῶν

357 1262 888 1349 ᾔσθῆᾝυνᾳδόπων,
917 1275 949 1345 ἢ
983 1276 1076 1328 καὶ⁵
1115 1275 1218 1328 ἀνὰ
1250 1274 1421 1343 μέρος
1476 1272 1734 1343 ᾀδόντων.
1791 1266 1927 1320 Τινᾶ

354 1367 453 1438 μὲν
482 1363 575 1421 οὖν
617 1366 725 1420 τῶν
760 1366 1113 1437 ἀντιγράφων
1152 1364 1331 1436 Λίμὰν
1376 1364 1672 1435 γράφουσι,
1709 1359 1828 1413 τινὰ
1869 1357 1927 1410 δὲ

346 1460 532 1530 Αίθάμ
562 1475 578 1490 ⁶
611 1460 834 1531 ἄμεινον
896 1458 952 1511 δὲ
982 1461 1038 1511 ἐν
1070 1456 1145 1528 τῷ
1187 1457 1417 1528 παρόντι
1457 1453 1636 1524 Αίμὰν
1668 1451 1923 1520 γράφειν,

346 1554 405 1604 ὲν
458 1551 512 1605 δὲ
570 1550 648 1621 τῷ
708 1550 844 1621 με.τᾶ
877 1549 1089 1612 τοῦτον,
1124 1549 1328 1616 Λίθάρ.
1382 1548 1472 1600 Ἔν
1506 1548 1614 1613 γὰρ
1644 1545 1708 1613 τῇ
1734 1539 1927 1612 πρώτῃ

350 1638 456 1693 τῶν
484 1638 976 1711 Παραλειπομένων
1005 1639 1100 1691 καὶ
1153 1636 1333 1708 Αίμὰν
1361 1635 1455 1690 καὶ
1477 1633 1659 1702 Ai.in
1688 1630 1925 1699 ἀναγράο

2037 537 2170 590 bal"-
2200 577 2212 601 ι
2249 543 2411 606 atque
2456 552 2565 591 una
2614 539 2847 594 choreas
2906 539 3110 595 ducere
3139 578 3154 601 ,
3203 537 3425 609 quando
3475 535 3619 589 hunc

2037 628 2307 697 psalmum
2342 628 2671 683 recitabant.
2707 629 2787 683 Ad
2810 630 3228 697 respondendum
3260 637 3439 683 autem
3468 667 3483 689 ,
3517 628 3620 681 hoc

2036 731 2139 783 est,
2174 735 2295 797 cum
2328 721 2744 791 responderent.
2774 720 3177 789 Tripndiabant
3207 720 3353 775 enim
3384 719 3513 772 dum
3547 717 3614 770 ad

2036 827 2367 881 organorum
2431 810 2676 865 musicen
2756 812 3173 881 responderent.
3248 809 3623 876 Intelligentin:

2037 920 2188 968 vero,
2227 904 2354 974 quia
2393 902 2749 973 intelligentia
2792 902 2983 957 lectori
3028 917 3167 969 opus
3196 909 3299 966 est,
3339 898 3409 954 ob
3434 899 3621 951 occul-

2038 1005 2150 1050 tum
2200 1011 2262 1051 ac
2302 996 2692 1077 prmsignatum
2734 995 2822 1050 hic
2852 993 2918 1049 de
2944 993 3148 1049 Christi
3176 1000 3352 1045 morte
3414 997 3623 1059 myste-

2034 1087 2201 1141 rium.
2260 1084 2375 1156 Ipsi
2406 1103 2524 1141 vero
2565 1086 2769 1141 Ai'man
2818 1084 3125 1148 Israelita,
3165 1083 3292 1152 quia
3336 1096 3445 1135 non
3487 1078 3619 1134 solis

2034 1177 2174 1233 Core
2205 1177 2352 1237 ﬁliis,
2383 1178 2476 1231 sed
2497 1178 2660 1231 etiam
2692 1178 2890 1232 zEman
2914 1174 3145 1245 principi
3197 1174 3426 1227 alterius
3460 1172 3620 1227 chori

2037 1268 2268 1323 traditus
2310 1267 2411 1321 fuit
2462 1268 2552 1321 hic
2606 1268 2849 1336 psalmus
2889 1283 2916 1319 a
2964 1267 3124 1321 beato
3175 1263 3339 1317 David
3373 1302 3388 1324 ,
3437 1271 3491 1317 et
3548 1263 3623 1316 ab

2034 1368 2270 1426 utroque
2305 1358 2474 1413 choro
2501 1373 2609 1412 una
2649 1357 2789 1423 fuit,
2843 1366 2938 1412 aut
2996 1358 3246 1412 fortasse
3295 1353 3619 1409 alternatim

2035 1451 2380 1506 decantatus.
2414 1450 2673 1516 Quaedam
2724 1449 3059 1516 exemplaria
3115 1462 3224 1500 non
3268 1444 3467 1499 [Eman
3522 1443 3619 1497 ba-

2036 1540 2186 1608 bent,
2207 1540 2300 1595 sed
2318 1539 2545 1605 Aithan,
2569 1553 2753 1593 verum
2778 1538 2951 1607 placet
2974 1544 3031 1589 ut
3056 1536 3110 1589 in
3137 1534 3388 1604 praesenti
3411 1532 3621 1601 psalmo

2035 1632 2282 1702 legamus
2315 1630 2513 1685 [Eman
2546 1671 2560 1693 ,
2610 1638 2663 1685 et
2703 1630 2759 1683 in
2811 1626 3064 1696 sequenti
3100 1625 3326 1679 Aithan.
3378 1621 3510 1675 Nam
3562 1621 3617 1674 in

348 1748 543 1801 φονται
590 1730 883 1802 χορὰρχαι.
925 1729 1009 1795 Τῷ
1050 1729 1398 1798 Ἰσραηλίτῃ
1454 1727 1531 1791 δὲ,
1566 1725 1665 1794 οὐχ
1700 1723 1774 1785 ὡς
1819 1721 1926 1773 τῶν

2041 1722 2489 1793 Paralipomenon
2530 1722 2688 1781 libro
2748 1728 2981 1789 uterque
3030 1731 3220 1772 eorum
3276 1716 3429 1769 chori
3475 1713 3619 1782 prin-

348 1798 527 1877 ἀλλων
562 1798 636 1894 μὴ
665 1798 868 1878 se...
910 1820 1286 1893 Ἰσραηλιτῶν,
1329 1818 1443 1874 ἀλλ’
1491 1818 1567 1883 ᾡς
1607 1817 1699 1869 και
1750 1814 1924 1869 ἄλλων

2041 1830 2160 1886 ceps
2190 1814 2361 1870 fuisse
2384 1813 2639 1868 traditur.
2668 1810 2933 1865 Israelita:
2959 1810 3120 1863 etiam
3155 1807 3313 1871 dixit,
3340 1821 3446 1860 non
3472 1802 3616 1888 quod

348 1917 519 1972 ὅντων
546 1916 724 1986 Ᾱίμὰν
741 1916 835 1969 καὶ
863 1913 1070 1985 Αἰθὰμ,
1091 1912 1431 1983 ἀλλοφύλων,
1460 1904 1535 1965 ὧν
1556 1909 1694 1980 πρὸς
1715 1908 1929 1961 διαστο-

347 2007 449 2077 λὴν
476 2008 511 2078 ἡ
547 2005 639 2060 τοῦ
680 2004 1017 2077 Ἰσραηλίτου
1059 2003 1403 2075 προσηγορία
1441 2001 1541 2075 (5).

2037 1905 2127 1957 alii
2169 1910 2424 1960 cantores
2448 1918 2556 1957 non
2622 1907 2809 1957 essent
2858 1897 3162 1960 lsraelitm,
3197 1895 3291 1951 sed
3345 1893 3474 1962 quia
3526 1873 3621 1943 alii

2036 1994 2292 2051 fortassis
2330 2003 2487 2050 erant
2516 1993 2766 2049 homines
2798 1988 3111 2060 huiusmodi
3144 1986 3369 2041 nomine
3397 1983 3621 2050 Eman,

347 2113 403 2159 et
426 2101 649 2168 IEtban,
681 2102 773 2173 qui
800 2107 957 2155 erant
988 2099 1330 2170 alienigenas,
1362 2096 1427 2152 ad
1450 2108 1687 2168 quorum
1720 2088 2128 2148 distinctionem
2166 2089 2247 2145 sic
2274 2088 2480 2144 dictum
2514 2094 2636 2153 est;
2672 2086 2758 2140 vel
2801 2082 2941 2138 forte
2998 2082 3126 2151 quia
3158 2079 3265 2134 tale
3331 2076 3442 2131 illis
3501 2078 3623 2126 erat

349 2210 680 2267 cognomen.

419 2293 596 2360 Κύριε
633 2292 666 2345 d
719 2286 865 2354 Θεὸς
901 2286 1011 2356 τῆς
1041 2286 1342 2354 σωτηρίας
1372 2301 1515 2355 μου,
1540 2282 1766 2353 ἡμέρας
1796 2276 1929 2333 exs-

349 2385 545 2452 κροξα
568 2382 668 2439 καί
709 2379 972 2435 ὲννυκτί
1007 2379 1287 2434 ἐναντίον
1324 2393 1463 2432 σου.
1505 2376 1643 2446 Περὶ
1684 2374 1784 2445 μὲν
1810 2370 1928 2436 τοῦ,

366 2478 432 2530 Ὀ
490 2475 633 2542 Θεὸς
688 2475 796 2543 τῆς
837 2474 1138 2540 σωτηρίας
1174 2489 1316 2541 μου,
1384 2471 1603 2540 εἴρηται
1660 2470 1716 2522 ἐν
1743 2466 1822 2537 τῷ
1856 2466 1931 2530 EC’

351 2563 556 2636 ψαλμῷ
578 2583 591 2596 ·
623 2564 832 2633 Κύριον
864 2562 921 2616 δὲ
954 2562 1050 2615 καὶ
1098 2561 1230 2615 Θεδν
1260 2560 1288 2612 ὁ
1323 2559 1556 2631 Χριστὸς
1586 2558 1677 2611 τὸν
1708 2555 1934 2626 Πατέρα

352 2657 547 2719 καλεῖ,
576 2655 651 2720 ὡς
698 2654 1028 2725 ἄνθρωπος’
1094 2651 1269 2706 πολλὰ
1314 2652 1424 2723 γὰρ
1471 2650 1697 2704 τοιαῦτα
1745 2647 1844 2702 καὶ
1875 2648 1936 2699 ὲν

350 2748 431 2819 τῷ
467 2744 551 2801 κο]
579 2746 801 2817 ψαλμῷ.
838 2744 1083 2815 Ἡμέρας
1106 2744 1174 2799 δὲ
1201 2745 1298 2799 καὶ
1328 2744 1397 2799 ἐν
1440 2743 1638 2808 νυκτὶ,
1666 2741 1786 2796 ἀντὶ
1821 2738 1937 2805 τοῦ,

355 2840 458 2895 Διὰ
488 2841 711 2903 παντός.
784 2838 1153 2910 Ἐμφαντικὺν
1200 2838 1256 2891 δὲ
1291 2837 1450 2891 τοῦτο
1485 2838 1584 2907 τῆς
1627 2834 1764 2906 πρὸς
1806 2832 1941 2886 Θεὸν

354 2932 596 2995 πίστεως
622 2948 635 2961 ·
668 2929 729 2994 ὃς
773 2930 884 3000 γὰρ
918 2928 1233 2998 εἰλικρινῶς
1262 2928 1354 2982 τὸν
1405 2928 1542 2981 Θεὸν
1583 2926 1796 2996 ἀγαπᾷ,
1843 2923 1942 2995 βοᾷ

355 3022 592 3076 ἐνώπιον
613 3022 777 3075 αὑτοῦ
802 3022 962 3076 τοῦτο
1002 3022 1101 3092 μὲν
1132 3021 1388 3091 στόματι,
1419 3021 1579 3074 τοῦτο
1607 3020 1666 3073 δὲ
1716 3016 1938 3088 καρδίᾳο

357 3096 448 3167 ἀεί
474 3114 585 3185 γὰρ
609 3113 805 3185 χρῄζει
829 3113 930 3178 τῆς
969 3114 1125 3184 παρὰ
1147 3112 1284 3167 Θεοῦ
1326 3111 1670 3183 ἀντιλήψεως
1698 3126 1712 3140 ⁸
1737 3110 1770 3180 ἢ
1799 3109 1939 3181 ἡμέ-
1964 3111 2009 3174 C

361 3222 465 3276 ραν
492 3206 585 3259 καὶ
612 3205 786 3260 νύκτα
814 3205 967 3274 λέγει
992 3208 1091 3278 τὴν
1120 3206 1219 3277 τῆς
1246 3204 1563 3278 προδοσίας.

424 3294 759 3350 Εἰσελθέτω
799 3294 1060 3350 ἐνώπιόν
1084 3312 1200 3350 σου
1224 3296 1262 3364 ἡ
1290 3294 1599 3364 προσευχὴ
1624 3310 1744 3363 μου
1772 3291 1933 3346 ’κλῖ-

356 3404 470 3441 νον
494 3385 560 3440 τὸ
614 3382 729 3452 οὖς
760 3400 879 3442 σου
919 3389 1007 3453 είς
1052 3386 1166 3455 τὴν
1191 3386 1408 3454 δέησίν
1442 3402 1585 3456 μου.
1617 3384 1935 3456 Προσευχὴν

357 3481 454 3534 καὶ
487 3480 673 3551 δέησιν
694 3478 931 3534 ἐνταῦθα
959 3481 1179 3552 νοήσεις
1204 3481 1237 3552 ἢ
1261 3479 1359 3550 τὴν
1391 3480 1519 3551 περὶ
1545 3480 1653 3534 τῶν
1679 3478 1936 3549 μαθητῶν

359 3572 552 3638 αὐτοῦ,
603 3572 635 3642 ἢ
699 3573 799 3644 τὴν
846 3573 977 3639 περὶ
1025 3572 1118 3626 τοῦ
1165 3572 1456 3644 παρελθεῖν
1481 3571 1543 3625 τὸ
1580 3569 1675 3624 τοῦ
1704 3569 1935 3625 θανάτου

358 3668 648 3738 ποτήριον,
698 3666 774 3731 ὡς
819 3668 877 3721 ὲν
935 3668 1049 3730 τοῖς
1109 3665 1461 3736 Εὖαγγελίοις
1524 3665 1799 3736 εὑρήσεις.
1847 3662 1937 3725 Ὠς

357 3760 654 3830 ἄνθρωπος
682 3759 738 3814 δὲ
761 3759 835 3814 τὰ
867 3760 1101 3814 ταπεινὰ
1117 3762 1276 3813 ταυτὶ
1315 3757 1641 3827 φθέγγεται,
1667 3752 1853 3818 καθὼς
1876 3754 1938 3807 ὲν

358 3850 438 3921 τῷ
472 3858 558 3907 κα⁹
577 3851 775 3924 ψαλμῷ
798 3852 1143 3925 προείρηται.
1168 3852 1303 3923 Περὶ
1325 3850 1381 3905 δὲ
1409 3850 1510 3920 τῆς
1540 3847 1771 3913 κλίσεως
1841 3844 1939 3901 τοῦ

359 3945 509 3999 θείου
551 3945 689 4009 ὠτὸς
721 3947 780 3999 ὲν
836 3944 914 4016 τῷ
947 3952 1028 4010 ις’
1074 3942 1276 4016 ψαλμῷ
1309 3940 1798 4014 παραδεδώκαμεν.

435 4039 565 4092 Ὀτι
593 4038 894 4106 ἐπλήσθη
927 4037 1128 4092 κακῶν
1171 4038 1209 4105 ἡ
1249 4036 1419 4105 ψυχή
1445 4052 1587 4103 μου,
1621 4036 1717 4089 καὶ
1750 4033 1790 4102 ἠ
1826 4031 1939 4099 ἄυή

356 4147 478 4202 μου
505 4130 586 4197 τῷ
614 4130 730 4200 don
750 4129 1023 4201 ἤγγισεν.
1047 4159 1117 4170 ——
1139 4127 1372 4194 Κακῶν,
1398 4128 1520 4181 ἀντὶ
1535 4125 1655 4193 τοῦ,
1672 4124 1941 4194 Θλίψεων.

364 4221 708 4291 Περίλυπος
734 4221 866 4293 γὰρ,
896 4221 1083 4291 φησιν,
1110 4220 1150 4286 ἠ
1180 4219 1352 4290 ψυχή
1382 4236 1502 4289 μου
1523 4218 1636 4284 ἓως
1655 4215 1938 4274 θανάτου.

366 4311 538 4385 ᾍδην
564 4311 675 4384 γὰρ
696 4311 792 4368 νῦν
820 4312 913 4368 τὸν
935 4310 1168 4367 θάνατον
1198 4310 1561 4384 ὑποληπτέον.

427 4577 934 4656 Προσενζοτίσθην
964 4573 1118 4644 μετὰ
1175 4572 1293 4629 τῶν
1320 4574 1807 4629 καταϐαινόντων
1852 4574 1942 4637 εις

366 4666 1211 4737 λάκκον.-Προσελοτισθην,
1251 4664 1371 4718 ἀντὶ
1408 4662 1525 4731 τοῦ,
1592 4660 1944 4733 Συνηριθμή-

371 4763 496 4835 θην,
521 4763 826 4831 συνετάγην
878 4760 1019 4832 μετὰ
1050 4758 1159 4815 τῶν
1188 4759 1566 4829 θαπτομένωνο
1598 4757 1819 4823 τούτους
1833 4756 1945 4828 γὰρ

2108 2267 2272 2324 Vens.
2296 2267 2349 2322 2.
2370 2266 2589 2321 Domine
2613 2264 2748 2319 Deus
2774 2260 2965 2317 salutis
2998 2274 3148 2319 mete,
3192 2256 3244 2309 in
3266 2253 3350 2306 die
3374 2247 3619 2304 clamavit

2038 2374 2088 2419 et
2109 2364 2161 2418 in
2183 2370 2332 2417 nocte
2357 2375 2535 2415 coram
2563 2368 2635 2413 te.
2660 2357 2732 2410 De
2755 2355 2838 2409 his
2859 2351 3079 2408 verbis:
3103 2349 3241 2402 Deus
3264 2342 3453 2399 salutis
3473 2354 3622 2405 metr,

2040 2458 2246 2514 dictum
2282 2460 2366 2507 est
2423 2451 2477 2505 in
2532 2451 2745 2521 psalmo
2789 2460 2955 2500 uvn.
3001 2441 3291 2496 Dominum
3321 2441 3522 2500 .autem
3570 2438 3627 2483 ct

2044 2550 2211 2602 Deum
2263 2543 2518 2606 Christus
2568 2538 2786 2592 Patrem
2841 2531 3121 2603 appellat,
3168 2533 3248 2582 'ut
3299 2525 3511 2588 homo;
3567 2526 3625 2574 et

2042 2637 2215 2692 multa
2250 2629 2631 2703 huiuscemodi
2657 2628 2802 2682 dicta
2837 2622 3081 2696 reperies
3133 2620 3187 2673 in
3237 2616 3451 2687 psalmo
3504 2627 3623 2666 ut.

2044 2730 2140 2783 Die
2170 2735 2344 2781 autem
2374 2732 2424 2779 et
2457 2736 2607 2776 nocte
2652 2719 2791 2774 dixit
2840 2731 2935 2788 pro
2991 2713 3282 2782 Perpetuo.
3337 2706 3621 2759 Summam

2045 2821 2189 2875 enim
2222 2818 2337 2871 haec
2373 2814 2539 2868 verba
2574 2811 2628 2865 in
2670 2810 2840 2864 Deum
2871 2807 3028 2860 ﬁdem
3090 2802 3457 2859 attestantur;
3488 2790 3624 2861 quia

2045 2912 2138 2983 qui
2172 2910 2388 2964 sincera
2421 2913 2600 2958 mente
2627 2900 2799 2954 Deum
2828 2903 2998 2959 amat,
3028 2891 3250 2947 assidue
3277 2895 3372 2941 aut
3407 2899 3503 2938 ore
3529 2887 3625 2936 aut

2046 3000 2214 3058 corde
2241 3012 2427 3054 coram
2455 3010 2520 3050 eo
2555 2993 2773 3055 clamat,
2810 2987 3065 3059 quoniam
3122 2990 3177 3037 et
3213 2976 3434 3033 assidue
3465 2974 3623 3029 illius

2043 3109 2145 3163 ope
2172 3086 2526 3161 indigetJVel
2554 3085 2698 3140 diem
2735 3090 2789 3137 et
2822 3090 3033 3134 noctem
3064 3068 3435 3145 particulatim
3470 3065 3623 3121 illam

2040 3182 2319 3253 intelligit,
2353 3195 2458 3250 qua
2494 3175 2746 3248 proditus
2775 3182 2858 3228 est
2888 3171 3177 3225 Dominus.

2109 3274 2280 3329 Vens.
2314 3272 2370 3327 5.
2409 3268 2582 3325 Intret
2612 3268 2667 3322 in
2697 3271 2975 3334 conspectu
3003 3270 3092 3315 tuo
3126 3258 3298 3314 oratio
3341 3271 3458 3310 mea
3485 3293 3500 3319 ,
3543 3251 3626 3305 in-

2039 3368 2181 3423 clina
2221 3351 2402 3419 aurem
2448 3370 2595 3415 tuam
2646 3356 2714 3411 ad
2758 3371 2932 3425 preces
2978 3369 3140 3407 meas.
3200 3349 3521 3405 Orationem
3569 3347 3625 3397 et

2038 3474 2254 3531 preces,
2278 3456 2366 3512 vel
2393 3469 2487 3511 eas
2514 3450 2777 3520 intelligo,
2806 3462 2943 3518 quas
2967 3444 3157 3500 habuit
3181 3456 3281 3513 pro
3310 3436 3623 3507 discipulis,

2040 3555 2126 3608 vel
2156 3567 2249 3608 eas
2277 3563 2416 3620 quas
2443 3545 2690 3617 protulit,
2740 3540 2962 3612 quando
2995 3536 3151 3609 petiit
3198 3534 3436 3589 transire
3486 3546 3518 3586 a
3566 3543 3627 3584 se

2041 3646 2266 3703 calicem
2302 3639 2517 3695 mortis.
2564 3634 2803 3689 Humilia
2856 3640 3036 3686 autem
3092 3625 3411 3697 huiusmodi
3461 3620 3626 3677 verba

2040 3734 2285 3807 proferre
2311 3726 2708 3790 introducitur,
2735 3733 2793 3778 ut
2823 3723 3024 3786 homo,
3044 3713 3507 3789 quemadmodum
3543 3710 3629 3764 di—

2039 3833 2226 3888 ximus
2268 3830 2322 3883 in
2378 3826 2591 3898 psalmo
2622 3836 2738 3876 xxi.
2776 3818 2916 3885 Quid
2952 3822 3133 3870 autem
3174 3813 3229 3867 in
3264 3811 3374 3866 Deo
3423 3808 3495 3864 sit
3543 3788 3659 3860 in;

2040 3924 2248 3980 clinare
2267 3933 2481 3982 aurem,
2512 3915 2754 3971 diximus
2779 3912 2832 3966 in
2861 3909 3072 3980 psalmo
3108 3920 3220 3960 xvr.

2115 4014 2277 4069 Vens.
2317 4012 2373 4067 4.
2418 4009 2560 4076 Quia
2595 4005 2797 4075 repleta
2834 4011 2914 4058 est
2962 3998 3120 4054 malis
3173 3996 3353 4051 anima
3400 4008 3536 4056 mea,
3573 3996 3627 4046 et

2041 4111 2148 4165 vita
2186 4121 2303 4159 mea
2347 4101 2557 4171 inferno
2609 4092 3076 4167 appropinquavit.
3129 4087 3313 4151 Malis,
3361 4083 3468 4138 hoc
3514 4090 3623 4143 est,

2042 4170 2446 4257 calamitatibus
2468 4199 2523 4248 et
2554 4186 2961 4246 aﬂectionibus.
3005 4181 3195 4236 Tristis
3232 4177 3399 4240 enim,
3427 4170 3625 4242 inquit,

2042 4300 2122 4347 est
2187 4286 2373 4342 anima
2434 4298 2551 4336 mea
2604 4294 2768 4349 usque
2801 4274 2870 4329 ad
2922 4280 3163 4328 mortem.
3213 4266 3315 4321 Per
3352 4262 3628 4318 infernum

2052 4384 2218 4440 etiam
2275 4378 2381 4432 hoc
2429 4374 2579 4429 loco~
2610 4346 2843 4427 mortem
2890 4367 3069 4437 ipsam
3116 4357 3425 4428 intelligere
3458 4346 3629 4409 debeé

2058 4491 2299 4620 “uissus.
2342 4561 2397 4619 5.
2437 4557 2729 4628 Reputatus
2781 4567 2900 4608 sum
2949 4563 3067 4603 cum
3101 4538 3530 4600 descendentibus
3575 4535 3629 4588 in

2061 4660 2257 4714 lacum.
2298 4684 2370 4698 -—
2408 4652 2702 4721 Reputatus
2741 4660 2859 4700 sum
2909 4656 3007 4712 pro
3045 4637 3462 4694 Connumeratus
3489 4644 3628 4683 sum.

2058 4751 2379 4808 Collocatus
2411 4760 2556 4805 sum,
2590 4738 2791 4810 inquit,
2824 4749 2950 4791 cum
2983 4729 3242 4801 sepultis,
3289 4739 3426 4797 quos
3461 4721 3517 4777 in
3546 4720 3631 4774 la-

371 4810 525 4923 λέγέι
586 4810 1024 4916 καταὲὲιινᾶντας
1064 4810 1159 4914 ἐξ
1183 4810 1430 4905 tias:
1447 4810 1689 4919 ea...
1708 4810 1825 4921 ’ὦ
1845 4810 1935 4903 ’δὲ

2063 4856 2191 4897 cum
2222 4834 2622 4894 descendentes
2658 4825 2973 4901 appellavit.
3023 4821 3270 4877 Diximus
3318 4816 3463 4871 enim
3499 4810 3630 4867 alibi

370 4905 577 5013 λάκκος
628 4948 846 5018 λέγεται
870 4905 880 4906 7
903 4905 1021 5002 καὶ.
1043 4946 1071 5000 ὁ
1096 4905 1288 5014 ταφος.
1323 4942 1405 4998 Τὰ
1436 4905 1536 5012 μὲν
1563 4905 1674 5016 γὰρ
1702 4905 1810 4998 οίῖιν⁵
1841 4942 1935 5013 πρε

2055 4931 2200 5003 quod
2251 4926 2533 4997 sepultura
2589 4922 2756 4978 etiam
2814 4919 2970 4973 lacus
3021 4913 3245 4968 dicitur.
3299 4907 3431 4975 Quae
3465 4905 3630 4976 igitur

373 5040 472 5094 τοῦ
516 5008 787 5111 παρόντος
844 5035 1147 5108 ρητοὶξτῷ
1181 5008 1309 5107 πρὸ
1356 5008 1452 5090 toti
1512 5008 1745 5092 θανάτου
1776 5008 1935 5106 καιρῆ

2057 5022 2311 5092 superius
2337 5019 2484 5075 dicta
2514 5025 2666 5080 sunt,
2710 5010 2946 5083 tempori
2978 5012 3290 5078 congruunt
3327 5008 3453 5055 ante
3485 5010 3631 5051 mor-

379 5132 684 5206 ἁρμόζουσι
706 5172 724 5199 ,
751 5130 914 5187 τοῦτο
937 5132 994 5186 δὲ
1024 5130 1101 5203 τῷ
1131 5131 1270 5201 μετὰ
1289 5129 1389 5201 τὴν
1418 5130 1622 5201 ταφήν.

452 5311 783 5381 Ἐγενήθην
835 5310 980 5366 ὡσεί
1037 5309 1351 5379 ἄνθρωπος
1421 5307 1777 5376 ἀϐοήθητος.
1837 5306 1949 5374 Οὐχ

384 5403 516 5456 ὡσεὶ
578 5401 866 5472 ἄνθρωπος
922 5401 1108 5473 μόνον’
1153 5397 1221 5472 ἦν
1250 5398 1357 5470 γὰρ
1386 5399 1591 5460 τέλειος
1623 5395 1909 5465 ἄνθρωπος
1929 5410 1943 5423 ·

2060 5088 2206 5177 tem;
2239 5114 2355 5165 haec
2389 5116 2598 5173 autem,
2629 5115 2683 5162 et
2716 5119 2840 5176 quae
2876 5108 3207 5173 sequuntur,
3242 5088 3470 5160 tempori
3501 5093 3630 5156 post

2059 5203 2416 5274 sepulturam.

2130 5265 2237 5347 fui
2290 5292 2425 5346 sicut
2458 5290 2608 5342 homo
2643 5287 2755 5340 sine
2784 5281 3077 5352 adiutorio.
3109 5274 3227 5329 Non
3264 5269 3401 5326 dixit
3432 5285 3445 5322 :
3477 5265 3629 5322 Sicut

2055 5390 2208 5443 homo
2241 5383 2592 5457 simpliciter,
2625 5378 2757 5436 sed:
2786 5377 2939 5432 Sicut
2972 5374 3135 5427 homo
3176 5367 3296 5423 sine
3328 5359 3625 5431 adiutorio.

1745 5570 1944 5633 Varie)
1979 5568 2304 5630 lectiones.

454 5702 532 5770 (5)
568 5700 856 5767 Pcrperam
875 5710 1142 5769 interpres
1159 5703 1375 5757 unicam
1394 5697 1795 5758 sententiamin
1812 5696 1946 5751 duas
1985 5694 2166 5753 solvit.
2202 5688 2537 5747 Vel-tendum
2574 5701 2590 5740 :
2633 5682 2713 5738 Ad
2762 5694 2985 5754 quorum
3069 5672 3460 5728 distinctionem
3541 5666 3629 5721 Is-

387 5773 591 5829 mlitw
623 5786 903 5841 cognomen
924 5773 1161 5827 additum
1192 5784 1290 5827 est.
