4082 6230
449 242 558 313 891

1693 237 2080 300 EUTIIYMII
2103 237 2472 298 ZIGABENI

3599 233 3732 296 892

461 355 656 411 Omnes
717 355 882 420 enim,
937 363 996 408 ut
1053 354 1231 424 inquit
1281 351 1649 424 Evangelista,
1706 351 2034 404 dimittentes

2155 351 2252 404 ιλλ’
2282 351 2358 414 ὡς
2384 351 2668 421 ἅνθρωπος
2719 348 3024 420 ἀϐοήθητος
3049 364 3063 379 ·
3097 347 3334 412 Πάντες·
3353 346 3484 414 γὰρ,
3516 349 3740 415 φησὶν..

459 466 577 502 eum
610 448 854 517 fugerunt
886 447 951 499 ".
993 445 1246 500 Humano
1295 447 1461 516 igitur
1491 444 1718 514 judicio,
1761 443 1914 498 visus
1949 453 2035 498 est

463 541 610 592 omni
642 555 763 594 esse
793 539 999 592 auxilio
1025 538 1346 602 destitutus,
1392 537 1616 592 tametsi
1656 551 1820 591 secus
1847 535 2032 589 fuerit.

464 629 677 682 Dixisse
716 631 858 682 enim
890 643 1013 683 eum
1051 629 1284 700 legimus
1327 630 1390 683 ad
1427 627 1650 684 Petrum
1682 646 1696 682 :
1740 628 1816 682 An
1857 636 2033 695 putas,

461 719 600 786 quod
633 734 732 770 non
761 721 956 785 possim
987 737 1125 773 nunc
1153 737 1340 791 rogare
1363 721 1576 775 Patrem
1603 737 1794 780 meum,-
1819 730 1866 773 ει
1898 735 2035 780 pra!-

463 809 627 861 stabit
679 810 808 862 mihi
863 811 1146 879 plusquam
1201 813 1481 865 duodecim
1543 811 1768 882 legiones
1826 811 2038 881 angelo-

467 911 583 947 rum
614 896 661 927 ’⁸
685 897 708 949 ?

540 986 606 1039 In
642 989 865 1042 mortuis
901 989 1054 1043 liber.
1095 989 1255 1045 Liber
1277 1006 1305 1045 2
1335 993 1714 1061 corruptione,
1751 990 1839 1048 vel
1871 996 2036 1047 etiam

465 1081 627 1146 liber,
661 1082 790 1149 quia
824 1097 933 1135 non
986 1083 1054 1135 ab
1100 1083 1310 1149 angelis
1360 1083 1413 1135 in
1454 1081 1731 1137 infernum
1767 1083 2040 1138 deductus

468 1187 613 1234 sum,
650 1173 741 1227 sed
776 1174 929 1229 solus
989 1174 1287 1237 descendi:
1347 1175 1630 1228 subaudiri
1679 1175 1822 1228 enim
1879 1176 2041 1230 debet

466 1265 719 1327 verbum,
751 1263 903 1318 Fuit.
957 1267 1206 1333 Accessi,
1239 1267 1436 1336 inquit,
1470 1265 1536 1320 ad
1585 1275 1832 1320 mortuos
1881 1266 2038 1329 liber,

466 1357 571 1411 hoc
621 1366 738 1422 est,
792 1359 984 1413 insons
1021 1368 1184 1429 atque
1252 1359 1559 1423 innocens,
1605 1358 1758 1412 abest
1789 1358 1933 1411 enim
1973 1357 2040 1428 (Α

467 1446 667 1516 culpa).
720 1449 923 1503 Omnes
969 1451 1112 1503 enim
1140 1450 1233 1503 alii
1287 1458 1573 1518 peccatum
1623 1463 1808 1502 secum
1842 1448 2044 1503 habent

468 1547 527 1592 ut
573 1555 794 1594 causam
825 1543 1041 1595 mortis.
1079 1541 1242 1597 Poena
1293 1542 1438 1596 enim
1493 1557 1558 1596 ac
1599 1544 1770 1595 multa
1803 1543 2041 1612 peccati,

468 1644 654 1695 mors;
707 1632 856 1686 solus
907 1641 1091 1688 autem
1139 1632 1396 1688 Christus
1430 1633 1642 1698 insons,
1671 1641 1726 1688 et
1759 1635 1879 1688 sine
1910 1647 2038 1703 pec-

470 1728 593 1774 cato
621 1720 688 1774 ad
724 1730 955 1776 mortem
989 1725 1244 1779 accessit.
1275 1723 1370 1778 Vel
1399 1721 1579 1788 Liber,
1613 1723 1741 1793 quia
1767 1724 1856 1776 alii
1888 1723 2043 1777 inviti

471 1809 808 1874 moriuntur,
863 1820 917 1866 et
955 1812 1075 1867 ideo
1105 1813 1296 1867 mortis
1323 1812 1466 1867 servi
1498 1824 1664 1868 sunt:
1699 1822 1752 1867 at
1783 1813 2045 1870 Christus-

471 1912 664 1967 sponte
686 1917 780 1956 sua
833 1917 896 1958 ac
917 1904 1105 1958 volens
1139 1911 1386 1959 mortuus
1419 1911 1523 1959 est.
1552 1903 1874 1964 Potestatem
1899 1905 2042 1961 enim

471 1991 671 2060 inquit,
707 1992 872 2047 habeo
901 1993 1129 2064 ponendi
1170 1996 1403 2049 animam
1431 2012 1595 2049 meant
1629 1996 1695 2049 ’9.
1734 1994 1831 2050 Vel
1860 1997 2045 2062 aliter,

471 2080 650 2147 Liber,
685 2086 852 2138 veluti
883 2085 976 2154 qui
1007 2085 1209 2140 inferni
1243 2087 1479 2142 vinculis
1513 2102 1621 2163 non
1651 2097 1732 2141 cst
1768 2087 2044 2152 detentus,

470 2175 565 2230 sed
593 2189 719 2232 cum
753 2177 1047 2233 antoritate
1083 2185 1246 2248 atque
1279 2193 1402 2233 cum
1453 2179 1721 2249 dignitate
1773 2180 1902 2238 illnc
1949 2179 2048 2238 de-

471 2267 707 2331 scendit,
735 2275 896 2335 atqne
918 2268 1116 2323 ibidem
1141 2267 1304 2323 etiam
1331 2278 1684 2324 conversatus
1706 2279 1810 2334 est,
1835 2277 1886 2323 et
1911 2269 2049 2323 alio-

471 2371 593 2409 rum
622 2359 840 2411 vincula
873 2359 1149 2420 dissolvit.
1205 2359 1480 2414 Praeterea
1524 2361 1618 2414 illa
1657 2361 1872 2415 ratione
1912 2361 2049 2414 liber

474 2447 680 2501 dicitur
711 2447 986 2516 Christus,
1023 2452 1154 2522 quia
1202 2460 1466 2522 tanquam
1531 2453 1676 2508 Deus
1713 2456 1872 2508 murti
1920 2456 2050 2509 sub-

475 2538 628 2592 ditus
657 2555 768 2593 non
805 2540 932 2597 fuit.
1577 2552 1592 2567 '

545 2630 712 2688 Vens.
761 2633 814 2686 6.
859 2633 1011 2688 Sicut
1051 2634 1314 2690 vulnerati
1347 2636 1666 2690 dormientes
1694 2637 1746 2689 in
1787 2637 2047 2705 sepulcro.

477 2721 768 2782 Subaudiri
822 2725 985 2780 etiam
1036 2729 1196 2784 debet
1231 2727 1332 2781 hoc
1389 2729 1598 2782 inloco
1650 2730 1871 2784 verbum
1923 2729 2047 2785 Fui.

480 2817 847 2892 Symmachus
876 2836 1007 2876 vero
1039 2823 1112 2874 ita
1141 2822 1420 2877 reddidit:
1460 2821 1630 2886 Quasi
1659 2822 2049 2893 vulneratija-

476 2923 646 2972 centes
674 2916 726 2968 in
757 2913 1036 2982 sepulcris.

552 3005 790 3073 Quorum
823 3024 926 3062 non
975 3024 1029 3063 es
1063 3024 1262 3062 memor
1307 3005 1558 3074 amplius.
1612 3007 1748 3062 Cum
1781 3008 1894 3078 jam
1930 3022 2054 3064 cor-
2079 3029 2122 3088 α

477 3100 621 3166 rupti
655 3100 767 3154 sint
810 3100 1056 3169 atquein
1087 3101 1362 3169 pulverem
1397 3100 1647 3155 resoluti.

553 3187 618 3240 Et
673 3190 776 3257 ipsi
827 3190 890 3243 de
943 3206 1107 3243 manu
1155 3200 1246 3244 tua
1273 3192 1470 3260 repulsi
1495 3199 1641 3246 sunt.
1673 3191 1752 3246 llli
1789 3194 2051 3250 nimirum

482 3277 573 3347 qui
608 3281 678 3332 ob
714 3280 935 3349 propria
966 3289 1191 3349 peccata
1223 3283 1290 3336 ab
1323 3283 1530 3336 auxilio
1571 3293 1662 3340 tuo
1703 3285 2052 3342 deciderunt.

485 3370 697 3426 Similis
727 3371 895 3436 enim,
929 3371 1132 3440 inquit,
1169 3373 1345 3427 factus
1374 3389 1494 3427 sum
1527 3366 1845 3443 huiusmodi
1877 3378 2055 3432 homi-

483 3461 671 3526 nibus,
721 3461 1020 3517 multorum
1071 3462 1284 3516 scilicet
1316 3461 1598 3531 opinione,
1652 3464 1866 3518 tametsi
1912 3464 2055 3520 haud

487 3557 560 3619 ita
608 3564 776 3614 esset.
829 3555 1003 3619 LiCrt,
1065 3556 1264 3626 inquit,
1298 3557 1469 3611 clavis
1513 3556 1807 3613 confossus
1839 3558 1938 3612 sim
2003 3568 2058 3614 et

485 3648 699 3711 lancea,
731 3664 794 3702 ac
826 3649 1043 3718 positus
1073 3651 1239 3710 etiam
1285 3649 1338 3702 in
1374 3649 1654 3718 sepulcro,
1705 3664 1734 3702 a
1787 3659 1838 3704 te
1875 3658 2056 3705 tamen

488 3757 594 3796 non
627 3758 746 3796 sum
779 3742 1089 3807 derelictus,
1137 3740 1322 3810 Neque
1351 3742 1496 3796 enim
1549 3750 1609 3795 tu
1662 3743 1766 3796 mei
1815 3758 2056 3811 unquam

483 3835 690 3889 oblitus
718 3850 798 3900 es,
828 3834 918 3904 qui
945 3835 1072 3888 olim
1108 3835 1391 3906 pollicitus
1430 3834 1615 3888 fueras
1664 3850 1767 3887 non
1802 3835 2055 3886 daturum

486 3938 534 3986 te
561 3945 668 3983 esse
699 3941 941 3981 sanetum
974 3937 1122 3982 tuum
1157 3927 1332 3982 videre
1350 3928 1740 3992 corruptionem
1768 3927 1832 3980 3°.
1864 3925 2056 3994 Neque

486 4021 644 4076 etiam
673 4022 742 4077 de
774 4037 934 4076 manu
964 4029 1057 4076 tua
1080 4023 1333 4092 repulsus
1365 4037 1510 4077 sum.
1558 4018 1642 4074 Me
1674 4021 1847 4085 enim,
1875 4019 2060 4090 inquit

488 4114 640 4176 alibi,
669 4123 892 4185 propter
924 4115 1296 4173 innocentiam
1331 4114 1649 4182 suscepisti.

563 4203 728 4263 Vens.
768 4206 821 4260 7.
866 4204 1166 4261 Posuerunt
1200 4223 1280 4259 me
1315 4206 1369 4258 in
1401 4204 1520 4258 lacu
1545 4204 1810 4273 inferiori.
1850 4200 1954 4256 Per
1979 4202 2060 4256 la-

485 4313 609 4354 cum
645 4297 958 4353 inferiorem
1009 4299 1351 4369 sepulturam
1391 4297 1669 4367 intelligit,
1710 4294 1869 4362 cujus
1919 4308 2049 4363 pro-

2137 442 2392 510 ἀφέντες
2415 442 2621 505 αὐτὸν,
2653 443 2907 510 ἔφυγον.
2938 438 3124 504 Ἔδοξε
3155 438 3254 508 μὲν
3286 435 3377 490 οὖν
3403 437 3726 509 ἀόοήθητος

2137 537 2246 596 τοῖς
2293 533 2603 604 ἀνθρώποις
2625 574 2638 596 ,
2670 536 2769 586 οὐκ
2812 529 2880 604 ἦν
2911 533 2966 584 δέ
2996 547 3009 561 ⁸
3068 533 3257 602 εἴρηκε
3292 531 3401 600 γὰρ
3438 530 3574 598 πρὸς
3607 531 3730 582 Πέ-

2138 641 2264 691 τρον
2289 640 2304 655 ο
2333 625 2398 677 Ἠ
2419 623 2616 690 δοκεῖς
2638 624 2727 678 ὅτι
2763 626 2833 678 οὐ
2866 623 3120 692 δύναμαι
3139 623 3267 690 ἄρτι
3293 623 3729 690 παρακαλέσαι

2139 714 2248 767 τὸν
2281 715 2510 782 Πατέρα
2530 733 2670 783 μου,
2723 717 2820 770 καὶ
2852 713 3230 782 παραστήσει
3261 733 3360 784 μοι
3402 715 3650 778 πλείους
3681 713 3726 780 ἢ

2139 807 2367 862 δώδεκα
2398 809 2696 878 λεγεῶνας
2730 811 3004 880 ἀγγέλων
3021 824 3042 870 ;

2219 992 2323 1045 Ἐν
2352 994 2589 1060 νεκροῖς
2631 995 2968 1061 ἐλεύθερος.
3024 991 3340 1062 Ἐλεύθερος
3372 990 3679 1060 διαφθορᾶς
3709 1006 3729 1021 ⁸

2142 1085 2199 1155 ἢ,
2252 1087 2325 1156 μὴ
2375 1087 2468 1139 ὑπ’
2506 1087 2682 1141 ἄλλων
2731 1087 3107 1157 καταγόμενος
3137 1085 3218 1148 εἰς
3259 1085 3350 1139 τὸν
3383 1084 3537 1156 ᾅδην,
3583 1085 3733 1137 ἀλλὰ

2147 1177 2312 1245 μόνος
2336 1178 2561 1234 κατιών.
2599 1179 3123 1250 Προσυπακουστέον
3150 1181 3205 1232 δὲ
3235 1184 3316 1245 me,
3372 1177 3728 1247 Ἐγενήθην.

2157 1271 2463 1341 Ἀφικόμην
2514 1273 2593 1334 είς
2636 1271 2764 1335 τοὺς
2821 1271 3052 1339 νεκροὺς
3119 1270 3432 1341 ἐλεύθερος,
3477 1270 3505 1322 ὅ
3543 1269 3732 1330 ἐστιν,

2143 1364 2407 1428 ἀναίτιος,
2436 1362 2774 1427 ἐλλείποντος
2806 1365 2900 1417 τοῦ
2938 1364 3165 1436 ἄρθρου.
3203 1365 3264 1417 Oi
3291 1364 3391 1432 μὲν
3425 1361 3533 1433 γὰρ
3567 1360 3735 1413 ἄλλοι

2145 1454 2349 1516 πάντες
2377 1453 2555 1507 αἰτίαν
2585 1453 2770 1524 ἔχουσι
2796 1454 3028 1508 θανάτου
3066 1453 3162 1524 τὴν
3187 1454 3493 1524 ἁμαρτίαν⁹
3541 1450 3735 1503 ἐπιτί-

2150 1563 2271 1616 μιον
2294 1547 2402 1615 γὰρ
2421 1548 2519 1616 τῆς
2541 1547 2818 1617 ἁμαρτίας
2847 1549 2873 1600 ό
2924 1547 3172 1610 Θάνατος·
3199 1545 3359 1615 μόνος
3380 1543 3436 1597 δὲ
3455 1544 3735 1607 ἀναίτιος,

2144 1638 2219 1703 ὡς
2265 1640 2668 1710 ἀναμάρτητος,
2701 1639 2728 1691 ό
2765 1639 3020 1709 Χριστός.
3077 1638 3149 1690 Ἥ
3179 1637 3484 1707 ἐλεύθερος,
3510 1634 3588 1697 ὡς
3614 1633 3739 1686 τῶν

2152 1730 2330 1783 ἄλλων
2389 1728 2489 1800 μὲν
2539 1728 2784 1782 ἀκόντων
2813 1727 3291 1797 ἀποθνησκόντων,
3328 1727 3423 1778 καὶ
3450 1725 3536 1778 διὰ
3565 1723 3741 1778 τοῦτο

2151 1818 2569 1887 δεδουλωμένων
2599 1817 2678 1889 τῷ
2701 1817 2918 1888 Θανάτῳ
2942 1857 2957 1881 ,
2995 1815 3091 1869 τοῦ
3121 1816 3176 1870 δὲ
3204 1815 3446 1887 Χριστοῦ
3481 1816 3736 1876 ἑκόντος.

2165 1911 2493 1975 Ἐξουσίαν
2529 1910 2659 1979 γὰρ,
2717 1909 2904 1980 φησὶν,
2971 1909 3090 1978 ἔχω
3139 1907 3326 1961 θεῖναι
3366 1905 3480 1975 τὴν
3513 1905 3741 1975 ψυχήν

2148 2019 2290 2072 μου.
2325 2003 2395 2055 Ἢ
2427 2000 2520 2054 καὶ
2572 1998 2782 2062 ἄλλως·
2823 1997 3130 2064 ἐλεύθερος,
3180 1997 3257 2058 ὡς
3319 1994 3392 2064 μὴ
3441 1992 3737 2061 συσχεθεὶς

2153 2096 2266 2158 τοῖς
2326 2094 2543 2163 δεσμοῖς
2594 2091 2687 2144 τοῦ
2727 2091 2876 2163 ᾅδου,
2921 2090 3056 2144 ἀλλά
3104 2086 3521 2151 κατ’-ἐξουσίαν
3556 2085 3617 2136 ἐν
3652 2083 3738 2153 τῷ

2155 2185 2257 2257 ᾄδῃ
2291 2183 2678 2254 ἀναστραφεὶς,
2710 2183 2804 2236 καὶ
2833 2182 2997 2243 λύσας
3030 2180 3229 2252 μᾶλλον
3259 2179 3385 2242 τοὺς
3416 2179 3525 2231 τῶν
3553 2176 3741 2231 ἄλλων

2155 2277 2411 2346 δεσμούς.
2475 2275 2634 2328 Ἐστι
2668 2274 2724 2329 δὲ
2770 2273 3054 2346 ἐλεύθερος
3100 2272 3426 2344 νεκρότητος
3452 2271 3548 2325 καὶ
3567 2269 3744 2324 θανά-

2155 2385 2273 2432 του,
2307 2368 2380 2431 ὡς
2404 2367 2558 2429 Θεός.

2241 2640 2399 2693 Ὠσεί
2418 2639 2768 2706 τραυματίαι
2783 2636 3176 2701 καθεύδοντες
3204 2635 3275 2689 ἐν
3302 2635 3488 2704 τάφῳ.
3513 2637 3740 2705 Προση-

2159 2730 2496 2783 πακουστέον
2522 2726 2803 2783 κάνταῦθα
2824 2727 2884 2780 τδ
2911 2726 3254 2795 Ἐγενήθην.
3287 2725 3346 2778 '0
3364 2725 3419 2777 δὲ
3438 2727 3740 2794 Σύμμαχος

2158 2821 2441 2889 ἐξέδωκεν,
2482 2822 2641 2875 Ὠσεὶ
2678 2817 3178 2889 τραυματισμένοι
3230 2818 3486 2886 κείμενοι
3528 2817 3595 2870 ἐν
3636 2815 3737 2869 τά·

2160 2935 2319 2983 μοις.

2227 3005 2341 3064 Ὧν
2398 3010 2512 3063 οὐκ
2565 3004 2875 3076 ἐμνήσθης
2925 3003 3032 3058 ἔτι.
3093 3002 3424 3073 Σηπομένων
3497 2987 3590 3054 καὶ
3656 3003 3737 3066 εἰς

2159 3103 2290 3174 χοῦν
2347 3099 2743 3170 διαλυομένων.

2230 3189 2339 3245 Kal
2368 3188 2536 3241 αὐτοὶ
2563 3186 2632 3240 ἐκ
2669 3182 2779 3250 τῆς
2801 3183 2998 3254 χειρός
3019 3197 3135 3237 σου
3153 3181 3549 3249 ἁπώσθησαν.
3587 3181 3738 3235 Οἴτι-

2157 3300 2245 3346 νες
2274 3282 2338 3335 ὲκ
2365 3281 2466 3350 τῆς
2493 3277 2833 3349 ἀντιλήψεως
2867 3294 2962 3331 σου
2999 3276 3259 3340 ἐξέπεσον
3301 3274 3389 3329 διὰ
3424 3275 3519 3333 τὰς
3550 3275 3735 3344 ἁμαρ-

2157 3371 2279 3435 τίας
2309 3371 2512 3426 αὐτῶν.
2579 3368 2904 3439 Ὦμοιὼθην,
2939 3369 3093 3437 φασὶ,
3138 3367 3422 3429 τοιούτοις,
3467 3367 3588 3419 ὅσον
3641 3366 3736 3418 ἐπὶ

2161 3464 2228 3534 τῇ
2268 3460 2536 3532 ὑπολήψει
2569 3461 2677 3513 τῶν
2701 3458 3062 3528 ἀνθρωπίνων
3090 3475 3104 3489 ο
3142 3457 3242 3510 οὐκ
3281 3458 3431 3527 ἥμην
3470 3459 3523 3511 δὲ
3559 3457 3737 3510 τοιοῦ-

2160 3573 2276 3619 τος.
2333 3555 2395 3608 Ei
2427 3555 2532 3626 γὰρ
2565 3555 2659 3608 καὶ
2696 3551 2945 3624 ἐτρώθην
2974 3550 3125 3621 ἥλοις
3149 3549 3243 3603 καὶ
3271 3550 3464 3621 λόγχῃ,
3492 3550 3587 3602 καὶ
3613 3550 3731 3602 ἐτέ-

2162 3652 2260 3722 Θην
2297 3652 2356 3704 ὲν
2403 3651 2580 3722 ccipe),
2613 3648 2729 3704 ἀλλ’
2782 3649 2880 3702 οὐκ
2931 3647 3244 3718 ἑπελὴσθην
3292 3648 3444 3717 παρὰ
3499 3646 3616 3698 σοί·
3652 3647 3733 3700 Οὐ

2159 3743 2268 3813 γὰρ
2291 3741 2529 3810 δώσεις,
2556 3742 2710 3812 φησὶ,
2740 3740 2848 3795 τὸν
2873 3739 3047 3795 ὅσιόν
3073 3755 3190 3794 σου
3219 3739 3366 3794 ίδεῖν
3387 3738 3732 3807 διαφθοράν·

2161 3834 2269 3887 οὐδ’
2301 3833 2563 3904 ἀπώσθην
2602 3835 2666 3887 ἑκ
2702 3833 2800 3903 τῆς
2832 3833 3020 3903 χειρός
3051 3848 3170 3888 σου.
3215 3829 3382 3902 Ἐμοῦ
3415 3831 3546 3902 γὰρ,
3579 3830 3732 3900 φησὶ,

2159 3925 2247 3980 διὰ
2268 3926 2366 3997 τὴν
2391 3925 2630 3980 ἀκακίαν
2653 3923 2976 3979 ἀντελάϐου.

2236 4196 2485 4250 Ἔθεντό
2501 4212 2577 4264 με
2608 4194 2678 4248 ἐν
2703 4191 2912 4259 λάκκῳ
2943 4193 3275 4257 κατωτάτω.
3306 4191 3523 4245 Δάκκον
3555 4190 3730 4243 κατώ-

2161 4307 2324 4344 τατον
2349 4287 2438 4342 τὸν
2470 4287 2640 4356 τάφον
2675 4285 2862 4354 φησὶν,
2908 4279 2968 4338 οὗ
2993 4287 3051 4340 τὸ
3083 4285 3246 4356 βάθος
3271 4283 3498 4351 καρδίαν
3528 4283 3630 4352 γῆς
3659 4284 3731 4336 εἴ·

486 4390 811 4445 iunditatem
860 4390 1112 4444 Christus
1161 4390 1215 4442 in
1250 4389 1565 4454 Evangelio,
1603 4389 1710 4443 Cor
1747 4397 1904 4441 terrm
1954 4401 2052 4454 ap-

2163 4398 2299 4453 ρηκε
2340 4381 2433 4433 καὶ
2473 4380 2530 4431 ἐν
2565 4382 2676 4442 τοῖς
2720 4378 3074 4446 Εὖαγγελίοις
3109 4380 3137 4430 ὁ
3169 4376 3403 4447 Χριστός
3427 4393 3439 4406 ·
3476 4375 3656 4427 ἔθεντο
3679 4376 3732 4428 δέ

486 4482 709 4552 pellavit
764 4482 1004 4536 dicens:
1047 4481 1139 4536 Sic
1203 4481 1300 4534 erit
1343 4477 1516 4533 Filius
1539 4481 1767 4536 hominis
1824 4481 1875 4531 in
1904 4476 2060 4532 corde

2171 4492 2238 4546 με
2286 4475 2334 4526 oi
2378 4473 2506 4542 περί
2537 4471 2635 4541 τὴν
2665 4469 2842 4541 ταφὴν
2860 4470 3305 4540 διακονήσαντες.

489 4587 676 4639 terrae,
730 4575 896 4630 tribus
931 4573 1111 4631 diebus
1156 4583 1204 4628 et
1260 4573 1423 4628 tribus
1457 4573 1697 4628 noctibus
1734 4573 1801 4626 ’⁸.
1842 4571 1927 4626 llli
1960 4578 2141 4628 autem
2197 4567 2252 4622 in
2336 4582 2398 4623 ea
2455 4582 2539 4620 me
2592 4572 2909 4636 posuerunt,
2980 4561 3074 4632 qui
3158 4559 3487 4632 sepulturam
3561 4574 3730 4614 meam

487 4674 768 4722 curarunt.

555 4751 622 4806 In
679 4751 960 4806 tenebrosis
1007 4762 1056 4807 et
1109 4755 1166 4806 in
1218 4751 1407 4806 umbra
1440 4752 1652 4806 mortis.
1682 4751 1739 4806 lu
1775 4751 1936 4812 locis,
1971 4752 2058 4804 in—

490 4860 691 4914 quam,
742 4844 1076 4901 tenebrosis.
1141 4843 1502 4916 Superposito
1559 4843 1704 4899 enim
1767 4843 2060 4911 sepulturae

487 4936 689 5008 lapide,
751 4939 990 4994 tenebrae
1042 4939 1098 4992 in
1134 4953 1197 4993 ea
1251 4937 1581 4993 etliciuntur.
1645 4935 1752 4990 Per
1803 4935 2056 4988 umbram

487 5031 652 5086 etiam
687 5030 903 5097 mortis,
957 5030 1245 5085 tenebrosa
1296 5030 1590 5099 sepulturae
1623 5029 1742 5082 loca
1777 5026 2060 5096 signiﬁca-

491 5123 588 5188 vit,
621 5120 886 5177 varietate
920 5137 1052 5178 usus
1102 5121 1394 5176 sermonis.
1452 5119 1732 5190 Siquidem
1794 5119 2060 5172 umbrosa

493 5217 614 5276 loca
652 5214 944 5270 tenebrosa
978 5215 1143 5269 etiam
1174 5213 1538 5284 appellamus.

565 5307 730 5363 Vens.
773 5307 828 5362 8.
869 5306 1041 5375 Super
1074 5323 1152 5360 me
1195 5305 1548 5374 conﬁrmatus
1593 5311 1670 5356 est
1723 5303 1874 5372 [uror
1923 5311 2067 5358 tuus.

499 5387 870 5466 Symmachus
921 5413 1020 5468 pro
1051 5397 1410 5466 Conﬁrmatus
1447 5394 1706 5458 reddidit,
1739 5398 2070 5462 Aggravatns

491 5501 592 5544 est.
625 5489 681 5544 ln
716 5504 824 5554 me,
869 5490 1069 5560 inquit,
1115 5491 1274 5544 irruit
1309 5487 1387 5543 ira
1419 5496 1514 5541 tua
1539 5500 1704 5556 quam
1731 5483 1930 5540 delicm
1960 5484 2061 5538 ho-

538 5668 540 5670 '
576 5668 620 5699 ι’
659 5668 854 5724 Matth.
913 5682 1060 5735 xxvi,
1099 5667 1190 5727 56.
1266 5667 1312 5700 "
1348 5665 1486 5722 Ibid.
1527 5665 1614 5720 55.
1691 5665 1735 5697 ’³
1767 5660 1925 5717 Joan.
1961 5677 2015 5728 κ.
2049 5659 2136 5715 18-

2246 4745 2349 4797 Ἐν
2375 4740 2712 4805 σκοτεινοῖς
2742 4739 2840 4793 καὶ
2871 4739 2941 4792 ἐν
2969 4736 3115 4805 σκιᾷ
3152 4735 3438 4794 θανάτου.
3483 4739 3571 4791 Ἐν
3606 4756 3727 4791 σκο-

2165 4836 2362 4899 τεινοῖς
2395 4834 2613 4896 τόποις’
2641 4831 2985 4894 ἐπιτεθέντος
3002 4829 3112 4900 γὰρ
3139 4828 3233 4881 τοῦ
3256 4828 3427 4893 λίθου,
3457 4831 3644 4893 σκότος
3675 4833 3727 4883 ἐν

2159 4931 2273 4993 τοῖς
2310 4926 2404 4981 τοῦ
2437 4925 2702 4998 μνημείου
2731 4925 2922 4993 γέγονε
2957 4923 3146 4986 τόποις
3172 4939 3188 4953 ⁸
3215 4921 3376 4975 σκιὰν
3415 4921 3470 4975 δὲ
3504 4922 3726 4975 θανάτου

2160 5021 2324 5075 πάλιν
2351 5019 2480 5082 τοὺς
2511 5019 2569 5070 ἐν
2598 5017 2676 5086 τῷ
2697 5015 2852 5085 τάφῳ
2884 5015 3193 5078 σκοτεινοῦς
3224 5013 3372 5079 λέγει
3399 5013 3598 5076 τόπους
3617 5031 3630 5045 ο
3671 5015 3731 5066 δι’

2171 5114 2374 5184 ἐτέρων
2407 5109 2605 5175 λέξεων
2659 5108 2719 5162 τὸ
2741 5108 2870 5162 αὐτὸ
2900 5107 3178 5178 σημαίνει.
3211 5103 3347 5160 Σκιά
3376 5105 3485 5173 γὰρ
3523 5105 3730 5173 λέγεται
3766 5143 3777 5160 .

2176 5206 2268 5258 καὶ
2306 5203 2367 5256 τὸ
2394 5203 2604 5266 σκότος.

2249 5294 2375 5347 Ἐπ’
2412 5292 2514 5362 ἐμὲ
2561 5292 2964 5359 ἐπεστηρίχθη
2997 5293 3030 5342 ὁ
3059 5290 3244 5358 θυμός
3287 5305 3423 5342 σου.
3457 5287 3550 5351 Τὸ,
3575 5288 3734 5342 Ἐπεο

2180 5386 2500 5454 στηρίχθη,
2539 5386 2567 5436 ό
2622 5382 2940 5452 Σύμμαχος,
2979 5379 3394 5447 Ἐπεϐάρησεν
3453 5378 3730 5442 ἐξέδωκεν.

2183 5478 2335 5549 Ἐμὲ,
2394 5477 2548 5546 φησὶ,
2607 5475 2952 5544 κατέσκηψεν
3015 5476 3042 5527 ὀ
3103 5474 3242 5527 κατὰ
3291 5471 3398 5524 τῶν
3443 5469 3732 5541 ἀνθρώπων

2250 5660 2294 5692 ³⁸
2328 5655 2476 5714 Psal.
2508 5671 2594 5722 xv,
2632 5655 2716 5709 10.
2796 5655 2837 5687 ⁸·
2869 5653 3061 5710 Matth.
3100 5667 3198 5718 xu,
3230 5651 3319 5706 ιο.
