4084 6210
565 288 669 354 893

1764 296 2145 358 EUTHYMII
2175 296 2538 357 ZIGABENI

3698 306 3807 368 89η

640 404 806 461 Vens.
830 405 917 461 12.
944 404 1679 477 Numquidjnarrabitaliquis
1710 409 2027 479 insepulcro
2055 413 2136 465 mi«

2340 407 2435 475 Μὴ
2476 409 2833 478 διηγήσεταί
2862 428 2952 478 τις
2989 416 3057 468 ἐν
3094 416 3257 485 τάφῳ
3287 416 3349 469 τὸ
3385 418 3555 481 ἔλεός
3583 434 3700 471 σου
3734 425 3827 474 καὶ

566 499 907 551 sericordiam
928 507 1071 550 tuam
1090 499 1115 551 ἱ)
1146 508 1237 551 aut
1266 501 1531 553 veritatem
1558 510 1701 554 tuam
1731 504 1783 555 in
1814 504 2153 571 perditione?

572 589 648 641 Ad
688 589 932 642 eamdem
979 591 1093 643 inec
1123 592 1289 646 verba
1341 593 1668 646 sententiam
1739 596 2036 663 pertinent.
2084 596 2152 651 Et

566 694 664 745 per
701 679 1089 746 perditionem,
1129 696 1324 736 rursus
1364 684 1683 749 sepulcrum
1711 686 1993 756 intelligit,
2033 690 2150 741 vei-

569 770 646 822 uti
699 771 841 837 quod
874 772 1141 826 cadavera
1167 774 1275 827 illic
1299 776 1531 842 jacentia
1559 781 1866 848 corrumpit
1932 795 1994 833 ac
2027 797 2148 850 pero

563 860 663 913 dit.
703 863 947 918 Diximus
991 873 1174 918 autem
1224 868 1353 920 alibi
1398 869 1543 937 quod
1583 873 1828 923 eamdem
1876 872 2146 941 PrOpheta

488 1008 496 1013 ,
567 958 900 1006 sententiam
962 972 1343 1025 smpentttttero
1392 960 1557 1012 variis
1588 963 1787 1029 repetit
1836 964 2038 1027 modis,
2068 971 2148 1017 at-

565 1058 673 1111 que
703 1043 806 1097 hoc
834 1046 1105 1114 prateipue
1133 1048 1348 1116 quoties
1395 1050 1647 1103 allectum
1706 1053 1996 1120 quemdam
2032 1056 2150 1109 ani-

564 1137 635 1189 mi
686 1137 800 1191 vult
840 1140 1136 1205 explicare.
1185 1141 1298 1193 Non
1338 1152 1588 1199 mortuus
1618 1146 1914 1213 quispiam,
1949 1148 2145 1218 inquit,

563 1226 660 1279 sed
712 1228 903 1283 vivens
940 1230 1062 1298 quis
1121 1239 1267 1285 tttam
1338 1234 1539 1287 sentiet
1590 1237 2051 1302 miscricordiam,
2095 1249 2149 1293 et

563 1317 873 1372 hominibus
958 1338 1075 1375 eam
1152 1327 1521 1379 attnuutixtbit.
1598 1326 1671 1381 De
1700 1329 1926 1385 veritate
1966 1340 2144 1386 autem

564 1409 679 1471 Dei,
718 1411 923 1466 dictum
955 1426 1032 1469 est
1067 1416 1118 1469 in
1153 1418 1364 1484 psalmo
1399 1437 1547 1475 XXIX.

558 1557 563 1560 ,
633 1500 797 1555 Vens.
822 1504 910 1557 15.
937 1503 1210 1573 Numquid
1240 1521 1616 1575 cognoscentur
1639 1514 1691 1565 in
1725 1514 1950 1569 tenebris
1981 1517 2147 1571 mira-

563 1592 693 1645 bilia
728 1604 819 1647 tua
847 1636 860 1660 ,
893 1604 943 1649 et
971 1598 1183 1664 justitia
1221 1610 1311 1653 tua
1354 1602 1405 1655 in
1440 1612 1582 1657 terra
1622 1605 1827 1661 obtita?
1860 1607 1961 1663 Per
1993 1619 2147 1665 tene-

575 1685 772 1740 nebras
842 1690 1180 1757 sepulturam
1243 1693 1471 1763 intelligi
1542 1698 1815 1762 diximus,
1895 1702 2143 1757 eamdem

2254 496 2369 565 τὴν
2392 499 2685 564 ἀλήθειάν
2705 517 2822 557 σου
2844 504 2914 555 ἐν
2936 504 3008 572 τῇ
3031 507 3297 573 ἀπωλείᾳ
3320 525 3336 571 ;
3365 510 3473 577 Τῆς
3491 509 3662 577 αὐτῆς
3684 510 3836 563 ἐστιν

2256 589 2466 652 ἐννοίας
2496 592 2588 645 καὶ
2616 594 2809 648 ταῦτα.
2861 596 3166 652 ’Ᾱπώλειαν
3214 600 3270 651 δὲ
3312 600 3406 652 τὸν
3449 602 3621 667 τάφον
3667 602 3833 655 πάλιν

2253 679 2562 749 ὠνόμασεν,
2599 683 2674 746 ὼς
2706 684 3092 758 διαφθείροντα
3138 691 3231 743 τὸν
3259 690 3580 760 ἐγκεξμενον
3612 695 3833 762 νεκρόν.

2252 771 2569 842 Εξρήκαμεν
2594 775 2675 840 δὲ,
2724 778 2805 829 ὅτι
2846 779 2914 832 τὰ
2943 779 3080 832 αὐτὰ
3106 781 3173 833 δι’
3206 783 3413 851 ἐτέρων
3456 783 3718 846 πολλάκις
3746 785 3833 835 λέ-

2252 862 2389 927 ξεων
2426 866 2453 916 ὁ
2489 865 2783 938 Προφήτης
2808 869 2961 937 λέγει
2990 910 3003 936 ,
3062 874 3157 926 καὶ
3190 873 3393 943 μᾶλλον
3417 877 3472 928 ὲν
3497 878 3611 937 τοῖς
3648 876 3831 944 παθη-

2250 957 2445 1017 τικοῖς.
2480 957 2592 1027 Οὐχ
2623 960 2651 1009 6
2685 960 2901 1030 νεκρὸς,
2928 962 3045 1015 ἀλλ’
3076 964 3102 1015 6
3128 962 3256 1026 ζῶν,
3288 966 3475 1033 φησὶν,
3505 965 3829 1020 αἰσθάνεται

2250 1042 2344 1094 τοῦ
2389 1044 2575 1109 ἐλέους
2634 1064 2747 1111 σου,
2819 1052 2913 1103 καὶ
2973 1052 3309 1120 ἀπαγγέλλει
3372 1053 3529 1107 τοῦτο
3571 1058 3685 1117 τοῖς
3734 1058 3835 1116 ἀν-

2253 1132 2515 1202 θρώποις.
2597 1139 2733 1209 Περὶ
2784 1140 2839 1194 δὲ
2891 1142 2990 1213 τῆς
3048 1144 3306 1214 ἀληθείας
3360 1146 3577 1216 εἴρηται
3638 1148 3699 1199 ὲν
3752 1148 3835 1217 τῷ

2252 1224 2333 1278 κθ¹
2372 1225 2594 1299 ψαλμῷ.

2320 1512 2415 1581 Μὴ
2455 1516 2874 1585 γνωσθήσεται
2911 1519 2981 1573 ἐν
3026 1518 3104 1586 τῷ
3141 1522 3348 1577 σκότει
3408 1525 3477 1577 τὰ
3520 1528 3829 1596 θαυμάσιιὶ

2248 1617 2393 1667 σου;
2421 1606 2519 1659 καὶ
2554 1608 2591 1675 ἡ
2624 1607 2983 1677 δικαιοσύνη
3012 1626 3129 1666 σου
3162 1613 3233 1667 ἐν
3252 1612 3329 1682 γῇ
3347 1614 3830 1685 ἑπιλελησμένῃ;

2254 1696 2452 1761 Σκότος
2495 1699 2643 1766 λέγει
2680 1700 2770 1754 τὸν
2798 1703 2855 1755 ἐν
2880 1704 2958 1769 τῷ
2989 1703 3145 1775 τάφῳ
3181 1705 3343 1759 πάλιν
3367 1707 3547 1772 τόπον,
3596 1709 3695 1761 τὸν
3732 1711 3831 1763 αὒ-

581 1776 745 1827 etiam
812 1785 1011 1832 terram
1065 1781 1290 1835 oblitam
1325 1762 1655 1853 ,appellavit.
1716 1791 1796 1843 Ab
1830 1791 2136 1852 hominibus

2252 1789 2341 1840 τὸν
2397 1790 2453 1843 δὲ
2506 1762 2599 1845 καὶ
2648 1793 2754 1862 γῆν
2804 1762 3277 1867 ἐπιλελησμενην·
3332 1800 3463 1868 παρ’
3514 1762 3829 1872 ἀνθρώποις

568 1868 789 1934 quidem
822 1871 988 1924 oblita
1021 1873 1255 1938 videtur,
1288 1876 1357 1930 ob
1392 1882 1821 1947 corruptionem,
1856 1894 1909 1939 et
1950 1902 1979 1940 a
2010 1887 2141 1953 Deo,

559 1958 688 2027 quia
729 1963 964 2030 amplius
996 1979 1102 2018 non
1149 1967 1360 2031 vivunt,
1418 1970 1509 2038 qui
1546 1972 1657 2026 illic
1705 1974 1913 2042 iacent.
1944 1977 2143 2036 Vivere

559 2049 708 2102 enim
744 2052 819 2105 illi
856 2052 1131 2120 dicuntur,
1166 2073 1397 2124 quorum
1430 2060 1566 2117 Deus
1589 2067 1985 2130 reminiscitur.
2009 2071 2142 2126 Om-

556 2139 647 2191 nia
700 2149 882 2195 autetn
922 2142 1036 2198 [nec
1090 2147 1256 2200 verba
1288 2148 1531 2216 ejusdem
1565 2159 1854 2211 sententiae
1888 2168 2041 2226 sunt,
2090 2169 2144 2217 et

555 2243 652 2297 per
675 2229 1156 2302 interrogationem
1188 2248 1241 2290 et
1270 2254 1392 2292 cum
1422 2240 1622 2295 affectu
1659 2244 1882 2313 legenda
1945 2258 2096 2302 sunt.

626 2321 790 2381 Vens.
826 2325 914 2379 Μ.
957 2326 1025 2379 Et
1063 2345 1153 2396 ego
1185 2331 1255 2381 ad
1293 2341 1361 2395 te,
1402 2331 1644 2399 Domine,
1676 2338 1918 2395 clamavi.
1952 2342 2017 2395 Et
2042 2358 2142 2413 ego

556 2415 721 2470 simul
765 2434 890 2472 cum
925 2421 1048 2474 aliis
1080 2423 1415 2490 hominibus,
1443 2428 1608 2483 veluti
1646 2434 1741 2502 qui
1784 2449 1946 2491 verus
1975 2439 2139 2492 etiam

555 2518 677 2557 sum
711 2504 901 2559 homo.

627 2593 693 2645 Et
735 2611 885 2648 mane
917 2600 1090 2652 oratio
1122 2616 1234 2654 mea
1272 2608 1546 2671 pra’ueniet
1580 2618 1644 2663 te.
1684 2610 1843 2667 Mane
1868 2614 2005 2671 dixit
2040 2632 2139 2687 pro

554 2683 680 2737 cito.
731 2684 853 2738 Cito
876 2689 1045 2756 enim,
1101 2691 1299 2760 inquit,
1348 2697 1523 2750 oratio
1570 2715 1686 2753 mea
1726 2703 1790 2757 ad
1847 2714 1900 2759 te
1937 2683 2137 2763 veniet.

554 2775 807 2832 Abundat
847 2790 1029 2834 autem
1086 2788 1399 2852 prmpositio
1443 2806 1573 2859 prte.
1617 2793 1747 2849 Ideo
1793 2805 1974 2851 autem
2028 2801 2138 2856 cito

556 2868 793 2921 venitad
839 2878 892 2924 te
938 2888 1055 2927 mea
1098 2878 1295 2941 oratio,
1348 2880 1477 2948 quia
1511 2883 1902 2952 impedimento
1933 2890 1981 2944 ei
2014 2906 2137 2948 esse

553 2971 659 3010 non
694 2970 919 3026 possunt
953 2974 1198 3032 peccata.

2255 1882 2354 1950 μὲν
2408 1882 2483 1945 ὡς
2529 1883 2828 1955 διαφθορᾶς
2858 1886 3153 1958 ἔμπλεων,
3190 1891 3343 1960 παρὰ
3383 1892 3501 1962 Θεῷ
3543 1894 3596 1946 δὲ
3631 1894 3708 1956 ὡς
3751 1893 3830 1963 μὴ

2251 1970 2453 2037 ζῶντος
2500 1974 2595 2028 τοῦ
2653 1978 3000 2048 ἐγκειμένου.
3038 1980 3181 2033 Ζῶσι
3231 1982 3340 2052 γὰρ
3383 1977 3457 2037 ὧν
3494 1986 3831 2055 μνημονεύει

2248 2064 2383 2129 Θεός
2410 2082 2424 2095 ·
2463 2067 2642 2121 πάντα
2677 2068 2733 2122 δὲ
2763 2070 2831 2123 τὰ
2866 2071 3104 2143 ρηθέντα
3128 2073 3226 2143 τῆς
3259 2074 3381 2142 ἴσης
3426 2075 3666 2139 διανοίας
3694 2077 3827 2130 ὅντα

2246 2159 2368 2211 κατ’
2399 2157 2671 2230 ἐρώτησιν
2698 2161 2907 2231 ἠθικῶς
2932 2165 3330 2232 ἀναγνωστέον.

2317 2332 2489 2401 Κάγὼ
2520 2336 2680 2404 πρὸς
2716 2337 2811 2405 σὲ,
2864 2340 3065 2408 Κύριε,
3100 2341 3421 2411 ἐκέκραξα.
3473 2344 3646 2411 Κάγὼ
3683 2347 3826 2416 μετὰ

2243 2418 2355 2474 τῶν
2378 2421 2555 2479 ἄλλων
2586 2426 2916 2496 ἀνθρώπων,
2952 2430 3027 2493 ὡς
3056 2431 3150 2484 καὶ
3184 2432 3346 2496 αὐτὸς
3372 2433 3683 2502 ἄνθρωπος.

2318 2601 2388 2652 Τὸ
2438 2604 2589 2669 πρωῒ
2626 2606 2662 2673 ή
2708 2608 3017 2678 προσευχὴ
3070 2628 3189 2678 μου
3225 2612 3557 2682 προφθὰσει
3600 2631 3694 2668 σε.
3747 2618 3820 2670 Τὸ

2240 2692 2410 2758 πρωῒ,
2465 2695 2586 2747 ἀντὶ
2632 2698 2723 2750 τοῦ
2771 2701 3001 2769 ταχέως.
3032 2702 3229 2770 φθάσει
3269 2706 3349 2767 εἰς
3379 2706 3435 2758 σὲ
3466 2708 3496 2776 ἡ
3533 2710 3818 2777 προσευχή

2242 2801 2369 2853 μου.
2390 2788 2710 2855 Περιττεύει
2736 2790 2793 2844 δὲ
2821 2794 2851 2862 ἠ
2876 2794 3248 2865 πρόθεσις.οὑ
3278 2797 3387 2866 γὰρ
3422 2799 3819 2867 ἐμποδίσουσιν

2238 2879 2378 2949 αὐτῇ
2415 2881 2708 2954 ἁμαρτίαι.

615 3047 780 3104 Vens.
844 3053 930 3106 15.
1011 3054 1222 3125 ΠισιιὶίΙ,
1298 3061 1543 3131 Domine,
1607 3072 1814 3137 repellis
1897 3075 2133 3129 animam

2313 3081 2439 3135 "Ira
2470 3083 2542 3149 τί,
2577 3085 2777 3153 Κύριε,
2807 3086 3063 3153 ἁπωθεῗς
3095 3088 3209 3155 τὴν
3244 3088 3456 3157 ψυχήν
3482 3108 3637 3158 nov;
3667 3092 3821 3144 ἀπο-

553 3144 764 3196 meam?
816 3148 1003 3201 avertis
1063 3150 1252 3217 facient
1305 3164 1449 3210 tuam
1505 3177 1537 3211 ιι
1592 3165 1710 3216 me?
1761 3164 1968 3221 Similia
2021 3169 2136 3224 haec

550 3244 678 3288 sunt
716 3236 782 3291 iis
807 3256 927 3306 qua;
954 3243 1225 3299 habentur
1255 3248 1307 3301 in
1338 3252 1545 3318 psalmo
1572 3271 1681 3319 rm,
1705 3257 1776 3311 ibi
1806 3275 1821 3311 :
1852 3261 2030 3325 Quare
2047 3264 2136 3317 de-

549 3326 808 3396 reliquidi
838 3348 917 3385 me
937 3334 962 3386 .9
991 3333 1123 3390 Item
1147 3353 1162 3391 :
1193 3338 1446 3396 Clamabo
1468 3360 1559 3412 per
1581 3347 1806 3415 diem,et
1845 3370 1945 3408 non
1975 3371 2137 3408 exan-

551 3417 685 3472 dies.
734 3419 859 3476 Haec
914 3436 1096 3481 autem
1142 3444 1206 3484 ex
1240 3447 1476 3501 persona
1524 3448 1733 3508 nostra,
1768 3443 2022 3504 Christus
2058 3451 2132 3505 ad

554 3507 769 3565 Patrem
817 3516 1109 3586 loquitur:
1147 3538 1245 3591 pro
1288 3526 1468 3591 nobis.
1523 3530 1767 3600 inquam,
1824 3540 1913 3607 qui
1970 3549 2132 3597 antea

550 3606 761 3669 expulsi
787 3623 1023 3666 eramus.
1054 3612 1497 3688 Uniuscujusque
1512 3623 1654 3675 enim
1675 3606 1847 3682 ﬁdelis
1869 3630 2129 3699 animam,

549 3698 823 3762 pmpriam
864 3701 1103 3757 animam
1148 3708 1411 3776 appellat,
1446 3711 1502 3765 in
1553 3730 1653 3769 sua
1686 3718 1860 3785 ipsius
1892 3737 2129 3791 persona

551 3800 999 3861 unumquemque
1038 3805 1289 3852 nostrum
1314 3803 1638 3871 subjiciens.
1674 3807 1877 3876 Quare,
1923 3813 2127 3883 inquit,

547 3878 724 3933 adhuc
755 3884 976 3952 repellis
1006 3889 1139 3943 eos?
1162 3889 1272 3960 Ego
1293 3894 1438 3947 enim
1469 3895 1727 3969 deinceps
1753 3916 1851 3970 pro
1873 3878 2128 3962 omnibus

549 3985 740 4038 poenas
771 3975 943 4031 solvo.

621 4061 766 4120 Vens
813 4068 903 4121 16.
940 4070 1100 4141 Inops
1132 4090 1248 4127 sum
1293 4092 1409 4146 ego,
1458 4086 1614 4140 atque
1656 4081 1711 4135 in
1751 4083 2016 4141 laboribus
2061 4090 2126 4142 ab

2242 3173 2519 3243 στρέφεις
2570 3176 2637 3230 τὸ
2696 3179 3023 3245 πρόσωπόν
3062 3196 3178 3234 σου
3220 3181 3321 3234 ἀπ’
3380 3182 3566 3252 ἑμοῦ;
3606 3182 3817 3252 Ὅμοια

2237 3269 2395 3320 ’ταυτὶ⁵
2428 3270 2542 3332 τοῖς
2573 3272 2756 3339 ῥητοῖς
2785 3271 2878 3324 τοῦ
2918 3278 3004 3324 »ια’
3034 3272 3272 3342 ψαλμοῦ,
3308 3273 3407 3343 τῷ.
3460 3272 3519 3325 Ἵ
3525 3290 3601 3326 να
3633 3277 3690 3327 τί
3716 3275 3818 3342 ἐτ’·

2237 3360 2555 3426 κατέλιπές
2572 3380 2692 3430 με;
2745 3365 2859 3429 καὶ,
2894 3364 2971 3434 τῷ
3003 3365 3377 3434 Κεκρὰξομαι
3430 3366 3677 3433 ἡμέρας,
3712 3368 3814 3420 καὶ

2236 3453 2347 3505 οὐκ
2395 3455 2734 3521 εἱσακούσῃ
2761 3472 2776 3487 ’
2814 3457 2960 3524 λέγει
2995 3457 3052 3510 δὲ
3095 3456 3268 3510 ταῦτα
3322 3459 3415 3511 καὶ
3462 3458 3603 3527 ὑπὲρ
3648 3459 3811 3526 ἡμῶν

2234 3541 2341 3595 τῶν
2376 3545 2506 3614 πρὶν
2538 3545 2904 3616 ἀπωσμένων,
2955 3547 3136 3618 ψυχὴν
3189 3548 3389 3602 ἑαυτοῦ
3438 3549 3536 3620 τὴν
3570 3551 3810 3603 ἑκάστου

2232 3632 2410 3703 ψυχὴν
2438 3636 2738 3707 ὀνομάζων,
2779 3639 2873 3692 καὶ
2903 3639 3096 3693 ἑαυτὸν
3122 3639 3300 3694 καλῶν
3344 3642 3579 3694 ἕκαστον
3620 3644 3807 3713 ἡμῶν.

2232 3726 2331 3778 Διὰ
2363 3726 2415 3778 τί
2445 3728 2706 3793 ἀπωθεῖς,
2742 3732 2928 3801 φησὶν,
2979 3731 3097 3799 Est;
3158 3732 3269 3786 Καὶ
3306 3731 3416 3803 γὰρ
3443 3732 3557 3804 ἐγὼ
3616 3733 3808 3788 λοιπὸν

2233 3814 2372 3885 ὑπὲρ
2405 3817 2625 3871 πάντων
2652 3818 2782 3874 τίνω
2814 3820 2992 3885 δίκας.

2299 4092 2540 4161 Πτωχός
2581 4093 2702 4161 εὶμί
2742 4093 2875 4163 ἐγὼ,
2909 4095 3009 4149 καὶ
3045 4096 3115 4149 ἐν
3153 4098 3364 4161 κόποις
3412 4096 3482 4151 ἐκ
3513 4098 3804 4165 νεότητός

548 4154 901 4212 adolescentia
935 4180 1069 4219 mea.
1106 4164 1181 4221 De
1213 4166 1315 4221 hac
1352 4167 1557 4223 Christi
1605 4172 1787 4242 inopia
1828 4179 2125 4248 Gregorius

2242 4199 2361 4237 nov.
2381 4154 2548 4253 Φησὶν
2571 4186 2598 4237 6
2624 4154 2874 4253 ὁεολόγος
2895 4188 3227 4258 Γρηγόριος·
3255 4154 3365 4242 Kal
3400 4192 3433 4242 ὁ
3466 4154 3803 4249 πλουτόζωτὶ

546 4245 854 4319 Tltcologus
886 4254 1134 4323 loquens,
1188 4261 1359 4317 dixit:
1395 4265 1500 4330 Qui
1540 4267 1682 4322 dives
1711 4280 1846 4336 erat,
1907 4245 2123 4343 elfectus

2242 4245 2547 4343 ττωχεόειο
2609 4245 2900 4348 πτωχέύὲι
2943 4245 3220 4349 Ira-puti);
3252 4278 3412 4349 ἐμὴν
3462 4282 3686 4347 σάρκα,
3721 4280 3801 4333 ἶν’

545 4348 621 4391 est
647 4341 812 4410 inops,
854 4347 1021 4415 inops,
1060 4351 1296 4420 inquam,
1333 4356 1394 4409 ob
1437 4375 1645 4414 carnem
1674 4379 1863 4430 meam,
1896 4376 1953 4419 ut
1975 4368 2122 4423 illius

2242 4341 2705 4435 ιγὼᾶτλουτήσω
2736 4341 2879 4436 "nar
2922 4341 3111 4425 αξυτξρθ
3149 4341 3419 4439 testata.
3475 4341 3685 4442 sane
3740 4375 3798 4428 at

546 4446 637 4500 ego
660 4433 934 4492 divinitate
962 4441 1104 4496 dives
1142 4444 1401 4515 efﬁcerer.
1435 4450 1510 4507 De
1539 4467 1597 4507 se
1619 4453 1735 4523 ipso
1771 4456 1934 4511 etiam
1963 4459 2124 4514 Chri—

2242 4433 2321 4511 ιαὶ
2354 4460 2518 4523 αὐτὸς
2570 4433 2609 4513 6V
2651 4433 2889 4530 Χριστὸς
2917 4462 3046 4531 περὶ
3086 4462 3282 4515 ἑαυτοῦ
3310 4433 3455 4532 ’πρὸς
3483 4433 3573 4518 τὸν
3602 4433 3799 4536 ’γραμ-

546 4531 665 4577 stus
709 4528 773 4579 ad
816 4531 1048 4586 scribam
1086 4536 1236 4590 illum
1264 4540 1505 4596 dicebat:
1540 4544 1730 4614 Vulpes
1757 4548 1988 4603 latebras
2028 4552 2123 4606 Ita-

2230 4552 2405 4621 ματέα
2432 4567 2445 4580 ’
2467 4554 2536 4605 Al
2568 4552 2875 4619 ἀλώπεκες
2902 4554 3175 4622 φωλεοὺς
3199 4554 3411 4622 ἔχουσι
3431 4595 3446 4620 ,
3473 4555 3574 4609 καὶ
3604 4557 3677 4609 τὰ
3698 4573 3799 4609 πε-

547 4616 686 4680 bent,
715 4629 762 4673 et
796 4622 1024 4680 volucres
1048 4630 1163 4682 ειειί
1180 4632 1351 4699 nidos,
1374 4633 1546 4688 Filius
1562 4647 1735 4693 autem
1762 4643 1990 4696 hominis
2021 4661 2122 4698 non

2242 4641 2388 4695 τεινὰ
2440 4643 2546 4696 τοῦ
2592 4616 2863 4711 obparoii
2885 4616 3399 4711 κατασκηνώσεις.
3447 4646 3501 4698 Ὀ
3553 4645 3626 4699 δὲ
3663 4647 3795 4711 Υἱὸς

546 4706 696 4760 habet
722 4711 811 4765 ubi
841 4716 1054 4771 reclinet
1085 4733 1244 4788 caput
1277 4740 1428 4777 suum
1453 4728 1518 4780 ".
1560 4727 1622 4782 In
1648 4730 1916 4787 laboribus
1939 4744 2118 4789 autem

2242 4735 2328 4789 τοῦ
2354 4706 2674 4802 ἀνθρώποο
2697 4737 2808 4789 οὐκ
2832 4736 2955 4803 ἔχει
2989 4736 3109 4790 ποῦ
3133 4706 3248 4804 τὴν
3269 4706 3545 4805 κεῷαλήν
3564 4737 3792 4792 κλῖναι·

549 4805 715 4865 atque
746 4803 807 4853 ab
841 4806 1218 4877 adolescentia,
1250 4816 1451 4869 dictum
1488 4828 1592 4883 est,
1618 4822 1742 4889 quia
1784 4824 1851 4877 ab
1876 4825 2009 4893 ipsis
2037 4826 2121 4879 in-

2221 4827 2280 4879 ἐν
2313 4827 2504 4891 κόποις
2533 4827 2590 4881 δὲ
2621 4828 2686 4880 ὲκ
2714 4828 2988 4897 νεότητος,
3013 4828 3147 4881 διότι
3178 4827 3237 4893 ἐξ
3258 4827 3439 4881 αὐτῶν
3463 4830 3793 4897 σπαργάνων

548 4891 839 4948 cunabulis
877 4896 1091 4955 insidia:
1144 4904 1413 4962 adversus
1467 4924 1591 4964 eum
1633 4915 2019 4985 tendebantur,
2065 4928 2120 4975 ct

2242 4919 2627 4983 stemmatis-ro,
2690 4921 2784 4972 καὶ
2830 4891 3085 4975 ἐδιώκετο
3132 4891 3238 4973 ὑπό
3289 4936 3350 4971 τε
3401 4891 3647 4989 Ἦρώδοο
3700 4920 3791 4972 καὶ

550 4982 674 5048 quia
728 4985 904 5043 infans
961 4997 1373 5061 persecutiones
1425 5003 1728 5061 sustinuit:
1774 5007 1840 5061 ab
1906 5008 2119 5066 Herode

2242 5013 2326 5064 ’ὦν
2392 4982 2661 5064 Ἰουδαίών
2699 5027 2714 5042 ·

2218 5102 2448 5172 πωρίας.

549 5076 757 5132 ερί1ἱ‹·θι
811 5091 978 5151 atque
1009 5100 1037 5137 a
1080 5085 1304 5153 Judteis,
1332 5106 1427 5162 per
1457 5093 1671 5151 labores
1714 5109 1893 5154 autem
1924 5117 2122 5153 acrum—

549 5182 648 5220 nas
683 5169 957 5241 intelligit.

619 5259 902 5317 Exaltatus
947 5276 1121 5321 autent
1158 5270 1468 5328 humiliatus
1519 5292 1655 5329 sum.
1698 5276 1977 5332 Exaltatus
2010 5280 2113 5334 nti-

544 5354 768 5418 raeulis,
795 5366 847 5409 et
881 5356 1174 5426 depressus
1206 5363 1814 5429 conviciisJudaeorum
1851 5369 2108 5424 nimirum

543 5444 817 5509 rpinione.
853 5448 946 5503 Vel
973 5453 1238 5510 exaltatus
1267 5458 1321 5511 in
1357 5470 1539 5525 cruce,
1574 5458 1888 5516 humiliatus
1932 5462 1985 5517 in
2028 5477 2112 5521 sc-

544 5532 755 5596 pulcro.
1465 5537 1468 5540 ’
1689 5537 1692 5539 λ
1928 5546 1933 5549 ’

622 5712 667 5743 δ’
711 5714 899 5770 Matth.
938 5734 1050 5784 vm,
1085 5719 1171 5775 20.

2772 5012 2978 5075 κόπους
3040 5014 3151 5083 γὰρ
3217 5012 3371 5081 λέγει
3436 5011 3537 5075 τὰς
3604 5011 3793 5065 ταλαιο

2300 5279 2586 5347 ’Υψωθεὶς
2611 5278 2680 5333 δὲ
2727 5279 3158 5347 ἐταπεινώθην.
3210 5280 3478 5350 Ὑψωθεὶς
3522 5284 3640 5344 τοῖς
3697 5298 3791 5350 cq-

2222 5371 2417 5440 μείοις,
2454 5372 2831 5442 ὲταπεινώθην
2865 5374 2981 5435 τοῖς
3014 5373 3528 5444 προπηλακισμοῖς,
3557 5375 3636 5438 ὡς
3674 5376 3789 5435 τοῖς

2230 5463 2502 5527 Ἰουδαίοις
2534 5464 2711 5530 ἔδοξεν
2734 5480 2750 5497 ·
2781 5464 2814 5533 ἢ
2846 5463 3085 5533 ὑψωθεὶς
3122 5465 3214 5519 ἐπὶ
3248 5463 3483 5535 σταυροῦ
3510 5507 3525 5529 ,
3560 5466 3783 5519 tunet-

2221 5556 2394 5625 νώοην
2428 5557 2506 5619 εἰς
2540 5558 2626 5611 τὸν
2658 5557 2844 5625 τάφον.
