  <div class='ocr_page' id='page_1' title='image "/cluster/home/n/w/nwhite01/storage/ocr_20150623/128/hvd.32044073502403/454.png"; bbox 0 0 4084 6210; ppageno 0'>
   <div class='ocr_carea' id='block_1_1' title="bbox 309 321 410 382">
    <p class='ocr_par' dir='ltr' id='par_1_1' title="bbox 309 321 410 382">
     <span class='ocr_line' id='line_1_1' title="bbox 309 321 410 382; baseline 0.02 -2"><span class='ocrx_word' id='word_1_1' title='bbox 309 321 410 382; x_wconf 63' lang='grc'><strong>397</strong></span> 
     </span>
    </p>
   </div>
   <div class='ocr_carea' id='block_1_2' title="bbox 301 521 1883 594">
    <p class='ocr_par' dir='ltr' id='par_1_2' title="bbox 301 521 1883 594">
     <span class='ocr_line' id='line_1_2' title="bbox 301 521 1883 594; baseline 0.001 -19"><span class='ocrx_word' id='word_1_2' title='bbox 301 525 464 593; x_wconf 63' lang='grc' dir='ltr'>λήψει</span> <span class='ocrx_word' id='word_1_3' title='bbox 515 522 627 574; x_wconf 81' lang='grc' dir='ltr'><strong>τῶν</strong></span> <span class='ocrx_word' id='word_1_4' title='bbox 681 521 976 590; x_wconf 71' lang='grc' dir='ltr'>Ἐϐραίων.</span> <span class='ocrx_word' id='word_1_5' title='bbox 1045 521 1232 587; x_wconf 81' lang='grc' dir='ltr'>Ἔδοξε</span> <span class='ocrx_word' id='word_1_6' title='bbox 1281 525 1394 593; x_wconf 77' lang='grc' dir='ltr'><strong>γὰρ</strong></span> <span class='ocrx_word' id='word_1_7' title='bbox 1445 525 1631 588; x_wconf 85' lang='grc' dir='ltr'>αὐτοῖς</span> <span class='ocrx_word' id='word_1_8' title='bbox 1679 528 1883 594; x_wconf 83' lang='grc' dir='ltr'>ἄπορος</span> 
     </span>
    </p>
   </div>
   <div class='ocr_carea' id='block_1_3' title="bbox 305 613 1885 687">
    <p class='ocr_par' dir='ltr' id='par_1_3' title="bbox 305 613 1885 687">
     <span class='ocr_line' id='line_1_3' title="bbox 305 613 1885 687; baseline 0.002 -20"><span class='ocrx_word' id='word_1_9' title='bbox 305 614 562 686; x_wconf 71' lang='grc' dir='ltr'>βοηθείας</span> <span class='ocrx_word' id='word_1_10' title='bbox 584 630 597 643; x_wconf 78' lang='lat'>&#39;</span> <span class='ocrx_word' id='word_1_11' title='bbox 627 613 709 666; x_wconf 82' lang='grc' dir='ltr'>διὸ</span> <span class='ocrx_word' id='word_1_12' title='bbox 739 616 835 669; x_wconf 70' lang='grc' dir='ltr'>καὶ</span> <span class='ocrx_word' id='word_1_13' title='bbox 859 613 1046 684; x_wconf 77' lang='grc' dir='ltr'>ἔλεγον</span> <span class='ocrx_word' id='word_1_14' title='bbox 1066 615 1336 685; x_wconf 77' lang='grc' dir='ltr'>οἽᾶωμεν</span> <span class='ocrx_word' id='word_1_15' title='bbox 1354 619 1406 671; x_wconf 81' lang='grc' dir='ltr'>εἰ</span> <span class='ocrx_word' id='word_1_16' title='bbox 1431 618 1670 687; x_wconf 76' lang='grc' dir='ltr'>ἔρχεται</span> <span class='ocrx_word' id='word_1_17' title='bbox 1685 619 1885 684; x_wconf 72' lang='grc' dir='ltr'>Ἠλίας</span> 
     </span>
    </p>
   </div>
   <div class='ocr_carea' id='block_1_4' title="bbox 302 705 762 760">
    <p class='ocr_par' dir='ltr' id='par_1_4' title="bbox 302 705 762 760">
     <span class='ocr_line' id='line_1_4' title="bbox 302 705 762 760; baseline 0.004 -2"><span class='ocrx_word' id='word_1_18' title='bbox 302 705 526 759; x_wconf 76' lang='grc' dir='ltr'>σώσων</span> <span class='ocrx_word' id='word_1_19' title='bbox 554 705 762 760; x_wconf 81' lang='grc' dir='ltr'>αὐτόν.</span> 
     </span>
    </p>
   </div>
   <div class='ocr_carea' id='block_1_5' title="bbox 377 794 1885 870">
    <p class='ocr_par' dir='ltr' id='par_1_5' title="bbox 377 794 1885 870">
     <span class='ocr_line' id='line_1_5' title="bbox 377 794 1885 870; baseline 0.004 -22"><span class='ocrx_word' id='word_1_20' title='bbox 377 798 502 848; x_wconf 78' lang='grc' dir='ltr'><strong>Ἐπ’</strong></span> <span class='ocrx_word' id='word_1_21' title='bbox 523 797 630 864; x_wconf 80' lang='grc' dir='ltr'><strong>ἐμὲ</strong></span> <span class='ocrx_word' id='word_1_22' title='bbox 663 794 918 858; x_wconf 73' lang='grc' dir='ltr'>διῆλθον</span> <span class='ocrx_word' id='word_1_23' title='bbox 963 800 1022 852; x_wconf 87' lang='lat' dir='ltr'><strong>al</strong></span> <span class='ocrx_word' id='word_1_24' title='bbox 1053 800 1226 867; x_wconf 69' lang='grc' dir='ltr'>ὀργαί</span> <span class='ocrx_word' id='word_1_25' title='bbox 1258 815 1375 854; x_wconf 93' lang='grc' dir='ltr'><strong>σου</strong></span> <span class='ocrx_word' id='word_1_26' title='bbox 1399 815 1413 828; x_wconf 87' lang='grc'><strong>·</strong></span> <span class='ocrx_word' id='word_1_27' title='bbox 1447 803 1501 853; x_wconf 87' lang='lat' dir='ltr'><strong>ol</strong></span> <span class='ocrx_word' id='word_1_28' title='bbox 1535 801 1885 870; x_wconf 73' lang='grc' dir='ltr'>φοϐερισμοι</span> 
     </span>
    </p>
   </div>
   <div class='ocr_carea' id='block_1_6' title="bbox 302 886 1885 957">
    <p class='ocr_par' dir='ltr' id='par_1_6' title="bbox 302 886 1885 957">
     <span class='ocr_line' id='line_1_6' title="bbox 302 886 1885 957; baseline 0.001 -17"><span class='ocrx_word' id='word_1_29' title='bbox 302 899 424 940; x_wconf 84' lang='grc' dir='ltr'><strong>σου</strong></span> <span class='ocrx_word' id='word_1_30' title='bbox 483 886 857 952; x_wconf 78' lang='grc' dir='ltr'>ἐξετιὶραξάν</span> <span class='ocrx_word' id='word_1_31' title='bbox 908 905 1006 956; x_wconf 84' lang='grc' dir='ltr'><strong>με.</strong></span> <span class='ocrx_word' id='word_1_32' title='bbox 1050 889 1251 957; x_wconf 80' lang='grc' dir='ltr'>Ὀργὰς</span> <span class='ocrx_word' id='word_1_33' title='bbox 1299 889 1434 940; x_wconf 86' lang='grc' dir='ltr'>Θεοῦ</span> <span class='ocrx_word' id='word_1_34' title='bbox 1467 892 1567 953; x_wconf 70' lang='grc' dir='ltr'>τὰς</span> <span class='ocrx_word' id='word_1_35' title='bbox 1607 891 1745 943; x_wconf 84' lang='grc' dir='ltr'>κατὰ</span> <span class='ocrx_word' id='word_1_36' title='bbox 1777 889 1885 944; x_wconf 81' lang='grc' dir='ltr'><strong>τῶν</strong></span> 
     </span>
    </p>
   </div>
   <div class='ocr_carea' id='block_1_7' title="bbox 307 977 1884 1048">
    <p class='ocr_par' dir='ltr' id='par_1_7' title="bbox 307 977 1884 1048">
     <span class='ocr_line' id='line_1_7' title="bbox 307 977 1884 1048; baseline 0.001 -18"><span class='ocrx_word' id='word_1_37' title='bbox 307 977 740 1046; x_wconf 81' lang='grc' dir='ltr'><strong>ἁμαρτανόντων</strong></span> <span class='ocrx_word' id='word_1_38' title='bbox 775 978 1072 1047; x_wconf 86' lang='grc' dir='ltr'>γινομένας</span> <span class='ocrx_word' id='word_1_39' title='bbox 1097 1017 1111 1042; x_wconf 94' lang='grc'><strong>,</strong></span> <span class='ocrx_word' id='word_1_40' title='bbox 1167 979 1363 1046; x_wconf 83' lang='grc' dir='ltr'>φησίν·</span> <span class='ocrx_word' id='word_1_41' title='bbox 1400 979 1600 1048; x_wconf 83' lang='grc' dir='ltr'>ὁμοίως</span> <span class='ocrx_word' id='word_1_42' title='bbox 1651 980 1744 1032; x_wconf 77' lang='grc' dir='ltr'><strong>καὶ</strong></span> <span class='ocrx_word' id='word_1_43' title='bbox 1789 997 1884 1048; x_wconf 64' lang='grc' dir='ltr'>φοι</span> 
     </span>
    </p>
   </div>
   <div class='ocr_carea' id='block_1_8' title="bbox 305 1066 1882 1140">
    <p class='ocr_par' dir='ltr' id='par_1_8' title="bbox 305 1066 1882 1140">
     <span class='ocr_line' id='line_1_8' title="bbox 305 1066 1882 1140; baseline 0.003 -21"><span class='ocrx_word' id='word_1_44' title='bbox 305 1067 628 1136; x_wconf 69' lang='grc' dir='ltr'>θερισμούς.</span> <span class='ocrx_word' id='word_1_45' title='bbox 679 1066 791 1118; x_wconf 75' lang='grc' dir='ltr'><strong>Καὶ</strong></span> <span class='ocrx_word' id='word_1_46' title='bbox 832 1066 930 1130; x_wconf 84' lang='grc' dir='ltr'>τὰς</span> <span class='ocrx_word' id='word_1_47' title='bbox 987 1068 1087 1138; x_wconf 84' lang='grc' dir='ltr'>μὲν</span> <span class='ocrx_word' id='word_1_48' title='bbox 1125 1068 1296 1140; x_wconf 83' lang='grc' dir='ltr'>ὀργὰς</span> <span class='ocrx_word' id='word_1_49' title='bbox 1343 1069 1571 1122; x_wconf 75' lang='grc' dir='ltr'><strong>διελθεῖν</strong></span> <span class='ocrx_word' id='word_1_50' title='bbox 1622 1073 1719 1125; x_wconf 76' lang='grc' dir='ltr'>καὶ</span> <span class='ocrx_word' id='word_1_51' title='bbox 1767 1074 1882 1124; x_wconf 79' lang='grc' dir='ltr'>εἰσ-</span> 
     </span>
    </p>
   </div>
   <div class='ocr_carea' id='block_1_9' title="bbox 303 1157 1884 1232">
    <p class='ocr_par' dir='ltr' id='par_1_9' title="bbox 303 1157 1884 1232">
     <span class='ocr_line' id='line_1_9' title="bbox 303 1157 1884 1232; baseline 0.003 -22"><span class='ocrx_word' id='word_1_52' title='bbox 303 1158 460 1210; x_wconf 76' lang='grc' dir='ltr'>δῦναι</span> <span class='ocrx_word' id='word_1_53' title='bbox 513 1160 594 1220; x_wconf 77' lang='grc' dir='ltr'><strong>είς</strong></span> <span class='ocrx_word' id='word_1_54' title='bbox 644 1157 808 1211; x_wconf 80' lang='grc' dir='ltr'>αὑτὸν</span> <span class='ocrx_word' id='word_1_55' title='bbox 848 1158 1025 1226; x_wconf 82' lang='grc' dir='ltr'><strong>λέγει,</strong></span> <span class='ocrx_word' id='word_1_56' title='bbox 1075 1160 1202 1223; x_wconf 80' lang='grc' dir='ltr'>τοὺς</span> <span class='ocrx_word' id='word_1_57' title='bbox 1244 1161 1300 1212; x_wconf 82' lang='grc' dir='ltr'>δὲ</span> <span class='ocrx_word' id='word_1_58' title='bbox 1351 1161 1719 1232; x_wconf 79' lang='grc' dir='ltr'>φοϐερισμοὺς</span> <span class='ocrx_word' id='word_1_59' title='bbox 1760 1179 1884 1215; x_wconf 79' lang='grc' dir='ltr'>συν-</span> 
     </span>
    </p>
   </div>
   <div class='ocr_carea' id='block_1_10' title="bbox 306 1249 1884 1322">
    <p class='ocr_par' dir='ltr' id='par_1_10' title="bbox 306 1249 1884 1322">
     <span class='ocr_line' id='line_1_10' title="bbox 306 1249 1884 1322; baseline 0.003 -21"><span class='ocrx_word' id='word_1_60' title='bbox 306 1249 598 1319; x_wconf 83' lang='grc' dir='ltr'><strong>ταράττειν</strong></span> <span class='ocrx_word' id='word_1_61' title='bbox 656 1249 754 1302; x_wconf 68' lang='grc' dir='ltr'>καὶ</span> <span class='ocrx_word' id='word_1_62' title='bbox 807 1249 1166 1303; x_wconf 80' lang='grc' dir='ltr'>ἀναστέλλειν</span> <span class='ocrx_word' id='word_1_63' title='bbox 1197 1251 1306 1304; x_wconf 81' lang='grc' dir='ltr'><strong>ἀπὸ</strong></span> <span class='ocrx_word' id='word_1_64' title='bbox 1337 1253 1557 1315; x_wconf 88' lang='grc' dir='ltr'>κακίας.</span> <span class='ocrx_word' id='word_1_65' title='bbox 1600 1253 1884 1322; x_wconf 85' lang='grc' dir='ltr'>Ὠριγένης</span> 
     </span>
    </p>
   </div>
   <div class='ocr_carea' id='block_1_11' title="bbox 305 1339 1883 1416">
    <p class='ocr_par' dir='ltr' id='par_1_11' title="bbox 305 1339 1883 1416">
     <span class='ocr_line' id='line_1_11' title="bbox 305 1339 1883 1416; baseline 0.004 -24"><span class='ocrx_word' id='word_1_66' title='bbox 305 1340 364 1393; x_wconf 80' lang='grc' dir='ltr'>δὲ</span> <span class='ocrx_word' id='word_1_67' title='bbox 394 1341 565 1408; x_wconf 83' lang='grc' dir='ltr'>ὀργὰς</span> <span class='ocrx_word' id='word_1_68' title='bbox 606 1339 746 1392; x_wconf 83' lang='grc' dir='ltr'>Θεοῦ</span> <span class='ocrx_word' id='word_1_69' title='bbox 779 1343 873 1392; x_wconf 72' lang='grc' dir='ltr'>καὶ</span> <span class='ocrx_word' id='word_1_70' title='bbox 909 1341 1286 1412; x_wconf 77' lang='grc' dir='ltr'>φοϐερισμοὺς</span> <span class='ocrx_word' id='word_1_71' title='bbox 1333 1343 1460 1406; x_wconf 78' lang='grc' dir='ltr'>τοὺς</span> <span class='ocrx_word' id='word_1_72' title='bbox 1489 1344 1748 1413; x_wconf 80' lang='grc' dir='ltr'>δαίμονάς</span> <span class='ocrx_word' id='word_1_73' title='bbox 1776 1363 1883 1416; x_wconf 85' lang='grc' dir='ltr'>φη-</span> 
     </span>
    </p>
   </div>
   <div class='ocr_carea' id='block_1_12' title="bbox 309 1431 1883 1504">
    <p class='ocr_par' dir='ltr' id='par_1_12' title="bbox 309 1431 1883 1504">
     <span class='ocr_line' id='line_1_12' title="bbox 309 1431 1883 1504; baseline 0.004 -23"><span class='ocrx_word' id='word_1_74' title='bbox 309 1446 429 1481; x_wconf 88' lang='grc' dir='ltr'>σιν·</span> <span class='ocrx_word' id='word_1_75' title='bbox 465 1431 636 1500; x_wconf 80' lang='grc' dir='ltr'>ὀργὰς</span> <span class='ocrx_word' id='word_1_76' title='bbox 671 1433 770 1499; x_wconf 75' lang='grc' dir='ltr'>μὲν</span> <span class='ocrx_word' id='word_1_77' title='bbox 793 1469 807 1495; x_wconf 95' lang='grc'><strong>,</strong></span> <span class='ocrx_word' id='word_1_78' title='bbox 851 1431 926 1493; x_wconf 82' lang='grc' dir='ltr'>ὡς</span> <span class='ocrx_word' id='word_1_79' title='bbox 957 1431 1352 1502; x_wconf 80' lang='grc' dir='ltr'><strong>ὀργιζομένους</strong></span> <span class='ocrx_word' id='word_1_80' title='bbox 1385 1434 1475 1487; x_wconf 76' lang='grc' dir='ltr'><strong>ἀεὶ</strong></span> <span class='ocrx_word' id='word_1_81' title='bbox 1515 1437 1628 1498; x_wconf 86' lang='grc' dir='ltr'>τοῖς</span> <span class='ocrx_word' id='word_1_82' title='bbox 1671 1436 1883 1504; x_wconf 78' lang='grc' dir='ltr'>ἀνθρώ-</span> 
     </span>
    </p>
   </div>
   <div class='ocr_carea' id='block_1_13' title="bbox 307 1522 1883 1596">
    <p class='ocr_par' dir='ltr' id='par_1_13' title="bbox 307 1522 1883 1596">
     <span class='ocr_line' id='line_1_13' title="bbox 307 1522 1883 1596; baseline 0.005 -23"><span class='ocrx_word' id='word_1_83' title='bbox 307 1538 466 1584; x_wconf 78' lang='grc' dir='ltr'>ποις’</span> <span class='ocrx_word' id='word_1_84' title='bbox 519 1522 652 1575; x_wconf 80' lang='grc' dir='ltr'>Θεοῦ</span> <span class='ocrx_word' id='word_1_85' title='bbox 683 1523 771 1584; x_wconf 80' lang='grc' dir='ltr'>δὲ,</span> <span class='ocrx_word' id='word_1_86' title='bbox 814 1523 889 1585; x_wconf 87' lang='grc' dir='ltr'>ὡς</span> <span class='ocrx_word' id='word_1_87' title='bbox 933 1524 1074 1577; x_wconf 83' lang='grc' dir='ltr'>κατὰ</span> <span class='ocrx_word' id='word_1_88' title='bbox 1106 1525 1500 1596; x_wconf 83' lang='grc' dir='ltr'>παραχώρησιν</span> <span class='ocrx_word' id='word_1_89' title='bbox 1547 1527 1681 1582; x_wconf 81' lang='grc' dir='ltr'>Θεοῦ</span> <span class='ocrx_word' id='word_1_90' title='bbox 1726 1528 1883 1582; x_wconf 75' lang='grc' dir='ltr'>τοῦτο</span> 
     </span>
    </p>
   </div>
   <div class='ocr_carea' id='block_1_14' title="bbox 307 1615 1880 1689">
    <p class='ocr_par' dir='ltr' id='par_1_14' title="bbox 307 1615 1880 1689">
     <span class='ocr_line' id='line_1_14' title="bbox 307 1615 1880 1689; baseline 0.006 -23"><span class='ocrx_word' id='word_1_91' title='bbox 307 1615 622 1678; x_wconf 82' lang='grc' dir='ltr'>ποιοῦντες·</span> <span class='ocrx_word' id='word_1_92' title='bbox 654 1615 1022 1686; x_wconf 75' lang='grc' dir='ltr'>φοϐερισμοὺς</span> <span class='ocrx_word' id='word_1_93' title='bbox 1047 1617 1140 1682; x_wconf 85' lang='grc' dir='ltr'>δὲ,</span> <span class='ocrx_word' id='word_1_94' title='bbox 1192 1618 1269 1682; x_wconf 80' lang='grc' dir='ltr'>ὡς</span> <span class='ocrx_word' id='word_1_95' title='bbox 1311 1619 1476 1689; x_wconf 80' lang='grc' dir='ltr'>φόϐον</span> <span class='ocrx_word' id='word_1_96' title='bbox 1518 1621 1880 1686; x_wconf 88' lang='grc' dir='ltr'>ἐπισείοντας.</span> 
     </span>
    </p>
   </div>
   <div class='ocr_carea' id='block_1_15' title="bbox 307 1708 1883 1783">
    <p class='ocr_par' dir='ltr' id='par_1_15' title="bbox 307 1708 1883 1783">
     <span class='ocr_line' id='line_1_15' title="bbox 307 1708 1883 1783; baseline 0.006 -24"><span class='ocrx_word' id='word_1_97' title='bbox 307 1709 472 1774; x_wconf 82' lang='grc' dir='ltr'>Λέγει</span> <span class='ocrx_word' id='word_1_98' title='bbox 520 1708 722 1773; x_wconf 85' lang='grc' dir='ltr'>τοίνυν,</span> <span class='ocrx_word' id='word_1_99' title='bbox 775 1709 858 1762; x_wconf 86' lang='grc' dir='ltr'>ὅτι</span> <span class='ocrx_word' id='word_1_100' title='bbox 913 1709 1056 1762; x_wconf 83' lang='grc' dir='ltr'>κατὰ</span> <span class='ocrx_word' id='word_1_101' title='bbox 1114 1711 1206 1763; x_wconf 78' lang='grc' dir='ltr'>τὸν</span> <span class='ocrx_word' id='word_1_102' title='bbox 1253 1712 1448 1783; x_wconf 80' lang='grc' dir='ltr'>καιρὸν</span> <span class='ocrx_word' id='word_1_103' title='bbox 1510 1712 1604 1767; x_wconf 80' lang='grc' dir='ltr'>τοῦ</span> <span class='ocrx_word' id='word_1_104' title='bbox 1674 1715 1883 1778; x_wconf 81' lang='grc' dir='ltr'>πάθους</span> 
     </span>
    </p>
   </div>
   <div class='ocr_carea' id='block_1_16' title="bbox 311 1798 1697 1874">
    <p class='ocr_par' dir='ltr' id='par_1_16' title="bbox 311 1798 1697 1874">
     <span class='ocr_line' id='line_1_16' title="bbox 311 1798 1697 1874; baseline 0.006 -24"><span class='ocrx_word' id='word_1_105' title='bbox 311 1798 548 1871; x_wconf 76' lang='grc' dir='ltr'>ἐπῆλθον</span> <span class='ocrx_word' id='word_1_106' title='bbox 579 1800 750 1870; x_wconf 83' lang='grc' dir='ltr'>αὐτῷ,</span> <span class='ocrx_word' id='word_1_107' title='bbox 785 1802 878 1854; x_wconf 76' lang='grc' dir='ltr'>καὶ</span> <span class='ocrx_word' id='word_1_108' title='bbox 903 1800 1238 1870; x_wconf 75' lang='grc' dir='ltr'>ἐξετάραξαν</span> <span class='ocrx_word' id='word_1_109' title='bbox 1276 1802 1350 1864; x_wconf 83' lang='grc' dir='ltr'>ὡς</span> <span class='ocrx_word' id='word_1_110' title='bbox 1385 1803 1697 1874; x_wconf 78' lang='grc' dir='ltr'>ἄνθρωπον.</span> 
     </span>
    </p>
   </div>
   <div class='ocr_carea' id='block_1_17' title="bbox 379 1891 1882 1968">
    <p class='ocr_par' dir='ltr' id='par_1_17' title="bbox 379 1891 1882 1968">
     <span class='ocr_line' id='line_1_17' title="bbox 379 1891 1882 1968; baseline 0.004 -25"><span class='ocrx_word' id='word_1_111' title='bbox 379 1891 776 1946; x_wconf 72' lang='grc' dir='ltr'>Ἑκύκλωσάν</span> <span class='ocrx_word' id='word_1_112' title='bbox 795 1910 873 1961; x_wconf 87' lang='grc' dir='ltr'><strong>με</strong></span> <span class='ocrx_word' id='word_1_113' title='bbox 909 1893 1054 1946; x_wconf 78' lang='grc' dir='ltr'>ὡσεὶ</span> <span class='ocrx_word' id='word_1_114' title='bbox 1078 1893 1254 1962; x_wconf 85' lang='grc' dir='ltr'>ὕδωρ.</span> <span class='ocrx_word' id='word_1_115' title='bbox 1293 1897 1357 1948; x_wconf 79' lang='lat' dir='ltr'><strong>Ol</strong></span> <span class='ocrx_word' id='word_1_116' title='bbox 1402 1895 1664 1951; x_wconf 85' lang='grc' dir='ltr'>Ἰουδαῖοι.</span> <span class='ocrx_word' id='word_1_117' title='bbox 1683 1898 1776 1951; x_wconf 86' lang='grc' dir='ltr'>Ἐν</span> <span class='ocrx_word' id='word_1_118' title='bbox 1804 1897 1882 1968; x_wconf 84' lang='grc' dir='ltr'><strong>τῷ</strong></span> 
     </span>
    </p>
   </div>
   <div class='ocr_carea' id='block_1_18' title="bbox 305 1981 1883 2058">
    <p class='ocr_par' dir='ltr' id='par_1_18' title="bbox 305 1981 1883 2058">
     <span class='ocr_line' id='line_1_18' title="bbox 305 1981 1883 2058; baseline 0.004 -22"><span class='ocrx_word' id='word_1_119' title='bbox 305 1981 392 2036; x_wconf 85' lang='grc' dir='ltr'>κα⁰</span> <span class='ocrx_word' id='word_1_120' title='bbox 450 1983 652 2054; x_wconf 76' lang='grc' dir='ltr'>ψαλμῷ</span> <span class='ocrx_word' id='word_1_121' title='bbox 705 1987 894 2056; x_wconf 72' lang='grc' dir='ltr'>εἴρηκε</span> <span class='ocrx_word' id='word_1_122' title='bbox 925 2000 940 2013; x_wconf 67' lang='grc' dir='ltr'><strong>θ</strong></span> <span class='ocrx_word' id='word_1_123' title='bbox 989 1988 1492 2054; x_wconf 72' lang='grc' dir='ltr'>Περιεκύκλωσάν</span> <span class='ocrx_word' id='word_1_124' title='bbox 1539 2005 1617 2058; x_wconf 83' lang='grc' dir='ltr'><strong>με</strong></span> <span class='ocrx_word' id='word_1_125' title='bbox 1661 1993 1883 2058; x_wconf 82' lang='grc' dir='ltr'><strong>μόσχοι</strong></span> 
     </span>
    </p>
   </div>
   <div class='ocr_carea' id='block_1_19' title="bbox 303 2076 1882 2152">
    <p class='ocr_par' dir='ltr' id='par_1_19' title="bbox 303 2076 1882 2152">
     <span class='ocr_line' id='line_1_19' title="bbox 303 2076 1882 2152; baseline 0.005 -25"><span class='ocrx_word' id='word_1_126' title='bbox 303 2076 527 2127; x_wconf 65' lang='grc' dir='ltr'>πολλοί</span> <span class='ocrx_word' id='word_1_127' title='bbox 548 2091 563 2106; x_wconf 80' lang='grc' dir='ltr'><strong><em>ο</em></strong></span> <span class='ocrx_word' id='word_1_128' title='bbox 595 2076 796 2144; x_wconf 81' lang='grc' dir='ltr'>ταῦροι</span> <span class='ocrx_word' id='word_1_129' title='bbox 827 2077 1040 2143; x_wconf 73' lang='grc' dir='ltr'>πίονες</span> <span class='ocrx_word' id='word_1_130' title='bbox 1065 2077 1393 2148; x_wconf 77' lang='grc' dir='ltr'>περιέσχον</span> <span class='ocrx_word' id='word_1_131' title='bbox 1419 2096 1518 2147; x_wconf 86' lang='grc' dir='ltr'><strong>με.</strong></span> <span class='ocrx_word' id='word_1_132' title='bbox 1555 2079 1703 2133; x_wconf 76' lang='grc' dir='ltr'>Ὠσεὶ</span> <span class='ocrx_word' id='word_1_133' title='bbox 1739 2082 1882 2152; x_wconf 79' lang='grc' dir='ltr'>ὕδωρ</span> 
     </span>
    </p>
   </div>
   <div class='ocr_carea' id='block_1_20' title="bbox 301 2162 1880 2242">
    <p class='ocr_par' dir='ltr' id='par_1_20' title="bbox 301 2162 1880 2242">
     <span class='ocr_line' id='line_1_20' title="bbox 301 2162 1880 2242; baseline 0.007 -25"><span class='ocrx_word' id='word_1_134' title='bbox 301 2165 360 2217; x_wconf 81' lang='grc' dir='ltr'>δὲ</span> <span class='ocrx_word' id='word_1_135' title='bbox 395 2162 539 2232; x_wconf 84' lang='grc' dir='ltr'>εἷπε,</span> <span class='ocrx_word' id='word_1_136' title='bbox 561 2167 697 2221; x_wconf 84' lang='grc' dir='ltr'>διότι</span> <span class='ocrx_word' id='word_1_137' title='bbox 729 2169 791 2222; x_wconf 82' lang='grc' dir='ltr'>τὸ</span> <span class='ocrx_word' id='word_1_138' title='bbox 827 2169 970 2240; x_wconf 79' lang='grc' dir='ltr'>ὕδωρ</span> <span class='ocrx_word' id='word_1_139' title='bbox 1003 2171 1344 2242; x_wconf 84' lang='grc' dir='ltr'>πανταχόθεν</span> <span class='ocrx_word' id='word_1_140' title='bbox 1376 2173 1765 2242; x_wconf 75' lang='grc' dir='ltr'>περικυκλίςει</span> <span class='ocrx_word' id='word_1_141' title='bbox 1789 2173 1880 2228; x_wconf 81' lang='grc' dir='ltr'>τὸν</span> 
     </span>
    </p>
   </div>
   <div class='ocr_carea' id='block_1_21' title="bbox 303 2259 802 2332">
    <p class='ocr_par' dir='ltr' id='par_1_21' title="bbox 303 2259 802 2332">
     <span class='ocr_line' id='line_1_21' title="bbox 303 2259 802 2332; baseline 0.006 -20"><span class='ocrx_word' id='word_1_142' title='bbox 303 2259 802 2332; x_wconf 74' lang='grc' dir='ltr'>ἐναπειλημμένον.</span> 
     </span>
    </p>
   </div>
   <div class='ocr_carea' id='block_1_22' title="bbox 377 2442 1881 2523">
    <p class='ocr_par' dir='ltr' id='par_1_22' title="bbox 377 2442 1881 2523">
     <span class='ocr_line' id='line_1_22' title="bbox 377 2442 1881 2523; baseline 0.009 -30"><span class='ocrx_word' id='word_1_143' title='bbox 377 2443 566 2510; x_wconf 72' lang='grc' dir='ltr'>Ὅλην</span> <span class='ocrx_word' id='word_1_144' title='bbox 588 2443 705 2511; x_wconf 79' lang='grc' dir='ltr'>τὴν</span> <span class='ocrx_word' id='word_1_145' title='bbox 736 2442 965 2513; x_wconf 74' lang='grc' dir='ltr'>ἡμέραν</span> <span class='ocrx_word' id='word_1_146' title='bbox 999 2446 1330 2515; x_wconf 79' lang='grc' dir='ltr'>περιέσχον</span> <span class='ocrx_word' id='word_1_147' title='bbox 1350 2467 1428 2517; x_wconf 87' lang='grc' dir='ltr'><strong>με</strong></span> <span class='ocrx_word' id='word_1_148' title='bbox 1457 2450 1599 2519; x_wconf 80' lang='grc' dir='ltr'>ἅμα.</span> <span class='ocrx_word' id='word_1_149' title='bbox 1639 2452 1881 2523; x_wconf 79' lang='grc' dir='ltr'>Ἠμέραν</span> 
     </span>
    </p>
   </div>
   <div class='ocr_carea' id='block_1_23' title="bbox 303 2535 1880 2615">
    <p class='ocr_par' dir='ltr' id='par_1_23' title="bbox 303 2535 1880 2615">
     <span class='ocr_line' id='line_1_23' title="bbox 303 2535 1880 2615; baseline 0.007 -27"><span class='ocrx_word' id='word_1_150' title='bbox 303 2537 404 2607; x_wconf 81' lang='grc' dir='ltr'>τὴν</span> <span class='ocrx_word' id='word_1_151' title='bbox 443 2535 541 2589; x_wconf 86' lang='grc' dir='ltr'>τοῦ</span> <span class='ocrx_word' id='word_1_152' title='bbox 599 2535 810 2600; x_wconf 76' lang='grc' dir='ltr'>πάθους</span> <span class='ocrx_word' id='word_1_153' title='bbox 855 2537 1062 2607; x_wconf 78' lang='grc' dir='ltr'>φησίν·</span> <span class='ocrx_word' id='word_1_154' title='bbox 1099 2538 1256 2608; x_wconf 74' lang='grc' dir='ltr'>’Ἅμα</span> <span class='ocrx_word' id='word_1_155' title='bbox 1300 2540 1358 2594; x_wconf 86' lang='grc' dir='ltr'>δὲ</span> <span class='ocrx_word' id='word_1_156' title='bbox 1413 2543 1536 2595; x_wconf 73' lang='grc' dir='ltr'>ἀντὶ</span> <span class='ocrx_word' id='word_1_157' title='bbox 1597 2544 1691 2596; x_wconf 81' lang='grc' dir='ltr'><strong>τοῦ</strong></span> <span class='ocrx_word' id='word_1_158' title='bbox 1744 2546 1880 2615; x_wconf 78' lang='grc' dir='ltr'>ὁμοῦ</span> 
     </span>
    </p>
   </div>
   <div class='ocr_carea' id='block_1_24' title="bbox 304 2629 524 2692">
    <p class='ocr_par' dir='ltr' id='par_1_24' title="bbox 304 2629 524 2692">
     <span class='ocr_line' id='line_1_24' title="bbox 304 2629 524 2692; baseline 0.014 -12"><span class='ocrx_word' id='word_1_159' title='bbox 304 2629 524 2692; x_wconf 82' lang='grc' dir='ltr'>πάντες.</span> 
     </span>
    </p>
   </div>
   <div class='ocr_carea' id='block_1_25' title="bbox 389 2714 1882 2796">
    <p class='ocr_par' dir='ltr' id='par_1_25' title="bbox 389 2714 1882 2796">
     <span class='ocr_line' id='line_1_25' title="bbox 389 2714 1882 2796; baseline 0.007 -23"><span class='ocrx_word' id='word_1_160' title='bbox 389 2719 771 2789; x_wconf 77' lang='grc' dir='ltr'>Ἐμάκρυνας</span> <span class='ocrx_word' id='word_1_161' title='bbox 798 2721 901 2777; x_wconf 79' lang='grc' dir='ltr'><strong>ἀπ’</strong></span> <span class='ocrx_word' id='word_1_162' title='bbox 933 2722 1081 2791; x_wconf 82' lang='grc' dir='ltr'>ἐμοῦ</span> <span class='ocrx_word' id='word_1_163' title='bbox 1120 2714 1310 2792; x_wconf 55' lang='grc' dir='ltr'>φίλον(</span> <span class='ocrx_word' id='word_1_164' title='bbox 1335 2726 1435 2779; x_wconf 79' lang='grc' dir='ltr'><strong>καί</strong></span> <span class='ocrx_word' id='word_1_165' title='bbox 1465 2715 1736 2796; x_wconf 71' lang='grc' dir='ltr'>πλήσίον</span> <span class='ocrx_word' id='word_1_166' title='bbox 1783 2731 1882 2783; x_wconf 72' lang='grc' dir='ltr'><strong>καὶ</strong></span> 
     </span>
    </p>
   </div>
   <div class='ocr_carea' id='block_1_26' title="bbox 301 2813 1882 2890">
    <p class='ocr_par' dir='ltr' id='par_1_26' title="bbox 301 2813 1882 2890">
     <span class='ocr_line' id='line_1_26' title="bbox 301 2813 1882 2890; baseline 0.006 -25"><span class='ocrx_word' id='word_1_167' title='bbox 301 2813 447 2877; x_wconf 81' lang='grc' dir='ltr'>τοὺς</span> <span class='ocrx_word' id='word_1_168' title='bbox 479 2815 792 2881; x_wconf 72' lang='grc' dir='ltr'>γνωστούς</span> <span class='ocrx_word' id='word_1_169' title='bbox 841 2831 961 2883; x_wconf 87' lang='grc' dir='ltr'><strong>μου</strong></span> <span class='ocrx_word' id='word_1_170' title='bbox 1012 2815 1131 2869; x_wconf 80' lang='grc' dir='ltr'><strong>ἀπὸ</strong></span> <span class='ocrx_word' id='word_1_171' title='bbox 1170 2819 1597 2885; x_wconf 79' lang='grc' dir='ltr'>ταλαιπωρίας.</span> <span class='ocrx_word' id='word_1_172' title='bbox 1649 2819 1747 2872; x_wconf 86' lang='grc' dir='ltr'><strong>Διὰ</strong></span> <span class='ocrx_word' id='word_1_173' title='bbox 1782 2820 1882 2890; x_wconf 85' lang='grc' dir='ltr'>τὴν</span> 
     </span>
    </p>
   </div>
   <div class='ocr_carea' id='block_1_27' title="bbox 301 2905 1880 2980">
    <p class='ocr_par' dir='ltr' id='par_1_27' title="bbox 301 2905 1880 2980">
     <span class='ocr_line' id='line_1_27' title="bbox 301 2905 1880 2980; baseline 0.004 -23"><span class='ocrx_word' id='word_1_174' title='bbox 301 2905 682 2974; x_wconf 76' lang='grc' dir='ltr'>ταλαιπωρίαν</span> <span class='ocrx_word' id='word_1_175' title='bbox 748 2923 850 2976; x_wconf 92' lang='grc' dir='ltr'><strong>μου</strong></span> <span class='ocrx_word' id='word_1_176' title='bbox 908 2907 1012 2976; x_wconf 82' lang='grc' dir='ltr'>τὴν</span> <span class='ocrx_word' id='word_1_177' title='bbox 1072 2907 1181 2960; x_wconf 83' lang='grc' dir='ltr'><strong>ἀπὸ</strong></span> <span class='ocrx_word' id='word_1_178' title='bbox 1229 2909 1339 2961; x_wconf 85' lang='grc' dir='ltr'><strong>τῶν</strong></span> <span class='ocrx_word' id='word_1_179' title='bbox 1403 2910 1880 2980; x_wconf 77' lang='grc' dir='ltr'>προπηλακισμῶν</span> 
     </span>
    </p>
   </div>
   <div class='ocr_carea' id='block_1_28' title="bbox 303 2994 1880 3071">
    <p class='ocr_par' dir='ltr' id='par_1_28' title="bbox 303 2994 1880 3071">
     <span class='ocr_line' id='line_1_28' title="bbox 303 2994 1880 3071; baseline 0.004 -23"><span class='ocrx_word' id='word_1_180' title='bbox 303 2997 616 3066; x_wconf 80' lang='grc' dir='ltr'>ἐμάκρυνας</span> <span class='ocrx_word' id='word_1_181' title='bbox 646 2998 739 3049; x_wconf 74' lang='grc' dir='ltr'><strong>ἀπ’</strong></span> <span class='ocrx_word' id='word_1_182' title='bbox 785 2998 922 3064; x_wconf 81' lang='grc' dir='ltr'>ἐμοῦ</span> <span class='ocrx_word' id='word_1_183' title='bbox 954 2994 1082 3059; x_wconf 78' lang='grc' dir='ltr'>τοὺς</span> <span class='ocrx_word' id='word_1_184' title='bbox 1106 2997 1354 3068; x_wconf 81' lang='grc' dir='ltr'>μαθητάς</span> <span class='ocrx_word' id='word_1_185' title='bbox 1400 3015 1523 3068; x_wconf 85' lang='grc' dir='ltr'>μου.</span> <span class='ocrx_word' id='word_1_186' title='bbox 1559 2999 1787 3071; x_wconf 79' lang='grc' dir='ltr'>Εἴρηται</span> <span class='ocrx_word' id='word_1_187' title='bbox 1824 3001 1880 3054; x_wconf 85' lang='grc' dir='ltr'><strong>δέ</strong></span> 
     </span>
    </p>
   </div>
   <div class='ocr_carea' id='block_1_29' title="bbox 1463 324 2377 385">
    <p class='ocr_par' dir='ltr' id='par_1_29' title="bbox 1463 324 2377 385">
     <span class='ocr_line' id='line_1_29' title="bbox 1463 324 2377 385; baseline 0.002 -2"><span class='ocrx_word' id='word_1_188' title='bbox 1463 324 1857 384; x_wconf 74' lang='lat' dir='ltr'><strong>COMMENT.</strong></span> <span class='ocrx_word' id='word_1_189' title='bbox 1903 325 1982 384; x_wconf 88' lang='lat' dir='ltr'><strong>IN</strong></span> <span class='ocrx_word' id='word_1_190' title='bbox 2018 325 2377 385; x_wconf 83' lang='lat' dir='ltr'><strong>PSALMOS.</strong></span> 
     </span>
    </p>
   </div>
   <div class='ocr_carea' id='block_1_30' title="bbox 375 430 1950 506">
    <p class='ocr_par' dir='ltr' id='par_1_30' title="bbox 375 430 1950 506">
     <span class='ocr_line' id='line_1_30' title="bbox 375 430 1950 506; baseline 0.001 -20"><span class='ocrx_word' id='word_1_191' title='bbox 375 431 484 486; x_wconf 78' lang='lat' dir='ltr'><strong>Kal</strong></span> <span class='ocrx_word' id='word_1_192' title='bbox 519 430 931 498; x_wconf 77' lang='grc' dir='ltr'>ὲξηπορήθην.</span> <span class='ocrx_word' id='word_1_193' title='bbox 969 435 1081 486; x_wconf 65' lang='grc' dir='ltr'>Καὶ</span> <span class='ocrx_word' id='word_1_194' title='bbox 1126 433 1323 498; x_wconf 82' lang='grc' dir='ltr'>τοῦτο,</span> <span class='ocrx_word' id='word_1_195' title='bbox 1357 436 1482 488; x_wconf 80' lang='grc' dir='ltr'>ὅσον</span> <span class='ocrx_word' id='word_1_196' title='bbox 1515 437 1608 488; x_wconf 75' lang='grc' dir='ltr'><strong>ἐπὶ</strong></span> <span class='ocrx_word' id='word_1_197' title='bbox 1642 439 1706 506; x_wconf 80' lang='grc' dir='ltr'><strong>τῇ</strong></span> <span class='ocrx_word' id='word_1_198' title='bbox 1744 437 1878 488; x_wconf 73' lang='grc' dir='ltr'>ὐποο</span> <span class='ocrx_word' id='word_1_199' title='bbox 1909 444 1950 495; x_wconf 76' lang='grc' dir='ltr'><strong>Α</strong></span> 
     </span>
    </p>
   </div>
   <div class='ocr_carea' id='block_1_31' title="bbox 3468 342 3574 405">
    <p class='ocr_par' dir='ltr' id='par_1_31' title="bbox 3468 342 3574 405">
     <span class='ocr_line' id='line_1_31' title="bbox 3468 342 3574 405; baseline 0.066 -7"><span class='ocrx_word' id='word_1_200' title='bbox 3468 342 3574 405; x_wconf 60' lang='lat'><strong>893</strong></span> 
     </span>
    </p>
   </div>
   <div class='ocr_carea' id='block_1_32' title="bbox 2057 435 3570 517">
    <p class='ocr_par' dir='ltr' id='par_1_32' title="bbox 2057 435 3570 517">
     <span class='ocr_line' id='line_1_32' title="bbox 2057 435 3570 517; baseline 0.011 -29"><span class='ocrx_word' id='word_1_201' title='bbox 2057 435 2121 488; x_wconf 87' lang='lat' dir='ltr'><strong>Et</strong></span> <span class='ocrx_word' id='word_1_202' title='bbox 2187 437 2472 490; x_wconf 78' lang='lat' dir='ltr'><strong>destitutus</strong></span> <span class='ocrx_word' id='word_1_203' title='bbox 2524 454 2662 492; x_wconf 80' lang='lat' dir='ltr'><strong>sum.</strong></span> <span class='ocrx_word' id='word_1_204' title='bbox 2728 440 2792 494; x_wconf 82' lang='lat' dir='ltr'><strong>Et</strong></span> <span class='ocrx_word' id='word_1_205' title='bbox 2846 442 2948 497; x_wconf 79' lang='lat' dir='ltr'><strong>ltoc</strong></span> <span class='ocrx_word' id='word_1_206' title='bbox 2993 447 3156 501; x_wconf 88' lang='lat' dir='ltr'><strong>etiam</strong></span> <span class='ocrx_word' id='word_1_207' title='bbox 3208 462 3472 517; x_wconf 83' lang='lat' dir='ltr'><strong>quantum</strong></span> <span class='ocrx_word' id='word_1_208' title='bbox 3504 458 3570 505; x_wconf 85' lang='lat' dir='ltr'><strong>ad</strong></span> 
     </span>
    </p>
   </div>
   <div class='ocr_carea' id='block_1_33' title="bbox 1986 524 3574 600">
    <p class='ocr_par' dir='ltr' id='par_1_33' title="bbox 1986 524 3574 600">
     <span class='ocr_line' id='line_1_33' title="bbox 1986 524 3574 600; baseline 0.014 -22"><span class='ocrx_word' id='word_1_209' title='bbox 1986 524 2304 581; x_wconf 69' lang='lat' dir='ltr'><strong>Judzeorum</strong></span> <span class='ocrx_word' id='word_1_210' title='bbox 2360 529 2699 598; x_wconf 83' lang='lat' dir='ltr'><strong>opinionem.</strong></span> <span class='ocrx_word' id='word_1_211' title='bbox 2742 533 2904 590; x_wconf 79' lang='lat' dir='ltr'><strong>Visus</strong></span> <span class='ocrx_word' id='word_1_212' title='bbox 2954 547 3039 592; x_wconf 88' lang='lat' dir='ltr'><strong>est</strong></span> <span class='ocrx_word' id='word_1_213' title='bbox 3068 541 3213 594; x_wconf 89' lang='lat' dir='ltr'><strong>enim</strong></span> <span class='ocrx_word' id='word_1_214' title='bbox 3251 543 3355 596; x_wconf 85' lang='lat' dir='ltr'><strong>illis</strong></span> <span class='ocrx_word' id='word_1_215' title='bbox 3405 545 3574 600; x_wconf 81' lang='lat' dir='ltr'><strong>veluti</strong></span> 
     </span>
    </p>
   </div>
   <div class='ocr_carea' id='block_1_34' title="bbox 1989 617 3576 700">
    <p class='ocr_par' dir='ltr' id='par_1_34' title="bbox 1989 617 3576 700">
     <span class='ocr_line' id='line_1_34' title="bbox 1989 617 3576 700; baseline 0.014 -32"><span class='ocrx_word' id='word_1_216' title='bbox 1989 617 2289 671; x_wconf 84' lang='lat' dir='ltr'><strong>destitutus</strong></span> <span class='ocrx_word' id='word_1_217' title='bbox 2329 634 2472 685; x_wconf 85' lang='lat' dir='ltr'><strong>esse,</strong></span> <span class='ocrx_word' id='word_1_218' title='bbox 2497 631 2546 675; x_wconf 90' lang='lat' dir='ltr'><strong>et</strong></span> <span class='ocrx_word' id='word_1_219' title='bbox 2578 622 2824 692; x_wconf 80' lang='lat' dir='ltr'><strong>indigere</strong></span> <span class='ocrx_word' id='word_1_220' title='bbox 2857 628 3093 694; x_wconf 84' lang='lat' dir='ltr'><strong>auxilio;</strong></span> <span class='ocrx_word' id='word_1_221' title='bbox 3130 639 3292 700; x_wconf 87' lang='lat' dir='ltr'><strong>atque</strong></span> <span class='ocrx_word' id='word_1_222' title='bbox 3338 633 3460 688; x_wconf 83' lang='lat' dir='ltr'><strong>ideo</strong></span> <span class='ocrx_word' id='word_1_223' title='bbox 3493 635 3576 690; x_wconf 84' lang='lat' dir='ltr'><strong>di-</strong></span> 
     </span>
    </p>
   </div>
   <div class='ocr_carea' id='block_1_35' title="bbox 1987 706 3570 782">
    <p class='ocr_par' dir='ltr' id='par_1_35' title="bbox 1987 706 3570 782">
     <span class='ocr_line' id='line_1_35' title="bbox 1987 706 3570 782; baseline 0.015 -24"><span class='ocrx_word' id='word_1_224' title='bbox 1987 706 2189 760; x_wconf 74' lang='lat' dir='ltr'><strong>cebant</strong></span> <span class='ocrx_word' id='word_1_225' title='bbox 2232 723 2245 759; x_wconf 92' lang='lat'><strong>:</strong></span> <span class='ocrx_word' id='word_1_226' title='bbox 2284 708 2564 763; x_wconf 82' lang='lat' dir='ltr'><strong>Videamus</strong></span> <span class='ocrx_word' id='word_1_227' title='bbox 2606 713 2652 765; x_wconf 83' lang='lat' dir='ltr'><strong>si</strong></span> <span class='ocrx_word' id='word_1_228' title='bbox 2683 715 2819 766; x_wconf 81' lang='lat' dir='ltr'><strong>venit</strong></span> <span class='ocrx_word' id='word_1_229' title='bbox 2853 715 3004 770; x_wconf 77' lang='lat' dir='ltr'><strong>Elius</strong></span> <span class='ocrx_word' id='word_1_230' title='bbox 3031 719 3333 774; x_wconf 75' lang='lat' dir='ltr'><strong>salvaturus</strong></span> <span class='ocrx_word' id='word_1_231' title='bbox 3360 739 3476 777; x_wconf 87' lang='lat' dir='ltr'><strong>eum</strong></span> <span class='ocrx_word' id='word_1_232' title='bbox 3503 725 3570 782; x_wconf 81' lang='grc'><strong>⁸⁷.</strong></span> 
     </span>
    </p>
   </div>
   <div class='ocr_carea' id='block_1_36' title="bbox 2063 797 3573 878">
    <p class='ocr_par' dir='ltr' id='par_1_36' title="bbox 2063 797 3573 878">
     <span class='ocr_line' id='line_1_36' title="bbox 2063 797 3573 878; baseline 0.011 -27"><span class='ocrx_word' id='word_1_233' title='bbox 2063 797 2228 854; x_wconf 67' lang='lat' dir='ltr'><strong>Vens.</strong></span> <span class='ocrx_word' id='word_1_234' title='bbox 2271 802 2357 855; x_wconf 78' lang='lat' dir='ltr'><strong>l7.</strong></span> <span class='ocrx_word' id='word_1_235' title='bbox 2408 802 2469 855; x_wconf 83' lang='lat' dir='ltr'><strong>In</strong></span> <span class='ocrx_word' id='word_1_236' title='bbox 2512 820 2591 856; x_wconf 84' lang='lat' dir='ltr'><strong>me</strong></span> <span class='ocrx_word' id='word_1_237' title='bbox 2621 809 3040 872; x_wconf 81' lang='lat' dir='ltr'><strong>pertransierunt</strong></span> <span class='ocrx_word' id='word_1_238' title='bbox 3082 813 3177 865; x_wconf 73' lang='lat' dir='ltr'><strong>ira:</strong></span> <span class='ocrx_word' id='word_1_239' title='bbox 3234 825 3356 878; x_wconf 78' lang='lat' dir='ltr'><strong>tuw,</strong></span> <span class='ocrx_word' id='word_1_240' title='bbox 3398 826 3573 870; x_wconf 84' lang='lat' dir='ltr'><strong>etter-</strong></span> 
     </span>
    </p>
   </div>
   <div class='ocr_carea' id='block_1_37' title="bbox 1988 893 3572 975">
    <p class='ocr_par' dir='ltr' id='par_1_37' title="bbox 1988 893 3572 975">
     <span class='ocr_line' id='line_1_37' title="bbox 1988 893 3572 975; baseline 0.013 -34"><span class='ocrx_word' id='word_1_241' title='bbox 1988 905 2134 943; x_wconf 79' lang='lat' dir='ltr'><strong>rores</strong></span> <span class='ocrx_word' id='word_1_242' title='bbox 2167 893 2244 943; x_wconf 87' lang='lat' dir='ltr'><strong>tui</strong></span> <span class='ocrx_word' id='word_1_243' title='bbox 2277 894 2735 970; x_wconf 49' lang='lat' dir='ltr'><strong>conturbauerung</strong></span> <span class='ocrx_word' id='word_1_244' title='bbox 2759 915 2858 955; x_wconf 86' lang='lat' dir='ltr'><strong>me.</strong></span> <span class='ocrx_word' id='word_1_245' title='bbox 2893 901 3008 956; x_wconf 88' lang='lat' dir='ltr'><strong>lras</strong></span> <span class='ocrx_word' id='word_1_246' title='bbox 3044 901 3137 956; x_wconf 88' lang='lat' dir='ltr'><strong>Dei</strong></span> <span class='ocrx_word' id='word_1_247' title='bbox 3173 918 3265 959; x_wconf 88' lang='lat' dir='ltr'><strong>eas</strong></span> <span class='ocrx_word' id='word_1_248' title='bbox 3296 907 3426 959; x_wconf 67' lang='lat' dir='ltr'><strong>inhl</strong></span> <span class='ocrx_word' id='word_1_249' title='bbox 3453 907 3572 975; x_wconf 57' lang='lat' dir='ltr'><strong>igit,</strong></span> 
     </span>
    </p>
   </div>
   <div class='ocr_carea' id='block_1_38' title="bbox 1986 978 3574 1061">
    <p class='ocr_par' dir='ltr' id='par_1_38' title="bbox 1986 978 3574 1061">
     <span class='ocr_line' id='line_1_38' title="bbox 1986 978 3574 1061; baseline 0.013 -31"><span class='ocrx_word' id='word_1_250' title='bbox 1986 992 2126 1046; x_wconf 88' lang='lat' dir='ltr'><strong>quas</strong></span> <span class='ocrx_word' id='word_1_251' title='bbox 2159 978 2304 1035; x_wconf 89' lang='lat' dir='ltr'><strong>Deus</strong></span> <span class='ocrx_word' id='word_1_252' title='bbox 2327 983 2596 1040; x_wconf 87' lang='lat' dir='ltr'><strong>adversus</strong></span> <span class='ocrx_word' id='word_1_253' title='bbox 2635 997 2952 1055; x_wconf 84' lang='lat' dir='ltr'><strong>peccatores</strong></span> <span class='ocrx_word' id='word_1_254' title='bbox 2975 1004 3339 1061; x_wconf 77' lang='lat' dir='ltr'><strong>conceperat;</strong></span> <span class='ocrx_word' id='word_1_255' title='bbox 3374 996 3574 1050; x_wconf 88' lang='lat' dir='ltr'><strong>simili-</strong></span> 
     </span>
    </p>
   </div>
   <div class='ocr_carea' id='block_1_39' title="bbox 1987 1073 3572 1151">
    <p class='ocr_par' dir='ltr' id='par_1_39' title="bbox 1987 1073 3572 1151">
     <span class='ocr_line' id='line_1_39' title="bbox 1987 1073 3572 1151; baseline 0.013 -31"><span class='ocrx_word' id='word_1_256' title='bbox 1987 1077 2071 1122; x_wconf 85' lang='lat' dir='ltr'><strong>ter</strong></span> <span class='ocrx_word' id='word_1_257' title='bbox 2101 1077 2155 1124; x_wconf 88' lang='lat' dir='ltr'><strong>et</strong></span> <span class='ocrx_word' id='word_1_258' title='bbox 2179 1079 2439 1128; x_wconf 90' lang='lat' dir='ltr'><strong>terrores.</strong></span> <span class='ocrx_word' id='word_1_259' title='bbox 2475 1073 2539 1126; x_wconf 87' lang='lat' dir='ltr'><strong>Et</strong></span> <span class='ocrx_word' id='word_1_260' title='bbox 2573 1077 2683 1130; x_wconf 89' lang='lat' dir='ltr'><strong>iras</strong></span> <span class='ocrx_word' id='word_1_261' title='bbox 2737 1079 2957 1148; x_wconf 82' lang='lat' dir='ltr'><strong>quidem</strong></span> <span class='ocrx_word' id='word_1_262' title='bbox 2993 1084 3360 1149; x_wconf 73' lang='lat' dir='ltr'><strong>pertransisse</strong></span> <span class='ocrx_word' id='word_1_263' title='bbox 3411 1085 3572 1151; x_wconf 85' lang='lat' dir='ltr'><strong>dicit,</strong></span> 
     </span>
    </p>
   </div>
   <div class='ocr_carea' id='block_1_40' title="bbox 1987 1160 3569 1234">
    <p class='ocr_par' dir='ltr' id='par_1_40' title="bbox 1987 1160 3569 1234">
     <span class='ocr_line' id='line_1_40' title="bbox 1987 1160 3569 1234; baseline 0.013 -22"><span class='ocrx_word' id='word_1_264' title='bbox 1987 1168 2042 1212; x_wconf 89' lang='lat' dir='ltr'><strong>et</strong></span> <span class='ocrx_word' id='word_1_265' title='bbox 2077 1160 2131 1213; x_wconf 92' lang='lat' dir='ltr'><strong>in</strong></span> <span class='ocrx_word' id='word_1_266' title='bbox 2161 1177 2220 1216; x_wconf 89' lang='lat' dir='ltr'><strong>se</strong></span> <span class='ocrx_word' id='word_1_267' title='bbox 2254 1163 2532 1232; x_wconf 80' lang='lat' dir='ltr'><strong>ingressas</strong></span> <span class='ocrx_word' id='word_1_268' title='bbox 2566 1167 2756 1234; x_wconf 89' lang='lat' dir='ltr'><strong>luisse,</strong></span> <span class='ocrx_word' id='word_1_269' title='bbox 2791 1178 3033 1227; x_wconf 85' lang='lat' dir='ltr'><strong>terrores</strong></span> <span class='ocrx_word' id='word_1_270' title='bbox 3051 1188 3180 1226; x_wconf 81' lang='lat' dir='ltr'><strong>vero</strong></span> <span class='ocrx_word' id='word_1_271' title='bbox 3209 1176 3569 1233; x_wconf 85' lang='lat' dir='ltr'><strong>conturbasse</strong></span> 
     </span>
    </p>
   </div>
   <div class='ocr_carea' id='block_1_41' title="bbox 1987 1251 3573 1335">
    <p class='ocr_par' dir='ltr' id='par_1_41' title="bbox 1987 1251 3573 1335">
     <span class='ocr_line' id='line_1_41' title="bbox 1987 1251 3573 1335; baseline 0.013 -31"><span class='ocrx_word' id='word_1_272' title='bbox 1987 1257 2041 1304; x_wconf 90' lang='lat' dir='ltr'><strong>ct</strong></span> <span class='ocrx_word' id='word_1_273' title='bbox 2072 1251 2383 1307; x_wconf 74' lang='lat' dir='ltr'><strong>refrenasse</strong></span> <span class='ocrx_word' id='word_1_274' title='bbox 2415 1270 2443 1306; x_wconf 90' lang='lat' dir='ltr'><strong>a</strong></span> <span class='ocrx_word' id='word_1_275' title='bbox 2473 1257 2642 1313; x_wconf 92' lang='lat' dir='ltr'><strong>vitiis.</strong></span> <span class='ocrx_word' id='word_1_276' title='bbox 2681 1257 2878 1313; x_wconf 79' lang='lat' dir='ltr'><strong>Verum</strong></span> <span class='ocrx_word' id='word_1_277' title='bbox 2909 1261 3174 1330; x_wconf 75' lang='lat' dir='ltr'><strong>Origenes</strong></span> <span class='ocrx_word' id='word_1_278' title='bbox 3212 1280 3307 1335; x_wconf 84' lang='lat' dir='ltr'><strong>per</strong></span> <span class='ocrx_word' id='word_1_279' title='bbox 3343 1268 3473 1333; x_wconf 88' lang='lat' dir='ltr'><strong>iras,</strong></span> <span class='ocrx_word' id='word_1_280' title='bbox 3517 1280 3573 1324; x_wconf 83' lang='lat' dir='ltr'><strong>ct</strong></span> 
     </span>
    </p>
   </div>
   <div class='ocr_carea' id='block_1_42' title="bbox 1990 1343 3568 1428">
    <p class='ocr_par' dir='ltr' id='par_1_42' title="bbox 1990 1343 3568 1428">
     <span class='ocr_line' id='line_1_42' title="bbox 1990 1343 3568 1428; baseline 0.011 -34"><span class='ocrx_word' id='word_1_281' title='bbox 1990 1351 2226 1398; x_wconf 86' lang='lat' dir='ltr'><strong>terrores</strong></span> <span class='ocrx_word' id='word_1_282' title='bbox 2252 1343 2368 1408; x_wconf 80' lang='lat' dir='ltr'><strong>Dei,</strong></span> <span class='ocrx_word' id='word_1_283' title='bbox 2391 1347 2666 1403; x_wconf 65' lang='lat' dir='ltr'><strong>daemones</strong></span> <span class='ocrx_word' id='word_1_284' title='bbox 2700 1349 2849 1418; x_wconf 89' lang='lat' dir='ltr'><strong>ipsos</strong></span> <span class='ocrx_word' id='word_1_285' title='bbox 2880 1353 3136 1425; x_wconf 78' lang='lat' dir='ltr'><strong>intelligit</strong></span> <span class='ocrx_word' id='word_1_286' title='bbox 3155 1377 3169 1412; x_wconf 88' lang='lat'><strong>:</strong></span> <span class='ocrx_word' id='word_1_287' title='bbox 3189 1359 3300 1414; x_wconf 87' lang='lat' dir='ltr'><strong>iras</strong></span> <span class='ocrx_word' id='word_1_288' title='bbox 3325 1361 3568 1428; x_wconf 76' lang='lat' dir='ltr'><strong>quidem,</strong></span> 
     </span>
    </p>
   </div>
   <div class='ocr_carea' id='block_1_43' title="bbox 1987 1437 3564 1521">
    <p class='ocr_par' dir='ltr' id='par_1_43' title="bbox 1987 1437 3564 1521">
     <span class='ocr_line' id='line_1_43' title="bbox 1987 1437 3564 1521; baseline 0.013 -33"><span class='ocrx_word' id='word_1_289' title='bbox 1987 1437 2117 1504; x_wconf 84' lang='lat' dir='ltr'><strong>quia</strong></span> <span class='ocrx_word' id='word_1_290' title='bbox 2161 1437 2479 1495; x_wconf 82' lang='lat' dir='ltr'><strong>hominibus</strong></span> <span class='ocrx_word' id='word_1_291' title='bbox 2523 1455 2737 1512; x_wconf 87' lang='lat' dir='ltr'><strong>semper</strong></span> <span class='ocrx_word' id='word_1_292' title='bbox 2781 1446 2905 1499; x_wconf 87' lang='lat' dir='ltr'><strong>irati</strong></span> <span class='ocrx_word' id='word_1_293' title='bbox 2936 1458 3086 1512; x_wconf 86' lang='lat' dir='ltr'><strong>sunt,</strong></span> <span class='ocrx_word' id='word_1_294' title='bbox 3136 1451 3227 1506; x_wconf 86' lang='lat' dir='ltr'><strong>Dei</strong></span> <span class='ocrx_word' id='word_1_295' title='bbox 3261 1468 3395 1507; x_wconf 80' lang='lat' dir='ltr'><strong>vero</strong></span> <span class='ocrx_word' id='word_1_296' title='bbox 3431 1457 3564 1521; x_wconf 89' lang='lat' dir='ltr'><strong>iras,</strong></span> 
     </span>
    </p>
   </div>
   <div class='ocr_carea' id='block_1_44' title="bbox 1988 1528 3568 1612">
    <p class='ocr_par' dir='ltr' id='par_1_44' title="bbox 1988 1528 3568 1612">
     <span class='ocr_line' id='line_1_44' title="bbox 1988 1528 3568 1612; baseline 0.012 -33"><span class='ocrx_word' id='word_1_297' title='bbox 1988 1528 2116 1596; x_wconf 88' lang='lat' dir='ltr'><strong>quia</strong></span> <span class='ocrx_word' id='word_1_298' title='bbox 2155 1531 2518 1597; x_wconf 84' lang='lat' dir='ltr'><strong>permissione</strong></span> <span class='ocrx_word' id='word_1_299' title='bbox 2541 1533 2726 1588; x_wconf 84' lang='lat' dir='ltr'><strong>divina</strong></span> <span class='ocrx_word' id='word_1_300' title='bbox 2751 1536 2804 1588; x_wconf 87' lang='lat' dir='ltr'><strong>id</strong></span> <span class='ocrx_word' id='word_1_301' title='bbox 2849 1537 3091 1593; x_wconf 84' lang='lat' dir='ltr'><strong>faciunt:</strong></span> <span class='ocrx_word' id='word_1_302' title='bbox 3129 1549 3368 1599; x_wconf 82' lang='lat' dir='ltr'><strong>terrores</strong></span> <span class='ocrx_word' id='word_1_303' title='bbox 3409 1545 3568 1612; x_wconf 74' lang='lat' dir='ltr'><strong>item,</strong></span> 
     </span>
    </p>
   </div>
   <div class='ocr_carea' id='block_1_45' title="bbox 1989 1621 3569 1703">
    <p class='ocr_par' dir='ltr' id='par_1_45' title="bbox 1989 1621 3569 1703">
     <span class='ocr_line' id='line_1_45' title="bbox 1989 1621 3569 1703; baseline 0.013 -32"><span class='ocrx_word' id='word_1_304' title='bbox 1989 1621 2114 1688; x_wconf 88' lang='lat' dir='ltr'><strong>quia</strong></span> <span class='ocrx_word' id='word_1_305' title='bbox 2142 1630 2402 1676; x_wconf 75' lang='lat' dir='ltr'><strong>terrorem</strong></span> <span class='ocrx_word' id='word_1_306' title='bbox 2435 1624 2726 1681; x_wconf 88' lang='lat' dir='ltr'><strong>incutiunt.</strong></span> <span class='ocrx_word' id='word_1_307' title='bbox 2771 1628 2862 1681; x_wconf 85' lang='lat' dir='ltr'><strong>Ait</strong></span> <span class='ocrx_word' id='word_1_308' title='bbox 2903 1631 3073 1698; x_wconf 79' lang='lat' dir='ltr'><strong>igitur</strong></span> <span class='ocrx_word' id='word_1_309' title='bbox 3107 1632 3384 1700; x_wconf 86' lang='lat' dir='ltr'><strong>Christus,</strong></span> <span class='ocrx_word' id='word_1_310' title='bbox 3422 1639 3569 1703; x_wconf 83' lang='lat' dir='ltr'><strong>quod</strong></span> 
     </span>
    </p>
   </div>
   <div class='ocr_carea' id='block_1_46' title="bbox 1987 1712 3567 1790">
    <p class='ocr_par' dir='ltr' id='par_1_46' title="bbox 1987 1712 3567 1790">
     <span class='ocr_line' id='line_1_46' title="bbox 1987 1712 3567 1790; baseline 0.013 -26"><span class='ocrx_word' id='word_1_311' title='bbox 1987 1712 2260 1780; x_wconf 83' lang='lat' dir='ltr'><strong>passionis</strong></span> <span class='ocrx_word' id='word_1_312' title='bbox 2304 1723 2545 1784; x_wconf 89' lang='lat' dir='ltr'><strong>tempore</strong></span> <span class='ocrx_word' id='word_1_313' title='bbox 2599 1718 2918 1774; x_wconf 87' lang='lat' dir='ltr'><strong>invaserunt</strong></span> <span class='ocrx_word' id='word_1_314' title='bbox 2970 1737 3095 1776; x_wconf 88' lang='lat' dir='ltr'><strong>eum</strong></span> <span class='ocrx_word' id='word_1_315' title='bbox 3151 1723 3454 1790; x_wconf 70' lang='lat' dir='ltr'><strong>dmmoncs,</strong></span> <span class='ocrx_word' id='word_1_316' title='bbox 3511 1740 3567 1784; x_wconf 86' lang='lat' dir='ltr'><strong>et</strong></span> 
     </span>
    </p>
   </div>
   <div class='ocr_carea' id='block_1_47' title="bbox 1985 1806 3209 1874">
    <p class='ocr_par' dir='ltr' id='par_1_47' title="bbox 1985 1806 3209 1874">
     <span class='ocr_line' id='line_1_47' title="bbox 1985 1806 3209 1874; baseline 0.011 -17"><span class='ocrx_word' id='word_1_317' title='bbox 1985 1806 2129 1874; x_wconf 88' lang='lat' dir='ltr'><strong>quod</strong></span> <span class='ocrx_word' id='word_1_318' title='bbox 2166 1815 2225 1858; x_wconf 91' lang='lat' dir='ltr'><strong>ut</strong></span> <span class='ocrx_word' id='word_1_319' title='bbox 2256 1806 2529 1862; x_wconf 83' lang='lat' dir='ltr'><strong>hominem</strong></span> <span class='ocrx_word' id='word_1_320' title='bbox 2560 1824 2683 1862; x_wconf 89' lang='lat' dir='ltr'><strong>eum</strong></span> <span class='ocrx_word' id='word_1_321' title='bbox 2715 1815 3209 1870; x_wconf 86' lang='lat' dir='ltr'><strong>conturbaverunt.</strong></span> 
     </span>
    </p>
   </div>
   <div class='ocr_carea' id='block_1_48' title="bbox 2050 1893 3554 1976">
    <p class='ocr_par' dir='ltr' id='par_1_48' title="bbox 2050 1893 3554 1976">
     <span class='ocr_line' id='line_1_48' title="bbox 2050 1893 3554 1976; baseline 0.013 -31"><span class='ocrx_word' id='word_1_322' title='bbox 2050 1893 2215 1950; x_wconf 68' lang='lat' dir='ltr'><strong>Vens.</strong></span> <span class='ocrx_word' id='word_1_323' title='bbox 2257 1897 2338 1951; x_wconf 78' lang='grc'><strong>18.</strong></span> <span class='ocrx_word' id='word_1_324' title='bbox 2386 1896 2862 1954; x_wconf 80' lang='lat' dir='ltr'><strong>Circumdederuul</strong></span> <span class='ocrx_word' id='word_1_325' title='bbox 2898 1919 2978 1956; x_wconf 89' lang='lat' dir='ltr'><strong>me</strong></span> <span class='ocrx_word' id='word_1_326' title='bbox 3023 1906 3158 1958; x_wconf 81' lang='lat' dir='ltr'><strong>sicut</strong></span> <span class='ocrx_word' id='word_1_327' title='bbox 3187 1924 3345 1976; x_wconf 83' lang='lat' dir='ltr'><strong>aqua.</strong></span> <span class='ocrx_word' id='word_1_328' title='bbox 3383 1907 3554 1964; x_wconf 71' lang='lat' dir='ltr'><strong>Judari</strong></span> 
     </span>
    </p>
   </div>
   <div class='ocr_carea' id='block_1_49' title="bbox 1985 1989 3570 2062">
    <p class='ocr_par' dir='ltr' id='par_1_49' title="bbox 1985 1989 3570 2062">
     <span class='ocr_line' id='line_1_49' title="bbox 1985 1989 3570 2062; baseline 0.009 -20"><span class='ocrx_word' id='word_1_329' title='bbox 1985 1989 2237 2055; x_wconf 76' lang='lat' dir='ltr'><strong>scilitet;</strong></span> <span class='ocrx_word' id='word_1_330' title='bbox 2297 1991 2350 2044; x_wconf 91' lang='lat' dir='ltr'><strong>in</strong></span> <span class='ocrx_word' id='word_1_331' title='bbox 2389 1993 2604 2062; x_wconf 85' lang='lat' dir='ltr'><strong>psalmo</strong></span> <span class='ocrx_word' id='word_1_332' title='bbox 2649 2007 2826 2050; x_wconf 86' lang='lat' dir='ltr'><strong>autem</strong></span> <span class='ocrx_word' id='word_1_333' title='bbox 2859 2013 2950 2050; x_wconf 70' lang='grc' dir='ltr'><strong>χχι</strong></span> <span class='ocrx_word' id='word_1_334' title='bbox 2996 1998 3135 2054; x_wconf 76' lang='lat' dir='ltr'><strong>dixit</strong></span> <span class='ocrx_word' id='word_1_335' title='bbox 3163 2019 3176 2054; x_wconf 88' lang='lat'><strong>:</strong></span> <span class='ocrx_word' id='word_1_336' title='bbox 3203 2000 3570 2058; x_wconf 79' lang='lat' dir='ltr'><strong>Circumdedc-</strong></span> 
     </span>
    </p>
   </div>
   <div class='ocr_carea' id='block_1_50' title="bbox 1984 2085 3566 2159">
    <p class='ocr_par' dir='ltr' id='par_1_50' title="bbox 1984 2085 3566 2159">
     <span class='ocr_line' id='line_1_50' title="bbox 1984 2085 3566 2159; baseline 0.011 -26"><span class='ocrx_word' id='word_1_337' title='bbox 1984 2091 2106 2134; x_wconf 86' lang='lat' dir='ltr'><strong>rtmt</strong></span> <span class='ocrx_word' id='word_1_338' title='bbox 2137 2100 2215 2136; x_wconf 77' lang='lat' dir='ltr'><strong>me</strong></span> <span class='ocrx_word' id='word_1_339' title='bbox 2249 2085 2398 2138; x_wconf 82' lang='lat' dir='ltr'><strong>vituli</strong></span> <span class='ocrx_word' id='word_1_340' title='bbox 2421 2086 2592 2152; x_wconf 83' lang='lat' dir='ltr'><strong>multi,</strong></span> <span class='ocrx_word' id='word_1_341' title='bbox 2621 2089 2764 2141; x_wconf 80' lang='lat' dir='ltr'><strong>tauri</strong></span> <span class='ocrx_word' id='word_1_342' title='bbox 2785 2091 2997 2159; x_wconf 78' lang='lat' dir='ltr'><strong>pingues</strong></span> <span class='ocrx_word' id='word_1_343' title='bbox 3043 2094 3339 2147; x_wconf 82' lang='lat' dir='ltr'><strong>circuibaut</strong></span> <span class='ocrx_word' id='word_1_344' title='bbox 3368 2113 3465 2149; x_wconf 87' lang='lat' dir='ltr'><strong>me.</strong></span> <span class='ocrx_word' id='word_1_345' title='bbox 3501 2097 3566 2152; x_wconf 74' lang='lat' dir='ltr'><strong>Et</strong></span> 
     </span>
    </p>
   </div>
   <div class='ocr_carea' id='block_1_51' title="bbox 1982 2173 3566 2255">
    <p class='ocr_par' dir='ltr' id='par_1_51' title="bbox 1982 2173 3566 2255">
     <span class='ocr_line' id='line_1_51' title="bbox 1982 2173 3566 2255; baseline 0.011 -30"><span class='ocrx_word' id='word_1_346' title='bbox 1982 2173 2470 2229; x_wconf 86' lang='lat' dir='ltr'><strong>circumdederunt</strong></span> <span class='ocrx_word' id='word_1_347' title='bbox 2512 2178 2657 2231; x_wconf 84' lang='lat' dir='ltr'><strong>sicut</strong></span> <span class='ocrx_word' id='word_1_348' title='bbox 2692 2195 2857 2249; x_wconf 89' lang='lat' dir='ltr'><strong>aqua,</strong></span> <span class='ocrx_word' id='word_1_349' title='bbox 2905 2182 3032 2250; x_wconf 89' lang='lat' dir='ltr'><strong>quia</strong></span> <span class='ocrx_word' id='word_1_350' title='bbox 3065 2199 3203 2252; x_wconf 85' lang='lat' dir='ltr'><strong>aqua</strong></span> <span class='ocrx_word' id='word_1_351' title='bbox 3243 2186 3480 2255; x_wconf 82' lang='lat' dir='ltr'><strong>undique</strong></span> <span class='ocrx_word' id='word_1_352' title='bbox 3511 2199 3566 2242; x_wconf 78' lang='lat' dir='ltr'><strong>et</strong></span> 
     </span>
    </p>
   </div>
   <div class='ocr_carea' id='block_1_52' title="bbox 1983 2272 3567 2347">
    <p class='ocr_par' dir='ltr' id='par_1_52' title="bbox 1983 2272 3567 2347">
     <span class='ocr_line' id='line_1_52' title="bbox 1983 2272 3567 2347; baseline 0.013 -32"><span class='ocrx_word' id='word_1_353' title='bbox 1983 2278 2090 2316; x_wconf 88' lang='lat' dir='ltr'><strong>non</strong></span> <span class='ocrx_word' id='word_1_354' title='bbox 2119 2281 2181 2318; x_wconf 82' lang='lat' dir='ltr'><strong>ex</strong></span> <span class='ocrx_word' id='word_1_355' title='bbox 2217 2283 2321 2321; x_wconf 87' lang='lat' dir='ltr'><strong>una</strong></span> <span class='ocrx_word' id='word_1_356' title='bbox 2347 2276 2555 2322; x_wconf 87' lang='lat' dir='ltr'><strong>tantum</strong></span> <span class='ocrx_word' id='word_1_357' title='bbox 2586 2282 2740 2339; x_wconf 88' lang='lat' dir='ltr'><strong>parte</strong></span> <span class='ocrx_word' id='word_1_358' title='bbox 2765 2287 2860 2327; x_wconf 88' lang='lat' dir='ltr'><strong>eos</strong></span> <span class='ocrx_word' id='word_1_359' title='bbox 2891 2272 3219 2343; x_wconf 82' lang='lat' dir='ltr'><strong>circumdat,</strong></span> <span class='ocrx_word' id='word_1_360' title='bbox 3251 2293 3389 2347; x_wconf 88' lang='lat' dir='ltr'><strong>quos</strong></span> <span class='ocrx_word' id='word_1_361' title='bbox 3417 2295 3567 2335; x_wconf 82' lang='lat' dir='ltr'><strong>com-</strong></span> 
     </span>
    </p>
   </div>
   <div class='ocr_carea' id='block_1_53' title="bbox 1984 2348 2292 2424">
    <p class='ocr_par' dir='ltr' id='par_1_53' title="bbox 1984 2348 2292 2424">
     <span class='ocr_line' id='line_1_53' title="bbox 1984 2348 2292 2424; baseline 0.013 -16"><span class='ocrx_word' id='word_1_362' title='bbox 1984 2348 2292 2424; x_wconf 63' lang='lat' dir='ltr'><strong>prehendit.</strong></span> 
     </span>
    </p>
   </div>
   <div class='ocr_carea' id='block_1_54' title="bbox 2055 2449 3560 2530">
    <p class='ocr_par' dir='ltr' id='par_1_54' title="bbox 2055 2449 3560 2530">
     <span class='ocr_line' id='line_1_54' title="bbox 2055 2449 3560 2530; baseline 0.01 -29"><span class='ocrx_word' id='word_1_363' title='bbox 2055 2449 2188 2502; x_wconf 83' lang='lat' dir='ltr'><strong>Tota</strong></span> <span class='ocrx_word' id='word_1_364' title='bbox 2217 2451 2300 2505; x_wconf 87' lang='lat' dir='ltr'><strong>die</strong></span> <span class='ocrx_word' id='word_1_365' title='bbox 2347 2452 2748 2507; x_wconf 80' lang='lat' dir='ltr'><strong>circumdabant</strong></span> <span class='ocrx_word' id='word_1_366' title='bbox 2780 2472 2859 2509; x_wconf 83' lang='lat' dir='ltr'><strong>me</strong></span> <span class='ocrx_word' id='word_1_367' title='bbox 2895 2458 3073 2512; x_wconf 81' lang='lat' dir='ltr'><strong>simul.</strong></span> <span class='ocrx_word' id='word_1_368' title='bbox 3107 2459 3254 2513; x_wconf 90' lang='lat' dir='ltr'><strong>Diem</strong></span> <span class='ocrx_word' id='word_1_369' title='bbox 3285 2461 3560 2530; x_wconf 82' lang='lat' dir='ltr'><strong>passionis</strong></span> 
     </span>
    </p>
   </div>
   <div class='ocr_carea' id='block_1_55' title="bbox 1983 2539 3563 2621">
    <p class='ocr_par' dir='ltr' id='par_1_55' title="bbox 1983 2539 3563 2621">
     <span class='ocr_line' id='line_1_55' title="bbox 1983 2539 3563 2621; baseline 0.009 -29"><span class='ocrx_word' id='word_1_370' title='bbox 1983 2539 2259 2610; x_wconf 81' lang='lat' dir='ltr'><strong>intelligit.</strong></span> <span class='ocrx_word' id='word_1_371' title='bbox 2318 2542 2383 2596; x_wconf 88' lang='lat' dir='ltr'><strong>Et</strong></span> <span class='ocrx_word' id='word_1_372' title='bbox 2437 2545 2582 2613; x_wconf 89' lang='lat' dir='ltr'><strong>quod</strong></span> <span class='ocrx_word' id='word_1_373' title='bbox 2621 2547 2716 2610; x_wconf 85' lang='lat' dir='ltr'><strong>ait,</strong></span> <span class='ocrx_word' id='word_1_374' title='bbox 2771 2547 2968 2613; x_wconf 81' lang='lat' dir='ltr'><strong>Simul,</strong></span> <span class='ocrx_word' id='word_1_375' title='bbox 3017 2566 3229 2619; x_wconf 81' lang='lat' dir='ltr'><strong>expone</strong></span> <span class='ocrx_word' id='word_1_376' title='bbox 3287 2567 3402 2621; x_wconf 86' lang='lat' dir='ltr'><strong>pro,</strong></span> <span class='ocrx_word' id='word_1_377' title='bbox 3447 2553 3563 2607; x_wconf 87' lang='lat' dir='ltr'><strong>Una</strong></span> 
     </span>
    </p>
   </div>
   <div class='ocr_carea' id='block_1_56' title="bbox 1981 2646 2195 2687">
    <p class='ocr_par' dir='ltr' id='par_1_56' title="bbox 1981 2646 2195 2687">
     <span class='ocr_line' id='line_1_56' title="bbox 1981 2646 2195 2687; baseline -0.005 -1"><span class='ocrx_word' id='word_1_378' title='bbox 1981 2646 2195 2687; x_wconf 88' lang='lat' dir='ltr'><strong>omnes.</strong></span> 
     </span>
    </p>
   </div>
   <div class='ocr_carea' id='block_1_57' title="bbox 2059 2722 3562 2806">
    <p class='ocr_par' dir='ltr' id='par_1_57' title="bbox 2059 2722 3562 2806">
     <span class='ocr_line' id='line_1_57' title="bbox 2059 2722 3562 2806; baseline 0.01 -29"><span class='ocrx_word' id='word_1_379' title='bbox 2059 2722 2222 2780; x_wconf 70' lang='lat' dir='ltr'><strong>Vens.</strong></span> <span class='ocrx_word' id='word_1_380' title='bbox 2258 2726 2344 2780; x_wconf 79' lang='lat' dir='ltr'><strong>l9.</strong></span> <span class='ocrx_word' id='word_1_381' title='bbox 2374 2726 2650 2798; x_wconf 83' lang='lat' dir='ltr'><strong>Elongasti</strong></span> <span class='ocrx_word' id='word_1_382' title='bbox 2677 2749 2708 2784; x_wconf 80' lang='grc' dir='ltr'>τι</span> <span class='ocrx_word' id='word_1_383' title='bbox 2742 2748 2823 2786; x_wconf 83' lang='lat' dir='ltr'><strong>me</strong></span> <span class='ocrx_word' id='word_1_384' title='bbox 2886 2735 3112 2787; x_wconf 85' lang='lat' dir='ltr'><strong>amicum</strong></span> <span class='ocrx_word' id='word_1_385' title='bbox 3166 2745 3216 2789; x_wconf 71' lang='lat' dir='ltr'><strong>ct</strong></span> <span class='ocrx_word' id='word_1_386' title='bbox 3261 2742 3562 2806; x_wconf 71' lang='lat' dir='ltr'><strong>proximum</strong></span> 
     </span>
    </p>
   </div>
   <div class='ocr_carea' id='block_1_58' title="bbox 1981 2823 3564 2893">
    <p class='ocr_par' dir='ltr' id='par_1_58' title="bbox 1981 2823 3564 2893">
     <span class='ocr_line' id='line_1_58' title="bbox 1981 2823 3564 2893; baseline 0.009 -25"><span class='ocrx_word' id='word_1_387' title='bbox 1981 2826 2031 2869; x_wconf 86' lang='lat' dir='ltr'><strong>et</strong></span> <span class='ocrx_word' id='word_1_388' title='bbox 2060 2828 2213 2870; x_wconf 74' lang='lat' dir='ltr'><strong>notos</strong></span> <span class='ocrx_word' id='word_1_389' title='bbox 2248 2835 2389 2872; x_wconf 84' lang='lat' dir='ltr'><strong>meos</strong></span> <span class='ocrx_word' id='word_1_390' title='bbox 2447 2836 2479 2871; x_wconf 92' lang='lat' dir='ltr'><strong>a</strong></span> <span class='ocrx_word' id='word_1_391' title='bbox 2533 2823 2766 2874; x_wconf 81' lang='lat' dir='ltr'><strong>miseria.</strong></span> <span class='ocrx_word' id='word_1_392' title='bbox 2803 2824 2880 2876; x_wconf 90' lang='lat' dir='ltr'><strong>Ob</strong></span> <span class='ocrx_word' id='word_1_393' title='bbox 2913 2825 3191 2878; x_wconf 90' lang='lat' dir='ltr'><strong>miseriam</strong></span> <span class='ocrx_word' id='word_1_394' title='bbox 3240 2843 3438 2893; x_wconf 88' lang='lat' dir='ltr'><strong>meam,</strong></span> <span class='ocrx_word' id='word_1_395' title='bbox 3477 2830 3564 2881; x_wconf 48' lang='lat' dir='ltr'><strong>in-</strong></span> 
     </span>
    </p>
   </div>
   <div class='ocr_carea' id='block_1_59' title="bbox 1983 2908 3560 2982">
    <p class='ocr_par' dir='ltr' id='par_1_59' title="bbox 1983 2908 3560 2982">
     <span class='ocr_line' id='line_1_59' title="bbox 1983 2908 3560 2982; baseline 0.008 -23"><span class='ocrx_word' id='word_1_396' title='bbox 1983 2908 2126 2974; x_wconf 86' lang='lat' dir='ltr'><strong>quit,</strong></span> <span class='ocrx_word' id='word_1_397' title='bbox 2167 2914 2335 2977; x_wconf 88' lang='lat' dir='ltr'><strong>atque</strong></span> <span class='ocrx_word' id='word_1_398' title='bbox 2358 2908 2427 2962; x_wconf 89' lang='lat' dir='ltr'><strong>ob</strong></span> <span class='ocrx_word' id='word_1_399' title='bbox 2470 2912 2787 2979; x_wconf 84' lang='lat' dir='ltr'><strong>opprobria,</strong></span> <span class='ocrx_word' id='word_1_400' title='bbox 2839 2929 2960 2982; x_wconf 80' lang='lat' dir='ltr'><strong>quae</strong></span> <span class='ocrx_word' id='word_1_401' title='bbox 2992 2915 3124 2967; x_wconf 83' lang='lat' dir='ltr'><strong>mihi</strong></span> <span class='ocrx_word' id='word_1_402' title='bbox 3163 2916 3560 2981; x_wconf 81' lang='lat' dir='ltr'><strong>inferebantur,</strong></span> 
     </span>
    </p>
   </div>
   <div class='ocr_carea' id='block_1_60' title="bbox 1984 3000 3569 3075">
    <p class='ocr_par' dir='ltr' id='par_1_60' title="bbox 1984 3000 3569 3075">
     <span class='ocr_line' id='line_1_60' title="bbox 1984 3000 3569 3075; baseline 0.006 -23"><span class='ocrx_word' id='word_1_403' title='bbox 1984 3000 2251 3069; x_wconf 82' lang='lat' dir='ltr'><strong>elongain</strong></span> <span class='ocrx_word' id='word_1_404' title='bbox 2283 3016 2314 3054; x_wconf 89' lang='lat' dir='ltr'><strong>a</strong></span> <span class='ocrx_word' id='word_1_405' title='bbox 2361 3016 2445 3056; x_wconf 92' lang='lat' dir='ltr'><strong>me</strong></span> <span class='ocrx_word' id='word_1_406' title='bbox 2496 3002 2801 3071; x_wconf 82' lang='lat' dir='ltr'><strong>discipulos</strong></span> <span class='ocrx_word' id='word_1_407' title='bbox 2857 3019 3028 3070; x_wconf 91' lang='lat' dir='ltr'><strong>meos,</strong></span> <span class='ocrx_word' id='word_1_408' title='bbox 3076 3005 3143 3058; x_wconf 92' lang='lat' dir='ltr'><strong>de</strong></span> <span class='ocrx_word' id='word_1_409' title='bbox 3221 3006 3416 3075; x_wconf 86' lang='lat' dir='ltr'><strong>quibus</strong></span> <span class='ocrx_word' id='word_1_410' title='bbox 3474 3024 3569 3061; x_wconf 89' lang='lat' dir='ltr'><strong>su-</strong></span> 
     </span>
    </p>
   </div>
   <div class='ocr_carea' id='block_1_61' title="bbox 301 3089 1879 3163">
    <p class='ocr_par' dir='ltr' id='par_1_61' title="bbox 301 3089 1878 3162">
     <span class='ocr_line' id='line_1_61' title="bbox 301 3089 1878 3162; baseline 0.003 -20"><span class='ocrx_word' id='word_1_411' title='bbox 301 3089 400 3142; x_wconf 76' lang='grc' dir='ltr'>καὶ</span> <span class='ocrx_word' id='word_1_412' title='bbox 457 3089 756 3159; x_wconf 76' lang='grc' dir='ltr'>ἀνωτέρωο</span> <span class='ocrx_word' id='word_1_413' title='bbox 801 3089 1372 3158; x_wconf 31' lang='grc' dir='ltr'>Ἐμάκρυναςξτοὺς</span> <span class='ocrx_word' id='word_1_414' title='bbox 1423 3095 1732 3159; x_wconf 58' lang='grc' dir='ltr'>πωστοὺς</span> <span class='ocrx_word' id='word_1_415' title='bbox 1759 3111 1878 3162; x_wconf 86' lang='grc' dir='ltr'><strong>μου</strong></span> 
     </span>
    </p>
   </div>
   <div class='ocr_carea' id='block_1_62' title="bbox 1984 3089 3564 3163">
    <p class='ocr_par' dir='ltr' id='par_1_62' title="bbox 1984 3092 3564 3163">
     <span class='ocr_line' id='line_1_62' title="bbox 1984 3092 3564 3163; baseline 0.004 -17"><span class='ocrx_word' id='word_1_416' title='bbox 1984 3092 2169 3160; x_wconf 88' lang='lat' dir='ltr'><strong>perius</strong></span> <span class='ocrx_word' id='word_1_417' title='bbox 2209 3092 2488 3148; x_wconf 81' lang='lat' dir='ltr'><strong>diximus:</strong></span> <span class='ocrx_word' id='word_1_418' title='bbox 2525 3093 2806 3163; x_wconf 82' lang='lat' dir='ltr'><strong>Elongasti</strong></span> <span class='ocrx_word' id='word_1_419' title='bbox 2838 3112 2870 3149; x_wconf 90' lang='lat' dir='ltr'><strong>a</strong></span> <span class='ocrx_word' id='word_1_420' title='bbox 2897 3111 2978 3150; x_wconf 77' lang='lat' dir='ltr'><strong>me</strong></span> <span class='ocrx_word' id='word_1_421' title='bbox 3003 3105 3154 3150; x_wconf 81' lang='lat' dir='ltr'><strong>notos</strong></span> <span class='ocrx_word' id='word_1_422' title='bbox 3200 3114 3360 3154; x_wconf 82' lang='lat' dir='ltr'><strong>meos.</strong></span> <span class='ocrx_word' id='word_1_423' title='bbox 3409 3101 3564 3154; x_wconf 82' lang='lat' dir='ltr'><strong>Ami-</strong></span> 
     </span>
    </p>
   </div>
   <div class='ocr_carea' id='block_1_63' title="bbox 299 3180 1877 3252">
    <p class='ocr_par' dir='ltr' id='par_1_63' title="bbox 299 3180 1877 3252">
     <span class='ocr_line' id='line_1_63' title="bbox 299 3180 1877 3252; baseline 0.003 -18"><span class='ocrx_word' id='word_1_424' title='bbox 299 3180 403 3234; x_wconf 65' lang='lat' dir='ltr'><strong>da’</strong></span> <span class='ocrx_word' id='word_1_425' title='bbox 437 3180 605 3249; x_wconf 80' lang='grc' dir='ltr'>ἐμοῦ.</span> <span class='ocrx_word' id='word_1_426' title='bbox 629 3181 786 3233; x_wconf 79' lang='grc' dir='ltr'>Φίλον</span> <span class='ocrx_word' id='word_1_427' title='bbox 809 3183 916 3252; x_wconf 78' lang='grc' dir='ltr'><strong>γὰρ</strong></span> <span class='ocrx_word' id='word_1_428' title='bbox 946 3181 1041 3233; x_wconf 75' lang='grc' dir='ltr'>καὶ</span> <span class='ocrx_word' id='word_1_429' title='bbox 1075 3181 1304 3251; x_wconf 76' lang='grc' dir='ltr'>πλησίον</span> <span class='ocrx_word' id='word_1_430' title='bbox 1332 3183 1426 3234; x_wconf 78' lang='grc' dir='ltr'><strong>καὶ</strong></span> <span class='ocrx_word' id='word_1_431' title='bbox 1454 3185 1731 3251; x_wconf 83' lang='grc' dir='ltr'>γνωστοὺς</span> <span class='ocrx_word' id='word_1_432' title='bbox 1750 3187 1877 3250; x_wconf 75' lang='grc' dir='ltr'>τοὺς</span> 
     </span>
    </p>
   </div>
   <div class='ocr_carea' id='block_1_64' title="bbox 300 3272 1877 3345">
    <p class='ocr_par' dir='ltr' id='par_1_64' title="bbox 300 3272 1877 3345">
     <span class='ocr_line' id='line_1_64' title="bbox 300 3272 1877 3345; baseline 0.004 -21"><span class='ocrx_word' id='word_1_433' title='bbox 300 3272 502 3334; x_wconf 70' lang='grc' dir='ltr'>αὐτοὺς</span> <span class='ocrx_word' id='word_1_434' title='bbox 556 3273 744 3325; x_wconf 80' lang='grc' dir='ltr'>καλεῖ’</span> <span class='ocrx_word' id='word_1_435' title='bbox 797 3273 950 3340; x_wconf 80' lang='grc' dir='ltr'>φίλον</span> <span class='ocrx_word' id='word_1_436' title='bbox 991 3272 1111 3343; x_wconf 81' lang='grc' dir='ltr'>μὲν,</span> <span class='ocrx_word' id='word_1_437' title='bbox 1163 3273 1306 3326; x_wconf 85' lang='grc' dir='ltr'>κατὰ</span> <span class='ocrx_word' id='word_1_438' title='bbox 1343 3273 1423 3337; x_wconf 79' lang='grc' dir='ltr'>τὸ,</span> <span class='ocrx_word' id='word_1_439' title='bbox 1466 3273 1664 3343; x_wconf 76' lang='grc' dir='ltr'>Ὑμεῖς</span> <span class='ocrx_word' id='word_1_440' title='bbox 1711 3277 1877 3345; x_wconf 72' lang='grc' dir='ltr'>φίλοι</span> 
     </span>
    </p>
   </div>
   <div class='ocr_carea' id='block_1_65' title="bbox 294 3363 1872 3438">
    <p class='ocr_par' dir='ltr' id='par_1_65' title="bbox 294 3363 1872 3438">
     <span class='ocr_line' id='line_1_65' title="bbox 294 3363 1872 3438; baseline 0.003 -22"><span class='ocrx_word' id='word_1_441' title='bbox 294 3364 417 3434; x_wconf 78' lang='grc' dir='ltr'>μού</span> <span class='ocrx_word' id='word_1_442' title='bbox 446 3364 588 3416; x_wconf 83' lang='grc' dir='ltr'>ἐστε</span> <span class='ocrx_word' id='word_1_443' title='bbox 608 3380 620 3393; x_wconf 87' lang='grc'><strong>·</strong></span> <span class='ocrx_word' id='word_1_444' title='bbox 656 3363 883 3435; x_wconf 76' lang='grc' dir='ltr'>πλησίον</span> <span class='ocrx_word' id='word_1_445' title='bbox 928 3363 1005 3427; x_wconf 80' lang='grc' dir='ltr'>δὲ,</span> <span class='ocrx_word' id='word_1_446' title='bbox 1059 3364 1132 3426; x_wconf 82' lang='grc' dir='ltr'><strong>ὡς</strong></span> <span class='ocrx_word' id='word_1_447' title='bbox 1170 3363 1659 3435; x_wconf 79' lang='grc' dir='ltr'>συνδιαιτωμένους</span> <span class='ocrx_word' id='word_1_448' title='bbox 1685 3368 1838 3438; x_wconf 87' lang='grc' dir='ltr'><strong>αὐτῷ</strong></span> <span class='ocrx_word' id='word_1_449' title='bbox 1858 3385 1872 3401; x_wconf 91' lang='grc'><strong>·</strong></span> 
     </span>
    </p>
   </div>
   <div class='ocr_carea' id='block_1_66' title="bbox 302 3455 1874 3528">
    <p class='ocr_par' dir='ltr' id='par_1_66' title="bbox 302 3455 1874 3528">
     <span class='ocr_line' id='line_1_66' title="bbox 302 3455 1874 3528; baseline 0.003 -18"><span class='ocrx_word' id='word_1_450' title='bbox 302 3455 578 3522; x_wconf 75' lang='grc' dir='ltr'>γνωστοῖις</span> <span class='ocrx_word' id='word_1_451' title='bbox 611 3455 690 3516; x_wconf 83' lang='grc' dir='ltr'>δὲ,</span> <span class='ocrx_word' id='word_1_452' title='bbox 731 3456 805 3518; x_wconf 84' lang='grc' dir='ltr'>ὼς</span> <span class='ocrx_word' id='word_1_453' title='bbox 849 3455 1241 3523; x_wconf 83' lang='grc' dir='ltr'>γινώσκοντας,</span> <span class='ocrx_word' id='word_1_454' title='bbox 1283 3456 1376 3509; x_wconf 81' lang='grc' dir='ltr'>καὶ</span> <span class='ocrx_word' id='word_1_455' title='bbox 1408 3456 1498 3511; x_wconf 80' lang='grc' dir='ltr'><strong>διὰ</strong></span> <span class='ocrx_word' id='word_1_456' title='bbox 1527 3459 1684 3512; x_wconf 85' lang='grc' dir='ltr'>τοῦτο</span> <span class='ocrx_word' id='word_1_457' title='bbox 1712 3477 1874 3528; x_wconf 83' lang='grc' dir='ltr'>γινω-</span> 
     </span>
    </p>
   </div>
   <div class='ocr_carea' id='block_1_67' title="bbox 302 3548 1876 3622">
    <p class='ocr_par' dir='ltr' id='par_1_67' title="bbox 302 3548 1876 3622">
     <span class='ocr_line' id='line_1_67' title="bbox 302 3548 1876 3622; baseline 0.003 -20"><span class='ocrx_word' id='word_1_458' title='bbox 302 3548 622 3618; x_wconf 71' lang='grc' dir='ltr'>σκομένους.</span> <span class='ocrx_word' id='word_1_459' title='bbox 657 3549 781 3603; x_wconf 69' lang='lat' dir='ltr'><strong>AD.’</strong></span> <span class='ocrx_word' id='word_1_460' title='bbox 828 3548 970 3602; x_wconf 75' lang='grc' dir='ltr'>οὕτω</span> <span class='ocrx_word' id='word_1_461' title='bbox 1019 3549 1116 3618; x_wconf 84' lang='grc' dir='ltr'>μὲν</span> <span class='ocrx_word' id='word_1_462' title='bbox 1157 3551 1202 3601; x_wconf 82' lang='grc' dir='ltr'><strong>ὁ-</strong></span> <span class='ocrx_word' id='word_1_463' title='bbox 1232 3549 1454 3619; x_wconf 76' lang='grc' dir='ltr'>ψαλμδς</span> <span class='ocrx_word' id='word_1_464' title='bbox 1505 3552 1587 3615; x_wconf 78' lang='grc' dir='ltr'>εἰς</span> <span class='ocrx_word' id='word_1_465' title='bbox 1637 3553 1876 3622; x_wconf 80' lang='grc' dir='ltr'>Χριστὸν</span> 
     </span>
    </p>
   </div>
   <div class='ocr_carea' id='block_1_68' title="bbox 297 3637 1877 3710">
    <p class='ocr_par' dir='ltr' id='par_1_68' title="bbox 297 3637 1877 3710">
     <span class='ocr_line' id='line_1_68' title="bbox 297 3637 1877 3710; baseline 0.003 -17"><span class='ocrx_word' id='word_1_466' title='bbox 297 3639 550 3710; x_wconf 81' lang='grc' dir='ltr'><strong>ἀνήχθη·</strong></span> <span class='ocrx_word' id='word_1_467' title='bbox 606 3637 836 3710; x_wconf 74' lang='grc' dir='ltr'>ἁρμόζει</span> <span class='ocrx_word' id='word_1_468' title='bbox 882 3639 940 3692; x_wconf 84' lang='grc' dir='ltr'>δὲ</span> <span class='ocrx_word' id='word_1_469' title='bbox 989 3639 1086 3692; x_wconf 59' lang='grc' dir='ltr'><strong>καὶ⁸</strong></span> <span class='ocrx_word' id='word_1_470' title='bbox 1145 3641 1256 3702; x_wconf 88' lang='grc' dir='ltr'>τοῖς</span> <span class='ocrx_word' id='word_1_471' title='bbox 1301 3640 1550 3693; x_wconf 76' lang='grc' dir='ltr'>εὐσεϐέσι</span> <span class='ocrx_word' id='word_1_472' title='bbox 1601 3644 1769 3695; x_wconf 84' lang='grc' dir='ltr'>πᾶσιν</span> <span class='ocrx_word' id='word_1_473' title='bbox 1818 3647 1877 3699; x_wconf 89' lang='grc' dir='ltr'><strong>ἐν</strong></span> 
     </span>
    </p>
   </div>
   <div class='ocr_carea' id='block_1_69' title="bbox 298 3729 1877 3804">
    <p class='ocr_par' dir='ltr' id='par_1_69' title="bbox 298 3729 1877 3804">
     <span class='ocr_line' id='line_1_69' title="bbox 298 3729 1877 3804; baseline 0.003 -18"><span class='ocrx_word' id='word_1_474' title='bbox 298 3732 480 3803; x_wconf 82' lang='grc' dir='ltr'>καιρῷ</span> <span class='ocrx_word' id='word_1_475' title='bbox 507 3732 739 3800; x_wconf 77' lang='grc' dir='ltr'>θλίψεως</span> <span class='ocrx_word' id='word_1_476' title='bbox 763 3771 779 3795; x_wconf 93' lang='grc'><strong>,</strong></span> <span class='ocrx_word' id='word_1_477' title='bbox 811 3729 987 3794; x_wconf 80' lang='grc' dir='ltr'>οὕτως</span> <span class='ocrx_word' id='word_1_478' title='bbox 1010 3747 1026 3762; x_wconf 85' lang='grc'><strong>·</strong></span> <span class='ocrx_word' id='word_1_479' title='bbox 1057 3731 1227 3801; x_wconf 82' lang='grc' dir='ltr'>Κύριε</span> <span class='ocrx_word' id='word_1_480' title='bbox 1254 3735 1280 3784; x_wconf 90' lang='grc' dir='ltr'><strong>ό</strong></span> <span class='ocrx_word' id='word_1_481' title='bbox 1311 3732 1444 3796; x_wconf 83' lang='grc' dir='ltr'>Θεὸς</span> <span class='ocrx_word' id='word_1_482' title='bbox 1470 3735 1569 3803; x_wconf 85' lang='grc' dir='ltr'><strong>τῆς</strong></span> <span class='ocrx_word' id='word_1_483' title='bbox 1603 3737 1877 3804; x_wconf 84' lang='grc' dir='ltr'>σωτηρίας</span> 
     </span>
    </p>
   </div>
   <div class='ocr_carea' id='block_1_70' title="bbox 302 3824 1878 3895">
    <p class='ocr_par' dir='ltr' id='par_1_70' title="bbox 302 3824 1878 3895">
     <span class='ocr_line' id='line_1_70' title="bbox 302 3824 1878 3895; baseline 0.001 -17"><span class='ocrx_word' id='word_1_484' title='bbox 302 3843 432 3895; x_wconf 87' lang='grc' dir='ltr'>μου,</span> <span class='ocrx_word' id='word_1_485' title='bbox 462 3825 548 3878; x_wconf 84' lang='grc' dir='ltr'><strong>διὰ</strong></span> <span class='ocrx_word' id='word_1_486' title='bbox 576 3826 778 3887; x_wconf 85' lang='grc' dir='ltr'>παντὸς</span> <span class='ocrx_word' id='word_1_487' title='bbox 810 3824 1048 3878; x_wconf 81' lang='grc' dir='ltr'>ἐνώπιόν</span> <span class='ocrx_word' id='word_1_488' title='bbox 1105 3841 1201 3876; x_wconf 83' lang='grc' dir='ltr'><strong>σου</strong></span> <span class='ocrx_word' id='word_1_489' title='bbox 1237 3824 1535 3893; x_wconf 75' lang='grc' dir='ltr'>ἐκέκραξα.</span> <span class='ocrx_word' id='word_1_490' title='bbox 1572 3827 1878 3881; x_wconf 82' lang='grc' dir='ltr'>ἐπικαλού-</span> 
     </span>
    </p>
   </div>
   <div class='ocr_carea' id='block_1_71' title="bbox 306 3914 1874 3987">
    <p class='ocr_par' dir='ltr' id='par_1_71' title="bbox 306 3914 1874 3987">
     <span class='ocr_line' id='line_1_71' title="bbox 306 3914 1874 3987; baseline 0.003 -19"><span class='ocrx_word' id='word_1_491' title='bbox 306 3916 468 3979; x_wconf 78' lang='grc' dir='ltr'>μενός</span> <span class='ocrx_word' id='word_1_492' title='bbox 497 3933 555 3968; x_wconf 91' lang='grc' dir='ltr'><strong>σε</strong></span> <span class='ocrx_word' id='word_1_493' title='bbox 592 3916 669 3977; x_wconf 84' lang='grc' dir='ltr'><strong>είς</strong></span> <span class='ocrx_word' id='word_1_494' title='bbox 700 3915 971 3986; x_wconf 84' lang='grc' dir='ltr'>βοήθειαν.</span> <span class='ocrx_word' id='word_1_495' title='bbox 1002 3914 1084 3968; x_wconf 81' lang='grc' dir='ltr'><strong>Τὰ</strong></span> <span class='ocrx_word' id='word_1_496' title='bbox 1131 3915 1188 3968; x_wconf 84' lang='grc' dir='ltr'>δὲ</span> <span class='ocrx_word' id='word_1_497' title='bbox 1234 3915 1362 3984; x_wconf 78' lang='grc' dir='ltr'><strong>ἑξῆς</strong></span> <span class='ocrx_word' id='word_1_498' title='bbox 1416 3917 1573 3987; x_wconf 84' lang='grc' dir='ltr'>δῆλα,</span> <span class='ocrx_word' id='word_1_499' title='bbox 1616 3919 1696 3972; x_wconf 80' lang='grc' dir='ltr'>ὅτι</span> <span class='ocrx_word' id='word_1_500' title='bbox 1748 3919 1874 3972; x_wconf 76' lang='grc' dir='ltr'>Θλίο</span> 
     </span>
    </p>
   </div>
   <div class='ocr_carea' id='block_1_72' title="bbox 302 4007 1876 4080">
    <p class='ocr_par' dir='ltr' id='par_1_72' title="bbox 302 4007 1876 4080">
     <span class='ocr_line' id='line_1_72' title="bbox 302 4007 1876 4080; baseline 0.004 -22"><span class='ocrx_word' id='word_1_501' title='bbox 302 4007 452 4070; x_wconf 77' lang='grc' dir='ltr'>ψεων</span> <span class='ocrx_word' id='word_1_502' title='bbox 487 4007 736 4076; x_wconf 83' lang='grc' dir='ltr'>ἐπλήσθη</span> <span class='ocrx_word' id='word_1_503' title='bbox 773 4007 872 4060; x_wconf 74' lang='grc' dir='ltr'><strong>καὶ</strong></span> <span class='ocrx_word' id='word_1_504' title='bbox 905 4007 1086 4061; x_wconf 88' lang='grc' dir='ltr'>πόνων</span> <span class='ocrx_word' id='word_1_505' title='bbox 1119 4009 1150 4076; x_wconf 81' lang='grc' dir='ltr'>ἡ</span> <span class='ocrx_word' id='word_1_506' title='bbox 1177 4007 1322 4077; x_wconf 73' lang='grc' dir='ltr'>ψυχή</span> <span class='ocrx_word' id='word_1_507' title='bbox 1363 4025 1489 4077; x_wconf 88' lang='grc' dir='ltr'>μου,</span> <span class='ocrx_word' id='word_1_508' title='bbox 1520 4009 1617 4062; x_wconf 74' lang='grc' dir='ltr'>καὶ</span> <span class='ocrx_word' id='word_1_509' title='bbox 1648 4010 1876 4080; x_wconf 82' lang='grc' dir='ltr'>πλησίον</span> 
     </span>
    </p>
   </div>
   <div class='ocr_carea' id='block_1_73' title="bbox 301 4098 1876 4175">
    <p class='ocr_par' dir='ltr' id='par_1_73' title="bbox 301 4098 1876 4175">
     <span class='ocr_line' id='line_1_73' title="bbox 301 4098 1876 4175; baseline 0.004 -26"><span class='ocrx_word' id='word_1_510' title='bbox 301 4099 420 4167; x_wconf 76' lang='grc' dir='ltr'>είμὶ</span> <span class='ocrx_word' id='word_1_511' title='bbox 475 4098 570 4150; x_wconf 79' lang='grc' dir='ltr'><strong>τοῦ</strong></span> <span class='ocrx_word' id='word_1_512' title='bbox 604 4099 860 4175; x_wconf 85' lang='grc' dir='ltr'>θανάτου,</span> <span class='ocrx_word' id='word_1_513' title='bbox 917 4099 1018 4170; x_wconf 73' lang='grc' dir='ltr'><strong>ήδη</strong></span> <span class='ocrx_word' id='word_1_514' title='bbox 1055 4098 1403 4168; x_wconf 72' lang='grc' dir='ltr'><strong>ἀποκαμών⁸</strong></span> <span class='ocrx_word' id='word_1_515' title='bbox 1458 4101 1876 4172; x_wconf 83' lang='grc' dir='ltr'>συνηριθμήθην</span> 
     </span>
    </p>
   </div>
   <div class='ocr_carea' id='block_1_74' title="bbox 301 4192 1876 4264">
    <p class='ocr_par' dir='ltr' id='par_1_74' title="bbox 301 4192 1876 4264">
     <span class='ocr_line' id='line_1_74' title="bbox 301 4192 1876 4264; baseline 0.004 -22"><span class='ocrx_word' id='word_1_516' title='bbox 301 4192 414 4253; x_wconf 88' lang='grc' dir='ltr'>τοῖς</span> <span class='ocrx_word' id='word_1_517' title='bbox 440 4194 676 4260; x_wconf 78' lang='grc' dir='ltr'>νεκροῖς,</span> <span class='ocrx_word' id='word_1_518' title='bbox 729 4193 853 4244; x_wconf 84' lang='grc' dir='ltr'>ὅσον</span> <span class='ocrx_word' id='word_1_519' title='bbox 882 4192 974 4245; x_wconf 79' lang='grc' dir='ltr'>ἐπὶ</span> <span class='ocrx_word' id='word_1_520' title='bbox 1002 4195 1068 4263; x_wconf 82' lang='grc' dir='ltr'>τῇ</span> <span class='ocrx_word' id='word_1_521' title='bbox 1102 4193 1311 4264; x_wconf 85' lang='grc' dir='ltr'>σπουδῇ</span> <span class='ocrx_word' id='word_1_522' title='bbox 1348 4193 1457 4246; x_wconf 84' lang='grc' dir='ltr'><strong>τῶν</strong></span> <span class='ocrx_word' id='word_1_523' title='bbox 1487 4195 1876 4264; x_wconf 84' lang='grc' dir='ltr'>ἀνθρωποκτό-</span> 
     </span>
    </p>
   </div>
   <div class='ocr_carea' id='block_1_75' title="bbox 301 4281 1875 4358">
    <p class='ocr_par' dir='ltr' id='par_1_75' title="bbox 301 4281 1875 4358">
     <span class='ocr_line' id='line_1_75' title="bbox 301 4281 1875 4358; baseline 0.003 -24"><span class='ocrx_word' id='word_1_524' title='bbox 301 4299 408 4334; x_wconf 90' lang='grc' dir='ltr'><strong>νων</strong></span> <span class='ocrx_word' id='word_1_525' title='bbox 434 4281 706 4347; x_wconf 87' lang='grc' dir='ltr'>δαιμόνων</span> <span class='ocrx_word' id='word_1_526' title='bbox 733 4298 747 4312; x_wconf 81' lang='grc'><em>’</em></span> <span class='ocrx_word' id='word_1_527' title='bbox 779 4284 1050 4355; x_wconf 82' lang='grc' dir='ltr'>ἐγενήθην</span> <span class='ocrx_word' id='word_1_528' title='bbox 1084 4285 1436 4354; x_wconf 82' lang='grc' dir='ltr'>εὐχείρωτος,</span> <span class='ocrx_word' id='word_1_529' title='bbox 1472 4285 1606 4338; x_wconf 76' lang='grc' dir='ltr'>ὡσεὶ</span> <span class='ocrx_word' id='word_1_530' title='bbox 1635 4287 1875 4358; x_wconf 73' lang='grc' dir='ltr'>ἀϐοήθη-</span> 
     </span>
    </p>
   </div>
   <div class='ocr_carea' id='block_1_76' title="bbox 299 4373 1874 4443">
    <p class='ocr_par' dir='ltr' id='par_1_76' title="bbox 299 4373 1874 4443">
     <span class='ocr_line' id='line_1_76' title="bbox 299 4373 1874 4443; baseline 0.005 -21"><span class='ocrx_word' id='word_1_531' title='bbox 299 4387 414 4434; x_wconf 89' lang='grc' dir='ltr'>τος,</span> <span class='ocrx_word' id='word_1_532' title='bbox 471 4373 567 4426; x_wconf 73' lang='grc' dir='ltr'>καὶ</span> <span class='ocrx_word' id='word_1_533' title='bbox 633 4374 692 4426; x_wconf 92' lang='grc' dir='ltr'><strong>ἐν</strong></span> <span class='ocrx_word' id='word_1_534' title='bbox 741 4376 977 4443; x_wconf 82' lang='grc' dir='ltr'>νεκροῖς,</span> <span class='ocrx_word' id='word_1_535' title='bbox 1029 4375 1156 4427; x_wconf 84' lang='grc' dir='ltr'>ὅσον</span> <span class='ocrx_word' id='word_1_536' title='bbox 1202 4376 1264 4428; x_wconf 86' lang='grc' dir='ltr'>τὸ</span> <span class='ocrx_word' id='word_1_537' title='bbox 1318 4376 1405 4428; x_wconf 84' lang='grc' dir='ltr'><strong>ἐπ’</strong></span> <span class='ocrx_word' id='word_1_538' title='bbox 1445 4377 1648 4441; x_wconf 84' lang='grc' dir='ltr'>αὐτοῖς,</span> <span class='ocrx_word' id='word_1_539' title='bbox 1695 4378 1874 4430; x_wconf 79' lang='grc' dir='ltr'>καίτοι</span> 
     </span>
    </p>
   </div>
   <div class='ocr_carea' id='block_1_77' title="bbox 1984 3188 3568 3254">
    <p class='ocr_par' dir='ltr' id='par_1_77' title="bbox 1984 3188 3568 3254">
     <span class='ocr_line' id='line_1_77' title="bbox 1984 3188 3568 3254; baseline 0.004 -19"><span class='ocrx_word' id='word_1_540' title='bbox 1984 3197 2108 3235; x_wconf 88' lang='lat' dir='ltr'><strong>cum</strong></span> <span class='ocrx_word' id='word_1_541' title='bbox 2164 3193 2346 3238; x_wconf 88' lang='lat' dir='ltr'><strong>autem</strong></span> <span class='ocrx_word' id='word_1_542' title='bbox 2397 3196 2448 3239; x_wconf 92' lang='lat' dir='ltr'><strong>et</strong></span> <span class='ocrx_word' id='word_1_543' title='bbox 2473 3188 2809 3254; x_wconf 85' lang='lat' dir='ltr'><strong>proximum,</strong></span> <span class='ocrx_word' id='word_1_544' title='bbox 2841 3195 2895 3240; x_wconf 89' lang='lat' dir='ltr'><strong>et</strong></span> <span class='ocrx_word' id='word_1_545' title='bbox 2927 3194 3109 3250; x_wconf 89' lang='lat' dir='ltr'><strong>notos,</strong></span> <span class='ocrx_word' id='word_1_546' title='bbox 3144 3188 3365 3244; x_wconf 84' lang='lat' dir='ltr'><strong>eosdem</strong></span> <span class='ocrx_word' id='word_1_547' title='bbox 3401 3189 3568 3244; x_wconf 90' lang='lat' dir='ltr'><strong>intel-</strong></span> 
     </span>
    </p>
   </div>
   <div class='ocr_carea' id='block_1_78' title="bbox 1986 3272 3564 3343">
    <p class='ocr_par' dir='ltr' id='par_1_78' title="bbox 1986 3272 3564 3343">
     <span class='ocr_line' id='line_1_78' title="bbox 1986 3272 3564 3343; baseline 0.005 -18"><span class='ocrx_word' id='word_1_548' title='bbox 1986 3272 2126 3343; x_wconf 80' lang='lat' dir='ltr'><strong>ligit.</strong></span> <span class='ocrx_word' id='word_1_549' title='bbox 2177 3273 2244 3326; x_wconf 84' lang='lat' dir='ltr'><strong>Et</strong></span> <span class='ocrx_word' id='word_1_550' title='bbox 2279 3275 2516 3329; x_wconf 86' lang='lat' dir='ltr'><strong>amicum</strong></span> <span class='ocrx_word' id='word_1_551' title='bbox 2555 3275 2690 3329; x_wconf 89' lang='lat' dir='ltr'><strong>dicit</strong></span> <span class='ocrx_word' id='word_1_552' title='bbox 2735 3275 2892 3343; x_wconf 79' lang='lat' dir='ltr'><strong>juxta</strong></span> <span class='ocrx_word' id='word_1_553' title='bbox 2924 3275 3057 3330; x_wconf 90' lang='lat' dir='ltr'><strong>illud</strong></span> <span class='ocrx_word' id='word_1_554' title='bbox 3087 3293 3100 3331; x_wconf 90' lang='lat'><strong>:</strong></span> <span class='ocrx_word' id='word_1_555' title='bbox 3136 3274 3236 3330; x_wconf 81' lang='lat' dir='ltr'><strong>Vos</strong></span> <span class='ocrx_word' id='word_1_556' title='bbox 3269 3279 3427 3331; x_wconf 84' lang='lat' dir='ltr'><strong>amici</strong></span> <span class='ocrx_word' id='word_1_557' title='bbox 3465 3281 3564 3333; x_wconf 87' lang='lat' dir='ltr'><strong>mei</strong></span> 
     </span>
    </p>
   </div>
   <div class='ocr_carea' id='block_1_79' title="bbox 1981 3365 3560 3437">
    <p class='ocr_par' dir='ltr' id='par_1_79' title="bbox 1981 3365 3560 3437">
     <span class='ocr_line' id='line_1_79' title="bbox 1981 3365 3560 3437; baseline 0.003 -18"><span class='ocrx_word' id='word_1_558' title='bbox 1981 3366 2108 3419; x_wconf 76' lang='lat' dir='ltr'><strong>estis</strong></span> <span class='ocrx_word' id='word_1_559' title='bbox 2131 3366 2198 3420; x_wconf 71' lang='grc'><strong>³⁸.</strong></span> <span class='ocrx_word' id='word_1_560' title='bbox 2229 3365 2544 3421; x_wconf 73' lang='lat' dir='ltr'><strong>Proximum</strong></span> <span class='ocrx_word' id='word_1_561' title='bbox 2575 3382 2729 3431; x_wconf 82' lang='lat' dir='ltr'><strong>vero,</strong></span> <span class='ocrx_word' id='word_1_562' title='bbox 2756 3369 2884 3437; x_wconf 82' lang='lat' dir='ltr'><strong>quia</strong></span> <span class='ocrx_word' id='word_1_563' title='bbox 2928 3383 3035 3422; x_wconf 91' lang='lat' dir='ltr'><strong>una</strong></span> <span class='ocrx_word' id='word_1_564' title='bbox 3067 3383 3251 3424; x_wconf 87' lang='lat' dir='ltr'><strong>secum</strong></span> <span class='ocrx_word' id='word_1_565' title='bbox 3278 3370 3560 3437; x_wconf 86' lang='lat' dir='ltr'><strong>vivebant,</strong></span> 
     </span>
    </p>
   </div>
   <div class='ocr_carea' id='block_1_80' title="bbox 1984 3455 3562 3528">
    <p class='ocr_par' dir='ltr' id='par_1_80' title="bbox 1984 3455 3562 3528">
     <span class='ocr_line' id='line_1_80' title="bbox 1984 3455 3562 3528; baseline 0.009 -25"><span class='ocrx_word' id='word_1_566' title='bbox 1984 3459 2038 3504; x_wconf 89' lang='lat' dir='ltr'><strong>et</strong></span> <span class='ocrx_word' id='word_1_567' title='bbox 2070 3459 2254 3518; x_wconf 90' lang='lat' dir='ltr'><strong>notos,</strong></span> <span class='ocrx_word' id='word_1_568' title='bbox 2291 3455 2418 3522; x_wconf 86' lang='lat' dir='ltr'><strong>quia</strong></span> <span class='ocrx_word' id='word_1_569' title='bbox 2449 3462 2504 3509; x_wconf 88' lang='lat' dir='ltr'><strong>et</strong></span> <span class='ocrx_word' id='word_1_570' title='bbox 2535 3457 2944 3524; x_wconf 79' lang='lat' dir='ltr'><strong>cognoscebant</strong></span> <span class='ocrx_word' id='word_1_571' title='bbox 2967 3465 3022 3511; x_wconf 89' lang='lat' dir='ltr'><strong>et</strong></span> <span class='ocrx_word' id='word_1_572' title='bbox 3067 3458 3562 3528; x_wconf 79' lang='lat' dir='ltr'><strong>cognoscebantur.</strong></span> 
     </span>
    </p>
   </div>
   <div class='ocr_carea' id='block_1_81' title="bbox 1986 3541 3568 3616">
    <p class='ocr_par' dir='ltr' id='par_1_81' title="bbox 1986 3541 3568 3616">
     <span class='ocr_line' id='line_1_81' title="bbox 1986 3541 3568 3616; baseline 0.006 -22"><span class='ocrx_word' id='word_1_573' title='bbox 1986 3541 2050 3596; x_wconf 82' lang='lat' dir='ltr'><strong>Et</strong></span> <span class='ocrx_word' id='word_1_574' title='bbox 2101 3545 2205 3598; x_wconf 84' lang='lat' dir='ltr'><strong>hoc</strong></span> <span class='ocrx_word' id='word_1_575' title='bbox 2245 3553 2404 3613; x_wconf 89' lang='lat' dir='ltr'><strong>pacto</strong></span> <span class='ocrx_word' id='word_1_576' title='bbox 2433 3545 2654 3615; x_wconf 85' lang='lat' dir='ltr'><strong>quidem</strong></span> <span class='ocrx_word' id='word_1_577' title='bbox 2689 3556 2838 3601; x_wconf 86' lang='lat' dir='ltr'><strong>totus</strong></span> <span class='ocrx_word' id='word_1_578' title='bbox 2868 3546 2958 3600; x_wconf 89' lang='lat' dir='ltr'><strong>bic</strong></span> <span class='ocrx_word' id='word_1_579' title='bbox 3007 3550 3256 3616; x_wconf 69' lang='lat' dir='ltr'><strong>psalmus</strong></span> <span class='ocrx_word' id='word_1_580' title='bbox 3304 3550 3361 3604; x_wconf 92' lang='lat' dir='ltr'><strong>in</strong></span> <span class='ocrx_word' id='word_1_581' title='bbox 3405 3550 3568 3604; x_wconf 80' lang='lat' dir='ltr'><strong>Chri-</strong></span> 
     </span>
    </p>
   </div>
   <div class='ocr_carea' id='block_1_82' title="bbox 1985 3635 3561 3706">
    <p class='ocr_par' dir='ltr' id='par_1_82' title="bbox 1985 3635 3561 3706">
     <span class='ocr_line' id='line_1_82' title="bbox 1985 3635 3561 3706; baseline 0.007 -21"><span class='ocrx_word' id='word_1_582' title='bbox 1985 3644 2130 3690; x_wconf 83' lang='lat' dir='ltr'><strong>stum</strong></span> <span class='ocrx_word' id='word_1_583' title='bbox 2176 3635 2382 3690; x_wconf 87' lang='lat' dir='ltr'><strong>relatus</strong></span> <span class='ocrx_word' id='word_1_584' title='bbox 2433 3644 2540 3692; x_wconf 89' lang='lat' dir='ltr'><strong>est.</strong></span> <span class='ocrx_word' id='word_1_585' title='bbox 2572 3636 2840 3706; x_wconf 80' lang='lat' dir='ltr'><strong>Congruit</strong></span> <span class='ocrx_word' id='word_1_586' title='bbox 2881 3646 3066 3692; x_wconf 87' lang='lat' dir='ltr'><strong>tamen</strong></span> <span class='ocrx_word' id='word_1_587' title='bbox 3098 3639 3348 3699; x_wconf 67' lang='lat' dir='ltr'><strong>icuilibet</strong></span> <span class='ocrx_word' id='word_1_588' title='bbox 3391 3642 3561 3696; x_wconf 89' lang='lat' dir='ltr'><strong>etiam</strong></span> 
     </span>
    </p>
   </div>
   <div class='ocr_carea' id='block_1_83' title="bbox 1985 3727 3564 3798">
    <p class='ocr_par' dir='ltr' id='par_1_83' title="bbox 1985 3727 3564 3798">
     <span class='ocr_line' id='line_1_83' title="bbox 1985 3727 3564 3798; baseline 0.003 -18"><span class='ocrx_word' id='word_1_589' title='bbox 1985 3727 2129 3781; x_wconf 80' lang='lat' dir='ltr'><strong>ﬁdeli</strong></span> <span class='ocrx_word' id='word_1_590' title='bbox 2161 3731 2213 3780; x_wconf 90' lang='lat' dir='ltr'><strong>in</strong></span> <span class='ocrx_word' id='word_1_591' title='bbox 2242 3729 2512 3798; x_wconf 75' lang='lat' dir='ltr'><strong>angustiis</strong></span> <span class='ocrx_word' id='word_1_592' title='bbox 2547 3730 2891 3784; x_wconf 87' lang='lat' dir='ltr'><strong>constituto:</strong></span> <span class='ocrx_word' id='word_1_593' title='bbox 2927 3727 3155 3783; x_wconf 88' lang='lat' dir='ltr'><strong>Domine</strong></span> <span class='ocrx_word' id='word_1_594' title='bbox 3193 3728 3336 3785; x_wconf 92' lang='lat' dir='ltr'><strong>Deus</strong></span> <span class='ocrx_word' id='word_1_595' title='bbox 3367 3732 3564 3784; x_wconf 88' lang='lat' dir='ltr'><strong>salutis</strong></span> 
     </span>
    </p>
   </div>
   <div class='ocr_carea' id='block_1_84' title="bbox 1984 3819 3564 3887">
    <p class='ocr_par' dir='ltr' id='par_1_84' title="bbox 1984 3819 3564 3887">
     <span class='ocr_line' id='line_1_84' title="bbox 1984 3819 3564 3887; baseline 0 -13"><span class='ocrx_word' id='word_1_596' title='bbox 1984 3834 2138 3884; x_wconf 81' lang='lat' dir='ltr'><strong>meae,</strong></span> <span class='ocrx_word' id='word_1_597' title='bbox 2173 3819 2396 3874; x_wconf 85' lang='lat' dir='ltr'><strong>assidue</strong></span> <span class='ocrx_word' id='word_1_598' title='bbox 2419 3821 2649 3874; x_wconf 88' lang='lat' dir='ltr'><strong>clamavi</strong></span> <span class='ocrx_word' id='word_1_599' title='bbox 2681 3825 2735 3874; x_wconf 90' lang='lat' dir='ltr'><strong>in</strong></span> <span class='ocrx_word' id='word_1_600' title='bbox 2772 3828 3071 3887; x_wconf 85' lang='lat' dir='ltr'><strong>conspecto</strong></span> <span class='ocrx_word' id='word_1_601' title='bbox 3102 3827 3221 3884; x_wconf 92' lang='lat' dir='ltr'><strong>tuo,</strong></span> <span class='ocrx_word' id='word_1_602' title='bbox 3255 3819 3564 3887; x_wconf 74' lang='lat' dir='ltr'><strong>adiutorem</strong></span> 
     </span>
    </p>
   </div>
   <div class='ocr_carea' id='block_1_85' title="bbox 1986 3911 3564 3981">
    <p class='ocr_par' dir='ltr' id='par_1_85' title="bbox 1986 3911 3564 3981">
     <span class='ocr_line' id='line_1_85' title="bbox 1986 3911 3564 3981; baseline 0 -15"><span class='ocrx_word' id='word_1_603' title='bbox 1986 3921 2039 3966; x_wconf 89' lang='lat' dir='ltr'><strong>te</strong></span> <span class='ocrx_word' id='word_1_604' title='bbox 2086 3911 2220 3965; x_wconf 82' lang='lat' dir='ltr'><strong>mihi</strong></span> <span class='ocrx_word' id='word_1_605' title='bbox 2253 3926 2513 3968; x_wconf 83' lang='lat' dir='ltr'><strong>avocans.</strong></span> <span class='ocrx_word' id='word_1_606' title='bbox 2547 3911 2678 3977; x_wconf 63' lang='lat' dir='ltr'><strong>Quae</strong></span> <span class='ocrx_word' id='word_1_607' title='bbox 2707 3923 3014 3981; x_wconf 85' lang='lat' dir='ltr'><strong>sequuntur</strong></span> <span class='ocrx_word' id='word_1_608' title='bbox 3040 3912 3188 3966; x_wconf 85' lang='lat' dir='ltr'><strong>clara</strong></span> <span class='ocrx_word' id='word_1_609' title='bbox 3231 3920 3397 3966; x_wconf 90' lang='lat' dir='ltr'><strong>sunt:</strong></span> <span class='ocrx_word' id='word_1_610' title='bbox 3424 3911 3564 3976; x_wconf 88' lang='lat' dir='ltr'><strong>Quia</strong></span> 
     </span>
    </p>
   </div>
   <div class='ocr_carea' id='block_1_86' title="bbox 1985 4002 3566 4074">
    <p class='ocr_par' dir='ltr' id='par_1_86' title="bbox 1985 4002 3566 4074">
     <span class='ocr_line' id='line_1_86' title="bbox 1985 4002 3566 4074; baseline 0 -18"><span class='ocrx_word' id='word_1_611' title='bbox 1985 4004 2167 4058; x_wconf 82' lang='lat' dir='ltr'><strong>anima</strong></span> <span class='ocrx_word' id='word_1_612' title='bbox 2197 4019 2317 4059; x_wconf 86' lang='lat' dir='ltr'><strong>mea</strong></span> <span class='ocrx_word' id='word_1_613' title='bbox 2344 4005 2604 4060; x_wconf 67' lang='lat' dir='ltr'><strong>aerumnis</strong></span> <span class='ocrx_word' id='word_1_614' title='bbox 2629 4005 2851 4074; x_wconf 88' lang='lat' dir='ltr'><strong>impleta</strong></span> <span class='ocrx_word' id='word_1_615' title='bbox 2900 4011 3008 4067; x_wconf 89' lang='lat' dir='ltr'><strong>est,</strong></span> <span class='ocrx_word' id='word_1_616' title='bbox 3037 4004 3240 4073; x_wconf 85' lang='lat' dir='ltr'><strong>quibus</strong></span> <span class='ocrx_word' id='word_1_617' title='bbox 3274 4002 3410 4056; x_wconf 85' lang='lat' dir='ltr'><strong>adeo</strong></span> <span class='ocrx_word' id='word_1_618' title='bbox 3437 4004 3566 4056; x_wconf 83' lang='lat' dir='ltr'><strong>lati-</strong></span> 
     </span>
    </p>
   </div>
   <div class='ocr_carea' id='block_1_87' title="bbox 1983 4095 3565 4168">
    <p class='ocr_par' dir='ltr' id='par_1_87' title="bbox 1983 4095 3565 4168">
     <span class='ocr_line' id='line_1_87' title="bbox 1983 4095 3565 4168; baseline 0 -18"><span class='ocrx_word' id='word_1_619' title='bbox 1983 4106 2146 4168; x_wconf 79' lang='lat' dir='ltr'><strong>gatus</strong></span> <span class='ocrx_word' id='word_1_620' title='bbox 2176 4112 2321 4161; x_wconf 91' lang='lat' dir='ltr'><strong>sum,</strong></span> <span class='ocrx_word' id='word_1_621' title='bbox 2349 4104 2411 4151; x_wconf 92' lang='lat' dir='ltr'><strong>ut</strong></span> <span class='ocrx_word' id='word_1_622' title='bbox 2436 4095 2896 4166; x_wconf 79' lang='lat' dir='ltr'><strong>mortiproximus</strong></span> <span class='ocrx_word' id='word_1_623' title='bbox 2918 4095 3136 4150; x_wconf 79' lang='lat' dir='ltr'><strong>fuerim.</strong></span> <span class='ocrx_word' id='word_1_624' title='bbox 3157 4097 3565 4150; x_wconf 86' lang='lat' dir='ltr'><strong>Annumeratus</strong></span> 
     </span>
    </p>
   </div>
   <div class='ocr_carea' id='block_1_88' title="bbox 1983 4185 3566 4256">
    <p class='ocr_par' dir='ltr' id='par_1_88' title="bbox 1983 4185 3566 4256">
     <span class='ocr_line' id='line_1_88' title="bbox 1983 4185 3566 4256; baseline -0.003 -13"><span class='ocrx_word' id='word_1_625' title='bbox 1983 4196 2166 4244; x_wconf 90' lang='lat' dir='ltr'><strong>autem</strong></span> <span class='ocrx_word' id='word_1_626' title='bbox 2197 4203 2320 4243; x_wconf 90' lang='lat' dir='ltr'><strong>sum</strong></span> <span class='ocrx_word' id='word_1_627' title='bbox 2358 4202 2483 4242; x_wconf 87' lang='lat' dir='ltr'><strong>cum</strong></span> <span class='ocrx_word' id='word_1_628' title='bbox 2537 4188 2789 4250; x_wconf 89' lang='lat' dir='ltr'><strong>mortuis,</strong></span> <span class='ocrx_word' id='word_1_629' title='bbox 2827 4193 3092 4256; x_wconf 88' lang='lat' dir='ltr'><strong>quantum</strong></span> <span class='ocrx_word' id='word_1_630' title='bbox 3131 4186 3197 4239; x_wconf 90' lang='lat' dir='ltr'><strong>ad</strong></span> <span class='ocrx_word' id='word_1_631' title='bbox 3234 4185 3566 4240; x_wconf 76' lang='lat' dir='ltr'><strong>saevissimo-</strong></span> 
     </span>
    </p>
   </div>
   <div class='ocr_carea' id='block_1_89' title="bbox 1983 4277 3566 4346">
    <p class='ocr_par' dir='ltr' id='par_1_89' title="bbox 1983 4277 3566 4346">
     <span class='ocr_line' id='line_1_89' title="bbox 1983 4277 3566 4346; baseline -0.003 -9"><span class='ocrx_word' id='word_1_632' title='bbox 1983 4300 2106 4337; x_wconf 83' lang='lat' dir='ltr'><strong>rum</strong></span> <span class='ocrx_word' id='word_1_633' title='bbox 2159 4282 2471 4337; x_wconf 65' lang='lat' dir='ltr'><strong>daemonum</strong></span> <span class='ocrx_word' id='word_1_634' title='bbox 2540 4291 2726 4334; x_wconf 83' lang='lat' dir='ltr'><strong>votum</strong></span> <span class='ocrx_word' id='word_1_635' title='bbox 2786 4293 2850 4333; x_wconf 85' lang='lat' dir='ltr'><strong>ac</strong></span> <span class='ocrx_word' id='word_1_636' title='bbox 2904 4279 3143 4333; x_wconf 90' lang='lat' dir='ltr'><strong>studium</strong></span> <span class='ocrx_word' id='word_1_637' title='bbox 3208 4277 3566 4346; x_wconf 79' lang='lat' dir='ltr'><strong>pertinetzet</strong></span> 
     </span>
    </p>
   </div>
   <div class='ocr_carea' id='block_1_90' title="bbox 1989 4369 3560 4434">
    <p class='ocr_par' dir='ltr' id='par_1_90' title="bbox 1989 4369 3560 4434">
     <span class='ocr_line' id='line_1_90' title="bbox 1989 4369 3560 4434; baseline -0.004 -5"><span class='ocrx_word' id='word_1_638' title='bbox 1989 4377 2164 4432; x_wconf 82' lang='lat' dir='ltr'><strong>factus</strong></span> <span class='ocrx_word' id='word_1_639' title='bbox 2219 4391 2342 4430; x_wconf 89' lang='lat' dir='ltr'><strong>sum</strong></span> <span class='ocrx_word' id='word_1_640' title='bbox 2394 4373 2542 4428; x_wconf 86' lang='lat' dir='ltr'><strong>velut</strong></span> <span class='ocrx_word' id='word_1_641' title='bbox 2606 4373 2770 4425; x_wconf 85' lang='lat' dir='ltr'><strong>homo</strong></span> <span class='ocrx_word' id='word_1_642' title='bbox 2846 4371 2966 4426; x_wconf 84' lang='lat' dir='ltr'><strong>sine</strong></span> <span class='ocrx_word' id='word_1_643' title='bbox 3019 4371 3247 4434; x_wconf 79' lang='lat' dir='ltr'><strong>auxilio,</strong></span> <span class='ocrx_word' id='word_1_644' title='bbox 3302 4371 3374 4422; x_wconf 86' lang='lat' dir='ltr'><strong>ita</strong></span> <span class='ocrx_word' id='word_1_645' title='bbox 3404 4377 3462 4422; x_wconf 88' lang='lat' dir='ltr'><strong>ut</strong></span> <span class='ocrx_word' id='word_1_646' title='bbox 3489 4369 3560 4423; x_wconf 86' lang='lat' dir='ltr'><strong>de</strong></span> 
     </span>
    </p>
   </div>
   <div class='ocr_carea' id='block_1_91' title="bbox 298 4444 1879 4544">
    <p class='ocr_par' dir='ltr' id='par_1_91' title="bbox 298 4466 1877 4544">
     <span class='ocr_line' id='line_1_91' title="bbox 298 4466 1877 4544; baseline 0.004 -27"><span class='ocrx_word' id='word_1_647' title='bbox 298 4466 586 4536; x_wconf 82' lang='grc' dir='ltr'>ἐλεύθερος</span> <span class='ocrx_word' id='word_1_648' title='bbox 615 4467 689 4520; x_wconf 86' lang='grc' dir='ltr'>ὢν</span> <span class='ocrx_word' id='word_1_649' title='bbox 714 4467 794 4522; x_wconf 78' lang='grc' dir='ltr'>ἔτι</span> <span class='ocrx_word' id='word_1_650' title='bbox 827 4469 1172 4538; x_wconf 79' lang='grc' dir='ltr'>νεκρώσεως,</span> <span class='ocrx_word' id='word_1_651' title='bbox 1203 4470 1279 4533; x_wconf 86' lang='grc' dir='ltr'>ὼς</span> <span class='ocrx_word' id='word_1_652' title='bbox 1307 4472 1506 4540; x_wconf 82' lang='grc' dir='ltr'>μηκέτι</span> <span class='ocrx_word' id='word_1_653' title='bbox 1544 4475 1609 4541; x_wconf 82' lang='grc' dir='ltr'><strong>τῇ</strong></span> <span class='ocrx_word' id='word_1_654' title='bbox 1647 4471 1877 4544; x_wconf 78' lang='grc' dir='ltr'>ἀληθείᾳ</span> 
     </span>
    </p>
   </div>
   <div class='ocr_carea' id='block_1_92' title="bbox 1984 4444 3561 4544">
    <p class='ocr_par' dir='ltr' id='par_1_92' title="bbox 1989 4463 3561 4536">
     <span class='ocr_line' id='line_1_92' title="bbox 1989 4463 3561 4536; baseline -0.004 -14"><span class='ocrx_word' id='word_1_655' title='bbox 1989 4469 2136 4522; x_wconf 81' lang='lat' dir='ltr'><strong>facili</strong></span> <span class='ocrx_word' id='word_1_656' title='bbox 2161 4466 2280 4535; x_wconf 89' lang='lat' dir='ltr'><strong>capi</strong></span> <span class='ocrx_word' id='word_1_657' title='bbox 2316 4479 2553 4536; x_wconf 87' lang='lat' dir='ltr'><strong>possem.</strong></span> <span class='ocrx_word' id='word_1_658' title='bbox 2587 4463 2686 4518; x_wconf 78' lang='lat' dir='ltr'><strong>Fui</strong></span> <span class='ocrx_word' id='word_1_659' title='bbox 2721 4463 2964 4518; x_wconf 84' lang='lat' dir='ltr'><strong>etiamin</strong></span> <span class='ocrx_word' id='word_1_660' title='bbox 3000 4463 3252 4527; x_wconf 90' lang='lat' dir='ltr'><strong>mortuis,</strong></span> <span class='ocrx_word' id='word_1_661' title='bbox 3296 4474 3561 4530; x_wconf 82' lang='lat' dir='ltr'><strong>quantum</strong></span> 
     </span>
    </p>
   </div>
   <div class='ocr_carea' id='block_1_93' title="bbox 300 4559 1876 4633">
    <p class='ocr_par' dir='ltr' id='par_1_93' title="bbox 300 4559 1876 4633">
     <span class='ocr_line' id='line_1_93' title="bbox 300 4559 1876 4633; baseline 0.004 -21"><span class='ocrx_word' id='word_1_662' title='bbox 300 4559 508 4613; x_wconf 78' lang='grc' dir='ltr'>θανώνο</span> <span class='ocrx_word' id='word_1_663' title='bbox 541 4561 810 4632; x_wconf 80' lang='grc' dir='ltr'>ἐγενήθην</span> <span class='ocrx_word' id='word_1_664' title='bbox 842 4561 974 4614; x_wconf 83' lang='grc' dir='ltr'>ὡσεὶ</span> <span class='ocrx_word' id='word_1_665' title='bbox 1007 4563 1384 4632; x_wconf 82' lang='grc' dir='ltr'>τετρωμένοι,</span> <span class='ocrx_word' id='word_1_666' title='bbox 1410 4562 1656 4633; x_wconf 86' lang='grc' dir='ltr'>κείμενοι</span> <span class='ocrx_word' id='word_1_667' title='bbox 1687 4565 1746 4618; x_wconf 90' lang='grc' dir='ltr'><strong>ἐν</strong></span> <span class='ocrx_word' id='word_1_668' title='bbox 1777 4567 1876 4618; x_wconf 80' lang='grc' dir='ltr'><strong>τὰο</strong></span> 
     </span>
    </p>
   </div>
   <div class='ocr_carea' id='block_1_94' title="bbox 300 4655 1877 4727">
    <p class='ocr_par' dir='ltr' id='par_1_94' title="bbox 300 4655 1877 4727">
     <span class='ocr_line' id='line_1_94' title="bbox 300 4655 1877 4727; baseline 0.004 -21"><span class='ocrx_word' id='word_1_669' title='bbox 300 4673 447 4725; x_wconf 78' lang='grc' dir='ltr'>φοις,</span> <span class='ocrx_word' id='word_1_670' title='bbox 512 4656 741 4723; x_wconf 84' lang='grc' dir='ltr'>τρωθεὶς</span> <span class='ocrx_word' id='word_1_671' title='bbox 769 4656 848 4724; x_wconf 86' lang='grc' dir='ltr'>τῷ</span> <span class='ocrx_word' id='word_1_672' title='bbox 881 4655 1024 4722; x_wconf 80' lang='grc' dir='ltr'>βέλει</span> <span class='ocrx_word' id='word_1_673' title='bbox 1055 4656 1154 4724; x_wconf 82' lang='grc' dir='ltr'>τῆς</span> <span class='ocrx_word' id='word_1_674' title='bbox 1185 4656 1483 4725; x_wconf 82' lang='grc' dir='ltr'>ἁμαρτίας,</span> <span class='ocrx_word' id='word_1_675' title='bbox 1529 4659 1560 4727; x_wconf 81' lang='grc' dir='ltr'>ἢ</span> <span class='ocrx_word' id='word_1_676' title='bbox 1615 4660 1712 4726; x_wconf 82' lang='grc' dir='ltr'>τῆς</span> <span class='ocrx_word' id='word_1_677' title='bbox 1744 4660 1877 4712; x_wconf 84' lang='grc' dir='ltr'>ἀθυ-</span> 
     </span>
    </p>
   </div>
   <div class='ocr_carea' id='block_1_95' title="bbox 300 4747 1874 4820">
    <p class='ocr_par' dir='ltr' id='par_1_95' title="bbox 300 4747 1874 4820">
     <span class='ocr_line' id='line_1_95' title="bbox 300 4747 1874 4820; baseline 0.004 -22"><span class='ocrx_word' id='word_1_678' title='bbox 300 4749 429 4816; x_wconf 83' lang='grc' dir='ltr'>μίας</span> <span class='ocrx_word' id='word_1_679' title='bbox 449 4761 462 4778; x_wconf 90' lang='grc'><strong>·</strong></span> <span class='ocrx_word' id='word_1_680' title='bbox 484 4747 583 4800; x_wconf 74' lang='grc' dir='ltr'>καὶ</span> <span class='ocrx_word' id='word_1_681' title='bbox 612 4747 682 4800; x_wconf 74' lang='grc' dir='ltr'><strong>τὰ</strong></span> <span class='ocrx_word' id='word_1_682' title='bbox 704 4747 830 4817; x_wconf 82' lang='grc' dir='ltr'><strong>ὲξῆς</strong></span> <span class='ocrx_word' id='word_1_683' title='bbox 861 4747 1159 4814; x_wconf 84' lang='grc' dir='ltr'>ἀναλόγως.</span> <span class='ocrx_word' id='word_1_684' title='bbox 1195 4747 1418 4800; x_wconf 84' lang='grc' dir='ltr'>Ἕθεντό</span> <span class='ocrx_word' id='word_1_685' title='bbox 1455 4766 1523 4818; x_wconf 85' lang='grc' dir='ltr'><strong>με</strong></span> <span class='ocrx_word' id='word_1_686' title='bbox 1551 4751 1600 4802; x_wconf 77' lang='lat' dir='ltr'><strong>oi</strong></span> <span class='ocrx_word' id='word_1_687' title='bbox 1622 4750 1874 4820; x_wconf 86' lang='grc' dir='ltr'>δαίμονες</span> 
     </span>
    </p>
   </div>
   <div class='ocr_carea' id='block_1_96' title="bbox 300 4837 1872 4910">
    <p class='ocr_par' dir='ltr' id='par_1_96' title="bbox 300 4837 1872 4910">
     <span class='ocr_line' id='line_1_96' title="bbox 300 4837 1872 4910; baseline 0.011 -31"><span class='ocrx_word' id='word_1_688' title='bbox 300 4837 458 4908; x_wconf 78' lang='grc' dir='ltr'>βαθεῖ</span> <span class='ocrx_word' id='word_1_689' title='bbox 487 4837 666 4909; x_wconf 77' lang='grc' dir='ltr'>βόθρῳ</span> <span class='ocrx_word' id='word_1_690' title='bbox 693 4838 796 4907; x_wconf 75' lang='grc' dir='ltr'><strong>τῆς</strong></span> <span class='ocrx_word' id='word_1_691' title='bbox 826 4838 1100 4908; x_wconf 82' lang='grc' dir='ltr'>ἁμαρτίας</span> <span class='ocrx_word' id='word_1_692' title='bbox 1127 4877 1141 4901; x_wconf 89' lang='grc'><strong>,</strong></span> <span class='ocrx_word' id='word_1_693' title='bbox 1182 4839 1240 4890; x_wconf 86' lang='grc' dir='ltr'>ἐν</span> <span class='ocrx_word' id='word_1_694' title='bbox 1291 4839 1472 4891; x_wconf 83' lang='grc' dir='ltr'>σκότει</span> <span class='ocrx_word' id='word_1_695' title='bbox 1526 4837 1757 4910; x_wconf 71' lang='grc' dir='ltr'>θλίψεως</span> <span class='ocrx_word' id='word_1_696' title='bbox 1789 4855 1802 4870; x_wconf 83' lang='grc'><strong><em>⁸</em></strong></span> <span class='ocrx_word' id='word_1_697' title='bbox 1840 4841 1872 4908; x_wconf 80' lang='grc' dir='ltr'><strong>ἢ</strong></span> 
     </span>
    </p>
   </div>
   <div class='ocr_carea' id='block_1_97' title="bbox 300 4928 1876 4999">
    <p class='ocr_par' dir='ltr' id='par_1_97' title="bbox 300 4928 1876 4999">
     <span class='ocr_line' id='line_1_97' title="bbox 300 4928 1876 4999; baseline 0.003 -19"><span class='ocrx_word' id='word_1_698' title='bbox 300 4928 432 4981; x_wconf 80' lang='grc' dir='ltr'>σκιὰ</span> <span class='ocrx_word' id='word_1_699' title='bbox 487 4929 584 4982; x_wconf 78' lang='grc' dir='ltr'>καὶ</span> <span class='ocrx_word' id='word_1_700' title='bbox 628 4928 887 4998; x_wconf 85' lang='grc' dir='ltr'>ὁμοίωσίς</span> <span class='ocrx_word' id='word_1_701' title='bbox 920 4929 1038 4980; x_wconf 81' lang='grc' dir='ltr'>ἐστι</span> <span class='ocrx_word' id='word_1_702' title='bbox 1068 4928 1301 4982; x_wconf 83' lang='grc' dir='ltr'>θανάτου</span> <span class='ocrx_word' id='word_1_703' title='bbox 1355 4929 1442 4981; x_wconf 79' lang='grc' dir='ltr'>διὰ</span> <span class='ocrx_word' id='word_1_704' title='bbox 1471 4929 1570 4999; x_wconf 79' lang='grc' dir='ltr'>τὴν</span> <span class='ocrx_word' id='word_1_705' title='bbox 1608 4931 1839 4998; x_wconf 85' lang='grc' dir='ltr'>πικρίαν</span> <span class='ocrx_word' id='word_1_706' title='bbox 1863 4948 1876 4962; x_wconf 85' lang='grc'><em>’</em></span> 
     </span>
    </p>
   </div>
   <div class='ocr_carea' id='block_1_98' title="bbox 298 5018 1875 5094">
    <p class='ocr_par' dir='ltr' id='par_1_98' title="bbox 298 5018 1875 5094">
     <span class='ocr_line' id='line_1_98' title="bbox 298 5018 1875 5094; baseline 0.003 -23"><span class='ocrx_word' id='word_1_707' title='bbox 298 5019 386 5072; x_wconf 84' lang='grc' dir='ltr'><strong>ἐπ’</strong></span> <span class='ocrx_word' id='word_1_708' title='bbox 415 5019 518 5087; x_wconf 81' lang='grc' dir='ltr'>ἐμὲ</span> <span class='ocrx_word' id='word_1_709' title='bbox 553 5019 902 5088; x_wconf 76' lang='grc' dir='ltr'>ἐπεὸἀρησεν</span> <span class='ocrx_word' id='word_1_710' title='bbox 930 5019 958 5070; x_wconf 83' lang='grc' dir='ltr'>ὁ</span> <span class='ocrx_word' id='word_1_711' title='bbox 991 5018 1160 5088; x_wconf 86' lang='grc' dir='ltr'>θυμός</span> <span class='ocrx_word' id='word_1_712' title='bbox 1197 5034 1292 5070; x_wconf 89' lang='grc' dir='ltr'><strong>σου</strong></span> <span class='ocrx_word' id='word_1_713' title='bbox 1314 5035 1326 5049; x_wconf 72' lang='grc'><strong><em>⁸</em></strong></span> <span class='ocrx_word' id='word_1_714' title='bbox 1353 5021 1403 5071; x_wconf 77' lang='grc' dir='ltr'>εἰ</span> <span class='ocrx_word' id='word_1_715' title='bbox 1430 5021 1540 5090; x_wconf 81' lang='grc' dir='ltr'>γὰρ</span> <span class='ocrx_word' id='word_1_716' title='bbox 1577 5021 1652 5090; x_wconf 80' lang='grc' dir='ltr'>μὴ</span> <span class='ocrx_word' id='word_1_717' title='bbox 1679 5021 1742 5074; x_wconf 86' lang='grc' dir='ltr'>σύ</span> <span class='ocrx_word' id='word_1_718' title='bbox 1772 5040 1875 5094; x_wconf 81' lang='grc' dir='ltr'><strong>μου</strong></span> 
     </span>
    </p>
   </div>
   <div class='ocr_carea' id='block_1_99' title="bbox 299 5111 1877 5181">
    <p class='ocr_par' dir='ltr' id='par_1_99' title="bbox 299 5111 1877 5181">
     <span class='ocr_line' id='line_1_99' title="bbox 299 5111 1877 5181; baseline 0.001 -16"><span class='ocrx_word' id='word_1_719' title='bbox 299 5111 588 5181; x_wconf 80' lang='grc' dir='ltr'>ὀργισθῇς,</span> <span class='ocrx_word' id='word_1_720' title='bbox 620 5112 720 5165; x_wconf 77' lang='grc' dir='ltr'><strong>οὐκ</strong></span> <span class='ocrx_word' id='word_1_721' title='bbox 748 5113 814 5166; x_wconf 82' lang='grc' dir='ltr'>ἄν</span> <span class='ocrx_word' id='word_1_722' title='bbox 847 5129 948 5181; x_wconf 90' lang='grc' dir='ltr'><strong>μου</strong></span> <span class='ocrx_word' id='word_1_723' title='bbox 982 5111 1370 5180; x_wconf 84' lang='grc' dir='ltr'>περιεγένοντο</span> <span class='ocrx_word' id='word_1_724' title='bbox 1391 5128 1406 5144; x_wconf 78' lang='grc' dir='ltr'><strong><em>ο</em></strong></span> <span class='ocrx_word' id='word_1_725' title='bbox 1439 5112 1536 5164; x_wconf 73' lang='grc' dir='ltr'>καὶ</span> <span class='ocrx_word' id='word_1_726' title='bbox 1563 5114 1744 5176; x_wconf 83' lang='grc' dir='ltr'>πάσας</span> <span class='ocrx_word' id='word_1_727' title='bbox 1779 5115 1877 5177; x_wconf 80' lang='grc' dir='ltr'><strong>τὰς</strong></span> 
     </span>
    </p>
   </div>
   <div class='ocr_carea' id='block_1_100' title="bbox 299 5203 1874 5274">
    <p class='ocr_par' dir='ltr' id='par_1_100' title="bbox 299 5203 1874 5274">
     <span class='ocr_line' id='line_1_100' title="bbox 299 5203 1874 5274; baseline 0.003 -18"><span class='ocrx_word' id='word_1_728' title='bbox 299 5204 706 5268; x_wconf 75' lang='grc' dir='ltr'>ἐπαναστάσεις</span> <span class='ocrx_word' id='word_1_729' title='bbox 733 5204 842 5259; x_wconf 85' lang='grc' dir='ltr'><strong>τῶν</strong></span> <span class='ocrx_word' id='word_1_730' title='bbox 869 5203 1126 5274; x_wconf 79' lang='grc' dir='ltr'>θλίψεων,</span> <span class='ocrx_word' id='word_1_731' title='bbox 1153 5205 1296 5258; x_wconf 82' lang='grc' dir='ltr'>κατὰ</span> <span class='ocrx_word' id='word_1_732' title='bbox 1333 5205 1730 5274; x_wconf 84' lang='grc' dir='ltr'>παραχώρησίν</span> <span class='ocrx_word' id='word_1_733' title='bbox 1755 5223 1874 5271; x_wconf 89' lang='grc' dir='ltr'>σου,</span> 
     </span>
    </p>
   </div>
   <div class='ocr_carea' id='block_1_101' title="bbox 297 5295 1874 5366">
    <p class='ocr_par' dir='ltr' id='par_1_101' title="bbox 297 5295 1874 5366">
     <span class='ocr_line' id='line_1_101' title="bbox 297 5295 1874 5366; baseline 0.001 -18"><span class='ocrx_word' id='word_1_734' title='bbox 297 5297 582 5364; x_wconf 86' lang='grc' dir='ltr'>ἐπήγαγες</span> <span class='ocrx_word' id='word_1_735' title='bbox 629 5295 716 5349; x_wconf 75' lang='grc' dir='ltr'><strong>ἐπ’</strong></span> <span class='ocrx_word' id='word_1_736' title='bbox 748 5297 852 5365; x_wconf 82' lang='grc' dir='ltr'><strong>ἐμέ</strong></span> <span class='ocrx_word' id='word_1_737' title='bbox 875 5309 888 5324; x_wconf 80' lang='grc'><strong><em>⁸</em></strong></span> <span class='ocrx_word' id='word_1_738' title='bbox 923 5299 1240 5366; x_wconf 83' lang='grc' dir='ltr'>ἐμάκρυνας</span> <span class='ocrx_word' id='word_1_739' title='bbox 1269 5295 1396 5355; x_wconf 72' lang='grc' dir='ltr'>τοὺς</span> <span class='ocrx_word' id='word_1_740' title='bbox 1434 5296 1711 5362; x_wconf 67' lang='grc' dir='ltr'>γνωστούς</span> <span class='ocrx_word' id='word_1_741' title='bbox 1747 5315 1874 5365; x_wconf 88' lang='grc' dir='ltr'>μου,</span> 
     </span>
    </p>
   </div>
   <div class='ocr_carea' id='block_1_102' title="bbox 296 5385 1874 5456">
    <p class='ocr_par' dir='ltr' id='par_1_102' title="bbox 296 5385 1874 5456">
     <span class='ocr_line' id='line_1_102' title="bbox 296 5385 1874 5456; baseline 0.001 -17"><span class='ocrx_word' id='word_1_742' title='bbox 296 5386 476 5440; x_wconf 85' lang='grc' dir='ltr'>εῑτουν</span> <span class='ocrx_word' id='word_1_743' title='bbox 518 5388 647 5450; x_wconf 80' lang='grc' dir='ltr'>τοὺς</span> <span class='ocrx_word' id='word_1_744' title='bbox 695 5388 887 5454; x_wconf 83' lang='grc' dir='ltr'>ἁγίους</span> <span class='ocrx_word' id='word_1_745' title='bbox 915 5387 1204 5455; x_wconf 74' lang='grc' dir='ltr'>ἀγγέλους,</span> <span class='ocrx_word' id='word_1_746' title='bbox 1251 5387 1380 5448; x_wconf 78' lang='grc' dir='ltr'>τοὺς</span> <span class='ocrx_word' id='word_1_747' title='bbox 1421 5385 1528 5455; x_wconf 82' lang='grc' dir='ltr'>πρὸ</span> <span class='ocrx_word' id='word_1_748' title='bbox 1561 5388 1656 5455; x_wconf 78' lang='grc' dir='ltr'>τῆς</span> <span class='ocrx_word' id='word_1_749' title='bbox 1693 5389 1874 5456; x_wconf 83' lang='grc' dir='ltr'>ἁμαρ-</span> 
     </span>
    </p>
   </div>
   <div class='ocr_carea' id='block_1_103' title="bbox 297 5478 1872 5550">
    <p class='ocr_par' dir='ltr' id='par_1_103' title="bbox 297 5478 1872 5550">
     <span class='ocr_line' id='line_1_103' title="bbox 297 5478 1872 5550; baseline 0.001 -20"><span class='ocrx_word' id='word_1_750' title='bbox 297 5480 420 5542; x_wconf 83' lang='grc' dir='ltr'>τίας</span> <span class='ocrx_word' id='word_1_751' title='bbox 452 5479 692 5550; x_wconf 84' lang='grc' dir='ltr'>γνησίως</span> <span class='ocrx_word' id='word_1_752' title='bbox 717 5479 852 5550; x_wconf 71' lang='grc' dir='ltr'>πρός</span> <span class='ocrx_word' id='word_1_753' title='bbox 883 5496 949 5547; x_wconf 90' lang='grc' dir='ltr'><strong>με</strong></span> <span class='ocrx_word' id='word_1_754' title='bbox 973 5478 1354 5547; x_wconf 81' lang='grc' dir='ltr'>διακειμένους</span> <span class='ocrx_word' id='word_1_755' title='bbox 1384 5478 1479 5530; x_wconf 75' lang='grc' dir='ltr'>καὶ</span> <span class='ocrx_word' id='word_1_756' title='bbox 1502 5479 1872 5547; x_wconf 74' lang='grc' dir='ltr'>γνωρίζοντάς</span> 
     </span>
    </p>
   </div>
   <div class='ocr_carea' id='block_1_104' title="bbox 302 5570 1868 5642">
    <p class='ocr_par' dir='ltr' id='par_1_104' title="bbox 302 5570 1868 5642">
     <span class='ocr_line' id='line_1_104' title="bbox 302 5570 1868 5642; baseline 0.003 -20"><span class='ocrx_word' id='word_1_757' title='bbox 302 5587 390 5639; x_wconf 88' lang='grc' dir='ltr'><strong>με,</strong></span> <span class='ocrx_word' id='word_1_758' title='bbox 429 5571 480 5623; x_wconf 84' lang='grc' dir='ltr'>οἶ</span> <span class='ocrx_word' id='word_1_759' title='bbox 512 5574 606 5624; x_wconf 80' lang='grc' dir='ltr'>καὶ</span> <span class='ocrx_word' id='word_1_760' title='bbox 645 5570 999 5636; x_wconf 75' lang='grc' dir='ltr'>ἐϐδελύξαντό</span> <span class='ocrx_word' id='word_1_761' title='bbox 1032 5588 1098 5642; x_wconf 90' lang='grc' dir='ltr'><strong>με</strong></span> <span class='ocrx_word' id='word_1_762' title='bbox 1129 5572 1218 5625; x_wconf 80' lang='grc' dir='ltr'>διὰ</span> <span class='ocrx_word' id='word_1_763' title='bbox 1248 5571 1346 5641; x_wconf 82' lang='grc' dir='ltr'>τὴν</span> <span class='ocrx_word' id='word_1_764' title='bbox 1391 5570 1667 5640; x_wconf 85' lang='grc' dir='ltr'>ἁμαρτίαν</span> <span class='ocrx_word' id='word_1_765' title='bbox 1692 5587 1706 5601; x_wconf 87' lang='grc'><strong>·</strong></span> <span class='ocrx_word' id='word_1_766' title='bbox 1763 5590 1868 5626; x_wconf 82' lang='grc' dir='ltr'>πα-</span> 
     </span>
    </p>
   </div>
   <div class='ocr_carea' id='block_1_105' title="bbox 365 5746 1554 5817">
    <p class='ocr_par' dir='ltr' id='par_1_105' title="bbox 365 5746 1554 5817">
     <span class='ocr_line' id='line_1_105' title="bbox 365 5746 1554 5817; baseline -0.003 -13"><span class='ocrx_word' id='word_1_767' title='bbox 365 5749 410 5782; x_wconf 80' lang='lat'><strong>&quot;</strong></span> <span class='ocrx_word' id='word_1_768' title='bbox 451 5749 640 5804; x_wconf 75' lang='lat' dir='ltr'><strong>Matth.</strong></span> <span class='ocrx_word' id='word_1_769' title='bbox 687 5765 836 5817; x_wconf 57' lang='grc' dir='ltr'>τινι,</span> <span class='ocrx_word' id='word_1_770' title='bbox 875 5748 964 5804; x_wconf 72' lang='grc'><strong>49.</strong></span> <span class='ocrx_word' id='word_1_771' title='bbox 1043 5749 1085 5780; x_wconf 85' lang='grc'><strong>³⁸</strong></span> <span class='ocrx_word' id='word_1_772' title='bbox 1129 5746 1289 5805; x_wconf 78' lang='lat' dir='ltr'><strong>Joan.</strong></span> <span class='ocrx_word' id='word_1_773' title='bbox 1337 5763 1424 5815; x_wconf 82' lang='lat' dir='ltr'><strong>xv,</strong></span> <span class='ocrx_word' id='word_1_774' title='bbox 1463 5747 1554 5801; x_wconf 71' lang='grc'><strong>14.</strong></span> 
     </span>
    </p>
   </div>
   <div class='ocr_carea' id='block_1_106' title="bbox 1985 4557 3562 4627">
    <p class='ocr_par' dir='ltr' id='par_1_106' title="bbox 1985 4557 3562 4627">
     <span class='ocr_line' id='line_1_106' title="bbox 1985 4557 3562 4627; baseline -0.006 -10"><span class='ocrx_word' id='word_1_775' title='bbox 1985 4563 2054 4617; x_wconf 88' lang='lat' dir='ltr'><strong>ad</strong></span> <span class='ocrx_word' id='word_1_776' title='bbox 2113 4563 2354 4626; x_wconf 86' lang='lat' dir='ltr'><strong>illorum,</strong></span> <span class='ocrx_word' id='word_1_777' title='bbox 2393 4572 2451 4615; x_wconf 92' lang='lat' dir='ltr'><strong>ut</strong></span> <span class='ocrx_word' id='word_1_778' title='bbox 2482 4560 2741 4626; x_wconf 76' lang='lat' dir='ltr'><strong>diximus,</strong></span> <span class='ocrx_word' id='word_1_779' title='bbox 2776 4559 3016 4614; x_wconf 88' lang='lat' dir='ltr'><strong>studium</strong></span> <span class='ocrx_word' id='word_1_780' title='bbox 3047 4558 3308 4627; x_wconf 87' lang='lat' dir='ltr'><strong>pertinet,</strong></span> <span class='ocrx_word' id='word_1_781' title='bbox 3341 4557 3562 4610; x_wconf 87' lang='lat' dir='ltr'><strong>tametsi</strong></span> 
     </span>
    </p>
   </div>
   <div class='ocr_carea' id='block_1_107' title="bbox 1983 4648 3564 4722">
    <p class='ocr_par' dir='ltr' id='par_1_107' title="bbox 1983 4648 3564 4722">
     <span class='ocr_line' id='line_1_107' title="bbox 1983 4648 3564 4722; baseline -0.005 -16"><span class='ocrx_word' id='word_1_782' title='bbox 1983 4669 2084 4722; x_wconf 75' lang='lat' dir='ltr'><strong>ego</strong></span> <span class='ocrx_word' id='word_1_783' title='bbox 2116 4653 2295 4707; x_wconf 84' lang='lat' dir='ltr'><strong>adhuc</strong></span> <span class='ocrx_word' id='word_1_784' title='bbox 2319 4650 2570 4707; x_wconf 88' lang='lat' dir='ltr'><strong>libersim</strong></span> <span class='ocrx_word' id='word_1_785' title='bbox 2595 4665 2623 4703; x_wconf 85' lang='lat' dir='ltr'><strong>a</strong></span> <span class='ocrx_word' id='word_1_786' title='bbox 2646 4660 2842 4713; x_wconf 88' lang='lat' dir='ltr'><strong>morte,</strong></span> <span class='ocrx_word' id='word_1_787' title='bbox 2878 4649 3042 4703; x_wconf 86' lang='lat' dir='ltr'><strong>veluti</strong></span> <span class='ocrx_word' id='word_1_788' title='bbox 3077 4648 3168 4716; x_wconf 86' lang='lat' dir='ltr'><strong>qui</strong></span> <span class='ocrx_word' id='word_1_789' title='bbox 3206 4662 3394 4702; x_wconf 81' lang='lat' dir='ltr'><strong>revera</strong></span> <span class='ocrx_word' id='word_1_790' title='bbox 3430 4662 3564 4700; x_wconf 84' lang='lat' dir='ltr'><strong>nec-</strong></span> 
     </span>
    </p>
   </div>
   <div class='ocr_carea' id='block_1_108' title="bbox 1983 4737 3563 4811">
    <p class='ocr_par' dir='ltr' id='par_1_108' title="bbox 1983 4737 3563 4811">
     <span class='ocr_line' id='line_1_108' title="bbox 1983 4737 3563 4811; baseline -0.005 -13"><span class='ocrx_word' id='word_1_791' title='bbox 1983 4744 2116 4798; x_wconf 92' lang='lat' dir='ltr'><strong>dum</strong></span> <span class='ocrx_word' id='word_1_792' title='bbox 2148 4750 2399 4797; x_wconf 83' lang='lat' dir='ltr'><strong>mortuus</strong></span> <span class='ocrx_word' id='word_1_793' title='bbox 2433 4739 2811 4811; x_wconf 68' lang='lat' dir='ltr'><strong>sum.:Factus</strong></span> <span class='ocrx_word' id='word_1_794' title='bbox 2835 4755 2956 4794; x_wconf 91' lang='lat' dir='ltr'><strong>sum</strong></span> <span class='ocrx_word' id='word_1_795' title='bbox 2994 4738 3137 4792; x_wconf 89' lang='lat' dir='ltr'><strong>sicut</strong></span> <span class='ocrx_word' id='word_1_796' title='bbox 3178 4737 3446 4791; x_wconf 83' lang='lat' dir='ltr'><strong>vulnerati</strong></span> <span class='ocrx_word' id='word_1_797' title='bbox 3476 4738 3563 4808; x_wconf 83' lang='lat' dir='ltr'><strong>ja-</strong></span> 
     </span>
    </p>
   </div>
   <div class='ocr_carea' id='block_1_109' title="bbox 1983 4829 3565 4904">
    <p class='ocr_par' dir='ltr' id='par_1_109' title="bbox 1983 4829 3565 4904">
     <span class='ocr_line' id='line_1_109' title="bbox 1983 4829 3565 4904; baseline -0.006 -14"><span class='ocrx_word' id='word_1_798' title='bbox 1983 4844 2171 4891; x_wconf 89' lang='lat' dir='ltr'><strong>centes</strong></span> <span class='ocrx_word' id='word_1_799' title='bbox 2204 4835 2258 4890; x_wconf 92' lang='lat' dir='ltr'><strong>in</strong></span> <span class='ocrx_word' id='word_1_800' title='bbox 2288 4835 2583 4904; x_wconf 82' lang='lat' dir='ltr'><strong>sepulcris,</strong></span> <span class='ocrx_word' id='word_1_801' title='bbox 2621 4831 2940 4886; x_wconf 86' lang='lat' dir='ltr'><strong>vulneratus</strong></span> <span class='ocrx_word' id='word_1_802' title='bbox 2983 4837 3037 4886; x_wconf 88' lang='lat' dir='ltr'><strong>et</strong></span> <span class='ocrx_word' id='word_1_803' title='bbox 3071 4830 3187 4900; x_wconf 86' lang='lat' dir='ltr'><strong>ipse</strong></span> <span class='ocrx_word' id='word_1_804' title='bbox 3217 4829 3404 4897; x_wconf 87' lang='lat' dir='ltr'><strong>jaculo</strong></span> <span class='ocrx_word' id='word_1_805' title='bbox 3437 4844 3565 4897; x_wconf 79' lang='lat' dir='ltr'><strong>prc-</strong></span> 
     </span>
    </p>
   </div>
   <div class='ocr_carea' id='block_1_110' title="bbox 1982 4921 3562 4996">
    <p class='ocr_par' dir='ltr' id='par_1_110' title="bbox 1982 4921 3562 4996">
     <span class='ocr_line' id='line_1_110' title="bbox 1982 4921 3562 4996; baseline -0.005 -14"><span class='ocrx_word' id='word_1_806' title='bbox 1982 4928 2114 4993; x_wconf 80' lang='lat' dir='ltr'><strong>cati,</strong></span> <span class='ocrx_word' id='word_1_807' title='bbox 2164 4928 2249 4982; x_wconf 83' lang='lat' dir='ltr'><strong>vel</strong></span> <span class='ocrx_word' id='word_1_808' title='bbox 2281 4927 2468 4996; x_wconf 83' lang='lat' dir='ltr'><strong>jaculo</strong></span> <span class='ocrx_word' id='word_1_809' title='bbox 2509 4925 2804 4981; x_wconf 71' lang='lat' dir='ltr'><strong>mmstitite.</strong></span> <span class='ocrx_word' id='word_1_810' title='bbox 2839 4925 2969 4989; x_wconf 68' lang='lat' dir='ltr'><strong>Qum</strong></span> <span class='ocrx_word' id='word_1_811' title='bbox 3018 4929 3328 4992; x_wconf 87' lang='lat' dir='ltr'><strong>sequuntur</strong></span> <span class='ocrx_word' id='word_1_812' title='bbox 3371 4921 3562 4975; x_wconf 74' lang='lat' dir='ltr'><strong>eadem</strong></span> 
     </span>
    </p>
   </div>
   <div class='ocr_carea' id='block_1_111' title="bbox 1981 5012 3563 5089">
    <p class='ocr_par' dir='ltr' id='par_1_111' title="bbox 1981 5012 3563 5089">
     <span class='ocr_line' id='line_1_111' title="bbox 1981 5012 3563 5089; baseline -0.006 -16"><span class='ocrx_word' id='word_1_813' title='bbox 1981 5020 2197 5073; x_wconf 76' lang='lat' dir='ltr'><strong>ratione</strong></span> <span class='ocrx_word' id='word_1_814' title='bbox 2233 5034 2504 5089; x_wconf 78' lang='lat' dir='ltr'><strong>expones:</strong></span> <span class='ocrx_word' id='word_1_815' title='bbox 2541 5018 2848 5072; x_wconf 86' lang='lat' dir='ltr'><strong>Posuerunt</strong></span> <span class='ocrx_word' id='word_1_816' title='bbox 2893 5029 2978 5069; x_wconf 90' lang='lat' dir='ltr'><strong>me</strong></span> <span class='ocrx_word' id='word_1_817' title='bbox 3020 5013 3298 5068; x_wconf 65' lang='lat' dir='ltr'><strong>daemones</strong></span> <span class='ocrx_word' id='word_1_818' title='bbox 3353 5012 3406 5065; x_wconf 91' lang='lat' dir='ltr'><strong>in</strong></span> <span class='ocrx_word' id='word_1_819' title='bbox 3441 5027 3563 5081; x_wconf 84' lang='lat' dir='ltr'><strong>pro-</strong></span> 
     </span>
    </p>
   </div>
   <div class='ocr_carea' id='block_1_112' title="bbox 1981 5105 3562 5181">
    <p class='ocr_par' dir='ltr' id='par_1_112' title="bbox 1981 5105 3562 5181">
     <span class='ocr_line' id='line_1_112' title="bbox 1981 5105 3562 5181; baseline -0.006 -16"><span class='ocrx_word' id='word_1_820' title='bbox 1981 5112 2151 5166; x_wconf 77' lang='lat' dir='ltr'><strong>fundo</strong></span> <span class='ocrx_word' id='word_1_821' title='bbox 2172 5119 2336 5181; x_wconf 88' lang='lat' dir='ltr'><strong>atque</strong></span> <span class='ocrx_word' id='word_1_822' title='bbox 2367 5111 2421 5164; x_wconf 88' lang='lat' dir='ltr'><strong>in</strong></span> <span class='ocrx_word' id='word_1_823' title='bbox 2459 5110 2611 5165; x_wconf 77' lang='lat' dir='ltr'><strong>fovea</strong></span> <span class='ocrx_word' id='word_1_824' title='bbox 2645 5109 2878 5178; x_wconf 90' lang='lat' dir='ltr'><strong>peccati,</strong></span> <span class='ocrx_word' id='word_1_825' title='bbox 2921 5106 2974 5159; x_wconf 91' lang='lat' dir='ltr'><strong>in</strong></span> <span class='ocrx_word' id='word_1_826' title='bbox 3010 5105 3364 5159; x_wconf 81' lang='lat' dir='ltr'><strong>afﬂictionum</strong></span> <span class='ocrx_word' id='word_1_827' title='bbox 3409 5112 3562 5156; x_wconf 88' lang='lat' dir='ltr'><strong>tene-</strong></span> 
     </span>
    </p>
   </div>
   <div class='ocr_carea' id='block_1_113' title="bbox 1981 5192 3560 5272">
    <p class='ocr_par' dir='ltr' id='par_1_113' title="bbox 1981 5192 3560 5272">
     <span class='ocr_line' id='line_1_113' title="bbox 1981 5192 3560 5272; baseline -0.008 -15"><span class='ocrx_word' id='word_1_828' title='bbox 1981 5203 2098 5257; x_wconf 84' lang='lat' dir='ltr'><strong>bris</strong></span> <span class='ocrx_word' id='word_1_829' title='bbox 2135 5216 2278 5272; x_wconf 65' lang='lat' dir='ltr'><strong>qua‘,</strong></span> <span class='ocrx_word' id='word_1_830' title='bbox 2333 5203 2404 5256; x_wconf 90' lang='lat' dir='ltr'><strong>ob</strong></span> <span class='ocrx_word' id='word_1_831' title='bbox 2443 5215 2716 5256; x_wconf 85' lang='lat' dir='ltr'><strong>summam</strong></span> <span class='ocrx_word' id='word_1_832' title='bbox 2770 5196 3216 5256; x_wconf 86' lang='lat' dir='ltr'><strong>amaritudinem,</strong></span> <span class='ocrx_word' id='word_1_833' title='bbox 3249 5192 3442 5246; x_wconf 87' lang='lat' dir='ltr'><strong>umbra</strong></span> <span class='ocrx_word' id='word_1_834' title='bbox 3496 5205 3560 5244; x_wconf 90' lang='lat' dir='ltr'><strong>ac</strong></span> 
     </span>
    </p>
   </div>
   <div class='ocr_carea' id='block_1_114' title="bbox 1981 5281 3559 5362">
    <p class='ocr_par' dir='ltr' id='par_1_114' title="bbox 1981 5281 3559 5362">
     <span class='ocr_line' id='line_1_114' title="bbox 1981 5281 3559 5362; baseline -0.01 -12"><span class='ocrx_word' id='word_1_835' title='bbox 1981 5295 2286 5350; x_wconf 87' lang='lat' dir='ltr'><strong>similitudo</strong></span> <span class='ocrx_word' id='word_1_836' title='bbox 2329 5294 2575 5362; x_wconf 68' lang='lat' dir='ltr'><strong>qumdam</strong></span> <span class='ocrx_word' id='word_1_837' title='bbox 2630 5308 2754 5348; x_wconf 88' lang='lat' dir='ltr'><strong>esse</strong></span> <span class='ocrx_word' id='word_1_838' title='bbox 2803 5290 2998 5344; x_wconf 76' lang='lat' dir='ltr'><strong>inertis</strong></span> <span class='ocrx_word' id='word_1_839' title='bbox 3041 5287 3316 5340; x_wconf 83' lang='lat' dir='ltr'><strong>videntur.</strong></span> <span class='ocrx_word' id='word_1_840' title='bbox 3364 5281 3420 5334; x_wconf 92' lang='lat' dir='ltr'><strong>ln</strong></span> <span class='ocrx_word' id='word_1_841' title='bbox 3473 5293 3559 5334; x_wconf 82' lang='lat' dir='ltr'><strong>me</strong></span> 
     </span>
    </p>
   </div>
   <div class='ocr_carea' id='block_1_115' title="bbox 1981 5377 3561 5457">
    <p class='ocr_par' dir='ltr' id='par_1_115' title="bbox 1981 5377 3561 5457">
     <span class='ocr_line' id='line_1_115' title="bbox 1981 5377 3561 5457; baseline -0.01 -17"><span class='ocrx_word' id='word_1_842' title='bbox 1981 5397 2240 5457; x_wconf 79' lang='lat' dir='ltr'><strong>gravatus</strong></span> <span class='ocrx_word' id='word_1_843' title='bbox 2267 5397 2351 5442; x_wconf 93' lang='lat' dir='ltr'><strong>est</strong></span> <span class='ocrx_word' id='word_1_844' title='bbox 2388 5385 2539 5441; x_wconf 81' lang='lat' dir='ltr'><strong>furor</strong></span> <span class='ocrx_word' id='word_1_845' title='bbox 2567 5396 2730 5450; x_wconf 90' lang='lat' dir='ltr'><strong>tuus;</strong></span> <span class='ocrx_word' id='word_1_846' title='bbox 2765 5398 2889 5437; x_wconf 82' lang='lat' dir='ltr'><strong>nam</strong></span> <span class='ocrx_word' id='word_1_847' title='bbox 2915 5382 2960 5435; x_wconf 85' lang='lat' dir='ltr'><strong>si</strong></span> <span class='ocrx_word' id='word_1_848' title='bbox 2996 5388 3052 5432; x_wconf 93' lang='lat' dir='ltr'><strong>tu</strong></span> <span class='ocrx_word' id='word_1_849' title='bbox 3084 5377 3216 5431; x_wconf 81' lang='lat' dir='ltr'><strong>milii</strong></span> <span class='ocrx_word' id='word_1_850' title='bbox 3248 5377 3420 5428; x_wconf 84' lang='lat' dir='ltr'><strong>iratus</strong></span> <span class='ocrx_word' id='word_1_851' title='bbox 3451 5387 3561 5425; x_wconf 86' lang='lat' dir='ltr'><strong>non</strong></span> 
     </span>
    </p>
   </div>
   <div class='ocr_carea' id='block_1_116' title="bbox 1980 5463 3558 5547">
    <p class='ocr_par' dir='ltr' id='par_1_116' title="bbox 1980 5463 3558 5547">
     <span class='ocr_line' id='line_1_116' title="bbox 1980 5463 3558 5547; baseline -0.013 -13"><span class='ocrx_word' id='word_1_852' title='bbox 1980 5482 2200 5547; x_wconf 79' lang='lat' dir='ltr'><strong>fuisses,</strong></span> <span class='ocrx_word' id='word_1_853' title='bbox 2225 5497 2311 5536; x_wconf 91' lang='lat' dir='ltr'><strong>me</strong></span> <span class='ocrx_word' id='word_1_854' title='bbox 2336 5481 2410 5536; x_wconf 91' lang='lat' dir='ltr'><strong>illi</strong></span> <span class='ocrx_word' id='word_1_855' title='bbox 2447 5489 2596 5535; x_wconf 87' lang='lat' dir='ltr'><strong>certe</strong></span> <span class='ocrx_word' id='word_1_856' title='bbox 2627 5494 2734 5533; x_wconf 92' lang='lat' dir='ltr'><strong>non</strong></span> <span class='ocrx_word' id='word_1_857' title='bbox 2770 5480 3375 5546; x_wconf 79' lang='lat' dir='ltr'><strong>superassentzomnes</strong></span> <span class='ocrx_word' id='word_1_858' title='bbox 3391 5463 3558 5518; x_wconf 87' lang='lat' dir='ltr'><strong>etiam</strong></span> 
     </span>
    </p>
   </div>
   <div class='ocr_carea' id='block_1_117' title="bbox 1977 5557 3566 5640">
    <p class='ocr_par' dir='ltr' id='par_1_117' title="bbox 1977 5557 3566 5640">
     <span class='ocr_line' id='line_1_117' title="bbox 1977 5557 3566 5640; baseline -0.013 -11"><span class='ocrx_word' id='word_1_859' title='bbox 1977 5573 2266 5640; x_wconf 83' lang='lat' dir='ltr'><strong>elationes,</strong></span> <span class='ocrx_word' id='word_1_860' title='bbox 2303 5580 2356 5630; x_wconf 89' lang='lat' dir='ltr'><strong>et</strong></span> <span class='ocrx_word' id='word_1_861' title='bbox 2402 5571 2785 5632; x_wconf 80' lang='lat' dir='ltr'><strong>afﬂictionum,</strong></span> <span class='ocrx_word' id='word_1_862' title='bbox 2839 5575 2898 5621; x_wconf 89' lang='lat' dir='ltr'><strong>ut</strong></span> <span class='ocrx_word' id='word_1_863' title='bbox 2947 5565 3022 5619; x_wconf 90' lang='lat' dir='ltr'><strong>ita</strong></span> <span class='ocrx_word' id='word_1_864' title='bbox 3071 5562 3272 5628; x_wconf 81' lang='lat' dir='ltr'><strong>dicam,</strong></span> <span class='ocrx_word' id='word_1_865' title='bbox 3315 5557 3566 5613; x_wconf 86' lang='lat' dir='ltr'><strong>insurre-</strong></span> 
     </span>
    </p>
   </div>
  </div>
