4084 6210
533 282 646 347 899

1768 277 2152 338 EU'I‘IIYMII
2186 276 2548 337 ZIGABENI

3679 292 3791 346 BUU

531 400 735 463 tiones,
788 410 884 452 seu
935 395 1192 462 impetus,
1230 407 1369 462 quos
1401 393 1514 448 fieri
1550 392 1870 463 permisisti,
1903 392 2111 447 inducti

2224 391 2444 460 ρεδόθην
2470 391 2656 444 λοιπὸν
2683 394 2802 454 ταῖς
2830 391 3064 460 θλίψεσι,
3100 391 3194 444 καὶ
3232 389 3332 444 οὐκ
3377 391 3792 464 ὲξεπορευόμην

533 500 658 547 sunt
686 503 848 556 super
876 501 980 540 me.
1016 485 1294 556 Elongasti
1325 501 1354 539 a
1387 501 1471 540 me
1503 493 1661 540 notos
1685 500 1856 547 meos,
1890 494 2111 540 sanctos

532 582 738 637 scilicet
769 578 1020 646 angelos,
1057 579 1152 646 qui
1205 584 1498 646 antequam
1551 591 1858 645 peccaram,
1887 578 2110 631 amicis-

527 670 652 726 simi
712 676 876 736 atque
934 666 1180 720 benevoli
1224 666 1356 720 mihi
1411 675 1603 720 erant:
1643 665 1751 718 illis
1783 676 1915 719 tunc
1947 675 2112 721 notus

525 778 702 824 eram,
736 775 922 814 verum
988 774 1136 814 nunc
1181 758 1250 812 ob
1302 766 1534 827 peccata
1574 759 1962 812 abominantur
2003 773 2109 813 me.

525 855 704 922 Atque
757 853 878 905 ideo
910 852 1144 906 traditus
1173 866 1293 906 sum
1345 851 1766 915 afﬂictionibus,
1828 867 1858 904 a
1910 852 2113 920 quibus

525 946 711 1014 egredi
759 961 865 998 non
901 945 1086 1005 datur,
1119 943 1213 996 sed
1268 924 1464 1011 magna
1515 944 1582 998 ab
1623 943 1706 998 eis
1740 944 1795 996 vi
1839 943 2109 998 detineor.

527 1038 621 1091 Illa
654 1045 836 1090 autem
893 1035 1055 1090 verba
1082 1053 1096 1089 :
1127 1036 1278 1090 Oculi
1311 1037 1413 1088 mei
1433 1036 1751 1105 langucrunt
1767 1050 1878 1102 pne
1909 1036 2111 1104 inopia,

529 1129 745 1181 declara
783 1138 841 1178 ιιι
900 1129 1155 1196 superius
1206 1121 1608 1197 exposuimus.
1640 1127 1883 1182 Clamavi
1929 1129 1998 1184 ad
2034 1137 2108 1194 te,

424 1284 430 1289 .
529 1216 753 1270 assidue
805 1216 857 1269 in
917 1217 1183 1269 auxilium
1233 1225 1284 1270 te
1339 1231 1518 1270 meum
1566 1216 1862 1280 advocatis,
1911 1226 1963 1271 et
1993 1230 2116 1287 quae

529 1315 860 1375 sequuntur,
913 1322 1128 1375 expone
1170 1315 1226 1360 ut
1265 1308 1521 1361 diximus.
1567 1307 1728 1363 Mane
1767 1309 1958 1370 etiam,
2011 1309 2116 1364 hoc

528 1409 636 1461 est,
669 1413 834 1467 quam
869 1398 1125 1466 primum,
1165 1414 1227 1452 ae
1263 1399 1468 1461 Statim,
1506 1399 1595 1452 ubi
1630 1414 1657 1451 a
1687 1414 1882 1453 somno
1923 1414 2118 1454 exsur-

531 1505 676 1559 gant,
718 1497 843 1542 ante
875 1491 1057 1542 omnia
1091 1491 1394 1544 orationem
1421 1491 1487 1543 ad
1521 1499 1570 1544 te
1596 1505 1772 1552 meam
1807 1491 2112 1554 effundam,

2215 481 2276 545 ἐξ
2313 481 2513 546 αὐτῶν,
2542 483 2789 551 σφοδρῶς
2832 483 3213 550 συνεχόμενος.
3251 482 3326 534 Τὸ
3357 480 3412 534 δέ
3434 497 3448 512 ο
3477 485 3540 534 Ol
3570 483 3793 550 ὀφθαλ-

2207 577 2316 643 μοί
2342 591 2464 642 μου
2501 575 2864 642 ήσθένησαν
2889 574 3006 627 ἀπὸ
3033 575 3354 642 πτωχείας,
3398 573 3474 636 ὡς
3501 576 3793 644 προηρμή-

2217 684 2431 721 νευται.
2472 665 2781 736 Ἐκέκραξα
2815 665 2951 735 πρὸς
2999 665 3058 717 σὲ
3091 665 3179 718 διὰ
3224 665 3446 728 παντὸς,
3495 666 3681 719 καλῶν
3712 669 3791 730 είς

2216 758 2538 828 ἀντίληψιν,
2593 758 2688 811 καὶ
2717 757 2784 810 τὰ
2815 757 2966 826 ἑξῆς,
3013 757 3090 820 ὼς
3130 757 3554 826 προαποδέόοται
3586 758 3790 811 πάντα.

2229 851 2500 913 Ἀναστὰς
2531 850 2589 904 δὲ
2622 852 2723 921 τῆς
2756 850 2966 920 κοίτης,
2991 850 3098 920 πρὸ
3126 849 3348 902 πάντων
3369 849 3680 918 ἀναπέμψω
3711 865 3793 902 σοι

2216 944 2551 1016 προσευχήν.
2581 943 2702 996 Ἵνα
2727 942 2801 1006 τί,
2821 940 3016 1011 Κύριε,
3037 940 3278 1002 diceresic
3308 940 3406 1010 τὴν
3434 941 3618 1011 ψυχήν
3643 959 3750 1010 μου
3774 958 3790 1006 ;

2215 1038 2496 1091 τουτέστιν
2532 1034 2655 1104 ἐμὲ,
2683 1034 2824 1088 κατὰ
2864 1033 3222 1104 περίφρασιν,
3255 1035 3313 1084 ὲν
3339 1032 3610 1100 ἀνάγκαις
3638 1033 3792 1093 δντα,

2213 1129 2314 1182 καὶ
2347 1126 2569 1198 θερμῶς
2595 1125 2874 1194 δεόμενον,
2915 1124 3011 1177 καὶ
3049 1124 3118 1177 τὰ
3150 1123 3299 1193 ἑξῆς.
3365 1117 3520 1186 Εἶτα,
3576 1124 3796 1192 πτωχός

2216 1221 2334 1285 είμι
2363 1217 2494 1286 ἐγὼ,
2530 1215 2802 1286 μηδεμίαν
2848 1214 2991 1283 ἔχων
3027 1212 3325 1283 ἀλλαχόθεν
3359 1213 3637 1282 βοήθειαν.
3681 1214 3797 1266 Καὶ

2217 1311 2278 1362 ὲν
2311 1309 2500 1369 κόποις
2526 1308 2642 1377 εἰμὶ
2675 1305 2770 1359 καὶ
2803 1306 2986 1380 πόνοις
3025 1304 3112 1357 διὰ
3141 1304 3204 1356 τὸ
3238 1303 3484 1373 σφάλμα.
3521 1303 3796 1372 ’Υψωθεὶς

2220 1400 2279 1454 δὲ
2306 1400 2383 1470 τῷ
2414 1401 2536 1454 κατ’
2570 1399 2757 1450 εἰκόνα
2799 1413 2893 1450 σου
2922 1395 3276 1466 γεγενῆσθαι,
3311 1393 3691 1464 ὲταπεινὼθην
3717 1396 3797 1466 τῷ

2221 1492 2486 1546 ἀπολέσαι
2529 1490 2591 1543 τὸ
2629 1490 2849 1558 ἀξίωμα
2877 1490 2976 1559 τῆς
3019 1489 3250 1550 εἰκόνος.
3283 1488 3353 1539 Ἥ
3404 1487 3499 1539 καὶ
3553 1485 3796 1556 ὑψωθεὶς

533 1581 723 1633 dicens
759 1594 777 1631 :
830 1578 1029 1643 Quare,
1059 1580 1303 1647 Domine,
1332 1580 1551 1648 repellis
1584 1581 1822 1632 animam
1891 1595 2063 1634 meam
2096 1581 2119 1632 ἲ

2224 1586 2288 1654 τῇ
2321 1585 2521 1654 οἰήσει,
2551 1581 2932 1651 ὲταπεινώθην
2971 1581 3155 1634 πεσὼν
3188 1582 3268 1642 είς
3303 1579 3548 1633 ὀλισθοψ
3579 1580 3674 1632 καὶ
3708 1579 3799 1644 ἐξ·

530 1673 636 1726 hoc
703 1679 807 1734 est,
858 1674 1124 1740 meipsum
1176 1673 1232 1724 in
1291 1673 1564 1741 angustiis
1623 1672 2017 1734 constitutum,
2061 1681 2117 1726 et

2224 1674 2561 1746 ήπορεύθην,
2598 1674 2673 1744 μὴ
2703 1674 2842 1743 ἔχων
2861 1673 2914 1726 τί
2951 1673 3043 1726 καὶ
3067 1672 3252 1742 δράσω
3271 1689 3286 1701 σ
3315 1674 3401 1724 ἐπ’
3423 1672 3523 1740 ἐμὲ
3552 1670 3796 1740 διῆλθον,

535 1764 740 1818 fervide
768 1765 832 1817 ad
868 1775 922 1818 te
957 1765 1380 1834 supplicantem.
1405 1764 1611 1818 Deinde
1637 1766 1794 1835 inops
1829 1776 1932 1832 ego
1970 1779 2117 1831 sum,

2224 1769 2392 1837 ἤγουν
2431 1766 2676 1834 ἔφθασαν
2716 1783 2780 1835 με
2829 1768 2883 1818 αί
2940 1765 3103 1836 ὀργαί
3136 1781 3251 1829 σου,
3275 1765 3488 1818 τίνοντα
3513 1765 3696 1827 δίκας,
3742 1765 3799 1816 ἐν

532 1856 743 1910 nullum
796 1857 1016 1910 aliunde
1067 1857 1333 1912 auxilium
1389 1857 1616 1922 habens,
1650 1867 1704 1913 et
1738 1861 1788 1913 in
1832 1860 2118 1912 laboribus

2224 1858 2299 1928 τῷ
2334 1859 2399 1928 τῇ
2437 1857 2584 1928 λύπῃ
2615 1854 3047 1926 συμπνίγεσθαι.
3084 1854 3206 1906 Ἔτι
3233 1855 3281 1907 οἱ
3317 1853 3644 1923 φοϐερισμοί
3676 1870 3798 1915 σου,

529 1965 654 2002 sum
682 1949 752 2003 ob
786 1964 1030 2003 errorem
1065 1964 1246 2003 meum
1277 1961 1371 2006 :et
1399 1950 1600 2005 licetin
1632 1951 1732 2005 hoc
1766 1967 1794 2005 a
1840 1961 1892 2006 te
1923 1950 2117 2006 fuerim

2224 1951 2271 2002 οί
2300 1951 2399 2020 τὴν
2431 1947 2650 2001 αἰώνιον
2685 1947 3041 2009 ἀπειλοῦντες
3068 1947 3313 2010 κόλασιν,
3339 1944 3678 2015 ὲξετάραξάν
3705 1961 3799 2012 με,

529 2042 825 2105 exaltatus,
874 2040 1023 2110 quod
1074 2042 1141 2094 ad
1191 2041 1484 2112 imaginem
1546 2057 1634 2096 me
1678 2051 1827 2096 tuam
1891 2044 2116 2106 creasti,

2224 2039 2547 2093 ἐκύκλωσαν
2587 2055 2677 2107 με,
2707 2040 2839 2091 ὡσεὶ
2868 2038 3039 2111 ὕδωρ,
3065 2039 3116 2090 οί
3143 2037 3468 2108 φοϐερισμοί
3504 2037 3700 2090 σου.Ἢ
3747 2038 3798 2088 ei

532 2132 857 2186 humiliatus
893 2148 1014 2187 sum
1047 2140 1254 2197 tamen,
1292 2134 1419 2202 quia
1450 2134 1708 2202 imaginis
1736 2142 1843 2188 tua:
1880 2135 2119 2205 dignita—

531 2232 639 2277 tem
675 2225 836 2278 amisi
880 2241 895 2278 :
925 2225 1030 2288 vel,
1081 2225 1345 2294 Opinione
1377 2235 1538 2294 atque
1564 2225 1971 2280 existimatione
1995 2241 2112 2280 mea

532 2313 831 2379 exaltatus,
867 2315 1089 2368 tandem
1149 2316 1475 2370 humiliatus
1540 2332 1686 2380 sum,
1737 2317 1865 2385 quia
1928 2317 2114 2386 lapsus

532 2405 704 2457 cecidi
741 2420 753 2456 :
784 2413 837 2457 et
869 2403 1100 2458 consilio
1147 2405 1446 2459 destitutus
1490 2420 1632 2465 sum,
1689 2405 1960 2472 nesciens:
1984 2404 2116 2473 quid

2219 2131 2497 2200 δαίμονες,
2541 2131 2573 2201 ἢ
2611 2132 2667 2183 al
2719 2130 2952 2200 θλίψεις,
3008 2131 3414 2198 ἀποπνίγουσαι
3441 2130 3528 2184 διὰ
3590 2129 3802 2191 παντὸς

2226 2225 2522 2296 περιέσχον
2549 2241 2615 2292 με
2646 2223 2761 2292 ἅμα
2792 2224 2994 2300 πάντες
3023 2241 3037 2254 ο
3064 2225 3384 2292 ἐμάκρυνας
3415 2221 3511 2276 ἀπ’
3541 2221 3680 2288 ἐμοῦ
3702 2219 3805 2272 καὶ

2225 2319 2350 2378 τοῦς
2402 2316 2657 2384 συνήθεις
2698 2314 3044 2385 ἀνθρώπους,
3105 2315 3410 2384 φεύγοντάς
3450 2332 3540 2386 με,
3569 2314 3664 2367 διὰ
3699 2314 3802 2382 τὴν

2224 2408 2607 2476 κατασχοῦσαν
2639 2421 2706 2476 με
2733 2405 3130 2476 ταλαιπωρίαν,
3158 2407 3278 2477 ἢτοι
3312 2406 3620 2476 συμφοράν.

529 2494 788 2549 facerem.
823 2493 1188 2548 Transierunt
1245 2505 1529 2567 praeterea,
1597 2497 1702 2549 hoc
1741 2505 1848 2558 est,
1871 2508 2237 2566 pervenerunt
2271 2500 2321 2552 in
2371 2514 2458 2556 me
2492 2501 2587 2556 irae
2635 2509 2761 2565 tuae,
2831 2500 2963 2554 dum
3031 2502 3084 2554 iu
3145 2503 3413 2569 praesenti
3444 2502 3551 2555 vita
3605 2513 3803 2569 pmnas

532 2587 647 2650 luo,
681 2585 810 2639 dum
861 2599 1100 2639 maerore
1139 2585 1383 2640 suffocor
1416 2602 1430 2638 :
1467 2595 1518 2640 et
1581 2593 1820 2640 terrores
1876 2587 1956 2640 tui
2008 2587 2098 2658 qui
2139 2597 2372 2645 aeternas
2408 2590 2542 2645 mihi
2575 2604 2768 2661 poenas
2834 2593 3263 2657 comminantur,
3331 2593 3804 2650 conturbaverunt

530 2699 618 2738 me
666 2693 752 2761 et‘
806 2682 1291 2737 circumdederunt
1377 2698 1484 2748 me,
1552 2684 1698 2738 sicut
1741 2684 2057 2754 aqua..Vel
2091 2698 2186 2753 per
2225 2685 2337 2741 iras
2359 2696 2410 2743 et
2445 2694 2686 2743 terrores
2724 2687 2843 2750 Dei,
2878 2687 3154 2744 daemones
3207 2696 3261 2743 et
3304 2688 3803 2743 tribulationesin-

533 2779 748 2848 telligit.
801 2777 883 2831 Ab
916 2779 998 2830 eis
1035 2779 1202 2840 enim,
1250 2778 1449 2846 inquit,
1499 2778 1725 2834 assidue
1786 2795 2032 2850 premor,
2067 2786 2122 2835 et
2159 2794 2377 2852 semper
2409 2798 2493 2837 me
2536 2783 2653 2838 haec
2692 2784 2832 2838 mala
2859 2783 3224 2838 circumdant.
3269 2782 3545 2852 Elongasti
3617 2799 3646 2838 a
3714 2799 3803 2839 me

534 2871 831 2926 familiares
860 2884 1032 2936 meos,
1065 2869 1192 2938 quia
1229 2869 1299 2924 ob
1339 2869 1675 2926 calamitates
1717 2880 1771 2926 et
1831 2873 2105 2940 miser-ias,
2147 2875 2349 2945 quibus
2404 2876 2669 2942 detineor,
2737 2887 2930 2932 omnes
3009 2893 3094 2932 me
3139 2877 3528 2947 derelinquunt
3611 2886 3666 2930 et
3717 2876 3804 2930 fu-

530 2965 710 3036 giunt.

797 3056 1174 3128 Intelligentiw
1204 3059 1308 3127 ipsi
1331 3059 1534 3113 .Ethan
1566 3060 1851 3116 lsraelitw.

971 3150 1294 3208 PSALMUS
1339 3151 1676 3207 CXXXVIII.

567 3283 571 3285 λ
605 3246 686 3300 Ad
723 3245 1410 3315 praeSr-ntisinscriptionis
1439 3232 1885 3301 declarationem
1907 3262 1970 3302 ea
2007 3245 2120 3303 suf-

538 3341 744 3406 ﬁciant,
777 3357 896 3408 quae
920 3341 1161 3394 diximus
1191 3340 1244 3394 in
1280 3338 1532 3408 proxime
1592 3339 1948 3407 praecedenti.
1984 3339 2122 3394 Tra-

537 3439 654 3485 ctat
708 3443 887 3488 autem
932 3432 1128 3485 heat-us
1186 3429 1353 3484 David
1403 3430 1458 3483 in
1489 3431 1744 3497 praesenti
1780 3431 1988 3499 psalmo
2037 3445 2120 3491 ea,

534 3535 666 3589 qua:
697 3522 762 3575 ad
830 3538 918 3575 res
952 3537 1082 3576 suas
1126 3521 1399 3590 pertinent
1432 3537 1446 3574 :
1478 3520 1758 3590 Deumque
1798 3530 1856 3575 ut
1905 3522 2125 3577 benefa-

530 3613 997 3668 ctorum-laudat.
1025 3613 1284 3679 Quaedam
1334 3621 1514 3666 tamen
1559 3613 1610 3665 in
1637 3626 1892 3667 sermone
1922 3627 2021 3667 suo
2057 3613 2123 3667 de

525 3701 1088 3756 .Christointersrrit:
1129 3711 1293 3771 atque
1317 3701 1441 3755 ideo
1479 3702 1842 3772 intelligentia:
1870 3702 2126 3757 inscribi-

533 3801 652 3856 tur,
709 3795 836 3861 quia
896 3794 1258 3863 intelligentia
1307 3794 1495 3848 lectori
1524 3811 1662 3864 opus
1691 3805 1792 3860 εει,
1824 3796 1890 3848 ad
1930 3795 2124 3864 digno-

533 3885 804 3939 scendutu
841 3899 901 3938 ea
935 3895 1054 3952 quae
1085 3884 1137 3938 in
1175 3885 1383 3955 psalmo
1407 3885 1475 3940 de
1505 3885 1728 3941 Christo
1769 3887 2004 3957 sparsim
2037 3887 2123 3940 di-

536 3985 762 4030 (untur.
795 3975 1050 4029 Pratdicil
1084 3976 1247 4030 etiam
1301 3974 1688 4046 Bnbylonicam
1724 3978 2121 4046 captivitatem.

616 4068 782 4125 Vnus.
818 4071 869 4124 l.
903 4067 1304 4124 Misericordia:
1328 4075 1471 4132 tuas,
1507 4068 1746 4133 Domine,
1778 4069 1831 4122 ia
1872 4069 2126 4123 sarculum

536 4167 787 4217 cantabo.
827 4161 1256 4227 Misericordiae,
1299 4162 1498 4231 inquit,
1533 4177 1672 4230 quas
1719 4162 1774 4215 in
1813 4176 1898 4215 me
1932 4175 2127 4231 opera-

531 4263 626 4308 tus
645 4269 726 4316 es,
749 4263 812 4308 et
832 4270 936 4322 pro
969 4254 1171 4322 quibus
1202 4254 1255 4307 in
1290 4254 1533 4310 secundo
1556 4253 1762 4324 Regum
1796 4255 1936 4308 libro
1962 4255 2125 4309 latius

530 4347 742 4417 gratias
769 4349 896 4418 agit.
926 4346 993 4400 In
1031 4348 1310 4411 saxulum,
1340 4347 1443 4401 hoc
1483 4356 1568 4401 est
1602 4362 1837 4416 semper,
1866 4350 2121 4421 cantabo,

534 4437 591 4492 in
615 4438 886 4493 canticum
911 4435 1169 4489 nimirum
1201 4443 1365 4503 atque
1394 4435 1446 4487 in
1473 4435 1706 4504 hymnos
1721 4449 1815 4489 eas
1843 4435 2116 4503 redigens.

610 4525 678 4578 In
753 4522 1140 4590 generationem
1206 4531 1255 4574 et
1329 4525 1714 4590 generationem
1789 4524 2116 4578 annuntiabo

536 4617 813 4669 ueritatem
879 4623 1026 4665 tuam
1073 4614 1126 4665 in
1181 4629 1271 4666 ore
1327 4629 1463 4667 meo.
1521 4611 1576 4666 In
1616 4615 2021 4683 generationem
2072 4624 2125 4670 et

539 4706 981 4774 get-ietzationem,
1037 4705 1194 4771 dicit,
1225 4721 1326 4774 pro
1357 4705 1422 4760 In
1467 4719 1668 4760 clunem
1716 4710 2123 4777 generationem.

542 4797 841 4850 Deficiente
876 4798 1023 4851 enim
1067 4813 1173 4851 una
1221 4798 1600 4867 generatione,
1634 4800 1804 4854 altera
1855 4801 2126 4853 subintro-

537 4887 762 4941 ducitur
793 4907 805 4940 :
833 4898 999 4958 atque
1035 4891 1137 4944 hoc
1166 4899 1326 4959 pacto
1361 4907 1536 4960 usque
1562 4891 1625 4945 ad
1659 4892 1845 4946 saeculi
1876 4906 2125 4946 consum-
2169 4926 2171 4928 -

537 4979 838 5032 mationem
876 4979 1216 5048 proceditur.
1254 4981 1351 5038 Vel
1385 4984 1438 5035 in
1461 4984 1872 5051 generationem
1905 4981 2122 5037 Judwo-

536 5083 660 5122 tum
690 5077 744 5123 et
792 5071 846 5123 in
881 5074 1292 5138 generationem
1335 5073 1814 5138 Christianorum;
1860 5075 1944 5127 his
1978 5075 2122 5126 enim

541 5159 761 5214 duabus
797 5162 1244 5231 generationibus
1278 5171 1517 5227 tantum,
1547 5171 1602 5218 et
1631 5179 1736 5218 non
1769 5165 1892 5218 aliis
1927 5163 2122 5218 beatus

542 5249 713 5304 David
762 5252 1046 5306 veritatem
1112 5253 1204 5308 Dei
1257 5255 1548 5307 annuntiat
1580 5257 1635 5307 in
1676 5269 1772 5309 ore
1819 5270 1940 5308 suo.
1993 5254 2125 5308 Pos-

541 5356 737 5396 sumus
765 5344 928 5397 etiant
960 5345 1031 5397 dit
1051 5359 1164 5410 ere,
1205 5346 1347 5414 quod
1381 5345 1717 5400 Psalmorum
1772 5346 1907 5399 liber
1960 5359 2023 5400 os
2054 5347 2126 5400 sit

541 5431 685 5488 beati
747 5434 932 5490 David.
980 5433 1275 5490 Veritatem
1331 5444 1510 5490 autem
1574 5435 1667 5490 Dei
1716 5451 1951 5506 expone,
2003 5453 2121 5504 pro,

543 5539 703 5580 veras
745 5527 1144 5594 promissiones
1177 5525 1292 5590 Dei,
1326 5526 1496 5580 factas
1518 5528 1728 5582 scilicet
1773 5529 1874 5598 ipsi
1930 5529 2120 5592 David,

543 5617 742 5680 partim
793 5632 888 5684 per
940 5617 1263 5685 prophetam
1330 5617 1588 5684 Natham,
1669 5630 1725 5674 ut
1782 5620 2018 5673 traditur
2068 5627 2121 5674 in

545 5706 786 5760 secundo
836 5705 1041 5778 Regum
1095 5709 1260 5775 libro,
1296 5717 1348 5764 et
1402 5713 1598 5779 partim
1647 5729 1742 5784 per
1781 5714 1921 5767 illam
1989 5730 2121 5784 pro-

2142 3069 2190 3129 α

2473 3063 2785 3129 Συνέσεως
2817 3064 3004 3132 Αἱθὰμ
3041 3062 3122 3128 τῷ
3151 3064 3525 3132 Ἰσραηλὶτῃ.

2784 3156 3076 3210 ΨᾹΛΜΟΣ
3117 3155 3246 3211 IIII'.

2300 3249 2412 3302 Καὶ
2467 3247 2608 3318 αὕτη
2657 3248 2690 3317 ἡ
2741 3247 3025 3318 ἐπιγραφὴ
3074 3250 3137 3317 τῇ
3173 3247 3280 3318 πρὸ
3317 3248 3486 3317 αὐτῆς
3521 3264 3801 3319 συνερμη-

2223 3339 2462 3393 νεύεται.
2498 3343 2780 3410 Διηγεῖται
2813 3341 2869 3394 δὲ
2917 3341 2986 3394 τὰ
3027 3339 3150 3394 καθ’
3179 3341 3374 3394 ἑαυτὸν
3413 3342 3441 3393 ὁ
3467 3342 3656 3406 Δαϐὶδ,
3699 3343 3796 3396 καὶ

2227 3433 2386 3502 ὑμνεῖ
2433 3432 2525 3484 τὸν
2555 3432 2711 3496 Θεὸν,
2763 3432 2838 3495 ὡς
2872 3432 3168 3502 εὐεργέτην
3196 3432 3387 3487 αὑτοῦ.
3436 3434 3799 3503 ’Ᾱναμίγνυσι

2224 3523 2282 3576 δὲ
2317 3524 2430 3586 τοῖς
2460 3521 2640 3591 λόγοις
2666 3523 2759 3576 καὶ
2790 3526 2920 3594 περὶ
2955 3522 3048 3575 τοῦ
3076 3523 3332 3592 Χριστοῦ.
3358 3524 3449 3577 Διὸ
3479 3525 3798 3592 Συνέσεως

2227 3616 2636 3685 ἐπιγέγραπται
2663 3631 2676 3646 ·
2713 3615 2874 3686 χρεία
2905 3616 3015 3686 γὰρ
3045 3615 3249 3684 ταύτης
3291 3619 3406 3679 τοῖς
3435 3617 3799 3687 ἐντυγχάνου-

2229 3726 2312 3761 σιν
2346 3709 2426 3770 είς
2463 3708 2524 3760 τὸ
2559 3709 2799 3760 συνιέναι
2843 3710 2912 3762 τὰ
2949 3707 3453 3779 ὲγκατεσπαρμένα
3496 3711 3628 3778 περὶ
3670 3712 3800 3778 Χρι-

2228 3798 2356 3852 στοῦ
2383 3815 2397 3830 ·
2458 3802 2826 3871 προαγορεύει
2875 3800 2932 3853 δὲ
2964 3801 3058 3855 καὶ
3093 3799 3192 3870 τὴν
3230 3800 3382 3871 παρὰ
3433 3799 3796 3854 Βαϐυλωνίων

2227 3890 2319 3958 αἰχ
2327 3888 2635 3958 μαλωσίαν.

2296 4066 2384 4123 Τὰ
2416 4069 2558 4139 ἐλέη
2589 4083 2729 4134 σου,
2770 4067 2968 4138 Κύριε,
3029 4071 3108 4135 είς
3176 4070 3287 4124 τὸν
3315 4070 3504 4125 αιῶνα
3552 4069 3798 4141 ᾄσομαι.

2227 4157 2308 4212 Τὰ
2363 4157 2515 4228 ὲλέη,
2575 4158 2730 4228 φησὶ,
2785 4158 2848 4211 τὰ
2885 4159 2965 4221 είς
3003 4158 3104 4228 ἐμὲ
3140 4160 3513 4229 γεγενημένα,
3561 4163 3697 4232 περὶ
3729 4157 3802 4215 ὧν

2231 4247 2575 4318 πλατύτερον
2630 4249 2947 4318 εὐχαριστεῖ
2999 4251 3060 4302 ὲν
3091 4251 3160 4320 τῇ
3207 4251 3438 4320 δευτέρᾳ
3485 4250 3660 4321 βίϐλῳ
3699 4253 3802 4306 τῶν

2233 4339 2562 4392 Βασιλειῶν.
2589 4339 2696 4404 Εἰς
2729 4340 2837 4394 τὸν
2874 4339 3063 4394 αἰῶνα
3087 4341 3165 4406 δὲ,
3211 4342 3334 4395 ἀντὶ
3385 4343 3502 4408 τοῦ,
3532 4344 3624 4397 ἀεὶ
3674 4345 3800 4416 ᾀσο-

2235 4448 2334 4502 μαι
2359 4445 2376 4462 ·
2409 4426 2566 4502 ᾆσμα
2593 4430 2770 4485 ταῦτα
2799 4432 3140 4501 ποιούμενος.

2303 4526 2411 4589 Είς
2443 4525 2663 4594 γενεὰν
2696 4527 2794 4580 καί
2829 4531 3046 4596 γενεὰν
3107 4528 3428 4598 ἀπαγγελῶ
3488 4530 3609 4596 τὴν
3649 4532 3804 4600 ἀ.ῑῆ-

2230 4620 2402 4676 θειάν
2427 4637 2545 4676 σου
2575 4621 2646 4675 ἐν
2669 4620 2752 4686 τῷ
2784 4624 3040 4690 στόματί
3063 4637 3204 4691 μου.
3230 4651 3299 4661 -
3325 4626 3428 4688 Είς
3449 4623 3673 4692 γενεὰν
3706 4625 3804 4677 καί

2229 4716 2470 4784 γενεὰν,
2501 4715 2623 4768 ἀντὶ
2645 4713 2763 4777 τοῦ,
2794 4715 2888 4776 El;
2920 4715 3103 4768 πᾶσαν
3133 4714 3346 4781 γενεάν.
3393 4715 3809 4785 ’Δποθνησκούο

2232 4824 2334 4876 σης
2368 4806 2479 4877 γὰρ
2515 4805 2615 4876 τῆς
2648 4808 2804 4876 μιᾶς,
2837 4806 3220 4874 ἀντεισάγεται
3255 4807 3442 4878 ἑτέρα,
3495 4808 3590 4860 καὶ
3630 4808 3809 4871 οὕτως

2229 4899 2359 4969 ἄχρι
2398 4897 2734 4961 συντελείας.
2777 4899 2847 4951 Ἥ
2897 4900 2978 4962 εἷς
3023 4916 3081 4952 τε
3123 4899 3223 4969 τὴν
3275 4901 3472 4966 γενεὰν
3519 4901 3632 4954 τῶν
3673 4902 3812 4955 ’1ουο

2228 4991 2396 5043 δαίων
2424 4989 2518 5042 καὶ
2550 4989 2650 5060 τὴν
2679 4989 2788 5042 τῶν
2810 4990 3178 5058 Χριστιανῶν.
3206 4991 3418 5053 Μόναις
3447 4991 3556 5059 γὰρ
3577 4994 3811 5056 ταύταις

2228 5083 2255 5134 ὁ
2295 5082 2462 5134 Δαϐὶδ
2485 5081 2829 5148 ἀπαγγέλλει
2857 5083 2955 5150 τὴν
2986 5081 3246 5151 ἀλήθειαν
3271 5081 3366 5133 τοῦ
3403 5082 3545 5134 Θεοῦ
3585 5083 3677 5136 διὰ
3713 5084 3809 5136 τοῦ

2229 5171 2504 5240 στόματος
2533 5170 2724 5223 αὐτοῦ.
2757 5171 2943 5239 Στόμα
2990 5171 3046 5222 δὲ
3079 5169 3244 5222 αὐτοῦ
3296 5172 3385 5241 εἴη
3429 5171 3497 5224 ἂν
3540 5175 3574 5242 ἡ
3621 5174 3810 5240 βίϐλος

2227 5263 2334 5314 τῶν
2382 5261 2629 5332 Ψαλμῶν
2680 5261 2871 5315 αὐτοῦ.
2906 5263 3191 5332 ’Ἀλήθειαν
3237 5262 3294 5314 δὲ
3327 5263 3468 5315 ,Θεοῦ
3511 5263 3665 5332 λέγει
3709 5267 3811 5327 τὰς

2227 5353 2451 5422 ἀληθεῖς
2510 5355 2845 5421 ἐπαγγελίας
2906 5353 2970 5416 ἃς
3020 5353 3168 5423 αὐτῷ
3220 5354 3592 5423 ἐπηγγείλατο
3649 5356 3810 5408 τοῦτο

2231 5445 2330 5514 μὲν
2374 5446 2464 5497 διὰ
2494 5445 2591 5497 τοῦ
2628 5444 2917 5514 προφήτου
2957 5445 3167 5508 Νάθαν,
3217 5444 3293 5508 ὡς
3341 5447 3374 5512 ἡ
3424 5445 3658 5517 δευτέρα
3697 5447 3808 5499 τῶν

2227 5536 2525 5588 Βασιλειῶν
2555 5538 2759 5606 ἱστορεῖ
2783 5576 2798 5600 ,
2821 5535 2984 5588 τοῦτο
3010 5536 3066 5588 δὲ
3092 5538 3187 5590 καὶ
3215 5537 3303 5590 διὰ
3335 5535 3431 5588 τοῦ
3465 5537 3806 5598 ἐνοικοῦντος

2229 5627 2378 5697 αὐτῷ
2433 5626 2780 5696 προφητικοῦ
2833 5627 3148 5696 πνεύματος
3172 5645 3184 5657 ο
3220 5628 3488 5699 ὑπέσχετο
3514 5627 3624 5698 γὰρ
3652 5627 3804 5696 αὐτῷ

2232 5719 2423 5784 πολλὰ,
2493 5721 2619 5789 περί
2658 5735 2715 5770 τε
2755 5718 2854 5788 τῆς
2887 5720 3171 5789 ὑποταγῆς
3215 5722 3324 5774 τῶν
3369 5720 3579 5792 ἐχθρῶν
3609 5718 3800 5784 αὐτοῦ,
