4084 6210
536 306 647 369 903

526 437 748 476 reanum
799 436 817 473 .'

526 440 748 493 regnum
799 440 817 473 .'
877 440 1055 472 omnes
1110 440 1313 484 pupa",
1361 440 1527 468 tnqu
1552 453 1566 479 ,
1618 440 1834 483 tmguw,
1885 440 2104 465 δωυιιςιιι

525 511 609 568 illi
634 529 653 566 :
679 524 894 583 regnum
928 507 1096 571 illius,
1126 522 1340 576 regnum
1369 514 1645 568 internum,
1678 513 1726 557 et
1756 504 1992 572 potentia
2021 505 2104 556 in-

523 610 777 669 corrupta
800 602 864 663 δε,
897 613 1017 666 qua:
1069 598 1235 651 verba
1269 596 1577 662 Solonionij
1611 611 1722 650 non
1768 605 2102 666 congruunt.

595 693 764 747 Vens.
790 693 842 746 5.
872 690 937 743 Et
969 690 1248 759 wdiﬁcabo
1280 691 1334 742 in
1363 690 1756 759 generationem
1806 700 1852 742 et
1886 703 2105 756 genera-

527 789 720 841 tionem
781 786 1028 839 thronum
1092 793 1262 837 tuum.
1321 783 1647 848 Aidilicare,
1697 783 1801 837 hoc
1848 783 1901 837 in
1961 784 2104 847 loco,

524 879 681 948 ponit
723 892 824 946 pro
856 888 1079 945 augere,
1142 883 1199 930 et
1254 875 1540 944 perlicere,
1584 883 1637 928 et
1691 875 1948 928 thronum
2008 888 2107 942 pro

524 983 713 1039 regno.
749 968 889 1022 Illud
924 968 1239 1028 considera,
1272 966 1553 1034 quomodo
1575 965 1846 1036 Propheta
1880 981 2107 1036 regnum

523 1059 727 1113 Christi
761 1059 1060 1128 appellavit
1091 1072 1316 1126 regnum
1350 1057 1545 1123 David,
1570 1058 1698 1127 quia
1732 1058 1986 1113 Christus
2018 1073 2109 1114 se-

454 1176 463 1181 ν
523 1151 769 1205 cundum
835 1165 1057 1204 carnem
1111 1152 1180 1205 ab
1235 1151 1329 1207 illo
1404 1151 1793 1207 descendebat.
1855 1151 2108 1206 Solemus

521 1243 729 1297 etenim
797 1242 892 1295 lilii
946 1257 1174 1311 regnum
1224 1243 1393 1312 patris
1431 1242 1653 1297 nomine
1707 1242 2005 1311 appellare,
2037 1240 2109 1297 ob

528 1334 918 1404 cognationem
979 1334 1191 1389 scilicet
1222 1346 1274 1389 ct
1325 1343 1435 1388 tam
1474 1342 1682 1389 art-tam
1742 1333 2111 1390 necessitudi-

528 1444 676 1483 nem.

600 1521 771 1576 Vens.
799 1521 851 1575 6.
892 1521 1296 1589 Conﬁteauntur
1350 1522 1467 1575 cazli
1516 1522 1789 1575 mirabilia
1831 1531 1945 1587 tua,
1996 1522 2106 1577 Do-

528 1616 688 1668 mine.
723 1615 823 1668 Per
847 1615 1039 1675 cmios,
1059 1613 1322 1667 cmlestes
1354 1614 1609 1683 tntelligit
1632 1614 1925 1683 potentias.
1951 1614 2104 1685 Ipsae,

530 1706 729 1774 inquit,
760 1706 1017 1760 cmlettes
1052 1706 1283 1760 virtutes
1324 1707 1530 1773 gratias
1570 1707 1665 1760 tibi
1705 1717 1862 1776 agent
1900 1707 1969 1762 de
1997 1716 2105 1761 tam

1774 294 2158 354 EUTHYMII
2184 292 2547 353 ZIGABBNI

877 435 1055 472 omnes
1110 417 1313 484 populi,
1361 415 1566 479 tribus,
1618 413 1834 483 linguaz,
1885 413 2109 465 servient

2221 411 2497 481 γλῶσσαι
2528 410 2981 465 δουλεύσουσιν
3012 411 3175 478 αὐτῷ
3195 429 3207 446 ο
3244 414 3283 481 ἠ
3302 413 3593 477 ,βασιλεία
3608 417 3793 469 αὑτοῦ

3691 296 3795 361 904

2209 501 2504 564 ,ϐασιλεία
2527 499 2771 565 αἰώνιος
2792 515 2804 529 ·
2826 500 2922 553 καὶ
2945 501 2982 568 ἡ
3007 502 3421 569 ἐξουσία,ἦτις
3449 504 3523 556 οὐ
3550 503 3795 571 διαφθα-

2210 593 2487 667 ρήσεται.
2540 592 2728 647 Ταῦτα
2763 592 2819 645 δὲ
2843 594 2945 645 οὐκ
2977 594 3043 647 ἂν
3066 594 3307 664 ἁρμόσοι
3340 595 3420 665 τῷ
3461 596 3789 663 Σολομῶντι.

2246 670 2249 674 ’
2290 682 2679 765 Οἰκοδομήσω
2712 688 2798 750 εἰς
2821 686 3035 753 γενεὰν
3066 685 3167 739 καὶ
3200 688 3417 754 γενεὰν
3442 688 3549 741 τὸν
3578 690 3794 756 θρόνον

2214 791 2357 831 σου.
2385 774 2693 844 Οίκοδομὴν
2723 776 2823 845 μὲν
2853 776 3086 830 ἐνταῦθα
3136 776 3284 845 λέγει
3310 778 3409 847 τὴν
3443 778 3671 847 αῦξησιν
3701 781 3794 832 καὶ

2215 867 2533 937 ἁπάρτισιν,
2592 867 2781 937 θρόνον
2809 868 2866 920 δὲ
2899 867 2998 939 τὴν
3023 868 3323 939 βασιλείαν.
3354 871 3553 923 Σκόπει
3588 872 3645 925 δὲ
3678 873 3793 934 πῶς

2215 959 2313 1030 τὴν
2332 959 2612 1029 βασιλείαν
2651 960 2746 1015 τοῦ
2780 960 3021 1029 Χριστοῦ
3068 961 3348 1031 βασιλείαν
3373 963 3538 1017 Δαὸὶδ
3568 963 3796 1018 ἐκάλεσε

2214 1053 2304 1105 διὰ
2331 1053 2392 1105 τὸ
2414 1052 2473 1119 ἐξ
2496 1052 2659 1106 αὑτοῦ
2681 1053 3020 1122 κατάγεσθαι
3051 1055 3391 1125 τδνΧριστδν
3422 1057 3563 1110 κατὰ
3592 1058 3793 1127 σάρκα.

2216 1144 2503 1214 Είώθαμεν
2540 1144 2650 1214 γὰρ
2693 1146 2794 1216 τὴν
2839 1145 3115 1216 βασιλείαν
3159 1148 3255 1201 τοῦ
3289 1149 3407 1202 υἱοῦ
3458 1149 3554 1203 τοῦ
3589 1150 3796 1220 πατρὸς

2217 1236 2401 1307 λέγειν
2430 1237 2517 1291 διὰ
2548 1238 2649 1309 τὴν
2675 1238 2971 1293 οίκείωσιν.

2302 1506 2890 1577 Ἑξομολογήσονταί
2913 1523 3012 1561 σοι
3040 1510 3093 1561 oi
3115 1508 3362 1575 οὐρανοὶ
3398 1506 3471 1560 τὰ
3492 1507 3797 1577 θαυμάσια

2218 1616 2358 1664 σου,
2387 1601 2587 1667 Κύριε.
2629 1600 2908 1670 Οὐρανοὺς
2961 1599 3114 1668 λέγει
3156 1599 3255 1661 τὰς
3291 1598 3579 1668 οὒναρίους
3632 1598 3797 1652 δυνάο

2222 1711 2364 1764 μεις.
2409 1692 2605 1759 Αῦται,
2649 1694 2843 1763 φησὶν,
2880 1693 2937 1747 αἱ
2979 1693 3229 1763 οὐράνιαι
3265 1692 3525 1761 δυνάμεις
3575 1692 3795 1761 εὐχαρι-

530 1799 867 1851 admirandis
899 1798 1180 1867 operibus.
1220 1796 1317 1851 Vel
1370 1814 1465 1867 per
1511 1800 1678 1854 caelos
1719 1814 1813 1854 eos
1854 1800 2106 1854 homines

2216 1789 2476 1857 στήσουσι
2503 1790 2619 1849 τοῖς
2649 1787 2973 1859 Θαυμασίοις
3006 1788 3187 1856 ἔργοις
3218 1804 3312 1840 σου
3343 1787 3574 1851 τούτοις.
3618 1788 3800 1840 Ἀδιαο

529 1888 805 1953 intelligit,
831 1888 922 1955 qui
955 1888 1178 1955 sapiunt
1202 1888 1474 1949 cmlestia,
1513 1889 1722 1958 quique
1742 1892 1851 1943 vita
1878 1903 1940 1943 ac
1966 1905 2106 1944 con-

528 1983 838 2036 versatione
869 1995 965 2035 sua
996 1981 1207 2034 caeteris
1232 1981 1585 2037 sublimiorcs
1614 1992 1764 2040 sunt.

606 2160 815 2213 Etenim
864 2164 1142 2217 veritatem
1179 2173 1325 2217 tuam
1372 2164 1426 2215 in
1484 2161 1723 2217 Ecclesia
1775 2174 2104 2221 sanctorum.

526 2252 784 2305 Abundat
822 2253 987 2305 dictio
1025 2253 1200 2307 Enim.
1240 2254 1674 2308 Conﬁtebttntur
1725 2255 1845 2319 tibi,
1905 2258 2103 2325 inquit,

532 2344 807 2395 mirabilia
844 2353 960 2405 tua,
1015 2346 1161 2412 quod
1200 2345 1415 2399 scilicet
1464 2345 1791 2400 admiranda
1840 2348 2105 2416 operaris,

527 2442 582 2486 et
620 2433 902 2485 veritatem
936 2444 1105 2497 tuam,
1144 2435 1245 2488 hoc
1285 2444 1389 2499 est,
1423 2436 1569 2505 quod
1598 2446 1757 2492 veras
1790 2452 1915 2492 esse
1941 2439 2107 2494 iacies

528 2522 927 2590 promissiones
954 2531 1099 2577 tuas.
1140 2526 1319 2592 Atque
1350 2526 1463 2579 hare
1498 2526 1655 2580 laetus
1702 2527 1999 2581 admodum
2042 2544 2106 2583 ac

528 2611 773 2679 gaudens
802 2612 956 2678 dicit,
992 2614 1062 2668 ob
1090 2614 1468 2670 admirandam
1496 2617 1762 2672 nimirum
1786 2619 2107 2687 promissio-

531 2717 677 2756 nem.
711 2702 952 2768 Gratias,
981 2704 1181 2774 inquit,
1214 2708 1309 2761 tibi
1345 2715 1510 2778 agent
1552 2709 1809 2766 C(elestes
1858 2711 1961 2765 illae
1992 2712 2106 2764 vir-

530 2804 700 2859 tutes,
736 2796 790 2849 in
825 2807 1143 2852 sanctorum
1190 2799 1407 2853 illorum
1439 2799 1708 2868 Ecclesia,
1738 2803 1830 2872 qui
1861 2803 1915 2855 in
1951 2803 2107 2858 caelis

530 2896 679 2941 sunt.
712 2885 981 2955 llujuswo
1004 2890 1036 2943 li
1071 2902 1251 2943 autem
1291 2890 1591 2946 Ecclesiam
1624 2892 1848 2958 Paulus,
1890 2894 2105 2947 Primo-

526 2981 821 3047 genituram
858 2979 1149 3035 Ecclesium
1186 2984 1429 3052 appellat
1461 2987 1844 3052 descriptorum
1900 2988 1954 3040 in
2003 3004 2106 3040 creo

540 3067 606 3120 lis
631 3070 706 3127 ⁸⁸.
728 3070 883 3134 Quod
908 3072 951 3124 si
979 3072 1133 3140 juxta
1162 3074 1324 3127 aliam
1350 3077 1767 3144 expositionem,
1798 3092 1893 3146 per
1913 3078 2106 3140 caelos,

2216 1882 2396 1952 φόρως
2420 1881 2476 1935 δὲ
2508 1883 2682 1935 κεῖται
2721 1883 2753 1951 ὴ
2796 1881 2891 1933 τοῦ
2944 1880 3495 1950 ἐξομολογήσονται
3522 1880 3796 1944 σύνταξις.

2221 1974 2292 2025 "ll
2332 1972 2595 2041 οὐρανοὺς
2632 1972 2742 2024 νόει
2791 1986 2883 2039 μοι
2921 1970 3046 2031 τοὺς
3093 1969 3163 2022 τὰ
3211 1968 3438 2039 οὐράνια
3469 1966 3799 2039 φρονοῦντας

2218 2063 2568 2133 ἀνθρώπους,
2594 2063 2689 2115 καὶ
2709 2061 2946 2131 ὑψηλοὺς
2969 2060 3060 2114 τὸν
3102 2060 3235 2130 βίον.

2288 2154 2398 2209 Kal
2423 2156 2531 2224 γὰρ
2558 2152 2674 2220 τὴν
2707 2151 3002 2220 ἀλήθειάν
3028 2167 3147 2204 σου
3173 2151 3243 2204 ἐν
3285 2151 3620 2218 Ἐκκλησία
3635 2153 3792 2220 ἁγίᾳ.

2218 2247 2533 2317 Περιττεύει
2585 2246 2646 2298 τὺ
2706 2245 2857 2312 Γάρ.
2910 2244 3448 2315 Ἐξομολογήσονται,
3496 2245 3673 2311 φασὶ,
3728 2243 3795 2295 τὰ

2219 2338 2502 2408 θαυμάσιά
2554 2355 2670 2399 σου,
2713 2337 2794 2390 ὅτι
2827 2337 3118 2406 θαυμαστὰ
3160 2339 3353 2400 ποιεῖς,
3400 2334 3494 2389 καὶ
3533 2335 3632 2405 τὴν
3666 2334 3800 2404 dli,-

2217 2430 2370 2483 Οειάν
2430 2446 2546 2493 σου,
2599 2431 2683 2482 ὅτι
2740 2428 3031 2493 ἁληθεύεις
3079 2428 3114 2482 ἃ
3162 2427 3496 2497 ἐπαγγέλλῃ.
3544 2426 3705 2493 Λέγει
3740 2425 3798 2476 οὲ

2218 2521 2415 2585 ταῦτα,
2436 2520 2787 2590 ὑπερχαίρων
2816 2525 2881 2590 τῇ
2908 2520 3132 2591 ῥηθείσῃ
3151 2518 3428 2589 θαυμασία
3450 2518 3755 2586 ἐπαγγελίᾳ
3780 2533 3793 2544 ·

2220 2614 2677 2683 εὐχαριστήσουσι
2709 2613 2766 2666 δὲ
2790 2615 2845 2666 αἱ
2879 2614 2976 2683 μὲν
3011 2613 3260 2682 οὐράνιαι
3288 2611 3543 2680 δυνάμεις
3576 2612 3634 2661 ἐν
3674 2610 3799 2661 Ἐκ-

2220 2704 2422 2777 κλησίᾳ
2473 2705 2669 2772 ἁγίων,
2712 2704 2821 2757 τῶν
2874 2706 2931 2757 ὲν
2987 2705 3257 2773 οὐρανοῖς,
3300 2704 3428 2772 περὶ
3481 2699 3548 2773 ἧς
3604 2703 3795 2770 εἴρηκε

2221 2797 2434 2860 Παῦλος
2455 2814 2469 2827 ο
2509 2798 2619 2852 Καὶ
2649 2797 2982 2865 Ἐκκλησία
3010 2797 3397 2864 πρωτοτόκων
3423 2795 3798 2860 ἀπογεγραμ-

2214 2888 2413 2959 μένων
2458 2888 2534 2957 (4)
2584 2889 2653 2941 ἐν
2696 2888 2994 2955 οὐρανοῖς.
3047 2890 3107 2942 υἱ
3157 2888 3212 2940 δὲ
3257 2887 3650 2957 οὖρανόφρονες
3699 2885 3794 2937 ἄνα

2221 2984 2429 3053 ορωποι
2486 2984 2544 3034 ὲν
2614 2981 2916 3053 Ἐκκλησία
2980 2983 3172 3049 ἁγίων,
3227 2980 3334 3032 τῶν
3390 2980 3481 3031 ἐπὶ
3543 2978 3648 3047 γῆς
3710 2978 3792 3029 ἔτι

2219 3076 2459 3139 ζώντων.

527 3171 626 3210 eos
655 3156 906 3211 homines
939 3160 1236 3229 intelligas,
1275 3164 1368 3230 qui
1438 3166 1686 3219 caelestia
1733 3166 1977 3235 sapiunt,
2043 3176 2363 3221 sanctorum
2433 3165 2734 3220 Ecclesiam
2790 3165 3008 3219 illorum
3064 3178 3184 3219 esse
3250 3161 3554 3217 Ecclesiam
3616 3160 3770 3216 dices

529 3250 622 3317 qui
656 3248 709 3301 in
743 3256 889 3301 terra
922 3250 1191 3316 viventes,
1241 3254 1547 3308 caelestium
1568 3256 1887 3323 angelorum
1911 3260 2097 3324 vitam,
2139 3276 2203 3313 ac
2230 3258 2702 3312 conversationem
2731 3258 3036 3310 imitantur.

603 3342 770 3398 Vens.
801 3347 852 3399 7.
905 3343 1170 3408 Quoniam
1239 3350 1355 3418 quis
1422 3350 1475 3402 in
1539 3351 1765 3405 nubibus
1821 3352 2189 3421 a'quabiturc

533 3436 758 3490 Domino
787 3435 813 3488 ?
876 3437 1069 3491 similis
1108 3438 1208 3491 erit
1240 3439 1464 3493 Domino
1508 3441 1561 3493 in
1601 3441 1727 3509 ﬁliis
1759 3441 1902 3496 Dei?
1952 3444 2110 3507 Quod

532 3527 621 3581 bic
659 3528 892 3596 legimus
928 3531 993 3582 In
1025 3530 1276 3593 nubibus,
1338 3531 1564 3601 quidam
1623 3533 1978 3601 interpretes,
2044 3532 2110 3586 In

531 3619 669 3682 alto,
698 3616 1099 3685 reddiderunt;
1128 3621 1242 3686 alii,
1275 3618 1340 3674 In
1374 3621 1503 3675 locis
1535 3622 1855 3677 carlestibus.
1890 3622 2112 3678 Manent

530 3718 712 3762 autem
753 3710 809 3762 in
852 3711 963 3763 alto
1002 3721 1169 3780 atque
1226 3713 1281 3765 in
1336 3714 1472 3767 locis
1534 3715 1852 3769 celestibus
1903 3716 2104 3785 angeli.

527 3800 688 3865 Quis,
724 3802 925 3869 inquit,
950 3805 1178 3873 angelus
1206 3806 1516 3874 arquabitur
1554 3807 1826 3862 Domino?
1860 3808 1956 3862 Vel
1984 3808 2109 3878 quis

528 3892 676 3945 inter
708 3901 931 3947 sanctos
967 3909 1180 3962 omnes,
1216 3897 1266 3950 ei
1323 3899 1527 3968 poterit
1589 3900 1946 3968 comparari?
2004 3899 2109 3954 Per

530 3985 628 4040 Dei
661 3988 806 4040 enim
841 3987 1006 4053 ﬁlios,
1042 4002 1267 4045 sanctos
1311 3992 1461 4047 viros
1515 3992 1899 4061 intelligimus,
1951 3993 2108 4062 juxta

526 4078 661 4132 illud
686 4097 697 4130 :
728 4078 838 4148 Ego
863 4081 1014 4133 dixi:
1043 4081 1129 4133 Dii
1157 4084 1303 4146 estis,
1333 4094 1379 4137 et
1413 4084 1514 4153 ﬁlii
1538 4086 1801 4138 Altissimi
1834 4102 2011 4138 omnes
2040 4086 2105 4140 ⁸⁷.

527 4169 605 4222 Ac
629 4170 672 4224 si
719 4170 928 4225 diceret
958 4190 970 4223 :
997 4172 1190 4228 Nullus
1211 4175 1459 4243 profecto
1482 4177 1530 4230 ei
1558 4178 1757 4246 poterit
1776 4178 2104 4245 comparari.

531 4259 612 4315 Tu
679 4264 824 4316 enim
874 4265 1075 4329 factor,
1115 4267 1191 4319 illi
1245 4277 1426 4322 autem
1473 4269 1707 4324 factura.
1754 4269 1951 4322 Verum
1995 4269 2109 4323 haec

528 4348 801 4419 Propheta
839 4369 943 4405 non
982 4353 1115 4408 dicit
1145 4363 1205 4408 ut
1240 4365 1526 4424 comparet
1562 4356 1672 4413 Deo
1706 4358 1980 4420 homines,
2009 4357 2105 4412 sed

528 4440 733 4494 idioma
754 4441 1083 4498 llebraicum
1111 4454 1365 4509 secutus,
1393 4462 1455 4501 ex
1491 4449 1592 4503 bac
1653 4450 2108 4505 dissimilitudine

526 4529 624 4584 Dei
657 4532 1041 4586 excellentiam
1085 4535 1447 4602 demonstrat,
1476 4551 1711 4605 cumque
1745 4538 1955 4603 laudat,
1992 4538 2108 4591 vel-

527 4625 607 4677 uti
656 4627 746 4693 qui
778 4641 977 4695 magna
1005 4629 1253 4697 quazdam
1289 4644 1353 4683 ac
1408 4630 1674 4685 salutaria
1712 4634 1989 4702 pollicitus
2013 4635 2103 4688 sit.

2295 3355 2423 3407 Ὅτι
2471 3355 2563 3419 τίς
2601 3354 2671 3406 ἐν
2714 3354 2998 3421 νεφέλαις
3054 3350 3414 3415 ίσωθήσεται
3456 3348 3534 3413 τῷ
3560 3350 3795 3416 Κυρίῳς

2227 3446 2689 3516 Ὅμοιωθήσεται
2750 3444 2829 3510 τῷ
2857 3444 3056 3511 Κυρίῳ
3078 3444 3146 3495 ἐν
3172 3442 3323 3507 υίοῑς
3354 3441 3502 3496 Θεοῦ
3526 3458 3546 3503 ;
3580 3441 3653 3494 Τὸ
3691 3443 3794 3495 Ἐν

2215 3542 2521 3608 νεφέλαις,
2570 3540 2672 3591 Ἐν
2718 3538 2859 3605 ὕψει
2892 3536 3036 3597 τινὲς
3069 3535 3374 3601 ἐξέδωκαν·
3409 3534 3559 3586 ἄλλοι
3594 3534 3648 3587 δὲ
3688 3534 3794 3586 ‘Er

2214 3630 2519 3699 οὐρανίοις
2556 3633 2761 3692 τόποις
2786 3646 2799 3660 ·
2830 3629 2887 3680 ἐν
2932 3628 3054 3696 ὕψει
3086 3628 3141 3679 δὲ
3184 3628 3279 3680 καὶ
3314 3628 3371 3679 ἐν
3397 3628 3673 3696 οὐρανίοις
3704 3627 3793 3679 τό·

2215 3742 2339 3788 ποις
2370 3725 2507 3777 εἰσὶν
2531 3725 2579 3775 οἱ
2613 3723 2855 3790 ἄγγελοι.
2888 3723 3053 3789 Λέγεί
3084 3721 3265 3774 τοίνυν
3292 3738 3305 3751 ·
3336 3723 3418 3775 ὅτι
3447 3721 3541 3785 Τίς
3562 3720 3793 3789 ἄγγελος

2220 3815 2549 3885 ἰσωϐήσεται
2579 3814 2656 3881 τῷ
2686 3813 2877 3882 Κυρίῳ
2904 3854 2917 3875 ,
2945 3813 2976 3883 ἢ
3006 3812 3086 3875 τίς
3116 3814 3172 3865 ἐν
3192 3812 3365 3881 ἁγίοις
3390 3812 3789 3881 ὁμοιωθήσεται

2213 3904 2401 3973 αὑτῷς
2432 3903 2591 3964 Υίοῦς
2623 3900 2731 3970 γὰρ
2758 3900 2891 3953 Θεοῦ
2927 3901 3054 3963 τοὺς
3083 3900 3359 3962 τοιούτους
3418 3900 3788 3967 ὑποληπτέον,

2213 3996 2355 4050 κατὰ
2394 3995 2475 4060 τὸ,
2533 3993 2682 4062 Ἐγὼ
2715 3990 2856 4046 εἶπα
2876 4007 2890 4023 ⁸
2913 3992 3042 4047 θεοί
3074 3993 3247 4047 ἐστε·
3281 3992 3451 4057 ὅντως
3496 3994 3694 4059 οὐδεὶς,
3723 3996 3785 4047 σὺ

2218 4089 2448 4158 μὲνγὰρ
2484 4088 2714 4156 ποιητής
2742 4103 2753 4115 ·
2789 4080 2934 4139 οὗτοι
2971 4086 3026 4139 δὲ
3072 4089 3375 4155 ποιήματα.
3411 4087 3523 4156 Οὐχ
3548 4087 3623 4149 ὡς
3656 4102 3787 4152 συγ-

2213 4179 2416 4249 κρίνων
2445 4178 2501 4230 δὲ
2532 4177 2692 4230 τοῦτό
2723 4196 2907 4247 φησιν,
2958 4176 3077 4230 ἀλλ’
3110 4178 3305 4247 ἰδίωμα
3365 4179 3455 4230 καὶ
3486 4177 3648 4230 τοῦτο
3686 4178 3784 4245 τῆς

2225 4266 2527 4338 Ἐϐραῖδος,
2556 4268 2664 4321 ἀπὸ
2707 4268 2805 4339 τῆς
2834 4268 3238 4338 ἀνομοιότητος,
3275 4269 3546 4338 ὑπεροχὴν
3579 4270 3785 4340 προσὰ-

2213 4374 2330 4426 γειν
2350 4358 2489 4426 Θεῷ.
2529 4358 2863 4428 Ὑπερυμνεί
2878 4359 2933 4413 δὲ
2958 4359 3142 4423 αὑτὸν,
3162 4359 3238 4421 ὡς
3262 4360 3473 4429 μεγάλα
3490 4362 3587 4412 καὶ
3612 4364 3787 4431 σωτή-

2215 4467 2304 4520 ρια
2353 4449 2846 4520 ἐπαγγειλάμενον.
2891 4452 3076 4504 Ἐςικε
3118 4449 3176 4504 δὲ
3224 4452 3303 4522 τῷ
3347 4452 3491 4521 λόγῳ
3534 4454 3632 4505 καὶ
3676 4456 3737 4506 τό
3766 4470 3785 4489 ·

2215 4543 2363 4596 Οὔτε
2382 4543 2655 4611 ἄγγελος,
2672 4544 3128 4612 οὐκᾶνθρωπος,
3148 4544 3285 4599 ἀλλ’
3305 4548 3485 4611 αὐτὸς
3513 4550 3545 4599 ό
3571 4548 3785 4615 Κύριος

2212 4634 2452 4686 ἔσωσεν
2476 4633 2657 4701 ἡμᾶς.

527 4720 628 4774 His
683 4731 863 4775 autem
892 4772 897 4779 .
927 4727 1115 4782 verbis
1173 4727 1262 4781 illa
1301 4730 1546 4797 Apostoli
1576 4732 1734 4785 valde
1768 4733 1969 4787 similia
2003 4740 2155 4792 sunt,
2197 4729 2344 4800 quod
2388 4746 2550 4798 neque
2589 4733 2826 4800 angelus,
2889 4748 3049 4801 neque
3089 4732 3264 4796 homo,
3322 4735 3411 4785 sed
3459 4734 3570 4803 ipse
3649 4731 3785 4787 Deus

524 4816 745 4869 saluauit
770 4835 861 4871 nos
885 4819 951 4872 ‘3.

601 4907 766 4963 Vens.
804 4910 857 4963 8.
898 4911 1040 4967 Deus
1068 4915 1157 4984 qui
1185 4916 1519 4986 gloriﬁcatur
1554 4920 1607 4973 in
1636 4921 1861 4973 consilio
1888 4931 2099 4974 sancto—
2131 4925 2179 4979 D

526 5016 666 5065 runt,
710 5017 932 5072 magnus
962 5016 1006 5057 et
1043 5008 1294 5062 terribilis
1353 5022 1428 5064 est
1460 5028 1618 5079 super
1661 5029 1858 5076 omnes,
1910 5013 1999 5081 qui
2048 5014 2103 5064 in

525 5094 752 5147 circuitu
781 5096 896 5163 ejus
919 5107 1064 5150 sunt.
1097 5096 1204 5152 Per
1246 5102 1544 5155 consilium
1586 5103 1690 5157 hoc
1727 5104 1781 5155 in
1826 5104 1945 5156 loco
1968 5117 2103 5156 con-

526 5187 906 5257 gregationem
964 5196 1018 5243 et
1054 5191 1351 5245 concilium
1392 5194 1671 5262 intelligit,
1709 5204 1767 5247 ut
1820 5196 1873 5247 in
1922 5196 2103 5263 primo

524 5279 691 5332 etiam
749 5279 993 5336 diximus
1048 5283 1283 5351 pSahno.
1354 5284 1414 5339 In
1472 5288 1900 5357 congregatione
1957 5287 2103 5339 enim

594 5458 641 5495 ⁸³
672 5460 812 5516 Dan.
840 5477 939 5526 vn,
980 5460 1063 5517 l4.
1143 5462 1189 5494 “
1222 5460 1392 5517 Hebr.
1452 5479 1549 5527 xu,
1610 5463 1697 5518 25.

2289 4917 2352 4970 '0
2393 4918 2535 4981 Θεὸς
2559 4915 3022 4983 ἐνδοξαζόμενος
3050 4913 3120 4967 ἑν
3138 4912 3342 4981 ,ϐουλῇ
3367 4914 3572 4981 ἁγίων,
3598 4916 3785 4981 μέγας

2206 5011 2303 5063 καὶ
2339 5010 2592 5078 φοϐερός
2625 5009 2796 5060 ἐστιν
2818 5007 2916 5060 ἐπὶ
2956 5007 3192 5071 πάντας
3220 5006 3363 5071 τοὺς
3400 5006 3534 5073 περὶ
3580 5008 3785 5070 κύκλῳ

2207 5102 2414 5156 αὑτοῦ.
2448 5102 2654 5170 Βουλὴν
2686 5101 2924 5154 ἐνταῦθα
2970 5101 3061 5154 τὸν
3102 5101 3381 5169 σύλλογον,
3412 5100 3474 5152 τὸ
3505 5102 3785 5169 συνέδριον

2206 5195 2314 5246 τῶν
2362 5195 2531 5259 ἁγίων
2564 5194 2867 5262 ὠνόμασεν,
2928 5196 3004 5255 ὡς
3040 5194 3133 5246 καὶ
3166 5196 3222 5246 ὲν
3256 5193 3333 5263 τῷ
3360 5192 3560 5263 πρώτῳ
3583 5193 3783 5261 ψαλμῷ

2211 5285 2585 5355 παραδίδοται.
2627 5287 2713 5337 Ἐν
2744 5290 2811 5356 τῇ
2844 5289 3135 5356 συναγωγῇ
3170 5288 3275 5356 γὰρ
3302 5287 3407 5340 τῶν
3432 5284 3609 5353 ἁγίων
3631 5285 3783 5351 δοξα-

1776 5462 1820 5495 "
1858 5461 2003 5519 Psal.
2046 5478 2229 5528 unt,
2265 5463 2319 5517 6.
2396 5464 2439 5494 ⁸⁸
2472 5463 2638 5518 Hebr.
2691 5481 2752 5529 ιι,
2788 5465 2873 5520 16.

1918 5588 2118 5649 Variae
2160 5588 2494 5650 lectiones.

594 5675 670 5744 (ἐκ)
692 5678 916 5735 Videtur
946 5684 1189 5738 nonnihil
1224 5685 1479 5740 aberrare
1521 5686 1584 5739 ab
1611 5688 1857 5740 auctoris
1887 5703 1980 5740 seu
2020 5704 2072 5742 u.

515 5743 708 5801 Grtrce
741 5752 1058 5823 simpliciter
1093 5774 1104 5809 :
1148 5754 1399 5812 Homines
1435 5773 1553 5812 rcro
1609 5759 1699 5827 qui
1726 5759 1955 5812 coelestia
1996 5776 2082 5812 δα·

2192 5690 2339 5763 piant
2374 5689 2602 5763 (gratias
2638 5699 2797 5757 agent
2831 5691 2961 5760 UCO)
2995 5692 3044 5743 in
3074 5688 3309 5745 Ecclesia
3344 5708 3652 5746 sanctorum
3686 5695 3775 5763 qu'

2193 5761 2362 5813 att/tut:
2394 5760 2447 5813 in
2488 5771 2627 5814 terra
2659 5764 2855 5816 vivunt.
