4084 6210
353 284 460 346 905

1514 289 1899 349 COMMENT.
1940 291 2019 349 IN
2061 289 2421 350 PSALMOS.

3506 291 3612 354 906

359 397 514 459 ζεται
559 396 652 449 καὶ
691 396 944 466 ὑμνεῖται
988 399 1016 450 ὀ
1045 397 1198 462 Θεός.
1232 399 1371 467 Φησὶ
1397 398 1596 468 τοίνυν,
1641 402 1723 454 ὅτι
1755 404 1782 454 ὁ
1804 403 1934 466 Θεὸς

2042 412 2362 458 sanctorum
2410 402 2750 472 glorificatur
2791 411 2845 457 et
2877 402 3134 456 laudatur
3167 401 3334 456 Deus.
3379 401 3471 456 Ait
3513 389 3616 472 igi'

358 488 776 558 ἑνδοξαζὸμενος
844 490 981 561 αὐτῇ
1035 492 1213 560 μέγας
1280 493 1374 546 καὶ
1409 492 1641 563 φοϐερός
1675 496 1790 546 ἐστι
1823 496 1936 556 τοῖς

358 585 578 653 ἁγίοις⁸
620 581 765 640 οὗτοι
824 585 934 656 γὰρ
991 586 1150 656 πέριξ
1218 587 1384 641 αὐτοῦ
1429 589 1833 659 πλησιάσαντες
1868 589 1936 642 δι’

355 677 686 740 οίκειώσεως
717 677 951 747 ἀρετῶν·
984 679 1160 748 μέγας
1189 678 1242 732 δὲ
1273 681 1606 750 καὶςοσερὸς
1630 681 1829 744 αὐτοῖς,
1862 681 1937 744 ὼς

359 769 608 841 ἀκριϐῶς
636 772 1027 841 ἐπισταμένοις
1057 771 1155 842 τὴν
1191 755 1680 844 ὑπεροχὴνκαύτοῦ.
1720 776 1938 844 Ἀγίους

355 861 415 914 δὲ
459 861 686 930 λέγομεν
745 866 841 915 καὶ
895 863 994 926 τὰς
1043 865 1332 935 οὐρανίους
1373 866 1654 936 δυνάμεις,
1706 869 1761 921 αἶ
1809 869 1937 940 περὶ

355 955 489 1008 Θεὸν
513 956 714 1026 ὁμοίως
761 956 925 1011 εἰσίν.

370 1222 576 1293 Ἑτέρα
626 1223 912 1293 ἑρμηνεία
950 1228 1038 1293 εὶς
1068 1227 1137 1280 τό
1163 1243 1176 1256 ·
1207 1228 1418 1292 Πάντας
1448 1229 1574 1292 τοὺς
1598 1230 1726 1300 περὶ
1757 1229 1939 1298 κύκλῳ

1056 1319 1249 1374 αὐτοῦ.

439 1409 499 1462 '0
533 1409 909 1482 κυκλούμενος
940 1411 1172 1465 ἐνώπιον
1203 1413 1296 1467 καὶ
1329 1413 1506 1466 ὀπίσω
1535 1414 1630 1467 καὶ
1687 1415 1744 1467 ἐν
1791 1414 1941 1486 δεξιᾷ

358 1505 455 1557 καί
485 1506 546 1558 ὲν
577 1507 846 1577 ἀριστερᾷ
901 1506 1018 1576 ἔχει
1047 1507 1174 1570 τοὺς
1214 1507 1551 1572 κυκλοῦντας
1580 1509 1742 1562 αὐτόν
1771 1526 1782 1540 ·
1819 1511 1940 1561 ἐπεὶ

355 1597 536 1650 τοίνυν
564 1601 656 1650 καὶ
679 1599 706 1650 ὁ
730 1597 862 1661 Θεὸς
887 1598 1000 1668 ἔχει
1028 1600 1154 1662 τοὺς
1176 1599 1506 1661 κυκλοῦντας
1543 1601 1706 1653 αὑτὸν
1725 1599 1937 1669 ἀνθρώ.

359 1708 520 1756 πους,
573 1691 749 1744 ὀπίσω
790 1693 888 1760 μὲν
932 1692 1324 1763 ὑποληψόμεῦα
1368 1693 1495 1756 τοὺς
1537 1693 1626 1746 διὰ
1678 1694 1776 1763 τῆς
1802 1711 1940 1762 πρα-

2045 508 2155 561 tur,
2201 497 2344 567 quod
2385 495 2527 550 Deus
2553 495 2606 548 in
2638 495 2730 548 illa
2758 495 3206 566 congregatione,
3249 503 3302 550 et
3332 493 3614 561 gleriﬁca-

2041 597 2155 652 tus,
2184 596 2237 644 et
2276 603 2507 656 magnus
2537 597 2640 652 est,
2673 597 2724 642 et
2751 588 3033 652 terribilis,
3065 588 3168 642 hoc
3195 598 3302 647 est,
3339 587 3617 644 timendus

2041 679 2209 735 abiis
2266 680 2501 740 sanctis,
2553 679 2646 748 qui
2709 677 3145 748 circumquaque
3198 694 3293 748 per
3351 681 3614 735 virtutum

2041 774 2397 844 adeptionem
2432 772 2481 828 ei
2519 773 2948 845 propinquiores
2977 773 3134 826 ﬁunt.
3163 771 3394 842 Magnus
3436 785 3616 827 autem

2040 875 2095 921 et
2129 865 2406 921 timendus
2439 876 2524 920 est
2554 864 2700 922 Deus
2733 860 2820 921 his
2869 865 3100 930 sanctis,
3136 866 3263 935 quia
3298 865 3446 918 illius
3478 866 3617 920 emi-

2042 957 2284 1010 nentiam
2320 972 2381 1011 ac
2415 958 2714 1028 potentiam
2747 959 2954 1027 optime
2979 967 3339 1028 cogn<=scunt.
3365 957 3467 1012 Per
3491 974 3620 1013 san-

2041 1058 2163 1104 ctos
2200 1051 2364 1103 etiam
2421 1050 2679 1105 caelestes
2727 1049 2963 1120 intelligi
3023 1056 3260 1120 possunt
3314 1057 3619 1120 potestates

2043 1155 2165 1210 qua:
2195 1155 2413 1210 semper
2430 1141 2574 1194 circa
2600 1157 2723 1195 eum
2756 1150 2906 1196 sunt.

2041 1233 2159 1286 Atia
2183 1233 2549 1300 interpretatio
2570 1233 2622 1286 in
2651 1249 2713 1288 ea
2747 1237 2924 1288 verba:
2953 1232 3159 1290 Omnes
3181 1235 3274 1305 qui
3305 1236 3358 1291 in
3378 1234 3615 1290 circuitu

2677 1327 2799 1396 ejus
2829 1336 2980 1382 aunt.

2111 1415 2406 1489 [Legimus
2435 1417 2602 1472 etiam
2639 1419 2784 1488 apud
2816 1428 3074 1475 sanctum
3118 1419 3438 1494 Maximum]
3469 1423 3616 1494 quod

2044 1511 2133 1565 ille
2164 1509 2366 1564 dicitur
2394 1511 2795 1578 circumdatus,
2828 1512 2920 1582 qui
2950 1528 3159 1578 coram,
3194 1525 3362 1577 retro,
3390 1517 3454 1569 ad
3481 1514 3618 1570 dex~

2043 1611 2242 1664 teram,
2279 1611 2448 1672 atque
2487 1602 2554 1657 ad
2589 1603 2899 1668 sinistram,
2953 1604 3171 1675 aliquos
3211 1606 3370 1675 quasi
3423 1606 3479 1662 in
3512 1607 3620 1663 cir-

2043 1695 2170 1750 culo
2199 1694 2383 1750 habet.
2411 1694 2685 1760 Quoniam
2738 1695 2908 1766 igitur
2935 1696 3080 1752 Deus
3124 1696 3178 1750 in
3226 1697 3462 1751 circuitu
3515 1712 3618 1753 suo

356 1783 553 1853 κτικῆς
597 1783 802 1853 ἀρετῆς
847 1783 1277 1847 ἀκολουθοῦντας
1323 1785 1500 1855 αὐτῷ,
1585 1785 1643 1836 ὲν
1672 1786 1934 1855 ἀριστερᾷ

2044 1783 2247 1838 habere
2289 1786 2488 1838 multos
2519 1785 2723 1839 dicitur
2764 1787 2856 1855 qui
2889 1801 3015 1841 eum
3048 1788 3394 1844 circumdant
3427 1805 3442 1844 :
3471 1799 3618 1845 retro

354 1875 414 1928 δὲ
458 1876 585 1938 τοὺς
627 1874 726 1944 τὴν
761 1875 1000 1944 φυσικὴν
1025 1875 1262 1946 Θεωρίαν
1298 1878 1686 1946 πνευματικῶς
1727 1893 1926 1945 κατορ-

356 1969 621 2032 θοῦνταςο
650 1971 784 2039 φησὶ
817 1973 927 2040 γὰρ
965 1973 1093 2040 περὶ
1132 1971 1233 2040 τῆς
1269 1972 1462 2038 σοφίας
1515 1973 1547 2040 ὴ
1585 1970 1694 2022 τῶν
1733 1971 1935 2040 Παροι-

359 2061 501 2130 μιῶν
530 2060 710 2130 βίϐλος
734 2077 748 2092 ⁸
784 2061 888 2115 Ἐν
916 2061 985 2114 δὲ
1016 2062 1091 2130 τῇ
1123 2062 1408 2131 ἀριστερᾷ
1435 2063 1626 2130 αὐτῆς
1678 2063 1937 2129 πλοῦτος

355 2151 456 2205 καὶ
485 2151 655 2216 δόξα.
698 2153 788 2207 Ἐν
814 2153 872 2207 δὲ
903 2157 968 2226 τῇ
998 2155 1148 2224 δεξιᾷ
1184 2155 1279 2207 τοῦ
1322 2154 1457 2207 Θεοῦ
1501 2156 1743 2224 νοηθεῖεν
1776 2154 1843 2208 ἂν
1886 2155 1935 2206 οἱ

357 2243 607 2313 καθαράν
660 2245 925 2316 αίσῦητῆς
968 2248 1272 2316 φαντασίας
1305 2247 1589 2317 δεχόμενοι
1639 2247 1738 2317 τὴν
1773 2245 1933 2301 ᾶῦλον

354 2332 558 2400 γνῶσιν
629 2338 727 2388 καὶ
784 2336 1018 2408 θεωρίαν
1080 2339 1185 2392 τῶν
1236 2339 1441 2409 νοητῶν
1477 2357 1493 2374 ο
1564 2339 1671 2393 Ἐν
1699 2338 1807 2409 γὰρ
1857 2338 1931 2406 τῇ

353 2422 548 2490 δεξιᾷ,
591 2427 780 2493 φησὶν,
807 2425 997 2495 αὐτῆς
1031 2429 1134 2497 ἐτη
1160 2426 1310 2498 ζωῆς
1331 2447 1344 2461 ο
1379 2428 1612 2483 ἐνώπιον
1661 2429 1717 2482 δὲ
1763 2429 1811 2481 οί
1845 2427 1933 2482 διὰ

357 2515 586 2585 σφοδρὸν
631 2517 811 2586 ἔρωτα
865 2517 960 2571 τοῦ
1014 2519 1161 2572 Θείου
1212 2520 1445 2584 κάλλους
1489 2519 1803 2591 ἀξιούμενοι
1832 2518 1932 2588 τῆς

357 2610 650 2678 πρόσωπον
701 2612 836 2684 πρὸς
885 2613 1181 2684 πρόσωπον
1217 2614 1595 2680 ἀπολαύσεως,
1642 2615 1736 2668 καὶ
1780 2611 1933 2666 0e06-

357 2717 532 2766 μενοι..

2043 1877 2260 1945 quidem
2292 1892 2390 1931 eos
2423 1893 2547 1931 esse
2605 1878 2990 1948 intelligimus,
3053 1881 3147 1950 qui
3207 1899 3305 1952 per
3352 1885 3614 1940 virtutem

2045 1968 2192 2020 illam
2225 1985 2348 2022 eum
2389 1980 2719 2038 sequuntur,
2764 1988 2886 2040 qu:e
2935 1974 3000 2026 ad
3043 1975 3294 2030 actiorcs
3331 1977 3613 2046 pertinet:

2044 2062 2109 2115 ad
2145 2061 2430 2116 sinistram
2472 2078 2602 2117 vero
2654 2063 2801 2130 illos,
2856 2066 2950 2134 qui
3003 2068 3312 2122 naturalem
3376 2070 3620 2136 philoso-

2047 2154 2232 2222 phiam
2264 2155 2508 2224 dirigunt
2541 2155 2606 2208 ad
2654 2157 2964 2225 spiritualia
2999 2173 3014 2220 ;
3055 2159 3121 2213 de
3167 2161 3437 2228 sapientia
3467 2163 3614 2218 enim

2038 2248 2093 2300 in
2125 2246 2552 2302 Proverhiorum
2584 2249 2725 2304 libro
2756 2250 2960 2304 dicitur
2989 2271 3001 2306 :
3034 2250 3099 2304 In
3124 2253 3346 2306 sinistra
3379 2255 3494 2323 ejus
3528 2256 3602 2309 di-

2038 2338 2179 2392 vitia:
2209 2349 2262 2392 et
2291 2339 2470 2408 gloria
2493 2339 2560 2395 δ’.
2591 2340 2672 2394 Ad
2715 2341 2994 2396 dexteram
3028 2343 3197 2396 etiam
3251 2341 3348 2398 Dei
3379 2359 3504 2399 esse
3535 2344 3610 2400 illi

2039 2431 2381 2502 intelligendi
2417 2440 2574 2497 sunt,
2609 2434 2704 2502 qui
2737 2434 3182 2488 immaterialium
3225 2443 3390 2505 atque
3416 2435 3616 2490 invisi-

2038 2521 2232 2576 bilium
2276 2537 2458 2576 rerum
2497 2523 2871 2594 cognitionem
2906 2523 2974 2576 ah
2997 2525 3146 2578 omni
3176 2526 3423 2580 sensibili
3450 2535 3617 2597 atque

2037 2613 2252 2667 carnali
2287 2613 2677 2683 phantasmate
2711 2630 2908 2686 puram
2953 2631 3018 2670 ac
3069 2619 3326 2671 mundam
3361 2633 3619 2690 suscepeo

2036 2711 2167 2757 runt
2205 2721 2218 2757 :
2257 2699 2324 2756 In
2354 2704 2570 2757 dextera
2601 2704 2776 2769 enim,
2816 2704 3015 2773 inquit,
3057 2706 3173 2774 ejus
3219 2710 3343 2760 anni
3376 2709 3494 2763 vita:
3526 2710 3613 2767 “z

353 2806 542 2845 coram
573 2793 685 2848 Deo
746 2797 913 2851 etiam
980 2796 1106 2852 illos
1185 2812 1310 2852 esse
1365 2795 1638 2860 dicemus,
1698 2791 1788 2864 qui
1867 2791 1941 2846 ob
2009 2790 2339 2844 immensum
2417 2790 2620 2844 divina:
2679 2793 3108 2861 pulchritudinis
3170 2811 3412 2853 amorem
3466 2799 3614 2868 digni

353 2882 532 2938 euecti
563 2895 710 2953 sunt,
758 2900 816 2942 ut
849 2897 1112 2960 perpetuo
1144 2890 1235 2945 Dei
1267 2889 1526 2945 fruantur
1579 2893 1904 2957 conspectu,
1945 2879 2086 2939 facie
2112 2881 2180 2936 ad
2214 2880 2413 2938 faciem
2490 2881 2646 2936 illum
2721 2881 3020 2952 intuentes,
3101 2894 3156 2940 et
3207 2887 3616 2957 quodammodo

359 2975 463 3047 ipsi
493 2977 700 3045 pariter
741 2980 920 3037 etl‘ecti
954 2983 1048 3038 dii.

430 3072 606 3140 Κύριε
642 3074 675 3126 ό
696 3073 842 3139 Θεὸς
865 3071 984 3128 τῶν
1013 3073 1348 3146 δυνάμεων.
1381 3074 1613 3148 Εἴρηται
1640 3075 1698 3128 ὲν
1731 3071 1810 3143 τῷ
1840 3069 1930 3140 πγ⁹

355 3163 580 3234 ψαλμῷο

2112 3063 2280 3120 Vens.
2308 3063 2362 3120 9.
2389 3063 2613 3118 Domine
2645 3063 2785 3118 Deus
2803 3064 3078 3119 virtutum.
3103 3063 3423 3139 Hujusmodi
3449 3076 3612 3133 verba

2040 3154 2398 3226 exposuimus
2421 3154 2474 3208 in
2511 3153 2720 3224 psalmo
2754 3163 2979 3210 unm.

428 3254 530 3322 Τίς
561 3256 762 3325 ὅμοιός
804 3271 950 3324 σου
985 3290 1053 3300 -ν
1088 3260 1183 3328 Τίς
1212 3261 1412 3329 ὅμοιος
1449 3275 1582 3327 σοι,
1616 3259 1934 3330 συνεχέστε-

2116 3243 2245 3309 Quis
2276 3245 2470 3299 similis
2503 3243 2644 3298 tibi?
2677 3243 3032 3314 (llujusmodi
3081 3247 3246 3304 etiam
3288 3252 3612 3311 sententiam

356 3366 452 3417 ρον
483 3349 724 3417 ἐπιλέγει
771 3351 872 3404 οὐκ
903 3352 1148 3420 ἐρωτῶν,
1195 3352 1311 3406 ἀλλ’
1341 3352 1806 3426 ἐκπληττόμενος,
1839 3350 1934 3405 καὶ

351 3442 416 3492 τὸ
449 3443 845 3515 ἁπαοάὅλητον
873 3442 1040 3497 αὑτοῦ
1071 3445 1342 3499 διδάσκων
1369 3446 1539 3516 ἡμᾶς.

427 3707 694 3774 curator;
764 3703 838 3772 εἷ,
901 3708 1098 3776 Κύριε.
1160 3706 1396 3770 Δυθατὸς
1428 3705 1729 3777 ποιῆσαι,δι
1759 3709 1932 3775 ἐπαγ-

352 3800 524 3871 γέλλῃ
543 3815 558 3830 θ
585 3801 678 3854 καὶ
707 3799 947 3853 πιστεύω
969 3798 1176 3864 λοιπὸν,
1203 3796 1286 3851 ὅτι
1310 3801 1649 3869 γενήσονται.

428 3985 538 4035 Κα.
594 3982 635 4049 ἡ
675 3981 930 4050 ἀλήθειά
963 3997 1081 4034 σου
1135 3981 1348 4047 κύκλῳ
1377 3995 1514 4034 σου.
1563 3979 1639 4032 Οὐ
1693 3980 1854 4048 μόνον
1881 3975 1935 4032 εί

355 4073 601 4137 δυνατὸς,
624 4074 762 4127 ἀλλὰ
797 4073 889 4128 καλ⁸
918 4073 1127 4143 ἀληθής
1152 4087 1170 4106 ο
1197 4074 1296 4126 καὶ
1333 4069 1490 4141 δίκην
1533 4071 1752 4141 ἱματίου
1778 4073 1932 4141 περί-

359 4162 621 4233 scema:
654 4164 753 4234 τὴν
780 4163 1064 4234 ἀλήθειαν,
1116 4162 1210 4216 καὶ
1240 4162 1427 4231 κύκλῳ
1462 4179 1555 4215 σου
1583 4156 1741 4226 οὖσα,
1781 4160 1933 4214 οὑδὲ-

356 4255 488 4308 ποτέ
550 4272 644 4309 σου
684 4256 983 4325 ἀφίσταται
1015 4270 1031 4286 ⁸
1080 4254 1336 4325 ἐμφαίνει
1382 4253 1440 4308 δὲ
1494 4253 1671 4316 τοῦτο,
1713 4254 1796 4308 ὅτι
1844 4252 1932 4306 ἀεὶ

353 4347 666 4416 ἁληθεύεις.

423 4440 508 4493 Σὺ
539 4439 850 4506 δεσπόζεις
882 4439 987 4494 τοῦ
1013 4440 1270 4508 κράτους
1303 4439 1414 4507 τῆς
1446 4439 1788 4508 θαλάσσης,
1823 4441 1931 4494 τὸν

348 4531 418 4583 δὲ
454 4531 652 4584 σάλον
675 4531 795 4585 τῶν
818 4532 1096 4600 κυμάτων
1130 4534 1322 4597 αὐτῆς
1349 4531 1432 4586 σὺ
1469 4534 1924 4600 καταπραΰνεις.

2041 3337 2236 3391 crebro
2269 3336 2522 3392 invenies
2562 3336 2705 3406 apud
2747 3337 2967 3392 beatum
2999 3338 3217 3408 David.)
3245 3337 3396 3396 Dicta
3429 3358 3613 3402 autem

2039 3440 2172 3484 sunt
2232 3445 2340 3484 non
2397 3437 2458 3484 ut
2515 3429 2906 3500 interrogaret,
2969 3433 3064 3486 sed
3123 3435 3292 3491 veluti
3355 3435 3615 3511 obstupe-

2037 3534 2223 3584 scens,
2263 3530 2322 3574 ut
2346 3535 2446 3575 nos
2479 3521 2586 3575 hoc
2627 3531 2791 3591 pacto
2830 3522 2977 3578 illius
3013 3525 3612 3596 incomparabilitatem

2035 3610 2280 3666 doceret.

2113 3703 2308 3757 Potens
2333 3719 2415 3767 es,
2444 3701 2690 3757 Domine.
2726 3701 2797 3758 Ut
2828 3703 3025 3769 facias,
3057 3721 3178 3775 qua:
3205 3708 3484 3776 pollicitus
3530 3725 3614 3779 es,

2039 3795 2185 3849 unde
2230 3794 2398 3848 etiam
2457 3801 2624 3850 credo
2679 3803 2732 3851 te
2778 3797 2964 3852 omnia
3019 3798 3280 3870 deinceps
3337 3802 3614 3870 perfectu-

2039 3902 2181 3940 rum.

2112 3977 2181 4031 Et
2212 3981 2402 4033 ueritas
2425 3987 2517 4032 tua
2558 3980 2612 4032 in
2642 3979 2870 4032 circuitu
2914 3988 3025 4035 tuo.
3054 3981 3180 4036 Non
3201 3983 3376 4038 solum
3413 3997 3611 4056 potens

2036 4089 2119 4138 cs,
2158 4073 2253 4128 sed
2293 4087 2463 4129 verax
2509 4071 2696 4129 etiam.
2733 4071 3030 4128 Veritatem
3098 4075 3244 4130 enim
3301 4077 3525 4135 indutus
3551 4097 3612 4138 es

2038 4164 2214 4220 instar
2244 4166 2422 4218 vestis
2447 4201 2463 4225 .
2509 4179 2630 4230 qua:
2664 4163 3113 4237 pcircumquaque
3151 4180 3217 4220 ex
3257 4168 3406 4222 omni
3459 4181 3613 4238 parte

2039 4256 2312 4311 hominem
2345 4255 2527 4325 Operit
2563 4271 2576 4308 :
2607 4269 2730 4324 quae
2765 4256 2932 4310 verba
2969 4253 3105 4311 illud
3158 4257 3418 4314 videntur
3461 4259 3611 4316 indi-

2037 4364 2185 4412 care,
2221 4347 2363 4417 quod
2393 4349 2536 4402 Deus
2560 4362 2780 4415 semper
2817 4363 2980 4403 veras
3012 4355 3119 4404 est.

2127 4437 2295 4494 Vens.
2332 4438 2421 4493 lO.
2453 4437 2526 4492 Tu
2558 4439 2859 4494 dominaris
2889 4441 3140 4508 potestati
3169 4456 3357 4506 maris,
3411 4454 3611 4498 motum

2038 4543 2215 4586 autem
2249 4532 2510 4601 ﬂuctuum
2535 4532 2652 4602 ejus
2684 4541 2742 4587 tu
2795 4532 3033 4601 mitigas.
3058 4532 3392 4588 Potestatem
3441 4537 3610 4598 maris

353 4624 576 4690 Κράτος
609 4623 888 4694 Θαλάσσης
936 4625 969 4693 ἡ
1011 4623 1101 4694 βία
1148 4625 1256 4678 τῶν
1305 4626 1566 4694 κυμάτων
1613 4623 1804 4694 αὐτῆς.
1854 4623 1926 4678 Σὺ

2041 4623 2310 4679 undarum
2337 4624 2658 4679 violentiam
2704 4625 2967 4694 appellat.
3021 4621 3100 4678 Tu
3134 4633 3192 4680 et
3214 4627 3607 4696 procellarum,

346 4715 655 4782 δεσπόζεις,
692 4717 844 4787 φησὶ,
891 4717 985 4770 καὶ
1023 4719 1124 4787 τῆς
1163 4717 1413 4788 ταραχῆς
1453 4717 1641 4787 αὐτῆς,
1687 4717 1780 4772 καὶ
1829 4717 1929 4786 τῆς

348 4809 619 4878 γαλήνης,
655 4810 750 4860 καὶ
778 4808 843 4861 σὺ
885 4809 1044 4862 τοῦτο
1070 4811 1292 4864 κάκεῖνο
1324 4811 1516 4872 ποιεῖς.
1550 4809 1758 4879 Ὠσπερ
1783 4807 1839 4861 δὲ
1872 4809 1929 4859 ὲν

349 4900 430 4968 τῷ
460 4897 543 4966 of
572 4899 770 4970 ψαλμῷ
801 4901 1078 4971 άνύμνησε
1103 4901 1195 4954 τὸν
1220 4900 1350 4954 Θεὸν
1367 4901 1476 4954 ἀπὸ
1502 4901 1610 4953 τῶν
1633 4899 1934 4971 μεγαλουρ-

351 4991 624 5060 γημάτων
659 4990 844 5055 αὑτοῦ,
873 4990 1043 5043 εἰπών
1067 5005 1081 5020 ο
1099 4992 1172 5044 Σὺ
1206 4991 1471 5060 ἐποίησας
1495 4989 1616 5043 τάδε
1638 4989 1734 5042 καὶ
1764 4989 1892 5044 τάδε
1910 5003 1927 5020 '

351 5081 500 5134 οὕτω
540 5082 636 5136 καὶ
663 5083 754 5136 ἐπὶ
781 5081 876 5136 τοῦ
907 5083 1192 5154 παρόντος.

429 5175 514 5227 Σὺ
545 5174 957 5232 ἐταπείνωσαρ
985 5176 1063 5241 ὡς
1106 5173 1474 5244 τραυματίαν
1515 5184 1921 5242 υπερηφανον.

354 5267 642 5337 Δίσθητῶς
683 5267 782 5337 μὲν
825 5269 1002 5320 πάντα
1041 5269 1390 5337 ὑπερήφανον
1437 5265 1722 5336 ἄνθρωπον
1750 5281 1762 5294 ·
1807 5267 1921 5319 Κύ-

344 5376 478 5426 ριος
511 5360 639 5430 γὰρ,
676 5362 862 5429 φησιν,
894 5359 1299 5428 ὑπερηφάνοις
1314 5358 1737 5412 ἀντιτάσσεται
1758 5375 1772 5390 ’
1802 5375 1929 5427 νοη-

354 5450 466 5512 τῶς
504 5451 562 5504 δὲ
603 5451 696 5505 τὸν
739 5451 1005 5513 διάϐολον,
1057 5450 1653 5522 ὑπερηφανευσάμενον
1677 5487 1692 5513 ,
1727 5449 1819 5502 καὶ
1845 5448 1934 5502 διὰ

355 5541 517 5594 τοῦτο
560 5541 978 5614 καταϐληθέντα
1005 5564 1019 5578 ο
1075 5545 1151 5607 ὠς
1191 5541 1538 5614 τραυματίαν
1577 5540 1653 5604 δὲ,
1703 5540 1835 5593 διότι
1885 5543 1934 5594 οἱ

431 5723 476 5753 δ’
513 5722 678 5778 Prov.
746 5740 827 5786 Ill,
889 5723 974 5778 16.
1051 5725 1096 5755 ⁵⁸
1139 5723 1273 5778 lhid.
1353 5725 1394 5755 ⁵¹
1417 5725 1578 5780 Prov.
1612 5738 1693 5791 ιιι,
1731 5722 1836 5789 34;
1872 5719 1987 5776 Jac.

687 5819 956 5882 ΡΑτιιοι..
989 5821 1105 5882 Gn.
1143 5820 1476 5882 CXXVIII.

2037 4715 2236 4786 inquit,
2279 4724 2334 4770 et
2363 4713 2788 4785 tranquillitatis
2816 4715 3107 4784 imperium
3143 4718 3199 4772 in
3232 4719 3370 4772 mari
3413 4721 3604 4777 hahes.

2038 4807 2102 4861 Et
2154 4805 2616 4878 quemadmodum
2675 4806 2730 4860 in
2790 4807 3000 4876 psalmo
3050 4822 3242 4872 usui,
3303 4809 3471 4864 Deum
3539 4811 3607 4864 ah

2035 4899 2375 4954 admirandis
2431 4898 2554 4968 ejus
2623 4899 2887 4969 operibus
2941 4898 3186 4954 laudavit
3237 4901 3483 4956 dicens:
3523 4899 3604 4954 'l‘u

2039 4989 2152 5044 haec
2211 4996 2379 5060 atque
2431 4988 2525 5043 illa
2563 4987 2788 5055 fecisti,
2844 4990 2918 5044 ita
2973 4991 3136 5046 etiam
3192 4993 3305 5061 agit
3359 4992 3413 5046 in
3469 5007 3609 5062 prae.

2035 5080 2196 5134 senti.

2107 5170 2271 5226 Vens.
2309 5170 2394 5226 ll.
2431 5169 2509 5225 Tu
2540 5171 2840 5226 humiliasti
2869 5173 3006 5227 sicut
3034 5173 3385 5238 rulneratum,
3425 5187 3609 5241 super-

2039 5265 2180 5318 bum.
2210 5263 2383 5318 Juxta
2413 5263 2658 5319 historia:
2688 5279 2936 5328 sensum,
2971 5279 3190 5318 omnem
3215 5265 3512 5334 superbum
3542 5279 3606 5318 ac

2038 5361 2388 5414 temerarium
2424 5358 2702 5416 hominem
2735 5359 2998 5429 intelligc.
3037 5358 3298 5414 Dominus
3329 5362 3502 5421 enim,
3527 5361 3610 5416 in-

2034 5451 2177 5519 quit,
2230 5449 2430 5503 resistit
2494 5449 2728 5518 superbis
2768 5451 2838 5503 “.
2873 5449 3073 5504 Verum
3131 5449 3298 5505 altius
3351 5451 3608 5507 conside-

2035 5539 2232 5606 rando,
2262 5557 2360 5612 per
2409 5542 2738 5614 superbum,
2770 5544 2950 5613 ipsum
2981 5541 3286 5598 daemonem
3339 5542 3603 5616 intellige,

2033 5736 2107 5788 IV,
2136 5721 2194 5776 ϐ.

3207 5817 3284 5881 29
