4082 6230
468 310 573 367 007

1678 296 2057 357 EUTllYMlI
2097 292 2453 353 ZlGABENl

3623 292 3727 352 903

468 424 561 492 qui
608 424 661 476 in
695 423 1012 492 superbiam
1052 421 1229 473 elatus
1258 428 1362 481 est,
1418 425 1584 485 atque
1620 416 1741 468 ideo
1791 413 2034 480 deiectus

2149 409 2488 478 τραυματίαι
2548 406 2796 462 ταπεινοί
2836 409 2965 471 εἱσι,
3004 408 3083 477 τῷ
3129 408 3275 476 πόνῳ
3324 407 3723 473 συγκατασπὼ-

468 528 520 571 et
545 517 598 570 in
638 531 881 586 prazceps
912 513 1149 567 delatus.
1183 509 1545 562 Vulneratum
1572 515 1754 559 autem
1800 505 1923 558 ideo
1957 502 2040 555 di-

471 611 569 674 xit,
604 612 731 678 quia
768 607 1035 663 vulnerati
1064 621 1277 670 omnes,
1314 613 1373 657 ut
1422 601 1742 672 plurimum,
1798 597 2036 651 lmmilcs

466 709 615 764 sunt,
648 699 811 751 veluti
847 699 1035 752 labore
1074 697 1281 752 aﬂlicti.
1339 694 1574 761 Quidam
1613 708 1710 762 per
1737 690 2035 761 superbum

2153 524 2327 575 μενοι.
2368 506 2524 569 Τινὲς
2559 506 2615 559 δὲ
2659 507 3011 575 ὑπερήφανον
3044 505 3145 574 μὲν
3184 504 3275 557 τὸν
3325 502 3526 572 Φαραὼ
3571 501 3721 553 me-

2150 617 2257 663 σιν,
2298 599 2526 669 ἐχθροὺς
2564 599 2621 652 δὲ
2649 600 2770 661 τοὺς
2820 599 3185 666 Ἀἰγυπτίους,
3211 596 3286 658 ὡς
3320 594 3721 663 ἁποπνιγέντας

2148 695 2239 746 καὶ
2271 693 2798 762 διασκορπισθέντας
2829 690 2886 743 ὲν
2920 693 3042 753 ταῖς
3070 691 3285 751 ἀκταῖς.

466 792 808 845 Pharaonem
862 792 1203 861 intelligunt,
1261 799 1315 846 et
1366 805 1464 860 per
1522 786 1801 847 inimicos,
1864 782 2249 854 Egyptiornm
2290 787 2541 856 populos,
2575 788 2668 856 qni
2701 783 2958 853 dissipati
3026 798 3090 839 ac
3159 782 3411 837 suﬂ'ocati
3478 791 3605 836 sunt
3666 783 3719 835 in

468 903 629 941 mart.

538 982 602 1035 In
638 981 850 1033 brachio
884 981 1095 1032 virtutis
1129 989 1232 1033 tua:
1283 977 1583 1044 dispersisti
1615 976 1861 1030 inimicos
1897 983 2035 1025 tuos.

464 1075 518 1127 ln
551 1073 779 1127 brachio
813 1072 1070 1142 potentiae
1108 1082 1234 1133 ture,
1274 1071 1376 1124 hoc
1415 1078 1519 1131 est,
1554 1068 1611 1123 in
1662 1067 1871 1137 potenti
1913 1066 2038 1117 bra-

459 1170 585 1221 chio
620 1175 733 1218 tuo.
766 1164 869 1217 Per
902 1164 1156 1216 inimicus
1187 1176 1315 1214 vero
1357 1162 1554 1230 impios
1595 1173 1789 1212 omnes
1821 1156 1877 1209 in
1913 1156 2038 1208 uni-

428 1294 431 1297 ν
460 1272 679 1312 versum
714 1255 975 1321 intelligo,
1018 1252 1098 1307 vel
1136 1256 1283 1321 ipsos
1320 1253 1488 1307 etiam
1520 1251 1819 1304 daemones.

541 1342 699 1397 Vens.
736 1344 819 1399 12.
860 1341 957 1395 Τιιί
994 1352 1117 1395 sunt
1151 1343 1288 1404 caeli,
1321 1352 1369 1395 et
1411 1351 1504 1393 tua
1535 1348 1612 1395 est
1671 1348 1833 1392 terra.
1868 1334 2039 1391 Crea-

462 1446 598 1489 turae
630 1436 773 1487 enim
807 1447 911 1489 tua:
945 1446 1097 1498 sunt,
1132 1443 1181 1486 ct
1212 1433 1463 1487 serviunt
1496 1431 1630 1496 tibi;
1666 1446 1788 1483 nam
1823 1436 1876 1484 et
1911 1428 2040 1483 alibi

461 1529 536 1581 ait
572 1545 583 1581 :
617 1526 886 1592 Quoniam
914 1525 1091 1577 omnia
1121 1524 1349 1577 serviunt
1379 1523 1471 1575 tibi
1506 1524 1550 1554 ⁸³
1582 1541 1595 1588 ;
1632 1533 1696 1576 de
1724 1521 1880 1577 cmlis
1907 1535 2039 1575 vero

460 1618 699 1673 diximus
735 1618 787 1671 itt
823 1616 1035 1686 psalmo
1063 1631 1183 1668 Vlll.

538 1709 728 1762 Orbem
776 1717 933 1761 terra:
984 1716 1032 1759 et
1074 1702 1453 1774 plenitudinem
1496 1702 1609 1771 ejus
1667 1713 1720 1756 tu
1772 1700 2034 1769 fundasti.

2228 969 2336 1021 ’Ἐν
2366 966 2447 1030 τῷ
2469 968 2753 1034 βραχίονι
2803 965 2916 1033 τῆς
2951 964 3261 1033 δυνάμεώς
3293 978 3409 1016 σου
3449 963 3721 1031 διεσκόρ-

2144 1074 2329 1123 πισας
2354 1060 2493 1122 τοὺς
2520 1058 2776 1125 ἐχθρούς
2795 1074 2934 1110 σου.
2968 1086 3039 1095 -
3076 1056 3178 1109 Ἐν
3202 1055 3279 1118 τῷ
3298 1055 3579 1121 ,βραχίονι
3613 1055 3721 1121 τῆς

2144 1148 2454 1218 δυνάμεώς
2481 1167 2619 1214 σου,
2646 1150 2766 1202 ἀντὶ
2793 1148 2886 1202 τοῦ
2904 1148 2990 1200 Ἐν
3012 1146 3086 1216 τῷ
3108 1146 3350 1217 βραχίονι
3381 1146 3457 1215 τῷ
3486 1149 3716 1219 δυνατῷ.

2155 1240 2414 1309 Ἐχοροὺς
2436 1240 2492 1292 δὲ
2516 1240 2724 1302 ἁπλῶς,
2761 1240 2884 1302 τοὺς
2915 1238 3131 1301 ἀσεϐεῖς
3160 1239 3254 1291 καὶ
3284 1238 3409 1299 τοὺς
3434 1238 3717 1308 δαίμονας.

2214 1333 2318 1384 Σοί
2361 1333 2521 1384 εἰσιν
2579 1334 2634 1385 οι
2684 1331 2952 1399 οὐρανοὶ,
2991 1332 3087 1383 καὶ
3117 1329 3199 1397 σή
3228 1329 3398 1382 ἐστιν
3445 1332 3478 1397 ἡ
3513 1330 3608 1399 γῆ.
3640 1332 3721 1383 Ta

2141 1423 2417 1491 κτίσματοι
2455 1423 2521 1475 σὰ
2560 1422 2723 1475 δοῦλα
2753 1441 2769 1456 ο
2803 1423 2938 1493 φησι
2976 1422 3085 1491 γάρ
3134 1423 3191 1473 ἐν
3225 1421 3404 1484 ἄλλοις
3434 1442 3448 1453 ·
3490 1423 3618 1476 Ὀτι
3648 1423 3724 1475 τὰ

2138 1515 2463 1583 σύμπαντα
2494 1515 2685 1568 δοῦλα
2714 1514 2816 1569 σά.
2853 1515 2988 1586 Περὶ
3012 1514 3122 1569 τῶν
3148 1513 3390 1584 οὐρανῶν
3422 1515 3637 1586 εἴρηται
3665 1518 3722 1569 ὲν

2137 1608 2216 1677 τῷ
2247 1616 2298 1676 η’
2326 1608 2549 1679 ψαλμῷ.

2218 1700 2339 1768 Τὴν
2376 1702 2748 1773 οἰκουμένην
2790 1702 2887 1756 καὶ
2946 1700 3012 1754 τὸ
3054 1701 3349 1781 πλήρωμα
3402 1704 3588 1770 αὐτῆς
3638 1705 3722 1757 σὺ

460 1799 609 1851 Idem
663 1814 858 1853 rursus
897 1796 1126 1865 repetit;
1180 1793 1247 1848 de
1296 1795 1399 1846 hoc
1460 1793 1623 1847 etiam
1682 1793 1922 1846 diximus
1983 1791 2034 1843 in

2142 1793 2565 1862 ἐθεμελίωσας.
2602 1795 2675 1847 Τὸ
2704 1795 2838 1848 αὐτὸ
2869 1794 3035 1846 πάλιν
3065 1778 3230 1863 φησίν
3263 1809 3277 1823 '
3328 1796 3544 1863 εἴρηται
3572 1797 3626 1848 δὲ
3664 1798 3725 1849 ὲν

464 1894 676 1965 psalmo
714 1908 862 1955 χχιιι,
902 1892 971 1943 ibi
1012 1909 1025 1944 :
1072 1887 1284 1942 Domini
1330 1898 1406 1940 est
1471 1896 1636 1948 terra,
1681 1895 1733 1938 et
1769 1884 2039 1952 plenitudo

460 1987 573 2055 ejus
636 1985 778 2038 orbis
810 1995 985 2047 terra',
1018 1990 1065 2035 et
1102 1981 1354 2045 universi,
1384 1979 1473 2048 qui
1501 1979 1742 2032 habitant
1766 1982 1818 2032 in
1847 1995 1931 2033 ea.

533 2167 843 2235 Aquilonem
894 2172 943 2217 et
970 2178 1114 2216 mare
1156 2169 1209 2213 tu
1245 2159 1465 2213 creasti.
1522 2158 1832 2229 llcsycltius
1886 2158 2038 2225 dicit,

461 2260 606 2330 quod
653 2255 940 2324 Scriptura
973 2253 1195 2306 nomine
1255 2251 1423 2304 maris
1485 2264 1726 2318 persaepe
1779 2264 2040 2303 occasum

461 2349 757 2419 signiﬁcat.
832 2343 987 2398 Unde
1020 2343 1158 2396 liber
1186 2339 1574 2403 Numerorum,
1604 2339 1696 2406 qui
1723 2337 2037 2393 Judazornm

462 2440 643 2495 tribus
676 2435 962 2497 describit,
1023 2442 1077 2487 et
1122 2432 1261 2485 alias
1308 2429 1374 2484 ad
1428 2430 1725 2490 orientem.
1775 2431 1917 2485 alias
1970 2429 2037 2482 ad

462 2531 835 2592 occidentem,
874 2527 1008 2579 alias
1045 2526 1109 2577 ad
1139 2523 1603 2592 septentrionem,
1638 2530 1733 2576 aut
1760 2522 1828 2575 ad
1855 2522 2039 2576 taber-

465 2620 646 2677 naculi
693 2617 977 2671 meridiem
1015 2613 1209 2668 ordine
1243 2613 1479 2683 quodam
1518 2612 1818 2683 dispositas
1860 2612 2036 2666 fuis‘e

462 2714 619 2777 dicit,
653 2708 936 2765 itacmaris
953 2707 1190 2761 dictione
1233 2720 1329 2759 eos
1363 2703 1710 2772 significavit,
1748 2704 2039 2772 qniadoc-

462 2809 904 2864 cidentcmerant
927 2800 1199 2854 collocati.
1225 2798 1312 2851 Ait
1339 2797 1518 2851 enim:
1555 2796 1745 2849 Castra
1781 2793 2037 2862 Ephraim

454 2902 614 2972 juxta
631 2902 776 2950 mare
792 2895 856 2946 ³³.
878 2892 1015 2958 Quia
1037 2892 1201 2961 igitur
1222 2887 1663 2959 septentrionalis
1682 2901 1778 2942 ora
1798 2894 1851 2942 ct
1871 2887 2040 2941 mari-

462 2997 614 3056 tima,
645 2991 747 3045 hoc
777 2995 861 3043 est
893 2982 1275 3045 occidentalis,
1300 2981 1605 3035 tenebrosa:
1647 2987 1792 3043 sunt,
1826 2978 2036 3032 hiema-

2144 1882 2222 1953 τῷ
2254 1883 2336 1950 κγ’
2360 1883 2562 1953 ψαλμῷ
2589 1901 2602 1912 ·
2645 1883 2753 1937 Τοῦ
2787 1885 3011 1952 Κυρίου
3040 1885 3077 1952 ἠ
3108 1881 3203 1952 γῆ.
3228 1884 3410 1937 καὶτὸ
3430 1884 3724 1953 πλήρωμα

2142 1975 2357 2043 αὐτῆς,
2388 1976 2426 2043 ή
2459 1975 2802 2044 οἰκουμένη,
2839 1976 2939 2029 καὶ
2965 1976 3188 2042 πάντες
3218 1978 3272 2030 οἱ
3298 1976 3723 2043 κατοικοῦντες

2143 2068 2213 2120 ἐν
2251 2066 2436 2136 αὺτῇο
2482 2068 2576 2121 καὶ
2601 2067 2754 2137 ζήτει
2789 2070 2926 2122 ἐκεῖ.

2222 2159 2333 2213 Τὸν
2371 2159 2608 2227 Βορῤᾶν
2660 2159 2758 2213 καὶ
2796 2160 2912 2227 τὴν
2947 2160 3272 2216 θάλασσαν
3319 2162 3400 2215 σὺ
3449 2162 3721 2225 ἔκτισας.

2139 2250 2309 2321 Φησὶν
2338 2249 2613 2320 Ὶίσύχιος,
2642 2252 2725 2304 ὅτι
2747 2252 2824 2322 τῷ
2854 2251 2953 2321 τῆς
2979 2251 3254 2322 θαλάσσης
3274 2255 3500 2325 ὀνόματι
3524 2253 3723 2306 πολλά-

2144 2359 2232 2405 κις
2263 2345 2296 2413 ἡ
2332 2341 2540 2397 παλαιὰ
2569 2342 2759 2413 Γραφὴ
2790 2344 2888 2414 τὴν
2923 2341 3076 2397 δύσιν
3121 2345 3297 2399 καλεῖ.
3352 2345 3516 2399 Ὅθεν
3548 2348 3582 2415 ἡ
3612 2348 3723 2398 τῶν

2155 2433 2430 2505 ’Δριθμῶν
2474 2432 2676 2503 βίϐλος,
2709 2433 2982 2505 ὲκθεμένη
3027 2437 3126 2499 τὰς
3174 2436 3383 2504 φυλὰς.
3421 2431 3496 2491 ὧν
3532 2440 3588 2491 ai
3623 2439 3724 2507 μὲν

2145 2524 2281 2595 πρὸς
2312 2524 2603 2590 ἀνατολὰς,
2633 2525 2690 2578 αἱ
2720 2525 2777 2579 δὲ
2809 2527 2944 2595 πρὸς
2973 2528 3233 2598 Ἄρκτον,
3266 2531 3321 2583 αἱ
3360 2529 3419 2582 δὲ
3458 2530 3592 2599 πρὸς
3624 2548 3725 2600 με-

2142 2616 2421 2689 σημϐρίαν
2470 2617 2570 2687 τῆς
2610 2619 2818 2689 σκηνῆς
2861 2619 3191 2690 ἐτάχθησαν,
3244 2624 3309 2692 τῇ
3367 2622 3508 2687 λέξει
3552 2624 3724 2693 ταύτῃ

2138 2710 2265 2772 τοὺς
2292 2704 2602 2778 πρδςδύσιν
2627 2713 3000 2780 τεταγμένους
3030 2713 3324 2784 ἐμήνυσεν.
3342 2715 3542 2785 Εἷρηκε
3570 2715 3679 2784 γάρ
3707 2729 3724 2743 ⁸

2142 2802 2492 2872 Παρεμϐολὴ
2536 2802 2786 2873 Ἐερριιῒμ
2819 2804 2977 2873 παρὰ
3008 2803 3353 2859 θάλασσαν.
3408 2808 3563 2860 Ἐπεὶ
3607 2810 3723 2861 τοί-

2141 2914 2238 2950 νυν
2270 2897 2365 2949 καὶ
2412 2896 2473 2950 τὸ
2514 2898 2726 2967 βόρειον
2764 2896 2951 2967 μέρος,
2984 2899 3165 2953 εῐτουν
3206 2899 3267 2953 τὸ
3292 2900 3588 2971 Ἀρκτῷον,
3624 2904 3725 2955 καὶ

2141 2987 2202 3039 τὸ
2233 2987 2548 3054 θαλάσσιον,
2563 2988 2761 3057 ἤτοιτὺ
2778 2987 3018 3055 δυτικδν,
3045 2989 3292 3044 σκοτεινά
3319 2992 3411 3044 καὶ
3441 2995 3723 3063 χειμέρια,

462 3087 650 3155 lesque
680 3093 731 3137 et
767 3080 998 3149 frigidae,
1030 3088 1084 3130 et
1117 3076 1361 3128 futurum
1394 3082 1533 3138 erat,
1570 3079 1626 3125 ut
1660 3069 1828 3138 aliqui
1859 3084 1919 3122 ea
1955 3085 2034 3121 ra-

2142 3075 2239 3128 καὶ
2264 3076 2352 3129 διὰ
2383 3076 2540 3129 τοῦτό
2570 3093 2716 3139 τινες
2763 3075 2987 3146 ἔμελλον
3019 3077 3098 3147 τῷ
3139 3078 3359 3149 πονηρῷ
3401 3080 3723 3153 δημιουργῷ

463 3179 610 3230 tione
652 3174 868 3227 illarum
902 3178 1210 3223 creatorem
1241 3180 1369 3218 esse
1402 3165 1703 3216 daemonem
1762 3161 2034 3226 dicerent,

460 3264 781 3320 necessario
823 3269 1053 3314 sanctus
1128 3254 1371 3324 Spiritus
1417 3254 1565 3307 hunc
1598 3267 1845 3307 errorem
1881 3261 2035 3305 antea

461 3355 787 3411 eradicavit.
828 3350 966 3405 lllnd
996 3350 1141 3404 scire
1172 3347 1338 3400 etiam
1370 3354 1606 3414 oportet,
1646 3343 1793 3414 quod
1815 3343 2037 3414 quando

461 3450 734 3508 orientem
766 3444 1091 3514 aspicimus,
1151 3449 1280 3494 ante
1320 3438 1515 3493 faciem
1548 3439 1728 3506 ipsum
1759 3439 2035 3492 orientem

464 3541 754 3599 habemus,
789 3534 1130 3591 occidentem
1162 3538 1284 3601 post
1313 3540 1484 3598 terga,
1520 3529 1573 3582 in
1608 3528 1837 3586 dextera
1868 3530 2035 3586 meri-

462 3636 626 3698 diem,
666 3641 825 3701 atque
859 3632 911 3683 in
954 3629 1179 3683 sinistra
1216 3622 1675 3693 septentrionem.

530 3810 696 3864 Vens.
731 3808 820 3862 15.
856 3804 1068 3859 Thabor
1087 3812 1136 3858 et
1158 3805 1391 3857 Harmon
1419 3803 1473 3855 in
1497 3801 1703 3856 nomine
1728 3810 1820 3857 tuo
1856 3804 2038 3858 exsul-

461 3906 672 3958 tabant.
724 3897 948 3952 Thabor
980 3905 1032 3950 et
1074 3893 1314 3949 llermon
1373 3900 1591 3948 montes
1625 3904 1775 3960 sunt,
1806 3902 1860 3948 et
1899 3910 2033 3950 con-

462 3994 678 4050 termini
711 4002 869 4046 terrae
891 3986 1299 4059 promissionis.
1350 3984 1455 4041 Per
1483 3986 1587 4042 hos
1613 3996 1795 4041 autem
1820 3997 2036 4043 montes

460 4088 775 4141 universam
819 4090 1022 4136 terram
1068 4080 1216 4133 illam
1267 4078 1625 4148 signiﬁcavit,
1657 4092 1820 4150 quam
1852 4079 2035 4135 exsul-

459 4187 697 4232 taturam
730 4189 853 4229 esse
891 4172 1139 4242 praedicit
1171 4171 1224 4223 in
1248 4168 1455 4224 Christi
1492 4171 1735 4232 nomine.
1792 4171 1896 4226 hoc
1928 4181 2032 4237 est,

459 4271 512 4323 in
547 4267 811 4324 Christo:
849 4263 931 4317 vel
965 4261 1365 4317 exsultaluram
1409 4262 1463 4313 in
1503 4260 1628 4325 hoc,
1667 4270 1724 4314 ut
1758 4276 1786 4313 a
1811 4261 2033 4317 Christo

457 4358 863 4417 denominetur.
910 4353 1015 4407 Per
1052 4363 1253 4406 terram
1280 4366 1412 4404 vero
1465 4353 1717 4405 homines
1776 4351 2034 4422 intelligi-

2140 3166 2314 3220 ταῦτα
2343 3168 2681 3239 προγράφειν
2716 3182 2729 3196 ⁶
2767 3168 3083 3236 ἀναγκαίως
3112 3170 3173 3223 τὸ
3197 3172 3419 3241 Πνεῦμα
3446 3172 3508 3225 τὸ
3560 3176 3727 3243 ἅγιον

2140 3259 2575 3329 προαναιρεῖτὴν
2605 3258 2814 3328 πλάνην
2844 3260 3048 3327 αὐτῶν,
3079 3262 3227 3332 παρὰ
3246 3262 3337 3315 τοῦ
3366 3267 3721 3337 Δημιουργοῦ

2139 3350 2439 3420 γενηθῆναι
2485 3351 2657 3403 ταῦτα
2676 3352 2965 3407 διδάσκων.
2994 3353 3115 3421 Χρὴ
3174 3353 3233 3407 δὲ
3282 3354 3576 3423 γινώσκειν
3614 3360 3723 3422 ὅτι,

2144 3441 2454 3510 βλεπόντων
2478 3442 2638 3512 ἡμῶν
2671 3442 2808 3513 πρὸς
2833 3444 3120 3512 ἀνατολὴν,
3158 3446 3574 3518 ἀντιπρόσωπος
3622 3452 3726 3518 μὲν

2139 3538 2274 3604 ἡμῖν
2316 3536 2465 3589 ἐστιν
2492 3538 2525 3607 ή
2554 3536 2824 3607 άνατολή·
2857 3538 2998 3591 κατά
3046 3539 3217 3592 νώτου
3247 3540 3304 3593 δὲ
3348 3542 3381 3611 ἡ
3420 3541 3573 3606 δύσις
3610 3560 3624 3575 ³
3662 3547 3726 3597 ὲν

2138 3627 2289 3699 δεξιᾷ
2331 3626 2387 3682 δὲ
2415 3629 2444 3681 ό
2474 3627 2698 3700 βορρᾶς,
2745 3629 2987 3700 εἴτουνή
3027 3632 3261 3700 Ἀρκτος
3290 3646 3306 3665 ⁸
3350 3636 3409 3687 ὲν
3450 3635 3727 3708 ἀριστερᾷ

2136 3720 2215 3784 δὲ,
2247 3719 2275 3770 ὁ
2300 3720 2476 3783 νότος,
2507 3722 2684 3774 είτουν
2722 3723 2755 3791 ἠ
2796 3722 3137 3792 μεσημϐρία.

2212 3810 2413 3879 Θαϐὼρ
2451 3811 2551 3863 καὶ
2629 3810 2854 3880 Ἐρμὼν
2885 3813 2957 3865 ἐν
2984 3811 3064 3877 τῷ
3099 3813 3349 3884 ὀνόματί
3381 3831 3499 3871 σου
3534 3820 3726 3888 ἀγαλ-

2137 3903 2476 3957 λιάσονται.
2525 3901 2725 3972 Θαὸὼρ
2755 3905 2850 3956 καὶ
2895 3902 3136 3975 Ἐρμὼν,
3180 3906 3303 3976 ὄρη,
3344 3908 3437 3961 καὶ
3465 3910 3589 3983 ὅρια
3620 3910 3722 3981 τῆς

2140 3995 2245 4067 γῆς
2276 3994 2635 4063 ἐπαγγελίας.
2684 3998 2785 4049 Διὰ
2812 3996 2972 4049 τοῦτο
2999 3997 3056 4051 δὲ
3114 4000 3296 4053 πᾶσαν
3323 4000 3444 4054 ἐκεῖ
3468 4002 3573 4072 γῆν
3601 4004 3723 4072 ᾐνι-

2139 4091 2290 4157 ξατο,
2320 4090 2402 4144 ὅτι
2438 4090 2832 4158 άγαλλιάσεται
2855 4091 2950 4144 ἐπὶ
2978 4092 3056 4163 τῷ
3085 4092 3310 4162 ὀνόματι
3330 4094 3423 4147 τοῦ
3452 4096 3717 4166 Χριστοῦ,

2138 4185 2319 4236 εῐτουν
2352 4184 2446 4235 ἐπὶ
2474 4182 2553 4254 τῷ
2569 4183 2792 4253 Χριστῴ
2814 4221 2829 4248 ,
2860 4185 2891 4257 ἢ
2919 4182 2999 4255 τῷ
3026 4182 3431 4240 καλεῖσθαιάπὸ
3454 4187 3717 4256 Χριστοῦ.

2137 4276 2245 4345 Γῆν
2283 4275 2342 4329 δὲ
2376 4276 2607 4348 λέγομεν
2643 4279 2769 4340 τοὺς
2813 4277 2914 4349 τὴν
2962 4279 3066 4349 γῆν
3095 4280 3312 4349 εκείνην
3347 4281 3716 4349 οἰκήσαντας.

2150 4366 2240 4420 Ἐν
2273 4371 2385 4431 τοῖς
2436 4367 2589 4439 ὄρεσι
2624 4369 2732 4439 γὰρ
2764 4369 2977 4433 τούτοις
3028 4371 3126 4433 τὰς
3170 4371 3387 4434 πλείους
3433 4372 3718 4441 διατριϐὰς

459 4468 603 4517 mus,
648 4450 742 4520 qui
803 4457 1004 4500 terram
1039 4443 1190 4497 illam
1230 4442 1570 4495 incolebant.
1611 4441 1669 4495 ln
1711 4441 1796 4496 his
1846 4452 2025 4496 autem

2139 4460 2237 4529 τῆς
2293 4461 2351 4512 ὲν
2398 4462 2565 4530 σαρκὶ
2606 4460 2883 4525 πολιτείας
2925 4464 2952 4514 ό
2988 4462 3225 4532 Χριστὸς
3276 4463 3486 4516 ἐποίειο
3529 4466 3624 4516 καὶ
3656 4468 3717 4517 ἐν

460 4542 738 4599 montibus
774 4537 1030 4593 Christus
1067 4548 1458 4603 saepenumero
1507 4543 1871 4590 conversatus
1924 4544 2030 4603 est,

458 4636 665 4704 quippe
705 4630 800 4701 qui
830 4638 887 4682 et
923 4627 977 4680 in
1022 4624 1245 4679 Tltabor
1281 4624 1714 4696 transfiguratus
1751 4638 1856 4697 εει,
1894 4638 1946 4681 et
1976 4629 2030 4682 in

462 4727 700 4779 llermon
755 4719 933 4774 vidua:
961 4718 1129 4772 tiliam
1166 4718 1487 4773 suscitavit.
1542 4716 1598 4771 In
1654 4728 1842 4773 monte
1885 4721 2031 4774 enim

459 4818 697 4872 llermon
737 4814 842 4868 sita
875 4822 961 4866 est
989 4810 1185 4865 civitas
1227 4810 1390 4874 Nain,
1427 4811 1483 4864 in
1534 4827 1644 4881 qua
1702 4812 2028 4866 miraculum

460 4909 590 4963 illud
626 4909 826 4959 factum
856 4914 960 4959 est.

533 4999 703 5053 Tuum
728 4995 1001 5049 brachium
1033 5010 1152 5047 cum
1184 4993 1444 5063 potentia.
1483 4994 1694 5050 Sensus
1746 5003 1831 5048 est
1883 4965 2061 5064 quod-

452 5094 658 5151 Christi
698 5091 873 5145 virtns
903 5088 1278 5143 elﬁcacissima
1314 5087 1406 5141 sit.
1449 5088 1552 5142 Per
1577 5086 1858 5142 brachium
1884 5088 2029 5142 enim

456 5187 652 5238 virium
699 5180 994 5234 elﬁcaciam
1036 5177 1387 5246 signiﬁcavit.
1424 5176 1580 5243 Quod
1616 5186 1797 5231 autem
1836 5187 2029 5246 poten-

456 5280 705 5332 tissimus
740 5275 904 5327 fuerit
939 5271 1213 5334 Christus,
1246 5286 1312 5325 ex
1340 5272 1604 5339 Apostolo
1622 5272 1907 5334 docemur,
1933 5271 2026 5339 qui

453 5385 520 5425 ue
550 5386 615 5424 eo
649 5368 905 5421 scribens
937 5366 1090 5429 dicit,
1162 5363 1308 5433 quod
1342 5363 1441 5417 Dei
1468 5363 1702 5433 potentia
1730 5371 1828 5429 est,
1852 5372 1899 5416 et
1932 5361 2025 5414 Dei

451 5461 710 5530 sapientia
734 5458 798 5510 “.

525 5552 690 5607 Vens.
718 5550 801 5603 Η.
832 5548 1131 5603 Prwvaleat
1164 5563 1352 5600 manus
1381 5556 1495 5601 tua.
1528 5545 1805 5600 Adversus
1837 5543 2021 5599 inimi-

452 5661 546 5701 cos
589 5644 821 5699 scilicet.

2140 4558 2240 4626 μὲν
2294 4557 2374 4628 τῷ
2410 4558 2609 4627 Θαϐὼρ
2667 4558 3093 4628 μετεμορφώθη,
3158 4559 3217 4611 ὲν
3265 4558 3321 4611 δὲ
3351 4562 3429 4629 τῷ
3494 4561 3719 4631 Ἐρμὼν

2074 4680 2077 4684 -
2133 4650 2400 4719 ἀνέστησε
2453 4650 2546 4702 τὸν
2590 4651 2688 4718 τῆς
2728 4652 2906 4719 χήρας
2928 4652 3077 4702 υίόν·
3112 4652 3205 4705 ἐπὶ
3234 4652 3425 4705 τούτου
3468 4653 3576 4721 γὰρ
3618 4655 3712 4707 τοῦ

2134 4740 2297 4810 ὅρους
2321 4742 2471 4793 ἐστὶν
2498 4744 2530 4812 ἡ
2559 4743 2715 4804 πόλις
2742 4741 2901 4804 Ναΐν,
2932 4744 2991 4794 ἐν
3074 4742 3259 4796 τοῦτον
3289 4745 3532 4815 ἧγειρεν.

2203 5005 2319 5071 Σὸς
2351 5006 2383 5059 ό
2416 5005 2688 5071 βραχίων
2722 5002 2872 5056 κατὰ
2916 5002 3304 5067 δυναστείας.
3353 5003 3409 5057 '0
3449 5004 3539 5066 σὸς
3574 5005 3706 5074 βρα-

2131 5096 2286 5167 χίων,
2311 5096 2449 5148 κατὰ
2480 5096 2847 5164 ἀναστροφήν.
2894 5093 2964 5145 ’Ἡ
3001 5093 3092 5157 σὸς
3120 5094 3360 5167 βραχίων
3388 5096 3529 5148 κατὰ
3554 5096 3706 5149 πλευ-

2129 5187 2337 5256 νασμὸν
2382 5184 2475 5238 τοῦ
2526 5185 2752 5255 ἄρθρου.
2812 5184 2975 5253 Λέγει
3028 5185 3109 5250 δὲ,
3160 5186 3240 5239 ὅτι
3289 5186 3350 5239 Ἦ
3381 5188 3446 5255 σὴ
3476 5186 3705 5255 δύναμις

2127 5278 2475 5348 δυνατωτάτη
2510 5294 2523 5307 ·
2568 5276 2826 5345 βραχίονα
2871 5276 2980 5345 γὰρ
3023 5276 3155 5329 Θεοῦ
3212 5276 3317 5347 τὴν
3344 5278 3574 5347 δύναμιν
3607 5279 3706 5330 αὑ-

2134 5367 2226 5421 τοῦ
2281 5369 2455 5421 καλεῖ.
2515 5366 2750 5437 Χριστὸς
2808 5365 2863 5418 δὲ
2915 5364 3050 5418 Θεοῦ
3110 5367 3358 5437 δύναμις,
3414 5370 3506 5421 καὶ
3565 5367 3703 5421 Θεοῦ

2135 5459 2316 5528 σοφία.

2203 5549 2630 5620 Κραταιωθήτω
2653 5551 2690 5619 ἡ
2722 5551 2851 5618 χείρ
2887 5567 3023 5606 σου.
3066 5553 3223 5606 Κατα
3253 5552 3361 5605 τῶν
3396 5551 3627 5623 ἐχθρῶν.

462 5772 465 5775 ν
527 5752 972 5816 "Psal.cxvm,
1009 5748 1102 5805 9i.
1177 5749 1450 5823 "_Ezcch.
1519 5764 1592 5818 tv,
1650 5748 1704 5802 5.
1777 5749 2026 5803 "lCor.
2092 5766 2129 5818 t,
2181 5748 2272 5805 24.
