4084 6210
400 307 511 370 909

1555 322 1948 388 COMMENT.
1996 327 2077 388 IN
2107 332 2241 393 PSA
2252 336 2470 400 LMOS.

3542 345 3648 412 910

480 417 795 486 ’Υψωθήτω
844 421 883 487 ή
927 420 1095 487 δεξιά
1165 437 1303 480 σου.
1373 426 1469 490 Εἰς
1530 430 1741 501 σκέπην
1796 435 1953 502 ἡμῶν

2155 440 2441 500 Exaltetur
2474 448 2694 505 dextera
2727 459 2843 507 tua.
2889 452 2968 508 Ad
3000 455 3400 522 protectionem
3434 458 3650 515 scilicet

397 509 570 581 Χεῖρα
594 510 651 563 δέ
686 512 782 565 καὶ
826 513 1007 579 δεξιάν
1043 516 1145 585 τὴν
1183 516 1415 589 δύναμιν
1449 520 1728 593 ὀνομάζει.
1767 526 1976 597 Διπλῆν

397 599 456 653 δὲ
497 600 668 671 αὐτῆς
704 602 860 672 ζητεῖ
877 607 978 675 τὴν
1004 606 1314 677 ἐνέργειαν*
1370 611 1681 681 ἀμύνασθαι
1726 617 1825 686 μὲν
1849 619 1976 682 τοὺς

397 692 738 765 ἀλλοτρίους,
769 698 988 752 σκέπειν
1016 700 1071 754 δὲ
1096 704 1224 766 τοὺς
1250 705 1505 769 οἰκείους.
1538 707 1768 779 Εἴρηται
1803 712 1860 764 ἐν
1897 711 1976 764 τῶ

398 783 444 838 θ’
465 784 667 857 ψαλμῷ
693 790 821 859 περὶ
853 789 968 854 τοῦ,
1014 791 1339 862 ’Υψωθήτω
1366 799 1405 865 ἡ
1440 799 1570 869 χειζρ
1591 814 1728 855 σου.

466 1067 829 1135 Δικαιοσύνη
879 1071 978 1124 καὶ
1027 1072 1207 1141 κρῖμα
1249 1075 1561 1145 ἑτοιμασία
1592 1079 1699 1134 τοῦ
1753 1085 1971 1150 θρόνου

395 1172 533 1213 σου.
581 1160 641 1213 Ὀ
694 1162 794 1230 μὲν
861 1164 1093 1227 Ἀκύλας
1143 1166 1400 1236 ἐξέδωκε,
1455 1173 1821 1243 Δικαιοσύνη
1870 1177 1968 1230 καί

396 1253 597 1316 κρίσις
641 1250 832 1315 ,βάσις
879 1253 989 1306 τοῦ
1032 1257 1252 1324 θρόνου
1289 1272 1409 1312 σου
1438 1276 1450 1289 ·
1483 1261 1511 1311 6
1559 1262 1615 1315 δὲ
1650 1265 1966 1336 Σύμμαχος,

396 1339 730 1408 Ἕδρασμα.
771 1344 1104 1416 Προείρηται
1136 1347 1265 1417 γάρ,
1295 1349 1379 1402 ὅτι
1409 1349 1469 1403 τὸ
1493 1353 1807 1423 ἑτοιμάζειν
1842 1356 1970 1410 πολ-

390 1431 547 1493 λάκις
597 1424 950 1503 τδῖἐδράζειν
1007 1438 1286 1506 σημαίνει.
1326 1442 1564 1497 Ἐστιδὲ
1618 1447 1645 1498 6
1700 1447 1844 1511 νοῦς,
1885 1448 1967 1503 ὅτι

387 1522 611 1585 Δίκαιος
640 1521 692 1577 εἷ
728 1526 757 1577 6
784 1526 996 1596 κριτὴς,
1020 1524 1083 1583 οὗ
1119 1531 1215 1584 καὶ
1251 1533 1278 1585 6
1309 1532 1621 1600 δικαστικὸς
1652 1537 1839 1608 θρόνος
1874 1541 1967 1593 ἐπὶ

388 1614 742 1687 δικαιοσύνης
795 1620 890 1671 καὶ
947 1620 1183 1691 κρίσεως
1207 1623 1443 1695 πέπηγε.
1472 1629 1832 1702 Δικαιοσύνην
1865 1633 1966 1703 μὲν

385 1704 480 1759 οὖν
510 1708 602 1760 καὶ
633 1711 807 1779 κρίμα
847 1712 946 1782 τὴν
972 1714 1189 1768 δικαίαν
1221 1716 1402 1787 κρίσιν
1431 1720 1645 1791 νοήσεις
1668 1739 1683 1753 ο
1711 1723 1826 1776 ἐστι
1856 1726 1964 1796 γὰρ

387 1797 481 1848 καὶ
528 1799 591 1850 τὸ
637 1800 880 1854 τοιοῦτον
923 1802 1112 1874 σχῆμα
1163 1807 1315 1876 παρὰ
1371 1812 1437 1879 τῇ
1493 1811 1739 1884 Παλαιᾷυ
1773 1815 1849 1879 ὠς
1879 1793 1961 1881 τό,
1991 1793 2039 1852 Β

389 1887 579 1952 Ἔλεος
626 1890 721 1943 καὶ
763 1892 1016 1963 ἀλήθεια,
1050 1896 1171 1949 ἀντὶ
1204 1897 1321 1963 τοῦ,
1358 1899 1547 1964 Ἔλεος
1593 1903 1848 1975 ἀληθινός
1874 1922 1889 1937 ⁸
1927 1908 1960 1980 ἦ

382 1977 735 2052 δικαιοσύνην
778 1985 880 2052 μὲν
904 1985 1002 2056 τὴν
1028 1986 1142 2051 ἕξιν
1170 1987 1264 2041 τοῦ
1298 1990 1527 2061 κρίνειν,
1557 1996 1733 2065 κρῖμα
1762 1996 1819 2051 δέ

385 2071 665 2139 ἀπόφασιν
691 2091 704 2101 ⁸
740 2076 835 2128 καὶ
862 2076 1012 2142 ἕλεος
1039 2079 1141 2142 μὲν
1165 2083 1264 2151 τὴν
1288 2082 1683 2156 ἐλεημοσύνην,
1705 2087 1965 2159 ἀλήθειαν

383 2161 441 2216 δὲ
473 2162 574 2235 τὴν
606 2164 837 2222 ἔκϐασιν
864 2169 964 2238 τῆς
1002 2171 1358 2242 ἐπαγγελίας.

458 2444 673 2510 Ἔλεος
698 2444 797 2502 καί
814 2445 1069 2516 ἀλήθεια
1096 2453 1614 2520 προπορεύσονται
1628 2457 1743 2526 πρὸ
1770 2473 1963 2528 προσ-

379 2533 544 2590 ώπου
603 2550 741 2591 σου.
779 2538 878 2591 Ana:
923 2540 1033 2594 τῶν
1089 2544 1374 2614 τεσσάρων
1430 2548 1587 2602 ταυτί
1618 2549 1689 2603 τά
1720 2551 1964 2624 τέσσαρα

383 2627 676 2699 ἐδήλωσεν,
730 2631 814 2683 ὅτι
876 2631 1230 2705 Ἐπιστήμων
1279 2635 1373 2689 τοῦ
1424 2639 1632 2709 κρίνειν
1683 2637 1735 2696 εἶ
1777 2645 1963 2713 φύσει,

384 2720 481 2772 καὶ
540 2720 889 2789 ἀποφαίνεις,
953 2725 1050 2776 καὶ
1108 2725 1280 2790 ἐλεεῖς
1337 2728 1433 2781 καὶ
1489 2728 1819 2802 άληθεύειςο
1873 2736 1965 2789 δια

381 2811 543 2867 τοῦτο
588 2813 834 2878 δικάσεις
862 2819 930 2887 τῇ
964 2822 1379 2893 τυραννουμένῃ
1418 2823 1579 2894 φύσει
1616 2826 1724 2879 τῶν
1753 2826 1966 2898 ἀνθρὼ-

2082 542 2352 590 nostram.
2388 536 2494 593 l’er
2525 555 2743 596 manum
2786 553 2970 598 autem
3006 551 3064 599 et
3106 560 3205 613 per
3241 546 3530 604 dexteram
3570 551 3650 606 si-

2079 624 2193 677 mili
2230 627 2390 683 modo
2429 626 2522 685 Dei
2548 633 2851 701 potentiam
2886 634 3158 704 intelligit.
3190 633 3489 708 Utramque
3519 655 3651 696 vero

2078 729 2279 777 manus
2316 719 2461 777 Deus
2491 726 2793 792 potentiam
2830 729 2883 781 in
2926 729 3194 781 auxilium
3247 745 3408 785 suum
3442 734 3646 802 poscit,
3712 810 3718 815 _

2081 815 2222 862 utet
2258 808 2445 868 hostes
2471 814 2678 882 pariter
2710 817 3033 879 ulciscatur,
3075 831 3126 874 et
3153 829 3372 876 tueatur
3412 824 3652 882 benevo—

2079 898 2179 954 los.
2209 899 2283 955 Dc
2316 902 2401 957 his
2427 906 2590 960 etiam
2635 908 2854 964 verbis:
2894 909 3181 964 Eaalletur
3212 929 3398 969 naeuus
3418 926 3533 984 tua,
3565 920 3649 974 di-

2076 1000 2224 1044 etum
2258 1004 2341 1047 est
2372 994 2426 1048 in
2464 997 2678 1065 psalmo
2710 1016 2787 1054 ιι.

2145 1080 2367 1138 Iustitia
2389 1095 2436 1140 et
2466 1087 2735 1156 judicium
2764 1102 3081 1161 prrrparatw
3115 1097 3296 1153 throni
3327 1104 3427 1155 lui.
3451 1104 3647 1173 Aquila

2077 1178 2357 1232 transtulit
2396 1197 2408 1233 :
2444 1180 2673 1238 Justitia
2719 1195 2768 1239 et
2809 1186 3076 1254 judicium
3137 1194 3280 1247 basis
3326 1195 3503 1250 throni
3546 1201 3642 1265 tui,

2077 1267 2443 1340 Symmachus
2477 1292 2603 1332 vero
2642 1297 2655 1332 :
2689 1278 2993 1338 Stabilitas.
3026 1282 3146 1337 Jam
3192 1285 3336 1341 cnim
3386 1290 3645 1358 superius

2073 1358 2279 1417 dictum
2315 1374 2420 1432 est,
2472 1370 2618 1438 quod
2654 1375 2878 1430 verbum
2915 1376 3173 1448 Prwparo
3203 1371 3344 1452 apud
3389 1384 3645 1457 Scriptu-
3714 1452 3719 1455 ‘

2073 1465 2189 1505 ram
2236 1468 2478 1543 persaepe
2541 1462 2686 1517 idem
2754 1464 3030 1537 signiﬁcat
3088 1477 3232 1542 quod
3288 1474 3558 1546 Stabilio;
3590 1490 3646 1536 et

2071 1554 2269 1599 sensus
2299 1556 2386 1601 est
2419 1565 2436 1602 :
2465 1549 2569 1619 Tu,
2598 1553 2850 1621 Domine,
2878 1558 3256 1632 justusjudex
3291 1583 3373 1634 es,
3406 1580 3461 1627 et
3491 1570 3646 1640 judi-

2071 1634 2227 1691 cialis
2272 1639 2430 1695 sedes
2467 1650 2557 1698 tua
2608 1646 2662 1701 in
2702 1646 2918 1716 justitia
2971 1663 3135 1725 atque
3191 1659 3245 1712 in
3275 1634 3505 1729 judiciov
3538 1665 3644 1721 lixa

2068 1737 2175 1783 est.
2214 1729 2318 1786 Per
2344 1733 2618 1804 justitiam
2648 1740 2819 1810 igitur
2867 1753 2923 1800 et
2956 1760 3055 1816 per
3086 1747 3379 1818 judicium,
3430 1753 3642 1824 justum

2066 1819 2334 1889 judicium
2368 1827 2667 1900 intelliges.
2704 1833 2804 1890 Est
2832 1843 3013 1893 autem
3040 1838 3155 1895 haec
3183 1840 3355 1913 ﬁgura
3380 1819 3643 1917 frequens

2068 1915 2213 1985 apud
2245 1919 2526 1989 antiquam
2560 1924 2927 1997 Scripturam,
2949 1938 3009 1985 ut
3027 1932 3160 1989 alibi
3184 1933 3450 2004 diximus,
3476 1915 3644 1996 sicuti
3678 1974 3681 1979 ι

2068 2018 2192 2059 cum
2238 2008 2624 2070 misericordia
2652 2026 2705 2073 et
2732 2020 2937 2077 veritas
2972 2023 3217 2092 ponitur,
3251 2042 3351 2097 pro
3383 2045 3510 2085 vera
3536 2033 3643 2087 uti-

2067 2097 2390 2159 sericmdia.
2440 2103 2530 2160 Vel
2601 2122 2698 2177 per
2749 2110 3019 2180 justitiam
3056 2115 3345 2184 judicandi
3392 2120 3640 2178 habitum

2069 2187 2331 2261 intelligo,
2357 2208 2451 2263 per
2463 2196 2731 2263 judicium
2757 2217 2884 2259 vero
2901 2203 3073 2274 ipsam
3096 2209 3447 2279 sententiam,
3470 2221 3525 2269 et
3544 2229 3643 2285 per
3710 2206 3725 2221 ¹

2068 2279 2938 2364 misericordiam,eleemosynam
2974 2297 3078 2369 (5),
3106 2308 3160 2353 et
3199 2315 3299 2370 per
3325 2303 3635 2371 veritatem,

2069 2376 2453 2441 promissionis
2484 2392 2765 2439 eventum.

2140 2462 2304 2521 Vens.
2329 2469 2416 2524 15-.
2447 2469 2812 2531 Misericordia
2833 2491 2882 2532 et
2907 2482 3098 2536 veritas
3123 2485 3419 2552 precedent
3448 2487 3641 2557 faciem

2069 2562 2238 2609 luant.
2295 2558 2543 2625 Quatuor
2630 2564 2711 2618 hac
2782 2568 3033 2637 virtutes,
3104 2582 3341 2641 quatuor
3392 2579 3639 2647 quadam

2070 2647 2448 2713 particulatim
2498 2652 2551 2706 in
2589 2653 2698 2710 Deo
2740 2660 2902 2716 nobis
2936 2663 3276 2733 signiﬁcant,
3312 2669 3460 2737 quod
3501 2669 3642 2727 Deus

2068 2737 2325 2793 videlicet
2358 2742 2443 2796 sui
2480 2755 2673 2801 natura
2704 2750 2928 2818 sapiens
2961 2752 3034 2806 sit
3066 2754 3120 2809 in
3142 2756 3465 2826 judicando,
3493 2765 3640 2832 quod

2064 2827 2293 2896 judieet,
2345 2837 2490 2903 quod
2551 2839 2900 2906 misereatur,
2954 2847 3100 2915 quod
3170 2864 3295 2905 vera
3339 2827 3640 2911 dicaL—Tu

381 2921 522 2971 πων,
556 2908 652 2959 καί
712 2907 1014 2978 ἀποφανεῖς
1046 2911 1186 2965 κατὰ
1218 2912 1318 2983 τῆς
1355 2916 1727 2989 τυραννούσης
1753 2920 1962 2992 πλάνης

2068 2920 2297 2986 idcirco.
2355 2924 2556 2996 inquit,
2604 2931 2859 2988 humana
2906 2907 3139 3004 naturae,
3178 2955 3300 3009 qua
3347 2907 3640 3013 tyrannide

379 2996 490 3050 τῶν
536 2996 796 3063 εἰδώλων,
850 3000 948 3054 καὶ
1002 3002 1251 3074 ἐλεήσεις
1300 3005 1361 3059 τὸ
1420 3007 1645 3079 πλάσμα
1702 3027 1818 3078 σου,
1870 3017 1962 3069 καὶ

2067 3025 2384 3081 coercetur,
2433 3019 2705 3086 judicium
2751 3023 2942 3090 facies,
2973 3037 3031 3083 et
3071 3029 3336 3088 adversus
3366 3033 3637 3091 idolorum

379 3088 705 3158 άληθεύσεις
760 3092 860 3156 τάς
906 3095 1044 3167 πρός
1094 3113 1162 3165 με
1212 3097 1472 3162 καὶτοὺς
1523 3101 1815 3169 ἐκλεκτούς
1866 3122 1961 3160 σου

2067 3118 2332 3172 errorem,
2370 3112 2463 3178 qui
2520 3116 2868 3181 tyrannidem
2906 3118 3049 3174 hanc
3095 3121 3148 3176 in
3186 3122 3438 3181 homines
3469 3140 3642 3183 occu-

378 3181 737 3250 ἐπαγγελίας.
767 3183 925 3238 Ἐστι
954 3187 1127 3240 δὲκαὶ
1154 3187 1327 3253 ἄλλως
1352 3191 1547 3258 εἰπεῖν,
1576 3193 1654 3248 ὅτι
1689 3195 1839 3262 ἔλεος
1869 3200 1962 3252 καὶ

2067 3197 2236 3264 pavit,
2287 3202 2622 3256 sententiam
2670 3204 2834 3271 feres,
2866 3216 2921 3262 et
2970 3208 3320 3268 misereberis
3369 3224 3641 3273 creaturae

378 3270 609 3342 ἀλήθεια
656 3274 905 3343 λέγονται
948 3279 1393 3349 προπορεύεσθαι
1430 3285 1525 3336 τοῦ
1576 3285 1735 3350 Θεοῦ,
1767 3289 1855 3342 διὰ
1904 3296 1962 3344 τὸ

2067 3294 2196 3351 tuae,
2222 3296 2273 3342 et
2309 3306 2469 3345 veras
2499 3307 2622 3349 esse
2658 3293 2828 3351 facies
2875 3301 3276 3367 promissiones
3324 3314 3466 3375 tuas,
3497 3324 3639 3379 quas

382 3362 459 3433 μὴ
478 3364 743 3421 δύνασθαί
762 3385 885 3423 τινα
913 3370 1245 3440 προσϐαλεῖν
1273 3374 1348 3443 τῷ
1374 3375 1656 3448 προσώπῳ
1678 3377 1773 3433 τοῦ
1803 3381 1962 3449 Θεοῦ,

376 3455 554 3509 εῑτουν
581 3462 646 3529 τῇ
677 3459 993 3528 ἀπογνώσει
1025 3463 1213 3529 αὐτοῦ,
1244 3467 1292 3518 εί
1333 3466 1408 3536 μὴ
1444 3468 1711 3541 πρότερον
1741 3471 1959 3546 ἐλεηθῇ,

375 3546 472 3599 καὶ
503 3549 739 3621 ὁμιλήσῃ
790 3555 857 3624 τῇ
886 3552 1116 3625 ἀληθείᾳ
1146 3556 1254 3611 τῶν
1281 3557 1589 3629 δογμάτων.
1627 3563 1815 3629 Ἔλεος
1849 3567 1959 3636 γάρ

373 3640 471 3692 καὶ
528 3640 761 3712 ἀλήθεια
817 3648 1216 3716 προαπαντῶσι
1266 3649 1345 3721 τῷ
1394 3653 1647 3723 τοιούτῳ.
1697 3656 1855 3722 Τινὲς
1899 3659 1958 3713 δὲ

375 3731 557 3785 πάντα
586 3738 717 3805 περὶ
744 3738 844 3807 τῆς
880 3738 1186 3809 μελλούσης
1230 3741 1468 3811 κρίσεως
1499 3745 1844 3814 νενοήκασιν,
1872 3750 1955 3803 ὅτι

372 3824 728 3901 Δικαιότατος
759 3823 812 3881 εἷ
839 3831 1034 3901 κριτής
1054 3847 1069 3861 ·
1097 3833 1190 3885 καί
1222 3833 1279 3884 ἐν
1308 3834 1372 3903 τῇ
1407 3833 1588 3903 κρίσει
1627 3841 1955 3907 προηγεῖται

372 3898 478 3984 τῆς
522 3916 783 3989 ἀληθείας
829 3898 890 3975 τδ
932 3898 1117 3989 ἔλεος,
1163 3923 1251 3977 διὰ
1294 3898 1371 3978 τί
1398 3898 1474 3996 μη
1522 3898 1798 3982 δύνασθαί.
1835 3948 1957 3986 τινα

372 4009 674 4082 ὑποστῆναι
698 4012 797 4084 τὴν
820 4015 1081 4085 ἀλήθειαν
1119 4018 1227 4073 τῶν
1270 4018 1532 4091 ἐλέγχων,
1561 4022 1637 4092 μὴ
1666 4040 1959 4096 προπαρα-

377 4103 632 4170 μιγέντος
659 4106 798 4177 αὐτῇ
830 4107 1008 4162 ἐλέου.

2062 3379 2193 3431 mihi
2243 3389 2405 3451 atque
2454 3384 2580 3439 aliis
2613 3386 2800 3443 electis
2830 3394 2940 3445 tuis
2991 3391 3270 3459 pollicitus
3305 3410 3381 3450 es.
3433 3398 3637 3457 Possu-

2064 3485 2185 3524 tuus
2219 3479 2273 3524 et
2305 3473 2462 3528 aliter
2494 3475 2678 3532 dicere
2709 3495 2723 3532 :
2755 3477 2974 3537 Veritas
3018 3492 3072 3537 et
3128 3485 3510 3543 misericordia
3556 3492 3643 3546 di-

2068 3572 2268 3618 cuntur
2326 3564 2493 3620 Deum
2544 3571 2876 3636 praecedere,
2930 3574 3059 3643 quia
3112 3592 3273 3632 nemo
3323 3579 3392 3634 ad
3437 3581 3634 3639 faciem

2068 3652 2185 3719 Dei,
2219 3655 2323 3710 huc
2358 3667 2461 3722 est,
2516 3660 2583 3712 ad
2632 3660 2780 3715 illius
2813 3665 3181 3732 cognitionem
3238 3680 3422 3738 potest
3478 3688 3639 3731 acce-

2065 3745 2217 3807 dere,
2242 3747 2345 3801 nisi
2383 3747 2535 3817 prius
2568 3751 2682 3817 ipse
2715 3750 2790 3803 sit
2814 3753 3249 3810 misericordiam
3286 3771 3639 3828 consecutus,

2064 3847 2120 3894 et
2173 3840 2227 3895 in
2280 3840 2598 3913 dogmatum
2652 3849 2879 3902 veritate
2922 3857 3196 3907 versatus.
3247 3854 3635 3912 Misericordia

2066 3930 2212 3984 enim
2242 3940 2298 3987 et
2328 3932 2531 3989 veritas
2564 3936 2617 3989 in
2652 3936 2756 3992 hoc
2796 3938 3176 4007 obviaverunt,
3211 3943 3312 3998 hoc
3354 3955 3463 4012 est,
3494 3962 3637 4003 con-

2065 4036 2293 4078 cursum
2326 4025 2553 4092 habent,
2597 4039 2763 4098 atque
2800 4031 3141 4087 conveniunt
3168 4033 3220 4088 in
3252 4034 3352 4090 hac
3384 4052 3463 4092 re.
3496 4037 3599 4105 Qui
3620 4072 3636 4082 -

2065 4116 2192 4171 dam
2228 4133 2359 4174 vero
2392 4120 2579 4175 omnia
2619 4120 2735 4176 haec
2765 4122 2832 4177 de
2858 4122 3043 4179 futuro
3066 4124 3633 4200 intelliguntjudicio,

377 4204 436 4248 nt
476 4199 547 4251 sit
590 4213 789 4257 sensus
826 4218 842 4255 :
874 4200 955 4254 Tu
997 4201 1342 4270 justissimus
1368 4204 1537 4275 judex
1568 4207 1651 4272 es,
1700 4217 1754 4261 et
1776 4207 2065 4278 injudicio
2101 4218 2196 4266 tuo
2267 4212 2652 4268 misericordia
2722 4214 3009 4270 veritatem
3084 4217 3364 4285 praecedit.
3447 4219 3637 4292 Neque

373 4293 520 4346 enim
555 4295 758 4365 aliquis
814 4307 999 4366 posset
1071 4296 1526 4370 redargutionum
1600 4309 1818 4357 tuarum
1895 4304 2198 4374 .veritatem
2270 4307 2566 4372 sustinuere,
2628 4311 2735 4363 nisi
2795 4323 2924 4363 cum
2977 4310 3207 4367 veritate
3262 4318 3355 4369 tria
3417 4332 3636 4389 quoque

372 4389 660 4444 commista
690 4398 836 4446 esset
872 4391 1274 4447 misericordia.

444 4477 749 4546 Μακάριος
800 4482 833 4533 d
882 4480 1058 4547 λαὸς,
1116 4485 1149 4537 d
1202 4482 1512 4551 γινώσκων
1574 4486 1949 4558 ἀλαλαγμόν.

2134 4488 2331 4544 Beatus
2379 4485 2607 4555 populus
2652 4484 2745 4554 qui
2789 4485 2889 4538 scit
2936 4484 3335 4553 jubilalionem.
3385 4487 3632 4560 Persazpe

371 4570 602 4640 Εἴρηται
651 4570 924 4640 διαφόρως
973 4573 1056 4626 ὄτι
1110 4573 1428 4645 ἀλαλαγμός
1474 4577 1625 4631 ἐστιν
1681 4580 1949 4644 ἐπινίκιος

370 4660 571 4731 φωνήο
626 4664 926 4734 μακαρίζει
984 4664 1168 4718 τοίνυν
1224 4669 1352 4731 τοὺς
1410 4669 1620 4735 εἰδότας
1681 4674 1950 4728 ἐπινίκιον

369 4753 540 4823 ὕμνον
570 4754 719 4827 ᾄδειν
745 4756 823 4827 τῷ
851 4757 1138 4827 νικήσαντι
1168 4759 1261 4812 τὸν
1289 4759 1537 4814 διάϐολον
1565 4764 1786 4835 Χριστῷ
1810 4782 1822 4795 ·
1852 4767 1950 4834 δη-

366 4844 454 4898 λοῖ
482 4845 540 4898 δέ
571 4847 699 4910 τοὺς
738 4847 1122 4918 Χριστιανούς.
1164 4849 1234 4906 Ἦ
1275 4852 1369 4905 καὶ
1415 4852 1592 4918 άλλως
1647 4855 1947 4926 μακαρίζει

368 4939 498 5002 τοὺς
521 4938 732 5000 εἰδότας
754 4939 1052 5004 ἀλαλάζειν
1075 4943 1218 4996 κατὰ
1242 4942 1351 4995 τῶν
1375 4944 1622 5014 ἀοράτων
1645 4947 1948 5018 πολεμίων,

369 5034 429 5084 ἐν
460 5031 540 5101 τῷ
573 5035 730 5103 νικᾷν
760 5033 982 5096 αὐτούς.

440 5124 638 5190 Κύριε,
674 5126 744 5177 ἐν
777 5124 858 5191 τῷ
889 5126 1037 5195 φωτί
1070 5126 1175 5180 τοῦ
1204 5128 1539 5196 ,προσώπου
1573 5145 1691 5185 σου
1736 5134 1951 5202 πορεύ-

369 5229 603 5270 σονται.
640 5216 941 5287 Πρόσωπον
978 5216 1084 5287 μὲν
1128 5218 1222 5271 τοῦ
1279 5220 1495 5290 [ἰατρὸς
1537 5224 1565 5274 6
1597 5222 1744 5284 Υἱὸς,
1780 5224 1854 5284 ὡς
1889 5226 1946 5275 ἐν

366 5308 449 5375 τῷ
477 5308 727 5380 τετάρτῳ
750 5309 952 5380 ψαλμῷ
981 5310 1376 5381 παραδέδοται,
1430 5315 1547 5382 φῶς
1596 5315 1652 5367 δέ
1682 5316 1777 5367 τοῦ
1815 5314 1946 5370 Υἱοῦ

368 5401 426 5453 αἰ
469 5400 683 5452 ἐντολαί
716 5399 884 5453 αὑτοῦ
908 5416 922 5431 ⁸
955 5402 1198 5469 Λύχνος
1243 5402 1373 5472 γὰρ,
1427 5404 1582 5475 φησί,
1622 5405 1747 5470 τοῖς
1801 5408 1952 5460 ποσί

363 5506 484 5559 μου
538 5491 809 5557 ό·νόμος
855 5505 996 5557 σου,
1036 5493 1136 5544 καὶ
1181 5490 1308 5562 φῶς
1358 5494 1486 5560 τοῖς
1531 5497 1753 5563 τρίϐοις
1800 5513 1945 5566 μου.

441 5629 488 5663 ⁸⁸
520 5629 669 5684 Psal.
708 5643 902 5685 csvltt.
944 5628 1067 5683 105.

2061 4581 2305 4637 diximus
2352 4577 2499 4648 quod
2551 4576 2786 4647 jubilum
2842 4586 2926 4630 est
2976 4590 3078 4631 vox
3132 4579 3403 4635 victorias.
3436 4580 3632 4637 Beatos

2059 4670 2228 4737 igitur
2276 4667 2545 4736 Propheta
2597 4665 2721 4719 illos
2775 4664 2932 4730 dicit,
2991 4666 3084 4734 qui
3143 4667 3389 4726 victoria:
3441 4671 3632 4730 laudes

2060 4768 2227 4829 atque
2261 4759 2496 4829 hymnos
2546 4756 2596 4810 ei
2647 4772 2847 4811 canere
2896 4766 3170 4812 noverunt
3225 4761 3318 4831 qui
3353 4762 3630 4819 diabolum

2062 4851 2349 4921 superavit
2381 4866 2395 4903 :
2425 4857 2481 4903 et
2505 4847 2571 4901 de
2608 4846 2860 4901 ﬁdelibus
2893 4860 3080 4903 sermo
3108 4864 3234 4905 esse
3265 4849 3499 4906 videtur.
3533 4852 3631 4907 Vel

2056 4942 2233 5005 aliter,
2267 4939 2460 4995 Beatos
2493 4938 2620 4992 illos
2668 4936 2822 5001 dicit,
2854 4937 2983 5005 quia
3028 4942 3292 4994 adversus
3324 4940 3630 4999 invisibiles

2058 5035 2313 5091 inimicos
2340 5040 2614 5088 noverunt
2641 5031 2896 5100 jubilare,
2927 5032 3060 5090 dum.
3089 5046 3185 5087 eos
3214 5034 3464 5088 vincunt.

2125 5125 2297 5181 Vens.
2318 5124 2401 5180 16.
2418 5124 2658 5188 Dumine,
2676 5121 2730 5176 in
2752 5121 2948 5181 lumine
2970 5123 3142 5178 vultus
3161 5125 3240 5178 tui
3260 5124 3629 5178 ambulabunt.

2058 5217 2257 5273 Vultus
2308 5213 2526 5284 quidem
2555 5212 2733 5267 Patris
2771 5223 2856 5268 est
2897 5210 3091 5276 Filius,
3136 5222 3193 5265 ut
3224 5212 3281 5266 in
3308 5226 3368 5267 ιιι
3414 5213 3626 5279 psalmo

2057 5310 2319 5365 diximus.
2381 5305 2591 5361 Lumen
2644 5315 2826 5359 autem
2874 5301 3022 5370 Filii,
3081 5301 3230 5357 illius
3281 5301 3540 5359 mandata
3611 5323 3627 5359 :

2057 5400 2299 5456 Lucerna
2355 5400 2527 5464 enim,
2590 5397 2790 5466 inquit,
2839 5394 3059 5463 pedibus
3117 5394 3245 5448 meis
3290 5394 3374 5449 (ea:
3413 5401 3529 5461 tua,
3576 5403 3630 5450 et
3699 5431 3707 5443 .

2062 5493 2239 5547 lumen
2271 5493 2473 5548 semitis
2509 5490 2639 5545 meis
2665 5489 2734 5543 ".
2769 5489 2859 5543 Ait
2892 5486 3060 5557 igitur
3100 5485 3247 5557 quod
3293 5485 3373 5542 illi
3412 5487 3466 5542 in
3506 5484 3627 5542 Filii

1736 5692 1940 5755 Variae
1983 5692 2316 5757 lectiones.

452 5801 529 5872 (5)
552 5799 744 5857 Potius
770 5799 1194 5866 miserationem,
1227 5795 1283 5850 Ιι.
1309 5811 1361 5851 e.
1398 5799 1581 5850 actum
1617 5793 1939 5851 miscrendi.
