4084 6210
444 360 550 421 915

439 480 579 544 ejus,
616 485 664 528 et
699 477 786 543 qui

445 571 584 622 facie
619 569 762 636 ejus.
801 567 904 618 hoc
934 569 1040 622 est,
1095 560 1150 612 in
1201 561 1510 625 conspectu.
1546 550 1688 618 ejus.
1723 547 1778 600 In
1836 545 2018 616 fugam

441 665 777 718 comet-tam,
811 653 860 706 id
892 659 975 705 est
1011 649 1048 700 S
1092 646 1313 716 perabo.

429 773 444 784 -
520 747 680 798 \sns.
721 742 814 796 25.
852 741 919 794 Et
965 742 1158 793 veritas
1207 753 1341 800 mea,
1393 745 1438 788 et
1490 731 1854 788 misericordia
1903 745 2018 781 nica

442 851 558 890 cum
588 837 725 903 ipso.
757 832 896 889 Vera
929 831 1305 886 miserirordia
1339 843 1478 893 mea,
1527 833 1585 880 ut
1634 823 1889 894 superius
1923 822 2015 875 de—

440 928 790 983 elaravimus.
837 925 931 979 Vel
969 925 1169 978 veritas
1218 923 1435 992 quidem
1500 920 1564 973 ad
1624 914 2018 988 promissiones

440 1021 688 1092 respicit,
725 1017 1103 1075 misericordia
1135 1025 1316 1070 autem
1351 1015 1417 1069 ad
1442 1013 1726 1067 auxilium.

513 1114 584 1170 Et
613 1115 664 1168 in
701 1115 913 1169 nomine
955 1128 1068 1167 meo
1113 1109 1446 1165 exaltabilur
1475 1124 1640 1162 cornu
1671 1107 1805 1175 ejus.
1833 1105 2016 1159 Corntt

402 1248 405 1249 ν
440 1206 609 1262 David
627 1205 882 1262 Christus
906 1213 1010 1270 est,
1030 1206 1132 1260 hoc
1158 1210 1262 1264 est,
1283 1203 1429 1256 illius
1452 1201 1641 1272 gloria.
1665 1199 1797 1253 Nam
1827 1213 2017 1266 quem-

440 1299 734 1354 atlmodum
810 1295 1057 1366 quaedam
1108 1294 1367 1348 animalia
1417 1305 1624 1347 cornua
1674 1291 1941 1346 emittunt
1991 1307 2020 1345 e

441 1391 639 1459 capite,
674 1403 794 1459 quae
824 1403 931 1441 non
959 1394 1169 1440 tantum
1206 1381 1516 1438 fortitudini
1539 1391 1683 1443 sunt,
1720 1382 1814 1435 sed
1849 1396 2016 1434 orna-

443 1491 649 1545 mento,
703 1483 775 1534 ita
827 1496 891 1534 ex
950 1479 1112 1533 beato
1156 1476 1344 1541 David,
1401 1475 1493 1544 qui
1543 1473 1857 1528 Judzeorum
1918 1473 2020 1526 fuit

440 1582 630 1642 caput,
659 1572 824 1626 veluti
867 1587 1058 1626 eorum
1109 1586 1200 1624 rex
1251 1569 1555 1638 (principes
1599 1568 1798 1620 etenim
1842 1566 2018 1634 capita

442 1664 824 1733 appellamus),
859 1663 1287 1732 pulcherrimum
1311 1660 1583 1730 quoddam
1615 1674 1784 1714 cornu
1817 1660 2020 1729 germi-

441 1757 616 1821 navit,
641 1757 780 1825 qnotl
817 1770 924 1808 non
956 1755 1127 1809 robur
1157 1761 1391 1817 tantum,
1441 1752 1531 1805 sed
1586 1750 1816 1820 gloriam
1860 1759 2021 1819 atque

443 1858 825 1902 ornamentum
862 1850 1024 1903 etiam
1063 1847 1112 1902 ei
1139 1846 1414 1916 praestitit.
1445 1844 1562 1897 Alia
1601 1845 1765 1898 etiam
1809 1843 2021 1896 ratione

445 1948 624 2005 potest
660 1938 806 1992 illius
862 1954 1030 1993 cornu
1081 1936 1212 1999 dici,
1267 1940 1396 2005 quia
1451 1933 1663 1987 ratione
1717 1933 2021 1986 divinitatis

444 2031 700 2085 omnibus
727 2041 808 2086 est
836 2030 1144 2085 sublimior.
1177 2029 1362 2084 Cornu
1396 2026 1541 2081 enim
1597 2025 1857 2079 membris
1906 2039 2023 2079 om-

445 2121 607 2177 nibus
633 2123 882 2192 corporis
922 2122 1314 2192 supereminet.
1350 2121 1425 2174 Ex
1461 2135 1694 2189 persona
1733 2119 1898 2189 igitur
1929 2116 2020 2170 Dei

440 2214 619 2270 Patris
647 2215 781 2270 dicit
825 2214 1123 2286 Propheta,
1158 2214 1302 2284 quod
1347 2229 1518 2268 cornu
1555 2213 1745 2277 David,
1792 2213 1905 2280 ipse
1935 2213 2021 2264 nl-

442 2309 642 2362 mirum
681 2308 959 2372 Christus,
1004 2309 1334 2364 exaltandus
1378 2316 1523 2362 esset
1575 2307 1630 2360 in
1697 2307 1868 2375 ipsius
1927 2304 2021 2359 Dei

442 2402 685 2456 nomine.
712 2401 1000 2457 Exaltatus
1045 2409 1132 2456 est
1170 2409 1356 2455 autem
1401 2399 1658 2455 Christus
1702 2399 1754 2452 in
1799 2397 2021 2452 nomine

442 2492 560 2557 Dei,
601 2509 666 2547 eo
693 2495 844 2563 quod
868 2504 922 2548 et
951 2495 1065 2563 ipse
1102 2493 1192 2546 Dei
1228 2509 1425 2548 nomen
1452 2493 1634 2558 habet,
1663 2500 1716 2547 et
1747 2490 1816 2544 ab
1841 2490 2020 2544 omni-

441 2585 546 2641 bus
575 2587 883 2655 appellatur
926 2588 1086 2640 Deus.
1142 2585 1236 2641 His
1279 2596 1460 2641 autem
1501 2602 1742 2640 cmisona
1801 2597 1928 2641 sunt
1958 2602 2019 2660 e_a

441 2694 562 2746 qure
597 2678 650 2732 in
692 2677 982 2748 Evangelio
1013 2680 1244 2748 legimus
1282 2679 1428 2732 dicta
1457 2679 1626 2734 fuisse
1665 2694 1692 2731 a
1727 2679 2015 2742 Zacharia,

440 2770 570 2824 dum
608 2772 720 2824 ait:
754 2771 818 2823 lt‘t
846 2773 1010 2824 erexit
1039 2788 1201 2824 cornu
1233 2771 1426 2826 salutis
1449 2771 1622 2836 nobis,
1646 2772 1702 2826 in
1733 2772 1886 2825 domo
1913 2771 2022 2825 Da-

440 2861 526 2913 vid
568 2862 718 2928 pueri
748 2863 854 2926 sui,
886 2863 1020 2915 sicut
1047 2863 1251 2916 loetttus
1278 2870 1356 2916 est
1394 2878 1486 2930 per
1515 2879 1572 2917 os
1603 2872 1913 2917 sanctorum
1936 2863 2016 2928 ⁰¹;

439 2966 536 3006 eos
587 2950 841 3005 nimirum
887 2954 1184 3021 prophetas
1235 2954 1564 3022 intelligens,
1624 2968 1766 3024 quos
1826 2957 2019 3009 beatus

440 3041 608 3097 David
646 3049 902 3112 supr-rius
950 3046 1089 3099 tilios
1135 3045 1226 3100 Dei
1289 3046 1604 3114 appellavit.
1652 3045 1751 3101 Per
1791 3046 2015 3101 domum

439 3145 624 3189 autem
663 3136 854 3198 David,
891 3135 1036 3191 illius
1064 3138 1475 3206 generationem
1515 3139 1800 3192 intellexit.

513 3222 681 3276 Vens.
707 3225 799 3278 26.
836 3223 903 3276 Et
933 3241 1125 3292 ponam
1171 3227 1224 3277 in
1265 3227 1404 3278 mari
1453 3243 1666 3279 manum
1704 3227 1840 3296 ejus,
1877 3237 1928 3282 et
1963 3229 2017 3281 in

438 3316 747 3387 ﬂuminibus
779 3317 1049 3370 dexteram
1081 3317 1214 3385 ejus.
1250 3317 1350 3371 Per
1381 3332 1533 3371 mare
1560 3319 1780 3388 quidem
1803 3319 2018 3374 insulas

439 3409 791 3478 signiﬁcavit,
836 3423 958 3478 quae
1004 3411 1056 3463 in
1114 3411 1250 3462 mari
1305 3418 1471 3475 sunt,
1522 3421 1576 3464 et
1629 3425 1724 3479 per
1769 3414 2018 3476 llmnina,

440 3501 816 3555 continentem
847 3511 1070 3566 terram,
1102 3501 1158 3555 in
1189 3517 1298 3571 qua
1334 3501 1560 3556 ﬂumina
1591 3503 1884 3572 perlinunt.
1916 3501 2019 3562 Per

440 3607 660 3644 manum
694 3599 958 3654 autemet
984 3607 1082 3661 per
1107 3592 1408 3658 dexteram,
1464 3605 1522 3647 ut
1568 3610 1709 3664 sa‘pc
1756 3597 2016 3662 diximus,

440 3693 766 3753 potestatem
814 3694 867 3738 et
906 3685 1210 3740 dominium
1242 3686 1517 3753 intelligit.
1550 3688 1747 3742 Verum
1797 3690 1844 3745 si
1869 3707 2021 3760 qua:-

438 3777 614 3830 rimus
649 3777 1058 3846 quandototius
1085 3777 1237 3832 orbis
1284 3777 1588 3831 dominium
1639 3795 1880 3847 unquam
1926 3781 2022 3834 ha-

440 3868 618 3921 buerit
650 3870 842 3922 beatus
884 3867 1078 3931 David,
1116 3883 1384 3938 nusquam
1417 3869 1468 3923 id
1509 3871 1742 3926 inveniri
1777 3873 2016 3940 poterit:

441 3969 497 4010 at
525 3959 780 4013 Christus
812 3958 982 4014 totius
1015 3958 1183 4013 maris
1209 3973 1274 4014 ac
1313 3961 1482 4014 totius
1508 3968 1670 4015 terrae
1719 3977 1810 4016 rex
1843 3963 2021 4015 maui-

442 4048 580 4103 t‘este
603 4050 935 4104 constitutus
952 4061 1054 4116 est,
1077 4059 1241 4119 atque
1261 4051 1411 4105 illius
1435 4050 1737 4104 dooiinium
1766 4052 2021 4122 adeptus,

436 4143 590 4210 juxta
626 4145 769 4214 quod
813 4146 1043 4214 legimus
1072 4146 1124 4198 in
1157 4143 1370 4213 psalmo
1405 4159 1530 4196 uxr
1566 4160 1580 4196 :
1622 4143 1686 4196 Et
1719 4145 2022 4198 dominabi-

441 4250 527 4290 tur
555 4255 586 4289 a
621 4239 756 4292 mari
789 4255 950 4303 usque
975 4237 1043 4290 ad
1072 4253 1219 4289 mare
1247 4245 1299 4290 et
1342 4253 1374 4289 a
1413 4237 1723 4305 ﬂuminibus
1755 4253 1918 4306 usque
1953 4238 2020 4290 ad

441 4333 692 4385 terminos
724 4332 866 4384 orbis
898 4342 1186 4383 terrarum.
1219 4329 1560 4399 Quapropter
1593 4345 1700 4382 non
1728 4330 1794 4382 ad
1839 4331 2018 4399 ipsum

442 4425 612 4479 David
649 4427 764 4480 haec
799 4427 1088 4493 pertinent,
1123 4425 1214 4478 sed
1252 4423 1318 4477 ad
1346 4423 1646 4476 Christum.

1645 326 2026 396 Eurnrnn
2070 325 2465 384 ZIGABENI'

825 474 1043 526 oderunt
1089 483 1230 528 eum,
1284 465 1336 516 in
1371 462 1552 531 fugam
1610 464 1928 511 com-errant.
1978 449 2015 498 Α

2125 443 2297 510 θροῦ(
2346 440 2557 502 αὐτοῦ,
2594 437 2688 490 καὶ
2727 434 2868 501 τοὺς
2887 431 3222 504 μισοῦντας
3247 425 3437 482 αὐτὸν
3474 425 3701 494 τροπῶ-

2044 3134 2089 3196 C

3596 305 3702 371 016

2123 552 2324 604 σομαι.
2356 566 2399 575 -
2471 535 2515 587 Ἀ
2529 531 2603 584 πὸ
2635 527 2978 596 προσώπου,
3008 523 3130 578 ἀντὶ
3180 521 3294 586 τοῦ,
3337 517 3698 573 Ἀπενὼπιον.

2129 627 2511 694 Τροπώσομαι
2541 622 2617 687 δὲ,
2653 621 2773 674 ἀντὶ
2802 617 2894 672 τοῦ
2918 616 3166 684 Νικήσω.

2195 716 2300 772 Καὶ
2329 717 2366 783 ἡ
2397 713 2649 781 ἀλήθειά
2675 728 2815 780 μου,
2849 707 2945 761 καὶ
2977 706 3039 760 τὸ
3069 704 3242 770 ἔλεός
3271 719 3391 772 μου
3417 700 3544 770 μετ’
3596 699 3706 754 αὐ-

2122 811 2249 865 τοῦ.
2283 810 2352 862 Ἦ
2388 809 2415 859 6
2446 806 2694 873 ἀληθινός
2737 821 2838 873 μου
2863 801 3030 863 ἕλεος,
3055 799 3130 860 ὡς
3163 795 3424 865 ἀνωτέρω
3471 790 3706 860 δεδηλώ-

2123 921 2320 975 καμεν.
2351 903 2425 955 ’Π
2460 899 2687 970 ἀλήθεια
2745 896 2844 967 μὲν
2888 896 2997 947 τῶν
3028 889 3395 960 ἐπαγγελιῶν,
3453 887 3601 950 ἔλεος
3644 885 3702 937 δὲ

2120 998 2220 1069 τῆς
2245 995 2518 1068 βοηθείας.

2205 1067 2302 1143 Ἑν
2339 1086 2418 1154 τῷ
2447 1084 2692 1154 ὀνόματί
2709 1099 2829 1151 μου
2861 1075 3250 1147 ὑψωθήσεται
3275 1070 3342 1124 τὸ
3366 1069 3547 1133 κέρας
3601 1067 3734 1156 αὐ-Ι

2122 1183 2252 1238 τοῦ.
2302 1151 2484 1252 Κέρας
2520 1151 2611 1230 τοῦ
2645 1173 2829 1235 Δαϐὶδ,
2860 1173 2888 1223 6
2923 1168 3178 1239 Χριστος,
3207 1164 3382 1217 εἶτουν
3440 1151 3734 1252 munita!

2124 1277 2218 1328 καὶ
2244 1249 2397 1338 δόξαξ
2424 1273 2639 1340 Ὠσπερ
2668 1268 2778 1336 γὰρ
2808 1267 2873 1318 ἐκ
2905 1265 3004 1332 τῆς
3035 1256 3284 1327 κεφαλῆς
3319 1251 3613 1325 βλαστάνει
3641 1249 3727 1340 ubi

2123 1371 2292 1440 κέρας
2336 1369 2449 1429 τοῖς
2504 1363 2871 1433 κερασφόροις
2935 1357 3043 1409 τῶν
3099 1351 3276 1416 ζώων,
3320 1346 3417 1401 καὶ
3445 1346 3505 1398 οὐ
3542 1343 3702 1414 μόνον

2123 1466 2269 1517 ἐστὶν
2303 1461 2457 1531 ἰσχὺς
2498 1458 2700 1520 αὐτῶν,
2750 1453 2888 1508 ἀλλὰ
2922 1450 3017 1503 καὶ
3049 1447 3278 1516 κόσμος,
3311 1440 3454 1494 οὕτω
3489 1435 3708 1506 κεφαλὴ

2129 1557 2225 1626 μὲν
2257 1528 2678 1608 τῶν-Ἰουδαίων
2711 1548 2739 1600 6
2777 1543 2965 1608 Δαϐὶδ,
2994 1541 3068 1604 ὡς
3107 1533 3408 1626 βασιλεύςξ
3462 1528 3711 1626 uersa-la;

2125 1619 2233 1717 τὰρ
2267 1645 2540 1714 καλοῦμεν
2586 1641 2710 1703 τοὺς
2781 1638 3068 1706 ἄρχοντας.
3126 1629 3218 1681 Ἐκ
3251 1626 3308 1679 δὲ
3336 1623 3434 1694 τῆς
3459 1619 3708 1689 κεφαλῆς

2125 1741 2327 1808 ταύτης
2355 1736 2674 1803 ἐϐλάστησε,
2713 1731 2869 1797 δίκην
2931 1725 3183 1794 κέρατος,
3224 1722 3251 1772 6
3285 1716 3520 1789 Χριστός
3563 1731 3576 1744 ·
3636 1714 3700 1778 ὃς

2127 1835 2219 1888 καὶ
2259 1831 2512 1902 σεμνύνει
2541 1827 2636 1880 καὶ
2662 1817 3077 1888 δοξάζειαὺτὸν,
3108 1813 3299 1882 ὥσπερ
3331 1810 3391 1863 τδ
3425 1809 3592 1878 κέρας
3631 1807 3705 1858 τὰ

2120 1901 2462 1995 κερασῄὸρα.
2500 1920 2573 1973 Οὐ
2611 1916 2697 1970 διὰ
2723 1912 2883 1966 τοῦτο
2913 1911 2969 1963 δὲ
3034 1908 3194 1978 μόνον
3255 1903 3475 1970 λέγεται
3513 1901 3704 1971 κέρας,

2125 2020 2259 2074 ἀλλὰ
2292 2015 2478 2076 κα“ιῶ;
2513 2012 2729 2065 πάντων
2755 2003 3086 2073 ὑψηλότερος
3136 1996 3227 2051 διὰ
3283 1993 3381 2065 τὴν
3420 1992 3660 2059 Θεότητα
3693 2006 3708 2019 ·

2124 2113 2346 2166 πάντων
2401 2107 2508 2177 γὰρ
2553 2103 2659 2155 τῶν
2727 2097 2901 2169 μελῶν
2949 2091 3207 2163 ὑπερέχει
3259 2087 3320 2141 τὸ
3355 2087 3547 2157 κέρας.
3570 2081 3710 2136 Εἷττε

2124 2206 2304 2259 τοίνυν
2331 2205 2358 2254 6
2383 2176 2514 2262 Θεος
2545 2197 2641 2249 καὶ
2697 2192 2907 2261 Πατὴρ,
2947 2188 3027 2238 ὅτι
3062 2185 3134 2237 Τὸ
3170 2181 3341 2252 κέρας
3394 2177 3489 2230 τοῦ
3519 2176 3710 2238 Δαόὶδ,

2124 2300 2301 2352 εἴτουν
2331 2297 2358 2348 ὁ
2387 2289 2649 2361 Χριστὸς,
2678 2289 2734 2339 ἐν
2766 2283 2843 2354 τῷ
2881 2277 3107 2350 ὀνόματί
3170 2291 3270 2347 μου
3335 2270 3707 2361 ὑψωθήσεται·

2122 2389 2399 2442 τουτέστιν
2425 2359 2481 2438 εν
2511 2380 2588 2451 τῷ
2616 2377 2903 2433 καλείςυαι
2930 2371 3086 2433 Θεός.
3113 2366 3301 2435 Τούτῳ
3332 2363 3389 2416 δὲ
3422 2361 3501 2432 τῷ
3559 2359 3709 2428 λόγῳ

2125 2480 2412 2552 συμφωνεῖ
2437 2476 2532 2530 καὶ
2577 2469 2878 2541 Ζαχαρίας,
2910 2467 2968 2518 ὲν
3009 2463 3088 2534 τῷ
3123 2456 3438 2527 Εὐαγγελὶῳ
3491 2454 3706 2552 λέγωνζ

2125 2545 2231 2628 Kal
2255 2545 2454 2640 ἤγειρε
2471 2565 2646 2634 κέρας
2675 2558 2974 2628 σωτηρίας
3028 2556 3097 2607 ἐν
3125 2552 3204 2618 τῷ
3226 2552 3371 2615 οἴκῳ
3394 2547 3572 2601 Δαεὶδ
3597 2545 3709 2598 τοῦ

2123 2664 2338 2728 παιδὸς
2389 2657 2600 2719 αὑτοῦ,
2658 2653 2852 2718 καθὼς
2934 2648 3207 2709 ἐλάλησεν
3262 2643 3361 2696 διὰ
3405 2641 3708 2708 στόματος

2122 2758 2242 2812 τῶν
2289 2755 2472 2824 ἁγίων
2529 2748 2648 2803 τῶν
2707 2746 2809 2802 ἀπ’
2843 2743 3059 2807 αἰῶνος
3106 2735 3424 2807 προφητῶν
3458 2732 3647 2787 αὑτοῦ
3683 2749 3697 2762 ·

2120 2823 2346 2908 τούτους
2375 2845 2500 2902 τοὺς
2531 2839 2817 2908 προφήτας
2845 2833 3043 2905 δηλῶν,
3079 2830 3170 2893 οὒς
3203 2827 3458 2896 ἀνωτέρω
3485 2827 3514 2879 6
3538 2823 3708 2878 Δασὶῧ

2121 2941 2270 3003 υἱοὺς
2301 2933 2422 2990 εἷπε
2455 2931 2549 2987 τοῦ
2581 2929 2715 2984 Θεοῦ
2741 2946 2753 2959 ·
2791 2923 2938 2981 οἷκον
2976 2925 3032 2978 δὲ
3060 2921 3227 2977 Δαϐὶδ
3257 2920 3317 2974 τὺ
3346 2919 3504 2988 γένος
3536 2915 3705 2970 αὑτοῦ

2123 3033 2369 3088 ἐκάλεσε.

2196 3211 2307 3267 Καὶ
2336 3211 2594 3278 θήσομαι
2626 3207 2696 3260 ἐν
2723 3203 3010 3269 θαλάσσῃ
3039 3198 3207 3270 χεῖρα
3243 3195 3457 3259 αὑτοῦ,
3514 3192 3612 3247 καὶ
3637 3191 3712 3246 ἐν

2123 3304 2410 3373 ποταμοῖς
2435 3300 2641 3365 δεξιὰν
2667 3296 2876 3352 αὐτοῦ.
2913 3294 3012 3348 Διά
3037 3292 3134 3364 μὲν
3160 3290 3261 3360 τῆς
3297 3288 3573 3357 θαλάσσης
3609 3285 3711 3346 τὰς

2123 3402 2321 3470 νήσους
2385 3393 2638 3466 ᾐνίξατοο
2675 3393 2733 3444 ἐν
2759 3388 2935 3459 ταύτῃ
2967 3386 3075 3456 γὰρ
3131 3400 3289 3437 αυται
3320 3401 3336 3416 ο
3381 3381 3470 3434 διὰ
3515 3379 3574 3433 δὲ
3596 3378 3709 3432 τῶν

2125 3465 2529 3562 ποταμῶντὴν
2572 3487 2836 3557 ἤπειρον·
2876 3484 2932 3534 ὲν
2965 3477 3140 3550 ταύτῃ
3167 3476 3276 3545 γὰρ
3328 3465 3498 3527 οὗτοι.
3533 3472 3711 3543 Χεῖρα

2122 3586 2178 3638 δὲ
2222 3583 2370 3650 λέγει
2435 3580 2530 3631 καὶ
2567 3576 2751 3642 δεξιὰν
2799 3574 2898 3642 τὴν
2962 3569 3203 3639 κατοχὴν
3235 3565 3331 3618 καὶ
3382 3563 3706 3634 κυριότητα.

2116 3677 2234 3733 ¹Ποῦ
2267 3677 2324 3731 δὲ
2343 3678 2370 3729 6
2391 3673 2554 3727 Δαὸὶδ
2583 3670 2841 3725 ἁπάντων
2869 3663 3081 3718 τούτων
3127 3661 3455 3730 ἐκυρίευσεν
3481 3673 3495 3722 ;
3532 3655 3709 3708 Οὐδα-

2127 3772 2229 3839 μοῦ
2261 3771 2359 3840 τῆς
2413 3766 2664 3838 Γραφῆς.
2696 3763 2756 3815 ’0
2779 3761 2834 3813 δὲ
2866 3759 3102 3828 Χριστὸς
3135 3755 3319 3822 πάσης
3369 3751 3470 3820 μὲν
3506 3747 3710 3840 Θαλάσῖ

2125 3836 2247 3934 σης,
2281 3836 2470 3928 πνᾶσης-
2497 3857 2553 3910 δὲ
2588 3856 2694 3924 γῆς
2717 3853 3062 3923 ἐκυρίευσεν,
3094 3848 3172 3910 ὡς
3205 3847 3421 3916 εἴρηται
3437 3845 3492 3895 ἐν
3524 3841 3602 3910 τῷ
3628 3836 3707 3893 οα⁸

2122 3930 2344 4025 ψαλμῷ,
2371 3953 2452 4005 ὅτι
2477 3949 2582 4003 Καὶ
2610 3943 3065 4012 κατακυριεύσει
3107 3937 3228 3993 ἀπὸ
3256 3933 3578 4000 θαλάσσης
3598 3930 3708 4025 ἕως

2125 4019 2468 4107 umidoque,
2537 4039 2636 4093 καὶ
2689 4037 2808 4092 ἀπὸ
2850 4030 3135 4101 ποταμῶν
3159 4029 3270 4094 ἕως
3298 4024 3572 4093 περάτων
3597 4019 3708 4088 τῆς

2133 4135 2513 4205 οἰκουμένης.
2553 4132 2721 4182 Ὥστε
2761 4129 2919 4198 χεῖρα
2950 4125 3043 4178 καὶ
3083 4121 3267 4186 δεξιὰν
3301 4119 3362 4172 οὐ
3391 4115 3485 4170 τοῦ
3546 4112 3710 4166 Δαὸὶδ

2123 4230 2357 4299 νοήσεις,
2395 4225 2531 4278 ἀλλὰ
2566 4221 2656 4275 τοῦ
2685 4220 2916 4288 κέρατος
2941 4213 3034 4267 τοῦ
3068 4211 3258 4266 Δαὸἰδ.

511 4517 678 4570 Vens.
709 4516 800 4570 27.
836 4515 958 4584 Ipse
1004 4514 1268 4570 invocabit
1300 4531 1398 4576 me,
1451 4513 1614 4565 Pater
1659 4527 1799 4565 meus
1845 4527 1898 4565 es
1939 4520 2015 4571 tu.

2190 4499 2380 4564 Αὐτὸς
2402 4488 2827 4549 ἐπικαλέσεταί
2851 4504 2948 4555 με,
2982 4481 3183 4550 Πατήρ
3201 4497 3320 4550 μου
3349 4473 3405 4531 εἴ
3428 4477 3532 4540 σὺ,
3565 4477 3708 4540 θεός

441 4609 582 4663 Deus
612 4626 756 4662 meus
801 4617 850 4661 et
892 4609 1109 4675 adjutor
1159 4606 1354 4660 salutis
1409 4619 1555 4656 mem.
1601 4603 1879 4657 lnvocabit
1934 4618 2020 4656 me

438 4701 738 4771 aliquando
787 4701 978 4756 dicens
1022 4718 1036 4755 :
1075 4701 1238 4753 Pater
1269 4715 1416 4751 meus
1447 4713 1500 4750 es
1534 4706 1610 4748 tu.
1645 4693 1846 4748 Verum
1902 4695 2020 4749 ubi-

439 4810 564 4848 nam
593 4793 809 4848 beatum
851 4793 1017 4847 David
1052 4792 1281 4861 legimus
1305 4790 1612 4859 appellasse
1645 4787 1810 4840 Deum
1840 4787 2020 4840 Patris

441 4886 698 4939 nomine?
746 4884 1025 4954 Nusquam
1078 4883 1343 4952 profecto.
1395 4881 1462 4936 At
1504 4881 1762 4935 Christus
1813 4881 2018 4948 passim

439 4978 492 5032 in
523 4977 815 5047 Evangelio
877 4978 1095 5031 Patrem
1147 4975 1299 5028 illum
1354 4989 1512 5028 suum
1539 4972 1694 5037 dicit,
1734 4981 1794 5025 ut
1844 4972 2020 5034 Deus,

440 5071 611 5127 Deum
646 5086 775 5126 vero
804 5077 859 5124 et
900 5068 1236 5138 adjutorem,
1276 5072 1335 5121 ut
1373 5067 1555 5120 homo.

511 5249 678 5305 Vnus.
709 5247 801 5303 28.
841 5245 903 5300 Et
931 5262 1024 5316 ego
1071 5245 1478 5316 primogenitum
1525 5261 1718 5314 ponam
1752 5261 1891 5300 eum.
1941 5243 2018 5299 Ita

439 5344 602 5398 etiam
637 5355 862 5410 magnus
896 5339 1098 5394 Paulus
1141 5354 1263 5392 eum
1313 5340 1550 5408 appellat
1603 5338 2020 5408 Primogenilnm

442 5440 491 5486 in
519 5433 701 5486 multis
729 5431 984 5500 fratribus
1008 5431 1072 5495 ⁶²,
1100 5439 1151 5484 et
1169 5429 1584 5498 Primogenilum
1605 5443 1668 5480 ex
1691 5429 1910 5480 mortuis
1937 5430 1979 5460 ⁸³
2003 5445 2016 5492 ;

440 5534 487 5576 ut
519 5540 732 5586 rursus,
756 5524 1170 5593 Primogenitum
1197 5521 1366 5575 omnis
1388 5530 1648 5575 creatura:
1665 5519 1731 5586 “,
1762 5529 2018 5589 tanquam

441 5619 567 5672 novi
613 5617 796 5686 populi
837 5616 1130 5686 primitias,
1164 5624 1217 5670 et
1257 5614 1423 5669 veluti
1449 5628 1572 5668 cum
1609 5612 1702 5682 qui
1745 5614 1957 5682 primus
1991 5629 2018 5667 a

513 5796 551 5823 ⁴⁶
578 5789 712 5846 Luc.
740 5805 781 5856 ι,
823 5792 912 5848 69.
991 5794 1033 5826 ⁶²
1064 5793 1224 5848 Rom.
1264 5793 1502 5861 vnt,29.

1583 5789 1629 5824 ⁸³
1657 5789 1872 5849 Coloss.
1909 5806 1948 5857 ι,
1988 5790 2075 5847 18.

2123 4615 2240 4667 μου
2268 4591 2365 4646 καὶ
2396 4586 2779 4650 ἀντιλήπτωρ
2827 4578 2935 4646 τῆς
2963 4576 3262 4642 σωτηρίας
3314 4589 3459 4641 μου.
3517 4571 3708 4623 Ast-ttat

2127 4661 2187 4743 τὸ
2203 4687 2421 4755 λέγων,
2451 4679 2652 4746 ἔξωθεν
2675 4670 3260 4745 προσλαμϐανόμενον.
3284 4661 3704 4719 Ἐπικαλέσεταί

2133 4799 2198 4851 με
2231 4753 2294 4832 ἐν
2325 4775 2527 4846 καιρῷ,
2573 4773 2750 4837 λέγων
2787 4767 2924 4835 πρός
2959 4780 3024 4832 με
3045 4778 3060 4796 °
3120 4757 3324 4828 Πατήρ
3366 4775 3486 4827 μου
3514 4753 3575 4810 εἶ
3605 4755 3705 4815 0'1",

2129 4847 2225 4927 καὶ
2247 4871 2316 4924 τὰ
2337 4868 2484 4937 ἑξῆς.
2553 4862 2661 4916 Ποῦ
2690 4861 2744 4913 δὲ
2777 4860 2804 4911 ὁ
2834 4854 3000 4909 Δαϐὶδ
3045 4853 3267 4920 Πατέρα
3317 4852 3518 4902 οἰκεῖον
3546 4847 3706 4902 αὑτὸν

2128 4965 2414 5034 ὠνόμασεν
2446 4976 2462 5023 ;
2521 4950 2772 5023 Οὐδαμοῦ
2794 4965 2810 4982 °
2848 4951 2875 5002 6
2901 4947 2957 5000 δὲ
2980 4943 3216 5014 Χριστὸς
3284 4938 3555 5010 πολλαχοῦ
3614 4937 3707 4990 τοῦ

2131 5029 2467 5122 Εὐανγελεου
2493 5065 2507 5080 ·
2545 5047 2764 5112 Πατέρα
2824 5040 2924 5110 μὲν
2955 5037 3119 5092 αὑτὸν
3166 5035 3366 5103 λέγων.
3407 5031 3482 5096 ὡς
3555 5029 3711 5094 θεὸς,

2129 5148 2261 5202 Θεὸν
2290 5145 2346 5198 δὲ
2371 5143 2465 5196 καὶ
2487 5137 2880 5206 ἁντιλήπτορα,
2912 5131 2989 5194 ὡς
3041 5128 3350 5198 ἄνθρωπος.

2199 5236 2372 5308 Κάγὼ
2419 5231 2798 5303 πρωτότοκον
2837 5223 3097 5292 θήσομαι
3139 5218 3349 5273 αὐτόν.
3387 5215 3575 5277 Οὕτως
3611 5216 3712 5268 αὑ·

2127 5335 2220 5387 τὸν
2245 5330 2339 5383 καὶ
2366 5330 2394 5382 6
2431 5326 2604 5396 μέγας
2660 5319 2876 5382 Παῦλος
2923 5313 3182 5386 ὀνομάζει
3214 5311 3594 5380 πρωτότοκον
3635 5307 3706 5360 ἐν

2128 5424 2386 5489 πολλοῖς
2402 5416 2712 5488 ἀδελφοῖς,
2731 5419 2823 5467 καὶ
2843 5411 3219 5481 πρωτότοκον
3235 5406 3303 5458 ἐκ
3327 5403 3444 5456 τῶν
3459 5400 3707 5470 νεκρῶν,

2131 5523 2225 5575 καὶ
2252 5519 2634 5586 πρωτότοκον
2666 5511 2877 5575 πάσης
2909 5505 3183 5568 κτίσεως.
3216 5502 3290 5564 ὼς
3321 5497 3580 5569 ἀπαρχὴν
3614 5492 3706 5586 τοῦ

2132 5613 2252 5668 νέου
2275 5607 2431 5672 λαοῦ,
2451 5605 2546 5658 καὶ
2576 5605 2648 5667 ὡς
2686 5602 2899 5672 πρῶτον
2922 5595 3232 5651 ἀναστάντα
3257 5593 3319 5643 ὲκ
3350 5588 3460 5641 τῶν
3498 5581 3705 5655 νεκρῶν

2154 5790 2194 5821 ⁶⁵
2229 5786 2368 5844 lbitl.
2402 5783 2486 5839 15.
