4084 6210
377 282 484 345 917

1572 288 1959 350 COMMENT.
2003 291 2084 351 IN
2125 292 2487 356 PSALMOS.

3545 283 3650 350 918

380 404 462 464 είς
485 398 814 467 ἀθανασίαν,
848 399 943 455 καὶ
971 399 1053 464 ὡς
1084 399 1368 472 ἐξαίρετον
1398 403 1497 472 τῆς
1528 402 1720 472 καινῆς
1746 398 1976 461 κτίσεως

2089 402 2315 458 mortuis
2340 403 2406 458 ad
2439 400 2907 458 immortalitatem
2961 397 3287 464 resurrexit,
3314 402 3368 451 et
3393 404 3653 466 tanquam

375 496 486 548 τῶν
517 494 747 549 πιστῶν.

463 673 742 743 ’Υψηλὸν
766 676 928 743 παρὰ
959 674 1084 742 τοῖς
1119 674 1455 740 βασιλεῦσι
1484 676 1598 743 τῆς
1661 673 1795 746 τῆς.
1830 673 1969 737 Τοὺς

385 769 486 839 μἐν
527 768 638 838 γὰρ
688 768 1017 838 ἑπιγνόντας
1070 769 1235 823 αὐτὸν
1273 768 1749 840 ὑποκεκλιμένους
1796 768 1913 840 ἔχει
1952 783 1966 799 ο

383 860 490 913 τῶν
524 860 910 932 πολεμούντων
948 860 1006 914 δὲ
1049 860 1314 931 ἀνωτέρω
1344 863 1560 929 γίνεται
1583 876 1600 893 ο
1633 861 1731 914 καὶ
1774 860 1969 913 τοῦτον

381 955 473 1007 τὸν
519 957 723 1020 τρόπον
772 955 981 1027 ὑψηλός
1041 957 1160 1010 ἐστι
1219 956 1317 1009 καὶ
1375 954 1530 1027 napi
1581 956 1694 1018 τοῖς
1757 954 1969 1016 πιστοῖς

386 1046 668 1116 βασιλεῦσι
706 1050 804 1102 καὶ
848 1048 1000 1118 παρὰ
1033 1050 1149 1112 τοῖς
1172 1048 1445 1111 ἀπίστοις.
1490 1048 1551 1101 ’0
1586 1047 1645 1101 δὲ
1696 1046 1863 1099 Δαϐὶδ
1907 1044 1970 1098 οὗ

384 1140 738 1211 περιεγένετο
788 1141 1011 1196 πάντων
1046 1141 1156 1196 τῶν
1189 1141 1458 1211 βασιλέων
1488 1141 1589 1211 τῆς
1621 1141 1745 1211 γῆς,
1805 1138 1973 1210 μόνης

387 1229 715 1301 βασιλεύσας
737 1232 836 1298 τῆς
886 1232 1174 1298 Ἰουδαίας.

356 1339 366 1462 Ι
452 1408 559 1474 Εἷς
616 1407 725 1461 τὸν
784 1411 974 1465 αἱωνα
1039 1409 1298 1479 φυλάξω
1342 1408 1507 1475 αὺτῷ
1536 1407 1604 1462 τό
1631 1408 1809 1474 ἔλεός
1830 1426 1974 1479 μου.

382 1497 868 1569 Χρῄζοντιαύτοῦ,
910 1502 1054 1556 κατὰ
1100 1503 1164 1556 τὸ
1202 1500 1551 1573 ἀνθρώπινον
1583 1516 1598 1532 ·
1629 1501 1664 1572 ἢ
1698 1501 1794 1554 καὶ
1823 1500 1882 1554 οὐ
1910 1501 1977 1554 δι’

385 1588 603 1652 ἑαυτὸν,
638 1589 776 1643 ἀλλὰ
825 1592 920 1645 καὶ
958 1592 1047 1645 διὰ
1091 1592 1220 1654 τοὺς
1244 1590 1304 1655 ἐξ
1344 1590 1537 1655 αὐτοῦ,
1566 1590 1712 1660 φημὶ
1749 1589 1814 1661 δὴ
1853 1590 1981 1654 τοὺς

387 1683 775 1751 Χριστιανοὺς.
812 1681 955 1753 ὑπὲρ
999 1676 1075 1736 ὧν
1121 1683 1217 1737 καὶ
1248 1682 1567 1754 παρακαλεῖ
1598 1682 1694 1736 τὸν
1732 1683 1978 1756 Πατέρα,

390 1774 616 1846 μεσίτης
642 1774 777 1828 Θεοῦ
823 1776 918 1829 καὶ
958 1774 1263 1847 ἀνθρώπων
1286 1775 1549 1844 γεγονώς.

462 1968 568 2022 Καὶ
603 1968 642 2036 ἡ
673 1967 936 2037 διαθήκη
954 1985 1077 2039 μου
1109 1968 1301 2037 πιστὴ
1337 1966 1519 2034 αὐτῷ.
1558 1968 1627 2021 Ἦ
1668 1967 1979 2036 ἐπαγγελία

391 2061 425 2129 ὴ
454 2060 591 2129 πρὸς
615 2060 706 2114 τὸν
736 2061 904 2115 Δαϐὶδ
952 2063 1142 2133 πιστὴ,
1194 2062 1375 2116 είτουν
1448 2060 1647 2133 βεϐαία
1682 2060 1835 2114 ἔσται
1892 2060 1979 2113 ἐπ’

391 2151 563 2223 αὐτῷ,
618 2151 867 2222 δηλονότι
906 2153 983 2224 τῷ
1019 2153 1268 2225 Χριστῷ,
1339 2154 1621 2207 τουτέστιν
1689 2154 1771 2215 είς
1816 2151 1982 2205 αὐτὸν

394 2244 758 2316 ἀποϐήσεται.
786 2246 1017 2318 Εἴρηται
1056 2247 1165 2317 γὰρ
1205 2246 1466 2318 ἀνωτέρω
1490 2263 1504 2278 ·
1534 2246 1694 2311 ’Ἕως
1723 2244 1829 2299 τοῦ
1851 2238 1985 2299 alr?»-

394 2352 500 2403 νος
527 2336 828 2405 ἑτοιμάσω
852 2337 920 2391 τὸ
965 2340 1205 2408 σπέρμα
1226 2355 1365 2395 σου.

466 2430 573 2484 Kal
613 2429 872 2499 θήσομαι
906 2433 995 2498 είς
1029 2433 1136 2487 τὸν
1169 2433 1358 2488 αἰῶνα
1394 2435 1462 2487 τὸ
1493 2434 1732 2503 σπέρμα
1770 2431 1980 2486 αὐτοῦ.

396 2525 628 2595 Σπέρμα
692 2522 785 2577 τοῦ
837 2522 1077 2590 Χριστοῦ
1134 2525 1163 2577 ό
1229 2524 1362 2596 παρ’
1422 2525 1589 2580 αὐτοῦ
1660 2524 1895 2594 σπαρεὶς
1928 2526 1985 2576 ὲν

397 2621 522 2682 ταῖς
567 2617 768 2689 ψυχαῖς
802 2617 912 2672 τῶν
970 2617 1228 2688 μαθητῶν
1286 2617 1445 2688 λόγος
1486 2617 1582 2672 τοῦ
1618 2617 1983 2687 Εὐαγγελίου,

399 2715 572 2786 ὅσπερ
595 2712 844 2783 διαμένει
884 2713 964 2776 είς
987 2713 1080 2767 τδν
1114 2713 1287 2767 αίῶνα
1346 2711 1442 2766 τοῦ
1476 2711 1697 2775 αίῶνοςο
1727 2711 1819 2765 κα)⁵
1840 2712 1869 2764 ό
1930 2714 1988 2765 ὲν

402 2808 568 2862 παντὶ
598 2807 746 2861 ἔθνει
780 2805 1173 2876 ἀναγεννηθεὶς
1225 2806 1373 2877 αὐτῷ
1402 2806 1555 2870 λαός.
1599 2805 1747 2860 Ἀντὶ
1776 2789 1839 2858 ’δὲ
1870 2803 1988 2871 τοῦ,

402 2902 510 2967 Εἰς
532 2900 639 2955 τὸν
657 2897 845 2954 αἰῶνα
872 2898 979 2953 τοῦ
1031 2897 1270 2965 αἰῶνος.
1326 2896 1620 2965 Διηνεκῶς
1663 2897 1928 2964 ἐξέδωκεν
1962 2898 1992 2950 δ

406 2993 727 3064 Σύμμαχος.
762 2993 871 3047 Καὶ
899 2990 1071 3056 ὅντως
1094 2990 1196 3062 τῆς
1239 2988 1571 3061 Ἑκκλησίας
1618 2988 1714 3043 τοῦ
1746 2986 1988 3059 Χριστοῦ

407 3083 574 3139 πύλαι
604 3083 734 3156 ᾅδου
775 3083 837 3137 οὗ
867 3079 1282 3153 κατισχύσουσι.

482 3264 590 3321 Kal
624 3263 734 3319 τὸν
777 3261 1001 3331 θρόνον
1030 3258 1219 3315 αὐτοῦ
1247 3257 1329 3324 ὡς
1358 3257 1472 3323 τὰς
1502 3255 1730 3327 ἡμέρας
1758 3255 1864 3311 τοῦ
1895 3257 1997 3311 οὐ·

410 3356 621 3428 ραγοῦ.
654 3355 768 3410 Καὶ
794 3349 955 3418 αὖθις
984 3353 1139 3425 θήσω
1161 3350 1254 3405 τὸν
1285 3348 1481 3421 θρόνον
1508 3346 1676 3403 αὐτοῦ
1711 3349 1815 3418 τῆς
1845 3348 1999 3419 βασι-

411 3452 563 3515 λείας
597 3447 742 3504 οὕτω
778 3445 1001 3518 διαρκῆ,
1037 3445 1114 3506 ὡς
1147 3444 1300 3514 θήσω
1364 3442 1459 3496 καὶ
1496 3441 1597 3505 τὰς
1630 3441 1850 3513 ἡμέρας
1904 3438 1999 3495 τοῦ

413 3528 927 3617 οδρανοῦοδιαρκεῖς
955 3540 1062 3611 γὰρ
1087 3531 1250 3594 αὗται
1271 3537 1349 3600 ὡς
1372 3536 1539 3607 μέχρι
1561 3534 1661 3605 τῆς
1689 3531 2002 3596 συντελείας

413 3633 513 3689 τοῦ
541 3633 750 3704 κόσμου
801 3629 1176 3701 φυλάττουσαι
1201 3626 1294 3681 τὸν
1323 3626 1530 3679 οἰκεῖον
1552 3625 1703 3694 ὅρον.
1735 3622 1923 3675 Ἐοικε
1945 3620 2002 3674 δὲ

414 3726 573 3781 τουτὶ
605 3724 668 3778 τδ
700 3723 864 3795 ῥητὸν
886 3720 989 3793 τῷ,
1036 3720 1145 3776 Καὶ
1189 3718 1653 3789 συμπαραμενεῖ
1692 3715 1775 3781 τῷ
1816 3715 2002 3781 ἡλίῳ,

420 3823 480 3875 ἐν
512 3819 589 3891 τῷ
613 3816 693 3873 οα¹
715 3814 940 3888 ψαλμῷ.
993 3812 1233 3885 Ἡμέραι
1268 3811 1325 3864 δὲ
1346 3810 1601 3879 λέγονται
1625 3807 1720 3862 τοῦ
1749 3805 2005 3878 οὐρανοῦ,

419 3913 498 3978 ῶς
526 3911 694 3968 αὐτοῦ
736 3908 943 3971 ταύτας
972 3905 1391 3969 ἀποτελοῦντος,
1427 3904 1495 3973 τῇ
1524 3899 1619 3955 τοῦ
1655 3899 1809 3972 ἡλίου
1842 3898 2007 3969 φορᾷ.

2071 491 2410 563 praecipuum
2460 491 2591 563 quid
2640 500 2805 562 atque
2850 490 3085 548 electum
3125 489 3181 543 in
3231 503 3373 543 nova
3410 486 3651 541 fidelium

2071 593 2349 641 creatura.

2145 680 2432 736 Excelsum
2480 694 2591 749 pra
2638 675 2848 748 regibus
2898 687 3072 730 terrae.
3126 672 3232 728 Eos
3277 670 3500 742 quidem
3555 669 3650 737 qui

2075 773 2225 828 illum
2279 781 2631 840 cognoscunt
2690 768 2943 825 subditos
2991 765 3096 821 sub
3150 780 3208 821 se
3257 762 3438 825 habet,
3491 769 3657 829 atque

2073 866 2121 920 ei
2179 864 2523 929 inclinatos;
2575 862 2820 917 hostium
2905 874 3034 914 vero
3095 865 3260 927 atque
3313 844 3504 909 eorum
3563 853 3657 922 qui

2075 957 2224 1012 illius
2285 956 2594 1012 detrectant
2630 954 2920 1023 imperium
2954 966 3171 1021 semper
3211 957 3293 1003 est
3327 945 3657 1003 sublimior:

2074 1056 2125 1103 et
2181 1047 2286 1101 hac
2317 1046 2532 1102 ratione
2575 1046 2826 1101 excelsus
2854 1045 2959 1098 'est
2991 1058 3099 1113 prae
3133 1040 3393 1096 omnibus
3438 1036 3661 1108 regibus

2078 1145 2260 1203 terras,
2301 1153 2398 1193 seu
2439 1136 2627 1192 ﬁdeles
2662 1136 2773 1190 sint
2808 1134 2886 1189 illi
2916 1148 3092 1203 reges.
3138 1147 3232 1187 seu
3276 1127 3548 1184 infideles.
3592 1126 3664 1180 At

2081 1227 2270 1291 David,
2309 1228 2401 1296 qui
2440 1226 2534 1280 uni
2578 1234 2791 1279 tantum
2846 1221 3136 1293 imperavit
3183 1218 3497 1292 provincias,
3545 1230 3663 1295 om-

2081 1315 2244 1370 nibus
2304 1313 2525 1384 regibus
2566 1312 2859 1369 sublimior
2908 1290 3030 1367 esse
3079 1290 3198 1363 non.
3254 1308 3447 1378 potuit.
3640 1290 3645 1295 ’

2157 1406 2321 1463 Vsus.
2350 1405 2443 1461 29.
2480 1404 2545 1459 In
2577 1407 2830 1460 swculum
2865 1402 3083 1457 serrabo
3130 1400 3209 1455 illi
3243 1394 3664 1453 misericordiam

2084 1517 2274 1555 meam.
2311 1500 2416 1563 illi,
2471 1498 2720 1566 inquam,
2757 1496 3005 1564 Christo,
3030 1495 3126 1568 qui
3156 1492 3457 1551 secundum
3492 1491 3671 1545 homi-
3722 1474 3733 1485 ’

2086 1606 2214 1646 nem
2252 1590 2440 1646 divina
2475 1589 2710 1661 iudiguit
2741 1585 3146 1649 misericordia,
3190 1585 3236 1641 si
3283 1599 3392 1638 non
3443 1588 3669 1653 propter

2086 1686 2355 1756 seipsum,
2392 1691 2618 1755 propter
2663 1696 2796 1737 suos
2828 1680 3023 1735 saltem
3055 1676 3402 1734 Christianos
3442 1687 3504 1727 ac
3533 1671 3668 1727 lide-

2007 1753 2056 1811 B
2086 1753 2201 1840 les,
2254 1790 2356 1847 pro
2399 1753 2609 1847 quibus
2660 1774 2728 1830 ad
2777 1774 2994 1830 Patrem
3046 1770 3306 1842 rogabat.
3351 1766 3449 1822 Dei
3507 1766 3705 1835 atque

2086 1868 2372 1923 hominum
2431 1866 2703 1923 mediator
2746 1863 2996 1922 effectus.

2161 1962 2232 2016 Et
2279 1969 2652 2016 testamentum
2678 1975 2833 2015 suum
2864 1956 3021 2029 ﬁdele
3046 1956 3166 2026 ipsi.
3197 1950 3523 2014 Promissio,
3549 1963 3671 2019 qua:

2091 2058 2156 2113 ad
2204 2058 2382 2127 ipsum
2418 2053 2587 2109 David
2631 2052 2771 2107 facta
2806 2060 2911 2118 est,
2963 2049 3158 2112 ﬁdelis,
3205 2047 3310 2101 hoc
3363 2050 3470 2110 est,
3517 2042 3672 2097 lirma

2090 2152 2201 2205 erit
2248 2149 2351 2221 ipsi
2400 2147 2658 2210 Christo,
2707 2145 2811 2201 hoe
2874 2152 2979 2203 est.
3033 2139 3422 2210 adimplebitur
3471 2136 3529 2190 in
3582 2147 3671 2189 eo.

2095 2241 2306 2296 Dictum
2337 2248 2419 2295 est
2446 2239 2592 2294 enim
2630 2236 2886 2309 superius
2914 2254 2927 2289 :
2958 2232 3133 2305 Usque
3158 2234 3211 2285 in
3235 2229 3488 2285 sa‘culum
3529 2240 3673 2295 prle-

2093 2335 2295 2405 parabo
2333 2349 2504 2387 semen
2543 2331 2683 2401 ejus.

2166 2426 2332 2482 Vens.
2369 2425 2458 2480 50.
2508 2423 2577 2478 Et
2623 2439 2818 2492 ponam
2869 2423 2924 2475 in
2972 2419 3223 2475 saeculum
3272 2414 3454 2470 saeculi
3498 2428 3677 2469 semen

2094 2517 2227 2585 ejus.
2260 2516 2457 2572 Semen
2495 2514 2701 2569 Christi
2749 2527 2933 2569 sermo
2966 2518 3052 2567 est
3082 2509 3455 2579 evangelieus,
3493 2505 3587 2579 qui
3619 2505 3675 2559 in

2096 2608 2491 2679 discipulorum
2522 2605 2723 2661 animis
2758 2603 2859 2658 luit
2894 2601 3312 2665 disseminatus,
3363 2598 3455 2668 qui
3490 2609 3675 2652 sermo

2097 2712 2286 2760 manet
2348 2704 2404 2758 in
2447 2704 2711 2759 saeculum
2760 2700 2969 2755 saeculi.
3007 2696 3104 2752 Vel
3158 2711 3257 2766 pro
3301 2693 3512 2752 semine
3559 2691 3680 2763 ejus

2099 2812 2302 2853 novum
2332 2795 2597 2867 populum
2625 2793 2895 2862 intellige,
2927 2790 3019 2861 qui
3054 2790 3106 2844 in
3139 2788 3289 2844 omni
3325 2796 3485 2858 gente
3517 2799 3684 2856 gene—

2101 2898 2259 2946 ratus
2301 2900 2408 2945 est.
2447 2884 2816 2959 Symmachus
2858 2890 3039 2937 autem
3083 2895 3183 2948 pro
3226 2878 3312 2935 his
3367 2877 3593 2934 verbis:
3627 2875 3684 2929 in

2102 2980 2353 3038 saeculum
2386 2978 2591 3042 manli,
2640 2975 2946 3039 transtulit,
2998 2971 3281 3041 Perpetuo.
3323 2969 3463 3024 Vere
3495 2976 3680 3023 autem

2018 3107 2067 3171 Ο
2102 3080 2297 3129 contra
2324 3067 2530 3126 Christi
2558 3066 2857 3122 Ecclesium
2885 3073 3064 3134 porta:
3101 3058 3302 3115 inferni
3332 3057 3389 3113 in
3417 3065 3685 3113 aeternum

2101 3181 2210 3222 non
2264 3163 2658 3235 praevalebunt.

2179 3255 2244 3310 Et
2269 3256 2513 3311 thronum
2544 3254 2661 3324 ejus
2691 3252 2821 3308 sicut
2850 3249 2963 3306 dies
2996 3248 3135 3304 casli.
3162 3245 3229 3301 Et
3262 3258 3460 3301 rursus
3487 3254 3686 3314 ponam

2103 3350 2363 3406 thronum
2418 3346 2577 3418 regni
2609 3346 2752 3416 ejus,
2781 3345 2856 3400 ita
2911 3350 3257 3414 perpetuum,
3295 3345 3353 3392 ut
3386 3336 3506 3393 dies
3538 3332 3689 3397 caeli,

2102 3443 2194 3515 qui
2233 3443 2485 3513 perpetui
2531 3447 2682 3504 sunt,
2736 3447 2792 3490 ct
2848 3434 3143 3490 terminum
3180 3445 3343 3487 suum
3393 3443 3570 3498 usque
3618 3423 3691 3481 ad

2104 3534 2299 3591 mundi
2352 3528 2888 3588 consummationem
2948 3526 3271 3580 servabunt.
3323 3519 3535 3576 Similia
3563 3522 3695 3573 sunt

2107 3628 2201 3681 illa
2251 3625 2465 3679 verba:
2502 3620 2569 3675 Ει
2620 3617 2950 3690 permanebit
2999 3632 3117 3669 eum
3171 3613 3301 3678 sole,
3360 3620 3421 3666 ut
3454 3608 3692 3665 vidimus

2110 3719 2163 3772 in
2236 3717 2450 3786 psalmo
2510 3727 2660 3767 uxr.
2715 3708 2842 3765 Dies
2885 3717 3067 3761 autem
3121 3704 3245 3759 coeli
3303 3701 3583 3762 dicuntur,
3628 3710 3694 3752 eo

2111 3806 2257 3879 quod
2308 3821 2336 3858 a
2401 3802 2579 3868 cmlo,
2627 3802 2751 3872 ipso
2806 3798 2944 3855 solis
3003 3810 3170 3851 cursu
3222 3791 3358 3848 eilici
3412 3790 3694 3844 videnlur.

2112 3899 2423 3957 Ostendam
2445 3896 2604 3951 nobis
2637 3894 2803 3965 igitur
2826 3890 2999 3946 Judaei
3031 3901 3218 3943 semen
3254 3883 3419 3939 David
3452 3881 3692 3952 positum

422 3976 771 4075 Δειξάτωσαν
800 4004 859 4059 δὲ
873 4001 1118 4056 Ἰουδαῖοι
1144 3998 1206 4051 τὸ
1240 3996 1465 4067 σπέρμα
1488 3994 1585 4048 τοῦ
1604 3993 1794 4055 Δαϐὶδ,
1814 3993 1895 4056 εἰς
1919 3990 1985 4044 τὸ

2116 3994 2170 4047 in
2194 3990 2455 4047 sacculum
2493 3987 2703 4051 saeculi,
2730 3987 2832 4041 hoc
2862 3993 2967 4047 est,
3007 3985 3391 4036 conservatum
3419 3976 3473 4029 in
3509 3986 3700 4044 regno,

424 4102 597 4154 ultima
634 4097 729 4151 τοῦ
773 4096 973 4157 αἰῶνος
1002 4093 1181 4155 τεθὲν,
1237 4088 1507 4151 τουτέστι,
1560 4086 1867 4157 σωζόμενον
1920 4085 1985 4137 ὲπ

2119 4093 2211 4139 aut
2278 4080 2517 4151 regalem
2587 4072 2738 4132 illius
2798 4076 3055 4129 thronum
3112 4069 3294 4124 adhuc
3353 4078 3697 4138 permanere.

423 4194 526 4264 τῆς
554 4188 857 4262 βασιλείας,
917 4183 998 4237 ἔτι.
1032 4183 1089 4236 δὲ
1125 4182 1219 4235 καὶ
1242 4180 1333 4233 τὸν
1365 4178 1652 4251 βασιλικὸν
1696 4176 1887 4247 θρόνον
1917 4180 1985 4228 το

2122 4173 2325 4229 Verum
2361 4172 2413 4225 id
2468 4185 2577 4224 non
2613 4173 2894 4239 poterunt.
2923 4165 2982 4217 ln
3012 4160 3275 4216 Jechouia
3301 4157 3503 4213 etenim
3534 4164 3702 4223 atque

2397 4263 2403 4264 ,
2490 4262 2507 4264 _
2682 4258 2696 4264 -
2759 4258 2771 4264 _
2834 4257 2846 4264 .
3220 4249 3256 4264 ..
3336 4247 3385 4264 ..
3461 4244 3702 4264 u.-__-_-

617 4244 868 4353 pompeii.
946 4273 1091 4327 Ἀλλ’
1145 4271 1245 4325 οὐκ
1281 4244 1379 4324 ἂν-
1406 4268 1678 4323 δύναιντο.
1720 4244 1815 4331 Εἰς
1856 4268 1985 4337 Ἰεχο

2124 4269 2176 4321 in
2217 4263 2444 4321 Sedecia
2480 4262 2642 4315 linem
2682 4257 2877 4313 habuit
2933 4265 3163 4325 regnum
3220 4247 3410 4302 Davld.
3461 4244 3705 4314 Uterque

426 4372 548 4427 νίαν
580 4343 690 4443 γαρ
735 4343 833 4425 καὶ
899 4365 1157 4421 Σεδεκίαν
1200 4361 1503 4432 κατέληξεν
1554 4362 1586 4431 ἡ
1627 4358 1878 4432 βασιλεία
1923 4375 1983 4411 το

2123 4365 2269 4419 enim
2323 4373 2513 4416 eorum
2565 4371 2595 4410 a
2634 4350 2951 4425 Babyloniis
3006 4349 3059 4402 in
3117 4343 3495 4415 captivitatem
3546 4345 3705 4394 actus

428 4429 636 4524 Δαϐίδ⁸
658 4429 776 4530 Ὀὓς
804 4461 1189 4535 αἰχμαλώτους
1210 4458 1317 4514 ἀνὰ
1368 4429 1584 4529 μέρους
1602 4429 1650 4508 oi
1683 4449 1985 4507 Βαϐυλῶνι(

2089 4459 2096 4497 l
2122 4465 2240 4517 est;
2287 4460 2343 4507 et
2369 4447 2627 4506 Sedecias
2660 4444 2883 4516 quidem
2910 4440 3091 4497 oculis
3125 4437 3379 4498 orbatus,
3410 4429 3707 4488 Jechonias

428 4523 958 4632 ἀπαγαγόντες,
1018 4523 1276 4609 Σεδεκίαν
1318 4523 1418 4622 μέν
1444 4523 1895 4617 ’ἀπετύφλωσαῆ
1929 4544 1985 4599 τδ

2124 4558 2255 4600 vero
2276 4543 2330 4596 in
2354 4548 2619 4613 perpetua
2654 4536 2920 4593 servitute
2946 4533 3205 4589 detentus
3226 4535 3331 4584 est.
3352 4526 3507 4580 Tunc
3524 4523 3710 4592 itaque

442 4614 721 4726 Ἶεχωνίαν
754 4614 1032 4720 δί’δουλία
1058 4614 1360 4702 ἀπέϐαλον.
1408 4614 1729 4712 Τηνικαῦτα
1762 4636 1820 4691 δὲ
1854 4652 1985 4690 κατα

2124 4638 2475 4693 destructum
2502 4640 2588 4688 est
2620 4644 2851 4701 prorsus
2877 4639 3131 4699 regnum,
3162 4630 3216 4679 et
3247 4620 3486 4675 thronus
3515 4614 3708 4677 David,

434 4708 773 4817 σήτρδαφέντος
799 4742 984 4797 τέλεον
1004 4708 1112 4792 ’καὶ
1161 4735 1257 4790 τοῦ
1299 4708 1494 4803 θρόνου
1525 4731 1714 4793 Δαϐὶδ,
1748 4729 1928 4791 οὐδεὶς
1965 4744 1985 4780 1

2126 4736 2180 4782 et
2211 4726 2400 4781 nullus
2426 4724 2667 4796 amplius
2699 4723 2756 4778 in
2797 4735 2863 4777 eo
2885 4719 3052 4775 sedit.
3086 4714 3225 4770 Nam
3259 4708 3565 4768 Zorobabel
3588 4714 3714 4778 post

433 4797 935 4900 είςάὐτδν
981 4831 1256 4885 ὲκάθισεν.
1311 4797 1371 4881 'D
1393 4824 1503 4897 γὰρ
1525 4821 1837 4895 Ζοροϐάϐελ
1880 4837 1981 4892 μετ

2127 4819 2363 4875 reditum
2392 4833 2421 4872 e
2450 4815 2771 4886 captivitate
2797 4827 2909 4867 non
2944 4827 3040 4867 rex
3075 4807 3200 4872 fuit,
3233 4806 3327 4862 sed
3359 4802 3470 4858 dux
3518 4819 3535 4856 :
3574 4797 3713 4853 adeo

433 4931 535 4998 τὴν
583 4927 843 4983 ἐπάνοδον
874 4926 975 4996 τῆς
1032 4919 1415 4994 αἰχμαλωσίας
1465 4917 1525 4971 οὐ
1571 4916 1845 4988 βασιλεὺς,
1885 4914 1983 4967 ἀλλ

2129 4925 2188 4969 ιιι
2227 4926 2457 4982 regnum
2487 4908 2656 4964 David
2688 4908 2741 4962 in
2768 4913 3021 4979 posteros
3050 4901 3578 4975 quadringentorum
3611 4908 3713 4947 an-

437 4997 770 5089 δημαγωγὸς
786 5015 1055 5075 Ἰουδαίων
1078 5015 1323 5083 γέγονεν.
1342 5008 1505 5081 Δηλοί
1523 5006 1580 5060 δὲ
1610 5003 1789 5059 ταῦτα
1818 5005 1985 5076 προῖὼ

2134 5020 2333 5061 norum
2365 5014 2586 5072 tempus
2622 5016 2735 5056 non
2772 4997 3144 5071 superaverit.

441 5122 468 5170 ό
493 5083 741 5186 diu);pr
801 5110 967 5166 Ὅθεν
1015 5108 1115 5164 οὐκ
1170 5106 1262 5160 ἐπὶ
1291 5105 1475 5158 πλεῖον
1510 5101 1618 5155 τῶν
1658 5099 2031 5173 τετρακοσίων
2071 5098 2209 5156 ἑτῶν
2239 5101 2273 5171 ἡ
2324 5096 2572 5170 βασιλεία
2602 5094 2766 5150 Δαϐὶδ
2796 5090 2916 5158 τοῖς
2967 5091 3257 5159 ἀπογόνοις
3332 5083 3499 5140 αὑτοῦ
3568 5097 3715 5153 παρ-

442 5213 678 5266 ἔμεινεν.

526 5302 667 5360 Ἐὰν
681 5296 1197 5371 ἐγκαταλείπωσιν
1217 5290 1333 5347 υἱοί
1358 5286 1546 5344 αὑτοῦ
1563 5287 1671 5341 τὸν
1683 5274 1985 5356 νόιῶνμοι

2204 5281 2374 5338 Vens.
2433 5281 2625 5336 31-33.
2691 5278 2753 5335 Si
2805 5272 3179 5345 dereliquerint
3229 5266 3334 5338 ﬁlii
3383 5264 3498 5334 ejus
3554 5263 3715 5333 legem

444 5354 732 5459 καιῖῥῖξ
768 5389 1020 5461 κρίμασι
1077 5404 1199 5456 μου
1253 5383 1343 5455 μὴ
1378 5354 1764 5448 πορευθῶσιν
1781 5394 1795 5409 ·
1821 5354 1933 5433 ἐάν
1957 5395 1985 5432 τ

2133 5392 2328 5439 meam,
2367 5383 2419 5429 et
2469 5375 2523 5427 in
2573 5371 2801 5443 judiciis
2862 5368 2992 5423 meis
3032 5379 3138 5419 non
3190 5356 3579 5425 ambulaverint
3620 5370 3639 5409 :
3671 5354 3719 5409 si

447 5448 819 5553 δικαιώματᾶ
847 5448 968 5553 μου
1013 5448 1445 5546 βεϐηλώσωσι,
1484 5474 1584 5528 καὶ
1639 5471 1746 5539 τὰς
1774 5471 1985 5527 ἐντολά

2126 5466 2545 5537 jasliﬁcationes
2592 5478 2734 5518 meas
2765 5455 3187 5532 profanaverint,
3223 5459 3272 5505 et
3310 5448 3567 5503 mandata
3602 5461 3718 5501 mea

443 5596 563 5648 μου
587 5544 674 5647 pi]
698 5544 1092 5645 φυλάξωσινο
1129 5544 1537 5637 ἐπισκέψομαι
1583 5564 1653 5619 ἐν
1692 5562 1896 5633 ῥάϐδῳ
1924 5562 1985 5616 τό

2136 5576 2237 5613 ηοη
2268 5558 2640 5620 eustodierint,
2661 5552 2889 5609 visitabo
2920 5553 2976 5605 in
3003 5552 3149 5620 rirga
3180 5544 3485 5612 iniquitates
3510 5555 3713 5603 eorum,

449 5633 956 5740 θνομίαξαὺτῶν.
986 5662 1086 5719 καὶ
1115 5661 1186 5717 ἐν
1203 5633 1453 5731 μάστιξι
1478 5658 1589 5723 τὰς
1625 5655 1864 5722 ἀδικίας
1929 5657 1985 5709 αι

2133 5662 2185 5707 et
2206 5654 2263 5707 in
2282 5649 2577 5706 verberibus
2608 5644 2904 5716 injustilias
2926 5657 3130 5698 eorum.
3162 5638 3372 5696 Christi
3405 5633 3499 5690 lilii
3527 5633 3563 5688 ii
3587 5633 3721 5685 sunt.

452 5727 590 5818 τῶν.
624 5727 696 5816 0i
723 5758 831 5813 υἱοὶ
876 5727 971 5815 soi)
1030 5727 1272 5828 Χριστοῦ
1303 5752 1390 5809 διὰ
1416 5750 1512 5809 τοῦ
1554 5748 1892 5820 Εὑαγγελίου
1927 5765 1985 5805 κα

2141 5746 2232 5818 qui
2267 5756 2363 5815 per
2414 5737 2796 5810 Evangelium,
2832 5746 2889 5791 et
2919 5748 3019 5806 per
3050 5729 3399 5806 baptismatis
3435 5727 3713 5782 lavacrum
