4084 6210
429 210 535 278 9Ῑ9

1626 223 2009 284 EUTHYMII
2045 224 2410 288 ZIGABENI

3571 228 3682 294 92:)

425 331 476 385 ei
516 341 935 403 regenerantur.
992 334 1132 402 Quid
1176 335 1318 391 inter
1353 350 1412 392 se
1464 336 1722 393 dill'erant
1750 339 1860 404 lex,
1908 338 1994 410 ju-

2101 340 2196 394 τοῦ
2222 339 2452 413 λουτροῦ
2474 341 2575 411 τῆς
2595 341 3022 412 παλιγγενεσίας
3051 338 3484 412 ἀναγενηθὲντες
3502 343 3676 413 αὐτῷ.

428 421 659 492 dieium,
716 425 1165 494 justiﬂcationes,
1224 436 1278 481 et
1339 428 1616 493 mandata,
1668 428 1874 484 dictum
1915 439 1999 485 est

430 512 486 567 ln
551 517 759 584 psalmo
812 532 942 570 xvu.
1001 517 1403 588 Profanuuerint
1472 529 1652 574 autem
1701 523 1840 576 dixit
1898 537 1996 593 pro

429 608 924 676 Parvipenderint;
964 625 1086 663 nam
1152 612 1440 680 profanum
1505 613 1570 667 ad
1612 614 1754 669 sacri
1795 614 1994 670 distin~

429 699 666 753 ctionem
718 697 942 753 dicitur.
1004 701 1157 766 Quod
1208 713 1390 758 autem
1459 718 1568 758 non
1623 715 1711 760 est
1753 720 1994 770 sacrum,

428 787 769 843 immundum
816 790 1190 855 existimatur,
1237 803 1290 848 et
1326 795 1526 848 modici
1573 798 1858 852 momenti.
1894 795 1998 851 Per

427 880 634 950 virgam
677 895 808 936 vero
855 892 910 935 et
959 898 1055 952 per
1099 885 1322 938 verbera
1383 887 1714 942 tentationes
1751 896 1805 941 et
1846 889 1997 943 cala-

428 971 647 1025 mitates
705 971 983 1042 intelligit.
1035 973 1244 1029 Sensus
1279 985 1405 1030 est:
1457 976 1570 1045 Ego
1614 977 1995 1048 delinquentes

426 1059 555 1117 lllos
598 1063 906 1133 castigabo.
939 1075 990 1119 et
1025 1067 1194 1121 variis
1223 1083 1320 1122 eos
1345 1069 1522 1123 modis
1542 1071 1836 1140 corrigain,
1867 1086 1999 1140 gen-

426 1152 562 1205 tium
609 1154 867 1209 nimirum
921 1156 1448 1225 insurreetionibus,
1505 1161 1667 1228 bello,
1714 1161 1878 1227 l'atne,
1909 1172 1996 1234 ty-

425 1241 678 1305 rannide,
737 1254 904 1313 atque
946 1245 1267 1315 bnjusmodi
1321 1248 1446 1303 ali-is
1493 1250 1992 1320 castigationibus:

2099 434 2234 502 Περὶ
2263 435 2529 504 διαφορᾶς
2549 434 2739 505 νόμου,
2772 434 2868 488 καὶ
2898 435 3190 505 κρίματος,
3237 434 3339 487 καὶ
3362 432 3677 505 δικαιώμα-

2096 543 2212 590 τος,
2241 529 2335 579 καὶ
2362 527 2608 596 ἐντολῆς,
2641 527 2858 599 εἴρηται
2904 528 3094 596 σαφῶς
3141 529 3200 580 ὲν
3235 526 3313 597 τῷ
3356 525 3420 592 ιζ’
3451 527 3676 598 ψαλμῷ.

2097 615 2498 682 Βςϐηλώσωσι
2555 617 2632 683 δὲ,
2669 617 2791 670 ἀντὶ
2850 615 2944 672 τοῦ
3003 616 3388 671 Εὐτελίσουστ-
3442 617 3671 689 βέϐηλον

2098 706 2204 777 γὰρ
2231 706 2368 776 πρὸς
2392 706 2805 777 ἁντιδιαστολὴν
2835 705 2930 760 τοῦ
2963 705 3112 777 ἱεροῦ
3144 707 3364 775 λέγεται
3410 708 3470 761 τὸ
3529 710 3680 762 ἀνίε-

2102 815 2218 869 ρον,
2271 799 2448 851 είτουν
2506 798 2685 851 κοινὸν
2731 799 2832 851 καὶ
2874 797 3112 860 εὐτελές.
3197 797 3421 852 Ῥάὸδον
3466 799 3522 851 δὲ
3580 801 3680 853 καὶ

2101 890 2346 961 μάστιγα
2369 889 2517 958 λέγει
2547 891 2674 954 τοὺς
2726 889 3092 962 πειρασμούς.
3159 891 3316 945 Ἐστι
3365 891 3422 944 δὲ
3469 893 3498 944 ό
3547 891 3679 954 νοῦς

2097 982 2360 1049 τοιοῦτος,
2392 983 2476 1036 ὅτι
2515 982 2817 1046 Πταίοντας
2873 983 3214 1051 σωφρονήσω
3261 981 3431 1035 ἐθνῶν
3470 985 3678 1038 ἐπανα-

2100 1072 2342 1136 στάσεσι,
2410 1074 2505 1126 καὶ
2547 1074 2854 1144 τυραννίσι,
2900 1075 2994 1126 καὶ
3054 1072 3218 1143 λιμῷ,
3271 1074 3365 1126 καὶ
3397 1076 3679 1139 τοιαύταις

2097 1164 2285 1226 ἄλλαις
2327 1163 2598 1226 παιδείαις
2629 1181 2642 1194 ·
2694 1164 2754 1216 οὐ
2796 1165 2905 1235 μὴν
2967 1165 3151 1217 τέλεον
3202 1166 3399 1226 αὐτοὺς
3457 1166 3680 1218 ἀπώσο-

2102 1272 2221 1325 μαι.
2258 1255 2513 1324 Ἀνομίας
2556 1255 2614 1308 δὲ
2666 1257 2762 1310 καὶ
2815 1256 3032 1320 ἀδικίας
3071 1257 3140 1310 τὰ
3197 1256 3342 1308 αὐτὰ
3392 1258 3588 1326 νόησον
3611 1259 3679 1309 ἐκ

425 1346 520 1388 eos
572 1341 752 1388 tamen
794 1335 1021 1390 omnino
1067 1352 1174 1392 non
1211 1341 1496 1410 repellam.
1535 1339 1639 1394 Per
1678 1343 1993 1408 iniquitates

2101 1347 2475 1418 παραλλήλου.

337 1438 357 1462 θ
425 1433 604 1479 autem
657 1436 727 1481 et.
781 1428 1083 1498 injttSlitias
1134 1430 1274 1485 idem
1312 1447 1467 1502 atque
1523 1433 1765 1504 intelligo
1819 1435 1994 1505 signi-

424 1513 522 1568 ﬁca
533 1517 600 1570 ri.
1127 1575 1132 1582 _

497 1603 661 1664 Vens.
690 1610 776 1664 54.
807 1607 860 1663 Μ
868 1611 1230 1666 iseri-cordiam
1259 1623 1434 1667 autem
1462 1633 1631 1669 meam
1659 1635 1760 1672 non
1789 1620 1992 1685 disper-

424 1713 545 1769 gam
574 1701 637 1753 ab
678 1704 771 1754 eis.
821 1703 1059 1758 Parcens
1095 1705 1175 1758 eis
1225 1705 1459 1770 scilicet,
1500 1718 1553 1761 et
1599 1725 1788 1762 eorum
1820 1711 1991 1778 poeni-

424 1794 650 1846 tentiam
703 1806 1052 1865 exspectans.
1097 1798 1141 1852 Ο
1181 1799 1512 1854 immensam
1553 1800 1646 1855 Dei
1682 1802 1994 1857 misericor-

424 1881 608 1939 diam!
649 1884 938 1942 Miseretnr
965 1890 1164 1944 etenim
1202 1891 1348 1947 Deus
1379 1893 1544 1945 etiam
1576 1893 1702 1948 dum
1741 1893 1994 1964 ﬂagellat.

423 1983 480 2030 et
519 1989 699 2030 meras
749 1994 1031 2047 nunquam
1080 1979 1305 2035 adhibet
1348 1996 1576 2051 poenas;
1636 1993 1690 2037 et
1747 1986 1996 2040 verberat

425 2065 646 2136 quidem
678 2079 838 2140 atque
866 2073 1100 2144 castigat
1137 2083 1196 2128 ut
1237 2083 1662 2145 contemptores,
1707 2078 1998 2133 miseretur

424 2166 607 2222 tamen
658 2167 717 2212 ut
767 2163 906 2217 suis.

507 2251 691 2320 Neque
718 2255 916 2322 injuste
946 2273 1101 2327 agam
1133 2257 1185 2311 in
1217 2259 1438 2312 veritate
1463 2275 1598 2313 mea.
1633 2257 1848 2312 Nullam
1874 2275 1994 2329 ego,

425 2345 625 2415 inquit,
653 2345 908 2413 injuriam
942 2346 1168 2400 inferam
1203 2347 1304 2417 ipsi
1343 2348 1513 2403 David
1540 2364 1555 2402 :
1580 2352 2000 2419 promissiones-

424 2451 533 2505 que
567 2446 620 2489 et
656 2444 815 2504 pacta
857 2452 979 2490 cum
1013 2453 1079 2491 eo
1121 2439 1253 2491 inita
1289 2456 1561 2507 nusquam
1599 2444 1993 2512 transgrediar.

425 2525 543 2582 iloc
579 2537 761 2582 autem
809 2544 913 2582 non
947 2527 1172 2593 faciam,
1207 2542 1432 2600 propter
1478 2533 1762 2588 veritatem
1793 2550 1994 2601 meam;

425 2619 552 2689 quia
597 2619 806 2678 scilicet
845 2635 947 2690 ego
988 2636 1153 2675 verax
1192 2638 1336 2676 sum.

497 2795 659 2855 Vsus.
694 2795 784 2851 55.
821 2795 1006 2866 Neque
1043 2797 1339 2868 profanabo
1373 2809 1744 2854 testamentum
1799 2817 1992 2855 meant.

424 2885 542 2944 Non
579 2889 993 2959 parvipendam,
1042 2891 1243 2960 inquit,
1277 2907 1374 2946 nec
1402 2907 1654 2962 spernam
1705 2901 1998 2949 testamen-

425 2989 538 3032 tum
599 2995 801 3034 meum.
852 2977 1182 3036 Tcstamenti
1222 2991 1402 3036 autem
1449 2985 1748 3041 auctoritas
1783 2986 1836 3040 in
1891 2987 1994 3044 hoc

425 3072 530 3125 sita
561 3081 662 3131 est.
701 3077 758 3123 ut
803 3082 854 3124 et
903 3087 1087 3124 verum
1124 3072 1214 3134 sit,
1255 3080 1309 3126 et
1340 3075 1704 3129 observetur:
1735 3079 1993 3143 quemad-

428 3162 651 3215 modum
682 3174 893 3224 conlra,
935 3157 1258 3230 Parvipendi
1293 3165 1517 3230 dicitur,
1561 3168 1607 3223 si
1643 3167 1990 3240 infringatur,

2175 1615 2245 1667 Τό
2277 1612 2345 1666 δὲ
2368 1613 2541 1676 ἔλεός
2562 1629 2680 1681 μου
2713 1613 2783 1666 οὐ
2807 1611 2892 1680 μὴ
2923 1611 3302 1666 διασκεδιίσω
3320 1612 3420 1666 ἀπ’
3452 1613 3678 1670 αὐτῶν.

2095 1707 2415 1775 Φειδόμενος
2473 1705 2655 1758 αὐτῶν
2713 1705 2809 1757 καὶ
2861 1705 2963 1774 τὴν
3004 1707 3294 1774 μετάνοιαν
3334 1706 3516 1758 αὐτῶν
3540 1707 3677 1758 ἁνα-

2101 1801 2298 1869 μένων.
2329 1798 2393 1848 Ὢ
2445 1797 2859 1866 φιλανθρωπίας
2915 1797 3186 1866 ἀπείρονι
3237 1796 3534 1860 Maniqu
3566 1798 3679 1869 γὰρ

2096 1891 2258 1954 ἐλεεῖ,
2294 1888 2507 1944 κοίιοὺκ
2531 1887 2770 1958 ἄκρατον
2797 1888 2995 1957 ἐπάγει
3035 1890 3135 1960 τὴν
3183 1891 3479 1961 τιμωρίαν,
3535 1889 3677 1944 ἀλλὰ

2101 1982 2351 2054 μαστίζει
2400 1981 2498 2052 μὲν
2543 1981 2618 2044 ὡς
2674 1983 3126 2054 καταφρονητὰς,
3183 1983 3326 2036 ἐλεεῖ
3372 1983 3430 2036 δὲ
3475 1982 3551 2046 ὡς
3597 1983 3682 2036 οἱ⁴

2101 2079 2302 2138 κείους.

2165 2253 2420 2323 Οὐδὲμὴ
2473 2251 2742 2322 ἀδικήσω
2786 2251 2857 2306 ἐν
2905 2253 2978 2322 τῇ
3027 2253 3280 2320 ἀληθείᾳ
3330 2271 3474 2323 μου.
3538 2254 3682 2307 Οὐδὲ.

2098 2346 2342 2416 ἀδικήσω
2370 2344 2461 2396 τὸν
2483 2343 2650 2396 Δαὸὶὸ
2675 2342 3030 2413 παραϐαίνων
3060 2345 3160 2407 τὰς
3199 2345 3336 2412 πρὸς
3367 2342 3532 2396 αὑτὸν
3558 2361 3680 2396 ow-

2100 2438 2295 2507 οήκας.
2325 2433 2646 2506 Περιττεύει
2683 2435 2740 2487 δὲ
2779 2435 2840 2486 τὸ
2868 2437 2978 2502 μὴ,
3007 2433 3197 2504 ὥσπερ
3220 2435 3320 2487 καὶ
3344 2437 3402 2486 ὲν
3425 2432 3504 2502 τῷ
3547 2433 3680 2501 ἑξῆς

2101 2531 2287 2602 στίχῳ.
2320 2528 2458 2582 Τινά
2498 2527 2554 2580 δὲ
2592 2527 2699 2580 τῶν
2727 2526 3103 2596 ἀντιγράφων,
3147 2526 3377 2580 Οὐδ’οὺ
3404 2525 3501 2593 μὴ-
3540 2527 3678 2593 γρά-

2101 2640 2312 2693 φουσιν.
2352 2621 2524 2675 Τοῦτο
2561 2621 2619 2674 δὲ
2664 2620 2724 2673 οὐ
2765 2619 2978 2690 ποιήσω
3006 2618 3095 2672 διὰ
3130 2618 3229 2689 τὴν
3251 2617 3513 2690 ἀλήθειάν
3545 2634 3678 2688 μου,

2023 2727 2067 2786 α
2099 2715 2234 2769 διότι
2267 2713 2384 2782 εἰμὶ
2414 2711 2648 2780 ἀληθής.

2174 2804 2327 2860 Οὐδὲ
2349 2804 2434 2873 μὴ
2480 2802 2811 2871 βεϐη.ίώσω
2835 2801 2949 2870 τὴν
2997 2801 3296 2869 διαθήκην
3342 2819 3486 2871 μου.
3529 2800 3670 2854 Οδδὲ

2102 2897 2366 2952 εὐτελίσω
2402 2897 2574 2966 αὐτὴν
2605 2895 2895 2965 ἀθετήσας.
2925 2893 3173 2964 Ἀξίωμα.
3216 2893 3325 2962 γὰρ
3350 2894 3448 2962 τῆς
3473 2891 3668 2961 διαϐήσ

2102 3007 2206 3060 κης
2235 2991 2262 3060 ἡ
2293 2988 2521 3060 ἀλήθεια
2550 2986 3007 3055 αὐτῆςέὐτέλεια
3035 2985 3090 3038 δὲ
3127 2985 3296 3056 αὐτῆς
3328 2987 3362 3054 ἠ
3389 2985 3676 3054 ἀθέτησις.

2101 3081 2380 3150 Διαοήκην
2418 3080 2474 3132 δὲ
2501 3079 2650 3147 λέγει
2692 3079 2811 3148 τὴν,
2836 3079 2936 3141 Εἰς
2964 3076 3069 3130 τὸν
3093 3075 3278 3130 αἰῶ-να
3311 3076 3563 3147 φυλάξω
3607 3077 3674 3131 τὸ

2099 3171 2272 3238 ἔλεός
2290 3190 2431 3240 μου.

427 3263 522 3307 aut
573 3268 682 3306 non
731 3263 996 3308 servetur.
1039 3253 1140 3308 Per
1188 3265 1574 3314 testamentum
1637 3273 1842 3328 autem,
1899 3280 1994 3320 seu
2038 3267 2330 3336 (utGra-ca
2355 3266 2598 3321 dictione
2623 3265 3105 3336 Staﬁﬁxq,vcrius
3151 3266 3520 3337 significatur)
3573 3279 3674 3335 per

425 3343 869 3411 dispositionem,
896 3345 1055 3397 verba
1085 3347 1172 3399 illa
1200 3349 1469 3421 intelligit,
1495 3353 1693 3420 quibus
1715 3354 1984 3425 disposuit
2025 3357 2249 3412 dicens:
2277 3359 2339 3410 ln
2360 3358 2619 3412 sa'culum
2642 3357 2858 3411 servabo
2884 3357 2934 3410 ei
2955 3357 3367 3411 misericordiam
3400 3371 3592 3409 nteant.

499 3437 570 3491 Et
603 3455 719 3507 qum
741 3428 1028 3505 procedunt
1053 3439 1286 3492 delabiis
1320 3443 1444 3495 meis
1471 3459 1572 3495 non
1596 3447 1790 3509 faciam
1816 3447 1993 3501 irrita.

429 3523 602 3583 Verba
633 3531 746 3582 luce
781 3531 843 3583 ad
884 3529 1304 3596 pra-erdentinm
1333 3532 1756 3589 declarationem
1793 3553 1991 3592 conse-

427 3629 696 3691 quuntur.
723 3620 1024 3674 Introduc-it
1049 3630 1230 3674 autem
1265 3621 1537 3693 Propheta
1563 3625 1730 3682 Dcnm
1768 3628 1855 3681 hic
1888 3629 1993 3681 liu-

433 3731 595 3768 tnano
646 3713 883 3784 quodam
924 3729 1074 3766 inore
1119 3715 1289 3783 loqui,
1337 3717 1462 3769 dum
1505 3719 1646 3774 labia
1697 3720 1849 3772 illum
1896 3734 1994 3775 sua

428 3807 707 3875 appellare
769 3805 916 3858 facit.
971 3804 1074 3858 Per
1129 3806 1270 3859 labia
1326 3819 1503 3862 autem
1565 3819 1620 3863 et
1674 3825 1770 3877 per
1820 3825 1884 3864 os
1935 3824 1997 3863 ac

426 3898 670 3966 linguam
699 3896 810 3960 Dei,
843 3899 1020 3966 ipsum
1065 3895 1154 3951 Dei
1188 3899 1410 3952 verbum
1444 3899 1854 3970 intelligendum
1891 3911 1994 3958 est.

500 3991 666 4044 Vsus.
713 3989 800 4043 36.
841 3989 1012 4043 Semel
1036 3993 1220 4060 juravi
1271 3995 1324 4044 in
1356 4001 1541 4045 sancto
1574 4011 1709 4058 meo,
1743 3995 1787 4046 si
1827 3994 1998 4048 David

2169 3448 2275 3503 Kal
2304 3447 2372 3501 τὰ
2396 3448 2843 3516 ἐκπορευόμενα
2872 3444 2970 3498 διὰ
2999 3444 3119 3498 τῶν
3149 3443 3402 3514 χειλέων
3429 3463 3550 3513 μου
3593 3448 3667 3500 οὐ

2089 3541 2176 3611 μὴ
2207 3539 2502 3605 ἀθετήσω.
2547 3536 3049 3608 Ἐφερμηνευτικδν
3088 3535 3251 3590 τοῦτο
3290 3535 3384 3589 τοῦ
3427 3537 3532 3606 πρὸ
3572 3536 3667 3589 αὖ·

2102 3632 2219 3685 τοῦ.
2265 3628 2763 3706 Ἀνθρωποπρεπὲς
2815 3627 2870 3680 δὲ
2919 3627 3017 3680 διὰ,
3061 3626 3172 3678 τῶν
3240 3626 3466 3696 χειλέων
3521 3620 3666 3678 εἷπε.

2104 3723 2276 3794 Χείλη
2304 3723 2359 3775 δὲ
2390 3720 2548 3788 Θεοῦ,
2584 3721 2675 3773 καὶ
2702 3719 2948 3789 γλῶσσα,
2981 3718 3076 3772 καὶ
3117 3717 3312 3786 στόμα,
3336 3718 3364 3770 ὁ
3391 3716 3548 3787 λόγος
3576 3717 3675 3769 ait.

2103 3833 2220 3868 του.

2179 3990 2377 4055 Ἀπαξ
2403 3988 2609 4059 ὤμοσα
2634 3990 2705 4043 ἐν
2727 3989 2806 4054 τῷ
2831 3989 2977 4057 ἁγίῳ
2999 4007 3142 4058 μου,
3169 3989 3223 4043 ει
3247 3986 3325 4052 τῷ
3341 3986 3680 4054 Δαϐίδψεύ-

429 4085 680 4136 mentiar.
717 4081 889 4136 Dictio
922 4082 1083 4136 semel
1125 4084 1599 4138 conﬁrmationem
1640 4101 1702 4138 ac
1735 4085 1994 4139 stabilita-

2103 4097 2395 4149 σομαι.--
2418 4081 2640 4145 ’Ἀπιῑᾷ
2668 4083 2791 4135 ἀντὶ
2831 4081 2926 4135 τοῦ
2963 4081 3220 4152 βεϐαίως.
3265 4081 3519 4133 τοιοῦτόν
3561 4081 3680 4131 ἐστι

433 4187 539 4230 tem
587 4175 879 4245 quamdam
922 4175 1214 4246 significat,
1273 4191 1338 4229 ac
1375 4176 1418 4231 si
1463 4177 1667 4232 diceret
1699 4193 1711 4229 :
1747 4177 1999 4232 Firmiter

423 4264 626 4331 juravi.
655 4264 847 4318 Simile
888 4265 1018 4317 illud
1043 4273 1126 4320 est
1156 4283 1168 4318 :
1216 4265 1392 4320 Semel
1415 4266 1621 4322 locutus
1648 4276 1724 4320 est
1760 4267 1899 4322 Deus
1932 4270 2000 4322 “'.

429 4356 493 4409 Et
527 4351 740 4419 Juravi,
777 4369 896 4423 pro,
941 4355 1276 4410 Constanter
1329 4357 1564 4412 asserui.
1599 4355 1784 4411 Juravi
1818 4368 1996 4412 autem

429 4465 523 4518 per
575 4450 923 4504 sanctitatem
987 4464 1186 4502 meam.
1241 4448 1434 4504 Omnis
1481 4451 1625 4505 enim
1675 4451 1769 4518 qui
1818 4451 1992 4518 jnrat,

428 4553 524 4606 per
569 4539 746 4606 majus
790 4537 924 4608 quid
966 4538 1134 4607 iurat.
1171 4555 1357 4594 verum
1402 4539 1544 4595 Deus
1598 4556 1694 4610 per
1734 4540 1993 4610 majorem

426 4645 486 4683 se
520 4628 707 4697 iurare
749 4645 854 4685 non
883 4632 1093 4694 valens,
1124 4647 1218 4699 per
1259 4634 1500 4703 seipsmn
1529 4633 1700 4702 jurat,
1737 4633 1840 4686 hoc
1891 4641 1994 4696 est,

429 4722 482 4776 in
532 4721 795 4790 seipsum.
855 4723 1318 4791 quemadmodum
1368 4741 1598 4794 magnus
1657 4740 1755 4778 nos
1800 4724 1998 4778 Paulus

427 4814 636 4868 docuit.
684 4814 756 4868 Ea
791 4824 970 4870 autem
999 4817 1163 4871 verba
1203 4833 1215 4868 :
1249 4815 1307 4870 Si
1358 4815 1526 4871 David
1582 4819 1828 4881 mentiar,
1855 4818 1994 4871 idem

425 4906 741 4977 signiﬁcant
769 4922 835 4961 ac
865 4907 911 4962 si
945 4907 1211 4963 dixisset:
1240 4906 1360 4962 Non
1393 4910 1629 4963 mentiar
1661 4910 1764 4979 ipsi
1803 4909 1991 4960 David.

427 4997 523 5051 Est
569 4998 714 5053 enim
762 4999 865 5054 hoc
914 5016 1133 5069 quoque
1172 5001 1372 5054 veteris
1424 5000 1722 5070 Scriptum
1770 5003 1992 5065 idioma,

427 5099 485 5143 nt
521 5089 574 5143 in
604 5087 935 5154 iuramentis
965 5091 1282 5154 dictionem.
1324 5091 1407 5156 Si,
1439 5104 1605 5162 ponat
1631 5095 1752 5148 loco
1784 5095 1993 5163 negati-

425 5196 526 5235 vae.
588 5179 720 5235 Tale
776 5183 908 5253 quid
965 5183 1216 5247 invenies
1265 5183 1319 5237 in
1359 5185 1574 5254 psalmo
1621 5201 1807 5246 cxxxr,
1866 5185 1936 5237 ibi
1981 5201 1994 5236 :

423 5269 487 5325 Si
529 5271 758 5326 iutroibo
789 5273 842 5326 in
876 5272 1274 5328 tabernaculum
1298 5272 1485 5327 domus
1526 5289 1676 5338 metu,
1709 5289 1827 5343 pro,
1876 5272 1993 5326 Non

425 5364 687 5430 mtroibo,
723 5372 777 5419 et
823 5381 943 5435 quae
995 5375 1329 5436 sequuntur.

496 5451 662 5511 VERS.
711 5454 802 5510 57.
841 5453 1027 5511 Semen
1066 5457 1180 5511 eius
1212 5459 1263 5511 in
1291 5457 1540 5511 saeculum
1569 5464 1764 5510 manet.
1795 5453 1992 5511 Semen

491 5629 542 5660 "
573 5627 718 5685 Psal.
745 5647 855 5696 tu,
891 5631 977 5686 l2.

2099 4175 2194 4226 καὶ
2221 4174 2298 4233 τὸ,
2322 4173 2515 4236 ’Ἄπαξ
2540 4172 2846 4239 ἐλάλησεν
2877 4175 2909 4226 ὁ
2928 4173 3169 4239 Θεός.-
3199 4173 3430 4242 Ὠμοσα
3455 4169 3533 4234 δὲ,
3557 4169 3679 4223 ἀντὶ

2100 4265 2194 4319 τοῦ
2236 4264 2597 4320 Ἐςεὸαίωσα.
2641 4265 2853 4332 Ὠμοσα
2878 4263 2935 4317 δὲ
2969 4264 3112 4317 κατὰ
3133 4265 3233 4334 τῆς
3265 4263 3406 4332 ὲμῆς
3433 4261 3678 4330 ἁγιωσὺο

2100 4374 2197 4427 νης
2223 4372 2238 4386 ο
2283 4358 2390 4422 πᾶς
2448 4355 2547 4426 μὲν
2576 4355 2684 4423 γὰρ
2711 4355 2739 4405 ὁ
2779 4353 2996 4422 ὀμνύων
3036 4354 3179 4405 κατὰ
3230 4352 3476 4422 μείζονος
3507 4353 3679 4419 ὄμνυε

2105 4465 2210 4501 σιν.
2262 4447 2322 4502 '0
2348 4448 2410 4509 δὲ¹
2452 4447 2604 4511 Θεὸς,
2666 4443 2740 4516 μὴ
2788 4443 2928 4513 ἒχων
2961 4443 3106 4497 κατὰ
3161 4442 3411 4512 μείζονος
3453 4443 3677 4511 ὀμόσαι,

2102 4537 2300 4608 ὄμνυσι
2333 4536 2456 4588 καθ’
2501 4532 2717 4594 ἑαυτοῦ,
2769 4534 2948 4584 εῐτουν
3008 4533 3087 4595 είς
3133 4529 3348 4590 ἑαυτὸν,
3392 4527 3480 4591 ὡς.
3525 4527 3622 4579 καὶ
3652 4526 3680 4577 ὁ

2110 4633 2284 4705 μέγας
2328 4629 2538 4690 Παῦλος
2568 4625 2800 4692 ἐδίδαξε.
2829 4625 2902 4677 Τὸ
2926 4625 3004 4687 δὲ,
3043 4625 3110 4678 Et
3135 4621 3213 4688 τῷ
3245 4621 3423 4674 Δασίδ
3448 4621 3679 4689 ⁴Ψιςύσο-

2099 4741 2228 4795 μαι,
2278 4723 2399 4777 ἀντὶ
2424 4721 2544 4784 τοῦ,
2568 4721 2643 4773 Οὐ
2671 4717 2749 4787 τῷ
2781 4717 2944 4770 Δασὶδ
2969 4715 3265 4786 ψεύσομαι.
3308 4713 3530 4780 ’ἰδίωμα
3571 4711 3678 4781 γὰρ

2105 4815 2381 4872 καὶτοῦτο
2422 4814 2522 4882 τῆς
2552 4812 2814 4875 Παλαιᾶς,
2854 4809 2912 4863 τδ
2931 4811 3003 4870 εί,
3031 4807 3154 4862 am
3208 4805 3306 4860 τοῦ
3341 4809 3416 4860 οὺ
3469 4803 3682 4875 λαμϐά-

2105 4927 2218 4963 νειν
2275 4909 2368 4960 ἐπὶ
2419 4906 2528 4958 τῶν
2588 4902 2922 4973 όμνυόντων.
2987 4901 3244 4954 Τοιοῦτον
3307 4899 3563 4968 εὑρήσεις
3585 4897 3682 4949 καὶ

2105 5002 2162 5053 ἐν
2184 5001 2249 5069 τῇ
2275 5000 2418 5069 ἀρχῇ
2473 4997 2566 5050 τοῦ
2595 4993 2708 5067 ρλα¹
2737 4993 2978 5064 ψαλμοῦο
3017 4987 3102 5045 El-
3137 4990 3568 5057 είσε.ίεύσομαι
3591 4988 3679 5053 εις

2104 5091 2396 5161 σκήνωμα
2414 5089 2582 5144 οἴκου
2596 5105 2741 5156 μου,
2779 5087 2902 5139 ἀντὶ
2930 5083 3045 5148 τοῦ,
3082 5084 3202 5137 Οὐκ
3227 5082 3676 5149 είσενίεύσομαι,

2106 5183 2202 5236 καὶ
2222 5185 2290 5237 τὰ
2322 5182 2472 5252 ἑξῆς.

2177 5449 2250 5505 Τὸ
2275 5446 2514 5518 σπέρμα
2541 5442 2728 5500 αὑτοῦ
2753 5442 2842 5509 εις
2864 5438 2972 5496 τὸν
3010 5436 3403 5508 αίῶναμένει.
3434 5431 3672 5505 Σπέρμα
