4084 6210
498 304 614 370 923

1733 307 2122 370 EUTHYMII
2168 307 2341 368 ZIGA
2351 307 2535 366 BENI

3659 310 3767 371 921

576 417 739 474 Vsus.
770 418 858 473 40.
906 417 1231 472 Destruristi
1263 426 1630 473 testamentum
1660 421 1792 473 servi
1823 421 1919 473 lui.
1949 420 2077 475 Irri-

2254 419 2679 487 Κατέστρεψιις
2710 419 2824 484 τὴν
2868 417 3167 486 διαθήκην
3203 418 3311 473 τοῦ
3354 420 3579 475 δούλου
3623 438 3763 475 σου.

501 512 652 568 tosti.
679 510 875 577 inquit,
918 508 1364 574 promissionem,
1388 523 1549 578 quam
1584 510 1631 563 ei
1662 507 1863 563 fecisti.

574 601 889 670 Profanasti
932 601 987 653 in
1022 609 1218 652 terram
1264 601 1632 655 sanctuarium
1662 600 1798 668 ejus.
1832 599 2080 656 Vidimus

501 695 555 747 in
587 694 795 761 psalmo
836 708 1007 748 Lxxnt
1046 711 1059 747 :
1109 690 1537 759 Profauaverunt
1568 694 1622 747 in
1664 703 1859 748 terram
1905 693 2083 747 taber-

503 790 753 838 naculum
786 786 1013 838 nominis
1048 786 1146 839 tui.
1176 784 1279 838 Per
1310 787 1687 839 sanctuarinm
1717 795 1894 839 autem
1938 786 2077 853 ejus,

501 877 649 945 ejus,
697 876 822 929 dico
855 875 1048 938 David.
1091 876 1505 931 ce'ebcrrimum
1537 876 1668 929 illud
1705 877 1962 946 templum
1996 876 2081 929 in-

502 966 720 1035 telligit,
754 966 896 1033 quod
930 965 1033 1019 fuit
1066 967 1118 1019 in
1151 965 1453 1021 Jerusalem
1486 982 1499 1019 :
1535 967 1690 1033 quasi
1719 967 1785 1020 ab
1817 966 1935 1035 ipso
1979 966 2082 1018 Da-

496 1058 586 1112 vid
610 1065 988 1112 constructum
1019 1056 1235 1122 fuisset,
1266 1074 1359 1111 seu
1394 1057 1567 1126 ipsius
1591 1056 1881 1111 dicendum
1909 1064 2077 1120 esset,

499 1166 563 1203 ro
594 1151 741 1220 quod
777 1151 844 1203 ab
877 1165 941 1206 eo
975 1151 1210 1217 primum
1257 1150 1540 1219 decretum
1571 1161 1673 1211 est,
1713 1158 1771 1202 ut
1820 1149 2079 1203 aedificari

497 1243 764 1298 deberet:
797 1252 852 1299 et
902 1243 1030 1315 quia
1091 1242 1378 1296 materiam
1421 1241 1699 1296 Salomoni
1764 1244 1874 1295 tilio
1926 1250 2080 1296 tanto

430 1332 435 1339 ’
498 1336 651 1405 operi
692 1344 1056 1406 opportunam
1110 1336 1347 1404 reliquit.
1402 1334 1543 1400 Quin
1592 1336 1703 1387 imo
1752 1334 1863 1402 jam
1921 1345 2078 1388 antea

499 1426 617 1493 ipsc
648 1427 782 1481 illud
818 1427 1107 1493 erexisset,
1134 1427 1188 1481 ni
1212 1426 1428 1495 jussum
1461 1425 1508 1478 ei
1541 1424 1737 1479 fuisset
1765 1439 1793 1477 a
1825 1424 2075 1490 Domino,

499 1533 568 1571 ne
607 1519 744 1587 ipse,
780 1517 873 1573 sed
911 1519 1167 1573 Salomon
1202 1519 1462 1586 templum
1494 1516 1810 1570 aedificaret.
1844 1514 1899 1569 In
1936 1531 2079 1585 pra:-

499 1607 646 1663 dicto
680 1609 846 1664 etiam
878 1610 1087 1678 psalmo
1134 1624 1329 1671 Lxxm,
1370 1616 1477 1662 tam
1532 1606 1708 1661 sancti
1756 1621 1917 1677 quam
1957 1622 2083 1661 san-

500 1702 698 1756 ctuarii
737 1702 958 1757 nomine
1005 1701 1258 1756 similiter
1310 1701 1574 1770 templum
1624 1700 1880 1768 appellat.
1942 1699 2077 1753 Illud

2187 512 2504 575 Κατέλυσας
2530 512 2629 582 τὴν
2656 512 3011 579 ἐπαγγελίαν,
3062 512 3162 581 τὴν
3190 511 3329 583 πρὸς
3363 514 3547 568 αὐτόν.

2269 603 2681 669 Ἐϐεϐήλωσας
2706 605 2793 668 εὶς
2830 604 2945 667 τὴν
2970 601 3087 670 γῆν
3129 602 3195 655 τὸ
3231 604 3496 671 ἁγίασμα
3546 596 3762 658 αὐέοῦ.

2183 698 2295 752 Καὶ
2322 700 2380 750 ἐν
2402 698 2479 767 τῷ
2517 695 2594 765 ογ’
2640 695 2843 765 ψαλμῷ
2875 697 3099 765 εἴρηκεν
3125 712 3139 728 ο
3175 698 3299 759 Ἐἰς
3327 694 3439 761 τὴν
3459 697 3576 765 γῆν
3632 697 3765 750 ἐϐε-

2188 786 2471 854 ὄήλωσας
2493 786 2559 838 τὸ
2588 784 2877 853 σκήνωμα
2910 785 3014 838 τοῦ
3040 783 3335 852 ὀνόματός
3356 798 3495 836 σου.
3532 782 3648 834 Νῦν
3706 784 3765 835 δὲ

2185 879 2438 948 ἁγίασμα
2466 877 2562 929 τοῦ
2587 876 2750 929 Δαόὶδ
2778 876 2868 928 τὸν
2912 876 2970 928 ὲν
3008 873 3411 943 Ἰεροσολύμοις
3434 872 3766 941 περιὸὁητον

2184 968 2308 1022 εἷπε
2344 970 2491 1031 ναὸν,
2524 969 2599 1031 ὡς
2631 965 2799 1019 αὑτοῦ
2836 966 2929 1019 τοῦ
2962 966 3129 1019 Δαόὶδ
3180 964 3524 1035 προθεμένου
3576 965 3766 1016 τοῦτον

2184 1062 2559 1130 οἰκοδομῆσαι,
2598 1064 2691 1113 καὶ
2719 1061 2820 1129 τὴν
2857 1059 2992 1127 ὓλην
3057 1058 3157 1127 τῆς
3186 1057 3477 1125 οἰκοδομῆς
3505 1056 3584 1124 τῷ
3611 1056 3769 1108 παιδὶ

2184 1155 2493 1224 Σολομῶντι
2519 1154 2937 1216 καταλιπόντος,
2974 1151 3061 1204 διὰ
3082 1150 3142 1202 τὸ
3182 1148 3437 1201 κελεῦσαι
3491 1147 3582 1199 τὸν
3629 1147 3765 1201 Θεὸν

2190 1245 2265 1315 μὴ
2296 1244 2450 1315 παρὰ
2504 1244 2686 1308 Δαϐὶδ,
2711 1243 2848 1297 ἀλλὰ
2883 1240 3039 1312 παρὰ
3066 1240 3161 1293 τοῦ
3199 1238 3390 1302 παιδὸς
3412 1238 3579 1292 αὐτοῦ
3645 1238 3770 1290 τοῦ-

2185 1354 2283 1388 τον
2305 1335 2753 1405 οἰκοδομηθῆναι.
2792 1336 2987 1403 Ἀγιον
3037 1332 3095 1386 δὲ
3135 1332 3228 1384 καὶ
3270 1331 3629 1401 ἁγιαστήριον
3672 1330 3769 1381 τὶν

2184 1428 2311 1480 ναὸν
2351 1426 2577 1481 ἐκάλεσε
2636 1428 2727 1480 καὶ
2758 1429 2816 1480 ὲν
2864 1425 2942 1495 τῷ
2973 1423 3193 1495 ῥηθέντι
3223 1421 3300 1493 τῷ
3319 1420 3397 1491 ογ’
3420 1420 3643 1492 ψαλμῷ.
3676 1420 3768 1489 Τῷ

2186 1519 2349 1571 Δαϐὶδ
2365 1518 2498 1571 δὲτὸ
2522 1517 2693 1579 πάθος
2718 1518 2838 1571 ὅλον
2854 1519 2881 1570 ὁ
2902 1516 3031 1579 λαὸς
3048 1513 3367 1586 περιάπτει,
3420 1513 3769 1583 πειρώμενος

2186 1612 2399 1681 κάμψαι
2432 1611 2520 1663 τὸν
2549 1611 2681 1663 Θεὸν
2707 1612 2787 1673 si;
2821 1608 3005 1663 οἶκτον
3062 1609 3152 1663 διὰ
3182 1608 3281 1676 τὴν
3338 1606 3561 1659 ἐκείνων
3623 1623 3766 1673 συμο

2186 1700 2440 1753 πάθειαν.

498 1794 668 1847 etiam
728 1794 1273 1849 animadvertendum
1327 1796 1569 1856 videtur,
1645 1794 1785 1861 quod
1844 1793 2114 1861 Pmplteta
2180 1794 2273 1863 qui
2310 1810 2372 1849 ex
2410 1794 2619 1865 populi,
2657 1801 2714 1846 ut
2740 1792 3003 1857 diximus,
3038 1788 3281 1861 loquitur
3326 1802 3579 1857 persona,
3628 1786 3770 1841 nni-

498 1897 711 1936 versam
759 1884 899 1937 hanc
929 1884 1298 1938 calamitatem
1348 1883 1401 1937 in
1436 1884 1614 1953 ipsum
1648 1882 1826 1951 rejicit
1860 1883 2074 1936 beatum
2120 1883 2311 1948 David,
2349 1884 2583 1939 studens
2624 1884 2727 1937 hoc
2766 1892 2926 1949 pacto
2958 1882 3127 1936 Deum
3166 1882 3336 1950 magis
3401 1880 3469 1934 ad
3548 1880 3768 1937 miseri-

500 1974 741 2029 cordiam
774 1976 1012 2039 flectere,
1050 1977 1177 2029 dum
1222 1978 1479 2047 populum
1537 1976 1711 2030 cernit
1748 1984 1896 2052 tanta
1943 1991 2070 2044 erga
2110 1976 2325 2030 beatum
2361 1977 2530 2029 David
2560 1976 2945 2041 emupassinne
2976 1974 3299 2045 permoveri.

573 2066 732 2121 Vsus.
767 2067 855 2121 ΔΙ.
883 2067 1207 2122 Destruxisti
1232 2087 1408 2123 omnes
1432 2086 1576 2139 sepes
1604 2071 1739 2138 ejus.
1767 2067 1871 2120 Per
1901 2084 2079 2137 sepes,
2114 2072 2158 2128 B

504 2158 692 2229 templi
751 2175 938 2216 muros
986 2159 1267 2231 intelligit,
1318 2177 1415 2217 seu
1462 2161 1624 2216 etiam
1684 2160 1831 2230 ipsas
1883 2160 2084 2231 Moysis

501 2252 668 2320 leges.

572 2342 802 2395 Posuisti
837 2345 1147 2399 munitiones
1199 2346 1315 2415 ejus
1347 2344 1711 2413 formidinem.
1763 2345 1839 2399 De
1882 2342 2085 2398 Jeclto-

499 2434 592 2487 nia
644 2435 899 2503 loquens,
956 2445 1050 2489 aut
1106 2437 1174 2492 de
1229 2437 1480 2497 Sedecia,
1539 2452 1852 2492 sermonem
1905 2446 2085 2489 tamen

502 2538 662 2576 suum
720 2522 919 2577 format
968 2526 1231 2594 propheta
1268 2526 1424 2593 quasi
1461 2527 1528 2578 de.
1581 2527 1763 2595 seipso
1823 2526 2082 2594 laquatur

508 2615 676 2669 David
725 2634 739 2671 :
776 2617 903 2685 quia
945 2617 1334 2682 calamitatem,
1368 2632 1472 2686 qua
1506 2617 1709 2688 posteri
1745 2617 1925 2672 obruti
1962 2616 2080 2671 fne-

504 2715 657 2770 runt,
708 2706 914 2760 illatam
958 2715 1173 2776 reputat
1218 2705 1577 2776 progenitori.
1622 2704 1954 2759 lllunitiones
1984 2721 2081 2759 an-

500 2807 609 2853 tem
658 2807 768 2853 tam
816 2798 1092 2855 Jeclionia:
1142 2816 1304 2870 quam
1356 2799 1597 2854 Sedeciaz
1686 2800 1741 2853 in
1797 2814 2079 2853 murorum

500 2893 705 2946 ambitu
761 2900 955 2958 erant;
990 2907 1175 2947 verum
1214 2902 1442 2963 uterque
1474 2908 1663 2947 eorum
1698 2892 1751 2946 in
1788 2892 2078 2962 captivita-

503 2992 610 3036 tem
643 2992 800 3039 actus
829 2992 935 3047 est,
960 2992 1014 3039 et
1041 2992 1315 3038 tantarum
1356 2985 1720 3039 munitionum
1756 2984 1900 3047 loco,
1934 2992 2082 3038 uter—

2263 2067 2548 2133 KaOEMec;
2579 2067 2811 2133 πάντας
2846 2067 2984 2132 τοὺς
3025 2064 3336 2135 φραγμοὺς
3378 2063 3589 2118 αὐτοῦ.
3625 2063 3769 2132 Φρα-

2182 2163 2313 2233 γμοὶ
2336 2163 2402 2215 τὰ
2424 2164 2578 2233 τείχη
2610 2162 2703 2215 καὶ
2732 2164 2780 2214 οἱ
2828 2162 3012 2232 νόμοι.

2269 2344 2446 2397 Ἕθου
2481 2342 2552 2397 τὰ
2592 2342 2949 2411 ὀχυρώματα
2991 2340 3181 2395 αὐτοῦ
3242 2337 3496 2391 δειλίαν.
3553 2334 3643 2388 Ἑν
3690 2335 3769 2404 τῷ

2199 2435 2429 2506 Ἰεχονίᾳ⁴
2468 2435 2585 2498 νῦν,
2618 2436 2649 2505 ἢ
2686 2434 2761 2505 τῷ
2794 2434 3021 2505 Σεδεκὶα
3043 2434 3131 2486 τὸν
3167 2431 3331 2485 Δαὸἳδ
3360 2429 3643 2500 ὀνομάζει.
3688 2429 3769 2491 ὡς

2189 2529 2496 2596 ἀπογόνους
2531 2527 2721 2591 αὑτοῦ,
2752 2521 2825 2581 ὧν
2852 2526 3087 2579 ἑκάστου
3131 2522 3466 2595 ὀχυρώματα
3522 2517 3661 2591 ἦσαν
3714 2520 3768 2571 οἱ

2191 2619 2468 2688 περίϐολοι
2493 2621 2602 2672 τῶν
2633 2621 2849 2690 τειχῶν.
2908 2618 3193 2680 Ἐαλωκὼς
3222 2617 3268 2671 δ’
3301 2616 3584 2683 ἑκάτερος,
3640 2613 3767 2664 ἀντὶ

2189 2713 2298 2766 τῶν
2345 2715 2716 2784 ὀχυρωμάτων
2754 2712 2957 2766 τούτων
2984 2711 3190 2765 δειλίαν
3214 2710 3547 2779 περιέκειτο.
3580 2706 3768 2758 Ἐποί-

2188 2821 2330 2873 ησας
2365 2804 2481 2869 νῦν,
2510 2806 2667 2875 φησι,
2693 2808 2822 2868 τοὺς
2882 2804 3205 2874 περιόόλους
3262 2800 3455 2860 αὐτοῦ,
3505 2798 3628 2850 ἀντὶ
3669 2794 3769 2847 τοῦ

2190 2897 2340 2967 πρὶν,
2373 2897 2596 2952 δειλίαν.
2621 2898 2839 2968 Ταύτην
2892 2898 3000 2967 γὰρ
3050 2895 3125 2957 ὡς
3178 2892 3467 2960 περξὸολον
3516 2887 3769 2957 περίκει-

2188 3004 2302 3044 ται.

498 3089 605 3143 que
625 3076 787 3130 etiam
815 3074 1108 3132 formidine
1136 3076 1241 3131 fuit
1266 3076 1667 3133 circumdatus.
1696 3076 1897 3133 Fecisti
1929 3093 2077 3143 eum,
2120 3077 2318 3150 inquit,
2356 3083 2685 3139 circumdari
2729 3081 3045 3147 formidine,
3102 3088 3267 3151 atque
3305 3093 3365 3133 ea
3439 3074 3603 3131 veluti
3681 3087 3772 3128 se-

498 3166 607 3235 ptis
642 3166 971 3235 quibusdam
1010 3168 1227 3223 vallari.

571 3260 734 3314 Vens.
770 3259 860 3313 4‘2.
896 3260 1237 3327 Diripuerunt
1264 3278 1379 3314 eum
1409 3278 1585 3317 omnes
1630 3270 1959 3317 transeuntes
1987 3279 2081 3332 per

498 3354 658 3406 viam.
694 3353 853 3416 Eum,
899 3368 995 3419 pro
1048 3352 1183 3421 Ejus
1235 3352 1474 3411 divitias.
1526 3355 1902 3411 Transeuntes
1950 3373 2079 3411 vero

2258 3261 2588 3331 Διὴρπαζον
2612 3260 2799 3314 αὐτὸν
2830 3262 2884 3313 οἱ
2941 3258 3316 3323 ὃιοδεύοντες
3350 3256 3511 3311 ὁδόν.
3548 3254 3768 3318 Αὑτὸν,

2187 3357 2305 3426 ἦτοι
2373 3354 2476 3406 Τὸν
2553 3352 2787 3405 πλοῦτον
2846 3349 3042 3405 Αὑτοῦ.
3108 3349 3451 3411 Διοδεύοντας
3506 3347 3563 3399 δὲ
3617 3346 3773 3413 λέγει

499 3462 596 3516 per
639 3445 778 3498 viam
828 3444 1038 3499 vicinas
1079 3445 1315 3514 appellat
1366 3455 1580 3515 gentes,
1616 3464 1736 3517 qua:
1788 3449 2078 3503 transitum

2188 3448 2254 3500 τὰ
2291 3448 2507 3514 γείτονα
2536 3444 2686 3514 ἔθνη,
2726 3442 2792 3495 τὰ
2826 3442 3054 3513 πλησὶον
3086 3440 3247 3494 αὑτοῦ
3288 3438 3632 3508 πεποιημένα
3662 3438 3770 3507 τὴν

502 3554 674 3608 prope
704 3553 828 3591 eum
869 3537 1166 3601 faciebant,
1188 3547 1242 3593 et
1268 3554 1405 3608 quas
1440 3539 1491 3592 in
1543 3540 1751 3609 psalmo
1782 3556 1946 3595 uxtx
1984 3558 2079 3611 ap~

499 3631 746 3701 pellavit,
781 3630 1279 3699 Prwlergredientes
1306 3633 1467 3686 viam.

574 3720 778 3774 Fartus
809 3731 884 3775 est
912 3722 1251 3788 opprobrium
1278 3723 1458 3775 vicinis
1488 3718 1619 3777 suis.
1650 3721 1747 3777 llic
1778 3724 2081 3778 versiculus

496 3815 659 3868 etiam
692 3814 921 3868 habetur
956 3818 1008 3868 in
1044 3815 1255 3883 psalmo
1298 3830 1529 3879 Lxxvnt,
1561 3831 1625 3869 eo
1678 3827 1906 3885 excepto
1934 3817 2079 3885 quod

506 3908 617 3961 illic
646 3906 881 3975 populus
913 3907 1108 3974 plurali
1143 3908 1316 3961 utitur
1345 3922 1621 3962 sermone.

568 3997 734 4052 Vsus.
770 4000 858 4052 43.
895 3996 1163 4051 Exultain
1215 4001 1483 4051 dexteram
1521 4002 1895 4052 conterentium
1938 4016 2080 4052 eum.

499 4087 613 4143 lloc
642 4097 748 4148 est,
784 4090 1100 4157 superiores
1150 4090 1197 4143 ei
1256 4089 1436 4144 fecisti
1492 4091 1836 4160 Babylonios.
1890 4090 2080 4143 Solent

499 4180 644 4234 enim
690 4181 783 4249 qui
845 4182 1079 4236 victores
1120 4190 1245 4234 sunt
1290 4182 1342 4235 in
1397 4182 1561 4248 bello,
1598 4183 1859 4236 extollere
1889 4198 2083 4236 math

499 4288 667 4342 supra
694 4274 892 4338 victos,
931 4283 1097 4342 atque
1124 4275 1231 4329 hoc
1273 4285 1434 4342 pacto
1467 4291 1560 4328 eos
1588 4276 1813 4329 euadere.

577 4449 897 4519 Lreti/icasti
932 4466 1106 4504 omnes
1138 4450 1376 4505 inimicos
1407 4455 1544 4520 ejus.
1595 4449 1813 4506 Vicinas
1873 4450 2084 4506 scilicet

493 4552 701 4613 gentes,
739 4554 796 4596 ut
834 4545 885 4595 in
921 4559 1061 4611 saepe
1089 4544 1235 4596 dicto
1263 4544 1476 4611 psalmo
1516 4557 1720 4596 Lxxvm
1753 4542 2017 4597 diximus.

564 4653 731 4708 Vens.
770 4654 860 4708 44.
894 4655 1141 4708 Avertisti
1174 4654 1502 4723 adjutorium
1534 4654 1702 4723 gladii
1751 4654 1889 4724 ejus.
1924 4653 2080 4720 Quod

494 4745 548 4799 in
584 4763 761 4816 pugna
792 4748 838 4801 ei
873 4755 1135 4816 praestare
1163 4747 1409 4802 solebas.

566 4860 631 4911 Et
672 4877 773 4913 non
802 4878 855 4915 es
890 4863 1185 4915 auxiliatus
1216 4862 1262 4914 ei
1317 4862 1370 4913 in
1428 4862 1588 4917 bella.
1649 4862 1807 4927 Quod
1865 4863 2087 4917 scilicet

494 4949 759 5005 adversus
789 4936 1117 5022 Babylonios
1144 4961 1356 5022 gestum
1382 4964 1489 5006 est.

568 5064 731 5121 Vens.
754 5066 843 5120 45.
877 5066 1126 5121 Desivisti
1158 5068 1221 5120 ab
1251 5065 1631 5121 emnndatione
1672 5067 1810 5134 ejus.
1853 5066 2088 5121 Cessare

493 5172 619 5210 eum
654 5158 831 5211 fecisti
878 5172 906 5210 a
942 5168 1202 5213 consueta
1259 5160 1599 5229 purgatione.
1658 5158 2087 5227 Aspersionibus

495 5249 640 5302 enim
710 5249 1006 5303 utebantur
1074 5257 1128 5303 et
1178 5249 1567 5318 purificatoriis
1610 5249 1821 5313 Judaei,
1870 5249 2088 5318 quando

495 5339 869 5393 celebritatem
937 5348 1030 5393 aut
1059 5338 1409 5395 festivitatem
1445 5340 1681 5408 aliquam
1734 5338 2085 5408 peragebant.

496 5427 541 5480 Α
582 5429 912 5497 praecedenti
960 5429 1127 5500 igitur
1166 5430 1405 5496 signavit
1440 5429 1492 5482 id
1519 5427 1667 5497 quod
1701 5428 2085 5495 consequitur,

499 5534 561 5573 ac
617 5522 659 5572 si
703 5520 955 5575 diceret:
1010 5520 1212 5576 Omnes
1264 5519 1410 5574 illius
1472 5519 1799 5575 festivitates
1860 5534 2087 5589 prorsus

518 5609 733 5663 delesti.

579 5719 913 5776 Etthronnm
967 5724 1081 5776 eius
1140 5724 1193 5777 in
1255 5732 1396 5778 terra
1449 5724 1777 5797 confregisti.
1831 5722 2077 5795 Regnum

2188 3544 2382 3607 δίοδον,
2411 3541 2447 3596 ὃ.
2492 3542 2581 3595 καὶ
2645 3542 2702 3592 ὲν
2747 3539 2822 3609 τῷ
2866 3537 2940 3591 σθ’
2977 3535 3178 3607 ψαλμῷ
3205 3535 3772 3607 παραπορευομένους

2184 3636 2495 3705 ὠνόμασεν.

2266 3726 2547 3796 Ἐγενήθη
2598 3722 2828 3788 ὄνειδος
2877 3721 3001 3787 τοῖς
3034 3722 3303 3789 γείτοσιν
3342 3717 3550 3771 αὑτοῦ.
3587 3710 3772 3777 Οὗτος

2184 3822 2211 3873 ὁ
2241 3822 2423 3889 στίχος
2454 3818 2548 3871 καὶ
2584 3817 2641 3868 ὲν
2669 3816 2746 3886 τῷ
2772 3823 2850 3885 οη⁹
2876 3814 3079 3884 ψαλμῷ
3153 3813 3333 3865 κεῖται
3356 3828 3369 3841 ⁸
3415 3807 3772 3880 πληθυντικῷ

2184 3914 2240 3966 δὲ
2280 3915 2460 3965 ἐκεῖσε
2488 3909 2804 3981 χαρακτῆρι
2833 3906 3226 3976 ὲκπεςρώνηται
3259 3946 3272 3962 .

2257 4005 2545 4072 ”Υψωσα;
2600 4002 2716 4069 τὴν
2766 3999 2973 4063 δεξιὰν
3020 3998 3137 4052 τῶν
3186 3997 3513 4051 θλιϐόντων
3560 3993 3769 4045 αὐτόν.

2202 4097 2349 4149 Ἀντὶ
2397 4093 2513 4158 τοῦ,
2578 4091 2948 4162 ’Υπερτέρους
2993 4090 3121 4152 τοὺς
3176 4086 3552 4146 Βαὸυλωνίους
3620 4082 3773 4135 ἐποίο

2185 4205 2343 4258 ησας.
2373 4188 2434 4239 Οἱ
2480 4186 2587 4255 γὰρ
2611 4184 2871 4245 νικῶντες
2928 4183 2985 4233 ἐν
3046 4179 3288 4248 πολέμῳ,
3348 4174 3612 4246 ὑπεράνω
3661 4172 3772 4224 τῶν

2185 4280 2503 4348 νικωμένων
2538 4276 2636 4339 τὰς
2678 4273 2889 4327 ἑαυτῶν
2917 4273 3109 4341 χεῖρας
3129 4267 3532 4330 ἀνατείνοντες,
3574 4264 3772 4316 παίου-

2188 4388 2295 4424 σιν.

2257 4460 2577 4527 Εὔφρονος
2618 4456 2848 4522 πάντας
2891 4454 3037 4521 τοὺς
3095 4451 3354 4522 ἐχθροὺς
3406 4448 3617 4503 αὐτοῦ.
3687 4448 3771 4500 τὰ

2184 4554 2403 4623 γείτονα
2435 4553 2584 4622 ἔθνη,
2616 4552 2691 4615 ὡς
2717 4552 2774 4603 ἐν
2800 4549 2878 4621 τῷ
2904 4546 2983 4618 οη¹
3006 4546 3206 4619 ψαλμῷ
3236 4546 3584 4616 προείρηται.

2270 4664 2683 4732 Ἀπέστρεψας
2744 4660 2861 4729 τὴν
2927 4659 3225 4727 ,βοήθειαν
3276 4655 3387 4723 τῆς
3455 4654 3765 4721 ῥομφαίας

2186 4758 2396 4813 αὑτοῦ.
2432 4759 2536 4809 Ἦν
2572 4754 2821 4821 συνήθως
2839 4754 2897 4806 ἐν
2932 4753 3133 4823 μάχαις
3182 4747 3332 4817 αὐτῷ
3369 4748 3659 4815 παρεῖχες.

2259 4873 2365 4927 Καὶ
2392 4873 2501 4925 οὐκ
2533 4869 2870 4924 ἁντελάσου
2905 4868 3097 4921 αὑτὸν
3124 4864 3193 4917 ἐν
3217 4861 3296 4927 τῷ
3353 4860 3618 4931 πολέμῳ.
3679 4857 3769 4929 τῷ

2188 4964 2326 5035 πρὸς
2351 4961 2762 5027 Βασυλωνίους.

2262 5072 2615 5137 Κατέλυσας
2644 5069 2763 5123 ἀπὸ
2794 5066 3173 5137 καθαρισμοῦ
3213 5066 3427 5120 αὐτοῦ.
3465 5064 3770 5117 Κατέπαυ-

2193 5180 2291 5227 σας
2340 5164 2504 5216 αὐτὸν
2547 5162 2654 5215 ἀπὸ
2695 5160 2788 5214 τοῦ
2820 5160 3089 5231 συνήθους
3136 5158 3508 5227 καθαρισμοῦ.
3569 5159 3771 5227 Περιρο

2196 5255 2511 5326 ραντηρίοις
2551 5253 2660 5323 γὰρ
2728 5252 2969 5323 ἐχρῶντο
3026 5252 3123 5304 καὶ
3184 5249 3504 5319 καθαρσίοις
3554 5250 3613 5300 ὲν
3652 5249 3770 5307 ταῖς

2192 5350 2429 5416 ἑορταῖς.
2466 5346 2564 5398 Διὰ
2591 5346 2646 5398 δὲ
2674 5343 2770 5397 τοῦ
2818 5344 3186 5413 προκειμένου
3229 5342 3291 5395 τὺ
3322 5341 3596 5411 ἑπόμενον
3628 5340 3769 5410 ἐδή-

2192 5440 2366 5493 λωσεν
2391 5454 2406 5470 ·
2439 5439 2523 5491 ὅτι
2558 5437 2793 5499 ’Λνεῖλες
2846 5436 2945 5499 τὰς
2989 5436 3182 5505 ἑορτὰς
3228 5432 3415 5487 αὐτοῦ.

2265 5723 2371 5775 Τὸν
2408 5724 2622 5790 θρόνοι·
2662 5722 2851 5775 αὐτοῦ
2897 5724 2980 5787 εἰς
3037 5722 3150 5789 τὴν
3206 5720 3322 5789 γῆν
3372 5716 3764 5786 κατέρῤαξας.
