4084 6210
313 358 422 423 925

1490 352 1882 415 COMMENT.
1930 354 2007 412 IN
2044 352 2401 414 PSALMOS.

3433 410 3451 420 ,
3470 346 3582 410 926

312 475 427 543 'l'fqv
457 467 740 540 βασιλείαν
773 467 944 524 αὐτοῦ
977 467 1355 542 ἀναστρέψας.
1392 466 1785 539 Μεταφορικδς
1834 465 1888 518 δὲ

1994 466 2113 535 ejus
2157 464 2323 519 etiam
2375 461 2646 519 erertisti.
2706 461 2805 518 Est
2857 460 3004 517 enim
3052 475 3236 517 sermo
3288 460 3583 532 metapho-

317 569 345 621 ὁ
375 567 560 633 λόγος.

395 654 802 726 Ἐσμίκρυνας
823 653 928 721 τὰς
983 652 1212 724 ἡμέρας
1256 652 1365 708 τοῦ
1407 652 1627 722 θρόνου
1679 649 1887 705 αὑτοῦ.

309 751 518 823 Χρόνον
551 749 701 817 λέγει
726 748 819 802 τὸν
861 745 1277 817 ἑπαγγελθέντα
1338 745 1420 818 τῷ
1467 743 1747 815 σπέρματι
1791 739 1888 794 τοῦ

309 828 496 909 Δασὶδ,
526 840 621 894 τὸν
648 841 730 904 είς
760 839 852 894 τὸν
879 839 1053 894 αἰῶνα
1087 838 1289 902 αἰῶνος
1308 875 1324 891 .
1362 836 1772 907 Ἐσμίκρυνας
1805 833 1885 899 δὲ,

309 935 433 990 ἀντὶ
461 931 579 1001 τθῦ,
618 931 945 1002 Συνέτεμες,
995 931 1209 1004 μακρὸν
1255 929 1649 1003 ὑποσχεθέντα.

376 1110 682 1181 Καῐέχεας
737 1108 898 1175 αὐτῷ
948 1109 1278 1179 αἰσχύνην.
1346 1109 1413 1162 Ai
1472 1111 1584 1179 γὰρ
1629 1105 1886 1178 αἰσχύναι

306 1205 418 1258 τῶν
451 1204 736 1271 ἀπογόνων
795 1202 1055 1274 αίσχύναι
1114 1202 1210 1257 τοῦ
1280 1201 1553 1273 προγόνου
1610 1200 1883 1255 δοκοῦσιν.

319 1295 706 1369 ᾘσχὺνθησαν
729 1294 840 1366 γὰρ
874 1292 1462 1367 ἐξανδραποδισθέντες
1495 1293 1593 1348 καὶ
1619 1292 1886 1355 παθόντες

303 1390 374 1440 τὰ
399 1387 727 1458 ἀτιμότατα.
834 1391 838 1394 ’

372 1570 531 1639 Ἕως
548 1572 718 1638 πότε,
734 1572 929 1642 Κύριε,
948 1573 1302 1645 ἀποστρέφῃ
1329 1576 1416 1641 είς
1437 1574 1612 1640 τέλος
1626 1589 1647 1638 ;
1662 1573 1884 1627 ἐκκαυ-

299 1663 550 1733 θήσεται
566 1664 648 1731 ὠς
664 1664 786 1732 πῦρ
807 1666 847 1734 ἡ
874 1666 1020 1735 ὀργή
1048 1682 1203 1732 σονς
1232 1666 1417 1720 Ταῦτα
1445 1668 1659 1723 ἐοίκασι
1680 1668 1794 1731 τοῖς
1824 1667 1882 1720 ὲν

298 1755 377 1826 τῷ
392 1752 471 1827 οη¹
490 1754 711 1827 ψαλμῷ.
734 1755 967 1828 Είρηται
985 1757 1095 1829 γὰρ
1116 1758 1298 1812 κάκείο
1321 1758 1476 1825 Ἕως
1495 1760 1666 1824 πότε,
1682 1760 1877 1828 Κύριε,

298 1826 636 1918 ὀργισθήσῃ
655 1826 742 1915 είς
769 1826 1455 1918 τέλοςςνὲπκαυθήσεται
1482 1851 1562 1918 ὡς
1583 1851 1703 1921 πῦρ
1731 1826 1778 1905 ὁ-
1794 1849 1886 1919 (1‘;-
1916 1826 1961 1882 Β

297 1940 414 2006 λός
445 1953 564 1995 σου
585 1954 605 2003 ;

370 2032 684 2101 Μνήσθητι
713 2033 808 2101 τίς
827 2052 948 2104 μου
968 2033 1004 2102 ἡ
1032 2035 1395 2105 ὑπόστασις.
1420 2034 1710 2107 Μνήσθητι
1740 2035 1885 2089 διατί

298 2125 562 2197 ὑπέστην,
595 2125 775 2180 εῐτουν
803 2127 1087 2197 ἑπλάσθην
1108 2144 1123 2159 '
1155 2131 1372 2193 πάντως
1404 2129 1494 2186 ἴνα
1524 2128 1634 2196 ζῶν
1669 2129 1881 2197 δοξάζω

296 2220 367 2273 τὰ
421 2220 682 2288 μεγαλεῖά
752 2238 866 2276 σου.
890 2221 990 2275 Διά
1015 2221 1176 2277 τοῦτο
1206 2222 1375 2295 ῥῦσαί
1405 2240 1474 2295 με
1496 2221 1592 2275 τοῦ
1624 2221 1881 2277 θανάτου’

295 2312 362 2365 οὗ
394 2312 506 2382 γὰρ
532 2314 585 2366 οἱ
611 2314 797 2383 νεκροὶ
825 2313 1110 2367 αἰνέσουσί
1145 2331 1228 2383 σε,
1262 2315 1462 2386 Κύριε.

370 2581 467 2651 Μὴ
491 2582 601 2651 γὰρ
620 2583 885 2651 ματαίως
929 2580 1181 2650 ἔκτισας
1219 2585 1458 2651 πάντας
1518 2585 1666 2653 τοὺς
1713 2586 1887 2652 υἱοὺς

294 2671 420 2729 τῶν
459 2673 806 2744 ἀνθρώπων.
833 2674 949 2728 Οὐκ
984 2674 1105 2745 είκῇ
1134 2675 1236 2728 καὶ
1266 2675 1449 2747 μάτην
1503 2676 1746 2741 ἔπλασας
1789 2677 1886 2731 τὸν

297 2767 614 2837 ἄνθρωπον,
650 2766 741 2819 ἶνα
772 2766 930 2836 δίκην
956 2765 1234 2836 ἀχρήστου
1276 2768 1368 2822 καὶ
1401 2768 1661 2839 περιττοῦ
1713 2786 1883 2835 τινος,

295 2859 375 2923 ὡς
402 2859 584 2931 ἔτυχε,
617 2860 1041 2929 παραπολεῖται,
1075 2860 1193 2916 ἀλλ’
1218 2860 1389 2916 εἰκόνι
1412 2878 1508 2916 σου
1545 2860 1737 2915 τοῦτον
1777 2860 1887 2914 ἐτί-

301 2968 511 3023 μησας,
542 2952 640 3005 καὶ
662 2954 840 3021 μέγαν
870 2954 968 3008 καὶ
1011 2954 1193 3025 τίμιον
1215 2953 1504 3024 ἐποίησας.
1539 2952 1634 3006 Διδ
1666 2953 1744 3025 μὴ
1777 2969 1886 3006 πα-

299 3044 455 3117 ρίδῃς
477 3044 628 3114 ἡμᾶς
659 3043 860 3109 ἀθλίως
907 3045 1339 3116 ἀπολλυμένους.
1590 3042 1600 3054 ’

2003 575 2174 614 I‘ICII'S.

2071 650 2241 706 Vsus.
2265 651 2358 707 46.
2390 648 2683 703 Minorasti
2714 647 2826 702 dies
2875 647 3124 717 temporis
3166 646 3304 715 ejus.
3339 645 3579 715 Tempus

2001 743 2254 814 intelligit
2286 741 2615 813 promissum
2651 738 2848 795 semini
2902 737 3073 793 David
3100 780 3114 803 ,
3172 738 3318 810 quod
3365 738 3578 793 scilicet

1998 837 2243 892 futurum
2271 851 2394 892 esse
2421 834 2637 889 dixerat
2668 832 2723 887 in
2776 831 3043 887 sarculum
3090 831 3298 888 smeuli.
3332 829 3576 885 Minuiin

1996 937 2177 984 autem
2211 928 2369 993 illud,
2403 928 2509 983 hoc
2544 934 2629 983 est
2660 925 2975 991 concidisti,
3020 925 3240 980 tametsi
3262 924 3577 979 diuturnius

1998 1022 2050 1076 id
2090 1020 2207 1076 fore
2245 1020 2606 1092 promiseras.

2068 1114 2366 1184 Perfudisti
2398 1130 2516 1169 eum
2553 1112 2881 1184 confusione.
2914 1108 2990 1165 Ea
3021 1124 3262 1178 namque
3305 1124 3428 1179 quae
3479 1124 3578 1177 pn-

1995 1205 2158 1262 steris
2189 1207 2392 1276 probro
2441 1214 2609 1270 sunt,
2659 1204 2793 1276 ipsis
2852 1218 3074 1273 quoque
3131 1199 3574 1272 progenitoribus

1996 1301 2252 1357 videntur
2319 1298 2676 1369 ignominiam
2726 1296 3011 1368 inﬂigere;
3045 1294 3344 1368 ignominia
3386 1302 3571 1348 autem

1994 1395 2175 1451 all'ecti
2210 1402 2342 1452 sunt
2368 1394 2440 1449 ob
2478 1392 2877 1461 captivitatem,
2909 1400 2964 1447 et
2989 1391 3062 1448 ob
3095 1391 3265 1446 multa
3322 1389 3426 1443 alia
3477 1389 3573 1442 dc-

1994 1489 2193 1543 decora
2219 1502 2343 1559 quas
2374 1485 2520 1559 passi
2552 1493 2706 1541 sunt.

2065 1579 2232 1637 Vens.
2263 1582 2353 1636 47.
2389 1578 2684 1651 Usquequo,
2720 1576 2963 1641 Domine,
2998 1578 3250 1631 averteris
3277 1575 3331 1628 in
3353 1575 3512 1644 ﬁnem
3548 1574 3574 1629 .’

1991 1676 2298 1731 exardesrct
2329 1675 2464 1729 sicut
2494 1674 2629 1743 ignis
2654 1673 2742 1726 ira
2774 1679 2864 1725 tua
2890 1668 3056 1725 211ωο
3073 1670 3233 1725 verba
3268 1669 3337 1725 iis
3368 1668 3570 1723 similia

1994 1774 2144 1832 sunt,
2174 1780 2298 1836 qua:
2326 1764 2600 1820 habentur
2635 1764 2689 1817 in
2720 1763 2930 1833 psalmo
2947 1775 3179 1825 Lxxvm,
3211 1759 3283 1814 ibi
3320 1778 3334 1813 :
3374 1757 3573 1830 Usque—

1986 1875 2089 1929 quo
2114 1896 2129 1921 ,
2162 1856 2387 1912 Domine
2414 1896 2428 1921 ,
2460 1855 2710 1911 irasceris
2754 1855 2808 1908 in
2836 1854 3039 1923 ﬁnem?
3076 1838 3390 1906 exardescit
3436 1849 3572 1905 velut

1985 1953 2123 2025 ignis
2155 1951 2297 2005 zelus
2330 1959 2454 2004 tuus
2475 1951 2501 2003 ε)

2062 2041 2227 2096 Vens.
2253 2039 2343 2095 £8.
2368 2039 2569 2094 Memor
2597 2046 2707 2093 esto
2732 2078 2746 2103 ,
2779 2052 2897 2109 qua:
2918 2050 3036 2090 mea
3060 2033 3427 2090 subsistentia.
3464 2031 3574 2086 Mc-

1987 2145 2172 2189 mento
2199 2148 2370 2203 quare
2415 2147 2515 2202 ego
2557 2129 2905 2187 substiterim
2936 2170 2951 2192 ,
2990 2127 3093 2183 hoc
3133 2136 3218 2203 est
3243 2166 3256 2189 .
3315 2140 3417 2180 cur
3456 2124 3570 2194 pla-

1988 2231 2199 2279 smatus
2225 2223 2442 2279 fuerim.
2470 2222 2541 2277 Ea
2572 2230 2751 2277 autem
2772 2236 3021 2293 prorsus,
3041 2200 3203 2283 dicit,
3225 2233 3390 2273 causa
3416 2231 3571 2272 crea-

1988 2322 2079 2370 tus
2104 2329 2224 2370 sum
2255 2323 2315 2369 ut
2345 2315 2532 2371 vivens
2563 2316 2838 2387 magnalia
2868 2323 2962 2370 tua
2988 2312 3378 2385 glorificarem.
3406 2311 3570 2378 Eripe

1988 2406 2178 2479 igitur,
2208 2422 2398 2477 quaeso
2426 2451 2440 2469 .
2475 2423 2561 2461 me
2587 2422 2619 2460 a
2660 2419 2834 2464 morte
2863 2425 2879 2475 ;
2935 2421 3111 2478 neque
3161 2406 3311 2459 enim
3362 2401 3566 2456 mortui

1988 2498 2293 2554 laudabunt
2333 2506 2407 2564 te,
2444 2499 2692 2554 Domine.

2061 2586 2184 2642 Non
2218 2588 2357 2643 enim
2382 2604 2511 2642 sane
2533 2588 2730 2642 creasti
2759 2603 2937 2642 omnes
2962 2586 3101 2656 filios
3133 2585 3427 2641 hominum.
3447 2583 3571 2639 Non

1988 2680 2193 2735 frustra
2244 2695 2347 2737 nec
2392 2681 2512 2736 sine
2558 2695 2730 2736 causa
2784 2680 3062 2736 hominem
3113 2677 3399 2749 plasmasti
3428 2715 3444 2742 ,
3509 2683 3572 2730 ut

1988 2774 2203 2831 inutilis
2248 2787 2313 2829 ac
2346 2772 2636 2843 superfluae
2685 2772 2997 2842 cujuspiam
3049 2772 3129 2827 rei
3174 2771 3352 2827 instar
3391 2769 3569 2841 perire

1988 2865 2227 2931 debeat;
2284 2865 2535 2934 quinimo
2587 2864 2827 2928 imagine
2876 2862 3030 2916 illum
3084 2870 3179 2917 tua
3241 2861 3570 2926 honorasti,

1990 2970 2360 3025 magnumque
2401 2963 2456 3009 et
2513 2953 2892 3008 honorabiletn
2947 2952 3145 3008 fecisti.
3192 2950 3270 3008 Ne
3298 2953 3572 3022 despicias

1990 3049 2161 3118 igitur
2192 3063 2296 3104 nos
2323 3048 2526 3103 misere
2559 3055 2876 3118 pereuntes.

374 3136 472 3202 Τίς
499 3136 673 3191 ἐστιν
690 3136 1025 3205 ἅνθρωπος,
1046 3137 1114 3204 ὃς
1133 3136 1373 3206 ζήσεται
1399 3138 1500 3193 καὶ
1541 3141 1653 3193 οὐκ
1676 3139 1883 3208 ὄψεται

2062 3140 2228 3196 Vens.
2256 3137 2346 3194 49.
2375 3138 2502 3204 Quis
2522 3146 2599 3193 est
2636 3135 2812 3200 homo,
2849 3136 2942 3207 qui
2969 3136 3101 3190 vivet
3128 3176 3144 3201 ,
3170 3142 3221 3189 et
3252 3150 3358 3189 non
3378 3132 3572 3189 uidebit

298 3224 608 3292 adt-ator;
648 3226 903 3294 ῥύσεται
925 3226 1041 3296 τὴν
1073 3226 1288 3297 ψυχὴν
1325 3226 1514 3282 αὐτοῦ
1559 3227 1628 3282 ἐκ
1686 3228 1888 3297 χειρὸς

299 3318 494 3387 ᾄδου;
525 3318 598 3371 Τὸ
625 3318 720 3384 Τίς
757 3318 882 3372 ἀντὶ
913 3319 1009 3373 τοῦ
1036 3318 1216 3381 οὐδείς
1242 3336 1256 3351 ’
1301 3316 1626 3386 ἐξακούεται
1688 3318 1747 3373 δὲ
1790 3320 1887 3374 καίΙ

301 3408 396 3461 ἐπὶ
424 3407 682 3477 δευτέρου
735 3407 944 3479 στίχου,
990 3407 1087 3463 τοῦ
1118 3409 1392 3473 ῥύσεται.
1444 3411 1622 3482 Χεῖρα
1670 3410 1728 3465 δὲ
1757 3410 1885 3483 ᾅδου

297 3500 452 3569 λέγει
501 3499 599 3570 τὴν
665 3501 1020 3572 κατάσχεσιν,
1077 3499 1180 3574 τὴν
1212 3503 1527 3574 τυραννίδα.
1577 3504 1736 3558 Ἐπεὶ
1788 3506 1887 3559 καὶ

301 3590 646 3658 ἀναγκαίως,
706 3593 898 3662 φησὶν,
938 3592 1239 3649 ἀποθανεῖν
1292 3596 1589 3666 μέλλομεν,
1642 3596 1720 3661 ῶς
1753 3597 1884 3669 θνη-

304 3682 406 3753 τὴν
436 3682 700 3753 λαχόντες
731 3683 920 3754 φύσιν,
948 3685 1120 3751 ζῶσιν
1148 3687 1283 3758 ἡμῖν
1316 3687 1543 3750 μετάδος
1575 3687 1888 3759 φιλανθρω-

308 3776 463 3841 πίας.

374 4047 502 4105 Ποῦ
533 4051 652 4104 εισι
698 4048 770 4105 τὰ
811 4050 955 4119 enen
1009 4064 1128 4106 σου
1167 4050 1239 4105 τὰ
1288 4050 1530 4121 ἀρχαῖα,
1577 4052 1775 4121 Κύριε.
1850 4056 1888 4109 d

303 4141 548 4212 ὤμοσας
570 4142 650 4208 τῷ
682 4142 864 4197 Δαόὶδ
889 4143 960 4197 ὲν
982 4143 1059 4213 τῇ
1087 4144 1339 4212 ἀληθείᾳ
1369 4162 1511 4213 σου;
1554 4147 1709 4218 Ἐλέη
1734 4148 1892 4202 καλεί

303 4235 406 4298 τὰς
443 4234 782 4304 ἐπαγγελίας
820 4234 921 4297 τὰς
975 4236 1107 4307 περὶ
1150 4236 1246 4289 τοῦ
1278 4237 1595 4308 σπέρματος
1638 4240 1733 4294 καὶ
1789 4242 1888 4312 τῆς

309 4324 595 4395 βασιλείας
626 4325 797 4379 Δαὸίδ
816 4342 832 4358 ·
868 4325 1101 4398 ἐλεήσας
1132 4326 1242 4398 γὰρ
1266 4329 1294 4380 ὁ
1324 4327 1459 4391 Θεὸς
1492 4331 1623 4393 τοὺς
1677 4330 1889 4402 ἀνθρὼ-

305 4433 464 4481 πους,
524 4416 725 4480 ταύτας
759 4417 1050 4487 ὑπέσχετο.
1103 4416 1339 4489 Ἀρχαῖα
1386 4418 1444 4471 δὲ
1482 4418 1621 4488 πρὸς
1655 4420 1747 4475 τὸν
1773 4421 1888 4474 ίκε-

1990 3236 2254 3291 mortem?
2285 3241 2429 3288 eruet
2472 3247 2688 3287 manum
2721 3245 2872 3285 suam
2905 3230 2969 3284 dc
3010 3243 3174 3282 manu
3217 3224 3460 3295 inferni?
3504 3256 3577 3270 -—-

1991 3328 2122 3396 Quis
2152 3328 2339 3398 posuit
2370 3339 2471 3396 pro
2499 3323 2706 3390 nullus,
2739 3331 2795 3379 et
2822 3320 3208 3378 subaudienila
3246 3324 3335 3375 est
3379 3315 3573 3373 eadem

1988 3418 2180 3480 dictio.
2213 3418 2269 3471 in
2309 3414 2555 3471 secundo
2620 3413 2917 3480 versiculo,
2977 3426 3041 3467 ac
3108 3411 3153 3468 si
3199 3411 3452 3467 diceret:
3506 3406 3575 3462 Et

1988 3512 2113 3582 quis
2146 3518 2253 3575 est,
2282 3508 2373 3578 qui
2403 3515 2580 3572 eruet,
2612 3514 2718 3562 etc.
2747 3506 2850 3561 Per
2886 3503 3085 3563 inferni
3140 3518 3273 3560 vero
3325 3516 3576 3565 manum,

1990 3602 2401 3675 possessionem
2458 3608 2512 3654 et
2548 3597 2892 3669 tyrannidem
2933 3594 3127 3651 mOrtis
3181 3594 3479 3663 intelligit;
3520 3600 3576 3648 et

1988 3695 2247 3766 quoniam
2278 3691 2592 3747 necessario
2627 3689 2868 3743 futurum
2897 3698 3019 3753 est,
3048 3697 3105 3741 ut
3133 3687 3439 3742 moriamur
3461 3727 3475 3750 ,
3507 3701 3575 3740 eo

1991 3784 2138 3855 quod
2169 3783 2450 3840 mortalom
2486 3780 2753 3835 habemus
2790 3787 3074 3839 naturain,
3116 3786 3421 3847 opportune
3448 3790 3574 3845 par—

1990 3876 2206 3945 ticipari
2243 3874 2346 3929 sibi
2385 3882 2538 3943 optat
2567 3871 2659 3925 Dei
2711 3870 3149 3925 misericordiam
3207 3870 3262 3923 in
3318 3865 3571 3938 praesenti

1989 3973 2122 4032 vita,
2149 3968 2339 4023 dicens
2371 3984 2384 4020 :

2064 4061 2231 4116 Vens.
2273 4060 2363 4116 50.
2416 4058 2517 4114 Ubi
2559 4066 2682 4112 sunt
2726 4054 3107 4111 misericordia
3143 4063 3249 4108 tua:
3290 4052 3527 4124 antiqua!
3557 4092 3574 4119 ,

1993 4153 2237 4215 Domine,
2267 4168 2399 4223 quas
2438 4149 2632 4218 iurasti
2669 4145 2838 4201 David
2883 4146 2941 4199 in
2992 4145 3215 4200 veritate
3280 4144 3411 4198 tua?
3475 4141 3578 4198 Per

1997 4246 2432 4310 misericordias,
2466 4243 2861 4313 promissiones
2887 4239 3140 4310 intelligit
3194 4253 3223 4291 a
3257 4238 3366 4292 Deo
3405 4237 3579 4292 factas

1996 4338 2064 4392 de
2088 4336 2300 4391 semine
2331 4342 2386 4389 et
2418 4333 2485 4387 de
2527 4348 2693 4402 regno
2738 4328 2931 4385 David.
2980 4328 3206 4384 Summa
3253 4328 3399 4383 enim
3451 4342 3580 4397 erga

1996 4429 2252 4484 homines
2282 4423 2661 4482 misericordia
2696 4433 2878 4478 motus
2917 4421 3097 4477 fuerat
3130 4420 3272 4476 Deus
3298 4458 3314 4485 ,
3365 4427 3425 4474 ut
3481 4419 3582 4471 hu-

307 4509 540 4562 τεύοντα
610 4508 774 4562 λαόνο
805 4500 868 4561 οὗ
929 4507 1148 4572 πολλοῖς
1210 4509 1357 4564 ἔτεσι
1393 4511 1828 4582 προγενέστερος
1861 4513 1888 4566 ὀ

1997 4518 2242 4593 jusmodi
2274 4518 2673 4589 promissioncs
2703 4515 2929 4572 faceret.
2962 4516 3230 4586 Antiquas
3267 4522 3450 4568 autem
3482 4513 3582 4566 has

305 4601 474 4654 Δασίδ
496 4617 511 4632 ⁸
550 4601 623 4653 Ἥ
667 4602 891 4672 ἀρχαῖα,
909 4600 1044 4655 διότι
1065 4601 1172 4672 πρὸ
1185 4602 1297 4656 τῶν
1321 4602 1538 4658 αἰώνων
1563 4602 1886 4676 ῶρίσθησαν

307 4692 386 4764 τῷ
414 4692 535 4763 Θεῷ
555 4711 570 4725 ο
600 4694 734 4766 φησὶ
759 4694 871 4766 γὰρ
905 4693 1151 4758 Παῦλος·
1189 4694 1261 4749 Τὸ
1283 4693 1626 4764 μυστήριον
1654 4696 1721 4750 τὸ
1738 4696 1891 4752 ἀπο-

307 4785 727 4854 κεκρυμμένον
765 4786 882 4856 πρὸ
913 4785 1037 4840 τῶν
1060 4785 1314 4842 αιὼνων.
1360 4787 1593 4851 Ἡσαΐας
1615 4788 1671 4842 δὲ
1699 4788 1894 4862 βουλὴν

304 4876 547 4946 ἀρχαίαν
599 4876 864 4948 ἀληθινὴν
927 4878 1155 4933 ἐκάλεσε
1222 4878 1425 4936 ταῦτα.
1489 4880 1758 4949 ’Ὤμοσας
1811 4883 1890 4948 δὲ,

240 4965 257 4971 ’
306 4966 435 5021 ἀντὶ
489 4967 728 5031 Βεόαίως
748 4969 1088 5037 ὲπηγγείλω.
1117 4969 1225 5024 Ἐν
1258 4967 1334 5039 τῇ
1362 4971 1615 5039 ἀληθείᾳ
1639 4989 1758 5028 σου
1797 4973 1887 5038 δὲ,

310 5056 437 5114 ἀντὶ
462 5059 582 5125 ﬂii,
614 5061 706 5116 Ἐν
732 5060 810 5131 τῷ
843 5060 1053 5132 ἀληθὴς
1092 5058 1253 5115 εἶναι.

2002 4611 2397 4686 promissiones
2426 4611 2700 4666 ideo'esse
2722 4608 2880 4675 dicit,
2912 4608 3054 4679 quod
3086 4605 3423 4678 supplicanti
3449 4606 3581 4658 olim

2001 4706 2201 4778 populo
2221 4705 2379 4761 facta:
2396 4703 2614 4759 fuerant
2638 4723 2649 4758 :
2683 4716 2793 4774 quo
2815 4701 3019 4775 populo
3043 4701 3236 4756 beatus
3258 4698 3421 4752 David
3445 4697 3585 4752 mul-

2002 4801 2073 4853 tis
2098 4795 2260 4850 annis
2290 4800 2410 4851 erat
2429 4794 2618 4864 junior
2642 4810 2656 4847 :
2682 4792 2786 4858 vel,
2816 4792 2943 4860 quia
2977 4799 3104 4846 ante
3134 4788 3395 4844 saeculum
3421 4802 3450 4842 a
3474 4785 3585 4842 Deo

2000 4888 2077 4943 ita
2103 4884 2528 4942 determinatum
2561 4884 2763 4949 fuerat,
2796 4892 2855 4938 ut
2881 4884 2956 4937 ait
2985 4881 3190 4936 Paulus
3243 4880 3315 4935 de
3368 4876 3580 4932 Christi

2005 4979 2267 5047 mysterio
2297 4977 2365 5040 ”,
2392 4975 2780 5031 absconditum
2834 4974 3093 5044 inquiens
3138 4970 3311 5026 fuisse
3360 4967 3415 5023 id
3462 4983 3620 5039 my-,
3658 4974 3661 4977 λ

2003 5070 2233 5124 sterium
2273 5076 2399 5123 ante
2430 5068 2654 5124 saecula.
2680 5067 2853 5123 Isaias
2888 5068 3053 5121 etiam
3086 5065 3184 5121 has
3215 5065 3305 5119 Dei
3365 5060 3583 5116 miseri-
3611 5046 3617 5070 ³

310 5148 532 5205 cordias
548 5150 835 5220 antiquum
880 5159 934 5206 et
951 5167 1138 5207 verum
1172 5152 1464 5209 consilium
1487 5155 1872 5226 appellavit".
1912 5155 2128 5213 Iurasti
2161 5170 2371 5226 autem,
2407 5159 2512 5216 hoc
2578 5167 2661 5215 est
2686 5199 2701 5223 ,
2772 5160 3103 5215 Constanter
3154 5156 3427 5229 pollicitus
3474 5167 3534 5206 es
3560 5190 3577 5208 .

311 5242 381 5298 In
420 5244 642 5300 veritate
668 5253 781 5309 tua,
811 5244 914 5299 hoc
942 5254 1047 5307 est,
1080 5242 1217 5311 Quia
1252 5260 1416 5300 verax
1461 5263 1543 5302 es.

382 5337 722 5405 Μνήσθητι.
753 5337 948 5405 Κύριε.
968 5336 1077 5392 τοῦ
1123 5338 1472 5408 ὀνειδισμοῦ
1504 5339 1623 5393 τῶν
1653 5340 1888 5395 δούλων

1998 5348 2023 5370 ⁸·
2074 5343 2234 5398 Vsus.
2253 5342 2343 5398 51.
2364 5340 2571 5395 Mentor
2597 5348 2730 5404 esto,
2755 5337 2991 5398 Domine,
3013 5333 3284 5401 opprobrii
3310 5347 3577 5387 servorum
3636 5376 3657 5403 κ

312 5446 454 5495 σου,
517 5424 591 5485 οὗ
650 5428 934 5498 ὑπέσχον
990 5429 1158 5495 ἐντῷ
1208 5432 1417 5495 κόλπῳ
1463 5448 1585 5500 μου
1639 5431 1888 5486 πολλῶν

1998 5447 2212 5491 tuorum
2237 5476 2252 5498 ,
2279 5436 2417 5505 quod
2454 5432 2689 5487 continui
2720 5433 2772 5483 in
2802 5431 2923 5484 sinu
2958 5443 3069 5481 meo
3123 5428 3412 5479 multarunt
3449 5440 3575 5494 gen-

312 5519 735 5578 ἐθνῶν.-Τῶν
751 5520 989 5575 δούλων
1005 5537 1144 5587 σου,
1174 5522 1283 5575 τῶν
1311 5521 1599 5592 Ἐϐραίων,
1616 5524 1712 5578 τοῦ
1742 5524 1888 5596 παρά

1996 5529 2151 5581 tium.
2185 5557 2253 5567 —
2278 5527 2559 5581 Seroorum
2606 5534 2817 5576 tuorum
2842 5563 2859 5588 ,
2922 5519 3275 5575 llebrmorum
3334 5516 3573 5579 scilicet,

314 5613 529 5668 πολλῶν
550 5612 720 5666 ἐθνῶν
736 5613 890 5683 παρά
909 5630 968 5667 τε
979 5613 1086 5667 τῶν
1106 5615 1658 5684 αἰχμαλωτισθέντων
1672 5615 1888 5672 καὶτῶν

1996 5619 2146 5690 quod
2176 5618 2536 5690 opprobrium
2568 5632 2599 5671 a
2626 5615 2813 5671 multis
2845 5612 3102 5685 gentibus
3136 5608 3375 5667 sustinui
3402 5648 3418 5676 ,
3448 5622 3573 5678 quae

394 5792 435 5825 ⁶⁹
471 5790 690 5848 Coloss.
723 5809 761 5858 ι,
793 5792 883 5847 26.
956 5792 1007 5826 ⁷⁸
1043 5791 1148 5847 lsa.
1187 5806 1336 5857 nrt,
1369 5790 1456 5846 lO.
