4082 6230
328 283 435 346 92)

1481 281 1800 344 ΟΟΜΜΕΝ
1806 283 1874 343 Τ.
1919 282 1999 345 ΙΝ
2042 279 2412 342 PSALMOS.

3460 284 3567 351 930

391 401 488 467 Μὴ
540 401 933 470 ἀποστρέψης
987 401 1302 470 ἄνθρωπον
1351 403 1439 466 είς
1498 401 1887 457 ταπείνωσιν.

2067 399 2234 456 Vens.
2268 401 2322 454 5.
2375 398 2457 455 Νι
2505 411 2716 456 avertas
2759 402 3023 458 hominem
3077 406 3131 459 in
3189 406 3566 466 humilitatem.

322 492 564 563 Διάφορα
595 494 712 564 εἴδη
741 494 1125 558 ταπεινώσεως
1193 494 1347 562 παρὰ
1402 497 1468 565 τῇ
1503 492 1628 565 θείᾳ⁸
1677 494 1892 565 Γραφῇ.

323 584 557 652 Λέγεται
586 586 693 654 γὰρ
718 584 1046 649 ταπείνωσις
1072 586 1106 655 ἡ
1140 584 1579 656 μετριοφροσύνη
1619 601 1634 615 ⁶
1665 584 1895 641 Μάθετε

321 675 450 745 γὰρ,
493 674 678 745 φησιν,
710 676 812 730 ἀπ’
838 676 1008 745 ἐμοῦ,
1037 677 1126 730 ὅτι
1153 674 1340 745 πρᾶός
1391 678 1509 746 ειμι
1555 677 1653 731 καί
1692 692 1895 731 ταπει-

322 765 429 831 νὸς
460 763 531 832 τῇ
557 764 769 832 καρδίᾳ
797 783 807 795 ·
852 767 944 819 καὶ
973 768 1001 821 6
1022 767 1131 819 ἀπὸ
1154 767 1458 836 πειρασμοῦ
1488 767 1891 837 σωφρονισμὺς,

323 856 396 918 ὼς
422 858 503 908 τό·
555 857 804 927 Ἀγαθον
829 876 952 926 μοι,
1003 860 1093 912 ὅτι
1136 857 1545 926 ἐταπείνωσάς
1566 876 1644 928 με
1680 876 1694 890 ·
1732 861 1826 913 καὶ
1862 861 1896 931 ἡ

325 946 670 1017 καθαίρεσις,
706 949 780 1012 ti),-
810 949 872 1001 τό
903 950 1021 1003 ’Σὺ
1059 950 1490 1015 ἐταπείνωσας,
1523 951 1604 1018 ὡς
1641 965 1898 1021 τραυμιεῑ·⁵

325 1041 481 1104 τίαν,
514 1042 939 1112 ὑπερήφανον·
973 1044 1067 1097 καὶ
1096 1044 1157 1097 τὸ
1201 1044 1540 1113 ὑποταγῆναι
1570 1043 1648 1114 τῷ
1693 1044 1891 1115 ἐχθρῷ»

325 1132 399 1194 ὡς
428 1132 486 1186 τὸ
518 1133 881 1203 προκείμενον
911 1135 1075 1206 ρητόν
1096 1152 1109 1167 ·
1135 1136 1225 1206 Μὴ
1257 1137 1686 1206 παραχωρήσῃς,
1706 1138 1895 1205 φησιν,

326 1224 752 1296 ἀποστραφῆναι
802 1226 883 1291 εἰς
933 1226 1131 1282 ταυτὸν
1177 1226 1463 1299 ἄνθρωπον
1505 1228 1894 1297 καταφυγόντα

325 1317 405 1381 είς
440 1317 520 1371 σέ.

395 1596 503 1654 Καὶ
529 1594 721 1667 εἴπας*
769 1601 1224 1673 Ἐπιστρέψατε,
1255 1606 1373 1662 υἱοί
1394 1604 1517 1663 τῶν
1543 1609 1889 1678 ἀνθρώπων.

329 1688 436 1741 Καὶ
468 1691 576 1761 γὰρ
605 1696 669 1747 σὺ
709 1690 868 1759 εἶπας
894 1712 907 1727 ·
929 1690 999 1749 Ὦ
1017 1697 1123 1749 υίοὶ
1151 1697 1260 1751 τῶν
1289 1699 1612 1769 ἀνθρώπων,
1631 1702 1892 1773 ἐπιστρέ-

324 1780 485 1850 dum.
520 1778 653 1836 Εἷπε
679 1784 736 1838 δὲ
765 1786 924 1841 τοῦτο
953 1790 982 1842 ὁ
1017 1788 1151 1853 Θεὸς
1178 1790 1237 1842 ἐν
1262 1790 1543 1863 διαφόροις
1569 1794 1754 1857 τόποις
1795 1794 1893 1864 τῆς

323 1873 624 1945 Μωσαῦιῆς
661 1877 1056 1948 Πεντατεύχου.
1091 1880 1253 1948 Δέξαι
1288 1881 1381 1936 οῦν
1415 1884 1584 1953 ἡμᾶς,
1634 1886 1888 1956 ἐπιστρέ-

323 1982 545 2037 φοντας.

394 2058 521 2111 Ὅτι
565 2059 733 2129 χίλια
769 2060 874 2129 ἔτη
924 2063 995 2116 ὲν
1023 2064 1348 2132 ὀφθαλμοῖς
1395 2082 1536 2132 σου,
1573 2068 1784 2137 Κύριε,
1815 2070 1894 2135 ὡς

324 2144 513 2217 ἡμέρα
556 2150 595 2217 ἡ
646 2151 787 2218 χθὲς
843 2152 974 2219 ἣτις
1050 2153 1285 2221 διῆλθε,
1349 2156 1449 2212 καὶ
1517 2159 1762 2227 φυλακή
1825 2161 1896 2215 ἐν

324 2240 526 2295 νυκτί.
557 2242 663 2294 Καὶ
695 2242 855 2297 τοῦτο
889 2246 1022 2314 πρὸς
1050 2246 1322 2311 ἀπόδειξιν
1342 2248 1443 2316 τῆς
1472 2249 1769 2320 ἀϊδιότητος
1795 2252 1891 2306 τοῦ

325 2330 462 2384 Θεοῦ
508 2332 808 2403 παρέλαϐε.
853 2335 1018 2403 Λέγει
1046 2336 1178 2407 γὰρ,
1232 2338 1313 2390 ὅτι
1351 2338 1431 2392 Τὰ
1457 2338 1602 2408 χίλια
1642 2340 1736 2411 ἔτη
1763 2342 1896 2397 ἑνώ-

325 2420 449 2474 πιόν
479 2438 572 2475 σου
612 2423 753 2477 οὕτω
799 2424 1103 2493 λογίζονται
1137 2432 1329 2497 χρόνος
1371 2445 1456 2492 τις
1498 2430 1640 2498 ἄγαν
1683 2431 1891 2505 βραχύ-

324 2525 504 2574 τατος,
532 2512 609 2574 ὡς
653 2516 746 2565 καὶ
786 2514 918 2584 παρ’
948 2516 1107 2584 ἡμῶν
1155 2517 1185 2585 ἡ
1233 2516 1333 2584 μία
1371 2518 1578 2589 ἡμέρα,
1615 2522 1708 2573 καὶ
1750 2522 1893 2592 αὕτη

324 2600 671 2669 παρελθοῦσα
700 2619 713 2631 ”
745 2602 902 2657 τοῦτο
932 2604 1039 2676 γὰρ
1077 2604 1227 2674 δηλοῖ
1247 2605 1309 2660 τὸ
1329 2607 1500 2674 Χθές.
1527 2609 1600 2662 Τὸ
1620 2610 1700 2678 δὲ,
1724 2612 1895 2679 ἸΙτις

324 2682 533 2752 διῆλθε
570 2691 1034 2761 ἑφερμηνευτικὸν
1050 2693 1144 2747 τοῦ
1170 2694 1319 2764 χθές.
1347 2694 1410 2748 Ἦ
1426 2696 1535 2768 γὰρ
1552 2701 1893 2769 παρελθοῦσα

326 2776 641 2851 βραχυτέρα
668 2781 815 2836 δοκεῖ
830 2787 929 2855 τῆς
957 2785 1283 2857 ἐνεστώσης.
1314 2787 1425 2843 Καὶ
1448 2786 1625 2857 αὖθις,
1661 2793 1734 2857 ὡς
1756 2793 1895 2863 λογίο

327 2869 479 2933 (erat
509 2874 641 2944 παρ’
670 2875 799 2944 ἡμῖν
819 2876 881 2930 τὸ
896 2878 1331 2949 τεταρτημόριον
1356 2878 1458 2950 τῆς
1481 2882 1672 2946 νυκτός
1697 2900 1710 2915 ·
1738 2884 1897 2941 τοῦτο

325 2961 436 3032 γὰρ
484 2962 736 3035 φυλακὴν
777 2967 838 3020 ἑν
882 2968 1041 3022 νυκτὶ
1084 2969 1309 3024 ἐκάλεσε
1335 2985 1351 3002 ·
1391 2969 1491 3040 τῆς
1539 2971 1647 3044 γὰρ
1700 2974 1894 3039 νυκτὸς

1997 491 2183 550 Variis
2211 492 2390 549 modis
2412 494 2696 549 humilitas
2722 495 2995 563 accipitur
3023 499 3165 566 apud
3193 500 3565 572 Scripturam.

1992 586 2309 656 Aliquando
2330 585 2479 640 enim
2510 587 2736 654 ponitur
2761 602 2860 656 pro
2891 588 3183 653 modestia,
3218 592 3564 658 juxtaillud:

1995 678 2196 734 Discite
2225 696 2258 732 a
2283 694 2364 733 me
2388 719 2406 743 ,
2438 680 2562 749 quia
2600 681 2745 734 mitis
2775 696 2893 736 sum
2938 690 2989 736 et
3037 682 3258 739 humilis
3314 686 3473 739 corde
3497 688 3564 743 ".

1996 767 2305 837 Aliquando
2335 783 2434 838 pro
2464 768 2557 823 illa
2591 771 2976 840 castigatione,
3012 789 3137 842 qua:
3167 775 3235 829 tle
3255 776 3567 833 afﬂictioni-

1995 858 2098 915 bus
2126 858 2395 925 provenit,
2427 858 2584 927 juxta
2620 859 2753 914 illud
2783 877 2797 914 :
2830 859 3037 916 Bonum
3071 863 3225 931 mihi,
3251 854 3571 931 quia/mmi-

1995 949 2143 1004 tiasti
2170 951 2332 1004 me".
2364 950 2673 1020 Aliquando
2692 952 2859 1008 etiam
2878 969 2978 1023 pro
2997 955 3393 1021 destructione,
3413 959 3570 1029 juxta

1995 1041 2126 1097 illud
2161 1060 2173 1096 :
2207 1041 2284 1096 Tu
2316 1042 2631 1103 Immiliasti.
2653 1045 2807 1106 quasi
2829 1045 3183 1112 vulneratum,
3208 1051 3566 1119 superbum".

2002 1132 2069 1189 Et
2128 1133 2425 1203 aliquando
2476 1149 2576 1204 pro
2621 1135 3004 1205 subiectione,
3056 1140 3224 1194 veluti
3275 1157 3400 1196 eunt
3444 1143 3577 1212 quis

1994 1225 2248 1282 hostibus
2277 1226 2393 1280 suis
2420 1226 2749 1296 subjicitur;
2792 1237 2849 1283 et
2888 1229 2993 1285 hoc
3041 1240 3203 1301 pacto
3244 1233 3472 1303 ponitur
3514 1236 3573 1289 in

1996 1319 2251 1389 praesenti
2310 1319 2519 1390 psalmo
2553 1337 2569 1373 :
2601 1319 2678 1377 Ne
2734 1323 3025 1390 permittas
3067 1339 3191 1393 me,
3237 1326 3460 1396 inquit,
3508 1326 3567 1381 in

1996 1410 2140 1464 hanc
2172 1408 2539 1466 humilitatem
2573 1411 2860 1479 converti,
2891 1422 3182 1484 postquam
3215 1416 3281 1471 ad
3334 1424 3388 1473 te
3437 1431 3575 1472 con-

1995 1497 2130 1567 fugi.

2071 1591 2140 1645 Et
2166 1592 2378 1657 dixisti,
2407 1593 2787 1649 Comertimini
2806 1595 2909 1665 ﬁlii
2929 1597 3219 1654 hominum.
3235 1599 3345 1666 Tu,
3366 1599 3568 1671 inquit,

1952 1755 1967 1778 ’
1992 1683 2205 1747 dixisti,
2230 1684 2381 1739 Otllii
2413 1685 2721 1752 hominum,
2746 1689 3154 1744 convertimini.
3181 1690 3362 1747 Multis
3386 1701 3568 1747 autem

2000 1775 2053 1830 in
2094 1775 2230 1831 locis
2267 1776 2319 1831 id
2347 1777 2556 1831 dictum
2592 1778 2825 1848 legimus
2854 1778 3025 1838 fuisse
3060 1796 3091 1836 a
3128 1780 3261 1849 Deo,
3295 1784 3569 1853 praecipue

1992 1866 2137 1936 apud
2165 1865 2402 1936 Moysem
2438 1884 2454 1922 :
2496 1868 2729 1939 Suscipe
2758 1870 2926 1940 igitur
2974 1886 3099 1940 nos,
3142 1876 3236 1946 qui
3290 1876 3567 1932 converti-

1996 1974 2123 2012 mur
2158 1959 2229 2011 ad
2263 1969 2336 2013 te.

2070 2048 2232 2102 Vsus.
2272 2048 2329 2103 4.
2364 2047 2630 2113 Quoniam
2653 2051 2799 2107 mille
2825 2052 2956 2107 anni
2989 2054 3047 2107 in
3086 2055 3256 2110 oculis
3290 2058 3396 2111 tuis
3420 2098 3434 2123 ,
3462 2058 3573 2113 Do-

1999 2147 2137 2200 mine
2162 2188 2175 2211 ,
2204 2149 2339 2202 sicut
2358 2149 2473 2202 dies
2507 2148 2750 2203 hesterna
2777 2166 2893 2219 qum
2925 2152 3189 2218 prateriit
3211 2192 3225 2217 ,
3256 2164 3306 2207 et
3326 2157 3571 2210 custodia

1992 2242 2050 2294 in
2078 2250 2248 2295 nocte.
2288 2238 2404 2295 Hoc
2437 2238 2600 2295 etiam
2635 2239 2839 2294 dictum
2868 2249 2952 2296 est
2978 2241 3043 2296 ad
3082 2241 3566 2301 demonstrandam

1999 2331 2092 2385 Dei
2120 2332 2501 2386 artemitatem.
2559 2330 2721 2392 Mille,
2753 2331 2955 2402 inquit.
2994 2334 3120 2387 anni
3146 2347 3330 2389 coram
3367 2344 3419 2392 te
3458 2345 3568 2392 tam

1997 2423 2161 2478 breve
2196 2430 2412 2492 tempus
2435 2430 2802 2491 reputantur,
2865 2439 3030 2493 quam
3082 2425 3228 2493 apud
3290 2442 3392 2483 nos
3452 2426 3613 2485 dies.

1996 2527 2105 2566 una
2136 2512 2220 2566 vel
2247 2525 2368 2582 qum
2393 2511 2506 2581 jam
2537 2513 2704 2566 etiam
2740 2514 3087 2583 praeterierit.
3139 2516 3367 2572 Brevior
3416 2533 3572 2574 nam-

1997 2620 2102 2674 que
2133 2605 2351 2659 videtur
2377 2618 2447 2659 ea
2469 2604 2610 2672 dies,
2643 2620 2766 2675 quae
2796 2609 3078 2676 praeteriit,
3120 2624 3285 2681 quam
3324 2626 3389 2666 ea
3449 2628 3574 2684 quas

1998 2697 2177 2751 adhuc
2198 2709 2442 2767 praesens
2471 2704 2601 2753 est:
2632 2705 2686 2751 et
2722 2713 2915 2754 rursus
2940 2738 2955 2763 ,
2993 2707 3102 2754 tam
3154 2701 3317 2758 breve
3354 2710 3572 2775 tempus

1997 2798 2279 2859 reputatur
2344 2788 2491 2842 mille
2531 2788 2661 2842 anni
2696 2803 2879 2844 coram
2935 2799 2988 2844 te
3015 2831 3030 2854 ,
3079 2806 3242 2861 quam
3297 2791 3439 2862 apud
3467 2809 3568 2850 nos

1999 2888 2282 2950 reputatur
2333 2886 2526 2951 quarta
2567 2893 2694 2949 pars
2748 2880 3167 2949 noctis:quam
3201 2891 3411 2951 partem
3470 2899 3570 2940 no-

1999 2973 2103 3027 ctis
2134 2971 2439 3027 custodiam
2474 2971 2791 3042 appellavit.
2846 2971 3036 3028 Solent
3073 2974 3221 3029 enim
3278 2974 3313 3030 ii
3367 2976 3460 3045 qui
3512 2977 3569 3033 in

327 3053 408 3117 είς
449 3054 696 3128 τέσσαρα
739 3058 881 3131 μέρη
914 3062 1029 3124 τοῖς
1054 3060 1348 3130 ἀμοιϐαδὸν
1391 3063 1894 3133 νυκτοφυλακοῦσιν

1999 3063 2245 3119 exercitu
2276 3077 2374 3133 per
2416 3062 2565 3119 vices
2619 3063 2902 3120 custodias
2959 3064 3212 3132 faciunt,
3271 3068 3572 3139 quamlibet

330 3147 389 3199 ιν
438 3151 824 3221 στρατοπέδοις
874 3152 1241 3224 διῃρημένης,
1292 3154 1574 3224 ἐπήγαγεν
1604 3155 1684 3209 ἔτι
1716 3156 1898 3227 πολλῷ

330 3239 667 3314 βραχύτερον
690 3243 752 3298 τὸ
779 3246 1214 3318 τεταρτημόριον
1240 3245 1342 3316 τῆς
1378 3246 1571 3311 νυκτός
1595 3265 1610 3279 ο
1643 3248 1775 3301 διότι
1799 3250 1895 3305 καὶ

334 3329 366 3398 ἡ
406 3330 502 3396 νὺξ
529 3332 616 3385 ἀεὶ
660 3334 847 3406 τάχιον
880 3334 1140 3407 ὑπορρεῖν
1168 3336 1317 3390 δοκεί
1346 3338 1497 3409 παρὰ
1538 3338 1636 3410 τὴν
1677 3340 1897 3410 ἡμέραν

334 3420 423 3475 διὰ
458 3421 557 3494 τὴν
595 3425 954 3498 ἀναισθησίαν
978 3426 1088 3481 τῶν
1128 3427 1518 3495 καθευδόντων,
1568 3429 1662 3483 καὶ
1707 3431 1795 3485 διὰ
1837 3432 1898 3485 τὸ

336 3511 545 3581 σκότος,
583 3516 677 3569 καὶ
705 3517 792 3571 διὰ
813 3517 911 3589 τὴν
937 3518 1045 3572 ἀπὸ
1072 3519 1179 3574 τῶν
1210 3520 1389 3574 πόνων
1421 3522 1627 3575 ἄνεσιν.
1655 3523 1812 3576 Οὕτω
1842 3525 1898 3578 δὲ

332 3603 409 3673 τῷ
432 3604 609 3678 Θεῷή
645 3608 1076 3681 χιλιονταετηρὶς
1109 3609 1403 3679 λογίζεται,
1434 3612 1568 3665 διότι
1612 3612 1753 3679 αὕτη
1800 3615 1900 3682 μὲν

334 3699 634 3769 παραρρεῖ,
665 3701 693 3751 δ
728 3699 785 3753 δὲ
819 3700 1075 3771 ἀκίνητός
1101 3702 1219 3754 ἐστι
1244 3703 1338 3756 καὶ
1358 3702 1547 3765 ἀΐδιος.
1576 3704 1648 3756 Τὸ
1672 3703 1747 3770 δὲ,
1779 3706 1900 3758 Ὅτι

337 3785 692 3854 βεϐαιωτικὸν
721 3792 842 3845 ἀντὶ
872 3791 989 3860 τοῦ,
1031 3794 1258 3858 Ὄντως.

2005 3161 2220 3208 noctem
2261 3154 2316 3208 in
2344 3164 2581 3226 quatuor
2613 3153 2855 3211 dividere
2884 3165 3088 3225 partes,
3120 3165 3171 3213 et
3212 3174 3577 3231 unamquam-

2003 3259 2113 3316 que
2166 3254 2378 3315 partem
2447 3244 2755 3299 custodiant
2812 3244 3090 3316 appellare
3138 3263 3153 3302 ι
3199 3248 3353 3303 verbi
3401 3251 3581 3322 gratia

2004 3336 2236 3406 primam
2270 3377 2284 3402 ,
2340 3342 2433 3389 aut
2483 3336 2778 3391 secundam
2835 3338 3165 3393 custodiam.
3218 3340 3353 3395 Cum
3404 3340 3575 3415 igitur

2006 3430 2185 3499 primo
2211 3425 2359 3481 mille
2391 3442 2658 3482 annorum
2694 3428 2933 3497 spatium
2991 3431 3221 3498 tempori
3269 3432 3433 3487 unius
3467 3432 3579 3490 dici

2008 3516 2426 3588 comparaverit,
2452 3525 2617 3585 atque
2651 3517 2771 3584 ejus
2800 3515 3020 3585 quidem
3068 3523 3355 3585 pnetcritse
3375 3562 3392 3586 ,
3423 3520 3578 3576 addi-

2012 3611 2089 3665 dit
2123 3620 2178 3664 et
2205 3606 2478 3677 quoddam
2521 3614 2734 3674 tempus
2782 3606 2956 3659 multo
3016 3606 3260 3673 brevius,
3324 3622 3579 3679 quartam

2010 3700 2219 3757 scilicet
2248 3698 2426 3751 noctis
2452 3708 2683 3766 partem.
2739 3695 2961 3749 Brevior
3014 3698 3159 3750 enim
3206 3700 3423 3754 videtur
3467 3716 3578 3757 nox

2006 3807 2170 3864 quam
2201 3789 2321 3843 dies
2347 3828 2363 3852 ,
2392 3802 2518 3841 cum
2562 3800 2669 3840 uox
2706 3785 2876 3839 multo
2901 3784 3066 3841 citius
3093 3789 3462 3858 praeterﬂuere
3502 3793 3583 3845 vi.

329 3878 539 3946 deatur,
571 3890 623 3938 ct
652 3883 780 3954 quia
815 3885 905 3954 qui
938 3884 1217 3943 dormiunt
1246 3888 1505 3959 temporis
1532 3887 1742 3958 lapsum
1770 3903 1880 3945 nou

1998 3894 2260 3946 noscunt,
2301 3891 2357 3934 ct
2404 3878 2531 3948 quia
2614 3878 2686 3930 ob
2739 3878 2992 3932 tenebras
3037 3878 3090 3933 id
3174 3881 3336 3935 etiam
3392 3883 3580 3941 minus

332 3970 649 4041 percipitur,
682 3984 736 4028 et
765 3976 891 4044 quia
927 3975 1303 4033 laborantibus
1327 3977 1639 4032 hominibus
1674 3979 1888 4047 longius
1928 3994 2050 4034 esse
2077 3978 2292 4030 videtur
2313 3980 2554 4040 tempus,
2622 3987 2785 4040 quam
2841 3970 3187 4028 cessantibus
3238 3973 3307 4028 ab
3390 3990 3579 4046 opere.

334 4060 451 4116 Non
483 4077 643 4120 secus
676 4064 842 4135 igitur
871 4067 1015 4137 apud
1078 4065 1247 4122 Deum
1315 4069 1459 4124 mille
1533 4083 1802 4124 annorum
1873 4069 2217 4125 intervallum
2251 4074 2537 4135 reputatur
2563 4105 2578 4129 ,
2614 4078 2776 4135 quam
2818 4066 2961 4136 apud
3015 4082 3116 4122 nos
3161 4075 3255 4124 aut
3304 4070 3578 4138 praeterita

332 4150 364 4203 tl
389 4168 469 4217 es,
495 4163 589 4207 aut
620 4164 816 4225 quarta
846 4158 1022 4213 noctis
1048 4172 1198 4228 pars,
1228 4172 1352 4215 cum
1374 4157 1503 4214 anni
1539 4159 1642 4227 ipsi
1665 4175 1886 4229 setuper
1927 4160 2180 4213 labantur
2209 4165 2264 4210 et
2294 4155 2485 4220 ﬂuant,
2516 4153 2662 4209 Deus
2692 4167 2821 4209 vero
2848 4154 3143 4211 immobilis
3166 4156 3241 4213 sit
3304 4167 3354 4213 et
3417 4166 3583 4214 aster-

332 4262 457 4301 nus.
501 4244 672 4301 Dictio
722 4256 900 4304 autem
930 4287 947 4315 ,
998 4250 1263 4315 Quoniam
1289 4291 1303 4313 .
1350 4251 1418 4307 ad
1459 4252 1895 4310 conﬁrmandum
1935 4255 2110 4325 posita
2140 4259 2249 4315 est,
2276 4257 2332 4305 et
2364 4249 2505 4303 idem
2542 4248 2817 4318 signiticet
2850 4248 2997 4319 quod
3026 4246 3188 4306 Vere.

408 4342 483 4396 Τὰ
507 4343 960 4414 ἐξουδενώματα
978 4345 1181 4401 αὐτῶν
1193 4346 1281 4403 ἔτι
1305 4347 1567 4402 ἔσονται.
1607 4347 1902 4411 Εὐτελίδας

2081 4344 2424 4412 Cmumptus
2467 4356 2648 4396 eorum
2697 4341 2870 4395 adhuc
2918 4349 3096 4396 erunt.
3145 4342 3281 4398 Cum
3331 4343 3582 4400 humana:

330 4437 358 4488 ό
390 4435 545 4504 λόγος
570 4438 636 4491 τὰ
664 4437 721 4490 ἐν
754 4438 940 4500 αὐτοῖς
970 4437 1114 4507 χίλια
1145 4437 1263 4507 ἐτη,
1293 4439 1457 4507 φησιν
1476 4478 1494 4506 ,
1520 4438 1604 4492 ὅτι
1634 4438 1785 4493 Ausa
1820 4438 1894 4491 ἔτι

2011 4437 2134 4490 vitae
2157 4449 2331 4488 annos
2363 4432 2596 4502 exiguos
2625 4448 2749 4488 esse
2776 4432 3045 4502 Propheta
3064 4431 3338 4501 docuerit,
3362 4439 3579 4493 tametsi

331 4527 696 4593 ὲξουδενὼσω,
724 4529 798 4594 ὡς
829 4530 984 4584 οὐδὲν
1032 4532 1160 4585 ὄντα
1202 4530 1338 4600 πρὸς
1366 4530 1464 4601 τὴν
1497 4530 1776 4601 ἀῖδιότητα
1804 4528 1894 4585 τοῦ

2009 4529 2075 4582 ad
2114 4526 2260 4580 mille
2306 4539 2576 4579 annorum
2621 4524 2859 4593 spatium
2921 4535 3110 4579 nostra
3156 4530 3585 4594 protenderetur

337 4620 474 4673 Θεοῦ
502 4637 520 4654 ο
550 4620 620 4675 τὰ
668 4620 1088 4692 ὲξουδενώματα
1115 4621 1299 4677 αὐτῶν
1326 4620 1530 4694 δηλαδὴ
1575 4620 1684 4674 τῶν
1713 4620 1894 4690 χιλίων

2012 4619 2142 4681 vita,
2180 4616 2362 4671 adhuc
2393 4623 2574 4669 tamen
2607 4614 2902 4685 amplificat
2932 4615 3200 4685 prolatam
3223 4631 3252 4670 a
3279 4631 3339 4673 se
3357 4627 3581 4674 septeno

336 4711 471 4766 ἐτῶν
513 4713 607 4765 ἐπὶ
663 4713 848 4767 πλεῖον
892 4713 1138 4777 ἔσονται,
1182 4710 1369 4767 ἐῐτουν
1412 4712 1735 4783 γενήσονται
1782 4727 1899 4781 μοι.

334 4796 468 4854 Εἶτα
507 4802 701 4870 ἐπάγει
733 4803 928 4874 ἑτέραν
958 4801 1305 4867 ὲξουδένωσιν
1336 4799 1693 4871 φαυλοτέραν.

2009 4710 2163 4765 tiam.
2192 4709 2382 4765 dicens
2420 4722 2479 4763 se
2513 4707 2685 4778 magis
2741 4708 2904 4762 etiam
2947 4722 3011 4762 ac
3061 4708 3234 4777 magis
3267 4709 3585 4779 hujusmodi‘

2012 4814 2280 4854 annorum
2314 4799 2489 4868 spatia
2523 4797 2676 4851 niltili
2716 4795 3026 4863 facturum,
3058 4799 3188 4868 quin
3221 4798 3331 4853 imo
3381 4808 3434 4855 et
3453 4815 3589 4855 con.

332 4898 661 4963 tentpturmu
677 4908 800 4949 esse
825 4935 840 4959 ,
859 4908 983 4947 cum
1014 4892 1080 4947 ad
1112 4891 1350 4947 divinam
1388 4891 1745 4945 aeternitatem
1774 4902 2002 4962 prorsus
2029 4888 2165 4943 nihil
2198 4888 2326 4943 sint.
2382 4888 2767 4956 Contemptus,
2797 4886 3001 4956 inquit,
3025 4901 3212 4941 eorum
3239 4887 3385 4943 mille
3406 4903 3582 4941 anuo—

337 4997 457 5037 rum
489 4983 667 5039 adhuc
696 4991 856 5037 erunt
888 4981 1026 5053 apud
1048 4996 1155 5047 me,
1174 4981 1277 5037 hoc
1304 4989 1414 5048 est,
1436 4980 1598 5035 etiam
1618 4985 1778 5049 atque
1826 4976 1990 5031 etiam
2017 4991 2046 5029 a
2076 4992 2165 5032 me
2193 4978 2369 5048 magis
2393 4984 2830 5029 contemnemur.
2856 4973 3036 5029 Alium
3051 4974 3248 5030 deinde
3270 4974 3583 5045 huiusmodi

334 5092 601 5133 annorum
634 5085 1002 5147 contemptmn
1029 5092 1093 5131 ac
1116 5076 1362 5133 viliorem
1400 5073 1563 5131 aii‘ert
1586 5114 1603 5141 ,
1633 5075 1823 5130 dicens
1851 5089 1866 5127 ε

409 5171 481 5225 Τὸ
511 5171 661 5240 πρωῒ
684 5169 763 5237 ὡς
790 5174 949 5241 χλόη
976 5170 1437 5240 παρέλθοι.-Τύ
1471 5167 1620 5238 πρωϊ
1638 5165 1752 5233 νῦν,
1778 5164 1898 5219 ἀντὶ

333 5265 583 5335 Ταχέως,
620 5263 695 5329 ὡς
754 5265 852 5318 καὶ
906 5266 966 5317 ἐν
1015 5262 1199 5327 ἄλλοις
1251 5262 1576 5334 είρήκαμεν.
1649 5257 1897 5328 Ταχέως.

332 5359 491 5430 φησὶ,
550 5355 950 5428 παρελεύσεται
1012 5358 1081 5413 τὰ
1144 5356 1291 5428 χίλια
1341 5356 1439 5426 ἔτη
1510 5352 1666 5423 δίκην
1736 5350 1899 5422 χλόης

331 5449 447 5503 (bitu
455 5449 627 5522 μόρου
635 5490 650 5504 .

410 5541 480 5595 Τὸ
529 5541 680 5610 πρωῒ
710 5539 993 5609 ἀνθῆσαι,
1028 5535 1128 5593 καὶ
1175 5535 1459 5606 παρέλθοι
1480 5550 1494 5565 ο
1522 5532 1588 5590 τὸ
1637 5531 1894 5601 ἑσπέρας

2081 5160 2249 5217 Vsus.
2306 5161 2362 5217 ϐ.
2409 5159 2568 5215 Hane
2621 5160 2778 5231 quasi
2809 5159 2971 5214 herba
3003 5166 3297 5213 transeant.
3337 5186 3405 5199 —-
3430 5157 3597 5215 Maneo

2010 5254 2114 5309 hoc
2150 5254 2209 5308 in
2236 5253 2355 5308 loco
2382 5266 2480 5323 pro
2514 5252 2638 5307 Cito
2669 5251 2829 5316 dixit,
2867 5249 3328 5321 quemadmodum
3373 5254 3428 5301 et
3450 5248 3587 5305 alibt

2008 5347 2269 5401 vidimus.
2305 5344 2427 5399 Cito
2451 5383 2467 5409 ,
2503 5343 2711 5413 inquit,
2755 5340 3172 5413 pertransibunt
3219 5337 3364 5393 mine
3412 5337 3590 5411 anni,

2009 5440 2183 5496 instar
2215 5437 2397 5493 herba:
2422 5436 2682 5506 alicujus,
2710 5450 2834 5505 qum
2866 5433 2976 5489 cito
3009 5435 3170 5502 petit.

2081 5528 2239 5584 Mane
2288 5528 2500 5599 ﬂoreat,
2537 5535 2587 5582 et
2621 5533 2877 5591 transeat,
2920 5538 3125 5593 rupere
3170 5521 3400 5590 decidat,
3427 5521 3585 5577 indu,

434 5719 453 5755 ⁸
489 5718 678 5777 Matth.
715 5733 788 5783 st,
825 5716 916 5775 29.
992 5717 1037 5749 ⁷⁸
1065 5713 1208 5768 l’sal.
1243 5727 1430 5778 cxvnt,
1459 5711 1545 5766 7i.
1610 5710 1655 5742 ⁷³
1690 5707 1836 5765 Psal.
1869 5719 2140 5773 Lxxxvut,
2178 5705 2269 5761 ll.
