4084 6210
529 317 629 382 931

1740 315 2127 376 EUTHYMII
2169 317 2531 378 ZIGABENI

3681 310 3782 372 £33

532 438 631 491 ret,
672 435 722 481 et
754 435 980 481 arescat.
1013 423 1136 479 Haec
1169 427 1350 480 omnia
1392 424 1458 478 ad
1509 423 1739 479 celerem
1795 424 1976 479 herba:
2028 425 2099 478 in-

2211 427 2531 492 ἀποπέσοι,
2564 424 3010 490 σκληρυνθείη,
3056 421 3153 475 καὶ
3200 422 3541 489 {inpar-08in.
3599 421 3786 474 Ταῦτα

534 522 757 573 teritum
795 517 1128 583 referuntur,
1153 532 1273 586 qua:
1294 530 1453 571 mane
1484 516 1699 586 quidem
1733 516 1838 571 diei
1863 515 2101 579 ﬂorebit,

531 623 585 667 et
617 611 971 681 pertransibit
1000 624 1030 662 a
1070 607 1225 676 ﬂore,
1254 618 1307 664 et
1331 624 1558 678 vespere
1583 609 1795 663 decidet
1822 650 1836 673 ,
1871 610 1973 663 hoc
2001 619 2102 672 est,

533 704 692 757 cadet
721 702 774 755 in
807 711 1004 756 terram
1050 717 1062 753 :
1099 707 1264 770 atque
1295 699 1367 753 ita
1394 707 1723 768 consumpto
1755 713 1820 753 eo
1849 699 2100 762 humore,

529 808 691 864 quem
723 802 881 846 antea
902 791 1153 854 habebat,
1177 790 1503 845 obdurescet
1521 799 1683 859 atque
1710 788 2098 844 cxsiccabitur.

527 884 721 938 Omnia
751 884 895 937 enim
936 883 1048 936 haec
1079 884 1242 937 verba
1269 882 1392 936 licet
1415 880 1653 949 optantis
1702 880 1921 933 modum
1974 879 2101 933 reti-

530 984 717 1039 neant,
754 976 806 1029 in
838 976 1008 1029 futuri
1048 984 1227 1029 tamen
1283 971 1681 1044 signiﬁcatione
1731 970 2101 1041 accipiuntur.

526 1071 701 1139 Atque
761 1077 820 1122 ut
876 1070 1191 1123 ostenderet
1241 1065 1510 1135 PrOpheta
1558 1080 1720 1134 quam
1773 1066 1884 1117 cito
1930 1064 2101 1117 herba

525 1169 733 1231 pereat,
768 1175 879 1213 uno
908 1170 1071 1229 atque
1088 1159 1278 1214 eodem
1312 1158 1400 1212 die
1427 1157 1619 1211 ﬂorere
1646 1171 1762 1211 eam
1785 1153 2099 1222 descripsit,

527 1265 691 1323 atque
717 1268 985 1307 arescere.
1025 1250 1117 1305 Vel
1157 1250 1295 1304 forte
1319 1250 1439 1304 ideo
1468 1250 1541 1302 ita
1573 1249 1728 1312 dixit,
1749 1246 1877 1316 quia
1903 1246 2100 1315 aliqua:

527 1343 637 1397 sint
664 1344 862 1406 herbae,
905 1358 1024 1411 qua:
1060 1356 1168 1396 uno
1214 1350 1376 1410 atque
1427 1339 1615 1394 eodem
1672 1338 1760 1391 die
1806 1336 2102 1389 ﬂorescant

527 1443 580 1488 et
621 1444 864 1502 pereant.
925 1434 1155 1498 Quidam
1217 1432 1331 1487 haec
1381 1432 1523 1485 dicta
1572 1445 1695 1484 csse
1739 1436 1993 1482 asserunt
2034 1426 2103 1481 de

527 1528 750 1587 Judieis,
786 1541 1018 1594 quorum
1074 1523 1388 1593 religionem
1439 1538 1502 1575 ac
1546 1521 1747 1575 cultum
1814 1520 1867 1572 in
1904 1518 2103 1585 templo

529 1620 675 1673 mille
703 1629 911 1671 tantum
934 1617 1093 1668 anuis
1116 1615 1305 1668 dicunt
1328 1625 1729 1681 perseverasse,
1754 1625 1782 1662 a
1812 1608 2102 1663 Salomone

532 1711 783 1763 videlicet
825 1724 995 1775 usque
1030 1707 1094 1760 ad
1141 1706 1344 1760 Christi
1393 1705 1725 1774 passionem,
1784 1702 1858 1755 ita
1893 1709 1949 1755 ut
1979 1717 2103 1755 sen-

2216 516 2352 585 πρδς
2401 516 2463 567 τὸ
2504 515 2605 585 τῆς
2650 515 2813 584 χλόης
2859 514 3146 581 ὠκύμορον
3194 513 3560 573 ἀποτείνεται,
3612 512 3695 564 ὅτι
3750 514 3784 582 ἡ

2213 607 2342 677 χλόη
2376 608 2435 659 τὸ
2467 607 2567 670 μὲν
2612 605 2755 675 πρωῒ
2792 606 2891 673 τῆς
2944 605 3157 674 ἡμέρας
3186 604 3432 673 ἀνθήσει,
3464 599 3583 655 εἶτα
3615 620 3784 670 παρε-

2213 698 2465 751 λεύσεται
2493 698 2599 750 ἀπὸ
2636 696 2730 750 τοῦ
2756 696 2940 751 ἀνθεῖν
2969 713 2981 724 ·
3020 696 3080 747 τὸ
3114 697 3169 749 δὲ
3208 697 3445 765 ἑσπέρας
3486 695 3782 761 ἀποπεσεῖ,

2212 790 2391 841 είτουν
2421 787 2737 859 κλιθήσεται
2768 790 2849 852 είς
2888 790 2990 856 γῆν
3020 805 3030 817 ’
3070 788 3379 856 περιττεύει
3410 786 3464 839 δὲ
3500 789 3531 857 ἡ
3588 787 3783 858 πρόθε-

2214 897 2297 944 σις
2325 897 2338 910 ’
2377 879 2497 934 εἶτα
2523 881 3019 951 σκληρυνθήσεται,
3052 880 3452 945 δαπανωμένης
3479 879 3580 949 τῆς
3607 881 3667 933 ἐν
3685 881 3785 933 αὖο

2212 975 2278 1042 τῇ
2335 973 2582 1042 ἰκμάδος,
2630 974 2725 1026 καὶ
2770 972 2913 1025 οὕτω
2958 971 3381 1043 ξηρανθήσεται.
3414 972 3495 1024 Τὰ
3525 973 3634 1042 γὰρ
3692 975 3786 1025 εύ-

2212 1065 2375 1117 κτικα
2419 1065 2512 1117 νῦν
2552 1066 2670 1118 ἀντὶ
2723 1064 3025 1133 μελλόντων
3078 1064 3466 1132 λαμϐάνονται.
3521 1064 3596 1116 Τὸ
3636 1066 3787 1133 πρωῒ

2209 1157 2265 1208 δὲ
2308 1158 2400 1208 καὶ
2440 1157 2499 1208 τὸ
2547 1158 2807 1224 ἑσπέρας
2866 1156 2985 1209 ἀντὶ
3049 1155 3142 1207 τοῦ
3190 1155 3278 1207 Ἐν
3328 1156 3547 1225 πρωΐα,
3582 1158 3676 1207 καὶ
3729 1156 3787 1207 ἐν

2210 1249 2445 1318 ἑσπέρα.
2493 1249 2579 1302 Ἐν
2620 1250 2721 1318 μιᾷ
2746 1250 2800 1302 δὲ
2829 1249 3009 1319 ἡμέρᾳ
3045 1249 3174 1313 πρὶν
3205 1249 3390 1301 είκόνα
3424 1248 3518 1317 τῆς
3559 1248 3788 1317 ὠκυμο-

2214 1340 2332 1410 ρίας
2379 1340 2475 1408 τῆς
2522 1339 2685 1410 χλόης
2727 1340 3003 1410 ἱστόρησε,
3060 1339 3324 1392 δεικνύων
3374 1339 3432 1390 τὸ
3479 1340 3645 1408 τάχος
3686 1340 3788 1410 τῆς

2213 1433 2572 1502 παραδρομῆς
2604 1432 2796 1502 αὐτῆς.
2836 1431 3044 1493 ’Ἄλλως
3074 1449 3128 1482 τε
3161 1431 3216 1483 δὲ
3256 1431 3352 1484 καὶ
3393 1431 3473 1482 ὅτι
3502 1431 3610 1483 είσί
3640 1448 3788 1494 τινες

2212 1525 2366 1595 χλόαι
2402 1527 2458 1577 ὲν
2491 1527 2588 1596 μιᾷ
2624 1526 2809 1596 ἡμέρᾳ
2848 1523 3112 1578 ἀνθοῦσαι
3156 1525 3247 1577 καὶ
3281 1523 3647 1587 ἀπανθοῦσαι,
3692 1526 3788 1576 καὶ

2218 1615 2595 1684 ἀπολλύμεναι
2630 1630 2643 1644 ·
2676 1614 2852 1667 ταῦτα
2898 1614 2997 1683 μὲν
3024 1613 3218 1676 οὕτως.
3257 1614 3411 1674 Τινὲς
3437 1612 3493 1666 δὲ
3527 1612 3787 1683 περὶτῶν

2224 1705 2494 1757 Ἰουδαίων
2540 1703 2920 1774 προρῤηθῆναι
2960 1701 3136 1755 ταῦτά
3177 1719 3310 1773 φησι
3336 1719 3348 1733 ·
3401 1704 3654 1769 λέγοντες
3693 1704 3787 1755 ἐπὶ

530 1818 626 1857 sus
665 1802 734 1854 sit
766 1818 779 1853 :
817 1799 957 1869 quod
991 1800 1042 1852 hi
1073 1798 1219 1852 mille
1250 1799 1401 1863 anni,
1453 1798 1525 1851 ob
1574 1796 1789 1849 illorum
1852 1795 2059 1848 scelera
2088 1833 2099 1857 ,

2210 1795 2356 1865 χίλια
2383 1796 2475 1865 ἔτη
2506 1795 2792 1864 διαρκέσαι
2827 1795 2926 1866 τὴν
2962 1798 3019 1847 ὲν
3048 1793 3123 1865 τῷ
3153 1794 3262 1863 ναῷ
3282 1794 3534 1863 λατρείαν
3568 1793 3785 1846 αὐτῶνθ

531 1910 640 1948 non
676 1907 839 1945 secus
870 1907 895 1941 a
929 1891 1035 1943 Deo
1060 1889 1291 1957 reputali
1320 1895 1469 1951 sunt,
1490 1902 1650 1956 quam
1680 1886 1798 1939 dies
1824 1885 2101 1949 hesterna,

531 1991 695 2050 atque
732 1981 851 2034 ideo
882 1980 1024 2049 quod
1061 1984 1410 2045 contemptus
1437 1991 1627 2030 eorum
1658 1975 1970 2029 Judaeorum
2008 1975 2102 2028 ad-

530 2074 635 2127 huc
663 2080 844 2133 erunt,
878 2080 931 2124 et
959 2084 1173 2139 semper
1205 2069 1377 2139 magis
1410 2076 1725 2137 augescent.
1760 2068 1825 2121 Et
1858 2066 2105 2122 videmus

527 2181 660 2220 sane
691 2180 787 2219 eos
821 2177 1102 2232 nunquam
1135 2176 1390 2216 cessasse
1424 2202 1438 2224 ,
1473 2160 1601 2229 quin
1660 2175 1877 2228 semper
1927 2160 2105 2229 magis

527 2254 864 2325 contemptui
911 2254 1021 2308 sint
1060 2262 1115 2307 et
1152 2251 1411 2307 ludibrio.
1444 2251 1507 2305 Et
1553 2252 1656 2305 alia
1702 2252 1864 2305 etiam
1914 2265 2107 2307 conse-

528 2357 758 2417 quenter
789 2346 853 2399 ad
888 2338 1504 2414 priedictaintelligunt:
1534 2343 1684 2413 quod
1710 2344 1919 2399 scilicet
1945 2360 2105 2399 mane

528 2455 741 2503 eorum,
773 2439 877 2493 hoc
917 2447 1001 2493 est
1046 2435 1276 2491 felicitas
1308 2452 1522 2500 eorum,
1552 2437 1912 2505 pertransibit
1959 2436 2104 2491 velut

531 2530 719 2585 herba.
745 2530 946 2582 Eorum
984 2537 1161 2582 autem
1193 2528 1427 2582 felicitas
1460 2537 1673 2581 tantum
1712 2526 1930 2581 duravit
1960 2569 1975 2593 ,
2016 2544 2104 2582 re-

532 2626 732 2688 gnante
764 2616 1078 2672 Salomone.
1134 2615 1267 2671 Nam
1313 2617 1661 2687 postmodum
1712 2632 1929 2687 semper
1969 2633 2101 2673 con-

535 2711 682 2765 cussi
726 2718 877 2764 sunt.
910 2709 1027 2763 Alia
1056 2718 1237 2763 autem
1286 2724 1408 2778 qua:
1448 2717 1755 2779 sequuntur
1796 2709 1979 2774 verba,
2036 2708 2103 2762 ad

531 2801 754 2857 herbam
782 2800 1007 2867 referes,
1042 2816 1104 2856 eo
1136 2800 1298 2856 modo
1327 2816 1436 2871 quo
1460 2800 1571 2870 jam
1606 2801 1989 2871 praediximus.

598 3072 765 3125 Vens.
807 3072 861 3125 '7.
905 3069 1042 3134 Quia
1073 3070 1354 3140 deferimus
1382 3070 1435 3124 in
1478 3072 1557 3124 ira
1593 3081 1716 3134 tua,
1752 3081 1800 3124 et
1832 3073 1884 3122 in
1917 3072 2099 3139 furore

530 3170 618 3213 tuo
645 3161 845 3213 turbati
884 3176 1087 3211 sumus.
1128 3159 1456 3222 Defecimus,
1521 3160 1625 3212 hoc
1682 3168 1788 3224 est,
1837 3160 2097 3215 diminuli

529 3265 722 3305 Sumus
765 3257 819 3304 et
852 3248 1176 3319 perivimus,
1216 3248 1344 3300 dum
1383 3258 1437 3302 tu
1473 3250 1719 3317 peccatis
1750 3252 1960 3305 nostris
1993 3253 2105 3306 ira-

532 3350 618 3395 tus
647 3354 727 3393 es.
774 3340 848 3393 De
884 3338 961 3391 ira
997 3347 1178 3393 autem
1231 3348 1285 3392 et
1318 3339 1503 3392 furore
1558 3338 1677 3410 (seu
1711 3342 1916 3409 potius,
1946 3343 2103 3411 juxta

532 3432 803 3486 veriorem
855 3428 1058 3485 Graecae
1105 3429 1362 3485 dictionis
1398 3431 1567 3502 θυμὸς
1620 3433 2100 3503 signiﬁcationem,

530 3526 598 3581 de
631 3525 1128 3594 excandescentia)
1180 3543 1420 3597 persatpe
1455 3529 1581 3582 alihi
1625 3527 1833 3584 dictum
1888 3539 1994 3594 est,
2049 3541 2102 3586 ct

527 3621 803 3690 praecipue
834 3620 887 3673 in
924 3620 1134 3689 psalmo
1166 3636 1241 3675 γι.

604 3709 768 3765 Vens.
806 3711 860 3767 8.
901 3709 1135 3765 Posuisti
1168 3711 1474 3780 iniquitates
1503 3721 1709 3767 nostras
1741 3714 1795 3766 in
1824 3726 2100 3784 conspectu

529 3815 641 3857 tuo.
671 3802 995 3857 Manifestas
1043 3803 1302 3857 nimirum
1355 3818 1417 3856 ac
1449 3805 1777 3871 conspicuas
1807 3821 1993 3861 coram
2025 3819 2097 3863 te.

526 3892 746 3950 Etcum
780 3894 947 3948 latere
968 3909 1078 3948 non
1110 3894 1364 3963 possint,
1400 3895 1492 3949 sed
1522 3897 1699 3950 oculis
1734 3898 1958 3953 assidue
1992 3902 2100 3956 luis

530 3992 774 4053 pateant,
822 3994 877 4040 te
918 3985 1128 4039 idcirco
1170 4000 1389 4056 semper
1425 3986 1598 4056 magis
1636 3986 1857 4042 irritant
1899 3991 2100 4045 adver-

525 4091 647 4129 sum
681 4091 801 4131 nos.

601 4168 869 4223 chulum
933 4180 1172 4227 nostrum
1222 4176 1277 4228 in
1322 4176 1717 4232 illummattone
1766 4178 1946 4230 vultus
1998 4176 2098 4228 tui.

526 4257 795 4312 Smculum
824 4270 1094 4327 nostrum,
1132 4262 1237 4316 hoc
1286 4273 1372 4318 est
1433 4267 1598 4319 vitam
1633 4273 1689 4319 et
1727 4263 2101 4318 conversatio-

525 4365 650 4404 nem
687 4359 955 4405 noslram.
991 4350 1205 4418 Omnis,
1257 4354 1458 4424 inquit,
1514 4358 1621 4410 vita
1668 4364 1722 4411 et
1752 4354 2099 4409 conversatio

526 4450 713 4495 nostra
762 4440 1054 4495 manifesta
1106 4450 1190 4498 est
1245 4444 1298 4497 in
1332 4453 1630 4514 conspectu
1677 4453 1805 4500 tuo:
1844 4452 1899 4499 et
1954 4444 2096 4498 idem

2207 4466 2304 4535 σῆς
2349 4468 2623 4536 ὲπισκοπῆ

521 4538 608 4584 est
640 4544 862 4593 sensus,
891 4529 984 4598 qui
1018 4530 1071 4583 in
1104 4532 1432 4598 prateedeuti
1461 4535 1754 4589 versiculo.

596 4618 761 4673 Vens.
801 4619 855 4676 9.
897 4619 1159 4684 Quoniam
1198 4639 1374 4676 omnes
1419 4624 1529 4677 dies
1573 4625 1742 4678 nostri
1774 4624 2095 4695 defecerunt.

523 4706 726 4763 Omnes
752 4710 874 4765 vita:
905 4719 1102 4766 nostra:
1129 4710 1249 4767 dies
1274 4714 1739 4782 pertransierunt.
1764 4713 1884 4768 Jam
1923 4725 2096 4769 morte

523 4801 756 4869 proximi
790 4818 1018 4869 sumus;
1054 4805 1125 4859 ita
1156 4805 1324 4870 enim,
1362 4807 1563 4876 inquit,
1598 4822 1685 4862 me
1727 4807 1933 4863 sentire
1977 4822 2097 4876 per-

525 4892 719 4947 suadet
771 4895 1147 4951 calamitatum
1200 4898 1568 4954 vehementia.
1629 4900 1725 4955 Est
1759 4910 1943 4955 autem
1976 4914 2094 4953 mos

525 4984 594 5039 iis
629 4986 720 5055 qui
754 4988 806 5041 in
851 4991 1126 5058 angustiis
1170 5000 1315 5058 sunt,
1351 5001 1413 5046 ut
1443 4992 1633 5047 dicant
1666 5009 1725 5047 se
1752 4993 1822 5046 ab
1868 4993 1951 5048 eis
1998 5007 2096 5061 op-

525 5090 745 5144 pressos
804 5093 948 5144 esse,
1011 5093 1075 5133 ac
1110 5080 1223 5147 jam
1285 5080 1535 5148 periisse,
1590 5081 1753 5135 veluti
1809 5082 2093 5152 desperata

523 5183 753 5237 prorsus
780 5171 982 5225 salute.
1018 5170 1235 5225 Dictum
1280 5171 1445 5226 etiam
1478 5179 1564 5228 est
1598 5188 1861 5243 persaepe,
1909 5183 1965 5229 et
1996 5174 2095 5229 de-

520 5274 633 5315 nuo
671 5271 1002 5330 repetemus,
1050 5261 1195 5330 quod
1226 5261 1413 5329 dictio,
1462 5263 1751 5329 Quoniam,
1800 5281 1896 5321 seu
1933 5265 2092 5330 Quia,

522 5348 765 5418 alioquin
803 5353 1024 5419 partitur
1054 5360 1111 5404 ut
1163 5352 1480 5418 conﬁrmet,
1532 5370 1630 5422 pro
1661 5356 1819 5419 Vere,
1853 5356 2092 5425 alioquin

522 5441 790 5494 rationem
850 5441 1045 5507 reddit,
1106 5450 1162 5497 et
1216 5445 1463 5512 alioquin
1525 5454 1736 5497 tantum
1800 5453 2009 5509 narrat,
2039 5454 2095 5500 et

521 5531 802 5587 abundare
834 5535 1234 5602 quodammodo
1262 5537 1499 5596 videtur,
1521 5546 1580 5587 ut
1619 5536 1704 5588 hic
1727 5553 1741 5603 ;
1768 5549 1821 5590 et
1850 5538 1923 5589 ila
1954 5552 2097 5606 saepe

525 5624 762 5689 positam
796 5640 915 5679 eam
954 5628 1272 5683 invenimus
1320 5630 1460 5698 apud
1496 5630 1713 5682 beatmn
1770 5629 1956 5682 David.
2014 5630 2097 5684 Sit

524 5707 688 5775 igitur
738 5708 852 5765 haac
886 5714 983 5767 tibi
1020 5714 1074 5768 in
1106 5715 1351 5771 futurum
1392 5732 1581 5770 norma
1616 5718 1947 5774 certissima.
1992 5719 2095 5774 Su-

532 5797 796 5868 perﬂuum
838 5806 982 5859 enim
1013 5817 1096 5862 est
1130 5808 1318 5863 eadem
1365 5825 1579 5879 semper
1614 5820 1875 5881 repetere.

2209 1887 2444 1940 τοσαῦτα
2484 1888 2593 1956 γὰρ
2624 1887 2731 1939 ἀπὸ
2758 1886 3103 1955 Σολομῶντος
3127 1886 3255 1956 ἄχρι
3280 1885 3379 1954 τῆς
3414 1884 3508 1937 τοῦ
3540 1884 3786 1954 Χριστοῦ

2212 1976 2575 2046 σταυρώσεως
2632 1978 2725 2048 ἔτη
2773 1977 3192 2048 συναριθμεῖται
3235 1978 3402 2031 Φασὶν
3432 1972 3788 2045 οὗνπροαγο-

2212 2069 2394 2139 ρεύειν
2424 2070 2517 2122 τὸν
2541 2070 2722 2136 λόγον,
2755 2070 2837 2121 ὅτι
2870 2070 3123 2147 “cantici:
3155 2068 3301 2138 χίλια
3346 2069 3442 2138 ἔτη
3482 2069 3555 2131 ὡς
3592 2070 3625 2137 ῆ
3656 2067 3788 2136 χθὲς

2212 2162 2392 2232 ἡμέρα
2418 2161 2853 2227 συλλελόγισται,
2912 2161 2999 2212 διὰ
3045 2164 3144 2230 τὴν
3180 2162 3529 2230 παρανομίαν
3579 2160 3782 2214 αὐτῶν.

2207 2254 2300 2306 Διδ
2345 2254 2411 2306 τὰ
2465 2252 2882 2321 ὲξουδενώματα
2938 2254 3120 2308 αὐτῶν
3179 2255 3286 2307 τῶν
3359 2253 3636 2306 Ἰουδαίων
3693 2254 3785 2305 ἐπὶ

2210 2342 2396 2395 πλεῖον
2420 2343 2658 2407 ἔσονται,
2677 2344 2764 2395 ἀεὶ
2796 2346 3300 2415 προσεπιγινόμενα
3320 2361 3333 2375 ο
3366 2346 3462 2397 καὶ
3486 2346 3549 2415 δὴ
3586 2344 3786 2414 βλέπο-

2212 2452 2312 2504 μεν
2365 2435 2565 2496 αύτοὺς
2619 2435 2875 2488 οὐδέποτε
2945 2435 3163 2490 παῦλαν
3223 2437 3322 2505 τῆς
3377 2437 3787 2502 ὲξουδενὼσεως

2207 2525 2603 2595 λαμϐάνοντας.
2638 2527 2747 2579 Καὶ
2777 2526 2945 2579 τᾶλλα
3000 2527 3056 2580 δὲ
3097 2527 3407 2591 ἀκολούθως
3450 2527 3682 2593 νοοῦσιν,
3704 2529 3785 2580 ὅτι

2204 2618 2265 2671 τὸ
2314 2617 2458 2687 πρωῒ
2496 2618 2950 2689 αὐτῶν,ῆγουνή
2993 2618 3265 2690 εύημερία
3291 2621 3497 2684 αὐτῶν,
3536 2619 3610 2683 ὡς
3646 2620 3781 2688 χλόη

2206 2710 2600 2780 παρελεύσεται
2628 2728 2639 2738 ·
2667 2710 2938 2780 εὐημερία
2961 2711 3017 2762 δὲ
3051 2711 3232 2764 αὐτῶν
3263 2710 3404 2782 ἡὲπὶ
3434 2712 3783 2779 Σολομῶντος

2206 2804 2369 2873 μόνον
2426 2803 2675 2872 βασιλεία
2706 2819 2719 2832 ⁸
2768 2808 2827 2856 τὸ
2870 2804 2979 2874 γὰρ
3009 2804 3137 2874 ἑξῆς
3187 2807 3567 2874 ἑκυμαίνοντο.
3616 2805 3698 2855 Τὰ
3727 2804 3786 2857 δὲ

2204 2894 2406 2965 ἐφεξῆς
2458 2894 2595 2966 ῥητὰ
2640 2894 2715 2959 ὡς
2763 2898 2860 2965 τὴν
2904 2897 3067 2967 χλόην
3111 2896 3437 2963 ἀποδώσεις,
3487 2897 3562 2959 ὡς
3600 2897 3787 2966 προεί-

2207 3004 2390 3055 ρηται.

2279 3082 2398 3133 ’Ότι
2420 3081 2778 3148 ἐξελίπομεν
2796 3084 2866 3135 ἐν
2885 3081 2959 3151 τῇ
2976 3082 3124 3152 ὀργῇ
3143 3100 3279 3147 σου,
3306 3086 3401 3137 καί
3424 3084 3492 3136 ἐν
3516 3081 3596 3147 τῷ
3618 3081 3787 3150 θυμῷ

2207 3189 2324 3226 σου
2367 3173 2799 3241 ἐταράχθημεν.
2833 3203 2900 3215 -
2934 3176 3349 3244 Ἐξελιπομεν,
3374 3176 3494 3228 ἀντὶ
3518 3167 3634 3237 τοῦ,
3652 3174 3787 3226 ὠλι-

2206 3265 2486 3333 γώθημεν,
2546 3266 2901 3335 ἀπωλόμεθα,
2948 3270 3005 3319 ὲν
3048 3268 3125 3338 τῷ
3175 3266 3495 3338 ὀργισθῆναί
3538 3283 3596 3318 σε
3649 3268 3787 3334 ἡμῖν

2209 3356 2604 3426 ἁμαρτάνουσι.
2662 3358 2794 3424 Περὶ
2834 3358 2886 3411 δὲ
2917 3361 3015 3427 τῆς
3043 3360 3210 3429 ὀργῆς
3240 3378 3331 3412 σου
3363 3360 3456 3411 καὶ
3478 3359 3571 3411 τοῦ
3606 3358 3784 3426 θυμοῦ

2206 3445 2479 3515 διαφόρως
2506 3447 2721 3518 εἴρηται
2759 3465 2771 3479 ο
2813 3451 2906 3501 καὶ
2950 3451 3149 3518 μᾶλλον
3192 3451 3247 3501 ἐν
3276 3449 3350 3518 τῷ
3383 3455 3436 3513 ς’
3462 3448 3685 3517 ψαλμῷ.

2280 3733 2463 3786 ’Έθου
2504 3732 2609 3799 τὰς
2631 3733 2886 3803 ἀνομίας
2915 3736 3084 3804 ἡμῶν
3112 3738 3391 3790 ἐναντίον
3433 3756 3570 3792 σου.
3614 3739 3782 3791 Ἕθου

2206 3826 2376 3888 αὐτας
2415 3826 2631 3895 γυμνὰς
2674 3827 2910 3881 ἐνώπιόν
2971 3845 3086 3891 σου,
3120 3829 3212 3880 καὶ
3248 3827 3521 3898 ὁρώμεναι
3563 3830 3626 3881 οὐ
3661 3830 3782 3883 δια-

2204 3916 2583 3983 λανθάνουσιν,
2611 3918 2746 3972 ἀλλά
2776 3918 2871 3973 καὶ
2902 3919 3139 3989 μάλιστα
3172 3919 3535 3991 παροξύνουσί
3562 3939 3621 3974 σε
3656 3923 3781 3975 καθ’

2203 4008 2385 4079 ἡμῶν.

2289 4190 2354 4243 '0
2401 4191 2549 4246 αἰὼν
2586 4192 2755 4262 ἡμῶν
2789 4196 2878 4259 εἰς
2935 4194 3247 4263 φωτισμέν
3299 4196 3403 4249 τοῦ
3454 4197 3786 4263 προσώπου

2202 4296 2343 4336 σου.
2374 4283 2554 4337 Ᾱίὦνα
2582 4284 2674 4338 νῦν
2705 4286 2798 4338 τὸν
2823 4286 2939 4354 βίον
2971 4286 3119 4354 λέγει
3152 4287 3247 4339 καὶ
3273 4289 3367 4356 τὴν
3400 4288 3566 4358 ζωήν.
3595 4289 3727 4340 Ὅλο
3765 4331 3779 4352 ,

2203 4374 2392 4451 φησὶν,
2429 4378 2457 4428 ό
2493 4375 2608 4444 βίος
2638 4377 2814 4446 ἡμῶν,
2849 4378 2945 4449 ὅλη
2983 4381 3012 4450 ἡ
3062 4381 3174 4449 ζωὴ
3204 4383 3283 4443 εἷς
3313 4381 3373 4432 τὸ
3404 4382 3651 4450 ἐμφανὲς
3683 4386 3778 4453 τῆς

2632 4486 2657 4530 ς
2696 4472 2892 4536 κεῖται,
2956 4473 3202 4524 τουτέστι
3243 4476 3630 4543 πεφανέρωταί
3673 4493 3775 4530 σοι.

2215 4556 2274 4609 Ὀ
2305 4558 2361 4610 δὲ
2394 4578 2516 4622 νους
2544 4578 2727 4629 ομοιος
2756 4563 2848 4615 τοῦ
2889 4564 3255 4631 προλαϐόντος
3293 4566 3501 4635 στίχου.
3798 4572 3801 4617 τ

2277 4649 2397 4700 Ὅτι
2426 4649 2615 4704 πᾶσαι
2650 4655 2709 4704 αἱ
2745 4650 2957 4719 ἡμέραι
2990 4654 3160 4720 ἡμῶν
3187 4655 3495 4717 ἐξέλιπον.
3528 4657 3596 4707 Ai
3640 4658 3776 4726 ἠμέ-

2202 4755 2295 4808 ραι
2327 4738 2430 4807 τῆς
2460 4740 2607 4808 ζωῆς
2638 4742 2798 4811 ἡμῶν
2843 4743 3143 4812 παρῆλθον.
3181 4744 3259 4815 Τῇ
3292 4744 3516 4815 τελευτῇ
3561 4747 3775 4812 πεπληο

2202 4830 2474 4898 σιάκαμεν
2508 4844 2520 4857 ’
2579 4830 2721 4883 οὕτω
2755 4831 2863 4901 γάρ
2902 4849 2969 4901 με
3008 4832 3183 4886 πείθει
3218 4837 3358 4887 νοεῖν
3388 4836 3419 4903 ή
3468 4837 3775 4905 σφοδρότης

2197 4925 2308 4979 τῶν
2337 4927 2654 4997 συμφορῶν.
2696 4929 2856 4991 Ἔθος
2888 4928 2944 4981 δὲ
2982 4929 3077 4981 καὶ
3119 4930 3291 4992 ἄλλως
3318 4932 3429 4993 τοῖς
3460 4934 3518 4983 ἐν
3559 4931 3773 5001 θλίψεσι

2200 5016 2402 5084 λέγειν,
2426 5019 2504 5070 ὃτι
2533 5020 2894 5089 τεθνήκαμεν,
2942 5022 3339 5088 ἀποπνιγέντες
3378 5024 3501 5084 ταῖς
3536 5024 3776 5091 θλίψεσι,

2200 5108 2294 5160 καλ⁵
2318 5108 2697 5175 ἀπεγνωκότες
2718 5110 2819 5179 τὴν
2846 5112 3139 5179 σωτηρίαν.
3170 5113 3397 5182 Εἴρηται
3423 5114 3477 5166 δὲ
3510 5116 3778 5178 πολλάκις

2200 5199 2468 5267 περὶτοῦ,
2509 5201 2657 5262 Ὅτι,
2686 5202 2782 5254 καὶ
2816 5200 2910 5253 νῦν
2951 5202 3008 5254 δὲ
3034 5202 3265 5257 καθόλου
3297 5204 3514 5272 ῥητέον,
3543 5206 3626 5257 ὅτι
3650 5208 3776 5260 ἔνθα

2200 5292 2539 5361 εὑρίσκεται,
2568 5293 2601 5363 ἣ
2636 5294 2979 5363 ἀντιλογικὺν
3003 5300 3228 5364 νοεῖται,
3260 5298 3292 5367 ἦ
3324 5297 3707 5365 βεϐαιωτικὸν,
3744 5301 3773 5365 ἦ

2199 5382 2602 5453 διηγηματικὸν
2638 5387 2731 5438 καὶ
2766 5387 3062 5457 παρέλκον,
3100 5388 3177 5451 ὡς
3208 5389 3302 5441 καὶ
3345 5389 3463 5442 νῦν.
3506 5388 3687 5441 Τοῦτο
3720 5391 3775 5442 δὲ

2200 5474 2295 5527 καὶ
2330 5474 2533 5542 μᾶλλον
2564 5475 2853 5539 πλεονάζει
2880 5478 3032 5547 παρά
3071 5478 3150 5548 τῷ
3204 5479 3388 5533 Δαϐίδ.
3425 5480 3534 5532 Καὶ
3585 5479 3773 5530 λοιπὸν

2199 5565 2339 5617 ἔστω
2367 5584 2449 5619 σοι
2478 5566 2658 5632 τοῦτο,
2698 5570 2778 5631 είς
2823 5570 2884 5622 τὸ
2931 5571 3076 5639 ἑξῆς,
3119 5572 3298 5624 κανὼν
3347 5571 3769 5641 ἀκριϐέστατος.

2199 5658 2459 5726 Περιττὸν
2484 5660 2592 5730 γὰρ
2636 5660 2897 5726 πολλάκις
2949 5663 3078 5733 περὶ¹
3122 5664 3231 5717 τῶν
3262 5663 3438 5717 αὐτῶν
3478 5660 3663 5731 λέγειν
3701 5661 3770 5713 τὰ

2201 5749 2357 5801 αὑτά.
