4084 6210
381 307 486 370 933

1546 313 1936 374 COMMENT.
1979 315 2057 374 IN
2103 314 2466 373 PSALMOS.

3531 321 3634 386 934

449 422 558 476 Καὶ
605 423 675 475 ἐν
721 420 795 489 τῇ
847 422 999 491 ὀργῇ
1045 438 1162 476 σου
1215 423 1598 492 ἑξελίπομεν.
1657 426 1828 480 Τοῦτο
1862 429 1939 481 κα¹

2137 426 2204 478 Et
2261 427 2314 479 in
2349 426 2431 478 ira
2465 435 2557 479 tua
2611 426 2922 495 defecimus.
2961 427 3107 484 idem
3166 431 3329 486 etiam
3385 439 3643 504 superius

373 516 632 582 ἀνωτέρω
665 514 876 586 εἴρηκε.
928 517 1237 586 Διττοὶογεϊ
1287 518 1344 572 δὲ
1403 518 1551 591 νόμῳ
1594 519 1701 574 τῶν
1729 522 1952 574 ὲλεεινου

371 609 741 676 λογουμένων.

449 703 524 754 Τὰ
549 701 652 767 ἔτη
692 699 860 770 ἡμῶν
885 701 1049 754 ὡσεὶ
1084 702 1317 772 ἁλι-ἄχνη
1357 702 1673 770 ἐμελέτων.
1713 703 1950 774 Ἀράχνη

373 796 469 847 νῦν
507 797 533 847 ὁ
566 796 664 865 τῆς
718 797 966 866 ἀράχνης
993 799 1138 860 ἱστός
1173 813 1185 826 °
1236 797 1564 867 Ἐμε.1έτων
1588 798 1664 862 δὲ,
1702 799 1824 852 ἀντὶ
1856 797 1951 851 τοῦ

383 886 761 956 Ἐμελετώντο
787 926 801 949 ,
855 887 1057 953 εῑτουν,
1093 886 1402 954 ἐλογίζοντο
1429 903 1442 915 ·
1477 887 1628 954 λέγει
1661 885 1838 941 τοίνυν
1867 886 1952 939 ὃτι

372 981 438 1034 τὰ
473 979 567 1048 ἐτη
608 979 768 1049 ἡμῶν
797 979 1128 1048 ἐλογίζοντο,
1181 981 1431 1032 τουτέστι
1459 979 1766 1048 λογίζονται
1797 981 1948 1050 ἡμῖν,

371 1073 506 1126 ὡσεὶ
544 1074 791 1143 ἀράχνης
829 1073 994 1138 ἱστὸς,
1028 1071 1300 1143 ἐπίμοχοα
1339 1073 1432 1126 καὶ
1483 1073 1842 1144 ὀλιγοχρόνια.
1893 1071 1950 1124 Ὀ

371 1167 482 1238 γὰρ
514 1165 751 1228 τοιοῦτος
787 1167 931 1228 ἱστὸς
958 1166 1139 1234 πολλῷ
1170 1165 1268 1236 μὲν
1302 1166 1590 1232 ὑφαίνεται
1637 1165 1821 1235 μόχθῳ
1862 1162 1952 1216 διὰ

368 1263 467 1329 τὴν
493 1260 632 1325 ἄγαν
656 1255 986 1328 λεπτότητα,
1040 1256 1234 1310 θᾶττον
1296 1257 1353 1310 δὲ
1395 1255 1677 1328 φθείρεται
1726 1255 1814 1308 διὰ
1852 1255 1952 1325 τὴν

369 1347 674 1401 ἀσθένειαν.

425 1612 496 1664 Al
522 1609 734 1678 ἡμέραι
756 1610 875 1666 τῶν
890 1610 1040 1666 ἑτῶν
1063 1612 1233 1682 ἡμῶν
1253 1614 1323 1667 ἐν
1355 1613 1560 1680 αὐτοῖς
1586 1613 1950 1684 ἐϐδομήκον-

365 1719 434 1756 τα
457 1702 560 1769 ἐτη
578 1720 590 1732 ·
615 1702 723 1756 ἐὰν
760 1702 829 1756 δὲ
851 1704 920 1757 ἐν
948 1702 1363 1772 δυναστείαις,
1411 1706 1788 1776 ὀγδοήκοντα
1817 1707 1944 1776 ἐτη.

2053 518 2213 582 dixit,
2244 519 2338 573 sed
2393 534 2703 574 sermonem
2739 524 2953 590 repetit,
2987 537 3176 578 eorum
3213 539 3381 593 more,
3414 531 3504 596 qui
3536 531 3644 582 mi-

2053 608 2413 666 sericordiam
2451 610 2772 679 implorant.

2125 699 2293 756 Vens.
2334 700 2419 758 l0.
2457 702 2598 755 Anni
2622 706 2794 758 nostri
2815 706 2967 774 quasi
2992 722 3191 760 aranea
3225 708 3635 769 meditabantur.

2050 792 2324 849 Araneum
2383 795 2535 863 ponit
2569 811 2669 865 pro
2725 812 2941 852 aranea:
2995 799 3127 852 tela.
3168 797 3411 856 Verbum
3456 813 3635 859 autem

2055 887 2462 941 Meditabantur
2492 889 2546 942 in
2576 890 2793 958 passiva
2828 891 2916 946 hic
2945 893 3347 962 signiﬁcatione
3397 899 3633 964 positum

2051 991 2159 1034 est.
2230 995 2331 1050 pro
2383 981 2876 1046 Existimabantur,
2934 999 3029 1038 seu
3079 983 3514 1054 Reputabantur.
3573 989 3639 1042 Et

2053 1083 2253 1124 sensus
2285 1079 2394 1134 est,
2426 1071 2571 1139 quod
2599 1073 2729 1126 anni
2761 1075 2936 1129 nostri
2981 1090 3010 1127 a
3052 1077 3214 1131 nobis
3244 1079 3639 1133 existimaban-

2052 1166 2164 1223 tur,
2218 1177 2318 1230 pro
2373 1160 2790 1230 Existimantur,
2852 1166 3011 1235 quasi
3066 1181 3280 1222 araneae
3332 1169 3458 1231 tela,
3519 1187 3640 1238 quae

2052 1264 2268 1304 summo
2318 1252 2375 1305 lit
2429 1268 2552 1307 cum
2590 1254 2797 1323 labore,
2831 1265 2884 1309 et
2919 1258 3136 1313 modico
3173 1259 3335 1313 durat
3371 1270 3636 1332 trtnpore.

2053 1342 2134 1397 0b
2186 1344 2484 1398 maximam
2523 1348 2668 1400 enim
2718 1363 2906 1401 earnm
2964 1354 3289 1406 tenuitatem
3343 1369 3451 1407 non
3525 1371 3637 1408 me-

2052 1434 2231 1490 diocri
2293 1444 2559 1491 texuntur
2591 1453 2717 1493 cum
2771 1439 2984 1505 labore,
3041 1451 3098 1498 et
3152 1444 3222 1498 ob
3259 1445 3633 1502 inﬁrmitatem

2053 1524 2305 1581 celeriter
2330 1534 2583 1596 pereunt.

2124 1614 2250 1697 Dies
2273 1633 2534 1672 annorum
2557 1602 2858 1676 nostrorum
2883 1625 2934 1677 iu
2959 1625 3087 1692 ipsis
3109 1630 3441 1698 septuaginta
3463 1631 3591 1684 anui
3617 1647 3635 1683 :

2051 1708 2099 1762 si
2136 1717 2311 1762 autem
2341 1710 2393 1762 in
2419 1713 2802 1779 potentatibus,
2837 1716 3109 1786 octoginta
3142 1720 3290 1772 anni.
3327 1720 3630 1776 Nnmerum

376 1794 643 1847 Ἐνταῦθα
669 1794 764 1848 τὸν
798 1793 1034 1866 ἀριθμὸν
1065 1796 1311 1861 ὁρίζεται
1342 1797 1452 1851 τῶν
1481 1797 1641 1862 ἑτῶν,
1668 1799 1808 1852 πόσα
1843 1797 1939 1869 μέν

2051 1813 2327 1854 annorum
2365 1800 2717 1869 determinat,
2748 1815 2882 1875 quot
2925 1807 3038 1862 sint
3066 1808 3326 1863 nimirum
3359 1813 3487 1866 anni
3526 1828 3632 1882 po-

363 1886 471 1938 είσι
500 1885 602 1956 τῆς
632 1886 941 1954 δυνάμεως,
973 1889 1115 1942 πόσα
1166 1888 1223 1942 δὲ
1258 1889 1325 1943 τὰ
1364 1890 1462 1959 τῆς
1493 1889 1635 1960 βίας.
1666 1891 1805 1961 Φησὶ
1834 1891 1942 1961 γὰρ

361 1979 444 2031 ὅτι
475 1979 528 2032 αἱ
571 1978 776 2049 ἡμέραι
806 1979 913 2032 τῶν
943 1978 1082 2033 ἐτῶν
1113 1979 1290 2052 ἡμῶν,
1328 1979 1496 2051 ἤγουν
1527 1980 1594 2034 τὰ
1631 1978 1724 2050 ἔτη
1760 1979 1940 2050 ἡμῶν,

362 2071 423 2124 ὲν
453 2072 638 2134 αὐτοῖς
676 2072 795 2139 μὲν,
841 2071 1009 2142 ἤγουν
1038 2073 1095 2125 ἐν
1137 2072 1374 2136 ἑαυτοῖς,
1399 2053 1786 2142 ’ἑϐδομήκοντα
1845 2072 1942 2143 ἔτη

364 2164 530 2218 εἰσίν.
571 2164 696 2217 Ἐπὶ
734 2163 989 2217 τοσοῦτον
1021 2163 1130 2235 γὰρ
1164 2165 1376 2218 ἑαυτῶν
1417 2167 1607 2234 ἐσμεν,
1637 2167 1941 2233 τουτέστιν,

362 2257 576 2311 ἑαυτῶν
607 2257 953 2328 κυριεύοντες
1015 2256 1327 2328 ἐνδυνάμως
1361 2257 1680 2328 κινούμεθα.
1731 2259 1860 2314 Ἐὰν
1885 2259 1944 2312 δὲ

359 2350 421 2402 ὲν
461 2349 808 2414 δυναστείαις
834 2367 920 2415 τις
943 2350 1114 2422 μέλλῃ
1149 2353 1272 2424 ζῇν,
1301 2351 1329 2404 ὅ
1354 2352 1502 2404 ἐστιν
1532 2352 1591 2406 ὲν
1614 2350 1728 2423 βίᾳ,
1757 2350 1846 2406 διὰ
1882 2351 1944 2404 τὸ

365 2444 524 2514 μόγις
552 2443 613 2497 τὺ
640 2441 928 2512 δύνασθαι,
958 2443 1292 2515 ὀγδοήκοντα.
1322 2443 1418 2515 ἐτη
1455 2443 1575 2496 τότε
1615 2443 1799 2512 ζήσει.

435 2716 512 2770 Τὸ
546 2715 616 2770 δὲ
667 2713 882 2770 πλεῖον
917 2712 1118 2770 αὐτῶν
1173 2714 1365 2781 κόπος
1394 2711 1495 2768 καὶ
1525 2713 1735 2777 πόνος.
1777 2712 1849 2765 Τὸ
1883 2713 1940 2767 δὲ

362 2808 620 2862 ἰπέκεινα
663 2807 890 2873 τούτων,
938 2809 1064 2860 ὅσον
1093 2805 1250 2875 ζήσει
1290 2823 1395 2870 τις,
1433 2805 1602 2868 κόπος
1636 2805 1730 2857 καὶ
1777 2803 1939 2867 πόνος

361 2904 517 2954 ἔσται
579 2901 668 2954 διὰ
735 2900 834 2972 τὴν
885 2901 1029 2968 ἄγαν
1073 2900 1381 2954 ἀσθένειαν.
1413 2899 1599 2960 Κόπος
1636 2897 1736 2967 μὲν
1778 2895 1870 2950 οὖν
1904 2897 1936 2966 ἠ

358 2993 733 3063 ταλαιπωρία,
792 2994 953 3056 πόνος
982 2991 1040 3046 δὲ
1071 2993 1132 3046 τὸ
1176 2993 1360 3059 ἄλγος.
1393 2991 1550 3054 Τινὲς
1573 2990 1630 3045 δὲ
1665 2990 1724 3042 τὸ
1758 2988 1940 3042 πλεῖον

359 3088 470 3140 τῶν
504 3087 885 3158 ἐϐδομήκοντα
919 3088 953 3158 ῆ
999 3087 1330 3156 ὀγδοήκοντα
1373 3084 1511 3138 ἑτῶν
1563 3083 1888 3155 νενοήκασιν
1917 3093 1937 3112 ⁸

359 3181 441 3234 ὅτι
465 3179 623 3252 ὀλίγη
644 3181 742 3249 μὲν
765 3181 823 3234 ὲν
839 3181 1053 3243 ἑαυτοῖς
1077 3179 1108 3248 ἡ
1143 3177 1356 3249 τέρψις,
1396 3177 1573 3232 πλεῖον
1591 3175 1648 3230 δὲ
1693 3177 1727 3246 ἡ
1759 3174 1938 3244 θλίψις

360 3276 449 3328 διὰ
478 3274 548 3328 τὰ
581 3276 784 3345 συνεχῆ
817 3272 1232 3344 συμπτώματα.

433 3453 561 3507 Ὀτι
581 3448 809 3520 ἐπῆλθε
834 3451 1100 3520 πραότης
1132 3446 1436 3519 ἑφ“’τἰμᾶς,
1473 3447 1567 3500 καὶ
1615 3444 1939 3511 παιδευθη-

359 3550 608 3618 σόμεθιι.
640 3545 932 3616 Πραότητα
983 3543 1079 3600 νῦν
1116 3545 1217 3614 τὴν
1264 3541 1496 3613 μετρίαν
1540 3542 1604 3593 ἐκ
1643 3537 1780 3592 Θεοῦ
1818 3555 1938 3589 παιο

356 3641 508 3694 δείαν
545 3639 822 3709 ὠνόμασε.
847 3639 1138 3710 Πραότητα
1171 3636 1229 3690 δὲ
1255 3636 1428 3704 αὐτὴν
1461 3629 1607 3698 εἷπε,
1636 3631 1773 3701 πρὸς
1801 3629 1936 3698 σύγ⁶

356 3749 544 3804 κρισιν
596 3726 666 3804 ἦς
720 3733 888 3801 ἐσμεν
917 3728 1058 3796 ἄξιοι
1086 3726 1381 3801 τιμωρίας,
1413 3725 1502 3779 διὰ
1530 3723 1628 3784 τὰς
1659 3723 1936 3794 ἁμαρτίας

357 3822 537 3896 ἡμῶν.

435 4111 530 4175 Τίς
549 4107 829 4178 γινώσκει
860 4105 926 4161 τὸ
955 4104 1173 4173 κράτος
1211 4101 1324 4171 τῆς
1367 4098 1552 4169 ὀργῆς
1589 4115 1707 4154 σου
1734 4115 1754 4163 ;
1808 4097 1933 4150 Ἐάν

355 4206 391 4270 ἡ
426 4201 602 4273 μικρά
640 4218 735 4254 σου
785 4197 1006 4252 παιδεία
1039 4194 1313 4263 τοσαύτην
1338 4195 1474 4264 ἡμῖν
1512 4189 1770 4259 αἴσθησιν
1818 4191 1933 4242 ὲνε-

354 4297 575 4365 ποίησε,
621 4297 701 4356 τίς
741 4293 851 4362 ἄρα
899 4289 1160 4358 γινώσκει
1191 4288 1354 4355 πόση,
1396 4283 1492 4338 καὶ
1533 4283 1686 4349 ποία,
1721 4283 1815 4336 καὶ
1847 4281 1932 4344 τίς

355 4389 507 4440 ἐστιν
535 4387 571 4455 ή
605 4385 760 4454 ἰσχὺς
795 4383 894 4452 τῆς
923 4381 1093 4452 ὀργῆς
1125 4396 1255 4446 σου;
1297 4379 1422 4432 Ἐπὶ
1453 4377 1567 4438 τοῖς
1599 4373 1930 4445 ἀνεπιστρό-

353 4494 472 4546 φως
507 4475 722 4546 ἔχουσιν
760 4473 930 4536 ὅντως
954 4470 1120 4540 πολλή
1151 4471 1272 4522 ἐστι
1295 4468 1390 4521 καὶ
1426 4469 1727 4538 ἀφόρητος.

424 4655 535 4710 Καὶ
566 4654 686 4709 ἀπὸ
703 4654 811 4708 τοῦ
841 4654 1033 4722 φόϐου
1060 4667 1178 4705 σου
1208 4651 1314 4704 τὸν
1339 4650 1532 4720 θυμόν
1555 4663 1673 4704 σου
1700 4649 1932 4719 ἐξαριθ-

345 4750 668 4820 μήσασθαι
691 4763 712 4812 ;
739 4748 850 4799 Καὶ
883 4746 967 4808 τίς
1020 4744 1182 4798 πάλιν
1215 4743 1474 4810 γινώσκει
1525 4743 1800 4814 μετρῆσαι
1838 4745 1930 4796 τὸν

353 4844 530 4912 θυμόν
567 4858 664 4894 σου
697 4857 718 4905 ;
751 4839 1001 4893 τουτέστι
1055 4836 1353 4905 διαγνῶναι
1384 4835 1547 4898 πόσος
1586 4838 1754 4890 ἐστιν.
1807 4837 1934 4890 Ὄν-

353 4924 463 4994 τως
490 4931 664 4994 οὐδεὶς
691 4929 851 4983 τοῦτο
874 4927 1190 4992 δυνήσεται,
1222 4926 1312 4980 διὰ
1351 4926 1410 4978 τὸ
1439 4922 1579 4980 εἷναί
1606 4943 1665 4980 σε
1699 4925 1931 4997 φοϐερὸν

353 5027 518 5092 ἄγαν.

432 5117 550 5180 Τὴν
599 5114 810 5180 δεξιὰν
865 5130 982 5169 σου
1032 5113 1186 5168 οὕτω
1236 5110 1534 5182 γνώρισόν
1569 5129 1692 5181 μοι.
1723 5112 1929 5178 Οὕτως,

351 5211 522 5281 ἡγουν
544 5209 602 5262 ἐν
631 5209 900 5278 πραότητι
934 5208 1030 5260 καὶ
1061 5208 1260 5278 μετρίᾳ
1287 5205 1504 5276 παιδείᾳ
1530 5204 1810 5276 ῥυθμίζων
1835 5223 1928 5274 με,

353 5299 625 5370 γνώρισόν
653 5317 744 5369 μοι
781 5297 881 5366 τὴν
923 5297 1106 5362 δεξιάν
1151 5314 1245 5350 σου
1287 5297 1344 5350 ἑν
1381 5298 1448 5366 τῇ
1483 5295 1669 5367 ἡμέρᾳ
1694 5296 1791 5364 τῆς
1813 5295 1931 5366 κρί-

356 5391 830 5462 σεως.Γνωρίσεις
848 5407 938 5460 μοι
962 5389 1020 5444 δὲ
1040 5389 1232 5459 αὐτὴν,
1258 5390 1461 5459 στήσας
1491 5389 1549 5441 ἐν
1577 5389 1639 5458 τῇ
1664 5387 1812 5458 δεξιᾷ
1834 5404 1927 5440 σου

361 5476 500 5545 μετὰ
528 5475 637 5529 τῶν
669 5477 984 5547 προϐάτων.

429 5648 539 5702 Καὶ
577 5650 723 5714 τοὺς
759 5651 1211 5720 πεπεδημένους
1247 5651 1321 5720 τῇ
1369 5651 1581 5720 καρδίᾳ
1613 5652 1682 5705 ἐν
1719 5654 1926 5722 σοφίᾳ.

355 5739 466 5794 Καὶ
496 5741 577 5794 ἔτι
609 5741 876 5812 γνώρισόν
910 5761 1000 5812 μοι
1047 5746 1168 5798 τότε
1197 5745 1326 5808 τοὺς
1359 5743 1624 5810 δικαίους,
1660 5743 1928 5809 συντάξας

2049 1892 2250 1957 tentize,
2297 1892 2400 1947 hoc
2428 1901 2514 1948 est
2543 1893 2779 1959 roboris,
2831 1911 2926 1952 seu
2961 1900 3158 1954 virium
3193 1918 3208 1956 :
3246 1911 3299 1956 et
3345 1913 3478 1972 quot
3522 1904 3632 1958 sint

2047 1983 2177 2038 anni
2211 1982 2504 2040 violentiae.
2537 1986 2628 2040 Ait
2654 1985 2844 2057 igitur,
2879 1989 3026 2059 quod
3054 1990 3174 2046 dies
3225 2009 3498 2048 annorum
3528 2010 3632 2049 no-

2049 2082 2315 2138 strorum,
2345 2075 2448 2130 hoc
2476 2085 2580 2143 est,
2617 2077 2767 2147 quod
2802 2078 2933 2132 anni
2969 2081 3173 2147 nostri,
3212 2084 3266 2136 in
3314 2084 3470 2152 ipsis,
3503 2100 3626 2154 pro,
3662 2094 3664 2097 '

2046 2165 2103 2220 in
2171 2165 2333 2220 nobis
2393 2165 2552 2235 ipsis,
2611 2173 2742 2222 sunt
2776 2171 3126 2241 septuaginta
3160 2175 3312 2228 anui.
3367 2173 3629 2246 Eousque

2045 2256 2193 2312 enim
2245 2270 2348 2312 nos
2394 2258 2577 2313 nostri
2613 2272 2832 2326 sumus,
2871 2261 2978 2318 hoc
3009 2270 3119 2328 est,
3153 2266 3331 2320 nostri
3371 2267 3629 2323 domina-

2046 2363 2194 2411 mur,
2229 2350 2537 2420 roboreque
2585 2365 2650 2406 ae
2691 2352 2906 2410 viribus
2941 2357 3152 2412 nostris
3199 2373 3525 2425 movemur;
3578 2363 3626 2416 si

2048 2449 2232 2494 autem
2269 2441 2324 2496 in
2363 2443 2740 2512 polentatibus
2767 2445 2896 2515 quis
2928 2447 3182 2505 victurus
3231 2451 3326 2515 sit,
3377 2451 3482 2507 hoc
3515 2460 3623 2516 est,

2047 2530 2106 2586 in
2141 2533 2426 2599 violentia,
2455 2550 2522 2589 eo
2551 2538 2698 2605 quod
2747 2545 2881 2592 tunc
2917 2539 3004 2593 vix
3037 2541 3242 2611 aliquid
3279 2543 3395 2598 lieri
3426 2555 3623 2613 potest,

2044 2625 2326 2694 octoginta
2363 2627 2526 2682 annis
2559 2628 2686 2698 quis
2715 2629 2884 2683 vivet.

2117 2715 2187 2768 Et
2219 2717 2357 2786 quod
2422 2719 2650 2788 amplius
2701 2736 2884 2774 eorum
2951 2721 3103 2776 labor
3155 2733 3203 2776 et
3243 2723 3416 2780 dolor.
3468 2724 3624 2782 Ultra

2047 2808 2148 2864 llos
2176 2824 2356 2864 annos
2405 2811 2451 2865 si
2501 2813 2629 2879 quis
2663 2813 2885 2876 vixerit,
2922 2814 3079 2867 labor
3109 2815 3160 2869 ei
3197 2817 3302 2871 erit
3348 2825 3403 2874 et
3442 2819 3622 2888 dolor,

2043 2899 2114 2954 ob
2143 2914 2418 2956 summam
2474 2901 2735 2955 nimirum
2770 2902 2952 2956 aetatis
2991 2903 3390 2961 inﬁrmitatem.
3447 2905 3625 2963 Labo-

2044 3003 2158 3043 rem
2188 2998 2370 3044 autem
2401 2989 2490 3044 hic
2521 2992 2715 3061 posuit
2733 3006 2834 3063 pro
2852 2993 3296 3066 miseria.Aliqui
3329 3014 3390 3053 ea
3417 3001 3617 3055 verba:

2044 3078 2116 3134 Et
2147 3080 2288 3150 quod
2320 3083 2550 3146 amplius
2598 3100 2806 3150 eorum,
2842 3085 2920 3140 ita
2967 3086 3355 3156 intellexerunt
3390 3093 3534 3160 quod
3563 3093 3618 3148 in

2044 3173 2113 3228 iis
2147 3174 2331 3240 annis,
2391 3176 2484 3246 qui
2545 3185 2677 3232 sunt
2725 3177 2868 3232 ultra
2923 3179 3098 3235 dictos
3137 3185 3483 3252 septuaginta
3535 3187 3618 3240 vel

2041 3266 2316 3336 octoginta
2348 3282 2550 3335 annos,
2590 3270 2806 3324 modica
2838 3279 2923 3326 est
2967 3271 3021 3326 in
3056 3273 3137 3330 eis
3168 3274 3483 3342 delectatio,
3521 3279 3618 3334 sed

2043 3357 2218 3426 major
2246 3369 2330 3414 est
2356 3360 2604 3424 alllictio,
2641 3372 2866 3434 propter
2900 3362 3223 3435 frequentes
3253 3381 3444 3424 casus.

2111 3450 2372 3516 Quoniam
2403 3458 2703 3523 superuenit
2727 3460 3072 3513 mansuetudo
3102 3461 3155 3514 in
3184 3477 3300 3526 nos,
3331 3472 3381 3516 et
3409 3462 3620 3519 erudie-

2041 3559 2180 3596 mur.
2215 3543 2321 3599 Per
2360 3547 2853 3604 mansuetudinem
2909 3552 3179 3606 modicam
3224 3553 3322 3609 Dei
3371 3558 3618 3626 castiga-

2042 3634 2247 3687 tionem
2305 3635 2584 3704 intelligit.
2649 3639 2726 3691 lta
2780 3639 2924 3693 enim
2983 3642 3188 3696 mitiori
3224 3644 3446 3701 nomine
3496 3662 3617 3701 eam

2039 3726 2530 3797 appellavit:quia
2575 3729 2621 3783 si
2672 3732 3020 3802 castigationi
3072 3742 3125 3786 et
3155 3737 3484 3791 correctioni
3539 3738 3618 3793 illi

2038 3831 2407 3888 comparetur,
2447 3839 2553 3893 qua
2607 3827 2676 3878 ob
2707 3841 2923 3882 summa
2971 3829 3170 3883 delicta
3221 3840 3411 3886 nostra
3466 3832 3617 3904 digni

2039 3929 2319 3978 essemus,
2371 3929 2478 3969 non
2513 3917 2824 3986 castigatio,
2871 3919 2967 3974 sed
3023 3922 3389 3982 mansuetudo
3429 3926 3616 3994 potius

2039 4004 2208 4059 videri
2242 4007 2462 4075 poterit.

2109 4096 2272 4153 Vens.
2317 4099 2406 4155 ll.
2449 4099 2580 4164 Quis
2615 4103 2756 4156 novit
2799 4101 2960 4156 robur
2990 4104 3086 4160 ira:
3118 4108 3272 4161 tua?
3311 4105 3368 4161 Si
3400 4108 3613 4164 modica

2037 4191 2328 4260 castigatio
2385 4200 2598 4246 tantum
2661 4195 2821 4249 nobis
2876 4211 3100 4252 sensum
3159 4200 3437 4268 prestitit,
3485 4201 3615 4272 quis

2037 4298 2203 4338 nosse
2253 4287 2455 4354 poterit
2502 4294 2720 4356 quanta:
2764 4296 2818 4341 et
2875 4288 3068 4356 quales
3104 4289 3217 4345 sint
3267 4291 3360 4347 irae
3393 4302 3500 4348 tua:
3530 4294 3612 4348 vi-

2037 4391 2148 4443 res,
2175 4377 2379 4446 quibus
2406 4378 2579 4433 uteris
2602 4379 2868 4434 adversus
2892 4394 3008 4447 eos,
3035 4383 3125 4451 qui
3153 4398 3278 4438 cum
3311 4385 3478 4440 multa
3495 4401 3610 4453 per-

1957 4472 2010 4531 D
2039 4485 2192 4525 verse
2223 4480 2480 4540 egerunt,
2510 4470 2757 4526 converti
2787 4471 3022 4527 nolunt?
3053 4473 3261 4548 Magna:
3292 4493 3427 4534 sane
3466 4481 3614 4538 vires

2039 4561 2145 4616 illae
2181 4576 2304 4617 esse
2337 4561 2561 4626 debent,
2596 4576 2760 4631 atque
2793 4565 3191 4622 intolerabiles.

2106 4654 2174 4708 Et
2213 4672 2324 4724 prta
2372 4657 2563 4710 timore
2591 4669 2681 4710 tuo
2722 4658 3136 4728 indignationem
3181 4672 3326 4716 tuam
3358 4666 3615 4723 dinume-

2036 4761 2155 4800 rare
2177 4749 2202 4800 ?
2242 4746 2307 4801 Et
2338 4749 2466 4817 quis
2488 4763 2685 4804 rursus
2719 4749 2857 4804 iram
2892 4761 3040 4805 tuam
3077 4754 3228 4809 novit
3265 4757 3486 4813 metiri?
3512 4762 3614 4816 hoc

2034 4849 2136 4900 est.
2171 4853 2532 4908 cognoscere,
2583 4853 2790 4910 quanta
2829 4842 2919 4896 sit.
2969 4841 3108 4898 Vere
3140 4846 3328 4901 nullus
3357 4851 3564 4918 poterit
3593 4868 3609 4918 ;

2036 4931 2298 5000 quoniam
2333 4939 2388 4986 tu
2421 4932 2576 4988 valde
2604 4933 2866 4990 terribilis
2897 4949 2960 4990 ac
2991 4937 3269 4995 timendus
3299 4956 3380 4998 es.

2103 5107 2272 5164 Vens.
2315 5107 2402 5162 1‘2.
2446 5108 2731 5165 Dexteram
2768 5122 2912 5166 luant
2959 5114 3034 5168 sic
3087 5125 3267 5169 notam
3314 5116 3401 5183 [ac
3454 5119 3607 5172 mihi.

2036 5196 2140 5263 Tu,
2172 5199 2372 5270 inquit,
2407 5201 2488 5256 sic
2519 5203 2766 5273 dirigens
2801 5219 2909 5270 me,
2963 5206 3020 5258 in
3055 5207 3482 5262 mansuetudine
3522 5210 3609 5262 ni-

2036 5293 2234 5346 mirum
2283 5301 2449 5362 alque
2504 5293 2556 5346 in
2609 5295 2826 5350 modica
2872 5297 3240 5363 correctione,
3292 5306 3476 5352 notam
3524 5297 3609 5354 fac

2033 5382 2166 5438 mihi
2217 5383 2496 5443 dexteram
2540 5393 2688 5440 tuam
2746 5387 2799 5440 in
2849 5388 2937 5443 die
2966 5388 3182 5456 judicii.
3232 5387 3427 5443 Notam
3478 5406 3610 5448 vero

2033 5493 2154 5533 eam
2182 5477 2313 5532 mihi
2348 5479 2539 5543 iacies,
2571 5481 2617 5534 si
2649 5481 2704 5534 in
2734 5481 2961 5536 dextera
2987 5481 3172 5535 ovium
3201 5491 3420 5536 tuarum
3452 5491 3606 5554 parte

2033 5584 2119 5623 tne
2151 5571 2433 5625 statueris.

2102 5659 2172 5713 Et
2214 5662 2410 5716 vinctos
2440 5663 2595 5716 corde
2646 5663 2700 5716 in
2749 5663 3032 5732 sapientia.
3082 5664 3148 5719 Et
3192 5683 3389 5724 rursus
3423 5668 3608 5727 indica

2034 5751 2167 5805 mihi
2194 5751 2378 5821 justos
2405 5754 2680 5823 homines,
2708 5753 2816 5812 illis
2841 5753 3092 5812 videlicet
3120 5773 3208 5818 me
3236 5761 3604 5835 conjungens,
