4084 6210
375 213 486 275 τίη
1536 208 1923 276 COMMENT.
1959 182 2433 275 mesauloe.
3529 209 3642 275 938

376 334 596 406 χειρῶν,
634 329 698 393 ἂς
737 329 1166 400 κατευθυνθῆναι
1197 331 1464 401 δεόμεθα,
1497 333 1572 394 ὡς
1621 333 1695 402 μὴ
1737 349 1947 402 παρεκ-

2066 346 2225 386 versae
2283 329 2528 384 actiones
2595 342 2742 394 sunt,
2802 342 2921 397 qua:
2977 343 3073 397 per
3122 343 3318 384 manus
3377 328 3542 394 fiunt,
3595 341 3642 384 et

376 427 554 479 κλίναι
587 423 686 492 τῆς
717 421 1036 492 εὐθύτητος,
1081 423 1201 492 ἢτοι
1228 423 1324 475 τοῦ
1383 425 1714 494 πρέποντος.
1751 425 1952 493 Ἔργον

2066 437 2193 492 quas
2232 421 2389 492 dirigi
2438 436 2752 490 precamur,
2800 436 2868 474 ne
2905 420 3184 475 declinent
3223 437 3252 475 a
3289 421 3640 487 rectitudine,

375 519 432 570 δὲ
463 515 665 587 χειρῶν
709 514 1019 578 ἰδιαζόντως
1058 514 1216 577 τινὲς
1248 514 1348 584 τὴν
1384 514 1760 585 ἐλεημοσύνην
1801 513 1958 583 ἐνόη-

2066 515 2166 569 hoc
2194 523 2299 578 est,
2340 530 2369 568 a
2427 516 2647 570 decoro.
2696 513 2798 569 Per
2841 529 2981 584 opus
3013 524 3193 570 autem
3243 531 3502 569 manuum
3533 517 3640 572 sin-

379 628 502 674 σαν,
532 609 609 677 τῷ
637 606 968 678 κεχωρίσθαι
992 606 1344 676 τιμηθείσαν,
1365 605 1558 677 ὥσπερ
1577 606 1960 677 πεφιλημένην

2066 607 2237 676 gulari
2284 621 2537 667 numero,
2585 607 2802 675 quidam
2881 606 3167 676 speciatim
3241 607 3537 678 significari
3566 609 3640 662 di-

359 701 524 770 μάλα
569 697 706 767 Θεῷ.
739 697 1022 767 Ἐλεήμων
1081 698 1139 750 δὲ
1177 699 1276 767 οὐχ
1320 702 1346 751 6
1375 699 1552 761 διδοὺς
1598 698 1778 766 μόνον,
1827 696 1964 750 ἀλλὰ

378 795 472 846 καί
494 794 522 844 6
546 793 886 861 συμπάσχων
909 808 921 821 ·
949 793 1012 844 ὲκ
1036 790 1144 843 τῶν
1174 791 1249 860 μὴ
1291 792 1524 860 ἑχόντων
1568 791 1678 859 γὰρ
1700 791 1960 859 χρήματα

379 884 698 953 συμπάθεια
780 884 942 954 μόνον
1020 884 1336 936 ἀπαιτεῐται
1425 880 1520 935 καὶ
1589 879 1956 950 παράκλησις.

382 976 565 1028 ’Λλλοι
607 974 664 1027 δὲ
707 976 843 1043 ἔργα
881 975 1080 1044 χειρῶν
1109 972 1261 1027 εἷπον
1287 974 1356 1026 τὰ
1386 973 1482 1042 τῆς
1539 971 1848 1040 πρακτικῆς
1882 969 1958 1032 ὡς

378 1069 612 1138 διάφορα
640 1085 652 1098 ·
684 1071 866 1138 χεῖρες
905 1068 1014 1137 γὰρ
1044 1069 1074 1137 ἡ
1109 1067 1388 1136 πρακτικὴ
1421 1065 1686 1127 πολλάκις
1728 1065 1950 1118 νοεῖται.

383 1161 585 1228 Ἔργον
614 1159 671 1211 δὲ
702 1161 902 1229 χειρῶν
941 1161 1002 1212 τὸ
1031 1161 1127 1229 τῆς
1152 1159 1492 1228 θεωρητικῆς
1526 1157 1601 1220 ὡς
1654 1153 1948 1226 μονοειδές·

379 1254 563 1320 χεῖρες
594 1250 701 1318 γὰρ
726 1251 943 1321 ,τρόπον
966 1253 1086 1305 τινὰ
1123 1253 1216 1305 καὶ
1239 1251 1266 1301 6
1298 1248 1446 1314 νοῦς,
1493 1247 1568 1310 ὡς
1594 1245 1951 1317 χειραγωγῶν

379 1343 473 1393 καὶ
498 1341 715 1408 ἀνάγων
737 1343 836 1411 τὴν
874 1341 1076 1411 ψυχήν.

2069 706 2270 753 xerunt
2313 697 2738 766 eleemosynam,
2800 698 2958 768 cujus
3022 699 3335 768 separatim,
3378 707 3432 753 et
3490 699 3647 768 quasi

2071 789 2311 859 quodam
2346 805 2470 844 cum
2500 789 2707 844 honore
2736 790 3050 845 meminisse
3074 789 3403 860 Pmphetam
3433 791 3646 851 dicunt.
3700 785 3706 790 ’

2066 881 2233 936 veluti
2279 885 2616 952 pracipuum
2656 881 2930 952 quoddam
2983 898 3120 952 opus
3149 883 3241 942 sit.
3276 890 3328 934 et
3362 883 3469 937 Deo
3531 899 3649 938 ma-

2064 973 2211 1028 xime
2247 981 2492 1044 gratum.
2547 973 2661 1027 Non
2721 982 2926 1027 tantum
2984 983 3161 1028 autem
3195 974 3282 1029 ille
3315 975 3515 1029 dicitur
3543 976 3650 1029 mi-

2067 1065 2332 1127 sericors,
2365 1065 2457 1134 qui
2505 1066 2757 1134 largitur,
2806 1068 2900 1118 sed
2953 1067 3113 1118 etiam
3168 1066 3256 1134 qui
3295 1067 3648 1134 compatitur.

2061 1155 2194 1210 Nam
2231 1155 2300 1209 ab
2335 1155 2405 1210 iis
2444 1155 2538 1225 qui
2569 1157 2751 1211 nullas
2809 1156 3014 1210 habent
3068 1157 3379 1222 facultates,
3415 1159 3528 1213 sola
3557 1175 3651 1228 pe-

2068 1249 2206 1301 titur
2257 1248 2571 1317 compassio
2619 1258 2683 1301 et-
2726 1249 3052 1304 consolatio.
3084 1249 3189 1303 Alii
3243 1264 3341 1320 per
3391 1265 3671 1304 manuum-

2062 1339 2282 1409 quidem
2318 1354 2508 1408 Opera,
2554 1342 2706 1394 varia
2756 1339 2969 1394 factivaa
2999 1341 3220 1396 virtutis
3257 1358 3424 1414 Opera
3482 1343 3649 1398 intel.

379 1434 648 1488 texerunt.
710 1435 901 1490 Manus
967 1437 1112 1490 enim
1178 1449 1422 1506 perszepe
1489 1448 1588 1505 pro
1643 1429 1955 1502 huiusmodi
2035 1431 2240 1485 virtute
2309 1431 2685 1502 accipiuntur.
2747 1431 2852 1486 Per
2919 1447 3058 1502 npus
3125 1445 3302 1490 autem
3390 1450 3646 1490 manuum

375 1525 643 1594 singulari
680 1541 962 1592 sermone,
1007 1528 1178 1596 ipsam
1225 1525 1762 1596 contemplationem,
1793 1521 1962 1577 veluti
2001 1522 2132 1591 quid
2163 1522 2217 1576 in
2250 1537 2350 1576 sua
2410 1523 2593 1593 specie
2645 1523 2821 1593 magis
2879 1523 3174 1580 uniforme.
3227 1525 3360 1580 Nam
3426 1538 3479 1584 et
3537 1541 3647 1580 ma-

382 1630 484 1668 nus
523 1623 675 1670 certo
719 1616 956 1686 quodam
1009 1617 1173 1673 modo
1222 1633 1322 1687 pro
1373 1617 1493 1687 ipso
1522 1618 1689 1672 etiam
1734 1613 2028 1683 capiuntur
2058 1613 2386 1671 intellectu:
2448 1629 2516 1668 eo
2549 1614 2694 1684 quod
2767 1629 2861 1685 per
2913 1615 3114 1686 ipsum,
3187 1615 3355 1670 veluti
3424 1618 3650 1687 quibus-

383 1710 510 1764 dam
545 1712 814 1772 mauibus,
845 1711 1026 1765 anima
1081 1719 1273 1766 nostra
1310 1711 1580 1779 dirigatur
1609 1710 1675 1763 ad
1706 1709 1960 1767 virtutes,
2003 1713 2056 1757 et
2086 1704 2320 1760 ducatur
2350 1707 2416 1760 ad
2438 1707 2626 1762 Deum.

671 1804 916 1874 Ψαλμός
944 1802 1025 1868 τῷ
1051 1805 1229 1858 Δαεὶδ
1254 1805 1678 1872 ἀνεπίγραφος.

970 1897 1266 1951 manus
1304 1897 1374 1964 ις.

448 1988 561 2041 Καὶ
612 1989 745 2058 περὶ
780 1989 879 2059 μὲν
926 1989 1034 2043 τῶν
1088 1990 1482 2059 ἀνεπιγράφων
1517 1989 1734 2061 εἴρηται
1783 1989 1841 2040 ὲν
1881 1988 1956 2056 τῷ

382 2082 659 2152 προοιμίῳ
689 2083 789 2151 τῆς
821 2081 1031 2152 βίϐλου.
1060 2081 1315 2136 Διδάσκει
1344 2082 1400 2135 δὲ
1427 2084 1454 2135 6
1485 2081 1700 2153 ψαλμὺς
1742 2084 1842 2150 τῆς
1872 2083 1951 2143 εἰς

383 2175 518 2228 Θεὸν
548 2174 764 2236 ἐλπίδος
789 2174 850 2226 τὸ
875 2173 1110 2245 ἄμαχον.

469 2352 532 2406 '0
551 2350 843 2405 κατοικῶν
857 2350 930 2404 ἐν
945 2351 1196 2419 ,βοηθείᾳ
1217 2350 1322 2404 τοῦ
1338 2350 1350 2364 ’
1362 2351 1651 2419 nit-loton,
1667 2349 1736 2404 ἐν
1754 2349 1956 2417 σκέπῃ

384 2445 492 2498 τοῦ
520 2444 668 2498 Θεοῦ
714 2443 820 2498 τοῦ
849 2444 1110 2512 οὐρανοῦ
1139 2445 1600 2511 αὑλισθήσεται.
1658 2443 1714 2496 '0
1741 2442 1958 2512 χρώμε-

385 2551 475 2597 νος
505 2534 579 2595 ὡς
625 2534 889 2603 οἰκήματι
931 2537 994 2605 τῇ
1031 2535 1254 2606 βοηθείᾳ
1283 2539 1348 2606 τῇ
1381 2535 1490 2589 ἀπὸ
1523 2535 1617 2587 τοῦ
1674 2535 1956 2602 Ὑψίστου,

381 2627 684 2690 τουτέστιν,
707 2629 734 2679 ὁ
760 2627 834 2697 μὴ
857 2629 1060 2696 διάγων
1091 2627 1197 2693 ἔξω
1226 2627 1430 2696 ταύτης
1451 2628 1576 2680 ὅσον
1604 2627 1694 2678 ἐπὶ
1721 2627 1796 2697 τῷ
1823 2626 1959 2697 θαρ-

390 2720 506 2789 ῥεῖν
535 2717 629 2770 ἐπὶ
673 2719 847 2790 ταύτῃ
887 2719 1024 2788 μόνῃ
1046 2735 1060 2750 ·
1103 2714 1258 2781 οὗτος
1289 2719 1347 2770 ἐν
1389 2721 1456 2789 τῇ
1487 2717 1668 2790 σκέπῃ
1693 2717 1960 2786 διατηρη-

391 2809 617 2877 θήσεται
643 2808 738 2862 τοῦ
762 2809 918 2874 Θεοῦ,
939 2811 1058 2880 ἦτοι
1081 2808 1526 2879 σκεπασθήσεται
1553 2808 1657 2862 ὑπὸ
1679 2809 1772 2860 τοῦ
1799 2807 1957 2860 Θεοῦ.

388 2897 521 2962 Θεὸς
556 2899 612 2950 δὲ
642 2899 860 2966 λέγεται
904 2900 998 2952 τοῦ
1038 2897 1270 2970 οὐρανοῦ
1320 2899 1394 2960 ὡς
1459 2899 1775 2966 Δεσπότης·
1809 2898 1858 2948 εἰ
1904 2896 1960 2948 δὲ

388 2992 520 3054 Θεὸς
547 2992 638 3045 τοῦ
662 2990 915 3060 οὐρανοῦ,
939 2989 1182 3059 δηλονότι
1213 2989 1307 3043 καὶ
1333 2989 1434 3059 τῆς
1457 2989 1582 3058 γῆς,
1615 2988 1710 3042 καὶ
1741 2987 1962 3041 πάντων

385 3085 593 3148 ἅπλῶς.
647 3085 868 3137 Νοεῖται
898 3083 956 3137 δὲ
1004 3083 1227 3155 βοήθεια
1258 3083 1349 3136 τοῦ
1395 3082 1534 3136 Θεοῦ
1580 3083 1675 3135 καὶ
1713 3082 1740 3133 6
1789 3080 1953 3150 νόμος

384 3178 495 3231 τῶν
525 3178 688 3230 θείων
723 3179 976 3241 ἐντολῶν,
1029 3177 1088 3230 ὃν
1129 3177 1329 3232 δέδωκε
1365 3178 1480 3241 τοῖς
1522 3173 1832 3246 ἀνθρώποις
1880 3176 1960 3237 εἰς

388 3268 640 3340 βοήθειαν
669 3270 809 3324 κατὰ
831 3269 938 3322 τῶν
960 3269 1254 3340 δαιμόνων.

456 3448 619 3516 Ἐρεῐ
636 3447 716 3513 τῷ
747 3447 942 3514 Κυρίῳ
963 3465 975 3478 ·
998 3447 1401 3516 Ἀντιλήπτωρ
1410 3463 1532 3514 μου
1561 3441 1635 3510 εἴ,
1652 3445 1754 3499 καὶ
1779 3463 1853 3500 κα
1863 3462 1960 3498 τα-

381 3541 546 3610 φυγή
585 3557 724 3610 μου.
769 3541 915 3608 Ἐρεῖ
950 3540 1028 3609 τῷ
1072 3539 1264 3608 Κυρίῳ
1330 3536 1473 3606 μετὰ
1511 3537 1844 3607 παρρησίας,
1879 3535 1960 3588 ὅτι

399 3629 772 3701 Ἀντιλήπτωρ
805 3645 908 3700 μου
935 3625 1006 3695 εἰ,
1030 3627 1128 3682 καὶ
1155 3627 1444 3698 καταφυγή
1474 3643 1577 3696 μου
1610 3625 1676 3678 σὺ
1705 3624 1884 3694 μόνος.

470 3817 533 3869 ⁸0
579 3816 724 3882 Θεός
774 3831 916 3884 μου.
959 3815 1057 3868 καὶ
1109 3813 1338 3867 ἐλπίσω
1395 3811 1487 3864 ἐπ’
1538 3811 1756 3866 αὐτόν»
1797 3811 1960 3866 Ἀλλὰ

384 3908 483 3960 καὶ
513 3907 740 3958 ἐνώπιον
767 3905 942 3958 ἄλλων
984 3906 1121 3973 ὲρεί,
1159 3903 1242 3957 ὅτι
1285 3901 1416 3964 Θεός
1448 3901 1550 3970 μού
1594 3903 1748 3954 ἐστιν
1782 3897 1958 3966 οὗτος,

383 4000 482 4053 καὶ
512 3998 682 4051 ἐλπιῶ
703 3999 793 4050 ἐπ’
813 3998 976 4049 αὐτόν
996 4013 1008 4026 ο
1033 3996 1282 4048 τουτέστι
1302 4035 1316 4059 ,
1350 3995 1446 4047 καὶ
1479 3995 1606 4065 παρ’
1634 3993 1814 4057 ἄλλοις
1830 3997 1964 4065 ὁμο-

387 4093 633 4160 λογήσει,
666 4092 748 4144 ὅτι
779 4091 908 4153 Θεὸς
937 4089 1102 4144 αὐτοῦ
1135 4090 1304 4142 ἐστιν.

462 4187 595 4239 Ὀτι
637 4184 820 4252 αὐτὸς
848 4183 1104 4253 ῥύσεταί
1143 4199 1217 4236 σε
1259 4182 1329 4236 ἐκ
1363 4181 1609 4252 παγίδος
1641 4181 1961 4249 omenti-ir,

385 4278 488 4332 καὶ
526 4277 643 4332 ἀπὸ
682 4279 871 4345 λόγου
923 4275 1329 4344 ταραχώδους.
1363 4274 1596 4342 Παγίδες
1627 4275 1736 4326 τῶν
1765 4273 1963 4341 αἰσθη-

385 4375 496 4429 τῶν
532 4373 744 4445 ἐχθρῶν
775 4373 886 4424 τῶν
930 4372 1277 4442 θηρευόντων
1331 4372 1400 4424 τά
1437 4370 1668 4439 σώματα
1711 4369 1822 4421 τῶν
1867 4369 1965 4420 ἀν-

2278 1801 2526 1855 Psalmus
2551 1803 2650 1870 ipsi
2692 1801 2862 1856 David
2886 1804 3001 1856 sine
3044 1803 3405 1871 inscriptione.

2617 1893 2939 1951 PSALMUS
2983 1896 3096 1951 XC.

2137 1990 2210 2044 De
2263 1988 2520 2055 Psalmis,
2570 1990 2663 2059 qui
2710 1989 3124 2060 inseriptiouem
3190 1990 3392 2044 nullam
3427 1989 3644 2057 habent,

2063 2081 2272 2136 dictum
2303 2091 2387 2136 est
2437 2081 2490 2135 iu
2547 2080 2822 2136 Prommio
2879 2082 3086 2153 operis.
3151 2080 3418 2136 Ducentur
3462 2093 3641 2136 autem

2063 2174 2167 2228 hoc
2226 2172 2472 2238 Psalmo,
2544 2182 2762 2244 quanta:
2828 2183 2883 2229 et
2946 2189 3109 2244 quam
3190 2174 3644 2244 incomparabiles

2062 2266 2174 2320 sint
2207 2265 2354 2320 illius
2401 2265 2518 2335 spei
2577 2265 2742 2328 vires,
2791 2280 2909 2334 quae
2958 2265 3010 2318 iu
3045 2265 3151 2320 Deo
3183 2273 3284 2320 est.
3610 2264 3614 2268 ’

2129 2354 2298 2412 Vens.
2336 2357 2390 2412 I.
2435 2356 2540 2420 Qui
2568 2354 2775 2409 habitat
2828 2356 2884 2409 in
2935 2355 3202 2424 adjutorio
3273 2355 3554 2420 Altissimi,
3587 2355 3640 2408 in

2060 2449 2383 2516 protectione
2418 2445 2515 2501 Dei
2553 2448 2671 2502 εαξιὶ
2716 2446 3148 2501 commorabitur.
3185 2447 3296 2514 Ille,
3341 2447 3433 2516 qui
3457 2447 3643 2501 divino

2064 2539 2271 2593 auxilio
2305 2539 2378 2592 ita
2432 2539 2625 2603 utitur,
2664 2539 2833 2594 veluti
2873 2538 3211 2594 habitatione
3259 2538 3518 2609 quadam,
3547 2547 3643 2592 aut

2061 2632 2247 2696 domo,
2280 2633 2379 2686 hoc
2417 2645 2518 2694 ρει,
2571 2631 2663 2684 ille
2721 2631 2812 2700 qui
2867 2640 3019 2685 extra
3080 2630 3183 2685 hoc
3206 2630 3450 2684 divinum
3482 2633 3644 2685 auxi-

2063 2722 2194 2775 lium
2245 2737 2357 2775 non
2418 2731 2684 2784 moratur,
2714 2720 2808 2776 sed
2860 2720 2914 2774 in
2949 2734 3015 2774 eo
3067 2720 3243 2774 solum
3284 2721 3526 2784 conﬁdit,
3585 2723 3638 2776 in

2064 2814 2316 2868 custodia
2368 2823 2532 2882 atque
2582 2813 2636 2865 in
2673 2812 3016 2882 protectione
3046 2811 3140 2866 Dei
3175 2812 3502 2880 servabitur,
3529 2813 3634 2867 hoc

2065 2914 2169 2969 est,
2231 2914 2605 2976 protegetura
2667 2905 2799 2959 Deo.
2856 2903 3025 2959 Deum
3058 2913 3238 2958 autem
3298 2905 3420 2958 coeli
3479 2905 3638 2965 dixit.

2065 3007 2126 3052 ut
2159 2995 2472 3051 Dominum.
2508 2994 2664 3061 Quod
2717 2995 2762 3050 si
2809 2995 2933 3050 coeli
2975 2994 3241 3051 Dominus
3271 3001 3374 3059 est,
3425 2996 3636 3051 ciarum

2065 3095 2149 3141 est
2179 3086 2322 3155 quod
2357 3093 2410 3140 et
2429 3093 2588 3139 terra:
2622 3093 2676 3139 et
2709 3095 3030 3140 caeterorum
3062 3087 3304 3140 omnium
3361 3094 3446 3142 est
3474 3085 3638 3142 Deus.

2064 3177 2168 3233 Per
2207 3178 2473 3232 auxilium
2512 3185 2716 3244 autem,
2742 3192 2961 3247 semper
2993 3178 3325 3248 adiutorium
3351 3179 3642 3235 Altissimi.

2065 3270 2378 3324 divinorum
2425 3269 2812 3322 mandaturum
2875 3269 3050 3338 legem
3088 3270 3348 3342 intellige,
3388 3286 3552 3341 quam
3584 3271 3642 3326 in

2065 3362 2332 3416 auxilium
2367 3361 2684 3416 hominibus
2715 3361 2863 3416 dedit
2886 3370 3076 3416 contra
3116 3362 3413 3418 damones.

2132 3453 2298 3507 Vens.
2323 3452 2377 3505 2.
2414 3450 2566 3505 Dicet
2607 3450 2833 3505 Domino
2864 3467 2882 3505 :
2914 3452 3142 3522 Adjutor
3189 3470 3334 3508 meus
3365 3471 3419 3509 es
3464 3463 3540 3522 tu,
3590 3465 3640 3510 et

2064 3545 2324 3614 refugium
2350 3557 2543 3596 meum.
2596 3541 2648 3597 ls
2703 3543 2853 3598 dicet
2912 3543 3142 3599 Domino
3172 3560 3365 3615 magna
3402 3562 3526 3601 cum
3570 3547 3640 3602 li-

2066 3637 2278 3692 bertate
2310 3651 2325 3688 :
2364 3635 2591 3690 Domine
2615 3674 2630 3701 ,
2665 3641 2722 3688 tu
2761 3649 2819 3690 es
2845 3634 3064 3704 adiutor
3110 3650 3287 3700 meus,
3317 3644 3374 3694 et
3403 3646 3459 3692 tu
3489 3639 3640 3692 solus

2063 3738 2124 3778 es
2157 3721 2424 3792 refugium
2446 3736 2649 3776 meum.

2136 3815 2274 3870 Deus
2304 3830 2471 3880 meus,
2492 3813 2713 3882 sperabo
2743 3815 2795 3868 in
2828 3829 2969 3868 eum.
2998 3812 3110 3870 Nec
3139 3821 3354 3869 tantum
3369 3815 3434 3869 ad
3461 3816 3641 3887 ipsum

2067 3907 2236 3961 Deum
2270 3920 2454 3959 secum
2489 3904 2606 3974 ipse
2641 3905 2718 3958 ita
2771 3902 2940 3966 dicet,
2969 3903 3064 3959 sed
3107 3919 3292 3960 coram
3319 3906 3444 3962 aliis
3497 3915 3640 3974 atte-

2067 3998 2305 4052 stabitur
2361 3971 2527 4049 fidem
2553 3995 2694 4048 hanc
2745 4008 2925 4060 suam,
2960 3993 3151 4051 dicens
3185 4012 3198 4048 :
3232 3995 3332 4051 Hic
3355 4003 3444 4051 est
3495 3971 3640 4052 Deus

2065 4105 2241 4151 meus,
2271 4098 2323 4143 et
2353 4089 2584 4157 sperabo
2635 4088 2688 4141 in
2723 4101 2871 4143 eum.

2138 4179 2308 4234 Vens.
2337 4181 2391 4234 3.
2426 4179 2689 4245 Quoniam
2724 4179 2831 4246 ipse
2857 4178 3039 4244 eripiet
3067 4188 3114 4233 te
3139 4179 3201 4233 de
3232 4180 3418 4248 laqueo
3454 4198 3642 4236 oenan-

2068 4275 2221 4339 tium,
2249 4286 2297 4329 et
2341 4290 2372 4327 a
2405 4273 2555 4327 verbo
2584 4274 3066 4341 perturbationum.
3099 4271 3300 4342 Laquei
3335 4275 3492 4329 nobis
3524 4282 3646 4329 ten-

2067 4368 2394 4422 dunturtam
2411 4365 2774 4426 avisibilihus.
2797 4381 2961 4435 quam
2981 4365 3048 4419 ab
3064 4365 3430 4421 inoisibilibus
3459 4367 3638 4420 inimi-

387 4465 624 4537 θρώπων
664 4467 720 4517 αἱ
760 4465 973 4534 ἐνέδραι
1013 4464 1108 4516 καὶ
1145 4464 1194 4515 οἱ
1234 4462 1402 4531 λόχοι,
1472 4461 1593 4514 Τῶν
1626 4461 1686 4514 δὲ
1744 4460 1956 4529 νοητῶν

2067 4461 2169 4515 eis.
2192 4458 2365 4527 liuius
2381 4457 2582 4526 quippe
2595 4456 2784 4511 mundi
2801 4458 3003 4520 hostes,
3020 4457 3112 4527 qui
3127 4458 3363 4512 humana
3379 4470 3646 4514 venantur

385 4564 497 4612 τῶν
557 4559 900 4629 θηρευόντων
954 4559 1053 4620 τὰς
1127 4556 1308 4626 ψυχὰς
1367 4556 1424 4608 αἱ
1477 4555 1614 4625 πρὸς
1663 4555 1732 4607 τὰ
1783 4554 1964 4621 φαῦλα

393 4651 722 4723 συμϐουλαὶ,
776 4651 833 4702 αἱ
883 4649 1190 4719 ἐπιθυμίαι,
1227 4649 1318 4700 καὶ
1374 4648 1430 4700 αἱ
1475 4647 1563 4700 διὰ
1613 4646 1723 4698 τῶν
1777 4645 1966 4697 παθῶν

391 4745 716 4798 ὲπιϐουλαί’
764 4744 855 4796 τὸν
901 4743 956 4796 δὲ
999 4739 1307 4810 ταραχώδη
1350 4737 1967 4809 λόγονρὲπηρεαστικὸν

394 4839 555 4906 λόγον
606 4836 866 4902 ἐξέδωκεν
915 4837 942 4887 6
993 4833 1321 4902 Σύμμαχος,
1371 4829 1645 4891 τουτέστι,
1691 4844 1966 4895 συκοφαν-

398 4928 584 4983 τικόνο
627 4928 892 4997 ταράσσει
947 4925 1057 4994 γὰρ
1097 4923 1198 4992 τὴν
1234 4921 1414 4992 ψυχὴν
1461 4921 1554 4974 τοῦ
1595 4936 1969 4987 συκοφαντου-

399 5022 581 5090 μένου.
635 5018 972 5087 Ἐπέστρεψε
1020 5017 1076 5069 δὲ
1110 5017 1201 5069 τὸν
1249 5015 1409 5081 λόγον
1447 5013 1476 5064 6
1514 5012 1801 5081 προφήτης
1830 5011 1968 5081 πρὸς

395 5114 487 5166 τὸν
527 5110 775 5164 τοιοῦτον
828 5109 1138 5177 ἄνθρωπον,
1176 5105 1421 5176 δηλονότι
1469 5104 1560 5157 τὸν
1605 5101 1965 5156 κατοικοῦντα

398 5207 457 5258 ὲν
511 5207 579 5275 τῇ
636 5202 858 5274 βοηθείᾳ
902 5200 998 5254 τοῦ
1064 5198 1344 5268 Ὑψίστου,
1401 5196 1496 5248 καὶ
1551 5193 1968 5265 παραθαρρύνει

398 5298 584 5351 αὐτόν.

483 5561 587 5615 Ἐν
616 5559 743 5621 τοῖς
793 5555 1181 5626 μεταφρένοις
1234 5552 1418 5607 αὐτοῦ
1455 5551 1798 5606 ἐπισκιάσει
1848 5566 1966 5605 σοι.

405 5653 708 5727 Προασπιεῖ
765 5667 878 5706 σου.
913 5645 1297 5717 Μεταφορικὸς
1348 5645 1406 5698 δὲ
1447 5647 1476 5698 6
1523 5645 1804 5714 λόγος.”0
1858 5644 1969 5713 γὰρ

683 5744 957 5802 Parant"
988 5741 1105 5802 Gn.
1135 5735 1464 5799 CXXVIII.
1891 5799 1928 5814 ρ
1959 5775 1962 5778 ι

2066 4566 2319 4620 corpora,
2366 4549 2594 4618 laqueos
2649 4550 2870 4603 tendere
2905 4549 3189 4610 dicuntur,
3244 4565 3369 4603 cum
3415 4549 3648 4605 insidias

2066 4652 2280 4712 parant.
2312 4641 2712 4696 Inlellectnales
2737 4647 2920 4694 autem
2941 4640 3149 4704 hostes,
3178 4640 3270 4709 qui
3291 4655 3398 4695 non
3413 4655 3645 4710 corpora

2066 4742 2357 4794 venantur.
2377 4733 2470 4788 sed
2495 4733 2727 4796 animas.
2749 4733 2973 4803 laqueos
2991 4731 3258 4787 adversus
3279 4747 3379 4786 nos
3399 4741 3646 4803 struunt,

2067 4839 2194 4879 cum
2246 4835 2343 4876 aut
2371 4839 2533 4893 prava
2571 4833 2869 4892 suggerunt
2923 4821 3294 4888 consilia,aut
3325 4821 3391 4876 ad
3436 4837 3644 4877 concu-

2070 4913 2369 4986 piscentiae
2403 4929 2504 4969 nos
2540 4921 2705 4983 atque
2729 4914 2798 4969 ad
2853 4914 3145 4985 passiones
3170 4913 3426 4970 incitant.
3491 4913 3650 4983 Sym-

2070 5007 2302 5062 machus
2353 5020 2457 5075 pro
2519 5005 2675 5060 verbo
2725 5006 3137 5074 perturbationis
3169 5047 3186 5073 ,
3258 5005 3650 5059 calumniarum

2070 5113 2364 5152 sermonem
2391 5096 2564 5150 reddit
2590 5113 2605 5162 ;
2640 5097 2966 5166 perturbant
2993 5099 3134 5151 enim
3171 5095 3406 5150 animam
3437 5091 3648 5146 calum-

2070 5190 2196 5244 nizr.
2252 5187 2543 5243 Convertit
2587 5196 2770 5244 autem
2832 5187 3103 5260 Propheta
3142 5197 3448 5242 sermonem
3481 5197 3642 5236 suum

2075 5281 2144 5337 ad
2180 5281 2498 5352 huiusmodi
2533 5281 2834 5346 hominem,
2873 5281 2968 5350 qui
3014 5281 3069 5333 in
3107 5277 3200 5333 Dei
3242 5275 3518 5346 adiutorio
3550 5273 3652 5327 ba-

2078 5372 2239 5437 bitat,
2281 5373 2539 5444 viresque
2572 5381 2738 5444 atque
2774 5373 3016 5427 animum
3054 5379 3340 5438 prmstans,
3376 5366 3652 5421 conlidere

2077 5481 2201 5522 cum
2250 5467 2432 5532 iubet.
2473 5466 2664 5520 dicens
2699 5481 2713 5518 :

2148 5556 2315 5612 Vsus.
2348 5557 2403 5611 4.
2454 5557 2701 5624 Scapulis
2736 5555 2848 5609 suis
2883 5552 3214 5608 obumbrabit
3247 5549 3360 5609 tibi.
3410 5548 3523 5604 Hoc
3549 5557 3652 5614 est,

2086 5652 2336 5717 proteget
2380 5653 2454 5700 te.
2496 5643 2588 5700 Est
2630 5651 2812 5698 autem
2849 5643 2937 5698 hic
2961 5657 3146 5698 sermo
3181 5639 3651 5712 methaphoricus.

3151 5731 3224 5793 30
