4082 6230
491 339 592 405 951

1671 331 2048 391 EUTUYMll
2087 328 2443 387 ZlGABENI

3632 318 3745 379 952

526 458 1047 514 γιηε.14.Ρίαιιιαιὶ
1078 456 1128 508 in
1151 453 1305 507 domo
1325 453 1535 506 Domini
1556 454 1608 505 in
1623 450 1762 503 aulis
1780 450 1874 503 Dei
1891 457 2046 501 nostr:

2234 443 2678 512 Περυτευμένοι»
2702 442 2771 495 ἐν
2800 441 2877 505 τῷ
2907 441 3050 503 οἴκῳ
3081 438 3322 505 Κυρίου,
3366 436 3437 489 ἐν
3477 435 3604 501 ταῖς
3627 439 3749 489 αὑ-

485 551 807 623 eﬂlorebunt.
860 548 1091 600 Plantati
1154 546 1205 598 in
1255 545 1496 599 inferiori
1544 543 1807 604 Ecclesia,
1841 543 1895 593 in
1946 554 2051 609 qua

486 644 694 697 habitat
726 640 901 711 gratia
940 640 1173 704 Domini,
1205 646 1258 692 et
1278 637 1504 692 radi‘cati
1537 637 1589 689 in
1623 635 1747 695 ﬁde,
1779 633 2056 688 ﬂorebunt

485 736 536 787 iu
565 732 817 798 supernis
841 732 984 785 aulis
1016 729 1356 793 caelestibus,
1404 728 1505 781 hoc
1539 736 1642 790 est,
1680 726 1789 780 illic
1820 739 2053 793 appare-

485 826 619 877 bunt
669 824 933 877 virtutum
974 821 1201 875 ﬂoribus
1229 821 1427 874 ornati.
1470 818 1562 871 Vel
1604 817 1762 871 aliter
1796 832 1811 869 :
1851 816 2054 870 Domus

482 915 696 970 Domini
732 916 964 971 scientia
1008 921 1090 968 est
1140 913 1452 966 divinarum
1505 911 1939 977 Scripturarum,
1997 910 2051 961 in

480 1024 584 1079 qua
640 1008 870 1064 scientia
908 1006 1193 1061 Dominum
1227 1004 1576 1069 invenimus;
1606 1002 1743 1056 aulae
1772 1015 1902 1056 vero
1926 1008 2055 1057 sunt

482 1098 626 1156 illius
658 1099 933 1156 mandata.

555 1280 717 1335 Vens.
774 1281 861 1345 15,
894 1281 979 1335 l6.
1018 1280 1201 1333 Adhuc
1234 1274 1729 1345 multiplicabuntur
1757 1274 1812 1327 in
1845 1281 2054 1327 senecta

476 1375 681 1443 pingui.
738 1372 839 1427 Per
870 1378 1128 1442 pinguem
1174 1378 1478 1432 senectam,
1526 1368 1745 1435 plenam
1796 1364 2053 1431 intelligit

479 1472 836 1520 senectutem.
886 1464 1151 1528 Tametsi,
1207 1461 1405 1530 inquit,
1454 1460 1586 1529 justi
1655 1457 1909 1513 homines
1958 1470 2047 1511 se-

480 1557 723 1621 nuerint,
750 1571 859 1610 non
883 1553 1138 1610 deficient
1171 1561 1353 1607 tamen
1385 1552 1440 1607 in
1480 1551 1727 1620 profectu
1760 1549 2050 1611 virtutum,

478 1649 727 1717 quinimo
788 1646 959 1717 magis
1015 1660 1078 1697 ac
1118 1645 1290 1714 magis
1338 1656 1552 1710 semper
1581 1639 1879 1695 virtutibus
1909 1641 2051 1693 mul-

480 1738 887 1808 tiplicabuntur.

2163 537 2301 602 λαῖς
2334 536 2439 589 τοῦ
2470 534 2618 588 Θεοῦ
2652 533 2820 603 ἡμῶν
2859 531 3297 597 ἐξανθήσουσι.
3340 529 3748 598 Πεφυτευμὲνικ

2164 627 2213 679 οἱ
2243 627 2442 678 δίκαιοι
2476 627 2533 676 ἐν
2554 626 2620 694 τῇ
2657 623 2808 677 κάτω
2841 620 3160 691 Ἐκκλησία,
3212 622 3273 672 ὲν
3388 621 3527 671 οἰκεῖ
3571 620 3604 688 ή
3641 618 3747 672 τοῦ

2167 717 2406 789 Χριστοῦ
2440 718 2619 789 χάρις,
2643 716 2736 769 καὶ
2766 714 3124 787 ἐρριζωμένοι
3146 714 3204 765 ὲν
3237 715 3303 783 τῇ
3336 711 3540 775 πίστει,
3586 712 3750 776 ἐξαν-

2163 812 2419 882 Θήσουσιν
2458 812 2514 863 ὲν
2556 812 2676 873 ταῖς
2699 806 2979 878 οὐρανίαις
3005 805 3199 867 αὐλαῖς
3231 820 3248 837 ο
3316 805 3497 857 show
3557 804 3747 869 φανή-

2110 911 2125 917 ’
2165 921 2348 957 σονται
2420 901 2826 970 κεκοσμημένοι
2886 903 2999 962 τοῖς
3073 898 3260 952 ἄνθεσι
3322 895 3432 948 τῶν
3499 895 3742 960 ἀρετῶν.

2164 998 2385 1050 Νοεῖται
2425 995 2482 1047 δὲ
2523 994 2619 1047 καὶ
2662 994 2859 1055 ἄλλως,
2889 987 3039 1054 olm;
3074 991 3172 1061 μὲν
3212 987 3419 1059 Κυρίου
3466 988 3499 1056 ἡ
3537 985 3748 1052 γνῶσις

2162 1090 2270 1141 τῶν
2304 1087 2466 1141 θείων
2524 1085 2779 1156 Γραφῶν,
2818 1086 2874 1137 ὲν
2994 1082 3320 1154 εὑρίσκομεν
3368 1077 3462 1131 τὸν
3509 1077 3744 1147 Κύριον,

2160 1181 2321 1234 αὐλαὶ
2359 1179 2413 1232 δὲ
2446 1181 2500 1231 αἱ
2528 1176 2742 1229 ἐντολαὶ
2764 1174 2951 1230 αὐτοῦ.

2237 1276 2364 1327 "Eri
2394 1269 2928 1338 πληθυνθήσονται
2960 1266 3031 1320 ἐν
3058 1265 3213 1333 γήρᾳ
3237 1263 3421 1317 πίονι.
3455 1260 3603 1314 [Hor
3626 1256 3745 1327 γῆο

2153 1383 2269 1434 ρας
2342 1364 2401 1417 τὸ
2458 1362 2779 1433 βαθύτατον.
2831 1360 2896 1413 Ol.
2946 1358 3201 1420 τοιοῦτοι,
3247 1355 3408 1424 φησι,
3465 1352 3556 1405 καὶ
3589 1353 3742 1415 ἄγαν

2162 1459 2524 1527 γηράσαντες,
2566 1456 2667 1508 οὐκ
2693 1453 3048 1522 ἀτονήσουσιν
3082 1453 3164 1513 είς
3190 1445 3475 1518 προκοπὴν
3506 1443 3739 1515 ἀρετῆς,

2161 1549 2279 1603 ἀλλ’
2307 1548 2385 1602 ἔτι
2418 1548 2621 1619 μᾶλλον
2661 1545 3132 1616 πληθυνϐήσονται
3158 1543 3280 1605 ταῖς
3304 1539 3548 1610 ἀρεταῖς.

551 1828 620 1883 Ει
661 1831 784 1884 bene
812 1830 885 1883 eis
921 1828 1139 1882 accidet.
1176 1826 1322 1881 Bene
1359 1825 1463 1880 illis
1494 1824 1729 1885 eveniet,
1758 1823 1955 1892 inquit,
1995 1823 2046 1877 in

2223 1820 2328 1874 Kal
2355 1815 2757 1881 εὐπαθοῦντες
2782 1815 3045 1868 ἔσονται.
3075 1810 3187 1864 Καὶ
3207 1806 3393 1861 λοιπὸν
3434 1801 3743 1857 εὐπαθοῦν-

482 1917 666 1970 futuro
692 1916 893 1971 saeculo
930 1933 946 1969 :
981 1916 1105 1986 quia
1146 1915 1355 1970 scilicet
1408 1912 1830 1968 delectabuntur
1884 1919 2051 1981 atque

481 2009 857 2064 exsmtabunt.

555 2101 623 2156 Ut
663 2101 979 2157 aununtient
1009 2100 1147 2172 quod
1179 2107 1353 2154 rectus
1381 2097 1638 2153 Dominus
1680 2098 1819 2151 Deus
1847 2104 2047 2163 noster,

440 2192 443 2195 λ
480 2204 529 2249 et
554 2211 657 2249 non
687 2203 760 2248 est
789 2194 1055 2261 iniustitia
1084 2194 1137 2247 in
1166 2208 1245 2247 eo.
1272 2191 1351 2246 [ta
1385 2199 1445 2246 ut
1474 2191 1579 2245 lteti
1613 2198 1803 2244 mutuo
1836 2204 2050 2243 annun-

481 2287 638 2343 tient.
671 2284 817 2353 quod
871 2283 1135 2338 Dominus
1176 2281 1358 2350 justus
1415 2290 1519 2343 est,
1573 2281 1665 2350 qui
1715 2281 1892 2337 servis
1936 2280 2050 2337 suis

482 2378 729 2446 requiem
757 2366 998 2444 praestat,
1046 2388 1144 2444 pro
1185 2375 1253 2428 iis
1309 2373 1611 2437 laboribus,
1657 2388 1797 2443 quos
1832 2373 1886 2427 in
1942 2372 2049 2427 vita

482 2469 882 2522 sustinuerunt.
918 2467 1073 2531 Quod
1109 2480 1239 2520 vero
1261 2466 1339 2519 ait
1373 2484 1385 2519 :
1427 2465 1496 2518 Et
1530 2482 1632 2518 non
1659 2474 1736 2518 est
1780 2465 2050 2534 injustitia

480 2560 533 2612 in
566 2574 646 2621 eo,
681 2557 937 2626 repetitio
982 2563 1068 2611 est
1117 2555 1425 2618 sententire,
1460 2561 1514 2609 et
1556 2554 1700 2608 idem
1753 2553 1856 2609 sibi
1909 2554 2047 2622 vult,

482 2665 544 2705 ac
580 2650 624 2706 si
655 2650 863 2719 justum
892 2663 1015 2704 eum
1054 2646 1379 2717 appellaret.

518 2741 584 2796 In
625 2742 763 2798 diem
794 2750 917 2797 ante
952 2740 1267 2804 Sabbatum,
1301 2739 1511 2810 quando
1550 2738 1792 2794 habitata
1838 2740 2008 2808 fuerat

1182 2839 1345 2885 terra.

991 2922 1314 2980 PSALMUS
1352 2922 1513 2978 XCII.

555 3017 655 3073 llic
692 3020 933 3089 psalmus
962 3018 1107 3089 apud
1150 3016 1408 3072 Hebraeos
1449 3017 1597 3071 omni
1636 3032 1863 3087 prorsus
1893 3022 2045 3071 caret

2150 1931 2242 1976 τες
2271 1912 2482 1966 ἔσονται
2514 1911 2571 1963 ὲν
2616 1907 2693 1978 τῷ
2724 1906 2970 1973 μέλλοντι
2994 1901 3210 1967 ιαίῶνι,
3276 1900 3546 1958 τουτέστι,
3590 1910 3737 1963 τρυ-

2153 2009 2360 2079 φῶντες
2406 2004 2503 2057 καὶ
2523 1999 2950 2069 ἀγαλλιώμενοι.

2227 2099 2337 2154 Τοῦ
2361 2094 2730 2164 ἀναγγεῖλαι,
2759 2092 2847 2145 ὅτι
2864 2088 3047 2154 εὐθὺς
3070 2088 3284 2155 Κύριος
3307 2085 3339 2137 ὀ
3364 2082 3506 2148 Θεὸς
3533 2077 3732 2149 ἡμῶν,

2150 2191 2247 2246 καί
2285 2191 2396 2244 οὐκ
2418 2190 2590 2242 ἐστιν
2627 2183 2832 2240 ἀδικία
2880 2182 2950 2235 ἐν
2991 2177 3173 2244 αὐτῷ.
3216 2177 3379 2229 Ὥστε
3438 2172 3736 2243 χαίροντας

2151 2278 2471 2349 ἀναγγεῖλαι
2511 2274 2786 2345 ἀλλήλοις,
2833 2269 3153 2330 ὃτινδίκαιος
3203 2268 3232 2319 ὁ
3296 2263 3498 2333 Κύριος
3526 2302 3543 2327 ,
3606 2260 3733 2312 ἀντὶ

2150 2373 2260 2426 τῶν
2297 2372 2356 2423 ὲν
2393 2369 2495 2438 βίῳ
2527 2365 2793 2436 καμάτων
2826 2360 3138 2417 ἀνάπαυσιν
3160 2358 3271 2419 τοῖς
3301 2354 3511 2415 δούλοις
3559 2349 3731 2438 αὐτοῦ

2150 2437 2426 2531 παρέχων.
2483 2457 2557 2510 Τὸ
2613 2454 2706 2519 δὲ,
2760 2455 2884 2507 Οὐκ
2943 2452 3116 2505 ἐστιν
3173 2446 3379 2502 ἀδικία
3425 2444 3494 2497 ἐν
3540 2437 3729 2505 αὐτῷ,

2148 2550 2448 2617 ἀνάπτυξις
2485 2547 2581 2601 καὶ
2604 2542 3006 2613 διπλασιασμός
3033 2543 3149 2594 ἐστι
3175 2538 3270 2592 τοῦ
3313 2534 3548 2589 δικαίου.

2149 2736 2253 2799 Εἰς
2290 2730 2406 2800 τὴν
2448 2726 2677 2799 ἡμέραν
2717 2724 2826 2780 τοῦ
2884 2719 3327 2794 προσαόὅάτου,
3387 2715 3486 2769 ὅτε
3538 2707 3727 2775 κατῴο

2726 2831 2898 2872 auaro
2947 2817 2989 2884 ἡ
3041 2813 3139 2883 τῆ.

2700 2905 2997 2964 ΨΑΑΜΟΣ
3063 2904 3175 2969 mg.

2232 3010 2634 3078 Ἀνεπίγραφος
2706 3000 2839 3070 παρ’
2875 2997 3145 3069 Ἑϐραίοις
3209 2995 3237 3046 ὀ
3284 2990 3497 3061 ψαλμδς
3540 2980 3721 3047 οὗτος.

477 3078 860 3177 inscriptione.
912 3078 1168 3175 Quiedam
1222 3106 1553 3175 exemplaria
1608 3078 1861 3164 editionis
1903 3107 2043 3162 LXX

2150 3106 2298 3176 Πλήν
2325 3118 2445 3156 τινα
2469 3100 2577 3153 τῶν
2613 3092 2965 3163 ἀντιγράφων
2998 3091 3259 3161 φέρουσιν
3282 3081 3593 3190 ἐπιγραφὴν
3647 3078 3726 3141 ὡς

478 3202 862 3268 interpretum,
920 3200 1336 3268 inscriptionem
1392 3197 1538 3252 illam
1595 3199 1818 3266 habent,
1878 3215 2040 3270 quam

478 3293 734 3361 superius
793 3291 1104 3353 retuliums,
1164 3300 1217 3345 et
1247 3290 1466 3360 quidam
1525 3300 1838 3357 exponunt,
1897 3292 2043 3360 quod

479 3384 596 3438 dies
627 3383 848 3437 Sahbati
878 3382 1168 3450 accipitur,
1200 3397 1299 3449 pro
1324 3382 1412 3436 die
1472 3381 1800 3438 universalis
1828 3382 2043 3451 judicii,

478 3484 538 3528 ut
590 3475 644 3529 in
708 3474 1029 3545 prmcedenti
1107 3473 1320 3549 psalmo
1393 3475 1680 3530 diximus:
1729 3474 1847 3529 dies
1910 3490 2045 3528 vero

479 3575 608 3622 ante
653 3567 975 3630 Sahbatum,
1056 3565 1175 3621 dies
1215 3567 1286 3619 sit
1334 3565 1760 3620 resurrectionis
1808 3565 2042 3621 Domini.

430 3666 433 3667 ⁷
476 3660 607 3715 Fuit
657 3660 803 3715 enim
852 3659 940 3714 illa
985 3658 1123 3720 dies,
1158 3658 1324 3715 veluti
1383 3657 1707 3728 praeludium
1767 3658 2043 3727 quoddam

429 3750 435 3757 ’
474 3752 801 3807 universalis
828 3751 1267 3807 resurrectionis.
1301 3749 1358 3803 ln
1386 3750 1477 3804 illa
1531 3756 1713 3803 autem
1744 3748 1833 3804 die
1890 3748 2045 3803 habi-

478 3852 590 3899 tata
637 3855 720 3899 εει
754 3852 917 3908 terra,
948 3843 1016 3897 ab
1044 3842 1112 3897 iis
1154 3841 1415 3897 nimirum
1465 3840 1779 3897 hominibus
1825 3841 1917 3911 qui
1947 3856 2045 3910 per

476 3935 825 4006 Evangelium
851 3943 904 3989 et
929 3934 1258 4004 baptismum
1297 3932 1630 4003 regenerati,
1686 3940 1742 3988 et
1774 3932 2045 4002 quodam-

477 4026 638 4083 modo
676 4027 993 4097 replasmati
1029 4033 1176 4081 sunt.
1210 4024 1414 4080 Verum
1458 4026 1814 4095 castigatiora
1851 4040 2044 4080 exem-

477 4120 646 4186 plaria
676 4119 860 4190 (etiam
889 4118 1045 4188 juxta
1086 4118 1380 4174 editionem
1424 4116 1586 4187 LXX)
1621 4124 1813 4172 carent
1847 4117 2044 4187 hujus-

425 4230 429 4234 λ
477 4210 623 4265 modi
652 4210 1028 4278 inscriptione.

546 4301 717 4357 Vsus.
761 4302 811 4356 ί.
843 4301 1096 4355 Dominus
1132 4300 1391 4370 regnavit.
1438 4299 1531 4355 Dei
1570 4298 1789 4369 quidem
1850 4297 2043 4363 Filius,

478 4393 548 4448 ab
572 4401 776 4447 aeterno
820 4407 1036 4460 semper
1087 4405 1183 4443 rex
1234 4389 1356 4455 fuit,
1388 4390 1440 4444 id
1480 4398 1660 4446 tamen
1692 4406 1801 4445 non
1831 4406 2046 4458 semper

2148 3170 2373 3261 ἀποτῆς
2409 3190 2719 3261 ἐξηγήσεως
2738 3184 2846 3239 τῶν
2884 3180 3308 3250 Ἐϐδομήκοντα,
3342 3171 3517 3235 οὕτως
3563 3170 3725 3238 ἔχου-

2149 3304 2249 3342 σαν
2283 3300 2300 3318 ⁶
2349 3287 2454 3349 Εἰς
2504 3280 2619 3349 τὴν
2661 3275 2889 3347 ἡμέραν
2938 3272 3045 3327 τοῦ
3111 3264 3561 3337 προσαϐϐάτου,
3624 3262 3727 3314 ὅτε

2148 3375 2481 3441 κατῴκιστο
2504 3372 2541 3439 ἡ
2567 3369 2664 3441 γῆ.
2698 3367 2809 3423 Καὶ
2847 3361 3183 3434 ἐξηγήσαντό
3229 3374 3407 3419 τινεςο
3452 3356 3533 3407 ὅτι
3584 3354 3727 3423 qua.

2153 3487 2251 3542 ραν
2285 3467 2384 3539 μὲν
2415 3464 2695 3519 Σαϐϐάτου
2720 3463 2776 3515 ὲν
2806 3458 2886 3529 τῷ
2923 3453 3251 3527 προλαϐόντι
3298 3445 3727 3542 ιίιαλμιῖννενοῇΓ

2149 3532 2327 3633 nupsit
2366 3558 2465 3628 τὴν
2498 3556 2601 3625 τῆς
2624 3550 2970 3621 παγκοσμίου
3006 3543 3390 3603 ἀναστάσεως,
3413 3536 3627 3633 ἡμέραν
3669 3532 3730 3586 δὲ

2149 3652 2532 3726 προσαϐϐάτου
2560 3650 2616 3700 ἐν
2660 3645 2737 3716 τῷ
2771 3645 3021 3712 παρόντι,
3057 3637 3155 3708 τὴν
3187 3635 3286 3702 τῆς
3328 3628 3563 3702 Χριστοῦ
3593 3628 3729 3680 ἀνα·

2146 3747 2414 3807 στάσεως,
2450 3742 2572 3812 ἥτις
2623 3735 2908 3807 προοίμιον
2951 3726 3020 3801 ἦν
3061 3728 3160 3795 τῆς
3194 3720 3570 3792 πάγκοσμίουο
3631 3716 3727 3768 ὅτε

2110 3806 2484 3907 σιατῳδιίσθη⁷
2528 3832 2559 3900 ἡ
2615 3806 2688 3897 γῆ
2755 3825 2857 3880 ὑπὸ
2914 3821 3023 3874 τῶν
3087 3811 3574 3888 μεταπλασθέντων
3628 3806 3726 3860 καὶ

2151 3901 2624 3996 ἀναγεννηθνέντων
2648 3919 2736 3972 διὰ
2779 3917 2873 3970 τοῦ
2917 3911 3251 3980 Εὑαγγελίου
3274 3907 3368 3961 καὶ
3399 3903 3491 3958 τοῦ
3522 3901 3727 3996 βαπτί-

2151 3994 2377 4091 σματος.
2406 3994 2598 4084 Ὅμως
2634 4012 2736 4064 οὐκ
2789 4008 2969 4080 ἔχουσι
2998 4005 3094 4075 τὴν
3125 3999 3436 4071 ἐπιγραφὴν
3491 3994 3727 4063 ταύτην,

2148 4112 2219 4165 τὰ
2241 4107 2610 4180 ἀκριϐέστερα
2636 4100 2967 4171 ἀντίγραφα.

2229 4317 2294 4370 ’0
2348 4315 2561 4383 Κύριος
2579 4309 2997 4365 ἐϐασίλευσεν.
3044 4302 3104 4355 ’0
3134 4300 3260 4362 Υίὸς
3289 4298 3389 4368 μέν
3436 4296 3551 4347 ἐστι
3620 4293 3725 4359 βαι

2153 4409 2334 4468 σιλεὺς
2371 4407 2446 4470 ὡς
2489 4404 2624 4467 Θεός
2650 4419 2667 4437 ο
2710 4401 2811 4455 οὐκ
2855 4399 2942 4452 ἀεὶ
2968 4396 3025 4450 δὲ
3073 4396 3184 4457 τοῖς
3212 4390 3523 4461 ἀνθρώποις
3559 4384 3726 4439 τοῦτο

475 4482 577 4538 iuit
609 4483 680 4537 ab
719 4482 1031 4537 hominibus
1076 4480 1379 4550 cognitum,
1433 4482 1679 4551 quinimo
1744 4498 1869 4537 eum
1915 4483 2043 4537 olim

2150 4499 2507 4573 ὲγνωρίξετο⁸
2540 4498 2803 4568 πρότερον
2828 4493 2937 4562 γὰρ
2973 4488 3296 4559 ἀγνοοῦντες
3328 4484 3514 4549 αὑτὸν,
3560 4481 3726 4534 ὔστε-

478 4574 804 4642 ignorabant
842 4573 1094 4626 homines
1131 4587 1147 4629 :
1188 4586 1376 4625 verum
1412 4572 1504 4626 ubi
1539 4572 1795 4629 Christus
1828 4589 1857 4627 a
1895 4589 2047 4628 mor-

479 4665 588 4718 tuis
617 4663 937 4725 resurrexit,
979 4661 1163 4715 ﬁdeles
1187 4676 1402 4727 omnes,
1439 4671 1497 4716 et
1519 4663 1610 4731 qui
1664 4663 1718 4717 in
1753 4680 1876 4719 cum
1924 4679 2047 4719 cre-

2151 4612 2242 4666 ρον
2272 4593 2412 4664 μετὰ
2450 4591 2550 4663 τὴν
2571 4593 2635 4644 ὲκ
2660 4587 2873 4659 νεκρῶν
2917 4585 3217 4639 ἀνάστασιν
3264 4573 3726 4648 ὲπληροφορήθηο

2148 4703 2247 4738 σαν
2275 4688 2323 4738 oi
2354 4682 2764 4745 πιστεύσαντες,
2788 4680 2869 4732 ὅτι
2911 4674 3164 4747 βασιλεύς
3221 4674 3392 4733 ἐστιν,
3436 4668 3511 4730 ὡς
3562 4666 3720 4726 Θεός.

427 4779 432 4783 ν
476 4754 682 4819 didere,
709 4754 971 4808 certiores
999 4751 1181 4807 euecti
1239 4762 1392 4819 sunt,
1423 4752 1515 4808 Dei
1551 4753 1750 4809 Filium
1779 4764 1833 4810 et
1864 4772 2043 4826 regem

2150 4777 2314 4829 Τοῦτο
2354 4775 2536 4828 τοίνυν
2592 4768 3003 4841 προαναφωνῶν
3055 4768 3083 4817 ὁ
3142 4762 3327 4827 Δαϐὶδ,
3391 4759 3585 4829 φιλοῦν
3632 4758 3720 4808 ὅτι

476 4859 600 4898 esse
633 4850 687 4896 et
720 4843 911 4898 Deum.
965 4841 1079 4895 Hoc
1129 4852 1210 4898 est
1254 4843 1442 4913 igitur,
1493 4845 1636 4913 quod
1680 4862 1827 4900 nunc
1880 4848 2044 4901 nobis

424 4956 429 4963 ί
477 4935 723 5003 praedicit
771 4934 965 4988 beatus
1001 4934 1195 4998 David,
1231 4934 1457 4991 dicens:
1488 4936 1744 4992 Dominus
1786 4941 2044 5013 regnavit,

477 5029 583 5082 hoc
614 5038 718 5091 est,
770 5029 1033 5100 Cognitus
1082 5038 1164 5086 est
1225 5039 1288 5085 ut
1347 5046 1463 5085 rex.
1515 5030 1613 5085 Vel
1670 5032 1826 5086 aliter
1868 5050 1883 5086 :
1928 5032 2041 5087 Rex

475 5121 696 5191 quidem
730 5122 859 5176 olim
894 5130 1009 5176 erat
1036 5122 1291 5178 Lliristus
1322 5131 1381 5176 ut
1425 5120 1590 5188 Deus,
1642 5123 1741 5179 sed
1798 5135 1922 5193 post
1953 5140 2041 5179 re-

476 5216 873 5270 surrectionem
907 5224 1118 5286 regnat,
1166 5225 1224 5269 ut
1269 5214 1479 5269 homo:
1526 5214 1665 5268 Data
1704 5232 1801 5278 est,
1840 5217 2036 5286 inquit,

426 5330 431 5335 -
476 5306 605 5359 milii
636 5307 805 5360 omnis
828 5315 1059 5375 potestas
1107 5308 1161 5360 in
1189 5308 1338 5372 caelo,
1372 5315 1420 5359 et
1462 5307 1516 5359 in
1546 5316 1689 5359 terra
1713 5306 1778 5358 θ’.
1818 5306 1883 5360 Et
1916 5323 2040 5361 rur-

475 5411 572 5452 sus
610 5416 623 5451 :
668 5396 774 5467 Ego
802 5408 978 5451 autem
1009 5400 1323 5452 constitutus
1360 5415 1474 5452 sunt
1500 5415 1592 5451 rex
1631 5398 1693 5451 ab
1727 5415 1785 5452 eo
1810 5400 1877 5455 ⁸⁸.

548 5486 797 5542 Decorem
864 5490 1078 5541 indutus
1125 5500 1225 5543 est.
1259 5488 1371 5543 lloc
1414 5497 1520 5553 est,
1570 5489 1797 5558 gloriam
1853 5501 1906 5545 et
1936 5508 2039 5563 po-

478 5585 729 5632 testatem
754 5580 1025 5650 ejusmodi
1053 5580 1472 5645 demonstravit,
1505 5597 1627 5649 quae
1656 5580 2041 5642 decentissima

562 5758 605 5787 ⁸³
632 5758 820 5815 Matth.
861 5774 1048 5824 nun,
1090 5761 1168 5815 l8.
1249 5763 1290 5795 ⁸³
1324 5761 1469 5816 Psal.
1508 5778 1566 5828 ll,
1591 5762 1642 5816 6.

2158 4867 2576 4930 Ἐϐασίλευσεν,
2628 4863 2877 4915 τουτέστι
2931 4857 3195 4918 Βασιλεὺς
3258 4851 3589 4921 ἐγνωρίσθη.
3645 4848 3721 4899 Ἦ

2149 4962 2241 5014 καὶ
2280 4959 2456 5020 ἄλλως
2486 4974 2503 4992 ο
2538 4955 2800 5016 Βασιλεὺς
2838 4952 2935 5022 μὲν
2964 4949 3039 5002 ὢν
3082 4948 3157 5010 ὡς
3188 4945 3343 5011 Θεὸς,
3398 4940 3721 4995 ἐϐασίλευσε

2152 5053 2243 5105 καὶ
2280 5052 2354 5114 ὼς
2376 5049 2687 5119 ἄνθρωπος·
2741 5043 2953 5109 Ἐδόθη
2987 5057 3084 5108 μοι
3134 5038 3262 5108 γάρ,
3309 5035 3497 5105 φησιν,
3542 5030 3723 5093 ἐξου-

2147 5146 2253 5198 σία
2278 5146 2348 5197 ἐν
2375 5139 2608 5210 οὐρανῶ
2667 5136 2765 5191 καὶ
2818 5136 2915 5188 ἐπὶ
2942 5133 3053 5202 γῆς
3080 5146 3095 5161 ⁶
3133 5131 3229 5183 καὶ
3258 5128 3440 5181 πάλιν·
3486 5121 3625 5193 Ἐγὼ
3649 5119 3725 5175 δὲ

2146 5235 2525 5302 κατεστάθην
2537 5228 2843 5297 ,ϐασιλεὺς
2867 5226 2959 5281 ἐπ’
2994 5223 3206 5278 αὑτοῦ.

2218 5497 2597 5565 Εἱπρέπειαν
2622 5494 2971 5549 ἐνεδύσατο.
3016 5492 3129 5559 Τὴν
3174 5488 3490 5557 πρέπουσαν
3542 5481 3723 5552 αὐτῷ,

2151 5588 2224 5654 ὡς
2252 5590 2395 5660 Θεῷ,
2422 5588 2578 5653 δόξαν
2606 5587 2698 5642 καὶ
2734 5584 2981 5653 ἐξουσίαν
3014 5581 3327 5654 ἐφανέρωσε
3363 5596 3376 5610 ·
3411 5575 3567 5631 τοῦτο
3604 5573 3724 5646 γὰρ
