4084 6210
332 277 437 338 953

1481 274 1869 382 conamur;
1906 294 1987 352 1N
2028 294 2389 354 PSALMOS.

3462 292 3570 355 954

329 390 610 459 σημαίνει,
678 383 855 460 οἶμαι,
927 390 987 442 τὸ
1046 392 1419 449 ἐνεδύσατο·
1474 397 1506 467 ἧ
1562 401 1655 453 καὶ
1703 400 1875 463 ἄλλως

2005 406 2075 458 illi
2110 414 2247 471 erat,
2280 405 2443 459 etiam
2480 412 2537 457 ut
2569 402 2697 457 Deo.
2731 400 2827 456 Vel
2868 401 3025 457 aliter
3058 418 3072 455 :
3112 401 3372 456 l‘ominus
3403 416 3571 457 carne

325 482 641 550 Nsxmeal;
673 482 768 549 μὲν
796 484 860 551 τῇ
884 486 1071 553 σαρκὶ,
1109 485 1209 537 οὐκ
1235 482 1382 556 εἶχεν
1412 484 1574 551 εἶδος,
1601 491 1723 544 οὐδὲ
1765 492 1898 543 κάλ-

326 574 417 635 λος
449 573 587 625 κατὰ
626 573 718 626 τὸν
766 576 1054 645 προφήτην
1082 592 1094 605 ·
1154 578 1395 642 ἀναστὰς
1434 579 1511 642 δὲ,
1564 581 1900 651 εὐπρέπειαν

326 664 631 718 ἐνεδύσατο.

405 843 767 897 Ἑνεδύσατο
789 846 1001 913 Κύριος
1030 847 1310 921 δύναμιν,
1336 852 1435 903 καὶ
1481 849 1892 917 περιεζὶὂσατο.

334 932 568 1001 Ὁμοίως
612 935 891 989 κάνταῦθα
946 938 1164 1005 νοητέον
1223 939 1320 1001 τὸ,
1364 939 1714 993 ἐνεδύσατο.
1770 938 1894 1010 Εἶχε

233 1049 237 1053 -
327 1022 425 1090 μὲν
466 1023 575 1091 γὰρ
607 1023 682 1084 ὡς
711 1024 842 1087 Θεὸς
891 1026 990 1096 τὴν
1042 1026 1192 1080 θείαν
1242 1028 1578 1099 εὐπρέπειαν
1629 1031 1739 1092 ἀεὶ,
1799 1032 1896 1083 καὶ

321 1114 419 1183 τὴν
460 1114 611 1165 θείαν
651 1114 879 1185 δύναμιν
931 1119 1313 1186 κρυπτομένας
1342 1135 1359 1151 ο
1420 1120 1644 1190 ὕστερον
1676 1121 1733 1173 δὲ
1764 1124 1897 1189 ἑφα-

321 1207 522 1274 νέρωσε
553 1206 773 1270 ταύτας,
814 1209 1201 1273 ἁποκαταστάς
1233 1212 1315 1273 εἰς
1344 1211 1607 1281 οὐρανούς
1644 1226 1658 1239 ·
1693 1215 1753 1264 οὐ
1785 1211 1891 1282 μὴν

317 1294 520 1357 ἔξωθεν
573 1296 744 1358 αὑτὰς
800 1300 1153 1369 περιεϐάλετο
1184 1317 1198 1330 ·
1253 1302 1348 1354 καὶ
1393 1302 1455 1353 τὸ
1501 1302 1894 1370 περιεζώσατο

313 1387 369 1438 δὲ
412 1388 649 1450 εὐσεϐῶς
675 1391 913 1458 νοητέον,
950 1392 1075 1445 ἀντὶ
1109 1394 1225 1454 τοῦ,
1253 1395 1594 1465 ηὐτρεπίσθη
1616 1411 1632 1426 ’
1688 1394 1893 1466 σύμϐο-

312 1479 402 1531 λον
434 1480 540 1549 γὰρ
569 1481 939 1552 εὖτρεπισμοῦ
972 1485 1090 1537 ἐστι
1112 1485 1172 1537 τὸ
1198 1485 1555 1550 ζωννύεσθαι.

380 1766 486 1821 Καὶ
534 1766 644 1835 τὰρ
666 1766 998 1836 ἐστερέωσε
1044 1769 1157 1837 τὴν
1196 1771 1585 1839 οικουμένην,
1624 1772 1758 1841 ἣτις
1813 1776 1885 1827 οὺ

309 1858 778 1924 σαλευθήσεται.
813 1861 1189 1933 Σαλευομένην
1211 1866 1277 1934 τῇ
1317 1864 1499 1934 ἀπάτῃ
1553 1865 1886 1935 ἐστερέωσεν

307 1950 479 2020 αὐτὴν
513 1952 610 2022 ἤδη
653 1954 718 2021 τῇ
755 1952 1001 2023 ἀληθείᾳ.
1038 1953 1178 2006 ὥστε
1214 1955 1288 2022 μὴ
1319 1954 1645 2025 σαλευθῆναι
1701 1956 1884 2009 λοιπὸν

309 2042 417 2093 ὑπὸ
445 2042 544 2110 τῆς
577 2042 809 2111 πλάνης,
851 2043 946 2096 ἐπὶ
972 2044 1182 2112 πέτραν
1202 2045 1302 2113 τῆς
1357 2045 1595 2108 πίστεως
1644 2062 1884 2114 στερεωο

307 2133 513 2184 θεῖσαν.
536 2132 758 2187 Νοεῖται
789 2135 845 2187 δὲ
875 2136 969 2188 καὶ
1020 2137 1203 2198 ἰδικῶς
1237 2138 1527 2207 οἰκουμένη
1578 2139 1612 2208 ἡ
1651 2138 1881 2206 Ἐκκληο

308 2227 419 2287 σία,
456 2226 522 2296 ῆν
557 2227 796 2281 οἰκοῦσιν
848 2231 896 2281 oi
935 2224 1225 2301 πιστοὶ,ἦς
1254 2231 1312 2283 οὐ
1350 2230 1739 2302 κατισχύσουσι
1782 2230 1884 2284 πύ-

304 2319 396 2371 λαι
427 2319 578 2389 ᾅδου,
602 2322 743 2374 κατὰ
766 2321 862 2391 τὴν
894 2323 1232 2393 Δεσποτικὴν
1267 2323 1562 2391 ἀπόφασιν.

307 2411 685 2479 appellaverit)
746 2412 1045 2468 Ecclesiatn
1110 2414 1337 2483 intelligi
1396 2414 1609 2478 dicunt,
1665 2414 1721 2468 in
1773 2430 1881 2486 qua

303 2505 630 2558 sententiam
650 2505 719 2567 “,
748 2505 945 2559 inferni
982 2516 1149 2573 portae
1180 2521 1286 2561 non
1326 2509 1717 2577 prtevalebunt.

382 2594 651 2659 Ἕτοιμος
682 2597 717 2647 ὁ
744 2597 959 2661 θρόνος
981 2610 1098 2650 σου
1124 2597 1242 2650 ἀπὸ
1272 2598 1421 2653 τότε.
1480 2627 1551 2637 -
1606 2599 1881 2668 Ἕτοιμος

268 2684 425 2737 ’ἀντὶ
456 2683 573 2751 τοῦ,
608 2686 843 2755 ἑδραῖος,
906 2685 982 2750 ὡς
1024 2688 1175 2759 ἐντῷ
1210 2688 1294 2741 πε⁹
1337 2690 1540 2760 ψαλμῷ
1565 2708 1883 2759 παρασεση-

304 2775 563 2844 μείωται·
592 2779 710 2833 ἀπὸ
741 2780 873 2833 τότε
908 2780 983 2844 δὲ,
1020 2781 1141 2835 ἀντὶ
1174 2780 1291 2844 τοῦ,
1321 2782 1422 2837 ἀπ’
1460 2783 1653 2851 ἀρχῆς
1679 2799 1694 2816 ο
1734 2783 1792 2835 τὸ
1824 2785 1881 2837 δὲ

300 2869 404 2921 ἀπ’
427 2866 619 2939 ἀρχῆς
640 2872 731 2924 ἐπὶ
756 2873 856 2941 τῆς
876 2872 1025 2936 θείας
1055 2873 1269 2943 φύσεως
1307 2876 1405 2928 οὐκ
1437 2875 1516 2936 είς
1543 2876 1720 2945 ἀρχὴν
1754 2875 1879 2928 ἀνά-

300 2974 463 3027 γεται
493 2965 915 3033 χρονικὴν,ἀλλά
964 2965 1063 3035 τῆς
1095 2968 1312 3019 αἰωνίου
1346 2966 1494 3020 ἐστὶν
1550 2969 1883 3036 ἐμφαντικὸν

2002 497 2218 565 quidem
2255 505 2527 559 mortuus,
2563 495 2816 548 decorem
2872 508 2978 546 non
3024 493 3257 548 habebat
3298 509 3396 547 nee
3445 509 3567 563 spe-

2002 590 2159 650 ciem,
2205 589 2360 657 juxta
2414 587 2694 656 propheta:
2741 586 3113 640 testimonium
3137 585 3204 647 ⁸³,
3243 600 3431 638 verum
3485 602 3569 639 re-

1999 694 2229 747 surgens
2260 678 2537 743 decorem,
2590 693 2752 748 quem
2803 685 2966 731 antea
3020 690 3128 730 non
3179 675 3432 740 habebat,
3487 677 3568 729 in-

1998 770 2163 825 dutus
2194 779 2299 826 est.

2072 863 2299 917 Indulus
2359 870 2438 916 est
2483 861 2795 929 potentiam,
2841 868 2890 913 et
2942 860 3171 913 accinxit
3222 875 3296 913 se.
3360 858 3563 912 Eodem

1998 956 2163 1009 modo
2195 954 2465 1023 intelliges
2488 954 2637 1007 hunc
2665 952 3018 1007 versiculum.
3052 950 3254 1004 Habuit
3303 960 3564 1018 praeterea

1995 1046 2254 1100 Christus
2286 1060 2501 1114 semper
2522 1051 2576 1099 et
2605 1044 2884 1104 decorem,
2931 1051 2987 1096 et
3025 1043 3347 1110 potentiam,
3376 1055 3562 1094 verum

1997 1138 2124 1190 olim
2162 1136 2212 1189 id
2241 1137 2495 1189 homines
2525 1134 2766 1199 latebat;
2804 1133 3159 1188 manifestum
3217 1143 3398 1187 autem
3448 1132 3559 1185 ﬁeri

1996 1230 2162 1296 erepit
2207 1237 2495 1297 postquam
2538 1227 2834 1293 in,ca¢lum
2881 1226 3150 1287 ascendit,
3198 1224 3409 1279 tametsi
3456 1224 3562 1276 hu-

1991 1322 2300 1390 juscemodi
2333 1320 2716 1375 indumentum
2766 1318 3010 1372 exterius
3047 1318 3256 1371 nullum
3300 1316 3559 1370 induerit.

1994 1414 2090 1467 Pie
2143 1412 2345 1466 etenim
2398 1411 2500 1465 hoc
2554 1408 2971 1479 intelligendum
3018 1417 3121 1472 est,
3182 1418 3239 1461 ut
3300 1408 3563 1473 diximus,

1992 1500 2449 1571 quemadmodum
2491 1507 2543 1553 et
2609 1499 2856 1562 verbum,
2904 1498 3179 1561 accinxit;
3221 1498 3362 1553 idem
3415 1500 3560 1552 enim

1993 1594 2286 1664 signiﬁcat,
2334 1590 2481 1661 quod
2538 1590 2763 1656 aptavit,
2816 1604 2912 1645 seu
2992 1592 3233 1653 ornavit,
3282 1590 3562 1659 cingulum

1992 1688 2210 1755 quippe,
2243 1683 2552 1739 ornamenti
2592 1682 2878 1751 cujusdam
2909 1685 3128 1750 signum
3172 1690 3273 1735 est.

2065 1774 2275 1828 Etenim
2314 1772 2571 1827 stabilivit
2617 1773 2792 1826 orbem
2843 1781 3020 1832 terrm,
3053 1773 3144 1841 qui
3186 1788 3286 1824 non
3329 1787 3564 1824 commo-

1984 1866 2206 1920 vebitnr.
2233 1864 2455 1928 Orbem,
2481 1862 2795 1917 daemonum
2832 1862 3023 1916 fraude
3064 1861 3442 1928 ﬂuctuantem,
3496 1879 3563 1918 ac

1985 1974 2121 2027 pene
2152 1970 2510 2017 concussum,
2550 1956 2785 2009 veritate
2826 1968 2924 2007 sua
2973 1954 3225 2008 Christus
3280 1954 3351 2007 ita
3388 1955 3563 2008 stabi-

1981 2050 2120 2113 livit,
2154 2056 2213 2103 ut
2241 2049 2525 2103 erroribus
2557 2048 2753 2102 amodo
2807 2049 2914 2102 huc
2947 2057 3110 2116 atque
3154 2047 3281 2102 illuc
3326 2064 3433 2101 non
3467 2047 3565 2102 ab-

1982 2141 2219 2194 ducatur
2248 2158 2261 2193 :
2296 2141 2422 2208 quia
2457 2140 2509 2192 in
2546 2138 2668 2193 ﬁdei
2703 2148 2855 2207 petra
2889 2138 3147 2193 fundatus
3184 2154 3245 2193 ac
3281 2139 3566 2193 stabilitus

1990 2243 2094 2287 est.
2122 2231 2225 2286 Per
2253 2233 2440 2285 orbem
2471 2242 2653 2284 autem
2692 2240 2849 2285 terra:
2884 2231 3067 2299 (quem
3109 2230 3265 2297 juxta
3294 2231 3559 2283 veriorem

1988 2324 2192 2381 Graecae
2224 2324 2483 2378 dietiouis
2550 2322 3025 2392 signiﬁcationem,
3070 2323 3404 2376 habitabilem
3437 2321 3565 2390 quis

1956 2416 2143 2472 ﬁdeles
2196 2416 2464 2481 habitant,
2528 2416 2794 2470 adversus
2871 2402 3055 2487 quam,
3124 2415 3272 2469 iuxta
3344 2413 3555 2472 Domini

2049 2596 2215 2651 Vsus.
2238 2596 2294 2649 2.
2336 2595 2569 2650 Paratus
2602 2596 2821 2648 thronus
2857 2602 2976 2647 tuus
3007 2608 3070 2647 ea:
3093 2603 3233 2645 tuitc.
3270 2622 3339 2631 —-
3379 2590 3559 2646 Para-

1985 2704 2097 2755 tus,
2140 2691 2242 2745 hoc
2276 2698 2380 2755 est,
2426 2690 2616 2743 ﬁrmus
2676 2697 2729 2743 et
2797 2687 3033 2748 stabilis,
3093 2694 3151 2738 ut
3202 2685 3445 2740 diximus
3501 2685 3553 2738 in

1980 2783 2192 2852 psalmo
2244 2797 2444 2835 Luxv.
2488 2779 2554 2833 Et
2597 2781 2739 2849 quod
2765 2781 2878 2832 ait:
2924 2795 2989 2831 ex
3020 2788 3162 2840 tunc,
3196 2792 3426 2845 expone,
3460 2790 3558 2846 pro

1978 2889 2009 2929 a
2043 2873 2330 2942 principio.
2356 2872 2493 2926 Illud
2520 2880 2700 2926 tamen
2752 2886 2967 2939 semper
2993 2867 3553 2932 animadvertendum,

1982 2962 2125 3032 quod
2165 2961 2472 3031 hujusmodi
2517 2976 2735 3017 sermo:
2783 2961 2849 3014 ab
2899 2960 3054 3013 initio
3088 2959 3341 3012 nimirum
3376 2974 3494 3021 seu,
3524 2974 3557 3012 a

302 3050 686 3119 παλαιότητος.
709 3054 963 3107 Τοιοῦτον
985 3057 1040 3109 δέ
1064 3058 1212 3109 ἐστιν
1240 3060 1332 3110 ἐπὶ
1353 3057 1488 3109 Θεοῦ
1517 3057 1610 3110 καὶ
1656 3058 1736 3120 τὸ,
1780 3057 1881 3111 ἀπ’

1989 3054 2284 3125 principio,
2320 3053 2529 3107 nullum
2560 3063 2773 3123 tempus
2799 3052 3006 3108 inducit
3038 3053 3090 3105 iu
3122 3052 3304 3105 divina
3340 3064 3556 3116 natura,

300 3137 537 3205 αἰῶνος.
564 3143 729 3210 Λέγει
746 3144 802 3195 δὲ
821 3144 914 3196 νῦν
940 3148 967 3198 ὁ
988 3146 1153 3197 Δαόὶδ
1172 3148 1253 3198 ὄτι
1274 3147 1332 3198 El
1350 3148 1441 3200 καὶ
1459 3146 1645 3200 δούλου
1666 3148 1881 3219 μορφὴν

300 3231 633 3290 ἑνδύει,ἀλλ’
660 3235 753 3288 οὖν
782 3237 971 3307 ἑδραία
1005 3256 1087 3291 σοι
1119 3241 1150 3308 ἡ
1174 3238 1421 3307 βασιλεία
1442 3256 1536 3292 σου
1555 3241 1649 3292 ἀπ’
1676 3241 1872 3311 ἀρχῆς,

300 3324 397 3376 καὶ
426 3326 678 3379 οὐδέποτε
702 3328 906 3398 ταύτης
925 3331 1209 3393 ὲξέπεσας.

1987 3150 2079 3205 sed
2116 3161 2374 3207 aeternam
2407 3149 2701 3219 quamdam
2730 3150 3110 3218 antiquitatem
3138 3156 3348 3201 tantum
3383 3146 3556 3214 signi-

1986 3245 2129 3299 ﬁcat.
2178 3243 2313 3298 Tale
2359 3244 2622 3314 quiddam
2658 3253 2765 3308 est,
2818 3243 2960 3312 quod
2994 3243 3153 3312 paulo
3187 3250 3307 3311 post
3343 3241 3550 3303 subdit,

1978 3332 2212 3391 dicens:
2253 3335 2295 3389 Α
2320 3334 2514 3388 saeculo
2547 3343 2600 3386 tu
2631 3350 2706 3388 es.
2752 3331 3014 3397 Tametsi,
3059 3333 3257 3403 inquit,
3298 3342 3358 3388 tu
3411 3333 3552 3387 servi

301 3434 591 3487 personam
624 3424 891 3482 indueris.
955 3427 1150 3480 stabile
1188 3434 1370 3483 tamen
1404 3443 1467 3484 ac
1510 3428 1727 3483 ﬁrmum
1777 3430 1878 3487 tibi
1917 3424 2002 3487 est
2027 3431 2095 3486 ab
2123 3431 2279 3485 initio
2309 3444 2534 3493 regnum
2559 3438 2734 3484 tuum.
2762 3427 2947 3500 Neque
2975 3427 3122 3483 enim
3185 3440 3429 3497 unquam
3486 3424 3556 3478 ab

297 3527 364 3565 eo
393 3514 665 3577 decidisti,
697 3527 785 3569 aut
820 3517 967 3573 illinc
997 3521 1186 3587 pulsus
1211 3537 1295 3593 es.

380 3604 514 3657 Ἀπὸ
536 3605 639 3659 τοῦ
660 3606 875 3673 αἰῶνος
900 3611 982 3663 σὺ
1012 3604 1085 3667 εἷ.
1119 3612 1340 3683 Ἔδραία
1367 3614 1423 3667 δέ
1458 3632 1541 3668 σοι
1569 3616 1662 3668 ἀπ’
1701 3617 1879 3687 ἀρχῆς

295 3697 330 3763 ἠ
370 3695 633 3764 βασιλεία,
676 3700 811 3752 διότι
851 3702 944 3754 καὶ
977 3704 1039 3755 σὺ
1077 3704 1172 3756 ἀπ’
1214 3704 1410 3769 αἰῶνος
1458 3704 1528 3771 ei,
1599 3709 1881 3762 τουτέστιν

294 3786 500 3852 ὁμοίως
531 3789 626 3840 ἀπ’
651 3790 848 3860 ἀρχῆς,
881 3791 957 3855 ὡς
991 3793 1237 3864 εἴρηται.

382 3877 643 3945 Ἐπῆραγ
667 3885 719 3935 ol
743 3884 1016 3952 ποταμοὶ,
1042 3887 1240 3954 Κύριε,
1274 3888 1512 3956 ἐπῆραν
1540 3892 1594 3945 οἱ
1624 3892 1875 3961 ποταμοὶ

293 3969 501 4037 φωνὰς
532 3971 746 4027 αὐτῶν.
800 3975 1087 4045 Ποταμοὺς
1142 3979 1301 4032 καλεῖ
1348 3982 1476 4044 τοὺς
1521 3983 1874 4049 ἀποστόλους,

292 4061 373 4123 ὡς
408 4061 734 4131 ἀρδεύοντας
760 4065 861 4130 τὰς
892 4067 1070 4138 ψυχὰς
1099 4070 1208 4122 τῶν
1244 4071 1549 4142 ἀνθρώπων
1572 4076 1683 4137 τοῖς
1713 4092 1877 4128 πνευο

296 4157 553 4222 ματικοίς
623 4157 827 4227 νάμασι
898 4162 994 4215 τοῦ
1043 4163 1424 4231 Εὑαγγελίουο
1478 4165 1623 4232 λέγει
1675 4167 1751 4229 δὲ,
1797 4170 1878 4221 ὅτι

294 4245 520 4313 ὕψωσαν
562 4247 661 4311 τὰς
734 4251 917 4318 φωνὰς
974 4254 1174 4317 αὐτῶν,
1235 4256 1521 4323 τουτέστι,
1582 4257 1878 4330 διαρρήδην

250 4360 253 4363 ν
292 4338 396 4391 καὶ
428 4340 683 4410 φανερῶς
723 4343 819 4395 καὶ
864 4345 1313 4415 ἀνεπαισχύντως
1357 4348 1656 4418 ἐκήρυξαν·
1708 4351 1877 4420 Εἴρη-

286 4447 383 4483 ται
412 4430 621 4500 δὲὴμῖν
646 4433 928 4498 πολλάκις,
972 4436 1147 4499 ὃτιὼς
1184 4437 1284 4506 ἤδη
1337 4439 1683 4510 γεγενημένα
1743 4458 1875 4511 προ-

290 4523 550 4591 αγορεύει
599 4525 666 4577 τὰ
720 4526 1005 4594 μέλλοντα.
1075 4526 1134 4581 ὐ
1196 4529 1599 4601 διπλασιασμὸς
1655 4533 1712 4586 δὲ
1779 4533 1872 4586 τοῦ

287 4610 525 4679 ἐπῆραν
554 4615 601 4667 oi
634 4616 865 4685 ποταμοὶ
893 4618 1223 4686 ἐμφαντικὸς
1254 4621 1367 4672 ἐστι
1397 4624 1591 4691 χαρᾶς.

365 4880 648 4947 Ἀροῦσιν
683 4886 738 4937 οι
767 4884 1020 4954 ποταμοὶ
1046 4885 1380 4954 ἐπιτρίψειεν
1408 4888 1625 4943 αὐτῶν.
1657 4889 1717 4941 Ol
1752 4890 1870 4959 μετ’

286 4973 487 5035 αὐτοὺς
553 4976 789 5043 ποταμοὶ
852 4976 1115 5045 λήψονται
1194 4979 1294 5041 τὰς
1362 4980 1727 5050 χαραχθείσας
1774 4984 1872 5035 καὶ

285 5063 588 5132 τμηθεὶσας
634 5067 725 5119 ὑπ’
757 5069 937 5121 αὐτῶν
964 5069 1116 5131 ὁδούς
1139 5085 1155 5101 ο
1215 5071 1523 5140 ὲπιτρίψεις
1586 5076 1695 5145 γάρ
1729 5077 1867 5129 είσιν

285 5155 345 5206 αἱ
373 5156 556 5222 τομαὶ,
583 5156 649 5220 ἃς
679 5160 1043 5228 χαράττουσιν
1089 5162 1137 5212 oi
1196 5164 1433 5231 ποταμοὶ
1491 5165 1866 5236 ἐπιτρίϐοντες

283 5243 385 5310 τὴν
411 5245 514 5313 γῆν
550 5247 609 5298 ἐν
646 5247 722 5317 τῷ
753 5249 1042 5317 φέρεσθαι.
1093 5250 1234 5318 Φησὶ
1262 5252 1323 5311 δὲ
1340 5254 1421 5305 ὅτι
1450 5253 1499 5304 οί
1521 5254 1640 5321 μετ’
1664 5257 1863 5320 αὐτοὺς

285 5334 599 5391 διδάσκαλοι
645 5343 766 5403 ταῖς
804 5340 942 5405 ὁδοῖς
974 5341 1071 5411 τῆς
1103 5341 1452 5406 διδασκαλίας
1493 5345 1673 5401 αὐτῶν
1720 5349 1852 5403 ἁκο-

283 5423 489 5489 λούθως
518 5430 832 5498 χρήσονται.

1905 4481 1952 4539 D

2059 3614 2100 3665 Α
2128 3609 2322 3666 εωειιίο
2368 3619 2421 3663 tu
2450 3626 2525 3663 es.
2559 3608 2789 3668 Stabile,
2822 3606 3021 3677 inquit,
3054 3606 3148 3660 tibi
3191 3606 3315 3661 ideo
3354 3614 3438 3660 est
3467 3620 3555 3660 re-

1982 3720 2147 3775 gnum
2176 3711 2328 3755 tuum
2363 3701 2429 3754 ab
2458 3700 2637 3762 initio,
2671 3701 2798 3767 quia
2828 3707 2880 3750 tu
2907 3712 2967 3752 es
2988 3711 3017 3750 a
3055 3697 3275 3761 saaculo,
3314 3695 3415 3749 hoc
3444 3703 3551 3757 est,

1982 3811 2009 3849 a
2053 3795 2342 3864 principio,
2372 3802 2430 3845 ut
2464 3793 2728 3845 diximus.

2051 3886 2216 3940 Vens.
2252 3884 2304 3941 5.
2353 3883 2697 3938 Eleraverunt
2738 3883 2981 3951 ﬂamma,
3034 3878 3277 3942 Domine,
3320 3878 3551 3933 elevare-

1982 3988 2103 4032 rnnt
2154 3977 2379 4046 ﬂumina
2430 3992 2575 4029 voces
2624 3991 2774 4028 suas.
2805 3976 2907 4028 Per
2964 3972 3210 4035 ﬁumina,
3272 3970 3551 4041 apostolos

1977 4071 2254 4140 intelligit,
2288 4068 2449 4122 veluti
2477 4067 2569 4134 qui
2598 4065 2975 4136 spiritualibus
3010 4063 3284 4130 Evangelii
3332 4062 3549 4116 ﬂuentis

1976 4162 2249 4217 humanas
2282 4161 2511 4229 irrigant
2546 4162 2798 4222 animas;
2837 4166 2891 4212 et
2921 4156 3053 4210 dicit
3093 4154 3238 4224 quod
3272 4154 3521 4209 exaltave

1976 4260 2105 4307 runt
2141 4266 2306 4306 voces
2356 4266 2503 4312 suas,
2550 4250 2652 4303 hoc
2681 4256 2789 4310 est,
2820 4249 2968 4302 clare
3010 4256 3064 4300 et
3106 4254 3308 4314 aperte,
3342 4246 3545 4313 palam-

1975 4359 2102 4414 que,
2134 4358 2199 4397 ac
2231 4342 2353 4397 sine
2394 4343 2502 4395 ulla
2540 4339 2893 4401 verecundia,
2932 4336 3301 4407 evangelieam
3349 4334 3538 4388 doctri'

1980 4452 2102 4491 nam
2126 4436 2579 4506 praedicaverunt.
2608 4433 2740 4488 Illud
2773 4443 2954 4487 tamen
2984 4432 3376 4493 animadverte,
3404 4429 3548 4497 quod

1976 4530 2104 4583 alibi
2150 4536 2393 4601 perste'pe
2425 4528 2691 4590 diximus,
2744 4526 3070 4593 Prophetam
3109 4522 3551 4591 frequentissime

1971 4622 2250 4692 praeterito
2326 4628 2573 4688 tempore
2624 4620 2703 4672 uti
2778 4633 2874 4688 pro
2931 4617 3146 4680 futuro,
3205 4615 3288 4669 vel
3370 4612 3547 4666 futura

1972 4726 2218 4772 narrare,
2257 4711 2414 4777 quasi
2463 4711 2573 4779 jam
2611 4710 2917 4779 praeterita.
2956 4707 3047 4761 Illa
3094 4707 3258 4761 etiam
3300 4704 3556 4773 repetitio

1970 4803 2145 4865 verbi,
2190 4801 2540 4864 elevaverunt,
2591 4801 2777 4871 gaudii
2834 4801 3199 4854 intensionem
3255 4798 3548 4867 signiﬁcat.

2041 4891 2209 4948 Vnus.
2244 4893 2298 4948 4.
2343 4892 2547 4947 Tollent
2597 4892 2828 4960 ﬂumina
2874 4892 3176 4944 attritiones
3217 4906 3418 4943 eorum.
3453 4887 3551 4942 llla
3646 4954 3647 4959 η

1972 4984 2220 5049 ﬁumina,
2253 5002 2373 5056 qua:
2426 4995 2546 5056 post
2603 4985 2825 5038 ﬁntnina
2858 4985 3021 5054 paulo
3075 4994 3200 5037 ante
3245 4983 3412 5046 dicta,
3445 4980 3551 5032 hoc
3644 4970 3655 4988 ”

1968 5086 2072 5139 est,
2106 5087 2231 5147 post
2282 5077 2562 5146 apostolos
2599 5088 2826 5131 ventura
2863 5085 3012 5141 sunt,
3059 5075 3270 5135 tollent,
3304 5072 3404 5123 hoc
3439 5076 3550 5134 est,

1966 5171 2211 5239 capient,
2254 5184 2350 5225 seu
2383 5177 2686 5238 sequentur
2711 5185 2805 5223 eas
2840 5169 2975 5231 vias,
3017 5180 3138 5234 qua:
3164 5166 3231 5216 ah
3270 5163 3377 5216 illis
3405 5161 3550 5215 tritae

1967 5260 2168 5316 fuerint
2198 5271 2252 5315 et
2280 5261 2544 5315 formatae.
2591 5260 2693 5315 Per
2720 5260 3036 5312 attritioues
3064 5254 3289 5315 etenim,
3313 5250 3547 5306 semitas

1966 5354 2089 5408 illas
2132 5370 2193 5408 ac
2227 5353 2521 5418 sectioucs,
2556 5353 2692 5408 alvei
2722 5351 3009 5420 cujusdam
3047 5349 3221 5401 instar
3254 5347 3538 5406 formatas,

1964 5446 2238 5517 intelligit,
2275 5463 2413 5518 quas
2437 5448 2692 5510 ﬂumina,
2724 5459 2847 5499 cum
2884 5456 2982 5512 per
3020 5449 3224 5493 terram
3261 5436 3539 5497 feruntur,

286 5523 580 5578 lambendo
622 5541 687 5580 ac
726 5528 955 5583 terendo
982 5529 1224 5586 incidere
1250 5531 1448 5597 solent,
1496 5549 1563 5589 ac
1600 5536 1863 5594 formare.
1907 5539 1968 5594 Et
2007 5557 2206 5598 sensus
2241 5553 2346 5609 est,
2393 5544 2537 5612 quod
2607 5542 2882 5599 ductores,
2927 5534 3020 5603 qui
3097 5540 3221 5601 post
3264 5529 3547 5597 apostolos

287 5618 502 5671 venturi
554 5628 703 5683 sunt,
758 5634 852 5676 eas
899 5623 1014 5675 vias
1061 5631 1225 5689 atque
1285 5626 1503 5680 easdem
1558 5642 1856 5701 sequentur
1896 5634 2238 5704 diSt‘iplinaS,
2277 5636 2475 5706 quibus
2514 5634 2615 5703 ipsi
2650 5632 2809 5688 etiam
2852 5624 3086 5697 apostoli
3122 5622 3205 5678 usi
3238 5623 3465 5677 fuerint.

353 5732 399 5764 ⁸³
425 5732 529 5787 ιω.
562 5736 746 5795 ιιιι.2.
860 5738 903 5770 ⁸³
940 5738 1131 5793 Matth.
1170 5754 1277 5795 ιιι.
1328 5740 1408 5795 18.
