4082 6230
510 249 617 303 959

1766 252 2144 310 EUTHYMII
2181 253 2537 312 ZlGABENI

3614 253 3767 315 ⁷960

512 353 652 405 intra
689 369 745 405 se
797 352 1080 406 revolvunt
1137 352 1307 418 iniqui
1362 353 1632 409 homines.
1692 356 1877 428 Neque
1922 360 2067 412 enim

2192 361 2252 413 )t')
2280 363 2388 430 γὰρ
2409 361 2476 415 ἂν
2513 363 2743 416 τοιαῦτα
2770 363 3033 431 ἐτόλμων.
3069 364 3116 415 εἰ
3147 362 3220 432 μὴ
3254 363 3477 415 τοιαῦτα
3513 368 3629 427 τοῖς
3675 368 3768 418 λο-

512 455 660 499 tunta
698 458 931 510 unquam
968 444 1257 509 auderent,
1296 446 1400 500 nisi
1440 449 1821 516 hujuscemodi
1858 463 2078 505 senten-

514 537 626 597 tiis,
674 535 753 586 vel
819 534 1148 601 cogitatione
1172 535 1365 589 saltem
1417 553 1475 591 se
1526 540 1961 596 subscriberent.
2015 544 2079 595 Et

511 627 655 694 quod
704 626 802 687 ait,
834 625 1111 695 intelliget,
1175 629 1353 695 posuit
1398 644 1516 699 pro,
1575 631 1782 695 audiet,
1841 649 1934 687 seu
1980 648 2077 693 co-

510 728 754 788 gnoscet.

589 808 749 862 Vens.
779 810 832 864 8.
874 808 1158 881 lntelligite
1194 829 1339 877 sane,
1376 814 1683 880 insipientes
1715 817 1767 868 in
1796 818 2009 884 populo,
2031 825 2081 871 et

510 900 661 952 stulti
692 901 983 968 aliquando
1016 906 1204 972 sapite.
1241 904 1313 958 Ea
1346 884 1784 970 animadirertite,
1823 925 1944 977 quze
1967 910 2079 977 jam

509 992 598 1045 diu
656 994 911 1048 omnibus
967 1003 1093 1048 uota
1146 1006 1309 1061 sunt,
1367 1005 1532 1065 atque
1584 998 1902 1067 aliquando,
1958 1014 2082 1054 sero

513 1080 727 1140 saltem,
766 1082 1061 1148 prudentes
1095 1092 1290 1138 estate.

588 1168 750 1225 Vens.
785 1173 837 1225 9.
883 1174 986 1237 Qui
1016 1175 1274 1242 plantavit
1320 1194 1500 1231 aurem
1530 1194 1633 1230 non
1661 1178 1880 1234 audiet?
1913 1188 1961 1230 et
1993 1180 2083 1247 qui

512 1264 791 1329 plasmauit
817 1268 1024 1320 oculum
1057 1286 1157 1321 non
1182 1272 1598 1327 considerat?-—
1617 1275 1732 1326 Non
1759 1274 2078 1339 considerat,

512 1357 674 1418 dixit,
715 1375 959 1428 pro,non
1000 1362 1156 1417 videt.
1196 1364 1261 1416 At
1312 1367 1588 1433 quomodo
1633 1366 1931 1421 verisimile
1977 1376 2080 1429 est,

516 1451 664 1503 illum
704 1467 830 1506 esse
866 1453 984 1507 sine
1018 1469 1208 1516 sensu,
1235 1457 1326 1523 qni
1364 1472 1561 1511 sensus
1592 1457 1645 1509 in
1679 1458 1800 1511 aliis
1824 1458 2074 1511 creavit?

515 1539 815 1596 Contundit
848 1558 945 1597 eos
986 1545 1150 1611 igitur
1182 1544 1448 1613 Propheta
1484 1546 1792 1614 ltujnsinodi
1847 1548 2082 1603 interro-

521 1634 854 1703 gationibus,
890 1652 1010 1704 quae
1044 1639 1186 1705 apud
1227 1652 1419 1693 omnes
1451 1639 1504 1692 in
1543 1639 1794 1695 confesso
1825 1649 1975 1695 sunt.

594 1723 751 1779 Vsus.
788 1725 873 1780 10.
918 1728 1023 1793 Qui
1072 1731 1284 1798 corrigit
1328 1740 1504 1801 gentes
1536 1747 1640 1785 non
1696 1734 1921 1801 arguet?
1966 1731 2079 1797 Ille,

518 1814 714 1884 inquit,
750 1818 839 1885 qui
871 1826 1060 1885 gentes
1095 1820 1276 1874 erudit
1327 1835 1391 1875 ac
1428 1823 1677 1893 corrigit,
1714 1823 1782 1877 iis
1821 1824 2082 1891 nimirum

514 1906 743 1975 legibus,
779 1925 897 1978 quae
932 1912 1071 1980 apud
1103 1928 1196 1967 eas
1233 1927 1398 1976 sunt;
1437 1916 1628 1969 harum
1670 1917 1870 1972 etenim
1903 1918 2081 1987 legum

515 2000 799 2054 scientiam
852 2002 991 2056 Dsus
1037 2005 1171 2073 ipsis
1210 2000 1374 2061 etiam
1411 2009 1669 2078 gentibus
1706 2011 1980 2076 prmstitit,
2026 2021 2086 2066 ut

512 2108 697 2146 earum
728 2097 1020 2151 severitate
1060 2099 1441 2169 delinquentes
1470 2113 1861 2158 coercerentur
1893 2120 1907 2158 :
1945 2120 2085 2173 quo-

514 2186 675 2241 modo
706 2201 1029 2259 nonargnet
1078 2192 1240 2247 etiam
1298 2203 1351 2248 et
1383 2195 1674 2265 castigabit
1722 2212 1818 2252 eos
1869 2212 2083 2261 omnes.

513 2278 605 2344 qui
637 2278 844 2333 scelera
879 2282 1087 2350 aliqua,
1120 2294 1215 2337 aut
1252 2284 1572 2354 iniquitates
1602 2288 2018 2343 commiserint?

591 2369 693 2433 Qui
730 2375 881 2425 docet
906 2374 1167 2428 hominem
1190 2377 1491 2432 scientiam.
1523 2378 1594 2443 ls,
1625 2381 1716 2448 qui
1745 2382 1871 2436 aliis
1904 2382 2084 2436 scien-

518 2460 648 2511 tiam
683 2469 735 2513 et
769 2465 1139 2531 cognitionem
1185 2478 1430 2535 praestat,
1498 2472 1771 2539 quomodo
1808 2472 1924 2541 ipse
1977 2487 2087 2527 non

517 2565 830 2618 cognoscet,
865 2565 958 2607 ant
993 2557 1269 2623 quomodo
1297 2561 1603 2631 ignorabit?

592 2642 756 2700 Vens.
776 2649 791 2697 l
812 2647 856 2699 l.
883 2647 1137 2702 Dominus
1154 2654 1419 2720 cognoscit
1435 2654 1774 2724 cogitationes
1787 2654 2086 2718 hominum,

517 2740 766 2806 quoniam
808 2757 955 2794 vomu
995 2751 1139 2797 stult.
1175 2743 1466 2799 Hominum
1519 2746 1642 2801 dico
1677 2748 1804 2805 talia
1844 2748 2089 2817 cogitan-

522 2831 679 2890 tium,
712 2832 855 2898 quod
908 2832 1047 2886 Deus
1092 2835 1302 2891 scilicet
1336 2837 1577 2891 humana
1627 2853 1733 2893 non
1770 2847 1945 2894 curet.
1977 2838 2088 2894 Co-

518 2921 732 2989 gunscit
787 2937 881 2978 eos
942 2925 1106 2994 igitur
1166 2925 1453 3005 Dominus,
1519 2929 1665 2998 quod
1723 2938 1932 2996 errant,
1988 2930 2085 2986 sed

2182 457 2400 520 γισμοῖς
2427 455 2766 523 ὑπέγραφον.
2804 456 3067 524 Συνήσει
3092 454 3171 520 δὲ,
3206 456 3328 508 ἀντὶ
3356 456 3475 522 τοῦ,
3505 458 3766 525 ἀκούσει,

2182 542 2475 609 γνώσεται.

2253 812 2497 867 Συνίετε
2550 814 2647 880 δὴ,
2689 814 2945 881 ἄφρονες
2990 816 3061 867 ἐν
3120 815 3198 879 τῷ
3250 816 3399 880 λαῷ,
3437 816 3534 870 καὶ
3574 819 3774 886 μωροί

2182 919 2328 957 ποτε
2353 908 2717 973 φρονήσατε.
2760 904 3058 973 Ἐπίγνωτε
3091 905 3157 959 τὰ
3180 909 3314 960 πᾶσι
3359 907 3636 978 γνώριμα,
3665 912 3773 963 καί

2185 1013 2314 1049 ποτε
2347 997 2440 1050 καὶ
2465 998 2620 1050 αὐτοὶ
2649 997 2977 1066 φρονήσατε.

2264 1172 2327 1222 '0
2354 1171 2662 1238 φυτεύσας
2696 1171 2758 1222 τὸ
2790 1166 2898 1235 οὖς
2924 1170 3059 1237 οὐχὶ
3095 1171 3336 1233 detonet;
3376 1171 3411 1238 ἣ
3441 1176 3472 1225 ό
3511 1173 3776 1236 πλάσας

2185 1264 2291 1317 τὸν
2330 1265 2640 1332 ὀφθαλμὸν
2681 1263 2817 1332 οὐχὶ
2873 1265 3197 1327 κατανοεῖ;
3258 1266 3369 1334 Οὐχ
3431 1268 3588 1336 ὁρᾷ;
3652 1268 3775 1319 Καὶ

2186 1351 2302 1413 πῶς
2334 1350 2481 1411 εἰκὸς
2506 1350 2852 1420 ἀναισθητεῖν
2880 1351 2970 1403 τὸν
2996 1352 3235 1422 Ποιητὴν
3271 1354 3382 1405 τῶν
3415 1354 3774 1425 αίσθήσεωνς

2184 1441 2440 1511 Αἰσχύνει
2492 1440 2549 1493 δὲ
2600 1441 2826 1509 τούτους
2870 1440 2958 1496 διὰ
3015 1440 3273 1498 τοιούτων
3308 1444 3775 1514 ὁμολογουμένων

2185 1533 2607 1603 ὲπερωτήσεων.

2263 1712 2327 1765 '0
2345 1709 2644 1766 παιδεύων
2690 1712 2835 1779 ἔθνη
2882 1714 3017 1783 οὐχι
3072 1714 3335 1782 energy,-
3397 1714 3456 1767 Ὀ
3488 1715 3779 1768 παιδεύων

2185 1798 2313 1868 ἔθνη
2336 1800 2425 1852 διὰ
2453 1801 2561 1853 τῶν
2593 1801 2725 1871 παρ’
2753 1802 2938 1865 αὐτοῖς
2958 1802 3158 1871 νόμων,
3188 1797 3262 1856 ὧν
3291 1804 3390 1875 τὴν
3422 1805 3635 1873 γνῶσιν
3671 1807 3780 1859 αὖ·

2186 1894 2297 1955 τοῖς
2330 1891 2490 1954 αὐτὸς
2520 1893 2837 1962 ἐχαρίσατο,
2874 1894 2969 1947 καὶ
2996 1895 3085 1948 διὰ
3112 1897 3211 1964 τῆς
3239 1898 3542 1967 αὐστηρίας
3572 1899 3776 1952 αὐτῶν

2187 1983 2431 2043 κολάζων
2460 1984 2587 2047 τοὺς
2616 1985 3059 2055 ἁμαρτάνοντας,
3092 1987 3209 2050 πῶς
3241 1987 3363 2057 οῦχὶ
3396 1990 3489 2041 καὶ
3516 1991 3645 2053 τοὺς
3673 1990 3774 2042 οῦ-

2187 2092 2264 2128 τω
2298 2075 2753 2147 παρανομοῦντας
2792 2076 3028 2146 ἐλέγξει,
3054 2079 3301 2134 τουτέστι
3335 2081 3596 2150 κολάσει;

2265 2346 2326 2399 '0
2349 2345 2651 2400 διδάσκων
2679 2346 2996 2414 ἄνθρωπον
3028 2348 3250 2418 γνῶσιν
3272 2365 3286 2381 ο
3328 2350 3386 2403 Ὀ
3409 2349 3645 2421 χορηγὸς
3671 2351 3772 2421 τῆς

2187 2437 2443 2505 γνώσεως
2473 2436 2715 2507 δηλονότι
2740 2438 2857 2500 πῶς
2890 2440 2949 2493 οὐ
2972 2439 3242 2508 γνώσεται
3272 2458 3287 2507 ;
3548 2444 3557 2447 ’

2258 2654 2473 2720 Κύριος
2500 2653 2773 2722 γινώσκει
2803 2655 2945 2723 τοὺς
2960 2655 3389 2725 διαλογισμοὺς
3408 2656 3527 2709 τῶν
3548 2657 3770 2723 ἀναχώ-

2188 2758 2337 2810 πων,
2363 2745 2453 2799 ὅτι
2487 2745 2603 2799 εισι
2628 2746 2888 2815 μάταιοι.
2954 2749 3075 2801 Τῶν
3122 2749 3263 2801 οὕτω
3307 2749 3771 2818 διαλογιζομένων

2189 2838 2269 2891 ὅτι
2294 2838 2392 2899 οὐκ
2426 2839 2600 2910 ἐφορᾷ
2620 2839 2687 2893 τὰ
2723 2840 3064 2910 ἀνθρώπινα.
3104 2839 3367 2894 Γινώσκει
3413 2841 3511 2909 μὲν
3545 2842 3766 2904 αὐτοὺς,

2188 2929 2271 2982 ὅτι
2302 2930 2409 2982 εἰσὶ
2430 2930 2760 3001 ἐσφαλμένοι
2792 2946 2805 2959 ·
2854 2930 3206 3002 μακροθυμεῖ
3256 2931 3314 2984 δὲ
3375 2929 3643 2992 πολλάκις
3698 2929 3771 2983 δι’

523 3014 740 3079 ικιίὶσιιε
794 3024 878 3069 est
933 3032 1172 3087 persaepe
1220 3026 1274 3074 et
1323 3020 1667 3089 longanimis,
1722 3037 1786 3077 ex
1840 3023 2078 3092 quadam

2192 3023 2502 3092 οἰκονομίαν
2536 3024 2681 3076 τινά.
2716 3024 2786 3076 Ἢ
2814 3024 2910 3078 καὶ
2961 3024 3348 3092 διαλογισμοὺς
3376 3023 3525 3089 λέγει
3565 3023 3678 3076 τῶν
3706 3024 3772 3075 ἐκ

516 3106 947 3171 dispensatione.
1005 3109 1118 3170 Vel,
1170 3112 1530 3180 cogitationes
1560 3129 1748 3167 eorum
1799 3115 2083 3170 hominum

472 3251 478 3257 ,
520 3196 675 3259 ἀιυῑι,
710 3199 823 3265 qui,
858 3216 980 3269 qure
1012 3202 1216 3260 ventris
1249 3212 1399 3268 sunt,
1424 3205 1687 3274 cogitant,
1728 3212 1784 3259 et
1825 3220 1933 3259 non
1966 3224 2087 3277 quae

521 3298 649 3346 sunt
690 3289 802 3343 Dei.

590 3378 755 3435 Vens.
790 3382 878 3435 12.
921 3382 1115 3438 Beatus
1142 3384 1314 3449 homo,
1355 3402 1507 3455 quem
1537 3387 1819 3457 erudieris,
1849 3389 2088 3445 Domine.

520 3467 695 3534 Q'tem
738 3471 1060 3538 prudentem
1102 3474 1301 3529 feceris
1338 3475 1589 3529 doctrina
1620 3483 1732 3529 tua.

592 3564 663 3616 Ει
691 3563 755 3616 de
784 3564 890 3634 lege
918 3574 1009 3617 tua
1037 3566 1278 3629 docueris
1321 3584 1459 3622 eum.
1504 3567 1643 3639 Lege
1674 3577 1786 3633 tua,
1827 3572 2088 3634 naturali,

523 3655 605 3708 vel
656 3656 881 3725 scripta,
920 3660 1001 3712 vel
1033 3659 1198 3711 etiam
1248 3669 1519 3729 utraque;
1576 3671 1707 3717 sunt
1754 3663 1955 3717 etenim
2008 3664 2091 3718 lue

519 3747 668 3813 legs
700 3749 999 3815 prudentia:
1037 3765 1101 3802 ac
1152 3752 1437 3820 sapientia:
1472 3752 1668 3807 fontes.

595 3837 761 3891 Vens.
807 3839 898 3893 l5.
947 3837 1014 3892 Ut
1046 3840 1317 3908 mitigetur
1343 3856 1374 3892 a
1405 3840 1591 3896 diebus
1623 3843 1801 3898 ntalis.
1836 3844 1912 3898 lta
1950 3855 2006 3899 ut
2039 3847 2092 3899 in

520 3929 713 3984 diebus
763 3930 1101 3995 alﬂictionis,
1156 3932 1303 3987 mitis
1336 3934 1425 3987 ﬁat
1470 3942 1525 3987 et
1590 3936 1821 4005 patiens,
1874 3947 1924 3990 et
1984 3952 2093 3992 non

520 4035 662 4089 aegre
694 4020 857 4086 ferat,
882 4038 1059 4092 neque
1092 4023 1409 4093 indignetur
1441 4026 1707 4081 adversus
1739 4028 1973 4090 labores,
2001 4029 2094 4083 sed

520 4125 588 4164 ex
639 4119 730 4164 tua
787 4112 904 4182 lege
948 4121 1264 4183 cognoscat,
1325 4115 1470 4183 quod
1531 4116 1566 4168 ii
1629 4117 1720 4185 qui
1758 4118 2098 4173 calamitates

524 4202 818 4268 sus:inent,
864 4204 932 4258 ad
1004 4206 1279 4275 propriam
1324 4208 1609 4262 utilitatem
1660 4217 1713 4262 et
1749 4209 2096 4264 commodum

521 4303 810 4358 vexantur,
860 4298 1113 4364 quodque
1163 4307 1378 4361 contra,
1440 4300 1476 4353 ii
1528 4300 1621 4371 qui
1652 4314 1749 4355 eos
1807 4300 2094 4371 afﬂigunt,

522 4385 827 4455 condignas
850 4386 1144 4454 aliquando
1166 4388 1492 4445 criminibus
1512 4391 1629 4445 suis
1647 4405 1735 4461 pte
1747 4407 1844 4447 nas
1864 4392 2092 4448 dabunt.
2131 4361 2172 4415 θ

596 4473 772 4539 Donec
804 4476 998 4543 e/fossa
1025 4478 1092 4529 sit
1132 4478 1393 4543 peccatori
1446 4478 1619 4546 fovea.
1654 4481 1839 4536 Donec
1892 4482 2098 4553 iniquis

472 4616 473 4621 η
527 4572 775 4630 paratum
812 4565 883 4618 sit
919 4564 1243 4630 periculum,
1280 4581 1378 4620 seu
1414 4567 1589 4622 donec
1627 4568 1681 4623 in
1725 4569 1858 4625 illttd
1890 4572 2100 4627 incide-

524 4654 654 4705 rint.
710 4653 863 4708 Tunc
908 4656 1106 4709 ctenim
1138 4657 1205 4711 iis
1243 4657 1404 4712 etiam
1453 4660 1824 4728 miserebitur,
1878 4665 1972 4733 qui
2036 4680 2098 4720 se

470 4804 471 4807 η
524 4742 724 4809 injutia
750 4743 1049 4798 adfecerint.

601 4834 762 4890 Vens.
796 4836 876 4889 l4.
922 4837 1186 4903 Quoniam
1206 4855 1308 4892 non
1334 4839 1541 4909 repellet
1569 4841 1824 4898 Dominus
1844 4845 2093 4913 populum

468 4992 469 4995 η
526 4943 703 4990 suum,
736 4940 781 4982 et
815 4931 1178 4985 hereditatem
1230 4948 1381 4985 suam
1449 4950 1552 4987 non
1590 4935 1931 5007 derelinquet.
1985 4935 2101 4991 Non

466 5082 467 5085 η
527 5022 747 5089 repellet
775 5039 892 5091 eos,
930 5025 1148 5079 tametsi
1189 5025 1357 5096 afﬂigi
1383 5041 1481 5081 eos
1521 5028 1586 5082 ad
1616 5039 1831 5097 tempus
1862 5044 2102 5099 persaepe

522 5115 819 5181 permittat,
850 5115 1013 5169 sicuti
1040 5116 1106 5170 ad
1138 5116 1312 5185 ipsam
1339 5133 1513 5187 usque
1531 5106 1718 5174 saeculi
1743 5134 2101 5175 consumma-

466 5267 470 5277 τ
524 5209 727 5261 tionem
779 5209 832 5261 in
879 5208 1119 5262 l‘nturutn
1161 5210 1323 5264 etiam
1361 5211 1729 5280 permissurus
1776 5220 1883 5275 est,
1931 5212 2097 5266 modo

468 5352 475 5356 ,
524 5299 715 5353 sitiens
749 5309 801 5352 ut
828 5300 978 5367 pravi
1005 5300 1187 5365 justos
1208 5302 1357 5354 viros
1389 5302 1723 5369 opprimant,
1748 5302 1909 5355 modo
1933 5302 2095 5355 etiam

525 5407 681 5459 opem
733 5401 898 5461 atque
927 5394 1189 5445 auxilium
1235 5408 1394 5446 suum
1441 5393 1626 5461 probis
1673 5394 2013 5462 impertiens,
2046 5404 2100 5448 et

470 5518 473 5523 -
529 5494 827 5551 utrumque
871 5485 938 5537 ad
987 5500 1177 5539 eorum
1210 5482 1556 5537 commodum
1612 5483 1962 5553 dispensans.
1994 5486 2100 5539 Po-

528 5572 690 5637 pulus
736 5582 952 5637 autem,
1011 5586 1061 5627 et
1120 5572 1409 5628 Increditas
1456 5573 1695 5637 Domini,
1734 5576 1866 5629 olim
1926 5575 2099 5630 ,ἰυθωί

2191 3114 2397 3178 κοιλίας
2424 3116 2903 3187 διαλογιζομένων,
2934 3117 3030 3170 καὶ
3067 3116 3142 3188 μὴ
3192 3115 3302 3173 ἀπὸ
3327 3114 3478 3177 θείας
3508 3113 3777 3168 διδασκα-

2191 3206 2330 3268 λίας.

2261 3366 2563 3435 Μακάριος
2602 3368 2933 3436 ἅνθρωπος,
2960 3369 3033 3423 ὃν
3076 3368 3153 3423 ἂν
3190 3368 3543 3439 παιδεύσῃς,
3569 3370 3773 3439 Κύριε.

2197 3460 2293 3514 ’ον
2321 3459 2387 3514 ἂν
2420 3459 2709 3532 συνετίσῃς
2738 3465 2805 3531 τῇ
2836 3462 2985 3532 παρὰ
3019 3461 3111 3514 σοῦ
3138 3462 3480 3532 διδασκαλίᾳ.

2263 3552 2373 3607 Καὶ
2418 3553 2486 3606 ἐκ
2527 3554 2633 3609 τοῦ
2679 3554 2868 3623 νόμου
2924 3569 3042 3607 σου
3088 3553 3341 3623 διδάξῃς
3392 3556 3600 3609 αὐτόν.
3646 3554 3774 3608 Εἴτε

2193 3644 2284 3698 τοῦ
2318 3644 2546 3713 φυσικοῦ
2584 3645 2694 3698 εἴτε
2733 3644 2827 3698 τοῦ
2875 3644 3146 3715 γραπτοῦ,
3204 3645 3236 3715 ἢ
3278 3646 3372 3701 καὶ
3416 3646 3774 3718 ἀμφοτέρων.

2196 3736 2380 3803 Πηγαὶ
2419 3738 2526 3807 γὰρ
2552 3730 2698 3811 οὗτοι
2722 3738 2990 3800 συνέσεως
3018 3737 3109 3789 καὶ
3135 3736 3348 3804 σοφίας.

2272 3831 2382 3884 Τοῦ
2434 3829 2690 3899 πραῧναι
2757 3830 2945 3883 αὐτὸν
3018 3830 3119 3899 ἀφ’
3170 3829 3407 3899 ’ἡμερῶν
3467 3830 3773 3898 ποι-ημῖν.

2197 3923 2359 3976 Ὥστε
2389 3925 2562 3993 πρᾶον
2597 3923 2760 3977 αὑτὸν
2782 3923 3036 3991 γενέσθαι
3063 3924 3156 3975 καὶ
3180 3922 3507 3987 ἀνεξίκακον
3562 3926 3623 3975 ἐν
3652 3926 3776 3987 ταῖς

2197 4016 2435 4087 ἡμέραις
2474 4016 2582 4068 τῶν
2636 4016 2984 4085 πειρασμῶν,
3039 4015 3116 4085 μὴ
3176 4016 3592 4084 σχετλιάζοντα,
3639 4016 3779 4084 μηδὲ

2201 4108 2617 4176 ἀγανακτοῦντα
2654 4107 2791 4177 πρὸς
2820 4109 2949 4169 τοὺς
2982 4109 3201 4173 πόνους,
3238 4107 3351 4160 ἀλλ’
3380 4111 3444 4161 ἐκ
3478 4106 3572 4159 τοῦ
3604 4108 3776 4176 νόμου

2204 4218 2296 4253 σου
2330 4200 2687 4267 γινώσκοντα,
2710 4200 2790 4252 ὅτι
2823 4201 2919 4252 καὶ
2963 4199 3011 4251 οί
3057 4198 3359 4269 πάσχοντες
3423 4199 3515 4251 ἐπὶ
3561 4199 3781 4267 συμφέ-

2182 4289 2355 4361 ’ροντι
2405 4292 2712 4359 πάσχουσι,
2768 4291 2860 4343 καὶ
2916 4291 2968 4342 οἱ
3029 4289 3452 4369 κακοποιοῦντες
3508 4290 3782 4345 δώσουσιν

2201 4384 2359 4450 ἀξίαν
2384 4384 2482 4453 τὴν
2512 4383 2690 4451 δίκην.

2271 4474 2425 4538 Ἕως
2450 4468 2526 4529 οὗ
2560 4470 2749 4540 ὀρυγῇ
2784 4468 2863 4535 τῷ
2888 4469 3213 4540 ἁμαρτωλῷ
3234 4471 3481 4538 βόθρος.
3503 4470 3651 4525 Ἕως
3679 4470 3779 4522 εὐ-

2199 4562 2468 4634 τρεπισθῇ
2491 4567 2604 4627 τοῖς
2628 4563 2969 4634 παρανόμοις
3016 4562 3293 4625 κίνδυνος’
3328 4563 3433 4625 ἕως
3484 4561 3553 4616 ἂν
3597 4563 3780 4633 ἐμπέο

2201 4676 2356 4714 σωσι.
2384 4658 2518 4712 Τότε
2542 4657 2650 4728 γὰρ
2670 4658 2763 4711 καὶ
2795 4655 2935 4709 ἐλεεῖ
2961 4656 3085 4720 τοὺς
3130 4655 3453 4721 ἀδικοῦντας
3480 4655 3668 4711 αὐτόν.

2276 4842 2405 4894 Ὅτι
2438 4840 2550 4893 οὐκ
2572 4838 2874 4894 ἀπώσεται
2898 4837 3109 4905 Κύριος
3133 4835 3239 4888 τὸν
3262 4835 3415 4890 λαὸν
3434 4835 3623 4889 αὐτοῦ
3675 4834 3781 4887 και

2199 4938 2313 5001 τὴν
2334 4935 2741 5002 κληρονομίαν
2766 4931 2952 4985 αὐτοῦ
2977 4932 3086 4985 οὐκ
3120 4930 3562 4997 ἐγκαταλείψει.
3595 4928 3657 4979 El
3680 4929 3780 4980 καὶ

2197 5028 2332 5099 πρὸς
2369 5025 2561 5095 καιρὸν
2597 5022 3055 5094 παραχωροῦνται
3093 5022 3320 5091 πάσχειν
3357 5022 3452 5073 καὶ
3486 5021 3781 5088 κακουχεῖο

2198 5118 2345 5178 σθαι,
2380 5117 2474 5171 καὶ
2518 5114 2675 5168 τοῦτο
2706 5115 2921 5184 ποιήσει
2968 5113 3129 5181 μέχρι
3161 5110 3499 5175 συντελείας,
3548 5111 3642 5163 νῦν
3674 5111 3782 5179 μὲν
3815 5151 3820 5155 .

2200 5208 2548 5279 παραχωρῶν
2566 5210 2677 5269 τοῖς
2697 5207 2953 5273 πονηροῖς
2968 5203 3242 5256 ἐκθλίϐειν
3265 5202 3591 5265 αὑτοῦς,νῦν
3606 5202 3664 5254 δὲ
3679 5205 3742 5254 ἀν
3754 5232 3778 5244 -

2199 5300 2671 5369 τιλαμὸανόμενος
2700 5297 2879 5350 αὐτῶν
2899 5312 2913 5323 ·
2971 5296 3064 5350 καὶ
3098 5294 3258 5347 τοῦτο
3283 5295 3341 5347 δὲ
3374 5296 3597 5347 κάκεῖνο
3618 5293 3778 5344 λυσιι

2200 5390 2391 5452 τελῶς.
2434 5390 2576 5452 Ααὺς
2632 5389 2686 5441 δὲ
2709 5387 2873 5441 αὑτοῦ
2910 5389 3005 5441 καὶ
3058 5387 3391 5457 κληρονομία
3450 5385 3615 5439 πάλαι
3677 5385 3780 5455 μὲν

2202 5484 2251 5536 οἱ
2292 5483 2557 5546 Ἰουδαῖοι,
2589 5481 2682 5534 νῦν
2711 5481 2766 5533 δὲ
2804 5480 2919 5543 ἀντῖ
2952 5478 3176 5533 ἐκείνων
3203 5477 3607 5549 εἰσποιηθέντες
3636 5477 3781 5545 Χρι-

2205 5577 2433 5638 στιανοὲ,
2480 5572 2661 5635 καθὼς
2688 5573 2943 5635 πολλάκις
2972 5572 3295 5643 εἰρήκαμεν.

527 5660 706 5713 erant.
744 5679 933 5719 verum
964 5667 1069 5721 illis
1102 5667 1367 5737 expulsis,
1401 5667 1699 5725 Christiani
1730 5683 1791 5724 ac
1824 5669 2009 5724 ﬁdeles
2045 5670 2098 5722 in
2139 5684 2327 5723 eorum
2377 5669 2559 5723 locum
2628 5665 2868 5737 adoptati
2917 5674 3071 5731 sunt,
3143 5661 3599 5737 quemadmodum
3637 5660 3777 5718 alibi

528 5768 668 5819 sirpi-
702 5756 938 5811 diximus
