4082 6230
323 244 418 307 961

1480 239 1872 300 COMMENT.
1918 238 1996 297 ΙΝ
2032 239 2156 296 PSA
2171 238 2389 298 LMOS.

3458 240 3564 303 €62

387 360 543 421 ’Ὲως
572 348 643 409 οὗ
671 352 1026 417 δικαηοσύνη
1059 346 1496 417 ἐπιστρέψηται
1525 352 1613 416 εἷς
1665 351 1886 417 κρίσιν’.

2070 349 2234 405 Vens.
2298 350 2383 405 l5.
2452 350 2809 422 Quoadnsque
2851 352 3067 422 justitia
3127 364 3463 411 convertatur
3510 379 3564 415 ιη

323 447 465 510 Ἕως
494 446 562 499 ἂν
589 446 620 497 ὁ
664 444 922 513 Χριστὸς,
962 442 995 510 ἡ
1050 439 1528 509 αύτοδικαιοσύνη,
1575 440 1893 494 καταλιπὼν

2006 441 2283 502 iudicium.
2332 441 2515 496 Donec
2568 442 2849 507 Christus,
2898 442 2989 512 qui
3042 444 3158 511 ipsa
3202 453 3288 500 est
3328 446 3565 515 justitia,

325 535 377 587 ιδ
443 533 841 603 μακροθυμεῖν,
882 530 975 583 ἐπὶ
1024 528 1104 598 τῷ
1130 528 1337 597 κρίνειν
1381 531 1587 598 τραπῇ.
1626 530 1748 581 Ὅτι
1776 530 1831 581 δὲ
1865 532 1892 583 6

323 623 555 694 Χριστὸς
581 619 901 690 δικαιοσύνη
925 618 1196 678 καλεῖται.
1227 617 1393 685 φησὶν
1442 616 1471 669 6
1535 617 1855 682 Ἀπόστολος
1877 633 1891 648 ο

324 716 430 779 ’ος
459 711 638 778 ἐδόθη
682 710 826 779 ἡμῖν
859 709 1053 778 σοφία
1084 704 1204 762 ἀπὸ
1235 705 1407 770 Θεοῦ,
1440 704 1797 773 δικαιοσύνη
1833 723 1895 760 τε

323 805 417 859 καὶ
443 805 885 872 ἀπολύτρωσις.

392 982 501 1036 Kal
535 982 812 1051 ἐχόμενοι
847 984 1038 1052 αὑτης
1065 982 1289 1051 πάντες
1316 986 1370 1038 οἱ
1398 983 1593 1051 εὐθεῖς
1635 982 1711 1052 τῇ
1761 1000 1898 1052 καρ-

322 1072 440 1145 δίᾳ.
494 1074 605 1125 Καὶ
637 1072 824 1125 λοιπὸν
853 1074 977 1127 τότε
1011 1076 1178 1143 ἐγγὺς
1209 1075 1376 1129 αὐτοῦ
1413 1075 1612 1136 πάντες
1634 1076 1682 1127 οἱ
1717 1075 1897 1128 δίκαι-

321 1182 417 1243 οι,
481 1167 971 1236 παραστησάμενοι
1025 1167 1176 1237 αὑτῷ
1242 1168 1484 1238 κρίνοντι
1546 1167 1727 1220 πᾶσαν
1798 1167 1899 1240 τὴν

401 1276 451 1312 ν.

401 1276 451 1312 ν.

322 1274 498 1415 γηΤίς
555 1348 972 1417 ἀναστήσεται
1031 1368 1133 1420 μοι
1185 1349 1286 1405 ἐπὶ
1337 1352 1900 1423 πονηρευομένοιςς

324 1438 422 1504 Τίς
450 1440 708 1513 βοηθήσει
742 1458 833 1511 μοι
864 1442 1008 1495 κατὰ
1036 1442 1144 1495 τῶν
1170 1445 1628 1515 πονηρευομένων
1666 1442 1898 1514 ὲχθρῶν;

404 1619 473 1674 Ἢ
499 1619 590 1685 τίς
643 1619 1227 1688 συμπαραστήσεταί
1245 1636 1347 1690 μοι
1373 1619 1472 1673 ἐπὶ
1504 1619 1639 1687 τοὺς
1668 1620 1903 1691 ἐργαζο-

321 1712 547 1781 μένους
577 1710 690 1778 τήν
712 1712 971 1781 ἀνομίαν
997 1727 1017 1776 ;
1064 1711 1177 1782 Τὴν
1210 1712 1385 1783 αὐτὴν
1428 1708 1551 1765 εἷπε
1594 1711 1759 1767 πάλιν
1809 1714 1897 1766 ἐν·
1931 1706 1974 1762 Β

326 1820 497 1867 νοιαν,
535 1802 741 1872 σφόδρα
774 1802 875 1873 τῆς
934 1802 1192 1874 βοηθείας
1259 1804 1593 1874 ὀρεγόμενος
1658 1804 1749 1859 διὰ
1797 1805 1899 1875 τὴν

326 1893 670 1964 σφοδρότητα
699 1894 799 1964 τῆς
832 1895 1102 1965 πονηρίας
1135 1892 1244 1946 τῶν
1261 1894 1553 1965 δαιμόνων.
1586 1896 1708 1960 Τίς,
1739 1898 1895 1965 φησὶ,

326 1987 863 2059 συμπαραστήσεταί
910 2003 1002 2057 μοι
1066 1989 1536 2059 παραταττομένῳ
1587 1988 1730 2042 κατὰ
1788 1987 1927 2041 τῶν·

324 2073 732 2148 δυσμενῶνςἮ
751 2078 971 2141 πάντως
995 2079 1023 2132 6
1046 2077 1203 2145 Θεὸς,
1233 2078 1261 2130 6
1289 2076 1560 2148 διαφόρως
1597 2079 1897 2150 ἐπικουρή-

327 2183 425 2231 σας
453 2185 569 2239 μοι.

396 2284 466 2335 El
486 2280 573 2349 μὴ
620 2281 708 2336 ὅτι
745 2283 963 2350 Κύριος
998 2283 1297 2352 ἐϐοήθησέ
1331 2301 1453 2355 μοι,
1486 2285 1645 2354 παρὰ
1696 2286 1901 2357 ,βραχὺ

327 2372 649 2442 παρῴκησε
685 2374 764 2440 τῷ
805 2375 920 2445 ᾄδῃ
950 2378 989 2446 vi
1031 2377 1204 2446 ψυχή
1232 2395 1376 2446 μου.
1425 2378 1539 2431 Καὶ
1567 2378 1676 2451 γὰρ
1713 2381 1763 2433 ei
1824 2379 1902 2450 μὴ

325 2464 497 2527 ὅντως
524 2465 735 2537 Κύριος
761 2468 1026 2540 ἐϐοήθησέ
1054 2486 1147 2540 μοι
1205 2468 1573 2525 κινδυνεύοντι
1613 2471 1900 2538 πολλάκις,

329 2557 530 2626 μικροῦ
555 2557 622 2611 ἂν
657 2560 952 2625 ἀπέθανον,
993 2563 1108 2615 εἴτε
1137 2562 1231 2614 τὸν
1283 2563 1599 2632 σωματικὸν
1645 2563 1897 2629 θάνατον,

325 2648 438 2701 εἶτα
476 2648 568 2701 τὸν
599 2648 851 2721 ψυχικόν.
896 2651 1224 2721 Παρῴκησε
1255 2653 1313 2707 δὲ
1337 2653 1457 2717 νῦν,
1498 2654 1561 2707 sb
1589 2655 1895 2727 ὶνῴκησεν.

327 2734 494 2807 ’ᾼδης
516 2737 572 2792 δὲ
601 2738 801 2808 λέγοιτ’
821 2740 889 2795 ἂν
920 2742 1015 2795 καὶ
1044 2745 1074 2796 6
1103 2743 1297 2814 βόθρος
1320 2747 1421 2816 τῆς
1450 2746 1749 2817 ἁμαρτίας.

402 2852 473 2904 Et
492 2852 726 2921 ἔλεγον,
761 2853 1131 2910 Σεσάλευται
1154 2859 1189 2910 δ
1218 2856 1375 2924 ποῦς
1391 2873 1570 2928 αμου,
1620 2858 1690 2914 τὸ
1725 2859 1900 2927 ἔλεός

326 2958 444 2998 σου
470 2981 486 3008 ,
527 2946 707 3013 Κύριε
732 2984 749 3011 ,
783 2945 1016 3013 ἐϐοήθει
1057 2966 1181 3017 μοι.
1260 2950 1323 3002 Εἰ
1361 2950 1550 3017 ἔλεγον
1619 2951 1754 3021 πρὸς
1806 2954 1900 3007 τὸν

1999 531 2188 588 relicta
2221 548 2321 589 sua
2373 532 2806 602 longanimitate,
2845 535 2911 587 ad
2941 534 3297 610 iudicandum
3334 553 3393 592 se
3431 555 3563 593 eon-

1997 636 2195 682 vertat.
2249 626 2406 693 Quod
2441 637 2621 681 autem
2668 626 2924 681 Christus
2972 625 3189 694 iustitia
3238 629 3565 696 appelletur.

1998 727 2232 774 testatur
2280 718 2477 774 beatus
2526 716 2731 773 Paulus
2775 718 2842 772 de
2894 732 2957 771 eo
2990 718 3223 774 dicens:
3260 719 3366 784 Qui
3408 720 3566 775 datus

1999 821 2076 866 est
2108 811 2260 864 nobis
2304 827 2336 864 a
2366 810 2496 877 Deo,
2527 811 2814 879 sapientia,
2846 809 3086 880 justitia,
3119 812 3494 880 sanctiﬁcatio,
3520 827 3566 867 ct

1998 903 2287 970 redemptio
2307 903 2376 958 ⁸⁸.

2072 992 2141 1046 Et
2161 995 2395 1063 proximi
2422 995 2537 1064 ejus
2562 1010 2739 1048 omnes
2756 994 2886 1047 recti
2908 995 3082 1049 corde.
3102 982 3371 1050 Caeterum
3399 1010 3567 1064 prope

2001 1100 2125 1139 eum
2159 1094 2290 1139 tunc
2319 1100 2511 1139 omnes
2539 1086 2674 1155 jnin
2709 1085 2981 1149 aderunt,
3016 1086 3089 1139 illi
3134 1086 3397 1141 nimirum
3429 1087 3562 1143 assi—
3604 1140 3609 1145 .

2000 1184 2229 1242 stentes,
2258 1176 2352 1246 qui
2387 1178 2697 1232 universam
2733 1178 2838 1231 erit
2861 1185 3064 1232 terram
3088 1177 3464 1248 iudicaturus.

2052 1351 2243 1409 ‘Vsns.
2268 1353 2352 1410 16.
2386 1352 2515 1419 Quis
2546 1366 2819 1426 consurget
2850 1357 2978 1411 mihi
2997 1357 3250 1411 adversus
3278 1356 3567 1427 malignan-

2005 1445 2271 1511 tes?Qnis
2304 1447 2459 1511 mihi,
2494 1446 2699 1517 inquit,
2729 1449 2995 1504 adversus
3033 1450 3301 1518 malignos
3353 1447 3567 1516 adjutot

2005 1538 2182 1592 aderit
2210 1537 2509 1592 inimicos?
3605 1522 3611 1530 ’

2074 1626 2180 1680 Aut
2208 1627 2325 1696 quis
2352 1628 2598 1682 consistet
2628 1643 2827 1681 mecum
2857 1627 3106 1681 adversus
3155 1637 3432 1697 operante:
3474 1627 3569 1681 ini-

2006 1719 2306 1788 quitatem?
2328 1718 2583 1775 Eamdem
2626 1721 2821 1791 repetit
2853 1714 3177 1777 sententiain
3207 1762 3222 1785 ,
3261 1737 3417 1792 opem
3470 1723 3570 1777 sibi

2008 1809 2137 1864 ferri
2189 1811 2425 1866 maxime
2476 1821 2779 1879 expetens.
2838 1812 2912 1866 ob
2954 1813 3273 1867 immensam
3315 1813 3571 1867 nimirum

2006 1899 2316 1955 dmmonnm
2349 1902 2763 1971 malignitatem.
2785 1901 3336 1972 Quis,inquit.simul
3366 1918 3572 1958 mecum

2008 1990 2063 2045 in
2095 1994 2213 2046 acie
2239 1992 2506 2047 adversus
2529 1992 2781 2047 inimicos
2811 1994 3117 2048 consistet?
3143 1992 3283 2047 Deus
3306 1992 3573 2064 profecto,

2008 2084 2102 2155 qui
2136 2094 2191 2139 et
2214 2083 2345 2139 olim
2376 2099 2618 2155 persmpe
2645 2085 2751 2140 mei
2779 2100 2963 2141 curam
2996 2085 3261 2156 suscepit.

2081 2284 2250 2340 Vens.
2286 2284 2372 2339 l7.
2404 2283 2526 2339 Nisi
2554 2286 2680 2355 quia
2713 2284 2968 2339 Dominus
2992 2284 3198 2354 adjuvit
3228 2301 3341 2349 me,
3387 2286 3570 2355 paulo-

2010 2377 2184 2431 minus
2214 2376 2505 2431 habitasset
2544 2377 2598 2430 in
2628 2377 2835 2445 inferno
2868 2377 3051 2430 anima
3087 2392 3225 2430 mea.
3266 2376 3443 2439 Pene',
3494 2376 3572 2430 iu-

2008 2469 2149 2537 quit,
2180 2467 2464 2537 periissem
2487 2506 2502 2531 ,
2533 2466 2730 2520 anima:
2763 2475 2855 2519 aut
2895 2465 3070 2535 ipsius
3116 2465 3280 2521 etiam
3327 2466 3573 2537 corporis

2010 2570 2211 2624 morte,
2246 2558 2294 2613 si
2325 2557 2664 2629 periclitanti
2697 2556 2829 2612 mihi
2857 2556 3120 2612 Dominus
3154 2570 3314 2627 Opem
3340 2572 3451 2612 non
3489 2567 3571 2613 tu-
3604 2618 3610 2629 ‘

2009 2649 2186 2705 lisset.
2214 2647 2319 2703 Per
2351 2649 2625 2705 internum
2658 2656 2838 2703 autem
2889 2662 3184 2720 possumus
3233 2650 3445 2727 peccati
3491 2649 3574 2705 fo-

2007 2756 2162 2797 veam
2190 2740 2513 2812 intelligere.

2078 2849 2248 2905 Vens.
2281 2849 2370 2905 18.
2403 2849 2463 2905 Si
2492 2850 2730 2905 dicebam
2752 2867 2771 2906 :
2793 2850 2968 2906 Motus
2986 2858 3065 2906 est
3098 2867 3187 2919 pes
3222 2867 3389 2915 meus.
3424 2851 3573 2906 misc-

2010 2945 2244 3000 ricordia
2275 2954 2369 2998 tua
2398 2985 2415 3012 ,
2450 2945 2701 3007 Domine.
2734 2946 3019 3014 adjuvabat
3051 2962 3152 3000 me.
3203 2946 3260 3001 Si
3285 2947 3351 3001 ad
3408 2946 3575 3002 Deum

326 3032 482 3096 Θεὸν,
518 3035 843 3089 Σεσάλευται
869 3039 902 3108 ή
939 3039 1227 3108 ἑδραίωσίς
1251 3056 1375 3108 μου,
1402 3041 1497 3093 καὶ
1530 3041 1902 3113 ὑποσύρομαι·

2011 3037 2303 3103 dicebam,
2357 3037 2710 3092 stabilitatem
2769 3050 2931 3107 atque
2977 3039 3341 3093 constantiam
3399 3053 3574 3094 meam

328 3128 380 3178 εἰ
410 3126 875 3202 ὲξωμολογούμην
896 3132 996 3202 τὴν
1027 3133 1308 3202 ἡμετέραν
1335 3131 1643 3195 ἀσθένειαν.
1672 3133 1910 3204 ἐτύγχα-

326 3233 420 3271 νον
456 3217 731 3289 βοηθιίας.
774 3223 1026 3277 Διδάσκει
1059 3223 1115 3277 δὲ
1142 3224 1226 3278 ὅτι
1263 3225 1414 3289 ὅστις
1470 3225 1539 3280 ἂν
1589 3224 1909 3280 ὀλισθαίνων

333 3310 565 3381 ἐπιγνῷ,
602 3315 698 3367 καὶ
733 3315 808 3385 μὴ
837 3314 1081 3386 ἀπογνῷ,
1126 3315 1263 3388 μηδὲ
1294 3316 1613 3389 ρᾳθυμήσῃ,
1641 3315 1757 3369 ἀλλ’
1787 3315 1908 3381 ἐξοι-

335 3402 538 3475 μολογή
548 3421 730 3475 σηται,
746 3408 970 3477 ταχεῖαν
988 3407 1235 3476 εὑρίσκει
1251 3409 1352 3479 τὴν
1368 3405 1682 3478 ἀντίληψιν.
1718 3407 1908 3478 Ἐλεή-

334 3509 455 3561 μων
476 3496 585 3568 γὰρ
627 3500 721 3551 καὶ
762 3498 1058 3570 συμπαθὴς
1088 3501 1115 3554 6
1147 3499 1303 3563 Θεός.

2003 3127 2323 3192 ﬂuctuasse,
2357 3128 2403 3183 si
2435 3143 2523 3183 me
2552 3128 2658 3182 huc
2693 3139 2859 3198 atque
2887 3128 3017 3183 illuc
3072 3129 3143 3183 ob
3189 3130 3463 3199 propriam
3488 3129 3575 3183 in-

2006 3220 2319 3277 ﬁrmitatem
2349 3220 2581 3275 distrahi
2634 3221 2811 3288 palam
2844 3220 3066 3276 fuissem
3092 3221 3378 3279 confessus
3399 3258 3418 3280 .
3446 3236 3580 3277 con-

2005 3312 2187 3369 festim
2220 3321 2278 3366 tu
2319 3312 2454 3367 mihi
2487 3312 2682 3367 aderas
2707 3311 2950 3381 adiutor.
2969 3313 3085 3367 Hoc
3114 3320 3295 3367 autem
3313 3326 3571 3369 sermone

2007 3405 2273 3462 docemur
2299 3419 2329 3459 a
2356 3402 2651 3475 Propheta,
2706 3403 2852 3475 quod
2878 3403 3191 3474 quicunque
3225 3405 3410 3474 lapsus
3439 3404 3580 3458 deli-

2006 3505 2154 3552 ctum
2192 3510 2354 3552 suum
2382 3496 2704 3568 agnoverit,
2758 3506 2812 3551 et
2856 3478 2968 3552 non
3012 3496 3434 3567 desperaverit,
3482 3502 3580 3550 aut

333 3584 536 3656 alioqui
562 3588 899 3658 negligenter
924 3588 1128 3658 aliquid
1165 3603 1272 3643 non
1306 3592 1502 3658 egerit.
1537 3587 1634 3644 sed
1665 3590 1902 3658 ingenue
1940 3602 2128 3644 coram
2182 3585 2296 3642 Deo
2343 3586 2400 3641 id
2466 3584 2760 3642 conlessus
2810 3586 2973 3641 fuerit
3000 3626 3019 3653 ,
3074 3587 3259 3642 statim
3311 3587 3576 3643 auxilium

334 3687 726 3746 consequetur.
762 3676 1073 3733 Misericors
1107 3678 1307 3732 etenim
1334 3687 1418 3733 est
1459 3678 1622 3740 Deus,
1671 3687 1727 3732 et
1758 3676 2176 3731 inﬁrmitatibus
2215 3674 2418 3730 nostris
2448 3673 2606 3729 facile
2653 3674 3009 3743 compatitur.

405 3770 566 3823 Κατὰ
593 3768 661 3822 τὸ
697 3768 933 3837 πλῆθος
964 3768 1083 3823 τῶν
1120 3767 1356 3822 ὀδυνῶν
1375 3786 1496 3839 μου
1563 3769 1634 3823 ἐν
1667 3766 1743 3836 τῇ
1776 3784 1912 3836 καρ-

334 3860 433 3927 δίᾳ
448 3876 569 3929 μου
614 3862 676 3913 at
695 3858 1113 3927 παρακλήσεις
1136 3875 1252 3915 σου
1289 3860 1600 3930 εὔφραναν
1631 3859 1748 3928 τὴν
1787 3861 1909 3928 ψυ-

338 3951 460 4021 χήν
496 3969 638 4021 μου.
690 3953 994 4021 Ἀναλόγως
1032 3953 1094 4006 τὸ
1148 3952 1353 4024 πλῆθος
1402 3953 1513 4007 τῶν
1551 3952 1755 4006 ὀδυνῶν
1804 3968 1908 4021 μου

336 4043 448 4099 τῶν
479 4046 539 4098 ιν
564 4046 634 4116 τῇ
669 4044 867 4116 καρδίᾳ
907 4060 1011 4115 μου
1052 4042 1418 4116 ἐχορηγοῦντο
1446 4061 1536 4116 μοι
1567 4044 1663 4097 καὶ
1708 4042 1767 4097 αἱ
1802 4058 1910 4097 πα-

338 4135 636 4207 ρακ).ήσεις
663 4152 782 4189 σου.
814 4135 1026 4206 Ὦσνερ
1086 4134 1144 4188 δὲ
1192 4135 1379 4189 ὀδύναι
1428 4134 1709 4206 διάφοροι,
1764 4134 1911 4188 οὕτω

337 4225 432 4278 καὶ
461 4226 518 4279 αἱ
549 4225 701 4296 παρὰ
748 4224 885 4279 Θεοῦ
935 4224 1321 4295 ψυχαγωγίαν
1354 4226 1450 4279 καὶ
1488 4226 1625 4297 πρὸς
1662 4225 1725 4281 τὺ
1768 4222 1909 4290 εἶδος

335 4315 431 4371 τοῦ
469 4316 783 4388 τραύματος
821 4316 1089 4384 ἐπάγεται
1138 4317 1234 4372 καὶ
1265 4319 1299 4388 ἠ
1340 4316 1629 4389 θεραπεία.

406 4516 503 4585 Μὴ
537 4517 945 4587 συμπαρέστω
976 4532 1077 4573 σοι
1119 4518 1336 4587 θρόνος
1378 4518 1656 4588 ἀνομίας.
1703 4517 1904 4588 Θρόνος

336 4609 567 4678 ἀνομίας
596 4608 916 4673 ὁδιάὸολος,
956 4607 1032 4672 ὡς
1080 4609 1139 4661 ὲν
1184 4607 1333 4678 αὐτῷ
1383 4610 1479 4663 καὶ
1510 4608 1904 4679 βασιλευούσης

335 4696 435 4752 καὶ
467 4698 915 4770 ἀναπαυομένης.
940 4698 1038 4766 Μὴ
1064 4699 1468 4769 συμπαρέστω
1510 4698 1572 4752 δὲ
1591 4739 1607 4766 ,
1631 4698 1755 4752 ἀντὶ
1780 4699 1906 4761 τοῦ,

334 4790 416 4859 μὴ
452 4790 771 4867 συμπαρείη
810 4807 924 4858 σοι,
989 4792 1268 4863 κρίνοντι·
1328 4792 1733 4863 προστακτικὸν
1789 4791 1911 4843 ἀντὶ

336 4879 613 4946 εὐκτικοῦ,
652 4882 729 4944 ὡς
784 4880 846 4934 τὸ
901 4880 1143 4951 ἔλέησον.
1192 4879 1328 4934 Tm
1377 4880 1434 4933 δὲ
1467 4879 1796 4951 ἀντίγραφα,
1821 4896 1910 4949 μη

336 4972 816 5042 συμπροσέσται,
836 4973 1158 5044 γράφουσιν,
1176 4972 1364 5043 ἤγουν,
1378 4981 1440 5025 oo
1477 4971 1912 5042 συμπροσέσταισ

338 5064 373 5135 ἢ
399 5066 495 5118 καὶ
520 5063 694 5129 οὕτως
732 5065 942 5135 μέλλων
967 5065 1087 5118 ἀντὶ
1138 5062 1418 5117 εὐκτικοῦ.

420 5178 474 5231 '0
508 5178 810 5234 πλάσσων
853 5181 1046 5235 φάττον
1081 5178 1180 5234 ἐπὶ
1234 5179 1606 5248 πρόσταγμα.
1665 5177 1724 5230 '0
1779 5176 1913 5229 ὐπο-

338 5268 567 5341 Ὺράφων
596 5272 730 5343 ἡμίν
755 5271 924 5325 κόπον
959 5272 1039 5335 εἰς
1060 5270 1395 5342 ἑμποδισμὸν
1419 5268 1515 5324 τοῦ
1551 5269 1911 5339 προστάγμα-

338 5362 429 5425 τός
464 5377 594 5417 σου·
625 5363 654 5417 6
686 5363 793 5435 πρὸ
848 5364 943 5417 τοῦ
995 5361 1415 5435 προστάγματός
1466 5378 1561 5415 σου
1606 5358 1774 5423 τιθεὶς
1819 5358 1913 5411 κό-

340 5466 444 5506 πον
495 5451 583 5506 ἴνα
627 5453 704 5519 ὡς
749 5456 1007 5510 ἐπίπονον
1054 5455 1187 5510 αὐτὸ
1236 5452 1706 5527 παραδράμωμεν.
1774 5449 1907 5507 Εἶτα

413 5632 460 5665 ⁸⁸
495 5632 668 5688 lCor.
700 5647 737 5695 ι,
778 5633 868 5687 '50.

2078 3762 2248 3819 Vens.
2282 3764 2369 3818 l9.
2412 3763 2714 3819 Secundum
2743 3762 3135 3818 multitudinem
3167 3761 3407 3817 dolorum
3432 3779 3578 3819 meo:

2006 3874 2122 3912 rum
2154 3856 2208 3911 in
2248 3856 2404 3911 corde
2426 3872 2561 3922 meo,
2595 3855 2981 3910 consolationes
3021 3864 3126 3910 tum
3174 3854 3578 3923 lwtiﬁcaoeruut

2006 3951 2239 4004 animam
2265 3964 2457 4004 meam.
2489 3946 2654 4003 Juxta
2693 3946 3099 4018 proportionem
3130 3946 3405 4011 dolorum,
3439 3961 3579 4016 quos

2005 4042 2063 4098 in
2105 4041 2273 4097 corde
2304 4041 2605 4111 gerebam,
2644 4039 2882 4109 praestita
2915 4045 3044 4093 sunt
3080 4052 3110 4092 a
3160 4045 3214 4092 te
3258 4037 3394 4092 mihi
3428 4039 3578 4092 sola-

2008 4137 2181 4192 mina.
2225 4134 2397 4192 Sicuti
2427 4135 2573 4190 enim
2606 4134 2860 4189 dolorum
2902 4132 3052 4185 varia
3086 4138 3471 4201 sunt'genera,
3501 4130 3576 4185 ita

2006 4229 2173 4283 etiam
2210 4225 2534 4296 multiplicia
2567 4232 2697 4279 sunt
2735 4222 3020 4292 refrigeria
3046 4260 3064 4287 ,
3100 4237 3224 4291 qua:
3265 4221 3421 4277 nobis
3472 4223 3577 4277 tri-

2007 4317 2127 4373 buit
2156 4317 2321 4373 Deus.
2353 4314 2488 4371 Nam
2519 4315 2675 4385 juxta
2720 4312 3005 4368 vulnerum
3043 4311 3365 4383 qualitatem
3386 4351 3403 4378 ,
3441 4327 3578 4368 con-

2006 4409 2313 4465 venientem
2345 4405 2582 4476 applicat
2609 4403 2959 4464 medicinam.

2076 4523 2247 4578 Vsus.
2277 4520 2368 4575 20.
2403 4518 2526 4574 Non
2567 4519 2837 4574 adhaereat
2866 4515 2961 4571 tibi
2990 4514 3210 4583 thronus
3251 4516 3573 4587 iniquitatis.

2006 4615 2266 4671 Thronus
2303 4612 2615 4683 iniquitatis
2643 4620 2729 4667 est
2765 4609 3018 4665 diabolus
3062 4609 3117 4663 in
3148 4623 3257 4679 quo
3312 4609 3575 4678 iniquitas

2006 4716 2064 4764 et
2091 4704 2374 4768 considet,
2408 4715 2464 4758 et
2507 4709 2719 4774 regnat.
2768 4700 2886 4757 Non
2926 4700 3205 4756 adhaereat
3259 4700 3428 4771 igitur
3452 4701 3574 4767 tibi,

2011 4798 2113 4853 hoc
2141 4806 2248 4860 est,
2279 4810 2389 4850 non
2425 4795 2568 4850 adsit
2602 4794 2697 4849 tibi
2725 4792 3019 4863 iudicanti.
3064 4792 3161 4848 Est
3196 4801 3377 4846 autem
3428 4793 3573 4862 apud

2010 4888 2233 4944 Graecos
2262 4885 2590 4956 imperantis
2619 4884 2813 4939 modus
2854 4898 2953 4953 pro
3002 4883 3267 4952 Optatiro.
3312 4882 3572 4949 Quadam

2013 4993 2143 5033 vero
2164 4976 2499 5046 exemplaria
2529 4975 2752 5043 .habent
2789 4990 2804 5028 :
2836 4990 2937 5027 non
3001 4973 3309 5039 adharebit,
3350 4979 3406 5027 et
3447 4979 3578 5024 tunc

2008 5068 2255 5124 futurum
2287 5076 2502 5138 tempus
2530 5065 2774 5136 intellige
2804 5068 3043 5136 positum
3078 5057 3240 5119 modo
3275 5061 3541 5131 aptativo.

2082 5183 2187 5251 Qui
2213 5183 2364 5254 ﬁngit
2396 5181 2624 5236 laborem
2646 5181 2699 5234 in
2727 5189 3007 5249 pra’cepto.
3034 5176 3138 5245 Qui
3183 5174 3423 5229 laborem
3475 5185 3577 5226 no-

2007 5276 2096 5334 bis
2127 5274 2408 5338 describit,
2440 5281 2501 5327 ut
2533 5271 2981 5343 impedimentum
3042 5267 3295 5322 omnibus
3351 5266 3575 5333 praestet

2008 5364 2302 5420 observare
2336 5363 2648 5418 volentibus
2679 5362 2934 5415 mandata
2972 5371 3062 5413 tua
3095 5376 3108 5412 :
3166 5356 3266 5419 vel,
3304 5353 3395 5424 qui
3446 5359 3576 5406 ante

2014 5454 2328 5510 mandatum
2379 5460 2536 5508 tuum
2567 5451 2750 5523 posuit
2784 5450 3025 5506 laborem
3059 5454 3223 5517 atque
3250 5457 3527 5500 aerumnas
3554 5479 3573 5509 ,
