4102 6206
505 237 612 298 963

1745 240 2127 293 EUll‘llMll
2159 243 2520 296 ZibAb’ENl

3647 253 3753 305 μοι

500 361 561 406 ut
588 361 844 420 tanquam
862 348 1064 418 aliquid
1090 348 1422 402 laboriosum
1451 347 1582 402 illud
1604 359 2048 418 pertranseanms

2177 351 2324 417 λέγει
2355 356 2447 404 καὶ
2471 353 2570 423 τὴν
2601 352 2802 418 αίτίαν,
2828 355 2897 407 δι’
2925 356 2990 426 ἣν
3019 357 3180 411 αὑτὸν
3219 359 3511 428 ἐπεὺχεται
3538 377 3756 430 συμπα-

502 445 705 498 Deinde
735 457 957 496 causam
987 441 1152 495 etiam
1187 441 1403 504 reddit,
1437 457 1533 494 cur
1567 442 1868 496 daemonem
1920 451 2070 511 optet

495 538 611 590 Deo
639 551 746 587 non
781 534 1062 587 assistere.

569 625 735 680 Vens.
783 624 873 678 2i.
935 624 1277 679 Venubuntur
1323 623 1574 678 adversus
1629 625 1868 677 animam
1908 625 2065 694 justi.

489 716 632 780 Quia
667 717 710 770 si
748 716 983 780 tlaenton,
1015 718 1214 785 inquit.
1241 725 1293 770 et
1332 719 1466 770 socii
1501 717 1616 783 ejus
1640 717 1735 769 tibi
1769 717 2068 779 astiterint,

494 811 676 862 statim
714 824 811 860 ceu
844 809 1068 876 laqueos
1101 809 1366 876 quosdam
1413 823 1476 861 ac
1522 809 1837 861 venatorias
1884 809 2069 876 plagas

488 901 720 953 tendere
763 901 1026 968 incipient
1056 900 1322 953 adversus
1346 900 1524 968 jus'os
1555 900 1868 968 quoslibet,
1900 915 2032 951 accn
2053 929 2066 941 -

488 1000 680 1044 sontes
714 990 970 1043 nimirum
1013 1007 1107 1045 eos
1139 993 1204 1045 de
1238 994 1480 1061 peccatis
1510 1008 1628 1060 qme
1675 1001 1766 1045 aut
1806 993 2068 1062 ignoran-

2181 444 2376 512 ρεῖναι.

2250 623 2668 687 Θηρεύσουσιν
2697 623 2792 676 ἐπί
2824 625 3038 694 ψυχὴν
3065 627 3321 682 δικαίου.
3370 633 3515 684 Διότι
3545 633 3594 684 oi
3625 651 3756 704 περι

2175 709 2267 761 τὸν
2301 710 2550 763 διάϐολον
2601 713 2777 781 θήρας
2806 713 3087 784 ἄρξονται,
3119 720 3166 770 εί
3203 719 3343 771 κατὰ
3379 719 3472 772 τοῦ
3499 723 3757 790 τυχόντες

2171 803 2383 855 δικαίου
2418 804 2450 873 ἦ
2484 807 2930 875 συμπαρέσονται
2959 811 3397 880 κατηγοροῦντες
3451 815 3615 867 αὐτοῦ
3683 820 3755 866 τα

2172 897 2229 946 ἐν
2266 897 2458 964 ἀγνοίᾳ
2483 899 2576 950 καὶ
2605 897 2756 966 παρὰ
2785 898 3010 968 γνώμην
3045 901 3417 973 ἁμαρτήματα
3451 906 3540 958 δια
3586 923 3755 974 πονη-

2171 987 2294 1056 pia;
2328 991 2423 1041 καὶ
2458 989 2872 1060 μισανθρωπίας
2896 991 3225 1062 ὑπερϐολήν.

487 1084 593 1145 ter,
625 1094 716 1134 aut
749 1093 946 1150 prmter
980 1084 1726 1148 sententiamcommiserint,
1752 1083 2060 1153 atquehoc,
2102 1078 2173 1133 ob
2214 1080 2536 1136 immensam
2571 1096 2759 1136 eorum
2811 1084 3201 1155 malignitatem
3271 1096 3434 1157 atque
3494 1087 3755 1141 inhuma-

489 1175 742 1230 nitatem.

564 1271 630 1325 Et
662 1271 972 1340 sanguinem
999 1272 1323 1326 innocentem
1373 1271 1820 1326 condcmnabunt.
1875 1272 2059 1336 Quan-

485 1375 602 1418 tum
635 1365 687 1417 in
711 1363 790 1417 eis
823 1362 1006 1416 fuerit.
1043 1362 1370 1432 Sanguinem
1396 1380 1523 1417 vero
1562 1364 1906 1418 innocentem
1955 1366 2062 1416 cir-

485 1451 892 1523 cumloqnendo
929 1452 1069 1506 dixit
1097 1491 1111 1515 ,
1152 1467 1253 1522 pro
1304 1454 1598 1506 innocentes
1656 1454 1914 1507 homines.
1968 1454 2063 1508 Vel

485 1546 798 1616 hujusmodi
829 1559 1082 1599 sermone
1102 1559 1196 1597 eos
1220 1543 1466 1606 damnat,
1493 1543 1638 1612 quod
1672 1543 1875 1597 indicta
1900 1559 2064 1599 causa

486 1652 678 1706 pmnas
711 1635 974 1700 inferant,
1011 1642 1072 1688 ut
1107 1633 1178 1687 sit
1208 1648 1404 1687 sensus
1432 1632 1575 1701 quod
1626 1634 1916 1687 immeritis
1963 1633 2062 1688 bo-
2093 1667 2136 1721 Β

489 1728 728 1783 minibus
761 1728 1009 1794 indigent
1040 1726 1326 1796 supplicia,
1353 1737 1514 1795 atque
1543 1725 1666 1780 ideo
1693 1726 1788 1780 tibi
1815 1766 1832 1792 ,
1859 1727 2054 1795 inquit,

489 1838 598 1875 non
631 1821 1008 1874 adhaerebunt.

540 1893 724 1967 ςἴίειιε.
755 1913 845 1969 ‘22.
883 1911 947 1966 Et
974 1911 1143 1981 [actus
1163 1921 1235 1964 est
1269 1910 1397 1963 mihi
1424 1908 1678 1964 Dominus
1701 1911 1752 1964 in
1780 1911 2058 1982 refugium.

487 2005 642 2072 Mihi,
675 2005 921 2072 inquam,
953 2017 1239 2073 Oppresso,
1268 2010 1321 2057 et
1360 2003 1800 2072 persecutionem
1849 2003 1903 2056 in
1957 2001 2060 2056 hac

484 2097 595 2150 vita
625 2095 942 2151 sustinenti.
1003 2163 1012 2168 ἢ

554 2187 621 2240 Ει
654 2187 793 2240 Deus
830 2203 973 2240 mens
1001 2187 1054 2240 in
1087 2187 1414 2255 adjutorium
1456 2186 1567 2256 spei
1597 2184 2055 2254 mece.Sperabam

477 2280 729 2348 equidem
763 2279 1044 2341 resistere,
1073 2294 1258 2332 verum
1293 2295 1416 2334 cum
1451 2279 1798 2348 opprimercr
1833 2293 1896 2332 ac
1931 2277 2056 2330 fati-

480 2387 658 2441 garer,
691 2369 994 2425 deﬂuebam
1022 2411 1037 2436 ,
1075 2386 1137 2426 ac
1161 2371 1385 2426 labebar
1431 2383 1692 2441 concepta
1733 2387 1830 2441 spe
1855 2411 1870 2437 ,
1917 2371 2058 2425 Deus

482 2471 664 2517 autem
694 2463 824 2516 mihi
859 2471 1059 2532 praesto
1112 2461 1255 2524 fuit,
1302 2474 1356 2517 et
1407 2478 1559 2531 spem
1618 2479 1790 2517 meam
1839 2480 2056 2518 rursum

478 2554 843 2616 conﬁrmavit,
870 2553 1193 2621 tribuitque,
1220 2565 1280 2607 ut
1308 2554 1531 2608 meliora
1557 2554 1737 2609 adhuc
1754 2570 2054 2624 sperarem.

549 2644 714 2700 Vens.
757 2645 848 2700 23.
905 2642 976 2698 Et
1026 2645 1204 2699 reddet
1259 2647 1368 2701 illis
1415 2648 1749 2718 iniquitatem
1798 2649 2056 2718 ipsorum.

490 2736 1017 2790 Cottdemnationem
1069 2737 1280 2792 scilicet
1330 2754 1429 2808 pro
1459 2755 1647 2792 eorum
1696 2739 2055 2810 iniquitatem.

547 2829 611 2880 Et
639 2829 925 2881 secundum
958 2827 1224 2882 malitiam
1257 2845 1439 2884 eorum
1465 2829 1658 2884 delebit
1681 2847 1768 2886 eos
1803 2831 2056 2887 Dominus

480 2919 638 2973 Dens.
673 2950 744 2960 --
773 2919 971 2974 Delebit
999 2961 1015 2986 ,
1051 2922 1156 2976 hoc
1227 2931 1350 2985 est,
1405 2923 1558 2978 tollet
1602 2939 1698 2979 eos
1747 2925 1815 2980 de
1854 2927 2052 2980 medio.

480 3013 724 3082 Amplius
770 3015 973 3082 quippe
1028 3029 1135 3068 non
1190 3016 1580 3083 apparebunt,
1617 3017 1744 3071 tecti
1790 3018 2049 3072 nimirum
2081 2999 2123 3052 (ἶ

478 3114 641 3170 atque
671 3105 854 3158 obruti
888 3106 1010 3173 igne
1034 3103 1246 3172 jamdiu
1275 3105 1356 3160 eis
1382 3115 1592 3174 paratu.
1618 3106 1852 3161 Possunt
1875 3117 2054 3164 tamen

478 3199 734 3269 praedicta
761 3200 828 3252 de
862 3199 1048 3265 pravis
1083 3199 1402 3252 hominibus
1438 3197 1690 3268 intelligi.
1717 3196 1838 3253 Non
1872 3200 2050 3253 adlue-

481 3291 621 3345 rebi‘t
648 3329 665 3354 ,
699 3291 915 3358 inquit,
953 3289 1046 3342 tibi
1102 3289 1335 3341 thronus
1394 3287 1694 3356 iniquitatis
1729 3329 1744 3354 ,
1792 3289 1894 3344 hoc
1921 3302 2007 3345 est
2038 3329 2054 3354 ,

481 3382 664 3434 nullus
715 3381 956 3448 injustus
993 3379 1256 3447 princeps
1296 3378 1392 3432 tibi
1432 3379 1914 3450 appropinquabit.
1947 3381 2048 3435 Po-

483 3485 613 3523 nere
649 3480 828 3523 autem
861 3469 1040 3526 solent
1069 3469 1386 3538 huiusmodi
1431 3469 1625 3538 injusti
1671 3472 1942 3541 principes
1975 3474 2055 3526 la-

480 3562 668 3617 borem
705 3562 760 3616 in
796 3572 1089 3631 praecepto,
1122 3577 1188 3618 eo
1221 3562 1367 3633 quod
1398 3563 1581 3618 ﬁdeles
1601 3580 1708 3618 non
1733 3565 2052 3635 permittunt

479 3655 665 3707 divina
698 3654 952 3707 mandata
1007 3653 1125 3709 sine
1170 3655 1356 3711 labore
1409 3657 1722 3712 observare.
1772 3657 2054 3714 Venantur

478 3745 644 3797 etiam
683 3745 946 3798 adversus
970 3743 1154 3812 justos
1197 3761 1411 3814 omnes,
1443 3757 1497 3804 et
1551 3749 1872 3806 innocentes
1924 3766 2052 3806 con-

476 3835 754 3896 demnant,
782 3843 835 3889 et
869 3850 992 3903 quae
1026 3848 1332 3906 sequuntur
1352 3852 1757 3910 consequenter
1786 3846 2046 3912 intelligo.

475 3924 628 3988 Quod
662 3940 788 3979 vero
840 3926 957 3980 ait:
991 3927 1048 3981 in
1075 3929 1399 3997 adjutorium
1431 3935 1538 4000 spei
1567 3950 1716 3999 mem,
1749 3935 1888 3988 idem
1925 3949 2005 3991 est
2031 3978 2047 4003 ,

473 4030 539 4068 ac
571 4015 616 4069 si
645 4016 872 4071 dixisset
905 4034 922 4079 ;
954 4017 1021 4073 ad
1044 4020 1510 4076 confirmationem
1538 4023 1682 4078 illius
1714 4027 1854 4094 spei,
1883 4043 2046 4096 quam

473 4113 633 4158 antea
669 4106 1022 4163 ﬂuctuantem
1058 4109 1324 4166 habebam
1350 4128 1474 4167 cum
1503 4115 2044 4177 vidererderelictus.

472 4195 622 4250 Illico
655 4195 798 4249 enim
844 4212 966 4252 eam
1003 4200 1144 4254 Deus
1177 4203 1542 4269 conﬁrmavit,
1584 4217 1645 4261 ut
1675 4209 1807 4263 mihi
1851 4222 2048 4278 praesto

473 4288 595 4341 t'nit.
627 4286 834 4343 Reddet
863 4298 1043 4345 autem
1077 4293 1190 4348 illis
1216 4295 1269 4349 in
1295 4295 1484 4351 futuro
1506 4301 1730 4366 saeculo,
1755 4301 2045 4358 destruens
2075 4337 2120 4390 ι)

475 4379 731 4432 nimirum
759 4395 853 4435 cos
900 4389 1065 4452 atque
1111 4385 1450 4444 interimens.

899 4471 1038 4527 Laus
1069 4480 1260 4532 cantici
1295 4481 1399 4548 ipsi
1427 4481 1616 4538 David.

988 4567 1311 4626 PSALMUS
1343 4573 1522 4627 λων.

543 4657 648 4710 Iste
684 4658 845 4712 etiam
895 4661 1137 4727 psalmus
1193 4663 1332 4730 apud
1381 4663 1639 4720 Hebraeos
1689 4667 2044 4738 inscriptione

470 4759 645 4812 caret,
669 4767 855 4805 verum
883 4751 1024 4806 LXX
1047 4763 1101 4808 et
1135 4753 1346 4808 laudem
1399 4755 1567 4810 David
1601 4759 2000 4827 inscripserunt
2024 4801 2040 4826 ,

469 4855 536 4893 eo
564 4841 708 4908 quod
737 4843 991 4911 praesenti
1021 4843 1233 4912 psalmo
1269 4843 1542 4914 Propheta
1577 4847 1744 4902 Deum
1779 4849 2042 4906 laudave-

471 4931 565 4992 rit,
604 4941 653 4985 et
681 4933 968 4999 canticum,
1001 4933 1130 5002 quia
1171 4949 1296 4990 cum
1329 4937 1585 5001 melodia,
1617 4939 1853 4995 humana
1889 4957 2046 5009 voce,

469 5023 795 5080 cauebatur.
829 5024 1006 5093 Atque
1038 5025 1146 5080 imo
1179 5026 1233 5080 in
1261 5043 1326 5082 eo
1347 5029 1547 5083 dicitur
1575 5046 1589 5082 :
1621 5030 1678 5083 in
1703 5031 1922 5097 psalmis
1953 5034 2046 5102 ju-

469 5112 685 5167 bilcmus
709 5115 776 5168 ei.
813 5115 1202 5170 Convocantur
1232 5129 1415 5171 autem
1446 5121 1548 5174 hoc
1579 5122 1792 5191 psalmo
1831 5125 1899 5176 ad
1945 5137 2046 5178 ex-

467 5206 824 5260 sultationem
858 5208 1045 5262 lideles
1081 5225 1274 5266 omnes
1307 5211 1360 5264 in
1392 5211 1668 5267 Christum
1701 5254 1717 5278 ,
1751 5223 1804 5269 et
1829 5212 1999 5268 Judaei
2027 5255 2043 5279 ,

2236 1271 2344 1323 Kal
2409 1266 2552 1338 αἷμα
2611 1271 2809 1326 ἀθῶον
2867 1273 3395 1332 καταδικάσονται.
3450 1277 3589 1344 Τόγε
3657 1277 3754 1330 ἐπ’

2165 1363 2371 1424 αὐτοῖς.
2409 1358 2558 1432 Αἷμα
2581 1363 2645 1415 δὲ
2677 1364 2870 1427 ἀθῶον,
2906 1369 2934 1418 6
2980 1365 3158 1429 ὰθῶος
3213 1369 3662 1437 περιᾳραςτικὼς
3711 1370 3748 1439 ἦ

2166 1456 2385 1520 κόλασις
2425 1457 2455 1520 ἡ
2511 1456 2966 1521 ἀκαταδίκαστος,
3009 1459 3135 1511 ὅσον
3203 1459 3339 1531 πρὸς
3385 1462 3511 1524 τοὺς
3563 1461 3750 1523 θείους

2165 1548 2385 1615 νόμους,
2417 1548 2502 1600 ἵνα
2537 1548 2633 1601 καὶ
2657 1550 2881 1620 νοηθείη
2908 1552 2990 1603 ὅτι
3037 1551 3258 1607 κόλασιν
3289 1553 3475 1606 ἄδικον
3504 1555 3748 1624 ἀποφαί-

2165 1657 2378 1694 νονται·
2403 1641 2484 1694 διὸ
2525 1642 2737 1702 πάντως
2772 1643 2831 1695 οὐ
2866 1643 3340 1715 συμπαρὲσονται.

2233 1909 2341 1962 Kal
2369 1907 2612 1977 ἐγένετό
2636 1925 2738 1978 μοι
2761 1910 2977 1976 Κύριος
3021 1911 3112 1976 είς
3139 1911 3514 1980 καταφυγήν.
3569 1911 3746 1964 Πολε-

2164 2018 2264 2071 μου
2275 2001 2419 2071 μένῳ
2448 2002 2542 2054 καὶ
2571 2001 2886 2072 διωκομένῳ
2914 2003 3057 2056 κατὰ
3089 2004 3181 2057 τὸν
3208 2005 3450 2074 παρόντα
3475 2005 3612 2072 βίον.

2231 2184 2338 2239 Kal
2367 2186 2400 2238 ό
2432 2184 2575 2248 Θεός
2591 2199 2711 2250 μου
2740 2185 2827 2246 είς
2850 2181 3084 2249 βοηθὸν
3109 2181 3362 2246 ἐλπίδος
3397 2198 3534 2250 μου.
3589 2180 3734 2235 Ἥλο

2161 2275 2319 2337 πιζον
2357 2274 2457 2344 μὲν
2491 2275 2604 2342 γὰρ
2649 2274 2934 2342 ἀντέχειν’
2987 2273 3468 2342 καταπονουμένου
3497 2271 3556 2325 δέ
3607 2291 3732 2343 μου,

2160 2366 2345 2422 λοιπὸν
2377 2366 2650 2434 ὑπέρῤεεν
2700 2365 2733 2434 ἠ
2776 2363 2929 2418 ἐλπίς
2960 2380 3092 2431 μου’
3125 2363 3394 2434 ἱϐοῆθησε
3421 2363 3476 2415 δὲ
3495 2362 3672 2433 ταύτῃ
3706 2364 3742 2414 6

2158 2459 2315 2521 Θεὸς,
2354 2455 2714 2518 ὲπανασώσας
2746 2471 2840 2526 μοι
2875 2455 3039 2509 πάλιν
3069 2455 3262 2526 αὐτὴν,
3300 2457 3393 2508 καὶ
3425 2454 3548 2518 δοὺς
3585 2456 3742 2507 nm:-

2160 2552 2276 2616 ζειν
2306 2549 2674 2620 χρηστότερα.

2232 2640 2339 2694 Καὶ
2370 2639 2671 2694 ἀποδώσει
2696 2639 2900 2704 αὐτοῖς
2934 2640 3144 2706 Κύριος
3187 2640 3304 2706 τὴν
3324 2640 3582 2707 ἀνομίαν
3627 2641 3735 2692 αὐ-

2159 2731 2298 2784 τῶν.
2354 2732 2466 2801 Τὴν
2508 2731 2810 2799 καταδίκην
2834 2733 2935 2800 τῆς
2965 2732 3197 2802 ἀνομίας
3221 2731 3426 2784 αὐτῶν.

2230 2828 2339 2882 Kal
2373 2827 2521 2881 κατὰ
2561 2827 2677 2894 τὴν
2727 2828 3022 2895 πονηρίαν
3079 2827 3279 2882 αὐτῶν
3323 2828 3570 2897 datas-tsi
3622 2829 3736 2881 αὐ-

2161 2918 2300 2983 τοὺς
2351 2918 2565 2986 Κύριος
2607 2921 2640 2972 ό
2681 2920 2847 2984 Θεός.
2908 2918 3244 2986 ’Δφανισμὸν
3309 2918 3547 2972 ἐνταῦθά
3594 2937 3738 2988 φησι

2157 3011 2254 3075 τὴν
2283 3010 2347 3062 ὲκ
2371 3011 2534 3079 μέσου
2562 3008 2722 3078 ἄρσιν
2741 3009 2942 3066 αὐτῶν.
2973 3007 3226 3078 μηδαμοῦ
3257 3012 3599 3079 φαινομένων
3624 3011 3734 3073 ἔτι,

2159 3101 2246 3153 διὰ
2277 3101 2338 3154 τὸ
2371 3101 2894 3174 κατακεχῶσθαιτῷ
2924 3102 3313 3171 ἡτοιμασμένῳ
3333 3102 3544 3166 τούτοις
3574 3103 3731 3173 πυρί.

2155 3193 2422 3260 Νοηθεῖεν
2464 3192 2508 3245 δ’
2539 3192 2606 3253 ἂν
2628 3193 2695 3246 τὰ
2725 3194 2991 3262 εἰρημένα
3042 3193 3138 3246 καὶ
3177 3194 3303 3264 περὶ
3335 3193 3443 3246 τῶν
3474 3196 3738 3266 πονηρῶν

2155 3284 2459 3355 ἀνθρώπων
2483 3325 2497 3339 .
2538 3282 2675 3350 οἷον,
2709 3287 2769 3338 οὐ
2801 3289 3206 3356 συμπροτέσται
3232 3304 3250 3320 ο
3281 3289 3340 3340 οὐ
3374 3292 3732 3356 προσεγγίσει

2153 3378 2339 3448 ἄρχων
2371 3377 2607 3446 ἄνομος·
2640 3379 2670 3432 6
2721 3376 2890 3442 τιθεὶς
2935 3379 3126 3442 κόπον,
3160 3380 3253 3432 καὶ
3304 3377 3384 3450 μὴ
3429 3381 3735 3450 συγχωρῶν

2155 3471 2286 3538 ἡμῖν
2327 3469 2542 3530 ἀπόνως
2578 3469 2890 3536 ἐκπληροῦν
2919 3469 2986 3522 τὰ
3034 3471 3438 3539 προστάγματά
3473 3489 3590 3526 σου.
3615 3473 3728 3542 Θη-

2160 3559 2444 3629 ρεύσουσιν
2492 3561 2542 3613 οἱ
2579 3561 2890 3629 παράνομοι
2941 3562 3069 3626 τοὺς
3128 3563 3396 3626 δικαίους,
3451 3567 3545 3616 καὶ
3598 3567 3730 3627 τοὺς

2154 3653 2364 3714 ἀθώους
2396 3653 2839 3720 καταδικάσουσι,
2866 3657 2960 3710 καὶ
2990 3657 3056 3710 τὰ
3083 3655 3230 3726 ἑξῆς.
3251 3657 3322 3710 Τὸ
3343 3659 3420 3722 δὲ,
3459 3659 3548 3722 εὶς
3570 3658 3730 3724 ,βοη-

2152 3746 2260 3799 θξν
2287 3745 2536 3810 ἐλπίδος
2557 3764 2698 3814 μου,
2731 3747 2850 3800 ἀντὶ
2897 3747 3010 3812 τοῦ,
3055 3753 3131 3810 εις
3172 3748 3450 3818 στήριγμα
3489 3751 3589 3816 τῆς
3647 3750 3728 3809 εἷς

2151 3838 2312 3890 αὑτὸν
2342 3838 2554 3900 ἐλπίδος
2588 3856 2712 3907 μου,
2736 3838 3110 3906 σαλευομένης
3143 3839 3216 3900 ὡς
3253 3840 3729 3906 ὲγκαταλειπομέ-

2150 3947 2275 3984 νου·
2304 3930 2726 4000 ἁντιλαϐόμενός
2762 3948 2864 4000 μου
2899 3932 3029 4001 γὰρ,
3067 3931 3354 4001 ἐστήριξεν
3375 3933 3569 4000 αὐτήν.
3615 3934 3725 3988 Καὶ

2152 4018 2425 4074 ἀποδώσει
2462 4020 2664 4090 Κύριος
2703 4022 2762 4074 ὲν
2807 4022 2884 4091 τῷ
2926 4020 3176 4087 μέλλοντι
3216 4022 3406 4076 αίιῖννιο
3448 4023 3546 4076 καὶ
3577 4024 3719 4090 ἀφα-

2150 4115 2254 4164 νιεῑ
2308 4113 2508 4175 αὐτοὺς
2555 4114 2614 4166 ὲν
2645 4113 2721 4181 τῷ
2768 4114 2995 4184 παρόντι
3054 4115 3142 4168 διὰ
3187 4115 3574 4184 καταστροφῆς
3629 4117 3725 4170 καὶ

2151 4201 2404 4260 θανάτου.

2573 4473 2754 4536 Αἶνος
2781 4473 2940 4540 ᾠδῆς
2971 4474 3050 4539 τῷ
3094 4476 3290 4531 Δαὸίδ.

2709 4565 3004 4622 ΨΑΛΜΟΣ
3039 4568 3152 4632 μιν.

2232 4659 2631 4730 ’ἀνεπίγραφος
2655 4675 2920 4723 καιουτος
2948 4661 3077 4728 παρ’
3118 4661 3404 4730 Ἑϐραίοις.
3432 4667 3493 4717 Oi
3552 4667 3719 4719 Εϐἁοο

2152 4749 2400 4818 μήκοντα
2430 4747 2485 4800 δὲ
2522 4749 2619 4818 τὴν
2653 4748 2968 4820 ἐπιγραφὴν
2989 4750 3192 4818 ταύτην
3215 4751 3481 4820 ἔγραψαν.
3541 4752 3718 4809 uiror

2144 4840 2243 4910 μὲν
2276 4840 2542 4902 εἰπόντες,
2571 4841 2652 4893 ὅτι.
2681 4841 2822 4893 αἰνεῖ
2843 4841 2935 4894 τὸν
2964 4841 3117 4908 Θεὸν,
3158 4843 3318 4914 ᾠδῆς
3350 4845 3426 4908 δὲ,
3459 4846 3542 4898 ὅτι
3573 4849 3714 4915 μετὰ

2144 4931 2344 5002 μέλους
2373 4933 2512 5004 ᾔσθη
2537 4949 2552 4964 ’
2583 4932 2678 4986 καὶ
2706 4933 2776 4987 ἐν
2800 4934 3064 5003 ψαλμοῖς
3091 4937 3224 5005 γὰρ,
3275 4939 3463 5005 φησὶν,
3488 4939 3716 4992 dimid-

2139 5025 2323 5094 ἴωμεν
2351 5023 2528 5089 αὐτῷ.
2578 5019 2744 5087 Οὗτος
2767 5026 2895 5090 τοὺς
2932 5026 3030 5096 μὲν
3067 5029 3466 5092 πιστεύσαντας
3500 5031 3604 5100 ἥδη
3633 5031 3716 5100 τῷ

2141 5113 2362 5183 Χριστῷ
2405 5114 2665 5182 συγκαλεί
2716 5117 2853 5186 πρὸς
2911 5116 3259 5183 ἀγαλλίασιν,
3295 5121 3404 5180 τοῖς
3445 5119 3500 5172 δὲ
3541 5123 3715 5192 μήπω

2141 5205 2563 5258 πεπιστευκόσιν
2613 5207 2886 5270 Ἰουδαίοις
2934 5208 3316 5278 συμϐουλεύει,
3362 5211 3467 5274 ἕως
3514 5213 3713 5281 καιρὸν

470 5295 562 5362 qui
599 5298 840 5350 nondum
876 5299 1253 5365 crediderunt,
1294 5302 1533 5358 universi
1570 5304 1954 5366 admonentur,
1985 5314 2042 5358 ut

2154 5297 2318 5367 ἔχουσι
2345 5300 2654 5367 μετανοίας,
2685 5302 3010 5372 ἐπιστρέψαι
3042 5303 3136 5356 καὶ
3175 5310 3505 5375 προσπεσεῖν
3534 5306 3711 5377 αὐτῷ.

465 5386 642 5440 donec
681 5387 932 5442 idoneum
962 5391 1295 5458 ptenitentiae
1323 5400 1536 5462 tempus
1561 5394 1781 5454 habent,
1811 5407 2039 5450 conver-

468 5484 654 5530 tantur
682 5478 746 5532 ad
788 5479 1071 5533 Dominum
1101 5521 1115 5545 ,
1147 5490 1199 5535 et
1231 5485 1460 5538 adorent
1505 5499 1651 5536 cum.
1689 5484 1913 5551 Utrique
1939 5502 2038 5541 au-

464 5573 571 5621 tem
593 5570 791 5637 populo
816 5571 1005 5626 beatus
1022 5571 1186 5626 David
1216 5575 1376 5628 veluti
1400 5591 1499 5630 suo
1525 5575 1725 5644 populo
1778 5577 2018 5646 scipsum

2135 5393 2426 5445 Συντάττει
2458 5393 2512 5445 δὲ
2547 5396 2642 5448 καὶ
2671 5394 2882 5459 τούτοις
2920 5398 3196 5461 κάκείνοις
3225 5400 3252 5454 6
3282 5399 3449 5452 Δαϐὶδ
3487 5401 3707 5453 ἑαυτόν·

2133 5489 2247 5547 τοῖς
2309 5488 2426 5555 μὲν,
2478 5486 2551 5549 ὡς
2581 5488 2804 5551 οἰκείοις
2855 5488 2963 5542 ἀπὸ
2996 5491 3093 5560 τῆς
3128 5492 3443 5560 εὐσεϐείας,
3477 5498 3590 5558 τοῖς
3619 5495 3709 5562 δὲ,

2133 5579 2206 5642 ὡς
2237 5580 2386 5642 ἰδίοις
2420 5580 2526 5632 ἀπὸ
2563 5581 2656 5634 τοῦ
2685 5582 2896 5648 γένους.

464 5656 764 5728 conjungit,
785 5661 1106 5720 Christianis
1129 5666 1347 5735 quidem
1377 5667 1443 5721 ob
1468 5670 1718 5737 pietatem
1759 5685 1810 5725 et
1843 5674 2018 5738 Iidem,
2061 5671 2263 5727 iud-aris
2299 5689 2424 5728 vero
2459 5673 2528 5727 ob
2556 5676 2768 5742 generis
2800 5677 3086 5747 originem.
