4082 6230
597 231 699 293 967

1793 241 2173 293 EU'I‘HYMH
2208 237 2566 294 ZIUAUENI

3737 232 3872 293 958

597 347 693 400 sed
722 356 1103 413 quamcunque
1127 340 1291 403 diem,
1326 341 1379 393 in
1430 355 1534 408 qua
1581 339 1686 394 diei
1736 351 1917 410 potest
1974 344 2152 397 bodie.

2267 345 2498 397 ἐνταῦθα
2550 343 2897 413 παρίστησιν,
2953 339 3089 393 ἀλλὰ
3150 336 3328 394 πᾶσαν
3360 342 3420 393 ἐν
3508 341 3567 394 τὸ
3600 344 3872 411 σήμερον

597 437 673 492 Ita
706 436 850 489 enim
878 434 1031 487 nobis
1061 430 1357 485 declaravit
1398 446 1626 500 magnus
1657 431 1857 485 Paulus
1888 433 1933 461 "’
1962 450 1975 485 :
2021 433 2163 496 Qua-

600 544 823 598 cunque,
889 526 1086 593 inquit,
1155 536 1385 590 tempore
1445 522 1724 576 audieritis
1784 541 1957 576 vocem
2028 525 2164 593 ejus,

600 619 735 687 ejus,
772 616 916 679 dico,
952 614 1197 668 vocantis
1243 628 1341 668 vos
1396 629 1490 682 per
1535 614 1748 667 divinas
1808 613 2120 680 St’l‘ipllﬂ'as
2149 654 2165 679 ,

598 721 648 759 et
682 706 978 775 ριωειιιιὶιιι
1006 721 1098 773 per
1118 704 1493 775 Evangeliuin.
1522 707 1684 759 nolite
1712 706 1974 759 obdurare
2004 708 2164 759 corda

601 809 774 852 rostra
805 797 1176 858 nbaudiendo,
1211 806 1264 850 et
1293 812 1401 849 non
1431 798 1783 865 suscipiendo
1808 813 1925 850 eam
1952 812 2164 863 vocem,

595 889 1033 958 quemadmodum
1072 890 1126 941 in
1159 889 1562 941 exacerbationc
1598 890 1797 957 factum
1828 900 1925 945 est.

665 1066 727 1121 In
754 1069 840 1121 die
877 1069 1179 1121 lentationis
1205 1069 1257 1121 in
1284 1069 1507 1123 deserto.
1534 1068 1741 1123 Dietum
1766 1080 1849 1124 est
1879 1071 1929 1123 in
1959 1072 2166 1140 psalmo

597 1173 775 1210 Lxxm
816 1158 957 1226 quod
982 1162 1423 1211 exacerbaverunt
1452 1159 1784 1212 Altissimum
1808 1161 1861 1213 in
1886 1162 2164 1231 inaquoso,

597 1260 647 1302 et
679 1249 822 1317 quod
880 1259 1209 1302 lentaverunt
1247 1251 1409 1304 Deum
1438 1252 1489 1303 in
1525 1251 1769 1304 cordibus
1827 1253 1961 1305 suis.
2011 1251 2167 1305 Tunc

596 1344 740 1394 enim
774 1341 1110 1395 obdurarunt
1145 1342 1310 1395 corda
1343 1357 1463 1402 sua,
1500 1358 1685 1395 vocem
1746 1343 1894 1395 illam
1949 1343 2039 1396 Dei
2086 1360 2169 1396 re-

600 1432 860 1501 pellentes
883 1446 1043 1498 quam
1070 1432 1390 1484 audiverant
1425 1434 1475 1483 in
1509 1441 1690 1486 monte
1731 1430 1859 1485 Sina
1884 1472 1897 1497 ,
1933 1442 1985 1487 et
2012 1435 2164 1488 obliti

600 1531 725 1575 sunt
760 1522 1147 1575 beneficiorum
1184 1522 1325 1590 ejus,
1358 1538 1465 1575 non
1496 1525 1801 1587 credentes,
1838 1527 1982 1594 quod
2020 1524 2165 1581 Deus

598 1621 787 1680 posset
819 1611 1027 1665 omnia.

675 1788 775 1841 Ubi
809 1798 1134 1842 teutaverunt
1163 1807 1243 1843 me
1271 1799 1447 1859 patres
1481 1791 1661 1844 vestri.
1696 1790 1897 1846 Verum
1942 1794 2163 1849 ubinam

599 1881 652 1935 id
692 1882 935 1935 accidit?
968 1883 1023 1935 ln
1055 1883 1273 1936 deserto
1310 1882 1563 1935 nimirum
1589 1898 1604 1947 ;
1631 1884 1712 1937 vel
1739 1884 1815 1953 (7)
1839 1901 1903 1939 eo
1929 1896 2168 1957 tempore

600 1988 707 2042 quo
732 1989 814 2026 me
841 1974 1114 2027 tentastis.
1154 1972 1246 2028 Est
1290 1983 1471 2029 autem
1506 1976 1591 2029 hic
1640 1991 1822 2031 sermo
1870 1992 1935 2032 ex
1988 1981 2166 2034 sancti

600 2064 838 2133 Spiritus
870 2078 1125 2132 persona.

672 2152 1034 2208 l’robaverunt
1066 2170 1144 2206 me
1169 2194 1183 2216 .
1215 2164 1261 2208 et
1289 2155 1528 2209 viderunt
1580 2172 1738 2223 opera
1778 2174 1891 2213 mea
1929 2161 2165 2229 quadra-

597 2249 747 2315 ginta
776 2248 949 2300 annis.
982 2246 1308 2299 Admiranda
1346 2248 1604 2302 nimirum
1634 2264 1797 2317 Opera
1834 2250 1926 2304 illa
1980 2267 2043 2305 ac
2075 2253 2169 2307 be-

606 2338 836 2399 uelicia,
890 2353 1008 2406 qua:
1066 2339 1277 2405 plenius
1329 2352 1798 2396 connumeranlur
1856 2346 1908 2396 in
1959 2345 2169 2412 psalmo

603 2444 803 2481 Luvn.
842 2429 905 2481 Et
936 2430 1080 2497 quod
1126 2430 1202 2483 ait
1228 2446 1241 2481 :
1274 2434 1630 2501 quadraginta
1661 2436 1837 2496 annis,
1876 2435 2043 2505 aliqui
2072 2454 2133 2492 su

602 2517 912 2586 perioribns
942 2518 1125 2571 verbis
1151 2521 1497 2589 coniungunt
1525 2560 1539 2584 ,
1571 2522 1740 2591 aliqui
1792 2539 1922 2581 vero
1972 2526 2169 2581 subse-

603 2608 922 2678 quentibus.
952 2608 1197 2663 dicentes
1233 2626 1246 2661 :

673 2700 837 2755 Vens.
888 2702 975 2756 10.
1012 2701 1382 2773 Quadraginta
1413 2706 1565 2759 annis
1589 2706 1827 2775 infensus
1858 2709 1935 2779 fui
1957 2726 2172 2780 genera-

600 2794 731 2847 tioni
763 2794 860 2846 illi.
902 2793 1011 2848 lloc
1048 2807 1152 2860 εει,
1180 2797 1436 2852 inimicus
1459 2797 1507 2852 ei
1547 2814 1695 2852 eram
1728 2807 1891 2868 atque
1916 2801 2172 2869 implaca-

598 2886 743 2949 bilis,
777 2890 845 2940 ob
884 2887 1142 2941 duritiam
1172 2889 1432 2943 nimirum
1468 2890 1675 2956 cordis,
1716 2902 1880 2962 atque
1926 2894 1997 2948 ob
2047 2894 2171 2947 inii-

597 2973 878 3028 delitatem
902 2990 1118 3030 eorum.

674 3065 738 3118 Et
771 3067 883 3119 dixi
912 3081 929 3119 :
957 3067 1168 3135 Semper
1201 3078 1382 3122 errant
1436 3072 1614 3126 corde.
1672 3074 1964 3131 Instabiles
2011 3084 2162 3131 sunt.

597 3156 875 3211 Ceneralio
910 3159 1054 3210 enim
1081 3197 1098 3223 ,
1140 3159 1265 3212 alibi
1296 3160 1510 3229 inquit,
1547 3179 1664 3232 quae
1702 3180 1805 3220 non
1850 3168 2041 3221 direxit
2074 3185 2165 3223 cor

595 3261 768 3297 suum.

670 3337 835 3390 Vsus.
870 3336 955 3393 11.
997 3336 1110 3401 Ipsi
1139 3355 1255 3394 vero
1282 3357 1386 3394 non
1430 3356 1777 3412 cognoverunt
1828 3348 1942 3403 vias
1996 3367 2159 3407 meas.

595 3425 699 3480 Per
721 3428 834 3480 vias
868 3426 980 3491 Dei,
1011 3442 1387 3497 swpenumero
1421 3430 1561 3499 apud
1591 3430 1953 3502 Seripturam,
1975 3437 2159 3491 divina

596 3517 905 3571 invenimus
932 3529 1203 3587 prmcepla
1230 3519 1528 3591 signiﬁcari
1566 3538 1579 3574 :
1611 3536 1678 3575 eo
1706 3525 1849 3592 quod
1877 3525 1981 3580 iter
2002 3528 2161 3583 nobis

593 3616 744 3670 sunt,
784 3622 892 3676 quo
921 3608 1300 3678 perveniamus
1328 3611 1395 3665 ad
1418 3610 1609 3666 Deum.
1633 3613 2007 3686 Cognitionein
2033 3636 2161 3675 vero

593 3698 684 3751 bic
727 3712 832 3751 non
859 3714 976 3751 eam
1006 3698 1160 3762 dicit,
1192 3714 1313 3770 quae
1340 3701 1573 3772 legendo
1608 3717 1853 3772 paratur,
1891 3721 1987 3764 aut
2045 3728 2160 3767 me-

589 3791 837 3853 ditando,
870 3790 963 3845 sed
993 3790 1164 3855 illam,
1225 3808 1346 3863 quas
1381 3810 1479 3865 per
1530 3812 1692 3867 opera
1753 3801 1870 3871 ipsa
1927 3804 2156 3860 demou-

588 3887 815 3933 stratur.

662 3971 1115 4041 Quoniamjuravi
1137 3974 1188 4026 in
1208 3974 1289 4027 ira
1309 3992 1444 4039 mea,
1463 3978 1519 4031 Si
1538 3978 1830 4033 introibant
1856 3984 1906 4035 in
1925 3985 2153 4053 requiem

588 4080 779 4117 meam.
818 4066 1010 4129 Dictio,
1042 4065 1331 4133 Quoniam,
1366 4071 1749 4127 conﬁrmantis
1791 4082 1893 4128 est.
1938 4075 2155 4146 Magna,

590 4156 792 4225 inquit,
833 4173 957 4212 cum
1005 4160 1312 4214 stabilitate
1350 4161 1673 4227 deliberavi,
1702 4180 1826 4220 cum
1870 4169 1980 4223 illis
2012 4171 2155 4225 iras-

586 4265 760 4313 Cerer,
793 4250 942 4318 quod
969 4266 1073 4304 non
1107 4253 1403 4305 introibunl
1436 4253 1487 4307 in
1516 4258 1755 4324 requiem
1791 4272 1987 4312 meam.
2009 4259 2150 4325 Quid

2270 436 2491 486 δύναται
2516 434 2795 500 λέγεσθαι.
2828 431 2983 485 Οὕτω
3008 430 3115 498 γὰρ
3142 430 3273 483 αὐτὸ
3302 433 3395 482 καὶ
3422 429 3632 490 Παῦλος
3663 431 3869 498 ἡρμή-

2270 544 2449 589 νευσε,
2505 525 2802 589 τουτέστιν,
2856 525 2915 577 ὲν
2944 523 3243 592 οἱῳδήποτε
3298 521 3513 590 καιρῷο
3563 521 3701 572 Ἐὰν
3732 520 3869 585 τῆς

2269 617 2477 686 φωνῆς
2529 617 2716 670 αὑτοῦ
2772 616 3097 681 ἀκούσητε,
3128 614 3421 674 καλοῦντος
3447 614 3595 681 ἡμᾶς
3615 612 3703 663 διὰ
3728 612 3867 663 τῶν

2271 708 2432 760 θείων
2486 707 2736 776 Γραφῶν,
2800 706 2895 759 καὶ
2948 706 3183 774 μάλιστα
3240 705 3327 757 διὰ
3354 705 3448 757 τοῦ
3485 704 3866 770 Εὑαγγελὶςυ,

2263 799 2349 868 μὴ
2400 800 2774 867 σκληρύνετε
2837 796 2943 860 τὰς
2984 794 3237 861 καρδίας
3278 794 3465 861 ὑμῶν,
3499 794 3869 862 παρακούονο

2269 907 2379 953 τες,
2415 892 2506 941 καὶ
2535 893 2610 959 μὴ
2643 889 3072 958 παραδεχόμενοι
3120 888 3313 958 αὐτὴν,
3343 888 3423 951 ὡς
3445 889 3513 940 ἐν
3552 887 3627 952 τῷ
3651 904 3869 956 παρα-

2270 975 2584 1043 πικρασμῷ
2622 977 2897 1044 γέγονεν.
3656 970 3661 974 ἢ

2340 1070 2498 1121 Κατὰ
2532 1070 2645 1135 τὴν
2676 1070 2905 1136 ἡμέραν
2936 1068 3040 1121 τοῦ
3070 1067 3402 1136 πειρασμοῦ
3418 1068 3488 1119 ἐν
3514 1066 3587 1133 τῇ
3624 1068 3867 1136 ἐρήμῳ.

2272 1158 2499 1227 Εἴρηται
2528 1162 2587 1211 ὲν
2619 1160 2693 1227 τῷ
2717 1159 2791 1221 οζ¹
2810 1160 3034 1228 ψαλμῷ,
3064 1161 3145 1212 ὅτι
3167 1162 3619 1227 Παρεπίκραναν
3658 1163 3868 1212 αὐτὸν

2272 1250 2294 1267 "
2310 1252 2582 1317 Υψιστον
2627 1250 2696 1302 ἐν
2718 1251 2975 1318 ἀνύδρῳο
3008 1250 3102 1302 καὶ
3140 1250 3540 1317 ἐξεπείρασαν
3564 1250 3671 1303 τὸν
3694 1253 3813 1302 Θεέ
3828 1269 3869 1301 ν

2272 1339 2343 1392 ἐν
2368 1339 2498 1404 ταῖς
2552 1340 2823 1406 καρδίαις
2880 1337 3100 1400 αὐτῶν,
3149 1341 3329 1392 καὶτὰ
3360 1340 3486 1407 ἑξῆς
3508 1340 3867 1403 ἀκολούθως.

2272 1431 2380 1483 Καὶ
2410 1432 2533 1483 τότε
2556 1432 2663 1501 γάρ
2703 1430 3043 1500 ὲσκλήρυναν
3075 1431 3257 1483 αὐτῶν
3289 1433 3387 1493 τάς
3420 1432 3671 1500 καρδίας,
3710 1414 3875 1484 ἀποί

2272 1522 2621 1591 πεμψάμενοι
2688 1522 2782 1590 τὴν
2832 1523 2928 1575 τοῦ
2968 1522 3104 1575 Θεοῦ
3162 1522 3366 1592 φωνὴν,
3416 1522 3481 1591 ἢν
3504 1523 3752 1591 ἥκουσαν
3798 1528 3867 1577 ὲν

2272 1614 2402 1671 Σινᾷ
2426 1656 2439 1678 ,
2476 1613 2571 1665 καὶ
2623 1613 2976 1681 ἐκλαθόμενοι
3005 1614 3103 1675 τὰς
3138 1614 3458 1681 εὐεργεσίας
3500 1614 3699 1680 αὐτοῦ,
3752 1616 3869 1669 καὶ

2202 1672 2243 1726 Β
2272 1706 2701 1773 ἀπιστήσαντες,
2727 1705 2807 1757 ὅτι
2828 1706 3011 1758 πάντα
3034 1704 3280 1757 δύναται.

2339 1792 2421 1851 Οὗ
2473 1795 2803 1864 ἐπείρασαν
2835 1813 2913 1865 με
2942 1799 2997 1849 οι
3022 1796 3274 1863 πατέρες
3300 1794 3488 1864 ἡμῶν.
3517 1789 3594 1850 Ob
3620 1812 3637 1827 ο
3669 1797 3819 1849 ὅπου
3848 1815 3865 1861 ;

2283 1886 2372 1938 'Ev
2404 1889 2469 1956 τῇ
2504 1887 2717 1956 ἐρήμῳ.
2754 1888 2824 1939 Ἢ
2854 1882 2914 1940 οὖ
2946 1886 3278 1957 πειρασμοῦ.
3324 1888 3453 1939 Ἀπὸ
3480 1887 3535 1939 δὲ
3558 1886 3654 1939 τοῦ
3686 1888 3862 1954 ἀγέού

2273 1978 2414 2030 Πνεύ
2424 1995 2593 2047 ματος
2627 1980 2655 2031 ὁ
2678 1980 2855 2046 λόγος.

2308 2212 2313 2217 ,
2353 2154 2753 2226 Ἐδοκίμασάν
2767 2173 2844 2225 με
2870 2154 2970 2209 καί
2994 2150 3159 2209 εἶδον
3186 2156 3259 2209 τὰ
3278 2154 3423 2222 ἔργα
3452 2171 3569 2224 μου
3619 2170 3857 2207 τεσσασ⁸

2266 2248 2534 2316 ράκοντα
2572 2249 2699 2317 ἐτη.
2738 2248 2821 2299 Τὰ
2864 2247 3143 2315 θαυμάσια
3205 2248 3298 2298 καὶ
3343 2245 3441 2308 τάς
3492 2244 3826 2315 εὐεργεσίας

2276 2344 2404 2412 περὶ
2429 2335 2501 2396 ὧν
2530 2342 2784 2408 διέξεισιν
2827 2342 2854 2393 ὁ
2884 2338 3212 2408 οξ¹ψαλμός.
3245 2338 3318 2390 Τὸ
3344 2338 3401 2390 δὲ
3432 2336 3852 2403 τεσσαράκονν

2271 2450 2344 2486 τα
2366 2433 2469 2500 ἔτη
2514 2435 2657 2496 τινὲς
2689 2434 2786 2502 μὲν
2828 2432 2906 2501 τῷ
2928 2430 3157 2499 παρόντι
3183 2430 3352 2499 στίχῳ
3376 2431 3735 2493 συνάπτουσι,
3760 2446 3853 2480 τι·

2272 2523 2360 2587 νὲς
2378 2525 2435 2578 δὲ
2459 2524 2680 2595 ἑφεξῆς,
2709 2522 3176 2593 ἀναγινώσκοντες
3207 2520 3381 2583 οὕτως
3405 2536 3421 2552 ο

2347 2706 2805 2773 Τεσσαράκοντα
2826 2705 2929 2773 ἔτη
2950 2705 3343 2773 προσώχθισα
3366 2703 3439 2773 τῇ
3478 2704 3655 2775 γενεᾷ
3689 2706 3819 2759 ἐκεί
3829 2737 3847 2747 -

2271 2813 2369 2865 νῃ.
2419 2795 2714 2848 Τουτέστιν
2750 2836 2764 2859 ,
2813 2795 3068 2865 ἐπαχθῶς
3120 2795 3277 2864 ἔσχον
3337 2796 3546 2865 αὑτήν
3606 2795 3847 2866 δυσηρε-

2273 2889 2477 2959 uti,qu
2502 2891 2730 2953 ὲκεῖνοις
2764 2888 2853 2942 διά
2876 2889 2974 2957 τὴν
3003 2888 3265 2941 ἀπιστίαν
3288 2888 3382 2941 καὶ
3401 2887 3846 2958 σκληροκαρδίαν

2195 3003 2236 3058 C
2271 2982 2472 3035 αὐτῶν.

2344 3076 2448 3127 Καὶ
2478 3069 2650 3127 εἷπα’
2709 3074 2814 3126 Ἀεὶ
2873 3072 3216 3126 πλανῶνται
3242 3072 3316 3141 τῇ
3372 3072 3605 3139 καρδίᾳ.
3650 3072 3842 3124 Ἀσταο

2266 3164 2445 3218 τοῦσι.
2480 3165 2669 3218 Γενεὰ
2702 3165 2831 3234 γὰρ,
2858 3165 3043 3233 φησιν.
3069 3163 3201 3229 ἣτις
3234 3165 3304 3217 οὐ
3370 3164 3704 3216 κατεύυυνε
3733 3162 3843 3229 τὴν

2270 3255 2524 3322 καρδίαν
2552 3253 2796 3321 ἑαυτῆς.

2335 3343 2513 3397 Αὐτοὶ
2565 3343 2633 3395 δὲ
2672 3344 2784 3396 οὐκ
2836 3342 3114 3412 ἔγνωσαν
3140 3343 3245 3407 τὰς
3275 3341 3455 3404 ὁδούς
3473 3358 3613 3409 μου.
3658 3341 3841 3402 Ὁδοὺς

2273 3434 2535 3494 πολλάκις
2573 3434 2605 3501 ἠ
2662 3434 2853 3503 Γραφὴ
2897 3436 3149 3503 καθάπερ
3200 3434 3291 3484 καὶ
3347 3432 3443 3483 νῦν
3486 3433 3585 3494 τὰς
3622 3432 3840 3492 ἐντολὰς

2269 3525 2548 3595 ὀνομάζει,
2599 3524 2687 3577 διὰ
2717 3526 2777 3577 τὸ
2808 3528 2996 3595 φέρειν
3026 3525 3105 3588 εις
3133 3525 3284 3576 Θεὸν.
3319 3523 3522 3576 Γνῶσιν
3542 3523 3600 3576 δὲ
3638 3522 3838 3585 αὐτῶν,

2268 3620 2332 3671 οὐ
2371 3619 2469 3688 τὴν
2530 3616 2619 3669 διά
2675 3616 2933 3685 γνώσεως
2977 3618 3071 3671 καὶ
3137 3617 3391 3687 μελέτης,
3438 3615 3576 3670 ἀλλά
3622 3615 3726 3686 τὴν
3769 3614 3838 3668 δι’

2263 3708 2546 3778 ἐνεργείας
2577 3708 2671 3761 καὶ
2702 3708 2971 3778 πράξεως.

2352 3978 2445 4057 Ὠξ
2475 3990 2680 4058 ὤμοσα
2724 3989 2795 4042 ἐν
2825 3987 2897 4056 τῇ
2931 3988 3076 4059 ὀργῇ
3101 4007 3243 4058 μου,
3277 3990 3347 4043 Ei
3377 3988 3831 4042 εἰσελεύσονται

2262 4086 2351 4148 εἰς
2400 4083 2514 4151 τὴν
2550 4080 2936 4137 κατάπαυσιν
2984 4099 3125 4149 μου.
3183 4080 3256 4135 Τὸ
3302 4081 3402 4147 Ὧς
3452 4079 3831 4150 βεϐαιωτικόν.

2264 4175 2532 4239 Βεὸαίως,
2592 4178 2783 4243 φησὶν,
2845 4173 3235 4243 ἀπεφηνάμην,
3294 4176 3353 4227 ὲν
3391 4173 3470 4241 τῷ
3513 4171 3834 4242 ὀργισθῆναί

2265 4285 2355 4337 με,
2380 4270 2487 4327 ¹οὐκ
2536 4267 2942 4319 εἰσελεύσονται
2996 4269 3076 4328 είς
3104 4267 3203 4335 τὴν
3234 4266 3579 4321 κατάπαυσίν
3609 4283 3734 4335 μου.
3767 4268 3830 4319 Ti

589 4350 773 4394 autem
811 4340 914 4394 sibi
950 4342 1083 4396 velit
1114 4342 1427 4411 Scriptura,
1461 4359 1585 4398 eum
1612 4346 1804 4414 jurare
1840 4349 2007 4404 Deum
2056 4353 2155 4406 in-

2267 4334 2362 4428 μὲν
2392 4358 2483 4410 οὖν
2533 4360 2681 4409 ἐστιν
2734 4357 2896 4426 ὅρκος
2948 4356 3041 4408 ἐπὶ
3090 4334 3249 4418 Θεοῦ,
3308 4334 3717 4426 εἴρηταιὲνίτῷ
3752 4358 3824 4426 πὴ

589 4430 854 4497 Iroducit,
898 4431 1137 4486 diximus
1170 4432 1223 4484 in
1269 4434 1481 4501 psalmo
1513 4451 1778 4502 Lxxxvill,
1813 4440 1885 4493 ibi
1922 4440 2150 4497 :Juravi

589 4521 758 4574 David
791 4538 936 4575 servo
972 4538 1105 4577 meo.
1143 4521 1217 4576 De
1258 4523 1336 4576 ira
1368 4524 1531 4577 etiam
1568 4527 1661 4579 Dei
1708 4529 1911 4584 dictum
1962 4543 2047 4587 est
2098 4536 2157 4599 in

591 4612 801 4680 psalmo
828 4628 902 4675 τι,
934 4614 1004 4665 ibi
1042 4631 1054 4666 :
1089 4613 1327 4678 Domine,
1352 4630 1414 4669 ne
1436 4616 1489 4668 in
1512 4616 1691 4683 furore
1720 4629 1808 4674 tuo
1837 4638 2029 4691 arguas
2050 4641 2151 4690 me,

589 4716 749 4768 neque
777 4702 828 4753 in
857 4702 941 4754 ira
974 4714 1065 4754 tua
1094 4704 1356 4771 corripias
1385 4720 1482 4758 me.
1510 4705 1692 4761 Multis
1726 4709 1892 4764 etiam
1929 4713 1980 4765 in
2017 4713 2153 4768 locis

582 4798 693 4861 iam
750 4794 1169 4858 declaravimus,
1220 4798 1363 4865 quod
1414 4796 1581 4852 dictio
1618 4801 1663 4853 si
1701 4816 1943 4872 persaepe
2009 4806 2150 4874 apud

586 4882 846 4936 ﬂl-bra‘os
896 4882 1037 4935 idem
1080 4882 1355 4951 signiﬁcat
1398 4886 1543 4953 quod
1581 4903 1704 4940 non.
1745 4888 1845 4941 Per
1907 4891 2149 4957 requiem

586 4988 735 5031 vero.
776 4974 1165 5043 promissionis
1210 4982 1410 5027 terrain
1448 4977 1707 5046 intellige,
1748 4979 1801 5030 in
1829 4994 1935 5048 qua
1974 4979 2154 5033 Israe-

582 5065 770 5119 liticus
805 5065 1040 5135 populus
1084 5078 1210 5135 post
1259 5068 1626 5138 quadraginta
1674 5083 1942 5123 annorum
1997 5087 2151 5141 pcre-

582 5158 950 5226 grinatiouem
1012 5159 1190 5213 lassus
1241 5159 1468 5226 quievit.
1520 5157 1683 5213 Facta
1734 5170 1817 5213 est
1872 5164 2072 5217 etenim
2101 5164 2149 5217 ei

580 5251 799 5317 requies
834 5249 924 5302 illa
958 5263 1128 5318 regio.
1174 5247 1445 5302 Caeterum
1477 5250 1569 5319 qui
1612 5251 1701 5304 Dei
1737 5268 1925 5307 vocem
1979 5255 2153 5307 obau-

580 5342 839 5405 diverint,
890 5344 943 5396 in
1023 5342 1174 5413 regni
1228 5342 1494 5396 cmlorum
1547 5348 1790 5416 requiem
1879 5365 1988 5403 non
2068 5350 2152 5403 in-

578 5435 916 5502 gredientur.

649 5530 692 5561 ”
734 5529 900 5582 llebr.
945 5544 1015 5593 Iv,
1055 5531 1111 5584 7.

2261 4450 2483 4520 ψαλμῷ.
2535 4448 2706 4502 Ἔνθα
2736 4450 2819 4515 τὸ,
2876 4450 3106 4517 Ὠμοσα
3154 4447 3333 4503 Δασίδ
3355 4447 3434 4512 τῷ
3475 4448 3676 4512 δούλῳ
3710 4468 3826 4517 μου

2264 4542 2401 4610 Περὶ
2433 4540 2489 4593 δὲ
2528 4540 2698 4610 ὀργῆς
2724 4540 2885 4592 πάλιν
2918 4538 3309 4609 ἐξηγησάμεθα
3340 4541 3397 4591 ὲν
3421 4539 3497 4607 τῷ
3530 4545 3581 4602 ς’
3605 4540 3824 4607 ψαλμῷ.

2262 4633 2438 4685 Ὅπου
2467 4633 2548 4695 τὸ,
2587 4633 2764 4697 Κύριε
2783 4632 2867 4699 μὴ
2900 4630 3069 4699 θυμῷ
3100 4645 3219 4684 σου
3246 4631 3504 4700 ἐλέγξῃς
3520 4647 3599 4699 με
3619 4670 3635 4693 ,
3673 4633 3826 4699 μηδέ

2260 4724 2335 4793 τῇ
2365 4724 2512 4793 ὀργῇ
2543 4739 2659 4777 σου
2714 4724 3047 4791 παιδεύσῃς
3103 4742 3195 4790 με.
3245 4725 3365 4775 Ὀτι
3392 4723 3447 4776 δὲ
3471 4723 3530 4775 τὸ
3556 4726 3609 4777 ει
3652 4725 3712 4775 τὸ
3751 4727 3821 4777 Οὐ

2260 4815 2517 4885 σημαίνει
2560 4816 2821 4878 πολλάκις
2879 4817 3007 4885 παρ’
3048 4816 3340 4886 Ἐὕραίοις,
3400 4816 3495 4868 καὶ
3543 4817 3603 4867 ὲν
3645 4816 3823 4878 ἄλλοις

2258 4908 2584 4976 εἰρήκαμεν.
2638 4909 2999 4969 Κατάπαυσις
3037 4909 3157 4977 δὲή
3204 4909 3276 4977 γῆ
3326 4909 3427 4975 τῆς
3470 4909 3824 4975 ἐπαγγελίας,

2257 4999 2330 5061 ὼς
2360 4998 2614 5051 παύσασα
2645 5000 2771 5061 τοὺς
2811 4998 3157 5061 εἰσελθόντας
3192 5000 3537 5069 Ἰσραηλίτας
3575 5000 3686 5051 ἀπὸ
3728 5000 3823 5066 τῆς

2248 5090 2307 5141 ἐν
2338 5087 2389 5159 μ’
2425 5090 2570 5141 ἔτεσι
2600 5090 2807 5159 πλάνης
2863 5091 2957 5142 καὶ
2988 5091 3367 5159 μεταϐάσεως.
3398 5091 3492 5143 καὶ
3511 5091 3823 5154 ἀνάπαυσις

2249 5182 2431 5243 αὐτοῖς
2463 5180 2728 5249 γενομένη
2750 5198 2763 5210 ·
2820 5181 3007 5233 λοιπὸν
3038 5180 3131 5234 οὖν
3162 5182 3281 5234 οὐδὲ
3313 5183 3362 5235 oi
3411 5182 3823 5252 παρακούοντες

2251 5274 2350 5340 τῆς
2381 5272 2563 5339 φωνῆς
2594 5271 2690 5324 τοῦ
2721 5271 2856 5324 Θεοῦ
2888 5271 3288 5325 εἰσελεύσονται
3316 5274 3396 5336 είς
3412 5273 3512 5344 τὴν
3544 5276 3823 5329 κατάπαυε

2253 5377 2337 5413 σιν
2365 5364 2463 5431 τῆς
2499 5360 2775 5430 βασιλείας
2807 5363 2916 5415 τῶν
2939 5362 3205 5433 οὐρανῶν.

1903 5626 2101 5688 Vario:
2134 5627 2464 5693 lectiones.

651 5722 723 5783 (7)
760 5721 1023 5778 Rectius:
1071 5723 1161 5777 γει
1190 5724 1250 5778 οὗ
1292 5727 1518 5794 refermr
1550 5724 1618 5779 ad
1648 5728 1961 5797 superiorem
2016 5732 2296 5787 dictionem
2339 5734 2670 5805 πειρασμοῦ,
2705 5734 2799 5790 hoc
2842 5750 2916 5790 est
2968 5752 3070 5805 qua
3119 5738 3403 5791 tentatione
3437 5753 3515 5789 me
3554 5740 3811 5794 tentastis.
