4102 6206
329 326 440 392 969

1492 310 1886 374 COMMENT.
1914 307 1998 368 IN
2037 305 2398 366 PSALMOS.

3475 308 3580 370 970

323 435 502 505 Δῖνος
519 433 678 504 ᾠδῆς
707 435 788 503 τῷ
813 435 1010 500 Δαϐὶδ,
1043 433 1142 486 ὅτε
1170 426 1335 495 οἶκος
1385 425 1727 493 ᾠκοδόμητο
1760 421 1911 490 μετὰ

2032 417 2160 470 Laus
2213 414 2428 481 cantici,
2455 413 2560 484 ipsi
2604 413 2794 481 David,
2835 417 3042 485 quando
3082 433 3269 474 aomus
3308 419 3575 489 wdiﬁcata

828 523 940 591 τὴν
972 521 1411 591 αἰχμαλωσίαν.

898 613 1191 666 ΨΑΛΜΟΣ
1224 613 1339 678 ιιεν.

419 707 816 778 ’Δνεπίγραφος
871 707 964 760 καὶ
1027 701 1180 768 οὗτος
1227 702 1357 772 παρ’
1429 700 1724 771 Ἐὁραίοις.
1754 695 1908 749 Διατί

337 797 508 865 αἶνος
526 797 686 867 ᾠδῆς
723 797 876 868 παρὰ
921 795 1447 866 τῶνῈϐδομήκοντα
1486 791 1910 861 ἐπιγέγραπται,

341 891 664 962 προείρηται
699 891 758 943 ἐν
788 889 864 959 τῷ
895 887 1003 960 πρὸ
1055 888 1247 941 τούτου
1305 884 1528 956 ψαλμῷ.
1560 882 1723 936 υῐκου
1752 880 1808 933 δὲ
1832 879 1912 930 oi-

338 983 577 1052 κοδομὴν
604 981 742 1050 μετὰ
771 982 872 1052 τὴν
905 979 1307 1051 αἰχμαλωσίαν,
1341 977 1466 1030 καθ’
1493 974 1739 1046 ἰστορίαν
1777 970 1900 1043 μὲν,

341 1075 376 1143 ἡ
405 1074 553 1143 παρὰ
585 1071 889 1144 Ζοροϐάϐελ
949 1073 1239 1143 ἁνέγερσις
1286 1069 1380 1123 τοῦ
1409 1069 1466 1120 ἐν
1516 1061 1915 1138 Ἰεροσολύμοις

343 1165 496 1220 ναοῦ.
528 1166 684 1218 Κατὰ
711 1165 767 1217 δὲ
818 1164 1132 1235 ἀναγωγὴν,
1175 1165 1210 1234 ἡ
1245 1158 1563 1231 κατασκευὴ
1597 1157 1691 1210 τοῦ
1748 1170 1917 1226 προσ-

342 1257 650 1326 λήμματος,
685 1255 746 1308 ἒν
844 1255 1060 1326 ᾤκησεν
1081 1258 1110 1308 ό
1139 1254 1267 1317 Υἰὸς
1339 1251 1433 1308 καὶ
1476 1251 1630 1316 Θεὸς,
1663 1247 1798 1320 μετὰ
1817 1244 1917 1316 τὴν

343 1346 746 1416 αἰχμαλωσίαν,
769 1347 835 1416 ἣν
857 1345 1280 1417 ᾐχμαλώτευσεν
1307 1347 1334 1399 ό
1367 1342 1614 1406 διάϐολος
1635 1356 1649 1370 ⁸
1687 1339 1819 1410 περὶ
1847 1332 1917 1408 ἦς

339 1438 577 1507 εἴρηται·
595 1437 834 1506 Ἀνέϐης
872 1441 958 1505 εἰς
987 1440 1166 1507 ὕψος,
1190 1435 1668 1507 ᾐχμαλώτευσας
1692 1429 1903 1501 abuta-

343 1528 589 1581 λωσίαν
613 1545 628 1559 °
663 1529 695 1599 ἢ
723 1529 985 1591 σύστασις
1034 1528 1134 1598 τῆς
1193 1526 1544 1596 Ἐκκλησίας,
1575 1526 1650 1594 ,ἦν
1680 1523 1708 1574 ὁ
1741 1519 1918 1590 μέγας

341 1621 436 1673 καὶ
455 1621 618 1688 σοφὸς
648 1622 988 1693 ἀρχιτέκτων
1017 1621 1359 1692 ᾠκοδόμησε.
1396 1619 1585 1672 Πάντα
1619 1611 1920 1686 γὰρῗταυτὶ

339 1713 578 1782 προϊδὼν
595 1715 622 1766 ὁ
646 1713 811 1767 Δαϐὶδ
827 1713 975 1785 ᾄδειν
995 1712 1365 1782 προτρέπεται
1388 1708 1744 1780 χαριστήρια.

2485 517 2564 562 est
2588 517 2705 577 post
2737 510 3114 578 captivitatem.

2547 598 2870 655 PSALMUS
2907 600 3068 656 XCV.

2087 693 2247 749 Caret
2277 694 2442 748 etiam
2477 693 2569 748 hic
2607 695 2855 764 psalmus
2897 694 3258 764 inscriptione
3302 699 3443 768 apud
3477 701 3584 756 He-

2018 786 2218 842 braeos.
2252 785 2436 852 Quare
2464 793 2646 840 autem
2673 803 2703 840 a
2726 785 2868 840 LXX
2887 787 3185 858 inscriptus
3225 789 3412 853 fuerit,
3439 790 3583 845 Laus

2018 877 2230 942 cantici,
2274 875 2328 928 in
2381 873 2652 945 superiori
2709 874 2919 944 psalmo
2963 876 3313 930 tradidimus.
3360 876 3429 931 Et
3491 894 3587 946 per

2021 968 2437 1023 aediﬁcationem
2465 966 2678 1031 domus,
2704 979 2824 1034 quae
2857 965 2999 1020 facta
3031 976 3116 1021 est
3143 974 3272 1036 post
3293 967 3589 1036 captivita-

2022 1070 2155 1126 tem,
2193 1060 2348 1131 juxta
2407 1057 2716 1124 historiam,
2753 1055 2943 1127 templi
2976 1059 3395 1114 renovationem
3427 1059 3590 1113 intel-

2021 1151 2267 1222 ligimus,
2308 1165 2431 1220 quae
2481 1149 2624 1205 facta
2682 1158 2766 1204 est
2801 1164 2830 1202 a
2872 1165 3000 1220 rege
3049 1150 3372 1208 Zorobabel.
3425 1152 3590 1206 Juxta

2023 1256 2324 1312 anagogem
2347 1255 2478 1294 vero
2495 1249 2787 1311 assumpta:
2809 1241 3165 1298 humanitatis
3189 1245 3588 1311 habitaculum,

2020 1335 2077 1389 in
2110 1347 2221 1404 quo
2247 1331 2342 1387 Dei
2374 1328 2548 1385 Filius
2570 1340 2691 1399 post
2725 1331 3098 1400 captivitatem
3126 1333 3274 1387 illam
3307 1334 3590 1399 habitavit,

2021 1441 2128 1496 qua
2174 1422 2426 1478 diabolus
2473 1422 2748 1478 hominem
2801 1422 2932 1477 olim
2984 1425 3374 1494 captivaverat,
3423 1434 3477 1481 et
3520 1426 3589 1481 de

2023 1532 2129 1588 qua
2153 1515 2278 1570 alibi
2306 1513 2508 1568 dictum
2533 1523 2620 1569 est
2649 1531 2664 1568 :
2695 1514 2995 1570 Ascendisti
3025 1519 3079 1571 in
3103 1519 3294 1585 altum,
3313 1524 3593 1589 captivasti

2023 1605 2387 1674 captivitatem
2406 1603 2473 1656 ".
2505 1601 2604 1659 Vel
2637 1604 2812 1673 ipsam
2849 1605 3015 1660 etiam
3068 1607 3332 1664 Ecclesiae
3381 1612 3593 1666 consti-

2027 1698 2322 1759 tutionem,
2379 1709 2544 1764 quam
2599 1710 2833 1766 magnus
2870 1711 2936 1752 ac
2967 1698 3189 1768 sapiens
3228 1700 3318 1755 ille
3344 1701 3597 1756 Archite-

341 1819 470 1865 ctus
516 1809 828 1864 aedificavit.
873 1811 1008 1864 Cum
1042 1809 1184 1864 cuitu
1231 1809 1348 1864 hate
1378 1806 1562 1863 omnia
1610 1803 1798 1858 futura
1835 1812 1958 1855 esse
1998 1795 2341 1867 praevidisset
2397 1793 2592 1849 beatus
2630 1792 2823 1862 David,
2860 1795 3201 1864 exhortatur,
3239 1811 3302 1851 ac
3353 1798 3597 1866 mandat,

343 1911 403 1960 ut
425 1902 729 1972 condignas
761 1917 860 1972 pro
902 1902 1069 1958 tantis
1098 1899 1380 1956 beneﬁciis
1407 1894 1709 1970 gratiarum
1741 1893 1989 1948 actiOnes
2025 1901 2289 1944 canamus
2321 1883 2460 1939 Deo.

415 1994 640 2063 ’ᾼσατε
670 1991 749 2058 τῷ
780 1993 979 2061 ΚυρΙῳ
1007 1988 1172 2064 ᾆσμα
1207 1994 1443 2046 καινόν.
1472 1990 1538 2042 Ti
1570 1990 1719 2043 ἐστιν
1763 1982 1920 2060 ᾆσμα

2094 1977 2264 2032 Vens.
2306 1977 2360 2029 i.
2389 1974 2616 2029 Cantate
2643 1974 2872 2030 Domino
2907 1977 3172 2031 canticum
3211 1995 3420 2034 norum.
3457 1981 3599 2048 Quid

337 2082 526 2143 ’καινὸν
548 2088 856 2158 εἰρήκαμεν
889 2085 966 2156 τῷ
1000 2083 1079 2156 λβ⁸
1103 2085 1326 2156 ψαλμῷ.
1361 2083 1532 2138 Ἔνθα
1583 2080 1666 2146 τδ,
1706 2081 1924 2149 ’ᾼσατε

342 2177 504 2244 αὐτῷ
558 2172 724 2247 ᾆσμα
772 2177 984 2231 καινόν
1016 2215 1032 2241 ,
1087 2177 1175 2247 εἴη
1206 2176 1250 2230 δ’
1275 2177 1341 2229 ἂν
1372 2173 1525 2247 ᾆσμα
1581 2170 1792 2238 καινὸν,
1831 2168 1925 2223 καὶ

343 2273 479 2341 ὅπερ
497 2266 636 2341 ᾖσαν
661 2270 712 2321 οἰ
739 2269 962 2337 ἄγγελοι
988 2268 1345 2339 γεννηθέντος
1398 2266 1493 2320 τοῦ
1525 2259 1763 2336 Χριστοῦ
1797 2276 1812 2290 °
1841 2261 1922 2326 τὸ,

343 2362 498 2426 Δόξα
523 2361 592 2413 ἐν
618 2360 902 2429 ὑψίστοις
933 2359 1076 2426 Θεῷ,
1105 2359 1289 2413 καὶτὰ
1314 2358 1460 2429 ἑξῆς.

425 2538 646 2609 ᾊσατε
668 2537 749 2604 τῷ
781 2539 973 2608 Κυρίῳ
993 2578 1008 2606 ,
1037 2537 1204 2595 πᾶσα
1221 2537 1259 2605 ἠ
1288 2536 1384 2607 γῆ.
1405 2533 1548 2590 Ἦκε
1568 2537 1675 2607 γὰρ
1710 2535 1928 2590 ἐλευθε-

352 2630 543 2702 ρὼσων
570 2631 752 2684 πᾶσαν
772 2629 872 2701 τὴν
915 2631 1020 2700 γῆν
1084 2631 1192 2684 ἀπὸ
1257 2629 1360 2699 τῆς
1424 2627 1928 2700 αἰχμαλωσίαςτοῦ

350 2722 624 2774 διαϐόλου.
655 2721 825 2775 Τοῦτο
851 2722 908 2774 δὲ
950 2725 1017 2794 τῇ
1065 2721 1186 2775 κατ’
1249 2721 1492 2792 ἱστορίαν
1535 2721 1795 2790 οἰκοδομῇ
1833 2719 1928 2772 τοῦ

353 2813 485 2868 ναοῦ
543 2815 662 2879 πῶς
691 2816 757 2868 ἂν
803 2814 1054 2886 ἁρμόσῃ,
1116 2814 1286 2886 μηδὲν
1324 2813 1558 2868 ἐνταῦθα
1599 2811 1708 2866 τῶν
1748 2813 1927 2867 ἄλλων

350 2905 521 2962 ὲθνῶν
547 2906 938 2976 ὠφελουμένων
957 2923 972 2973 ;

2027 2072 2097 2128 sit
2128 2085 2328 2125 novum
2359 2067 2656 2135 canticum,
2707 2068 2948 2125 diximus
2977 2069 3033 2124 in
3063 2072 3278 2140 psalmo
3301 2089 3432 2127 XLII.
3469 2073 3546 2129 lbi
3583 2095 3598 2130 :

2029 2161 2258 2216 Contate
2281 2160 2328 2212 ei
2357 2159 2620 2211 canticum
2651 2174 2862 2212 novum.
2893 2158 2962 2213 Et
2987 2174 3120 2215 sane
3153 2161 3457 2231 intelligere
3472 2179 3601 2236 pos-

2029 2267 2243 2318 sumus,
2289 2251 2423 2306 illud
2453 2265 2574 2306 esse
2605 2265 2804 2305 novum
2833 2251 3137 2316 canticum,
3166 2254 3310 2324 quod
3337 2265 3463 2310 nato
3490 2257 3601 2311 Do-

2031 2345 2182 2398 mino
2236 2343 2412 2415 angeli
2467 2343 2818 2413 vigilantibus
2877 2344 3198 2413 pastoribus
3233 2348 3597 2403 cecinerunt:

2033 2435 2219 2491 Gloria
2255 2439 2310 2490 in
2342 2437 2622 2490 altissimis
2656 2433 2766 2489 Deo
2786 2435 2853 2500 ⁹¹,
2885 2443 2996 2490 etc.

2101 2527 2330 2581 Cantate
2360 2525 2609 2591 Domino,
2639 2526 2810 2579 omnis
2847 2535 3010 2580 terra.
3049 2526 3209 2582 Venit
3246 2529 3604 2589 etenimlibe-

2031 2628 2258 2674 raturus
2308 2634 2526 2674 omnem
2576 2628 2778 2672 terram
2835 2632 2865 2672 a
2900 2617 3210 2674 daemonum
3261 2622 3600 2691 captivitate.

2032 2709 2159 2767 Haec
2186 2719 2368 2766 autem
2399 2710 2566 2766 verba
2601 2724 2712 2780 quo
2749 2719 2912 2779 pacto
2937 2710 3093 2780 juxta
3120 2711 3409 2767 historiam
3432 2714 3604 2769 aediﬁ-

2033 2799 2236 2853 cationi
2271 2799 2457 2869 templi
2510 2799 2724 2868 possint
2763 2800 3195 2865 accommodari,
3226 2817 3458 2871 prorsus
3491 2820 3602 2861 non

2035 2888 2214 2952 video.
2258 2903 2379 2942 curn
2434 2889 2554 2942 alia;
2591 2899 2800 2958 gentes,
2835 2898 3029 2958 praeter
3055 2890 3369 2946 Judaorum
3407 2909 3604 2963 genus,

2034 2994 2102 3034 ex
2152 2979 2537 3049 hujuscemodi
2586 2979 2950 3037 aedificatione
2995 2983 3224 3039 omnino
3264 2984 3402 3040 nihil
3440 2986 3604 3055 juva-

2036 3078 2254 3127 rentur.

428 3170 640 3242 ’ᾼσατε
656 3169 736 3236 τῷ
758 3171 977 3241 Κυρίῳ,
1008 3171 1390 3243 enioy-ﬁrmes
1413 3172 1480 3226 τὸ
1501 3172 1690 3242 ὄνομα
1716 3173 1923 3228 αὑτοῦ.

2110 3159 2280 3218 Vens.
2312 3163 2367 3217 2.
2391 3162 2617 3218 Cantate
2654 3161 2903 3230 Domino,
2939 3167 3220 3223 bonedicite
3241 3171 3445 3225 nomini
3467 3171 3604 3242 ejus.

355 3262 727 3334 Εὐφημήσατε
758 3263 820 3316 τὸ
855 3263 1027 3334 ὄνομα
1050 3264 1240 3330 αὑτοῦ,
1276 3264 1358 3316 ὅτι
1389 3265 1681 3336 σωτήριονο
1719 3263 1923 3335 Ἰησοῦς

2041 3251 2286 3308 Laudate
2313 3269 2511 3309 nomen
2543 3255 2684 3324 ejus,
2714 3257 2974 3325 quoniam
3019 3258 3264 3313 salutare
3308 3269 3412 3317 est.
3441 3260 3609 3322 Jesus

358 3326 467 3427 γὰρ
485 3326 738 3426 iusqu
758 3373 772 3387 ·
797 3356 831 3427 ἢ
861 3326 1386 3427 ὅτι-παντοδύναμον
1423 3359 1487 3409 ἐκ
1523 3326 1923 3421 ’πίστεωςόνολ

2039 3346 2241 3400 etenim
2291 3346 2690 3417 interpretatur
2741 3345 3016 3403 Salvator.
3058 3347 3155 3403 Vel
3191 3351 3322 3420 quia
3352 3355 3608 3424 omnipo-

361 3445 688 3515 μαζόμενον.
735 3445 872 3517 Τρὶς
898 3445 954 3500 δὲ
978 3446 1039 3499 τὸ
1086 3446 1237 3510 αὐτὸ,
1266 3447 1437 3518 ἤγουν
1469 3446 1549 3512 τὸ,
1603 3448 1827 3518 ’ᾼσαῑε
1847 3447 1923 3515 τῷ

2042 3445 2174 3493 tens
2199 3447 2284 3494 est
2323 3439 2474 3494 illius
2504 3453 2727 3504 nomen,
2771 3441 2816 3496 si
2859 3456 2983 3495 cum
3020 3441 3125 3496 ﬁde
3162 3443 3500 3500 nominetur.
3547 3447 3612 3502 Et

361 3535 557 3604 Κυρίῳ
581 3551 596 3566 ο
627 3537 710 3593 ὅτι
741 3535 832 3591 καὶ
861 3537 1008 3609 τρισὶ
1035 3538 1350 3610 προσώποις
1372 3538 1564 3610 ηαύτὴ
1590 3539 1800 3612 θεότης,
1836 3542 1923 3595 καὶ

2040 3530 2334 3585 considera
2364 3530 2644 3600 quomodo
2691 3543 2776 3585 ter
2806 3532 3010 3586 dixerit
3041 3551 3057 3586 :
3094 3533 3320 3590 Cantate
3363 3537 3610 3605 Domino,

361 3627 396 3697 ἡ
427 3627 566 3700 αὐτὴ
604 3631 810 3702 πρέπει
834 3630 1061 3700 λατρεία
1086 3634 1152 3702 τῇ
1177 3632 1307 3702 ἁγίᾳ
1328 3634 1544 3703 Τριάδι.

431 3892 899 3964 Εὐαγγελίζεσθε
926 3895 1154 3963 ἡμέραν
1189 3895 1258 3961 ἐξ
1289 3897 1512 3967 ἡμέρας
1541 3896 1605 3950 τὸ
1632 3897 1931 3966 σωτήριον

361 3983 568 4038 αὐτοῦ.
615 3986 970 4055 Διαγγέλλετε
1017 3988 1105 4041 ἀεὶ
1133 3988 1197 4041 τὸ
1227 3989 1496 4059 σωτήριον
1523 3991 1790 4060 κήρυγμα
1834 3989 1932 4042 τοῦ

363 4075 720 4145 Εὖαγγελίου·
763 4079 902 4148 πρὸς
928 4079 1054 4142 τοὺς
1091 4080 1426 4144 ἀποστόλους
1467 4080 1524 4134 δὲ
1559 4083 1653 4134 καὶ
1675 4081 1933 4146 λτοὺςτῶν

361 4168 678 4223 ἀποστόλων
705 4169 982 4240 διαδόχους
1005 4173 1033 4225 ὁ
1062 4172 1218 4240 λόγος
1244 4187 1258 4203 ο
1297 4172 1531 4244 ζήτησον
1560 4173 1617 4227 δὲ
1647 4174 1744 4227 καὶ
1761 4174 1819 4226 ὲν
1851 4173 1932 4243 τῷ

363 4256 441 4311 λθ¹
471 4258 675 4330 ψαλμῷ
725 4261 826 4332 τὴν
857 4260 1115 4331 ἐξήγησιν
1149 4262 1265 4330 τοῦ,
1310 4263 1430 4332 Τὴν
1469 4263 1762 4334 ἀλήθειάν
1812 4281 1930 4319 σου

363 4350 461 4404 καί
485 4351 552 4404 τὸ
581 4353 878 4420 σωτήριόν
907 4369 1023 4408 σου
1062 4350 1219 4409 εἶπα.

447 4441 860 4512 Ἇναγγείλατε
917 4444 986 4497 ἐν
1017 4444 1142 4510 τοῖς
1195 4445 1398 4500 ἔθνεσι
1463 4446 1578 4516 τὴν
1607 4447 1795 4513 δόξαν
1823 4451 1931 4502 αὐ-

361 4532 490 4586 τοῦ.
544 4535 656 4604 Τὴν
709 4535 1144 4605 ὲνανθρὼπησιν,
1195 4537 1286 4590 καὶ
1326 4537 1395 4591 τά
1435 4538 1503 4591 δι’
1551 4541 1702 4608 ἡμᾶς
1754 4540 1927 4605 πάθη.

365 4625 503 4689 Δόξα
538 4627 648 4698 γὰρ
668 4627 743 4696 τῷ
776 4627 1023 4700 Δεσπότῃ
1054 4628 1113 4680 τὸ
1144 4629 1339 4681 παθεῖν
1366 4629 1508 4700 ὑπὲρ
1539 4631 1639 4700 τῆς
1669 4633 1779 4684 τῶν
1811 4632 1932 4683 δού-

363 4717 472 4771 λων
503 4720 795 4790 σωτηρίας.

452 4896 551 4950 Ἐν
587 4895 738 4951 πᾶσι
793 4897 917 4964 τοῖς
966 4899 1138 4965 λαοῖς
1168 4900 1238 4954 τὰ
1265 4900 1568 4968 θαυμάσια
1616 4900 1824 4954 αὑτοῦ.
1859 4901 1942 4952 Τά

372 4987 654 5056 Θαυμάσιά
673 4989 830 5058 ἔργα,
856 4988 890 5042 ἃ
911 4990 1137 5060 ἐποίησε
1201 4993 1786 5063 συναναστρεφόμενος
1825 4996 1937 5057 τοῖς

372 5077 700 5151 ἀνθρώποις.

443 5172 568 5226 Ὀτι
596 5171 783 5241 μέγας
812 5173 1027 5239 Κύριος
1054 5172 1148 5225 καί
1178 5173 1416 5239 αἰνετός
1455 5174 1714 5242 σφόδρα.
1748 5176 1942 5244 Μέγας

376 5261 595 5334 μὲν,ὡς
661 5263 1093 5336 παντοδύναμος”
1120 5265 1334 5328 αἰνετὸς
1397 5265 1477 5334 δὲ,
1529 5266 1604 5330 ὡς
1637 5267 1944 5340 φιλάνθρω-

373 5371 497 5416 πος.

447 5446 697 5515 Φοεερός
724 5448 896 5502 ἐστιν
919 5445 1069 5514 ὑπὲρ
1098 5447 1327 5514 πάντας
1354 5449 1494 5516 τοὺς
1538 5451 1732 5517 θεούς.
1775 5444 1948 5515 Οὗτος

375 5535 480 5606 μὶν
506 5538 615 5609 γὰρ
663 5541 722 5592 ὲν
751 5540 830 5610 τῷ
871 5542 1124 5611 ’παρόντι
1172 5541 1333 5597 αἰῶνι
1382 5542 1606 5598 δύναται
1667 5544 1941 5610 κολάζειν,

450 5715 496 5749 ’⁸
523 5713 671 5771 Psal.
695 5731 868 5783 vau,
904 5718 989 5774 l9.
1065 5720 1106 5752 "
1133 5719 1270 5776 Luc.
1296 5739 1354 5787 ιι,
1383 5723 1471 5779 Η.

712 5814 982 5876 Ριτιιοι..
1020 5817 1136 5880 Gn.
1170 5817 1488 5881 CXXVIII.

2037 3623 2167 3693 quia
2194 3621 2452 3677 nimirum
2479 3623 2656 3677 tribus
2692 3623 2893 3678 divinis
2914 3624 3165 3694 personis
3191 3628 3380 3681 eadem
3413 3641 3497 3684 est
3526 3631 3610 3686 dio

2038 3716 2271 3768 vinitas:
2329 3711 2480 3768 unde
2535 3713 2677 3767 idem
2724 3714 2926 3769 merito
2967 3715 3151 3769 cultus
3193 3715 3297 3783 ipsi
3353 3722 3607 3786 praestari

2040 3806 2202 3860 debet
2229 3804 2508 3860 Trinitati.

2116 3897 2495 3968 Euangelizate
2535 3896 2600 3954 de
2634 3897 2718 3952 die
2758 3899 2813 3951 in
2851 3898 2988 3952 diem
3021 3899 3260 3956 salutare
3285 3903 3421 3971 ejus.
3450 3902 3608 3959 Salu-

2043 3998 2241 4051 tarem,
2291 3989 2489 4059 inquit,
2549 3988 2827 4060 Evangelii
2894 3990 3335 4059 praedicationem
3393 4010 3612 4066 semper

2048 4078 2400 4134 annuntiate.
2437 4080 2704 4150 Loquitur
2747 4087 2930 4136 autem
2985 4079 3051 4135 ad
3099 4082 3402 4152 apostolos,
3430 4093 3486 4140 et
3537 4086 3609 4141 ad

2040 4171 2260 4226 illorum
2287 4185 2660 4227 successores.
2692 4170 2829 4226 Vide
2875 4187 2998 4243 qua:
3035 4174 3182 4229 dicta
3216 4184 3348 4230 sunt
3377 4175 3430 4229 in
3454 4177 3607 4246 psal-

2041 4280 2130 4319 mo
2161 4280 2350 4330 sxxtx,
2385 4264 2442 4319 in
2495 4265 2842 4335 expositione
2871 4266 3021 4321 illius
3052 4267 3311 4323 versiculi
3341 4284 3357 4322 :
3394 4269 3606 4325 Verita-

2042 4366 2144 4410 tem
2172 4365 2342 4420 tuam.
2369 4366 2420 4411 et
2442 4357 2682 4412 salutare
2713 4367 2860 4411 tuum
2889 4358 3024 4414 dixi.

2120 4447 2282 4504 Vsus.
2323 4448 2376 4503 5.
2439 4449 2770 4503 Annuntiate
2810 4449 2947 4503 inter
2977 4459 3155 4520 gentes
3200 4452 3426 4521 gloriam
3466 4454 3604 4521 ejus.

2047 4538 2488 4593 lncarnationem
2521 4541 2805 4604 nimirum,
2835 4548 2887 4594 et
2914 4543 3201 4610 passiones
3235 4557 3448 4609 omnes,
3469 4561 3608 4615 quas

2041 4628 2111 4683 ob
2141 4629 2372 4684 salutem
2397 4638 2644 4685 nostram
2677 4632 2958 4687 sustinuit.
2997 4631 3124 4687 Fuit
3152 4634 3354 4703 quippe
3380 4635 3458 4689 illi
3488 4638 3603 4707 glo-

2045 4720 2149 4785 ria,
2186 4730 2247 4774 ut
2278 4735 2381 4790 pro
2419 4736 2700 4777 servorum
2736 4737 2960 4778 suorum
3007 4725 3383 4795 redemptione
3444 4737 3611 4799 atque

2047 4813 2232 4869 salute
2261 4824 2411 4868 tanta
2447 4816 2524 4868 sit
2547 4830 2767 4884 passus.

2117 4902 2185 4956 In
2215 4907 2455 4960 omnibus
2481 4906 2686 4973 populis
2715 4908 2988 4963 mirabilia
3015 4909 3150 4978 ejus.
3209 4910 3478 4967 Mirabilia
3523 4914 3614 4968 ni-

2050 4994 2251 5050 mirum
2293 5010 2457 5065 opera
2485 5036 2499 5061 ,
2544 5013 2666 5066 qua:
2701 4996 2831 5053 fecit
2861 5014 2987 5053 cum
3018 5001 3162 5055 inter
3205 5001 3452 5058 homines
3494 5019 3616 5059 ver-

2045 5098 2280 5142 saretur.

2119 5178 2285 5235 Vens.
2311 5181 2364 5236 4.
2392 5181 2657 5246 Quoniam
2687 5200 2906 5253 magnus
2943 5183 3221 5247 Dominus,
3257 5197 3305 5239 et
3325 5188 3614 5246 laudabilis

2044 5271 2215 5326 valde.
2255 5273 2486 5344 Magnus
2534 5275 2757 5344 quidem
2793 5284 2851 5329 ut
2900 5275 3272 5346 omnipotens,
3318 5279 3612 5339 laudabilis

2048 5377 2178 5417 vero
2211 5373 2269 5418 ut
2303 5367 2638 5423 misericors.

2121 5455 2407 5512 Timcmlus
2436 5468 2515 5512 est
2556 5476 2711 5529 super
2741 5477 2918 5516 omnes
2950 5463 3093 5519 deos.
3122 5463 3258 5520 Nam
3290 5471 3345 5520 et
3387 5463 3440 5518 in
3478 5480 3617 5536 prae-

2058 5547 2204 5601 senti
2241 5550 2444 5603 saeculo
2477 5552 2669 5621 punire
2703 5562 2881 5623 potest
2912 5566 2966 5611 et
3002 5557 3056 5611 in
3084 5555 3271 5614 futuro
3302 5575 3316 5613 :
3350 5571 3452 5615 nec
3490 5571 3615 5614 cor-

3117 5827 3189 5892 31
