4102 6206
367 293 479 358 973
1558 287 1921 348 COMMENT
1963 287 2044 347 IN
2074 287 2437 348 PSALMOS.
3512 287 3626 350 97s

367 425 513 472 ται,
572 405 629 460 αἱ
679 404 872 476 ἀρεταί
903 421 916 434 ·
945 388 948 392 ’
979 402 1139 458 αὐλαὶ
1200 402 1255 455 δὲ
1306 400 1471 455 αὐτοῦ
1511 396 1636 466 νῦν,
1692 403 1746 455 αἱ
1803 401 1936 455 κατέ

2053 402 2222 463 modi,
2263 403 2498 456 virtutes
2535 407 2701 468 sunt;
2743 400 2878 456 aula:
2936 414 3066 456 vero
3111 401 3255 470 ejus,
3304 399 3468 456 variae
3521 417 3621 473 per

367 497 570 558 τόπους
607 495 920 563 ἐκκλησίαι.

2045 495 2233 547 orbem
2269 493 2538 548 ecclesia.

350 660 354 662 _
431 588 918 657 ’Προσκυνήσατε
943 585 1024 651 τῷ
1063 588 1260 654 Κυρίῳ
1291 585 1359 638 ἐν
1385 583 1544 652 αὐ.ιῇ
1575 584 1710 653 ἁγίᾳ
1734 581 1936 636 αὐτοῦ.

2116 585 2352 639 Adcurate
2383 584 2669 638 Dominum
2719 586 2773 638 in
2811 585 2940 638 aula
2967 596 3152 638 sancta
3183 585 3318 654 ejus.
3365 585 3464 642 ilic
3500 599 3620 643 ver-

381 677 733 751 Ἥρμηνεύθη
784 679 879 730 καὶ
931 672 1088 741 οὗτος
1169 679 1198 728 ὁ
1273 676 1455 745 στίχος
1511 677 1570 726 ἐν
1616 673 1810 742 ἐκείνῳ
1868 671 1936 739 τᾷ

2047 676 2255 732 siculus
2321 677 2602 745 expositus
2652 678 2815 731 etiam
2857 692 2886 730 a
2929 679 3086 732 nobis
3157 677 3260 732 fuit
3314 678 3366 731 in
3427 677 3618 732 eodem

368 770 600 841 ψαλμῷ.
635 771 881 840 Πρόσχες
920 769 998 832 δὲ,
1049 768 1168 831 πῶς
1207 767 1378 820 εἰπὼν
1413 766 1604 830 αὐλὰς,
1629 760 1751 816 εἷπε
1784 762 1936 815 πάλιν

2048 767 2258 836 psalmo
2293 782 2482 822 xxvrn.
2513 767 2650 821 Illud
2684 778 2866 821 autem
2895 758 3438 823 animadvertendum
3467 768 3624 822 duci-

370 860 560 929 αύλὴν.
609 860 897 922 διδάσκων,
949 859 1030 911 ὅτι
1076 858 1269 910 πολλαὶ
1307 857 1422 927 μέν
1454 858 1562 908 εισι
1591 854 1670 924 τῷ
1699 851 1936 924 ἀριθμῷ,

2052 874 2196 923 mus,
2249 859 2392 927 quod
2452 875 2575 913 cum
2628 860 2886 928 superius
2934 861 3132 931 plurali
3183 874 3416 917 numero
3465 860 3620 913 aulas

373 952 474 1020 μία
530 951 588 1004 δὲ
621 954 685 1022 τῇ
722 952 930 1006 πίστει.
966 951 1263 1021 Διῄρηνται
1314 948 1410 1019 μὲν
1439 947 1550 1018 γὰρ
1575 949 1689 1010 τοῖς
1716 946 1901 1007 τόποις
1925 962 1936 977 ·

2051 949 2267 1014 dixerit,
2305 965 2453 1010 nunc
2494 952 2758 1022 singulari
2796 967 3051 1007 sermone
3079 967 3273 1006 rursus
3311 953 3491 1014 aulam
3520 967 3622 1006 no-

366 1044 606 1113 ἥνωνται
640 1043 694 1096 δὲ
756 1047 821 1113 τῇ
847 1042 1122 1114 ὁμοδοξία.

2053 1041 2318 1096 minavit:
2352 1042 2555 1099 docens
2591 1043 3030 1113 nimirum.quod
3067 1045 3250 1098 multae
3281 1033 3497 1112 quidem
3519 1043 3624 1097 nu-

371 1151 524 1189 mero
573 1135 820 1189 ecclesiae
858 1144 1003 1200 sunt,
1053 1135 1158 1189 ﬁde
1203 1148 1330 1187 vero
1370 1147 1475 1186 una
1519 1139 1606 1186 est
1659 1129 1909 1185 omnium
1951 1141 2124 1188 mater
2156 1134 2420 1189 Ecclesia.
2465 1134 2662 1192 Divisae
2732 1135 3002 1206 siquidem
3065 1145 3194 1190 sunt
3275 1134 3434 1200 locis,
3504 1148 3626 1203 qua:

368 1230 676 1296 conjunctae
705 1237 832 1281 sunt
860 1230 1071 1282 unitate
1109 1225 1400 1296 opinionis.
1903 1281 1905 1284 γ

437 1317 800 1384 Σαλευϋήτω
841 1317 960 1370 ἀπὸ
1004 1315 1332 1386 προσώπου
1369 1317 1556 1370 αὐτοῦ
1586 1314 1754 1371 πᾶσα
1782 1317 1821 1383 ἡ
1848 1315 1936 1384 γῆ.

2126 1313 2285 1370 Vens.
2320 1312 2796 1368 9.Commoveatur
2821 1330 2852 1366 a
2874 1315 3014 1381 facie
3044 1313 3159 1382 ejus
3185 1313 3429 1366 universa
3453 1321 3620 1366 terra-

365 1410 442 1479 Τῇ
466 1410 761 1479 ἐπιφανείᾳ
788 1408 974 1474 αὐτοῦ,
1005 1409 1424 1479 μετακινηθήτω
1452 1410 1561 1460 ἀπὸ
1608 1410 1709 1478 τῆς
1737 1407 1936 1476 πλάνης

2048 1406 2220 1469 Illius,
2255 1406 2456 1475 inquit,
2486 1404 2748 1467 adventu,
2781 1406 3074 1460 universus
3129 1405 3283 1459 orbis
3326 1405 3394 1458 ab
3423 1419 3615 1458 errore

363 1501 456 1552 ἐπὶ
487 1502 586 1570 τὴν
611 1500 873 1572 ἀλήθειαν
894 1516 908 1531 ⁸
938 1501 1161 1569 σεισμὸν
1192 1505 1302 1568 γάρ
1331 1501 1490 1553 τοῦτο
1533 1501 1628 1552 καὶ
1659 1500 1936 1568 προφήτης

2048 1497 2116 1552 ad
2145 1499 2428 1554 veritatem
2479 1506 2904 1552 commoveatur.
2963 1494 3120 1550 Unde
3171 1495 3312 1550 alius
3355 1495 3618 1564 propheta

361 1590 549 1659 ἔτερος
573 1591 854 1644 ἐκάλεσεν.
887 1591 1044 1644 Εἴποι
1077 1591 1122 1643 δ’
1149 1591 1215 1645 ἄν
1235 1609 1341 1654 τις,
1373 1591 1470 1643 καὶ
1498 1591 1588 1643 τὸν
1612 1590 1802 1642 κλόνον
1839 1587 1936 1656 τῆς

2047 1587 2255 1643 Christi
2297 1586 2624 1654 adventum,
2676 1593 3048 1641 terrzemotum
3110 1586 3423 1655 appellavit.
3465 1585 3618 1639 Illam

361 1680 487 1749 γῆς,
537 1681 630 1732 τὸν
671 1681 729 1731 ὲν
765 1679 842 1749 τῷ
895 1681 1074 1750 καιρῷ
1126 1680 1222 1732 τοῦ
1265 1679 1538 1750 σταυροῦ·
1581 1681 1674 1733 καὶ
1723 1681 1804 1732 ὅτι
1846 1678 1938 1732 τοῦ

361 1771 568 1842 Κυρίου
603 1771 868 1840 φανέντος
899 1771 989 1824 διὰ
1017 1772 1117 1840 τῆς
1155 1770 1649 1842 ὲνανθρωπήσεως.
1689 1769 1940 1840 ἐσείσθη-

363 1879 462 1916 σαν
489 1863 612 1917 λαοί
635 1879 650 1894 ’
693 1861 1081 1935 ἐταράχθησαν
1103 1864 1256 1933 ἔθνη,
1297 1864 1386 1918 διὰ
1417 1864 1477 1915 τὸ
1508 1863 1794 1932 κήρυγμα.

2045 1680 2207 1734 etiam
2239 1689 2400 1736 terra:
2446 1679 2868 1740 commotionem
2902 1677 3156 1732 fortassis
3212 1677 3495 1747 Propheta
3529 1677 3620 1729 hic

2045 1771 2324 1841 intelligit,
2376 1785 2500 1838 quae
2547 1769 2825 1841 passionis
2876 1777 3119 1838 tempore
3176 1767 3318 1823 laeta
3349 1775 3464 1824 ‘est.
3521 1766 3619 1822 Vel

2044 1860 2499 1917 commovendam
2522 1874 2640 1924 esSe
2661 1867 2862 1914 terram
2894 1858 3164 1929 praedicit,
3194 1859 3322 1929 quia
3357 1859 3423 1913 ad
3445 1860 3620 1913 Evan—

362 1954 486 2025 gelii
523 1955 962 2024 praedicationem
993 1971 1104 2027 quo
1131 1956 1401 2011 adventus
1427 1963 1593 2023 atque
1618 1952 1928 2009 incarnatio
1971 1952 2062 2006 Dei
2092 1952 2478 2016 annuntiatur,
2504 1949 2746 2008 universi
2775 1949 2961 2020 populi
3003 1963 3066 2002 ac
3135 1956 3326 2020 gentes
3387 1956 3619 2003 contur-

361 2049 502 2102 bata:
525 2057 674 2102 sunt.

430 2141 653 2193 Εἴπατε
668 2141 739 2194 ἐν
755 2142 877 2210 τοῖς
895 2144 1160 2208 ἔθνεσιν,
1184 2143 1274 2196 ὅτι
1290 2143 1502 2210 Κύριος
1517 2140 1941 2195 ἐϐασίλευσεν.

373 2229 724 2301 Ἦρμηνεύθη
751 2233 848 2285 καὶ
879 2232 1037 2286 τοῦτο
1077 2235 1134 2286 ὲν
1176 2237 1242 2302 τῇ
1284 2234 1425 2302 ἀρχῇ
1455 2231 1550 2284 τοῦ
1583 2228 1669 2297 ιβ’
1690 2228 1942 2298 ψαλμοῦ.

375 2321 446 2373 Ἢ
477 2322 569 2374 καὶ
599 2321 770 2385 ἄλλως
790 2339 803 2353 ·
834 2324 917 2375 ὃτι
959 2328 1122 2394 μέχρι
1150 2328 1271 2377 τότε
1299 2325 1328 2375 ὁ
1352 2322 1599 2384 διάϐολος
1630 2321 1941 2381 ἐϐασίλευε,

363 2411 457 2464 καὶ
496 2413 529 2480 ἡ
563 2411 830 2482 ἁμαρτία.
869 2413 966 2483 Εῑη
997 2414 1042 2465 δ’
1065 2415 1132 2467 ἂν
1158 2414 1251 2466 καὶ
1289 2413 1494 2482 ἑτέρως
1536 2410 1786 2480 βασιλεία
1847 2409 1943 2463 τοῦ

363 2503 630 2571 Χριστοῦ,
661 2505 694 2573 ἡ
729 2506 866 2558 κατὰ
892 2506 1076 2558 πίστιν
1107 2505 1352 2573 ύποταγὴ
1379 2505 1490 2557 τῶν
1506 2502 1836 2574 ἀνθρώπων.

2114 2134 2288 2188 Dicite
2323 2133 2375 2186 in
2406 2131 2650 2202 gentibus
2679 2130 2808 2201 quia
2839 2127 3092 2182 Dominus
3126 2106 3379 2198 regnavit.
3408 2124 3616 2198 Hujus-

2044 2228 2187 2282 modi
2217 2226 2382 2281 etiam
2409 2226 2575 2280 verba
2598 2221 2847 2291 exposita
2877 2221 3101 2274 fuerunt
3150 2220 3204 2274 in
3237 2220 3446 2289 psalmo
3467 2234 3568 2275 που
3597 2240 3614 2288 ;

2042 2322 2128 2376 vel
2180 2318 2409 2374 :Dicite
2470 2315 2616 2386 quod
2670 2313 2936 2370 Dominus
3012 2315 3294 2384 regnavit,
3352 2315 3616 2370 hactenus

2043 2423 2280 2478 namque
2324 2407 2580 2462 diabolus
2631 2413 2685 2461 et
2735 2413 3019 2475 peccatum
3066 2412 3444 2474 regnaverant.
3515 2405 3615 2459 Vel

2043 2501 2227 2564 aliter,
2260 2515 2492 2570 regnare
2524 2499 2614 2554 hic
2640 2497 2893 2553 Christus
2915 2495 3139 2559 dicitur,
3164 2503 3386 2566 propter
3413 2496 3614 2551 volun-

362 2594 556 2648 tariam
587 2593 734 2646 illam
767 2593 1106 2648 credentium
1137 2596 1560 2664 subjectiouem,
1593 2607 1758 2663 quan.
1794 2593 1930 2647 lides
1969 2599 2220 2660 praestat.
2248 2588 2382 2644 Nam
2423 2588 2626 2658 alioqui
2661 2587 2732 2642 ab
2776 2595 2982 2641 aeterno
3047 2586 3213 2640 etiam
3281 2601 3447 2656 super
3511 2587 3640 2672 inp.

363 2692 483 2761 pios
514 2700 676 2759 atque
705 2689 908 2744 invitos
940 2701 1148 2759 regnat.

437 2781 547 2836 Καὶ
571 2783 679 2851 γὰρ
709 2772 1064 2849 κατώρθωσε
1097 2783 1212 2850 τὴν
1249 2781 1627 2851 οἰκουμένην.
1675 2781 1936 2851 Ὀρθοπο-

365 2873 480 2928 δεῖν
537 2877 618 2938 εἰς
677 2875 960 2928 εὐσέϐειαν
1015 2876 1473 2946 παρεσκεύασεν·
1523 2875 1558 2944 ἢ
1595 2874 1828 2945 ἥδρασεν
1857 2875 1939 2934 εἰς

367 2965 722 3037 θεογνωσίαν.
763 2968 1140 3035 Οἱκουμένην
1183 2966 1239 3018 δὲ
1287 2966 1457 3034 λέγει,
1499 2965 1598 3034 τὴν
1626 2962 1939 3032 ἁπανταχοῦ

360 3059 461 3127 τῆς
487 3061 816 3129 οἰκουμένης
856 3059 1182 3129 Ἐκκλησίαν
1204 3099 1219 3114 .
1259 3061 1360 3124 Εις
1390 3058 1600 3114 πᾶσαν
1622 3057 1750 3128 γὰρ,
1783 3057 1936 3125 φησὶ,

2110 2775 2276 2830 Vens.
2308 2771 2397 2827 10.
2448 2770 2659 2824 Etenim
2697 2769 2892 2825 direxit
2936 2768 3118 2823 orbem
3150 2776 3328 2821 terrw.
3367 2766 3610 2826 Modum.

2036 2869 2240 2937 inquit,
2268 2864 2598 2935 praeparavit
2647 2861 2921 2926 Christus,
2955 2875 3064 2928 quo
3106 2859 3406 2913 humanum
3431 2875 3610 2930 genus

2038 2959 2360 3014 universum
2406 2963 2555 3010 recta
2605 2954 2671 3008 ad
2722 2954 2982 3022 pietatem
3026 2961 3192 3019 atque
3242 2949 3309 3003 ad
3378 2951 3612 3005 virtutes

2040 3058 2226 3120 posset
2259 3046 2544 3110 incedere;
2579 3047 2663 3099 vel
2708 3045 2973 3100 stabilivit
3011 3058 3106 3098 eos
3138 3041 3393 3098 Christus
3424 3044 3476 3096 iu
3515 3058 3610 3098 co-

361 3149 478 3217 τὴν
501 3149 618 3219 γῆν
662 3150 925 3220 ἐξῆλθεν
957 3154 990 3204 ό
1015 3155 1277 3221 φθόγγος
1311 3149 1511 3204 αὐτῶν
1536 3167 1549 3181 ·
1586 3151 1686 3204 καὶ
1719 3151 1807 3214 εἰς
1860 3148 1932 3201 τὰ

2039 3144 2282 3215 gnitione
2317 3141 2444 3207 Dei;
2473 3151 2528 3196 et
2573 3155 2669 3210 per
2701 3139 2888 3193 orbem
2917 3146 3100 3205 terrae,
3143 3137 3458 3192 universam
3499 3137 3605 3192 Ec-

362 3240 587 3308 πέρατα
610 3241 719 3308 τῆς
747 3243 1103 3311 οἰκουμένης
1124 3246 1193 3294 τὰ
1214 3243 1454 3311 ῥήματα
1469 3240 1669 3294 αὐτῶν
1689 3257 1703 3270 ·
1745 3256 1933 3309 περιτ-

363 3334 454 3386 τὸν
489 3335 545 3388 δὲ
576 3336 633 3386 τὸ
674 3333 803 3406 γάρ.

435 3603 597 3666 Ἥτις
627 3602 700 3655 οὐ
733 3600 1209 3668 σαλευθήσεται.
1248 3601 1368 3652 Τῶν
1399 3600 1740 3654 σαλευόντων
1761 3601 1935 3670 αὐτὴν

363 3693 635 3763 δαιμόνων
691 3691 1091 3758 ἀπαλλαγεῖσα,
1194 3690 1289 3742 καὶ
1347 3689 1439 3742 ent
1503 3690 1601 3759 τῆς
1659 3689 1936 3760 ἀρῤαγοῠς

365 3786 573 3856 πέτρας
606 3784 704 3853 τῆς
735 3784 974 3845 πίστεως
1005 3780 1421 3852 θεμελιιοθεῖσα.
1485 3781 1714 3852 Εἴρηται
1757 3782 1814 3834 δὲ
1843 3783 1939 3842 καὶ

364 3881 422 3930 ὲν
464 3875 540 3946 τῷ
568 3867 864 3944 ξδ’ψαλμῷ
893 3889 906 3904 ·
931 3872 1038 3926 Καὶ
1074 3873 1182 3942 γὰρ
1212 3872 1542 3940 ἐστερέωσε
1580 3871 1696 3936 τὴν
1740 3872 1938 3925 οικου-

361 3968 577 4038 μένην,
606 3968 738 4036 ἣτις
784 3971 856 4021 οὐ
884 3963 1354 4031 σαλευθήσεται,
1395 3967 1490 4018 καὶ
1522 3962 1795 4032 ἀνάγνωθι
1838 3962 1937 4032 τὴν

365 4060 485 4111 ἐκεῖ
519 4058 799 4128 ἐξήγησιν.

357 4137 363 4143 ’
429 4151 630 4216 Κρινεῖ
664 4135 856 4213 λαοὺς
882 4147 954 4200 ἐν
975 4147 1276 4212 εὐθύτητι.
1301 4142 1457 4197 Κατὰ
1482 4143 1581 4211 τὴν
1598 4142 1808 4212 ἡμέραν
1841 4142 1936 4211 δηο

366 4240 499 4310 λαόὴ
546 4241 646 4309 τῆς
684 4241 942 4310 κρίσεως.
1009 4232 1146 4291 Eine
1196 4236 1254 4288 δὲ
1287 4235 1442 4289 τοῦτο
1479 4235 1568 4287 ἵνα
1603 4235 1819 4304 γνῶμεν
1856 4234 1938 4285 ὅτι

366 4325 519 4393 οὗτος
538 4332 717 4401 κρινεῖ
735 4331 964 4392 πάντας.

436 4423 988 4490 Εὑφραινέσθωσαν
1025 4423 1080 4475 οι
1112 4417 1378 4486 οὐρανοὶ,
1410 4418 1508 4472 καὶ
1553 4416 1940 4486 ἀγαλλιάσθω

2037 3233 2260 3289 clcsiam
2294 3231 2349 3284 in
2383 3239 2499 3284 toto
2524 3230 2657 3284 orbe
2686 3227 3042 3282 exsistentem
3078 3225 3353 3296 intelligit.
3389 3223 3456 3279 In
3486 3243 3609 3280 om-

2036 3342 2151 3380 nem
2183 3325 2328 3380 enim
2360 3331 2578 3384 terram,
2619 3319 2819 3388 inquit,
2855 3317 3017 3371 exivit
3046 3333 3207 3371 sonus
3229 3328 3431 3378 eorum,
3467 3327 3516 3369 et
3549 3317 3607 3370 in

2035 3421 2169 3487 ﬁnes
2197 3417 2336 3472 orbis
2355 3425 2511 3470 terra:
2537 3411 2693 3466 verba
2724 3411 2985 3466 eorum".
3010 3408 3297 3480 Superﬂua
3328 3415 3409 3463 est
3428 3416 3608 3463 autem

2039 3511 2208 3566 dictio
2263 3509 2421 3564 enim.

2109 3602 2215 3666 Qui
2241 3617 2346 3653 non
2365 3598 2793 3654 commovebitur.
2819 3597 2894 3652 Ex
2919 3610 3027 3665 quo
3057 3594 3201 3650 enim
3237 3593 3496 3651 liberatus
3525 3600 3611 3648 est

2039 3713 2069 3750 a
2099 3696 2408 3750 daemonum
2449 3691 2731 3754 servitute,
2763 3688 2856 3758 qui
2899 3697 3060 3740 antea
3098 3687 3250 3739 illum
3280 3700 3610 3739 commove-

2040 3788 2191 3848 bant,
2221 3790 2629 3853 consequenter
2664 3779 2925 3834 fundatus
2980 3777 3081 3831 fuit
3109 3791 3274 3846 super
3305 3776 3610 3830 inconcus—

2039 3893 2154 3935 sam
2187 3875 2313 3932 lidei
2354 3881 2584 3944 petram.
2629 3871 2876 3926 Similem
2921 3883 3061 3937 pene
3105 3867 3433 3920 sententiam
3464 3865 3611 3917 vidi-

2039 3983 2164 4022 mus
2203 3967 2258 4020 in
2309 3964 2521 4035 psalmo
2567 3977 2697 4025 xcn,
2734 3961 2809 4016 ibi
2843 3977 2859 4016 :
2905 3959 3115 4012 Etenim
3161 3957 3395 4026 ﬁrmavit
3433 3955 3612 4010 orbem

2041 4068 2214 4120 terrce,
2241 4057 2327 4124 qui
2360 4071 2462 4108 non
2482 4051 2911 4115 commovebitur,
2944 4049 3033 4102 ubi
3053 4047 3432 4120 exposuimUS.

2106 4145 2380 4199 Judicabit
2414 4143 2634 4214 populos
2671 4143 2725 4195 in
2775 4128 3220 4196 rectitudineflu
3265 4128 3352 4191 die
3395 4135 3610 4192 scilicet

2035 4238 2254 4308 judicii.
2287 4236 2401 4292 lloc
2433 4247 2616 4311 autem
2650 4234 2804 4301 dicit,
2827 4243 2886 4286 ut
2913 4231 3154 4287 sciamus
3184 4227 3331 4301 quod
3354 4229 3609 4287 Christus

2037 4345 2233 4386 omnes
2255 4329 2601 4400 judicaturus
2629 4334 2736 4382 est.
3295 4371 3300 4378 .

2115 4421 2280 4477 Vens.
2334 4421 2422 4476 ll.
2468 4419 2738 4473 Lwtentur
2786 4415 2923 4478 caeli,
2971 4425 3019 4472 et
3063 4413 3287 4469 exsultet
3328 4422 3492 4471 terra.
3526 4414 3608 4472 Ob

366 4513 409 4580 ἠ
430 4512 530 4582 γῆ.
557 4515 654 4565 Διὰ
679 4513 773 4566 τὸν
797 4513 1070 4582 οὐράνιον,
1106 4510 1228 4564 εἶτα
1264 4509 1530 4573 ᾰπιγειον.
1555 4510 1661 4561 Τοῦ
1696 4506 1932 4578 Χριστοῦ

2041 4518 2316 4574 caelestem
2349 4513 2608 4568 nimirum
2636 4522 2689 4566 et
2716 4511 2915 4566 deinde
2951 4517 3265 4564 terrestrem
3297 4501 3602 4566 Christum.

367 4603 498 4674 γὰρ,
542 4607 605 4656 τὸ
649 4604 750 4673 μὲν
797 4603 1006 4657 ἄνωθεν
1051 4603 1288 4674 κατῆλθε
1315 4619 1328 4633 ·
1367 4603 1430 4654 τὸ
1473 4600 1533 4655 δδ
1571 4600 1816 4654 κάτωθεν
1867 4600 1933 4652 ἀι⁴

362 4694 550 4766 νῆλθε.
1197 4723 1204 4728 -

436 4787 794 4852 Σαλευθήτω
825 4789 862 4855 ἡ
904 4785 1210 4850 θάλασσα,
1262 4785 1361 4839 καὶ
1402 4784 1468 4838 τὸ
1502 4783 1794 4853 πλήρωμα
1825 4783 1935 4836 αὑ-

364 4877 497 4946 τῆς.
563 4877 824 4930 Σάλευσιν
858 4875 1092 4929 ἐνταῦθα
1115 4877 1216 4945 τὴν
1252 4874 1534 4944 σκίρτησιν
1572 4874 1738 4939 λέγει.
1790 4872 1936 4940 Πλή-

369 4986 532 5042 ρωμα
559 4969 614 5021 δὲ
649 4971 747 5040 τῆς
792 4969 1070 5039 θαλάσσης
1112 4970 1180 5021 τὰ
1213 4967 1426 5037 πέρατα
1454 4968 1644 5035 αὐτῆς,
1667 4967 1701 5034 ἢ
1750 4966 1800 5018 oi
1840 4981 1935 5016 πο-

364 5063 556 5132 ταμοὶ,
585 5065 640 5115 αἱ
683 5063 889 5132 λίμναι,
921 5062 979 5114 αἱ
1011 5060 1185 5128 πηγαί
1211 5075 1224 5088 ⁸
1258 5061 1350 5112 καὶ
1381 5058 1568 5121 ἁπλῶς
1594 5060 1744 5111 πᾶσα
1773 5057 1934 5124 φύσις

365 5155 575 5208 ὑδάτων
610 5172 625 5187 ·
659 5154 1010 5225 σκιρτησάτω
1057 5152 1114 5205 δὲ
1141 5151 1304 5222 αὕτη,
1325 5151 1414 5205 διά
1442 5151 1501 5204 τὸ
1525 5150 1810 5220 βάπτισμα
1837 5147 1932 5200 τοῦ

366 5246 638 5314 Σωτῆρος.

345 5347 350 5352 ”
437 5335 772 5402 Χαρήσεται
805 5335 874 5390 τὰ
901 5337 1100 5402 πεδία,
1142 5335 1238 5396 καὶ
1273 5335 1469 5388 πάντα
1493 5333 1563 5387 τὰ
1591 5334 1660 5386 ἐν
1705 5331 1929 5397 αὐτοῖς.

369 5427 494 5479 Ὀτι
521 5427 704 5494 μέλλει
773 5428 840 5480 δι’
896 5428 1075 5481 αὐτῶν
1112 5426 1314 5480 ὁδεύειν
1345 5429 1372 5478 ὁ
1399 5425 1641 5494 ἁγιάζων
1673 5425 1924 5496 Χριστός.

369 5519 556 5572 Πάντα
576 5519 630 5570 δὲ
659 5519 726 5572 τὰ
754 5521 813 5572 ὲν
834 5521 1036 5584 αὐτοῖς,
1066 5521 1207 5588 φυτὰ
1229 5519 1490 5591 δηλονότι.

445 5723 491 5760 οδ
523 5721 666 5778 Psal.
697 5738 852 5791 xvm,
876 5723 930 5778 5.

2031 4609 2215 4663 Altera
2259 4605 2467 4675 quippe
2497 4602 2618 4672 ejus
2653 4609 2848 4655 natura
2883 4615 3120 4670 superne
3171 4599 3478 4666 descendit,
3528 4602 3610 4654 al-

2035 4705 2149 4750 tera
2177 4708 2306 4749 vero
2339 4691 2564 4746 inferius
2591 4706 2620 4744 e
2653 4699 2795 4762 terra
2821 4699 3002 4742 ortum
3039 4689 3251 4742 habuit.

2035 4845 2038 4848 ,
2109 4788 2513 4844 Commoveatur
2531 4799 2693 4847 mare,
2713 4766 2760 4836 et
2789 4780 3059 4850 plenitudo
3092 4779 3226 4848 ejus.
3259 4779 3604 4834 Commoveri

2039 4881 2141 4934 hoc
2182 4882 2234 4932 in
2271 4879 2391 4930 loco
2415 4876 2618 4944 posuit,
2657 4888 2756 4942 pro
2805 4869 3404 4927 exsultare.Plcnitudo
3425 4878 3610 4924 autem

2038 4971 2224 5034 maris,
2255 4975 2384 5022 sunt
2414 4967 2559 5020 illius
2580 4965 2738 5029 lines,
2765 4945 2848 5016 vel
2877 4962 3126 5027 ﬂumina,
3152 4971 3367 5031 stagna,
3399 4960 3603 5024 fontes,

2033 5077 2101 5116 ac
2136 5071 2245 5113 tota
2274 5059 2509 5128 denique
2543 5071 2805 5126 aquarum
2840 5055 3088 5108 materia.
3137 5053 3384 5107 Exsultat
3419 5063 3602 5105 autem

2038 5148 2412 5220 hujuscemodi
2442 5161 2707 5215 aquarum
2733 5143 3036 5214 plenitudo,
3058 5145 3126 5196 ob
3148 5157 3365 5198 sacrum
3393 5141 3603 5194 Christi

2039 5242 2331 5310 baptisma,
2359 5239 2504 5309 quod
2534 5237 2586 5291 in
2621 5237 2701 5292 eis
2730 5237 3060 5291 celebratum
3097 5242 3204 5288 est.

2109 5332 2417 5387 Gaudebuut
2462 5329 2632 5396 campi
2672 5337 2722 5381 et
2759 5327 2937 5385 omnia
2965 5342 3080 5395 quae
3115 5325 3167 5376 in
3198 5323 3272 5377 eis
3305 5321 3605 5388 sunt.Quia

2039 5426 2252 5483 scilicet
2286 5424 2441 5476 illinc
2494 5420 2828 5475 transiturus
2867 5425 2948 5471 est
2978 5415 3259 5480 Christus,
3303 5422 3468 5481 atque
3501 5413 3607 5466 hoc

2044 5525 2202 5590 pacto
2233 5532 2296 5571 ea
2324 5515 2506 5570 omnia
2532 5511 2919 5569 sanctiﬁcabit.
2955 5509 3055 5564 Per
3090 5508 3272 5564 omnia
3309 5523 3457 5573 vero,
3483 5520 3607 5579 quae

2044 5611 2098 5663 in
2122 5609 2203 5664 eis
2231 5615 2380 5671 sunt,
2411 5608 2555 5678 ipsas
2584 5603 2794 5675 plantas
2827 5601 3102 5672 intelligit.
3499 5599 3503 5604 ’
