4076 6204
472 261 579 325 975
1699 243 2087 320 EUTHYMII
2121 253 2484 317 ZIGABENI
3617 261 3725 325 975

546 371 707 426 Vens.
740 371 825 426 12.
861 370 1003 423 Tunc
1026 367 1366 423 exsultabant
1394 367 1571 422 omnia
1595 367 1740 437 ligna
1757 367 2039 421 silvarum.

2221 368 2360 421 Τότε
2387 364 2864 437 ἀγαλλ.ἀσονται
2918 367 3119 423 πάντα
3152 370 3223 424 τὰ
3245 369 3399 435 ξύλα
3446 372 3551 427 τοῦ
3578 373 3722 441 δρυ-

470 463 546 518 τΞίο
598 463 745 535 quod
790 478 854 518 ex
905 464 985 518 eis
1038 461 1365 517 sumendum
1422 462 1496 519 sit
1561 462 1804 518 salutare
1854 460 2037 515 crucis

2146 456 2285 526 μοῦ.
2318 457 2419 511 Διά
2464 458 2524 511 τὸ
2556 458 2773 529 μέλλειν
2803 458 2862 524 ἐξ
2895 459 3078 513 αὐτῶν
3110 460 3382 532 ληφθῆναι
3436 460 3532 516 τὸν
3552 464 3726 537 σωτὴ-

476 557 700 627 ‘ignum.

2146 565 2261 620 ριον
2291 549 2551 620 σταυρόν.

542 650 585 706 Α
613 648 746 717 facie
778 646 1007 713 Domini,
1038 648 1286 717 quoniam
1310 649 1470 705 venit.
1510 647 1625 701 Erit
1650 657 1828 702 autem
1849 645 2036 701 laetitia

2226 642 2364 695 Ἆπὸ
2401 642 2729 710 προσώπου
2757 644 3000 713 Κυρίου.
3029 644 3118 699 ὅτι
3142 644 3398 715 ἔρχεται.
3431 645 3721 717 Γενήσεται

468 746 581 799 inec
608 748 773 811 atque
811 741 925 794 hinc
954 741 1258 795 exsultatio
1293 755 1322 793 a
1355 740 1493 796 facie
1528 739 1768 803 Domini,
1804 739 1907 794 hoc
1931 747 2040 806 est,

2146 731 2200 787 δὲ
2241 734 2275 802 ἡ
2328 733 2637 804 εὐφροσύνη
2695 734 2794 789 καὶ
2844 736 3188 803 ἀγαλλίασις,
3242 739 3335 790 καὶ
3386 740 3452 793 τὰ
3501 737 3723 794 τοιαῦτα

466 841 688 907 propter
711 832 830 904 ejus
856 832 1202 901 presentiam
1232 840 1399 902 atque
1422 832 1741 887 adventum.
1768 830 2040 899 Quoniam

2146 826 2252 879 ἀπὸ
2281 824 2577 895 προσώπου
2601 826 2842 895 Κυρίου,
2875 828 3128 885 τουτέστι
3157 828 3247 882 διὰ
3272 830 3368 900 τὴν
3401 831 3724 901 ἐπιφάνειαν

463 939 594 979 ecce
629 923 741 993 jam
778 923 925 978 venit
961 922 1029 976 ad
1075 923 1261 978 carnis
1307 921 1803 992 dispensationem.
1846 920 2041 976 Solent

2146 916 2239 971 τοῦ
2265 917 2531 987 Χριστοῦ.
2562 917 2709 971 Διότι
2746 918 2857 973 ἰδοὺ
2892 920 3136 990 ἔρχεται,
3164 920 3305 993 πρὸς
3335 922 3434 992 τὴν
3459 924 3728 994 ενσαρκον

464 1026 644 1071 autem
677 1016 954 1087 prephetae
981 1028 1355 1085 szepenumero
1386 1015 1521 1085 ipsis
1556 1015 1721 1069 etiam
1759 1012 2040 1068 inanima-

2146 1008 2492 1079 οἰκονομίαν.
2518 1008 2757 1062 Εἰὼθασι
2781 1009 2840 1062 δὲ
2866 1012 2915 1063 οἱ
2947 1014 3227 1081 προφῆται
3256 1011 3592 1083 περιτιθέναι
3610 1016 3729 1076 τοίς

466 1109 538 1162 tis
600 1114 765 1176 atque
791 1106 1209 1161 insensibiiibus
1228 1107 1396 1161 rebus
1437 1105 1695 1177 gaudium
1739 1105 2039 1172 ascribere,

2146 1099 2377 1171 ἀψύχοις
2398 1101 2576 1172 χαρὰν
2603 1100 2887 1170 ἐμψύχων,
2923 1102 3053 1157 ὅταν
3080 1103 3528 1173 ὑπερϐάλλουσαν
3557 1106 3731 1173 ἀγαλ-

463 1199 684 1267 quoties
715 1198 974 1251 nimirum
1009 1213 1285 1251 summam
1319 1196 1554 1264 aliquam
1587 1196 1862 1250 voluerint
1894 1197 2035 1250 licti-

2146 1193 2330 1245 λίασιν
2360 1194 2605 1263 ἐμφῆναι
2647 1193 2987 1264 βουληθῶσιν
3015 1210 3028 1224 ⁸
3064 1193 3139 1258 ὥς
3165 1196 3451 1266 μονονουχὶ
3492 1198 3585 1251 καὶ
3619 1197 3735 1251 τῶν

472 1293 603 1344 tiam
636 1290 1015 1345 demonstrare
1041 1306 1055 1341 :
1080 1288 1237 1357 quasi
1269 1290 1388 1358 ipsa
1418 1289 1578 1343 etiam
1616 1288 1889 1343 elementa
1915 1288 2037 1343 ani-

464 1397 550 1435 ma
578 1396 641 1439 ac
666 1397 828 1435 sensu
846 1383 1088 1435 carentia
1120 1380 1390 1434 lretentur.
1424 1377 1522 1433 Vel
1542 1380 1831 1448 aliter,per
1849 1380 2039 1445 caelos,

463 1475 713 1529 emlestes
744 1473 972 1544 angelos
1005 1473 1283 1543 intelligo;
1319 1487 1412 1542 per
1444 1481 1647 1527 terram
1675 1486 1827 1535 vero,
1862 1483 2039 1528 terre-

465 1580 566 1619 nos
592 1566 879 1631 homines;
912 1572 967 1620 et
996 1579 1096 1634 per
1126 1578 1299 1626 mare,
1341 1572 1538 1617 nautas
1569 1564 1742 1633 ipsos,
1778 1572 1875 1618 aut
1920 1579 2043 1619 mae

468 1654 684 1712 ritimos
724 1668 1089 1723 quoscunque
1136 1652 1408 1715 homines,
1438 1654 1539 1707 hoc
1572 1661 1676 1715 est,
1714 1654 2040 1722 insulanos;

2144 1285 2371 1355 ἀψύχων
2410 1285 2884 1355 εὐφραινομένων.
2909 1286 3152 1357 Νοήσαις
3176 1286 3221 1339 δ’
3261 1286 3329 1341 ἂν
3362 1287 3457 1341 καὶ
3488 1288 3692 1359 ἑτέρως
3713 1304 3732 1318 ·

2144 1377 2408 1448 οὐρανοὺς
2445 1377 2567 1447 μὲν,
2604 1377 2733 1441 τοὺς
2789 1378 3151 1449 ὲπουρανίους
3178 1378 3445 1447 ἀγγέλους
3468 1395 3482 1410 ⁸
3513 1380 3615 1452 γῆν
3650 1381 3734 1445 δὲ,

2146 1471 2277 1533 τοὺς
2308 1470 2591 1538 ἐπιγείους
2625 1470 2951 1541 ἀνθρώπους
2979 1486 2992 1501 ·
3023 1471 3301 1527 θάλασσαν
3342 1472 3418 1535 δὲ,
3452 1472 3576 1535 τοὺς
3606 1474 3735 1525 ἑπιο

2146 1563 2463 1628 θαλαττίους
2493 1566 2527 1635 ἢ
2549 1566 2677 1629 τοὺς
2705 1565 2978 1637 νησιώτας
2996 1567 3086 1621 καὶ
3104 1566 3231 1629 τοὺς
3251 1566 3730 1635 ναυτιλλομένους·

2146 1655 2311 1708 πεδία
2339 1655 2396 1709 δὲ
2422 1658 2549 1719 τοὺς
2574 1658 2630 1708 ἐν
2662 1660 2785 1719 ταῖς
2817 1657 3034 1711 πεδιάσι
3065 1657 3479 1728 γεωργοῦντας·
3512 1657 3640 1723 ξύλα
3672 1659 3733 1711 δὲ

469 1761 565 1814 per
590 1761 815 1816 campos
841 1746 993 1809 item,
1026 1745 1328 1816 agricolas;
1362 1754 1414 1799 et
1437 1759 1533 1815 per
1569 1744 1715 1816 ligna
1742 1746 2031 1814 silvarum,

2146 1746 2373 1818 δρυμοῦ,
2401 1750 2530 1810 τοὺς
2580 1749 3000 1819 δενδροτόμους,
3065 1750 3162 1807 καὶ
3199 1751 3323 1813 τοὺς
3360 1751 3417 1802 ὲν
3468 1751 3660 1818 ἀγροῖς
3688 1750 3729 1818 ἢ

468 1836 726 1889 arborum
775 1837 1068 1901 incisores,
1110 1852 1317 1907 eosque
1365 1837 1459 1908 qui
1499 1837 1666 1892 silvas
1702 1837 1952 1891 incolunt
1984 1846 2040 1893 et

467 1934 706 1982 montes.
752 1926 845 1982 Vel
880 1927 1039 1981 aliter
1070 1943 1086 1982 :
1122 1942 1219 1996 per
1258 1928 1431 1983 coelos
1455 1967 1470 1991 ,
1512 1941 1606 1983 eos
1653 1929 1914 1999 iutellige,
1949 1930 2043 2000 qui

462 2018 709 2076 caelestia
768 2018 1132 2083 meditantur;
1170 2034 1269 2088 per
1321 2028 1529 2073 terram
1588 2035 1758 2082 vero,
1793 2036 1888 2076 eos
1949 2022 2043 2091 qui

464 2120 679 2163 terrena
714 2116 927 2162 tantum
977 2118 1206 2175 curant;
1246 2112 1377 2164 item
1429 2127 1524 2179 per
1579 2127 1755 2173 mare,
1804 2127 1901 2167 eos
1945 2112 2042 2182 qui

462 2214 706 2253 amaram
744 2200 1077 2270 impietatem
1118 2208 1446 2269 sectantur;
1484 2216 1581 2271 per
1612 2218 1839 2273 campos
1867 2202 2033 2257 etiam

465 2292 754 2361 resupinos
783 2292 1056 2360 quoslibet
1079 2292 1353 2358 homines,
1380 2302 1433 2348 et
1463 2295 1649 2348 carnis
1682 2296 2038 2366 passionibus

466 2384 743 2454 subjectos
775 2401 791 2438 :
826 2394 880 2438 et
910 2385 1146 2454 denique
1180 2401 1276 2455 per
1320 2386 1460 2455 ligna
1517 2386 1801 2447 silvarum,
1844 2387 2035 2449 duros,

469 2474 741 2545 rudesque
788 2482 843 2528 et
877 2476 1248 2530 infructuosos
1272 2476 1338 2529 ad
1368 2477 1625 2533 virtutem
1666 2480 1936 2533 homines.
1971 2479 2035 2532 Hi

2142 1839 2347 1910 ὄρεσιν.
2376 1842 2448 1895 Ἦ
2474 1842 2572 1895 καὶ
2601 1841 2777 1904 ἄλλως
2797 1856 2812 1872 ο
2846 1842 3115 1910 οὐρανοὺς
3151 1841 3271 1915 μὲν,
3301 1840 3431 1906 τοὺς
3471 1840 3540 1894 τὰ
3563 1841 3732 1894 ἐπου-

2150 1934 2312 2001 ράνια
2368 1932 2738 2003 φρονοῦντας·
2786 1933 2894 2002 γῆν
2935 1933 3015 1998 δὲ,
3050 1934 3176 1996 τοὺς
3199 1934 3365 2005 γήϊνα
3393 1948 3409 1963 ·
3448 1933 3728 1989 θάλασσαν

2146 2021 2203 2074 δὲ
2236 2022 2366 2086 τοὺς
2410 2025 2468 2077 ἐν
2500 2026 2567 2094 τῇ
2605 2023 2803 2094 πικρίᾳ
2832 2024 2931 2093 τῆς
2963 2022 3221 2087 ἀσεϐείας
3243 2040 3258 2054 ·
3292 2024 3455 2078 πεδία
3477 2024 3555 2088 δὲ,
3597 2024 3728 2087 τοῦς

2156 2113 2380 2177 ὑπτίους
2416 2115 2511 2168 καὶ
2549 2115 2845 2177 ἐπιὸἀτους
2881 2116 2993 2178 τοῖς
3018 2116 3217 2173 πάθεσι
3257 2134 3273 2148 ·
3322 2114 3459 2182 ξύλα
3502 2117 3559 2170 δὲ
3592 2116 3727 2186 δρυο

2153 2203 2423 2273 μοῦ,τοὶις
2446 2204 2740 2275 σκληροὺς,
2760 2204 2793 2276 ἢ
2814 2204 3102 2276 ἀκάρπους
3140 2208 3221 2270 είς
3266 2207 3490 2277 ἀρετήν.
3518 2208 3727 2272 Πάντες

2146 2296 2253 2366 γὰρ
2309 2295 2505 2364 ἡδονῆς
2563 2295 2997 2367 πλησθήσονται.
3055 2298 3144 2350 διὰ
3209 2297 3309 2368 τὴν
3368 2296 3729 2369 ἑνανθρὼπη-

2147 2403 2234 2439 σιν
2268 2386 2361 2439 τοῦ
2394 2384 2531 2439 Θεοῦ
2557 2426 2572 2452 ,
2612 2386 2749 2458 πρὸς
2764 2386 2864 2458 τὴν
2918 2388 3002 2453 είς
3033 2387 3195 2447 αὐτὸν
3222 2388 3405 2447 πίστιν
3440 2387 3729 2460 psmn“-

2149 2494 2327 2546 μενοι.
3695 2521 3745 2539 ...

458 2584 659 2623 omnes
682 2567 1122 2635 etenim,Christi
1153 2569 1552 2638 incarnatione,
1584 2573 1835 2627 adillius
1870 2572 2030 2627 ﬁdem
2069 2569 2309 2637 invitati,
2352 2572 2718 2633 delectatione
2757 2581 2924 2642 atque
2970 2572 3252 2643 voluptate
3319 2572 3562 2633 maxima
3636 2585 3730 2629 re‘

474 2665 803 2737 plcbtmtur.

539 2756 805 2825 Quoniam
836 2757 975 2809 venit
1004 2755 1256 2825 judicare
1292 2765 1510 2810 terram.
1556 2756 1793 2828 Duplici,
1834 2757 2038 2827 inquit,

2222 2754 2351 2807 Ὀτι
2400 2753 2638 2821 ἔρχεται
2684 2752 2881 2821 κρῖναι
2928 2752 3045 2821 τὴν
3077 2752 3217 2823 γῆν.
3266 2752 3496 2822 Διπλῆν,
3533 2750 3725 2822 φησιν.

463 2845 772 2908 adicientur
816 2845 1041 2915 gaudio,
1076 2855 1131 2902 et
1182 2848 1308 2916 quia
1353 2848 1534 2903 veniet
1575 2849 1642 2902 ad
1690 2847 2041 2919 dirigendum

2150 2843 2363 2909 ἕξουσιν
2388 2843 2580 2915 ἡδονὴν
2601 2883 2615 2907 ,
2632 2843 2715 2897 ὅτι
2748 2844 2966 2914 ἔρχεται
2991 2843 3337 2914 κατορθῶσαι
3365 2842 3464 2913 τὴν
3480 2842 3733 2911 οἰκουμέ-

462 2937 655 2991 orbem
689 2944 869 3002 terrae,
903 2944 959 2994 et
990 2936 1116 3008 quia
1147 2952 1340 2993 rursus
1389 2939 1570 2994 veniet
1595 2939 1660 2993 ad
1694 2940 2041 3011 iudicandam

2156 2953 2296 3006 νην,
2358 2937 2455 2989 καὶ
2476 2937 2561 2988 ὅτι
2622 2936 2785 2991 πάλιν
2817 2936 3033 3006 ἔρχεται
3093 2939 3279 3006 κρῖναι
3323 2934 3421 3007 τὴν
3454 2934 3581 3004 γῆν,
3628 2933 3727 2987 καὶ

463 3041 692 3096 terram,
754 3039 809 3084 et
840 3030 906 3084 ad
954 3030 1361 3085 retribueudum
1398 3032 1695 3102 unicuique
1751 3033 2041 3088 secundum

2160 3027 2454 3081 ἀποδοῦναι
2478 3027 2576 3097 μὲν
2599 3027 2813 3097 ἑκάστῳ
2838 3028 2977 3081 κατὰ
3007 3028 3075 3083 τὰ
3106 3028 3242 3097 ἔργα
3271 3024 3465 3088 αὐτοῦ,
3502 3022 3727 3078 ἐλευθεο

465 3136 634 3195 opera
699 3135 821 3186 sua,
885 3130 941 3181 et
986 3120 1053 3174 ad
1107 3121 1450 3183 liberandum
1513 3125 1780 3178 elementa
1829 3140 1859 3179 a
1922 3139 2043 3179 cor-

465 3212 739 3280 raptione.

536 3303 702 3365 Vens.
746 3306 833 3359 15.
874 3302 1155 3365 ,Ιιιάὶοαὺίι
1210 3304 1382 3357 orbem
1416 3313 1569 3359 terra
1601 3304 1654 3357 in
1708 3305 1944 3375 justitia,
1998 3317 2049 3362 et

464 3396 687 3468 populos
739 3397 793 3449 in
826 3396 1048 3450 ueritate
1111 3412 1235 3450 sua.
1290 3395 1392 3450 Per
1419 3396 1602 3450 orbem
1648 3405 1808 3452 terra:
1861 3405 2051 3469 gentes

468 3489 721 3557 intelligit
762 3488 817 3543 in
884 3488 1020 3544 orbe
1064 3488 1427 3555 habitantes;
1468 3502 1568 3557 per
1618 3489 1855 3558 populos
1888 3504 2045 3553 vero,

472 3582 624 3651 ipsos
656 3578 894 3636 Judazos.
928 3580 1060 3637 Vel:
1115 3596 1209 3650 per
1248 3580 1437 3635 orbem
1515 3587 1700 3647 teme,
1736 3589 1789 3633 et
1822 3594 1916 3649 per
1953 3594 2050 3649 po-

472 3672 655 3745 pulos,
692 3670 835 3726 idem
890 3688 1047 3744 mque
1102 3671 1417 3741 signiﬁcat;
1473 3671 1706 3741 populos
1745 3678 1928 3725 autem
1990 3671 2047 3724 in

467 3762 665 3831 plurali
705 3778 936 3817 numero
990 3762 1129 3817 dixit
1164 3762 1235 3817 ob
1284 3762 1702 3837 generationum
1752 3760 2044 3816 diversita-

464 3851 899 3909 tem.Judicavit
967 3860 1150 3906 autem
1217 3851 1476 3907 Christus
1518 3852 1573 3905 in
1640 3852 1877 3921 justitia,
1943 3850 2047 3904 hoc

2155 3116 2333 3186 ρῶσαι
2361 3116 2419 3170 δὲ
2445 3118 2541 3171 καὶ
2570 3116 2637 3175 τὰ
2674 3119 2935 3187 στοιχεῖα,
2972 3117 3080 3170 ἀπὸ
3106 3118 3203 3187 τῆς
3230 3116 3459 3187 φθορᾶς.

2217 3300 2419 3367 Κρινεῖ
2488 3298 3009 3368 τὴνῖοίκουμένην
3055 3298 3125 3351 ἐν·
3181 3296 3566 3363 δικαιοσύνῃ,
3622 3295 3727 3350 καί

2147 3391 2338 3455 λαοὺς
2370 3390 2441 3443 ἐν
2469 3389 2541 3457 τῇ
2570 3390 2821 3456 ἀληθείᾳ
2851 3388 3060 3443 αὑτοῦ.
3107 3386 3452 3456 Οίκουμένην
3489 3386 3611 3455 μὲν,
3656 3386 3727 3438 τά

2147 3482 2247 3549 τῆς
2307 3481 2632 3553 οἰκουμένης
2678 3482 2840 3551 ἔθνη·
2870 3481 3059 3543 λαοὺς
3105 3479 3187 3542 δὲ,
3218 3478 3344 3540 τοὺς
3412 3477 3722 3539 Ἰουδαίους.

2155 3575 2224 3625 Ἥ
2274 3574 2607 3644 οίκουμένην
2659 3572 2757 3625 atat
2784 3571 2970 3635 λαοὺς,
3007 3571 3069 3629 τὸ
3095 3569 3228 3623 αὐτὸ
3266 3570 3513 3640 νοήσεις·
3557 3568 3724 3631 λαοὺς

2145 3665 2203 3717 δὲ
2232 3664 2637 3735 πληθυντικῶς,
2662 3663 2751 3718 διὰ
2764 3663 2865 3726 τὰς
2887 3662 3091 3726 πολλὰς
3108 3661 3377 3733 διαφορὰς
3399 3660 3721 3729 τῶν-τινῶν.

2146 3760 2339 3827 Κρινεῖ
2363 3760 2419 3811 δὲ
2441 3756 2667 3820 δικαίως
2692 3757 2812 3827 μὶν,
2836 3754 3443 3826 ὠςάπροσωπόληπτος
3461 3770 3475 3786 ·
3504 3752 3724 3823 ἀληθῶς

2142 3850 2222 3915 δὲ,
2256 3852 2332 3915 ὡς
2364 3852 2546 3905 πάντα
2577 3849 2755 3914 είδὼς.

463 3953 547 4002 est
598 3946 767 4015 juste,
817 3946 946 4016 quia
1008 3962 1119 4000 non
1188 3955 1271 4003 est
1318 3959 1683 4017 personarum
1725 3955 2031 4017 acceptor:
2073 3955 2126 4000 et
2156 3946 2213 4001 in
2271 3948 2499 4003 veritate
2556 3944 2849 4017 iudicabit,
2895 3944 3068 4002 veluti
3132 3944 3181 4001 is
3218 3943 3311 4015 qui
3366 3942 3552 4001 omnia
3620 3956 3728 3998 exn

470 4036 751 4101 artissime
777 4036 951 4088 novit.

568 4128 682 4200 Ipsi
713 4128 880 4188 David
921 4125 1135 4199 quando
1165 4134 1309 4179 terra
1334 4125 1450 4195 ejus
1498 4127 1791 4181 constituta
1828 4137 1933 4181 est.
1984 4195 2003 4201 γ’

965 4216 1288 4273 PSALMUS
1328 4215 1515 4272 XCVI.

532 4312 633 4373 llic
671 4312 915 4385 psalmus
972 4309 1230 4365 similiter
1278 4309 1641 4379 inscriptione
1694 4320 1851 4366 caret
1895 4313 2043 4382 apud

464 4405 746 4459 Hebraeos.
797 4402 951 4457 Hauc
1011 4411 1191 4455 autem
1233 4401 1647 4471 inscriptionem
1681 4417 1788 4456 nx
1837 4403 1886 4458 ei
1942 4405 2045 4458 im-

2147 4122 2399 4193 Ψαλμὸς
2428 4122 2509 4187 τῷ
2535 4121 2733 4187 Δαϐίὸ,
2765 4122 2949 4181 ὁπότε
2973 4121 3013 4189 ἡ
3034 4121 3108 4193 γῆ
3129 4122 3317 4183 αὑτοῦ
3346 4123 3723 4178 καθίσταται.

2684 4215 2982 4270 unum:
3037 4213 3171 4283 ις’.

2211 4308 2623 4377 ’Δνεπίγραφος
2653 4307 2747 4361 καὶ
2768 4302 2923 4371 οὗτος
2948 4308 3081 4379 παρ’
3121 4307 3417 4379 Ἑϐραίοις.
3440 4309 3504 4362 Οί
3540 4308 3728 4364 Ἐἰδο-

2148 4401 2395 4472 μήκοντα
2447 4399 2503 4457 δὲ
2559 4398 2659 4453 καὶ
2715 4398 2925 4468 ταύτην
2972 4398 3072 4470 τὴν
3100 4400 3416 4469 ἐπιγραφὴν
3439 4400 3725 4471 ἐπέθηκαν

461 4502 788 4564 posuerunt,
823 4507 986 4561 quam
1021 4490 1266 4545 arbitrati
1307 4501 1437 4545 sunt
1469 4491 1618 4546 illius
1650 4502 2032 4562 argumentum

2146 4496 2536 4565 στοχασάμενοι
2579 4494 2679 4564 τῆς
2720 4495 3049 4558 ὑποθέσεως.
3116 4494 3205 4560 Τῷ
3245 4495 3423 4553 Δαόἰδ
3473 4496 3593 4566 μὲν,
3633 4496 3722 4550 ὅτι

460 4587 767 4639 continere.
833 4583 939 4652 ipsi
1010 4581 1156 4636 enim
1229 4579 1398 4636 David
1456 4580 1578 4636 ideo
1625 4582 2046 4653 inscripserunt,

463 4679 591 4747 quia
620 4676 688 4729 ad
738 4675 1019 4729 Christum
1079 4674 1340 4743 pertinet,
1382 4674 1474 4743 qui
1532 4673 1801 4730 oriundus
1833 4685 1920 4731 est
1978 4692 2045 4731 ex

464 4784 663 4841 genere
754 4765 945 4823 David.
1022 4765 1088 4821 Et
1167 4764 1576 4821 aliterzDavid
1650 4766 2047 4837 interpretatur

464 4874 626 4918 manu
658 4856 835 4926 fortis,
891 4856 1037 4912 unde
1070 4871 1169 4926 per
1226 4869 1391 4910 manu
1452 4855 1674 4922 fortem,
1716 4858 1891 4927 ipsum
1914 4873 2043 4927 pro-

464 4952 582 5023 prie
632 4948 914 5003 Christum
958 4948 1339 5019 intelligimus,
1383 4952 1475 5019 qui
1520 4949 1866 5018 omnipotens
1926 4960 2031 5006 est.

462 5040 690 5107 Quando
726 5051 864 5094 terra
914 5041 1029 5109 ejus
1059 5042 1345 5094 constituta
1391 5049 1489 5105 est,
1544 5041 1647 5095 hoc
1687 5048 1793 5106 est,
1816 5040 2035 5110 quando

460 5148 649 5203 pacem
712 5143 764 5188 et
805 5132 1253 5203 tranquillitatem
1311 5132 1525 5199 habuit,
1565 5133 1790 5188 liberata
1845 5148 1875 5186 a
1929 5133 2039 5188 dae-

462 5238 684 5287 monum
743 5222 1049 5292 tyrannide.
1120 5220 1336 5275 Domini
1398 5221 1543 5276 enim
1600 5221 1798 5289 inquit,
1866 5232 2035 5283 terra,

2146 4587 2223 4657 τῷ
2253 4588 2318 4639 ix
2341 4585 2507 4639 Δασὶδ
2540 4585 2766 4657 Χριστῷ
2804 4586 3152 4641 ἀνατέθειται
3180 4603 3196 4620 ·
3238 4589 3337 4645 καὶ
3363 4587 3544 4651 ἄλλως
3578 4589 3716 4657 γὰρ,

2143 4677 2238 4730 τοῦ
2270 4676 2433 4729 Δαϐίδ
2479 4675 2571 4728 τὸν
2619 4676 2802 4730 ίκανδν
2832 4677 2978 4748 χειρὶ
3025 4678 3406 4746 σημαίνοντος,
3439 4679 3624 4741 ἱκανὸς
3648 4679 3722 4732 ἂν

2142 4766 2227 4835 εἴη
2271 4767 2415 4835 χειρὶ
2459 4765 2666 4836 κυρίως
2706 4758 2899 4830 οὗτος,
2940 4766 3016 4829 ὼς
3055 4767 3463 4838 παντοδύναμος
3504 4768 3721 4821 Ὁπότε

2141 4854 2199 4907 δὲ
2226 4855 2265 4921 ἠ
2294 4854 2371 4923 γῆ
2412 4855 2602 4909 αὐτοῦ
2656 4857 3003 4922 καθίστατο,
3032 4858 3340 4923 τουτέστιν,
3374 4859 3535 4912 ὁπότε
3556 4859 3714 4929 είρή-

2143 4963 2326 5012 νευσε,
2351 4947 2448 5003 καὶ
2480 4948 2832 5016 ἑγαληνίασε,
2855 4951 2954 5020 τῆς
2970 4952 3279 5021 τυραννίδος
3308 4951 3417 5007 τῶν
3444 4951 3718 5020 δαιμόνων

2144 5040 2546 5108 ἀπαλλαγεῖσα.
2603 5041 2719 5095 Τοῦ
2757 5044 2982 5111 Κυρίου
3015 5044 3094 5108 δὲ,
3126 5046 3311 5113 φησιν,
3336 5045 3375 5111 ή
3406 5041 3483 5111 τῆ
3511 5043 3609 5095 καί
3644 5042 3718 5094 τὸ

2145 5129 2437 5198 πλήρωμα
2460 5131 2676 5199 αὐτῆς.
2704 5131 2839 5191 Τότε
2861 5127 2954 5187 οὖν
2984 5134 3228 5204 ἥρμοσεν
3276 5134 3425 5203 αὐτῷ
3448 5133 3477 5184 ὁ
3498 5129 3719 5202 ψαλμὸς

2145 5216 2297 5286 οὗτος
2315 5223 2424 5294 πρὸ
2445 5223 2642 5277 πολλοῦ
2678 5224 2972 5289 συντεθείς.

456 5324 505 5367 et
568 5314 837 5383 plenitudo
866 5314 1002 5383 ejus.
1051 5310 1207 5366 Tune
1280 5310 1426 5365 enim
1476 5312 1566 5367 hic
1606 5311 1852 5381 psalmus
1876 5311 2099 5366 Christo
2138 5327 2266 5368 vero
2296 5316 2777 5381 accommodatur,
2845 5318 3062 5379 tametsi
3095 5318 3267 5376 multo
3304 5327 3550 5387 tempore
3612 5330 3721 5371 an-

459 5417 544 5461 tea
576 5408 765 5462 fuisset
792 5407 1140 5476 compositUS.

530 5499 694 5556 Vens.
746 5500 799 5556 i.
836 5499 1092 5565 Dominus
1157 5504 1408 5572 regnavit,
1473 5499 1699 5554 exsultet
1747 5508 1915 5553 terra.
1959 5497 2036 5553 De

465 5591 567 5645 hoc
598 5592 763 5646 verbo
827 5608 1066 5661 regnare,
1108 5593 1347 5648 diximus
1407 5595 1459 5647 in
1490 5592 1761 5661 superiori
1803 5592 2036 5660 psalmo.

463 5682 733 5749 Regnavit
774 5694 953 5738 autem
1025 5683 1289 5739 Dominus
1349 5685 1634 5741 destructo
1682 5684 1931 5739 dzemone
1985 5695 2038 5738 et

2230 5500 2294 5554 '0
2350 5501 2571 5567 Κύριος
2611 5500 3041 5569 ἐϐασίλευσεν,
3103 5503 3486 5574 circumdatae)
3524 5501 3564 5567 ἡ
3609 5501 3715 5571 φῆ.

2149 5592 2285 5660 Περὶ
2341 5591 2432 5643 τοῦ
2465 5592 2886 5658 ἐϐασίλευσεν,
2920 5596 2977 5647 ὲν
3027 5594 3105 5666 τῷ
3148 5597 3253 5666 πρὸ
3282 5597 3470 5649 τούτου
3510 5594 3720 5663 ψαλμῷ

2146 5680 2377 5752 ὲρῤήθη.
2427 5680 2777 5735 Ἐὖασίλευσε
2815 5686 3142 5739 καταϐαλὼν
3173 5687 3262 5741 τὸν
3290 5685 3536 5743 διάῦολον
3558 5700 3570 5715 ·
3613 5685 3715 5735 καὶ
