4102 6206
367 347 472 412 977
1502 346 1892 408 COMMENT.
1937 347 2022 408 ΙΝ
2056 348 2420 412 PSAIMOS.
3521 351 3628 413 θῖὸ

360 458 570 514 ἀνελὼν
597 455 696 526 τὴν
746 456 1142 528 βασιλεύουσαν
1182 455 1485 525 ἁμαρτίαν.
1530 455 1642 508 Kal
1678 454 1807 525 περὶ
1837 456 1935 526 τῆς

2047 461 2293 522 peccato,
2330 453 2426 523 qui
2482 461 2646 508 antea
2713 455 2766 508 in
2817 453 2954 510 orbe
3019 455 3343 525 regnabant.
3408 456 3484 513 De
3529 472 3631 513 ex-

363 549 741 620 ἁγαλλιάσεως
760 549 816 602 δὲ
844 549 944 617 τῆς
975 549 1078 618 γῆς
1103 550 1161 602 ὲν
1187 548 1382 614 ἐκείνῳ
1406 548 1650 618 εἴρηται.

2047 543 2336 600 scitatione
2385 554 2544 603 terrae
2627 545 2700 600 ibi
2723 546 2884 600 etiam
2917 549 3124 604 dictum
3165 557 3272 604 est.

434 642 974 708 Εὑφρανθήτωσαν
1010 639 1194 708 νῆσοι
1236 639 1484 694 πολλαί.
1545 641 1612 692 At
1649 640 1793 694 κατά
1831 640 1944 710 χὼ-

2113 635 2383 692 Lcetentur
2415 638 2608 694 insula:
2639 641 2842 697 multa.
2880 641 3141 697 Ecelesim
3199 641 3461 698 nimirum
3507 660 3632 715 qua:

365 750 468 803 ραν
517 731 813 802 ἐκκλησίαι
853 732 954 801 τῆς
981 731 1234 802 ἁλμυρᾶς
1261 729 1524 794 ἀπιστίας
1546 728 1897 799 ἀνακύψασαι
1923 743 1938 759 ⁸

2047 727 2095 782 in
2135 727 2305 785 variis
2336 738 2466 784 sunt
2495 732 2702 787 mundi
2761 733 3032 803 partibus,
3077 747 3311 804 quaeque
3348 735 3417 789 ab
3443 751 3630 791 amara

363 824 460 876 καὶ
508 821 852 891 πανταχόθεν
909 821 1010 892 μὲν
1083 821 1553 892 περικλυζόμεναι
1591 822 1705 884 τοῖς
1733 820 1945 891 κύμασι

2047 829 2098 876 et
2125 821 2502 892 salsuginosa.
2551 834 2618 880 ut
2665 825 2738 879 ita
2770 825 2972 894 dicam,
3021 827 3361 893 inﬁdelitate,
3424 829 3633 883 insula.

362 914 473 966 τῶν
518 917 877 985 πειρασμῶν,
921 915 1086 987 πῆξιν
1121 915 1177 968 δὲ
1229 916 1287 968 ὲν
1314 915 1394 985 τῷ
1439 915 1663 986 Χριστῷ
1711 914 1942 986 βάσιμον

2053 927 2174 968 rum
2215 914 2392 986 instar
2439 916 2664 974 elevatae
2695 929 2875 985 sunt;
2935 935 3168 989 qumque
3206 920 3332 975 licet
3389 921 3632 977 assiduis

363 1005 726 1073 κεκτημέναι.
759 1008 828 1058 Ἢ
862 1006 956 1059 καὶ
983 1004 1169 1069 ἁπλῶς
1195 1006 1480 1075 νοήσωμεν
1509 1006 1608 1069 τὰς
1644 1022 1939 1059 πεπιστευ-

2052 1007 2418 1063 tentationum
2450 1009 2712 1066 ﬂuctibus
2765 1010 3136 1082 impellantur,
3211 1011 3629 1071 [initiamentnm

363 1098 524 1154 κυίας
550 1095 727 1166 ψυχάς
749 1112 764 1128 ⁸
795 1097 987 1168 ὥσπερ
1009 1098 1104 1150 καὶ
1136 1098 1261 1167 γῆν,
1283 1096 1386 1168 τὴν
1413 1096 1592 1150 κτίσιν
1611 1096 1707 1166 τὴν
1722 1097 1939 1167 καινήν.

2054 1104 2237 1154 tamen
2300 1115 2366 1157 ac
2427 1103 2659 1157 solidam
2731 1103 2784 1158 in
2827 1119 2954 1174 rege
3005 1117 3108 1160 suo
3163 1105 3384 1160 Christo
3411 1107 3630 1161 stabili-

363 1201 530 1246 tatem
606 1191 832 1246 habent.
881 1192 974 1248 γει
1053 1207 1149 1261 per
1185 1192 1419 1258 insulas,
1475 1193 1803 1263 simpliciter
1867 1187 2108 1245 lideliunt
2186 1195 2434 1251 omnium
2512 1195 2730 1253 animas
2813 1197 3092 1269 intelligo;
3162 1205 3217 1253 et
3273 1213 3372 1270 per
3424 1207 3628 1255 terrain

364 1297 559 1337 novam
603 1293 942 1337 creaturam.

428 1374 669 1443 Νεφέλη
699 1377 797 1430 καὶ
828 1378 1055 1446 γνόφος
1085 1379 1294 1444 κύκλῳ
1325 1380 1536 1435 αὐτοῦ.
1575 1381 1797 1450 Νεφέλη
1850 1380 1948 1434 καὶ

2119 1375 2289 1430 Vens.
2339 1374 2393 1429 2.
2441 1372 2623 1429 Nubes
2676 1384 2726 1430 et
2759 1376 2934 1448 caligo
2990 1379 3050 1432 in
3103 1380 3331 1434 circuitu
3363 1380 3502 1450 ejus.
3535 1381 3636 1438 Per

357 1467 576 1534 γνόφος,
634 1469 671 1538 ὴ
719 1469 1128 1540 προσληφθεῖσα
1181 1472 1342 1542 σὰρξ.
1390 1472 1467 1535 ὡς
1515 1473 1948 1544 ὑποκρύπτουσα

2047 1467 2251 1522 nubetu
2282 1474 2338 1521 et
2389 1481 2489 1536 per
2517 1466 2839 1536 caliginem,
2873 1481 3212 1538 assumptum
3275 1486 3496 1528 carnem
3553 1473 3635 1526 in-

357 1557 458 1628 τὴν
488 1559 721 1631 θεότητα
745 1577 760 1592 ν
813 1561 956 1616 ἔοικε
983 1564 1040 1617 δὲ
1073 1563 1236 1618 τοῦτο
1298 1569 1413 1628 τοῖς
1443 1568 1501 1620 ἐν
1535 1565 1614 1637 τῷ
1644 1566 1713 1632 ιζ’
1743 1567 1948 1640 ψαλμῷ

2047 1561 2258 1628 tellige,
2301 1573 2425 1629 quae
2480 1558 2826 1614 divinitatem
2889 1561 3226 1616 occultabat.
3251 1561 3464 1618 Similia
3498 1580 3636 1635 pene

359 1653 585 1721 ῥητοῖς·
647 1651 764 1708 Kal
827 1656 998 1710 ἔθετο
1037 1657 1260 1725 σκότος
1307 1657 1679 1729 ἀποκρυφὴν
1731 1661 1946 1727 αὑτοῦ,

358 1744 564 1812 κύκλῳ
586 1745 776 1801 αὐτοῦ
799 1745 838 1814 ἠ
864 1746 1073 1818 σκηνὴ
1103 1747 1322 1804 αὐτοῦ.

425 1929 794 1999 Δικαιοσύνη
826 1930 922 1984 καί
966 1931 1147 2001 κρῖμα
1179 1933 1550 2000 κατόρθωσις
1572 1932 1682 1987 τοῦ
1717 1934 1942 2002 θρόνου

357 2021 568 2076 αὐτοῦ.
623 2021 739 2092 Τῆς
799 2021 1085 2091 βασιλείας
1115 2024 1282 2078 αὐτοῦ
1309 2042 1324 2056 ο
1353 2026 1528 2078 ταῦτα
1573 2025 1685 2097 γὰρ
1718 2025 1940 2095 κατώρ-

359 2113 504 2168 θωσε
542 2112 891 2184 βασιλεύσας.
928 2116 1040 2168 Kal
1070 2116 1242 2180 ὅντως
1283 2117 1470 2170 δικαία
1501 2117 1707 2188 κρίσις.
1754 2118 1816 2172 τὸ
1848 2119 1944 2172 τὸν

361 2207 464 2276 μὲν
487 2205 860 2277 τυραννοῦντα
882 2207 1130 2262 διάϐολον
1155 2209 1408 2264 καθελεῖν
1436 2252 1454 2276 ,
1496 2211 1624 2274 τοὺς
1651 2209 1710 2264 δὲ
1735 2228 1938 2280 τυραν-

359 2295 654 2365 νωμένους
693 2296 1031 2367 ἀνθρώπους·
1063 2297 1452 2370 ἐλευθερῶσαι.
1491 2301 1559 2354 "ll
1603 2301 1700 2355 καὶ⁵
1728 2302 1904 2365 ἄλλως
1926 2318 1942 2335 ·

359 2387 745 2458 Δικαιοσύνην,
777 2389 900 2458 ἦτοι
930 2390 1165 2446 καθόλου
1195 2394 1380 2446 πᾶσαν
1417 2393 1642 2466 ἀρετὴν,
1679 2396 1773 2449 καὶ
1814 2395 1939 2465 κρί-

361 2495 449 2532 σιν
499 2479 689 2553 όρθὴν,
753 2479 936 2536 εῐτουν
987 2481 1262 2553 διάκρισιν
1307 2484 1547 2550 ἐδίδαξεν
1597 2490 1630 2558 ὴ
1689 2487 1942 2558 βασιλεία

357 2572 552 2627 αὑτοῦ.

429 2760 556 2829 Πῦρ
584 2759 841 2813 ἐνώπιον
867 2761 1053 2815 αὑτοῦ
1099 2762 1605 2829 προπορεύσεται.
1657 2763 1763 2816 καὶ
1789 2765 1941 2831 φλο-

357 2851 476 2920 γιεῖ
504 2851 708 2914 κύκλῳ
738 2849 882 2916 τοὺς
918 2850 1176 2920 ἐχθροὺς
1218 2852 1430 2906 αὐτοῦ.
1471 2853 1660 2905 Ταῦτα
1688 2852 1784 2905 τοῦ
1817 2860 1944 2907 και·

358 2941 454 3011 ροῦ
514 2941 617 3012 τῆς
676 2941 1025 3012 παγκοσμίου
1059 2942 1323 3013 κρίσεως.
1376 2943 1552 2998 Τοῦτο
1601 2947 1696 2998 καὶ
1747 2945 1946 3016 Δανιὴλ

355 3033 696 3104 θεασάμενος
757 3033 1020 3105 ἔγραψεν.
1065 3037 1150 3090 δτι
1189 3037 1463 3105 Ποταμὲς
1499 3036 1692 3104 πυρὸς
1739 3032 1946 3092 εἷλκεν

2048 1651 2209 1708 verba
2249 1665 2313 1706 ea
2342 1659 2496 1715 sunt,
2558 1665 2683 1720 qua!
2745 1651 3018 1705 habentur
3083 1651 3140 1706 in
3201 1653 3416 1722 psalmo
3474 1671 3631 1709 xm:

1973 1776 2018 1832 Β
2055 1741 2246 1799 Posuit
2278 1743 2519 1798 tenebras
2553 1743 2842 1832 latibulum
2919 1758 3100 1808 suum,
3157 1744 3213 1798 in
3267 1745 3496 1801 circuitu
3521 1746 3636 1816 ejus

2051 1836 2458 1894 tabernaculum
2487 1836 2625 1906 ejus.
2654 1831 2662 1841 “

2119 1926 2346 1982 Iustitia
2409 1935 2459 1982 et
2486 1927 2752 1996 judicium
2774 1930 2994 1986 directio
3026 1933 3202 1988 throni
3229 1933 3451 2002 ejus.-—
3473 1931 3640 1986 Tura-

2057 2020 2113 2074 ni
2159 2018 2315 2089 ejus,
2353 2032 2454 2089 pro
2487 2018 2640 2088 regni
2693 2017 2817 2088 ejus
2855 2021 3014 2085 dixit,
3047 2021 3192 2092 quod
3247 2035 3472 2092 regnum
3523 2022 3638 2092 ipse

2044 2111 2302 2167 Christus
2369 2125 2610 2182 regnans
2671 2111 2895 2168 direxit.
2967 2112 3104 2168 illud
3142 2124 3330 2170 autem
3371 2129 3501 2169 vere
3532 2113 3638 2169 fuit

2041 2204 2250 2275 justum
2328 2202 2623 2274 judicium,
2679 2220 2792 2275 quo
2846 2215 2902 2261 et
2971 2214 3266 2279 tyrannum
3335 2207 3638 2262 dzemonem

2042 2296 2364 2361 destruxit,
2436 2306 2492 2353 et
2548 2313 2875 2368 oppressum
2951 2300 3243 2370 tyrannide
3329 2300 3634 2356 humanum

2043 2405 2219 2459 genus
2275 2389 2530 2447 salvavit.
2589 2389 2687 2446 Vel
2724 2391 2928 2447 aliter:
2962 2391 3067 2448 Per
3112 2393 3411 2462 justitiam,
3437 2394 3493 2448 in
3519 2395 3638 2449 uni'

2044 2496 2289 2544 versum,
2361 2496 2530 2538 omne
2581 2483 2809 2541 virtutis
2863 2500 3041 2554 genus
3116 2484 3380 2555 intellige,
3433 2492 3490 2540 et
3543 2501 3638 2555 per

2040 2571 2334 2642 judicium,
2378 2573 2768 2630 rectitudinem
2797 2590 2862 2630 ac
2893 2576 3313 2643 discretionem,
3353 2592 3479 2648 quae
3516 2593 3641 2633 om-

2045 2665 2136 2718 nia
2175 2673 2444 2736 regnante
2475 2664 2698 2719 Christo
2728 2665 3050 2720 didicimus.

2116 2756 2284 2812 Vens.
2335 2757 2393 2812 5.
2423 2755 2576 2828 Ignis
2611 2766 2734 2812 ante
2765 2759 2936 2824 ipsum
3002 2758 3282 2826 prwcedct,
3313 2769 3362 2814 et
3421 2760 3638 2830 inflant-

2046 2850 2212 2904 tnabit
2263 2849 2318 2903 in
2364 2849 2595 2904 circuitu
2645 2850 2889 2904 inimicos
2945 2852 3085 2918 ejus.
3131 2851 3259 2905 llaec
3304 2853 3469 2906 verba
3522 2869 3642 2922 per‘

2047 2941 2226 2994 tinent
2273 2939 2342 2994 ad
2398 2947 2618 3008 tempus
2703 2941 3033 2997 universalis
3105 2942 3326 3012 jndicii,
3377 2943 3524 3012 quod
3585 2953 3640 2998 et

2047 3030 2320 3100 propheta
2353 3029 2542 3086 Daniel
2607 3031 2959 3102 prospiciens
2987 3033 3174 3088 dixit:
3217 3032 3437 3088 Firmius
3499 3036 3638 3104 ignis
3711 3073 3714 3077 -

353 3128 699 3193 ἔμπροσθεν
740 3127 949 3181 αὑτοῦ.
993 3126 1209 3199 Ἐχθροὶ
1232 3128 1289 3181 δὲ
1327 3127 1493 3183 αὐτοῦ
1526 3129 1722 3192 κοινῶς
1739 3130 1942 3195 πάντες

2047 3123 2288 3178 trahebat
2312 3123 2564 3195 gradiens
2599 3135 2723 3180 ante
2775 3141 2894 3179 eum
2924 3127 2994 3180 ”.
3027 3126 3234 3183 Christi
3271 3142 3403 3182 vero
3432 3127 3639 3182 inimici

354 3217 408 3269 oi
440 3217 517 3286 τῷ
555 3216 735 3289 ἐχθρῷ
768 3216 933 3271 αὐτοῦ
975 3218 1210 3288 διαϐόλῳ
1264 3219 1598 3292 πειθόμενοι.
1627 3222 1848 3289 Κύκλῳ
1883 3223 1942 3278 δὲ

354 3306 543 3374 αὑτοῦ,
580 3309 647 3364 ἀν
660 3309 704 3361 τὶ
755 3307 878 3377 τοῦ,
913 3309 1280 3379 πανταχόθεν.

432 3494 710 3562 Ἕςριιναν
750 3495 812 3547 αὶ
872 3493 1180 3562 ἀστραπαὶ
1240 3495 1431 3551 αὐτοῦ
1479 3494 1556 3565 τῇ
1593 3497 1939 3569 οικουμένῃ.

357 3588 421 3641 Ol
448 3585 742 3642 ἀπόστολοι
766 3602 782 3618 ·
813 3588 908 3640 τοῦ
933 3586 1192 3657 ἀληθινοῦ
1215 3587 1326 3659 γὰρ
1352 3590 1717 3660 μετασχόντες
1741 3592 1937 3660 φωτὸς,

357 3676 645 3749 ἦστραψαν
675 3679 771 3732 καὶ
790 3679 970 3742 αὐτοὶ,
990 3679 1129 3750 πρὸς
1155 3677 1251 3742 οὒς
1276 3678 1373 3732 καὶ
1396 3681 1425 3732 ὁ
1450 3681 1690 3750 Χριστὸς
1720 3681 1939 3750 ἔλεγεν·

371 3769 571 3837 Ὑμεῖς
627 3771 770 3825 ἐστε
804 3772 872 3824 τὸ
900 3770 1028 3839 φῶς
1070 3771 1178 3826 τοῦ
1209 3771 1467 3841 κόσμου.
1521 3773 1693 3827 Τοῦτο
1729 3775 1943 3847 συνᾴδει

356 3861 439 3931 τῷ
491 3859 640 3932 ῥητῷ
694 3862 788 3915 τοῦ
829 3863 1122 3933 εἰρημένου
1173 3862 1415 3935 ψαλμοῦ.
1469 3863 1581 3936 τῷ’
1620 3866 1944 3935 Ἀνθρακες

360 3953 731 4023 ἁνλήεοθησαν
758 3954 860 4009 ἀπ’
891 3954 1101 4010 αὐτοῦ.

435 4137 598 4192 Εῒὸε
631 4136 729 4190 καί
773 4136 1080 4202 ἐσαλεύθη
1123 4136 1163 4204 ἡ
1343 4129 1466 4192 Εῐδε
1504 4135 1605 4201 τὰς
1651 4138 1944 4209 ἀστραπὰς

363 4227 567 4290 ταύτας
591 4228 686 4281 καὶ
708 4228 1058 4296 ἐσκίρτησεν.
1093 4229 1163 4280 ’11
1195 4228 1529 4300 μετεκινήθη
1558 4228 1668 4282 ἀπὸ
1689 4229 1792 4300 τῆς
1814 4230 1946 4285 πλά-

365 4335 465 4387 νης
539 4318 634 4370 ἐπὶ
691 4317 794 4388 τὴν
824 4317 1087 4385 ἀλήθειαν
1112 4333 1127 4350 ·
1157 4319 1253 4370 xal
1289 4318 1400 4372 ἀπὸ
1425 4317 1522 4372 τοῦ
1572 4319 1823 4385 σκότους,
1850 4321 1945 4374 ἐπὶ

2051 3231 2246 3272 omnes
2274 3227 2423 3283 sunt,
2459 3216 2550 3287 qui
2586 3217 2812 3272 inimico
2845 3217 2967 3288 ejus
2984 3215 3208 3273 diabolo
3235 3217 3637 3288 obtemperant.

2050 3306 2111 3362 in
2142 3307 2369 3361 circuitu
2401 3315 2582 3362 autem
2635 3308 2772 3378 ejus,
2825 3307 2931 3364 hoc
2969 3318 3089 3364 est:
3147 3307 3414 3380 undique,
3475 3315 3642 3378 atque

2049 3411 2116 3455 ex
2154 3397 2306 3453 omni
2351 3409 2536 3465 parte.

2122 3488 2292 3545 Vens.
2327 3491 2382 3546 4.
2436 3490 2738 3546 Illuxeruut
2800 3491 3024 3562 fulgura
3106 3491 3222 3562 ejus
3285 3491 3401 3546 orbi
3459 3501 3636 3547 terrea.

2049 3581 2302 3652 Apostoli
2337 3580 2626 3644 nimirum,
2655 3581 2748 3650 qui
2791 3597 2935 3636 verae
2965 3582 3101 3636 lucis
3148 3583 3448 3654 participes
3506 3583 3639 3640 eﬂ‘e-

2050 3673 2124 3730 cti
2177 3682 2330 3739 sunt,
2370 3688 2437 3729 ac
2500 3674 2671 3728 veluti
2727 3681 2878 3729 astra
2951 3673 3204 3744 qua-dam
3284 3678 3639 3730 coruscantia

2049 3767 2312 3823 omnibus
2344 3780 2671 3838 apparuere,
2725 3774 2781 3823 et
2817 3765 2905 3820 ad
2961 3781 3101 3834 quos
3129 3781 3159 3820 a
3190 3766 3412 3823 Christo
3433 3767 3638 3822 dictum

2051 3861 2288 3934 legimus
2311 3877 2330 3916 :
2373 3859 2476 3916 Vos
2515 3861 2643 3915 estis
2683 3861 2778 3915 tua:
2800 3860 2987 3915 mundi
3015 3860 3083 3916 ’⁸.
3111 3859 3365 3931 Suntque
3394 3874 3638 3916 consona

2050 3956 2168 4012 haec
2203 3953 2369 4010 verba
2426 3953 2494 4010 iis
2546 3969 2670 4020 qua:
2717 3954 2774 4008 in
2826 3953 3177 4025 prmallegato
3202 3954 3412 4025 psalmo
3441 3953 3642 4010 haben-

2054 4057 2165 4108 tur,
2221 4045 2297 4101 ibi
2329 4063 2344 4101 :
2392 4045 2662 4103 Carbones
2718 4045 2960 4100 succensi
2987 4055 3114 4100 sunt
3147 4045 3212 4099 ab
3245 4061 3325 4100 eo.

2133 4135 2300 4202 Vidit,
2357 4145 2408 4190 et
2443 4143 2708 4190 commota
2733 4143 2812 4189 est
2844 4145 3006 4189 terra.
3044 4134 3190 4191 Vidit
3248 4135 3633 4205 hujuscemodi

2056 4229 2294 4300 fulgura.
2364 4237 2420 4282 et
2493 4227 2814 4284 exsultavit.
2878 4225 2996 4292 Vel,
3054 4235 3352 4292 commota,
3423 4228 3476 4283 id
3531 4237 3638 4295 est,

2052 4327 2394 4375 commutata
2427 4330 2534 4387 est,
2587 4319 2655 4374 ab
2691 4331 2880 4374 errore
2925 4317 3183 4372 nimirum
3224 4317 3295 4373 ad
3327 4319 3638 4381 veritatem,

365 4410 426 4462 τὸ
456 4411 592 4479 φῶς.
641 4411 711 4463 Ἢ
749 4409 1042 4480 ἐσαλεύθη,
1084 4410 1172 4462 ἵνα
1205 4411 1456 4480 κρεῖττον
1500 4411 1796 4483 ἐδραιωθῇ.
1834 4412 1944 4466 Καὶ

2051 4418 2108 4468 et
2154 4427 2184 4468 a
2218 4410 2464 4468 tenebris
2551 4409 2619 4466 ad
2681 4410 2900 4466 lucem:
2953 4409 3039 4464 vel
3101 4417 3376 4464 commota
3415 4417 3522 4475 est,
3578 4421 3638 4464 ut

361 4501 622 4564 τέκτονες
647 4501 758 4572 γὰρ
779 4503 850 4556 τὰ
877 4502 1263 4556 παλαιωθέντα
1291 4499 1541 4568 θέλοντες
1561 4480 1943 4572 ἀνακαινίσαι,

2058 4505 2262 4561 melius
2291 4504 2657 4560 stabiliretur.
2719 4501 3002 4572 Siquidem
3035 4501 3277 4558 artiﬁces
3309 4502 3462 4574 prius
3488 4518 3640 4557 com.

367 4593 690 4646 σαλεύουσιν
741 4592 884 4647 αὐτὰ
941 4594 1226 4665 πρότερον.
1284 4594 1374 4649 Διὸ
1410 4596 1542 4666 περὶ
1594 4597 1807 4651 Παύλου
1855 4599 1954 4654 καὶ

367 4685 498 4738 Σίλα
523 4685 669 4750 τινὲς
697 4686 910 4755 ἔλεγονο
953 4689 1019 4741 Ol
1045 4691 1164 4755 τὴν
1189 4689 1555 4759 οἰκουμένην
1607 4690 1954 4746 ἀναστατώ-

367 4793 613 4844 σαντες,
641 4778 796 4832 οὕτω
828 4778 929 4837 καὶ
956 4779 1174 4835 ἐνθάδε
1198 4779 1460 4850 πάρεισι.

446 4961 525 5017 Τὰ
569 4959 679 5030 ὅρη
722 4959 867 5016 ὡσεὶ
908 4959 1093 5029 κηρὸς
1139 4959 1448 5028 ἐτάκησαν
1475 4961 1596 5016 ἀπὸ
1621 4963 1951 5032 προσώπου

369 5051 594 5119 Κυρίου
613 5067 629 5084 ·
662 5050 785 5107 ἀπὸ
814 5051 1145 5121 προσώπου
1162 5053 1386 5122 Κυρίου
1421 5052 1628 5121 πάσης
1661 5055 1774 5123 τῆς
1803 5056 1943 5126 γῆς.

372 5143 516 5212 Ὀρη
544 5143 846 5214 τροπικῶς,
887 5145 938 5198 oi
969 5145 1247 5215 δαίμονες,
1277 5145 1369 5200 διὰ
1404 5144 1467 5198 τὸ
1488 5146 1825 5216 ἐπηρμένον,
1855 5149 1954 5203 καὶ

367 5233 716 5298 ἀλαζονικὸν.
737 5236 836 5292 καὶ
863 5235 1138 5304 ἄκαρπον,
1166 5237 1260 5292 καὶ
1283 5237 1541 5310 σκληρὸν,
1570 5239 1664 5293 καὶ
1691 5241 1952 5312 κρημνῶο

368 5327 460 5390 δεξ
489 5342 504 5357 ·
531 5327 749 5399 εἴρηται
777 5327 834 5382 δὲ
861 5327 958 5382 καὶ
998 5329 1058 5383 ὲν
1077 5327 1157 5399 τῷ
1190 5327 1268 5395 ξεν
1313 5327 1514 5400 ψαλμῷ
1532 5344 1548 5361 ⁶
1591 5327 1688 5395 Ὠς
1709 5329 1954 5397 τήκεται

371 5420 556 5488 κηρὸς
589 5420 708 5474 ἀπὸ
737 5421 1064 5489 προσώπου
1103 5421 1316 5489 πυρὸς,
1355 5423 1546 5487 οὕτως
1578 5422 1955 5478 ἀπολοῦνται

369 5513 425 5565 oi
486 5513 822 5582 ἁμαρτωλοὶ
887 5515 1008 5571 ἀπὸ
1077 5515 1408 5585 προσώπου
1468 5516 1577 5572 τοῦ
1629 5517 1802 5573 Θεοῦ.
1843 5519 1955 5574 Kal

372 5604 652 5674 ἀνάγνωθι
681 5606 782 5678 τὴν
805 5607 1069 5681 ἐξήγησιν
1094 5608 1284 5667 αὑτοῦ.

2051 4611 2273 4653 movere
2320 4595 2509 4651 omnia
2558 4610 2622 4651 ea
2668 4597 2867 4658 solent,
2917 4609 3040 4665 quae
3107 4594 3299 4648 volunt
3347 4610 3635 4652 renovare.

2049 4689 2180 4747 ideo
2222 4689 2293 4744 de
2342 4687 2517 4744 Paulo
2561 4695 2618 4743 et
2672 4685 2790 4742 Sila
2843 4687 2898 4741 in
2933 4685 3088 4741 Actis
3127 4685 3336 4741 dictum
3380 4688 3638 4759 legimus,

2049 4795 2116 4837 ex
2158 4779 2454 4852 impiorum
2527 4792 2806 4847 persona:
2834 4776 2903 4832 Ili
2951 4793 3208 4832 concusso
3241 4779 3488 4834 universo
3515 4778 3640 4834 orbe

2051 4874 2156 4928 huc
2187 4871 2403 4927 ueniunt
2429 4869 2500 4924 ’⁷.

2122 4963 2292 5018 Vens.
2339 4962 2394 5017 5.
2449 4961 2652 5017 Montes
2693 4962 2850 5029 quasi
2899 4975 3042 5024 cera,
3123 4959 3397 5030 liquefacti
3453 4971 3574 5015 sunt
3607 4978 3640 5014 a

2054 5055 2192 5127 facie
2225 5053 2468 5118 Domini,
2515 5069 2548 5107 a
2578 5052 2717 5122 facie
2794 5051 3012 5106 Domini
3084 5052 3250 5105 totius
3307 5063 3481 5105 terrm.
3537 5051 3641 5106 Per

2054 5157 2270 5204 montes
2321 5147 2556 5219 ﬁgurate
2606 5145 2758 5215 ipsos
2837 5144 3116 5199 daemones
3175 5140 3454 5210 intelligit,
3509 5140 3638 5208 quia

2051 5240 2182 5297 elati
2263 5247 2428 5310 atque
2477 5237 2532 5292 in
2594 5237 2764 5292 altum
2816 5234 3222 5306 quodammodo
3258 5233 3637 5297 elevattsuut,

2060 5340 2116 5387 et
2170 5337 2529 5399 arrogantes;
2563 5327 2780 5382 steriles
2828 5325 2958 5380 item
3016 5339 3079 5379 ac
3125 5320 3308 5392 rigidi,
3362 5331 3417 5376 et
3446 5321 3640 5391 praeci-

2059 5421 2211 5492 pitiis
2243 5435 2309 5475 ac
2338 5420 2631 5490 praeruptis
2667 5418 2806 5474 locis
2849 5415 3062 5472 referti.
3095 5415 3314 5468 Dictum
3359 5425 3444 5469 est
3473 5415 3638 5469 etiam

2061 5517 2116 5572 in
2167 5515 2384 5585 psalmo
2433 5528 2603 5578 vau,
2690 5510 2836 5582 quod
2889 5507 3345 5574 Quemadmodum
3401 5508 3638 5580 liquescit

2061 5623 2185 5661 cera
2216 5624 2247 5660 a
2279 5606 2416 5675 facie
2469 5606 2628 5676 ignis,
2665 5605 2742 5659 sic
2786 5612 3004 5672 pereunt
3076 5609 3375 5668 peccatores
3415 5619 3446 5654 a
3503 5600 3640 5671 facie

2064 5700 2183 5756 Dei.
2215 5699 2293 5756 lbi
2349 5699 2496 5755 vide.

445 5804 492 5835 "
517 5801 650 5858 Dan.
696 5821 794 5874 vn,
828 5807 881 5876 9,
921 5809 1008 5864 10.
1085 5812 1132 5845 ’⁸
1173 5809 1364 5866 Matth.
1404 5827 1455 5880 ν,
1493 5813 1578 5868 ll.
1657 5813 1698 5844 ⁸⁷
1737 5813 1856 5868 Act.
1894 5827 2028 5878 xv",
2076 5811 2128 5868 6.
