  <div class='ocr_page' id='page_1' title='image "/cluster/home/n/w/nwhite01/storage/ocr_20150623/128/hvd.32044073502403/496.png"; bbox 0 0 4102 6206; ppageno 0'>
   <div class='ocr_carea' id='block_1_1' title="bbox 380 294 485 361">
    <p class='ocr_par' dir='ltr' id='par_1_1' title="bbox 380 294 485 361">
     <span class='ocr_line' id='line_1_1' title="bbox 380 294 485 361; baseline 0 0"><span class='ocrx_word' id='word_1_1' title='bbox 380 294 485 361; x_wconf 72' lang='lat'><strong>981</strong></span> 
     </span>
    </p>
   </div>
   <div class='ocr_carea' id='block_1_2' title="bbox 1485 309 2423 376">
    <p class='ocr_par' dir='ltr' id='par_1_2' title="bbox 1485 309 2423 376">
     <span class='ocr_line' id='line_1_2' title="bbox 1485 309 2423 376; baseline 0.002 -4"><span class='ocrx_word' id='word_1_2' title='bbox 1485 309 1877 373; x_wconf 79' lang='lat' dir='ltr'><strong>COMMENT.</strong></span> <span class='ocrx_word' id='word_1_3' title='bbox 1936 311 2019 371; x_wconf 86' lang='lat' dir='ltr'><strong>IN</strong></span> <span class='ocrx_word' id='word_1_4' title='bbox 2060 313 2423 376; x_wconf 79' lang='lat' dir='ltr'><strong>PSALMOS.</strong></span> 
     </span>
    </p>
   </div>
   <div class='ocr_carea' id='block_1_3' title="bbox 3515 316 3623 379">
    <p class='ocr_par' dir='ltr' id='par_1_3' title="bbox 3515 316 3623 379">
     <span class='ocr_line' id='line_1_3' title="bbox 3515 316 3623 379; baseline -0.019 0"><span class='ocrx_word' id='word_1_5' title='bbox 3515 316 3623 379; x_wconf 64' lang='grc' dir='ltr'>ςεε</span> 
     </span>
    </p>
   </div>
   <div class='ocr_carea' id='block_1_4' title="bbox 376 401 1958 504">
    <p class='ocr_par' dir='ltr' id='par_1_4' title="bbox 376 401 1952 497">
     <span class='ocr_line' id='line_1_4' title="bbox 376 401 1952 497; baseline 0.009 -30"><span class='ocrx_word' id='word_1_6' title='bbox 376 414 501 468; x_wconf 75' lang='grc' dir='ltr'>ἀντὶ</span> <span class='ocrx_word' id='word_1_7' title='bbox 529 415 645 483; x_wconf 83' lang='grc' dir='ltr'>τοῦ,</span> <span class='ocrx_word' id='word_1_8' title='bbox 662 415 894 487; x_wconf 83' lang='grc' dir='ltr'>’Υψηλδς</span> <span class='ocrx_word' id='word_1_9' title='bbox 914 401 1286 493; x_wconf 67' lang='grc' dir='ltr'>ἐγνωρισθης’</span> <span class='ocrx_word' id='word_1_10' title='bbox 1318 420 1492 477; x_wconf 78' lang='grc' dir='ltr'>ειπὼν</span> <span class='ocrx_word' id='word_1_11' title='bbox 1507 424 1566 478; x_wconf 82' lang='grc' dir='ltr'><strong>δὲ</strong></span> <span class='ocrx_word' id='word_1_12' title='bbox 1592 427 1675 480; x_wconf 83' lang='grc' dir='ltr'>ὅτι</span> <span class='ocrx_word' id='word_1_13' title='bbox 1692 427 1952 497; x_wconf 73' lang='grc' dir='ltr'>σφόδρα,</span> 
     </span>
    </p>
   </div>
   <div class='ocr_carea' id='block_1_5' title="bbox 2061 401 3623 504">
    <p class='ocr_par' dir='ltr' id='par_1_5' title="bbox 2061 433 3623 504">
     <span class='ocr_line' id='line_1_5' title="bbox 2061 433 3623 504; baseline 0.002 -18"><span class='ocrx_word' id='word_1_14' title='bbox 2061 433 2366 491; x_wconf 76' lang='lat' dir='ltr'><strong>sublimitas</strong></span> <span class='ocrx_word' id='word_1_15' title='bbox 2401 433 2618 491; x_wconf 89' lang='lat' dir='ltr'><strong>illorum</strong></span> <span class='ocrx_word' id='word_1_16' title='bbox 2653 434 2995 491; x_wconf 85' lang='lat' dir='ltr'><strong>altitudinem</strong></span> <span class='ocrx_word' id='word_1_17' title='bbox 3037 443 3278 504; x_wconf 87' lang='lat' dir='ltr'><strong>superat.</strong></span> <span class='ocrx_word' id='word_1_18' title='bbox 3340 435 3623 490; x_wconf 76' lang='lat' dir='ltr'><strong>Exultatus</strong></span> 
     </span>
    </p>
   </div>
   <div class='ocr_carea' id='block_1_6' title="bbox 378 505 1952 587">
    <p class='ocr_par' dir='ltr' id='par_1_6' title="bbox 378 505 1952 587">
     <span class='ocr_line' id='line_1_6' title="bbox 378 505 1952 587; baseline 0.01 -30"><span class='ocrx_word' id='word_1_19' title='bbox 378 506 475 557; x_wconf 77' lang='grc' dir='ltr'><strong>καὶ</strong></span> <span class='ocrx_word' id='word_1_20' title='bbox 511 505 595 569; x_wconf 79' lang='grc' dir='ltr'><strong>δὶς</strong></span> <span class='ocrx_word' id='word_1_21' title='bbox 621 508 978 581; x_wconf 86' lang='grc' dir='ltr'>χρησάμενος</span> <span class='ocrx_word' id='word_1_22' title='bbox 1003 509 1066 563; x_wconf 78' lang='grc' dir='ltr'>τὸ</span> <span class='ocrx_word' id='word_1_23' title='bbox 1126 510 1303 581; x_wconf 79' lang='grc' dir='ltr'>ὑπὲρ,</span> <span class='ocrx_word' id='word_1_24' title='bbox 1338 513 1588 570; x_wconf 71' lang='grc' dir='ltr'>ἐπέτεινε</span> <span class='ocrx_word' id='word_1_25' title='bbox 1623 517 1726 587; x_wconf 75' lang='grc' dir='ltr'><strong>τὴν</strong></span> <span class='ocrx_word' id='word_1_26' title='bbox 1759 518 1952 572; x_wconf 74' lang='grc' dir='ltr'>ἐπίτα-</span> 
     </span>
    </p>
   </div>
   <div class='ocr_carea' id='block_1_7' title="bbox 380 596 991 669">
    <p class='ocr_par' dir='ltr' id='par_1_7' title="bbox 380 596 991 669">
     <span class='ocr_line' id='line_1_7' title="bbox 380 596 991 669; baseline 0.01 -20"><span class='ocrx_word' id='word_1_27' title='bbox 380 613 468 651; x_wconf 97' lang='grc' dir='ltr'><strong>σιν</strong></span> <span class='ocrx_word' id='word_1_28' title='bbox 499 596 593 652; x_wconf 80' lang='grc' dir='ltr'>τοῦ</span> <span class='ocrx_word' id='word_1_29' title='bbox 619 598 809 669; x_wconf 78' lang='grc' dir='ltr'>ὕψους.</span> <span class='ocrx_word' id='word_1_30' title='bbox 968 598 991 619; x_wconf 65' lang='lat'><strong>‘</strong></span> 
     </span>
    </p>
   </div>
   <div class='ocr_carea' id='block_1_8' title="bbox 456 898 1949 987">
    <p class='ocr_par' dir='ltr' id='par_1_8' title="bbox 456 898 1949 987">
     <span class='ocr_line' id='line_1_8' title="bbox 456 898 1949 987; baseline 0.013 -37"><span class='ocrx_word' id='word_1_31' title='bbox 456 899 522 987; x_wconf 83' lang='grc' dir='ltr'>οι</span> <span class='ocrx_word' id='word_1_32' title='bbox 577 898 925 968; x_wconf 75' lang='grc' dir='ltr'><strong>ἀγαπῶντες</strong></span> <span class='ocrx_word' id='word_1_33' title='bbox 979 902 1089 958; x_wconf 77' lang='grc' dir='ltr'><strong>τὸν</strong></span> <span class='ocrx_word' id='word_1_34' title='bbox 1122 905 1367 974; x_wconf 78' lang='grc' dir='ltr'><strong>Κύριον,</strong></span> <span class='ocrx_word' id='word_1_35' title='bbox 1412 910 1650 978; x_wconf 79' lang='grc' dir='ltr'><strong>μισεῖτε</strong></span> <span class='ocrx_word' id='word_1_36' title='bbox 1693 913 1949 981; x_wconf 77' lang='grc' dir='ltr'>πονηρά.</span> 
     </span>
    </p>
   </div>
   <div class='ocr_carea' id='block_1_9' title="bbox 380 991 1698 1071">
    <p class='ocr_par' dir='ltr' id='par_1_9' title="bbox 380 991 1698 1071">
     <span class='ocr_line' id='line_1_9' title="bbox 380 991 1698 1071; baseline 0.013 -29"><span class='ocrx_word' id='word_1_37' title='bbox 380 991 766 1061; x_wconf 83' lang='grc' dir='ltr'>Μισοπόνηρος</span> <span class='ocrx_word' id='word_1_38' title='bbox 793 993 906 1063; x_wconf 84' lang='grc' dir='ltr'>γὰρ</span> <span class='ocrx_word' id='word_1_39' title='bbox 932 995 962 1047; x_wconf 79' lang='grc' dir='ltr'><strong>ὁ</strong></span> <span class='ocrx_word' id='word_1_40' title='bbox 994 996 1224 1067; x_wconf 79' lang='grc' dir='ltr'>Κύριος,</span> <span class='ocrx_word' id='word_1_41' title='bbox 1241 1001 1351 1053; x_wconf 73' lang='grc' dir='ltr'>’καὶ</span> <span class='ocrx_word' id='word_1_42' title='bbox 1374 1001 1698 1071; x_wconf 79' lang='grc' dir='ltr'><strong>φιλάγαθος.</strong></span> 
     </span>
    </p>
   </div>
   <div class='ocr_carea' id='block_1_10' title="bbox 452 1082 1950 1157">
    <p class='ocr_par' dir='ltr' id='par_1_10' title="bbox 452 1082 1950 1157">
     <span class='ocr_line' id='line_1_10' title="bbox 452 1082 1950 1157; baseline 0.011 -24"><span class='ocrx_word' id='word_1_43' title='bbox 452 1082 764 1136; x_wconf 73' lang='grc' dir='ltr'>Φυλάσσει</span> <span class='ocrx_word' id='word_1_44' title='bbox 789 1083 1002 1152; x_wconf 83' lang='grc' dir='ltr'>Κύριος</span> <span class='ocrx_word' id='word_1_45' title='bbox 1023 1086 1132 1152; x_wconf 79' lang='grc' dir='ltr'>τὰς</span> <span class='ocrx_word' id='word_1_46' title='bbox 1159 1089 1364 1157; x_wconf 70' lang='grc' dir='ltr'><strong>ψυχὰς</strong></span> <span class='ocrx_word' id='word_1_47' title='bbox 1386 1089 1506 1144; x_wconf 88' lang='grc' dir='ltr'><strong>τῶν</strong></span> <span class='ocrx_word' id='word_1_48' title='bbox 1532 1092 1723 1146; x_wconf 79' lang='grc' dir='ltr'><strong>ὁσίων</strong></span> <span class='ocrx_word' id='word_1_49' title='bbox 1742 1094 1950 1150; x_wconf 80' lang='grc' dir='ltr'>αὐτοῦ.</span> 
     </span>
    </p>
   </div>
   <div class='ocr_carea' id='block_1_11' title="bbox 382 1169 1682 1253">
    <p class='ocr_par' dir='ltr' id='par_1_11' title="bbox 382 1169 1682 1253">
     <span class='ocr_line' id='line_1_11' title="bbox 382 1169 1682 1253; baseline 0.01 -31"><span class='ocrx_word' id='word_1_50' title='bbox 382 1169 505 1223; x_wconf 86' lang='grc' dir='ltr'><strong>Τῶν</strong></span> <span class='ocrx_word' id='word_1_51' title='bbox 534 1170 945 1242; x_wconf 79' lang='grc' dir='ltr'>ἀφωσιωμένων</span> <span class='ocrx_word' id='word_1_52' title='bbox 975 1175 1070 1228; x_wconf 78' lang='grc' dir='ltr'>καὶ</span> <span class='ocrx_word' id='word_1_53' title='bbox 1096 1176 1476 1249; x_wconf 76' lang='grc' dir='ltr'><strong>ἀνακειμένων</strong></span> <span class='ocrx_word' id='word_1_54' title='bbox 1512 1180 1682 1253; x_wconf 82' lang='grc' dir='ltr'>αὐτῷ.</span> 
     </span>
    </p>
   </div>
   <div class='ocr_carea' id='block_1_12' title="bbox 466 1347 1957 1434">
    <p class='ocr_par' dir='ltr' id='par_1_12' title="bbox 466 1347 1957 1434">
     <span class='ocr_line' id='line_1_12' title="bbox 466 1347 1957 1434; baseline 0.011 -35"><span class='ocrx_word' id='word_1_55' title='bbox 466 1347 567 1400; x_wconf 79' lang='grc' dir='ltr'>Ἕκ</span> <span class='ocrx_word' id='word_1_56' title='bbox 592 1348 797 1419; x_wconf 80' lang='grc' dir='ltr'>χειρὸς</span> <span class='ocrx_word' id='word_1_57' title='bbox 819 1350 1172 1419; x_wconf 76' lang='grc' dir='ltr'>ἀμαρτωλοῦ</span> <span class='ocrx_word' id='word_1_58' title='bbox 1198 1356 1454 1427; x_wconf 82' lang='grc' dir='ltr'>ῥύσεται</span> <span class='ocrx_word' id='word_1_59' title='bbox 1484 1358 1729 1418; x_wconf 61' lang='lat' dir='ltr'><strong>notabo.</strong></span> <span class='ocrx_word' id='word_1_60' title='bbox 1786 1360 1957 1434; x_wconf 84' lang='grc' dir='ltr'>Ἐπη-</span> 
     </span>
    </p>
   </div>
   <div class='ocr_carea' id='block_1_13' title="bbox 384 1437 1954 1520">
    <p class='ocr_par' dir='ltr' id='par_1_13' title="bbox 384 1437 1954 1520">
     <span class='ocr_line' id='line_1_13' title="bbox 384 1437 1954 1520; baseline 0.013 -33"><span class='ocrx_word' id='word_1_61' title='bbox 384 1437 772 1506; x_wconf 79' lang='grc' dir='ltr'>ρεαζομένους.</span> <span class='ocrx_word' id='word_1_62' title='bbox 819 1439 1174 1511; x_wconf 75' lang='grc' dir='ltr'>’Δμαρτωλδς</span> <span class='ocrx_word' id='word_1_63' title='bbox 1203 1445 1261 1498; x_wconf 84' lang='grc' dir='ltr'><strong>δὲ</strong></span> <span class='ocrx_word' id='word_1_64' title='bbox 1286 1448 1538 1517; x_wconf 76' lang='grc' dir='ltr'>κυρξωςό</span> <span class='ocrx_word' id='word_1_65' title='bbox 1575 1448 1845 1520; x_wconf 76' lang='grc' dir='ltr'>διάϐολος,</span> <span class='ocrx_word' id='word_1_66' title='bbox 1877 1453 1954 1518; x_wconf 86' lang='grc' dir='ltr'>ὡς</span> 
     </span>
    </p>
   </div>
   <div class='ocr_carea' id='block_1_14' title="bbox 381 1527 1385 1607">
    <p class='ocr_par' dir='ltr' id='par_1_14' title="bbox 381 1527 1385 1607">
     <span class='ocr_line' id='line_1_14' title="bbox 381 1527 1385 1607; baseline 0.015 -30"><span class='ocrx_word' id='word_1_67' title='bbox 381 1527 474 1578; x_wconf 79' lang='grc' dir='ltr'>καὶ</span> <span class='ocrx_word' id='word_1_68' title='bbox 504 1527 685 1598; x_wconf 78' lang='grc' dir='ltr'>πάσης</span> <span class='ocrx_word' id='word_1_69' title='bbox 706 1529 989 1601; x_wconf 78' lang='grc' dir='ltr'>ἀμαρτξας</span> <span class='ocrx_word' id='word_1_70' title='bbox 1023 1533 1385 1607; x_wconf 82' lang='grc' dir='ltr'>δημιουργός.</span> 
     </span>
    </p>
   </div>
   <div class='ocr_carea' id='block_1_15' title="bbox 2053 527 3625 599">
    <p class='ocr_par' dir='ltr' id='par_1_15' title="bbox 2053 527 3625 599">
     <span class='ocr_line' id='line_1_15' title="bbox 2053 527 3625 599; baseline -0.001 -14"><span class='ocrx_word' id='word_1_71' title='bbox 2053 543 2114 585; x_wconf 89' lang='lat' dir='ltr'><strong>es</strong></span> <span class='ocrx_word' id='word_1_72' title='bbox 2141 537 2347 594; x_wconf 88' lang='lat' dir='ltr'><strong>autem,</strong></span> <span class='ocrx_word' id='word_1_73' title='bbox 2384 529 2489 584; x_wconf 93' lang='lat' dir='ltr'><strong>hoc</strong></span> <span class='ocrx_word' id='word_1_74' title='bbox 2523 540 2628 593; x_wconf 88' lang='lat' dir='ltr'><strong>est,</strong></span> <span class='ocrx_word' id='word_1_75' title='bbox 2676 529 2929 599; x_wconf 76' lang='lat' dir='ltr'><strong>cognitus</strong></span> <span class='ocrx_word' id='word_1_76' title='bbox 2955 543 3016 584; x_wconf 87' lang='lat' dir='ltr'><strong>es</strong></span> <span class='ocrx_word' id='word_1_77' title='bbox 3046 529 3187 582; x_wconf 86' lang='lat' dir='ltr'><strong>altus</strong></span> <span class='ocrx_word' id='word_1_78' title='bbox 3216 543 3357 583; x_wconf 78' lang='lat' dir='ltr'><strong>esse.</strong></span> <span class='ocrx_word' id='word_1_79' title='bbox 3380 527 3625 583; x_wconf 83' lang='lat' dir='ltr'><strong>Couatur</strong></span> 
     </span>
    </p>
   </div>
   <div class='ocr_carea' id='block_1_16' title="bbox 2055 611 3631 690">
    <p class='ocr_par' dir='ltr' id='par_1_16' title="bbox 2055 611 3631 690">
     <span class='ocr_line' id='line_1_16' title="bbox 2055 611 3631 690; baseline -0.003 -17"><span class='ocrx_word' id='word_1_80' title='bbox 2055 627 2239 675; x_wconf 89' lang='lat' dir='ltr'><strong>autem</strong></span> <span class='ocrx_word' id='word_1_81' title='bbox 2274 619 2360 675; x_wconf 89' lang='lat' dir='ltr'><strong>bis</strong></span> <span class='ocrx_word' id='word_1_82' title='bbox 2392 620 2578 675; x_wconf 80' lang='lat' dir='ltr'><strong>verbis</strong></span> <span class='ocrx_word' id='word_1_83' title='bbox 2632 618 2904 690; x_wconf 78' lang='lat' dir='ltr'><strong>l’rOpbeta</strong></span> <span class='ocrx_word' id='word_1_84' title='bbox 2949 632 3219 673; x_wconf 78' lang='lat' dir='ltr'><strong>summam</strong></span> <span class='ocrx_word' id='word_1_85' title='bbox 3268 611 3631 671; x_wconf 58' lang='lat' dir='ltr'><strong>Dcialtitudi;</strong></span> 
     </span>
    </p>
   </div>
   <div class='ocr_carea' id='block_1_17' title="bbox 2055 710 3627 783">
    <p class='ocr_par' dir='ltr' id='par_1_17' title="bbox 2055 710 3627 783">
     <span class='ocr_line' id='line_1_17' title="bbox 2055 710 3627 783; baseline -0.002 -15"><span class='ocrx_word' id='word_1_86' title='bbox 2055 728 2180 768; x_wconf 88' lang='lat' dir='ltr'><strong>nem</strong></span> <span class='ocrx_word' id='word_1_87' title='bbox 2231 713 2560 783; x_wconf 80' lang='lat' dir='ltr'><strong>exprimere,</strong></span> <span class='ocrx_word' id='word_1_88' title='bbox 2605 712 2771 767; x_wconf 84' lang='lat' dir='ltr'><strong>valde</strong></span> <span class='ocrx_word' id='word_1_89' title='bbox 2797 711 3096 766; x_wconf 78' lang='lat' dir='ltr'><strong>exaltatum</strong></span> <span class='ocrx_word' id='word_1_90' title='bbox 3135 725 3259 765; x_wconf 90' lang='lat' dir='ltr'><strong>eum</strong></span> <span class='ocrx_word' id='word_1_91' title='bbox 3289 725 3413 765; x_wconf 88' lang='lat' dir='ltr'><strong>esse</strong></span> <span class='ocrx_word' id='word_1_92' title='bbox 3439 710 3627 766; x_wconf 87' lang='lat' dir='ltr'><strong>dicens</strong></span> 
     </span>
    </p>
   </div>
   <div class='ocr_carea' id='block_1_18' title="bbox 2055 803 3413 877">
    <p class='ocr_par' dir='ltr' id='par_1_18' title="bbox 2055 803 3413 877">
     <span class='ocr_line' id='line_1_18' title="bbox 2055 803 3413 877; baseline -0.003 -15"><span class='ocrx_word' id='word_1_93' title='bbox 2055 822 2221 877; x_wconf 85' lang='lat' dir='ltr'><strong>super</strong></span> <span class='ocrx_word' id='word_1_94' title='bbox 2249 821 2466 862; x_wconf 86' lang='lat' dir='ltr'><strong>omnem</strong></span> <span class='ocrx_word' id='word_1_95' title='bbox 2496 816 2719 870; x_wconf 87' lang='lat' dir='ltr'><strong>terram,</strong></span> <span class='ocrx_word' id='word_1_96' title='bbox 2749 813 2805 859; x_wconf 88' lang='lat' dir='ltr'><strong>et</strong></span> <span class='ocrx_word' id='word_1_97' title='bbox 2851 819 3018 874; x_wconf 85' lang='lat' dir='ltr'><strong>super</strong></span> <span class='ocrx_word' id='word_1_98' title='bbox 3045 818 3234 860; x_wconf 79' lang='lat' dir='ltr'><strong>omnes</strong></span> <span class='ocrx_word' id='word_1_99' title='bbox 3258 803 3413 858; x_wconf 80' lang='lat' dir='ltr'><strong>deos.</strong></span> 
     </span>
    </p>
   </div>
   <div class='ocr_carea' id='block_1_19' title="bbox 2126 895 3628 967">
    <p class='ocr_par' dir='ltr' id='par_1_19' title="bbox 2126 895 3628 967">
     <span class='ocr_line' id='line_1_19' title="bbox 2126 895 3628 967; baseline 0.001 -15"><span class='ocrx_word' id='word_1_100' title='bbox 2126 897 2294 955; x_wconf 75' lang='lat' dir='ltr'><strong>Vens.</strong></span> <span class='ocrx_word' id='word_1_101' title='bbox 2329 897 2417 952; x_wconf 79' lang='lat' dir='ltr'><strong>lo.</strong></span> <span class='ocrx_word' id='word_1_102' title='bbox 2463 898 2571 964; x_wconf 79' lang='lat' dir='ltr'><strong>Qui</strong></span> <span class='ocrx_word' id='word_1_103' title='bbox 2621 897 2848 967; x_wconf 77' lang='lat' dir='ltr'><strong>diligitis</strong></span> <span class='ocrx_word' id='word_1_104' title='bbox 2894 896 3205 959; x_wconf 72' lang='lat' dir='ltr'><strong>Dominum,</strong></span> <span class='ocrx_word' id='word_1_105' title='bbox 3261 895 3402 951; x_wconf 85' lang='lat' dir='ltr'><strong>adite</strong></span> <span class='ocrx_word' id='word_1_106' title='bbox 3461 895 3628 953; x_wconf 84' lang='lat' dir='ltr'><strong>mala.</strong></span> 
     </span>
    </p>
   </div>
   <div class='ocr_carea' id='block_1_20' title="bbox 2022 987 3293 1058">
    <p class='ocr_par' dir='ltr' id='par_1_20' title="bbox 2022 987 3293 1058">
     <span class='ocr_line' id='line_1_20' title="bbox 2022 987 3293 1058; baseline -0.002 -13"><span class='ocrx_word' id='word_1_107' title='bbox 2022 1020 2025 1023; x_wconf 56' lang='grc' dir='ltr'><strong>λ</strong></span> <span class='ocrx_word' id='word_1_108' title='bbox 2053 988 2184 1045; x_wconf 90' lang='lat' dir='ltr'><strong>Odit</strong></span> <span class='ocrx_word' id='word_1_109' title='bbox 2211 990 2358 1048; x_wconf 89' lang='lat' dir='ltr'><strong>enim</strong></span> <span class='ocrx_word' id='word_1_110' title='bbox 2390 990 2534 1045; x_wconf 89' lang='lat' dir='ltr'><strong>Deus</strong></span> <span class='ocrx_word' id='word_1_111' title='bbox 2569 989 2765 1055; x_wconf 88' lang='lat' dir='ltr'><strong>malos,</strong></span> <span class='ocrx_word' id='word_1_112' title='bbox 2794 997 2849 1043; x_wconf 91' lang='lat' dir='ltr'><strong>et</strong></span> <span class='ocrx_word' id='word_1_113' title='bbox 2882 987 3061 1058; x_wconf 79' lang='lat' dir='ltr'><strong>diligit</strong></span> <span class='ocrx_word' id='word_1_114' title='bbox 3093 988 3293 1043; x_wconf 87' lang='lat' dir='ltr'><strong>bonos.</strong></span> 
     </span>
    </p>
   </div>
   <div class='ocr_carea' id='block_1_21' title="bbox 2130 1082 3625 1141">
    <p class='ocr_par' dir='ltr' id='par_1_21' title="bbox 2130 1082 3625 1141">
     <span class='ocr_line' id='line_1_21' title="bbox 2130 1082 3625 1141; baseline -0.003 -1"><span class='ocrx_word' id='word_1_115' title='bbox 2130 1083 2379 1141; x_wconf 76' lang='lat' dir='ltr'><strong>Custodit</strong></span> <span class='ocrx_word' id='word_1_116' title='bbox 2453 1082 2713 1138; x_wconf 78' lang='lat' dir='ltr'><strong>Dominus</strong></span> <span class='ocrx_word' id='word_1_117' title='bbox 2768 1083 2976 1136; x_wconf 84' lang='lat' dir='ltr'><strong>animas</strong></span> <span class='ocrx_word' id='word_1_118' title='bbox 3035 1090 3337 1136; x_wconf 87' lang='lat' dir='ltr'><strong>sanctorum</strong></span> <span class='ocrx_word' id='word_1_119' title='bbox 3387 1098 3625 1137; x_wconf 85' lang='lat' dir='ltr'><strong>suorum.</strong></span> 
     </span>
    </p>
   </div>
   <div class='ocr_carea' id='block_1_22' title="bbox 2055 1173 3630 1246">
    <p class='ocr_par' dir='ltr' id='par_1_22' title="bbox 2055 1173 3630 1246">
     <span class='ocr_line' id='line_1_22' title="bbox 2055 1173 3630 1246; baseline -0.002 -13"><span class='ocrx_word' id='word_1_120' title='bbox 2055 1177 2260 1234; x_wconf 83' lang='lat' dir='ltr'><strong>Eorum</strong></span> <span class='ocrx_word' id='word_1_121' title='bbox 2291 1175 2570 1238; x_wconf 89' lang='lat' dir='ltr'><strong>nimirum,</strong></span> <span class='ocrx_word' id='word_1_122' title='bbox 2605 1173 2701 1246; x_wconf 87' lang='lat' dir='ltr'><strong>qui</strong></span> <span class='ocrx_word' id='word_1_123' title='bbox 2735 1173 2845 1230; x_wconf 90' lang='lat' dir='ltr'><strong>Deo</strong></span> <span class='ocrx_word' id='word_1_124' title='bbox 2897 1173 3073 1230; x_wconf 81' lang='lat' dir='ltr'><strong>dicati</strong></span> <span class='ocrx_word' id='word_1_125' title='bbox 3135 1181 3299 1245; x_wconf 83' lang='lat' dir='ltr'><strong>atque</strong></span> <span class='ocrx_word' id='word_1_126' title='bbox 3321 1175 3371 1230; x_wconf 92' lang='lat' dir='ltr'><strong>ei</strong></span> <span class='ocrx_word' id='word_1_127' title='bbox 3426 1174 3630 1230; x_wconf 86' lang='lat' dir='ltr'><strong>sancti-</strong></span> 
     </span>
    </p>
   </div>
   <div class='ocr_carea' id='block_1_23' title="bbox 2058 1268 2391 1324">
    <p class='ocr_par' dir='ltr' id='par_1_23' title="bbox 2058 1268 2391 1324">
     <span class='ocr_line' id='line_1_23' title="bbox 2058 1268 2391 1324; baseline -0.006 -1"><span class='ocrx_word' id='word_1_128' title='bbox 2058 1268 2208 1324; x_wconf 79' lang='lat' dir='ltr'><strong>ﬁcati</strong></span> <span class='ocrx_word' id='word_1_129' title='bbox 2240 1275 2391 1324; x_wconf 89' lang='lat' dir='ltr'><strong>sunt.</strong></span> 
     </span>
    </p>
   </div>
   <div class='ocr_carea' id='block_1_24' title="bbox 2079 1360 3630 1429">
    <p class='ocr_par' dir='ltr' id='par_1_24' title="bbox 2079 1360 3630 1429">
     <span class='ocr_line' id='line_1_24' title="bbox 2079 1360 3630 1429; baseline -0.001 -10"><span class='ocrx_word' id='word_1_130' title='bbox 2079 1417 2082 1420; x_wconf 76' lang='lat'><strong>.</strong></span> <span class='ocrx_word' id='word_1_131' title='bbox 2128 1362 2206 1417; x_wconf 85' lang='lat' dir='ltr'><strong>De</strong></span> <span class='ocrx_word' id='word_1_132' title='bbox 2237 1377 2399 1415; x_wconf 85' lang='lat' dir='ltr'><strong>manu</strong></span> <span class='ocrx_word' id='word_1_133' title='bbox 2447 1360 2740 1429; x_wconf 77' lang='lat' dir='ltr'><strong>peccatoris</strong></span> <span class='ocrx_word' id='word_1_134' title='bbox 2771 1360 3018 1416; x_wconf 80' lang='lat' dir='ltr'><strong>liberabit</strong></span> <span class='ocrx_word' id='word_1_135' title='bbox 3046 1377 3156 1416; x_wconf 82' lang='lat' dir='ltr'><strong>eos.</strong></span> <span class='ocrx_word' id='word_1_136' title='bbox 3213 1361 3442 1428; x_wconf 85' lang='lat' dir='ltr'><strong>Quoties</strong></span> <span class='ocrx_word' id='word_1_137' title='bbox 3466 1360 3630 1417; x_wconf 85' lang='lat' dir='ltr'><strong>nimi-</strong></span> 
     </span>
    </p>
   </div>
   <div class='ocr_carea' id='block_1_25' title="bbox 2056 1451 3628 1527">
    <p class='ocr_par' dir='ltr' id='par_1_25' title="bbox 2056 1451 3628 1527">
     <span class='ocr_line' id='line_1_25' title="bbox 2056 1451 3628 1527; baseline -0.003 -16"><span class='ocrx_word' id='word_1_138' title='bbox 2056 1471 2178 1512; x_wconf 87' lang='lat' dir='ltr'><strong>rum</strong></span> <span class='ocrx_word' id='word_1_139' title='bbox 2232 1454 2483 1527; x_wconf 83' lang='lat' dir='ltr'><strong>oppressi</strong></span> <span class='ocrx_word' id='word_1_140' title='bbox 2539 1453 2743 1509; x_wconf 82' lang='lat' dir='ltr'><strong>fuerint</strong></span> <span class='ocrx_word' id='word_1_141' title='bbox 2824 1461 2881 1509; x_wconf 88' lang='lat' dir='ltr'><strong>et</strong></span> <span class='ocrx_word' id='word_1_142' title='bbox 2936 1454 3076 1511; x_wconf 81' lang='lat' dir='ltr'><strong>laesi.</strong></span> <span class='ocrx_word' id='word_1_143' title='bbox 3117 1451 3384 1510; x_wconf 85' lang='lat' dir='ltr'><strong>Peccator</strong></span> <span class='ocrx_word' id='word_1_144' title='bbox 3443 1461 3628 1508; x_wconf 88' lang='lat' dir='ltr'><strong>autem</strong></span> 
     </span>
    </p>
   </div>
   <div class='ocr_carea' id='block_1_26' title="bbox 2057 1543 3628 1618">
    <p class='ocr_par' dir='ltr' id='par_1_26' title="bbox 2057 1543 3628 1618">
     <span class='ocr_line' id='line_1_26' title="bbox 2057 1543 3628 1618; baseline -0.003 -15"><span class='ocrx_word' id='word_1_145' title='bbox 2057 1547 2278 1618; x_wconf 88' lang='lat' dir='ltr'><strong>proprie</strong></span> <span class='ocrx_word' id='word_1_146' title='bbox 2326 1551 2411 1604; x_wconf 88' lang='lat' dir='ltr'><strong>est</strong></span> <span class='ocrx_word' id='word_1_147' title='bbox 2457 1544 2735 1611; x_wconf 85' lang='lat' dir='ltr'><strong>diabolus,</strong></span> <span class='ocrx_word' id='word_1_148' title='bbox 2810 1543 2978 1601; x_wconf 88' lang='lat' dir='ltr'><strong>veluti</strong></span> <span class='ocrx_word' id='word_1_149' title='bbox 3034 1543 3359 1600; x_wconf 89' lang='lat' dir='ltr'><strong>delictorum</strong></span> <span class='ocrx_word' id='word_1_150' title='bbox 3384 1544 3628 1599; x_wconf 87' lang='lat' dir='ltr'><strong>omnium</strong></span> 
     </span>
    </p>
   </div>
   <div class='ocr_carea' id='block_1_27' title="bbox 2057 1650 2275 1697">
    <p class='ocr_par' dir='ltr' id='par_1_27' title="bbox 2057 1650 2275 1697">
     <span class='ocr_line' id='line_1_27' title="bbox 2057 1650 2275 1697; baseline -0.005 0"><span class='ocrx_word' id='word_1_151' title='bbox 2057 1650 2275 1697; x_wconf 74' lang='lat' dir='ltr'><strong>auctor.</strong></span> 
     </span>
    </p>
   </div>
   <div class='ocr_carea' id='block_1_28' title="bbox 447 1723 1958 1812">
    <p class='ocr_par' dir='ltr' id='par_1_28' title="bbox 447 1723 1953 1812">
     <span class='ocr_line' id='line_1_28' title="bbox 447 1723 1953 1812; baseline 0.013 -34"><span class='ocrx_word' id='word_1_152' title='bbox 447 1723 578 1792; x_wconf 80' lang='grc' dir='ltr'><strong>Φῶς</strong></span> <span class='ocrx_word' id='word_1_153' title='bbox 597 1727 869 1783; x_wconf 76' lang='grc' dir='ltr'><strong>ἀνέτειλε</strong></span> <span class='ocrx_word' id='word_1_154' title='bbox 888 1728 967 1796; x_wconf 80' lang='grc' dir='ltr'>τῷ</span> <span class='ocrx_word' id='word_1_155' title='bbox 997 1730 1225 1797; x_wconf 74' lang='grc' dir='ltr'>δικαίῳ.</span> <span class='ocrx_word' id='word_1_156' title='bbox 1260 1735 1403 1801; x_wconf 81' lang='grc' dir='ltr'>Φῶς,</span> <span class='ocrx_word' id='word_1_157' title='bbox 1445 1737 1505 1790; x_wconf 78' lang='grc' dir='ltr'>τὸ</span> <span class='ocrx_word' id='word_1_158' title='bbox 1535 1738 1631 1793; x_wconf 82' lang='grc' dir='ltr'>τοῦ</span> <span class='ocrx_word' id='word_1_159' title='bbox 1697 1741 1953 1812; x_wconf 82' lang='grc' dir='ltr'>ἀληθινοῦ</span> 
     </span>
    </p>
   </div>
   <div class='ocr_carea' id='block_1_29' title="bbox 2061 1723 3625 1812">
    <p class='ocr_par' dir='ltr' id='par_1_29' title="bbox 2126 1729 3625 1800">
     <span class='ocr_line' id='line_1_29' title="bbox 2126 1729 3625 1800; baseline -0.003 -11"><span class='ocrx_word' id='word_1_160' title='bbox 2126 1732 2408 1791; x_wconf 58' lang='lat' dir='ltr'><strong>Vsus“.</strong></span> <span class='ocrx_word' id='word_1_161' title='bbox 2466 1729 2588 1787; x_wconf 75' lang='lat' dir='ltr'><strong>Lua:</strong></span> <span class='ocrx_word' id='word_1_162' title='bbox 2622 1739 2743 1786; x_wconf 85' lang='lat' dir='ltr'><strong>orta</strong></span> <span class='ocrx_word' id='word_1_163' title='bbox 2788 1737 2867 1786; x_wconf 83' lang='lat' dir='ltr'><strong>est</strong></span> <span class='ocrx_word' id='word_1_164' title='bbox 2913 1729 3083 1800; x_wconf 85' lang='lat' dir='ltr'><strong>justo.</strong></span> <span class='ocrx_word' id='word_1_165' title='bbox 3119 1729 3237 1785; x_wconf 83' lang='lat' dir='ltr'><strong>Lux</strong></span> <span class='ocrx_word' id='word_1_166' title='bbox 3291 1730 3625 1793; x_wconf 71' lang='lat' dir='ltr'><strong>veraelucis,</strong></span> 
     </span>
    </p>
   </div>
   <div class='ocr_carea' id='block_1_30' title="bbox 381 1817 1952 1896">
    <p class='ocr_par' dir='ltr' id='par_1_30' title="bbox 381 1817 1952 1896">
     <span class='ocr_line' id='line_1_30' title="bbox 381 1817 1952 1896; baseline 0.013 -29"><span class='ocrx_word' id='word_1_167' title='bbox 381 1817 583 1885; x_wconf 83' lang='grc' dir='ltr'>φωτὸς,</span> <span class='ocrx_word' id='word_1_168' title='bbox 613 1818 729 1887; x_wconf 76' lang='grc' dir='ltr'><strong>φῶς</strong></span> <span class='ocrx_word' id='word_1_169' title='bbox 772 1823 1145 1891; x_wconf 78' lang='grc' dir='ltr'>πνευματικὸν</span> <span class='ocrx_word' id='word_1_170' title='bbox 1171 1825 1401 1894; x_wconf 61' lang='grc' dir='ltr'>ὁδηγῶν</span> <span class='ocrx_word' id='word_1_171' title='bbox 1449 1829 1613 1883; x_wconf 76' lang='grc' dir='ltr'>αὐτὸν</span> <span class='ocrx_word' id='word_1_172' title='bbox 1645 1832 1727 1896; x_wconf 76' lang='grc' dir='ltr'>εἰς</span> <span class='ocrx_word' id='word_1_173' title='bbox 1770 1836 1952 1888; x_wconf 81' lang='grc' dir='ltr'>πᾶσαν</span> 
     </span>
    </p>
   </div>
   <div class='ocr_carea' id='block_1_31' title="bbox 380 1909 1952 2000">
    <p class='ocr_par' dir='ltr' id='par_1_31' title="bbox 380 1909 1952 2000">
     <span class='ocr_line' id='line_1_31' title="bbox 380 1909 1952 2000; baseline 0.014 -40"><span class='ocrx_word' id='word_1_174' title='bbox 380 1909 659 2000; x_wconf 58' lang='grc' dir='ltr'>αλήθειαν.</span> <span class='ocrx_word' id='word_1_175' title='bbox 689 1912 761 1965; x_wconf 82' lang='grc' dir='ltr'><strong>Ἦ</strong></span> <span class='ocrx_word' id='word_1_176' title='bbox 805 1913 940 1982; x_wconf 83' lang='grc' dir='ltr'>φῶς,</span> <span class='ocrx_word' id='word_1_177' title='bbox 962 1914 1022 1967; x_wconf 73' lang='grc' dir='ltr'>τὸ</span> <span class='ocrx_word' id='word_1_178' title='bbox 1045 1916 1144 1986; x_wconf 78' lang='grc' dir='ltr'>τῆς</span> <span class='ocrx_word' id='word_1_179' title='bbox 1164 1917 1529 1992; x_wconf 76' lang='grc' dir='ltr'><strong>θεωρητικῆς,</strong></span> <span class='ocrx_word' id='word_1_180' title='bbox 1589 1924 1827 1980; x_wconf 77' lang='grc' dir='ltr'><strong>ἀνέτειλε</strong></span> <span class='ocrx_word' id='word_1_181' title='bbox 1873 1929 1952 2000; x_wconf 84' lang='grc' dir='ltr'><strong>τῷ</strong></span> 
     </span>
    </p>
   </div>
   <div class='ocr_carea' id='block_1_32' title="bbox 279 1996 1082 2072">
    <p class='ocr_par' dir='ltr' id='par_1_32' title="bbox 279 1996 1082 2072">
     <span class='ocr_line' id='line_1_32' title="bbox 279 1996 1082 2072; baseline 0.012 -24"><span class='ocrx_word' id='word_1_182' title='bbox 279 2007 287 2013; x_wconf 77' lang='lat'><strong>‘</strong></span> <span class='ocrx_word' id='word_1_183' title='bbox 379 1996 577 2070; x_wconf 80' lang='grc' dir='ltr'>δικαίῳ</span> <span class='ocrx_word' id='word_1_184' title='bbox 601 2000 700 2069; x_wconf 78' lang='grc' dir='ltr'>τὴν</span> <span class='ocrx_word' id='word_1_185' title='bbox 739 2005 1082 2072; x_wconf 85' lang='grc' dir='ltr'>πρακτικήν.</span> 
     </span>
    </p>
   </div>
   <div class='ocr_carea' id='block_1_33' title="bbox 451 2090 1953 2176">
    <p class='ocr_par' dir='ltr' id='par_1_33' title="bbox 451 2090 1953 2176">
     <span class='ocr_line' id='line_1_33' title="bbox 451 2090 1953 2176; baseline 0.013 -32"><span class='ocrx_word' id='word_1_186' title='bbox 451 2090 560 2145; x_wconf 78' lang='lat' dir='ltr'><strong>Kal</strong></span> <span class='ocrx_word' id='word_1_187' title='bbox 582 2091 705 2157; x_wconf 84' lang='grc' dir='ltr'>τοῖς</span> <span class='ocrx_word' id='word_1_188' title='bbox 734 2093 935 2150; x_wconf 79' lang='grc' dir='ltr'>εὐθέσι</span> <span class='ocrx_word' id='word_1_189' title='bbox 987 2095 1065 2167; x_wconf 74' lang='grc' dir='ltr'><em>τῇ</em></span> <span class='ocrx_word' id='word_1_190' title='bbox 1097 2098 1314 2168; x_wconf 78' lang='grc' dir='ltr'>καρδίᾳ</span> <span class='ocrx_word' id='word_1_191' title='bbox 1353 2101 1729 2176; x_wconf 68' lang='grc' dir='ltr'>εὐφροσύνη.</span> <span class='ocrx_word' id='word_1_192' title='bbox 1778 2109 1953 2163; x_wconf 85' lang='grc' dir='ltr'>Πνευ-</span> 
     </span>
    </p>
   </div>
   <div class='ocr_carea' id='block_1_34' title="bbox 383 2184 1018 2257">
    <p class='ocr_par' dir='ltr' id='par_1_34' title="bbox 383 2184 1018 2257">
     <span class='ocr_line' id='line_1_34' title="bbox 383 2184 1018 2257; baseline 0.013 -23"><span class='ocrx_word' id='word_1_193' title='bbox 383 2184 593 2254; x_wconf 57' lang='lat' dir='ltr'><strong>pastui;</strong></span> <span class='ocrx_word' id='word_1_194' title='bbox 644 2202 720 2238; x_wconf 89' lang='grc' dir='ltr'><strong>πα</strong></span> <span class='ocrx_word' id='word_1_195' title='bbox 729 2184 1018 2257; x_wconf 83' lang='grc' dir='ltr'>ρᾶκλησις.</span> 
     </span>
    </p>
   </div>
   <div class='ocr_carea' id='block_1_35' title="bbox 455 2293 1955 2382">
    <p class='ocr_par' dir='ltr' id='par_1_35' title="bbox 455 2293 1955 2382">
     <span class='ocr_line' id='line_1_35' title="bbox 455 2293 1955 2382; baseline 0.013 -35"><span class='ocrx_word' id='word_1_196' title='bbox 455 2293 865 2365; x_wconf 69' lang='grc' dir='ltr'><strong>Εὐφράνθητε,</strong></span> <span class='ocrx_word' id='word_1_197' title='bbox 889 2299 1132 2370; x_wconf 79' lang='grc' dir='ltr'>δίκαιοι,</span> <span class='ocrx_word' id='word_1_198' title='bbox 1153 2305 1219 2359; x_wconf 85' lang='grc' dir='ltr'><strong>ἐν</strong></span> <span class='ocrx_word' id='word_1_199' title='bbox 1237 2307 1318 2373; x_wconf 83' lang='grc' dir='ltr'><strong>τῷ</strong></span> <span class='ocrx_word' id='word_1_200' title='bbox 1334 2310 1549 2378; x_wconf 80' lang='grc' dir='ltr'><strong>Κυρίῳ.</strong></span> <span class='ocrx_word' id='word_1_201' title='bbox 1562 2311 1675 2375; x_wconf 81' lang='grc' dir='ltr'>Τὰς</span> <span class='ocrx_word' id='word_1_202' title='bbox 1692 2312 1955 2382; x_wconf 75' lang='grc' dir='ltr'>βιωτικὰς</span> 
     </span>
    </p>
   </div>
   <div class='ocr_carea' id='block_1_36' title="bbox 383 2382 1950 2474">
    <p class='ocr_par' dir='ltr' id='par_1_36' title="bbox 383 2382 1950 2474">
     <span class='ocr_line' id='line_1_36' title="bbox 383 2382 1950 2474; baseline 0.017 -40"><span class='ocrx_word' id='word_1_203' title='bbox 383 2382 566 2448; x_wconf 77' lang='grc' dir='ltr'>πάσας</span> <span class='ocrx_word' id='word_1_204' title='bbox 604 2385 968 2458; x_wconf 75' lang='grc' dir='ltr'><strong>εὐφροσύνας,</strong></span> <span class='ocrx_word' id='word_1_205' title='bbox 1004 2393 1081 2457; x_wconf 82' lang='grc' dir='ltr'>ὡς</span> <span class='ocrx_word' id='word_1_206' title='bbox 1105 2392 1469 2468; x_wconf 75' lang='grc' dir='ltr'><strong>ψευδομένας,</strong></span> <span class='ocrx_word' id='word_1_207' title='bbox 1511 2403 1894 2474; x_wconf 79' lang='grc' dir='ltr'>ἀποσειόμενοι</span> <span class='ocrx_word' id='word_1_208' title='bbox 1933 2443 1950 2461; x_wconf 90' lang='grc'><strong>.</strong></span> 
     </span>
    </p>
   </div>
   <div class='ocr_carea' id='block_1_37' title="bbox 312 2476 1955 2566">
    <p class='ocr_par' dir='ltr' id='par_1_37' title="bbox 312 2476 1955 2566">
     <span class='ocr_line' id='line_1_37' title="bbox 312 2476 1955 2566; baseline 0.015 -39"><span class='ocrx_word' id='word_1_209' title='bbox 312 2542 315 2543; x_wconf 16' lang='grc' dir='ltr'><em>ν</em></span> <span class='ocrx_word' id='word_1_210' title='bbox 342 2555 347 2559; x_wconf 13' lang='grc' dir='ltr'><em>ρ</em></span> <span class='ocrx_word' id='word_1_211' title='bbox 386 2476 621 2566; x_wconf 70' lang='grc' dir='ltr'>Εἴρηται</span> <span class='ocrx_word' id='word_1_212' title='bbox 649 2477 706 2530; x_wconf 82' lang='grc' dir='ltr'><strong>δὲ</strong></span> <span class='ocrx_word' id='word_1_213' title='bbox 752 2480 848 2532; x_wconf 76' lang='grc' dir='ltr'><strong>καὶ</strong></span> <span class='ocrx_word' id='word_1_214' title='bbox 875 2482 935 2534; x_wconf 82' lang='grc' dir='ltr'><strong>ἐν</strong></span> <span class='ocrx_word' id='word_1_215' title='bbox 969 2483 1046 2554; x_wconf 81' lang='grc' dir='ltr'>τῷ</span> <span class='ocrx_word' id='word_1_216' title='bbox 1077 2484 1220 2540; x_wconf 80' lang='grc' dir='ltr'>τέλει</span> <span class='ocrx_word' id='word_1_217' title='bbox 1253 2490 1347 2541; x_wconf 83' lang='grc' dir='ltr'><strong>τοῦ</strong></span> <span class='ocrx_word' id='word_1_218' title='bbox 1401 2488 1482 2543; x_wconf 86' lang='grc' dir='ltr'><strong>λ6’</strong></span> <span class='ocrx_word' id='word_1_219' title='bbox 1523 2492 1739 2564; x_wconf 82' lang='grc' dir='ltr'><strong>ψαλμοῦ</strong></span> <span class='ocrx_word' id='word_1_220' title='bbox 1769 2511 1782 2526; x_wconf 90' lang='grc'><strong>·</strong></span> <span class='ocrx_word' id='word_1_221' title='bbox 1823 2495 1955 2550; x_wconf 82' lang='grc' dir='ltr'><strong>Ἐύ-</strong></span> 
     </span>
    </p>
   </div>
   <div class='ocr_carea' id='block_1_38' title="bbox 380 2564 1950 2649">
    <p class='ocr_par' dir='ltr' id='par_1_38' title="bbox 380 2564 1950 2649">
     <span class='ocr_line' id='line_1_38' title="bbox 380 2564 1950 2649; baseline 0.017 -35"><span class='ocrx_word' id='word_1_222' title='bbox 380 2564 685 2634; x_wconf 47' lang='lat' dir='ltr'><strong>ﬂorente</strong></span> <span class='ocrx_word' id='word_1_223' title='bbox 723 2568 820 2622; x_wconf 75' lang='grc' dir='ltr'><strong>ἐπὶ</strong></span> <span class='ocrx_word' id='word_1_224' title='bbox 858 2573 1077 2639; x_wconf 86' lang='grc' dir='ltr'><strong>Κύριον</strong></span> <span class='ocrx_word' id='word_1_225' title='bbox 1114 2576 1209 2629; x_wconf 74' lang='grc' dir='ltr'>καὶ</span> <span class='ocrx_word' id='word_1_226' title='bbox 1257 2578 1652 2649; x_wconf 66' lang='grc' dir='ltr'>ἀγαλλιᾶσθε,</span> <span class='ocrx_word' id='word_1_227' title='bbox 1700 2583 1950 2641; x_wconf 77' lang='grc' dir='ltr'><strong>δίκαιοι⁸</strong></span> 
     </span>
    </p>
   </div>
   <div class='ocr_carea' id='block_1_39' title="bbox 382 2657 1342 2738">
    <p class='ocr_par' dir='ltr' id='par_1_39' title="bbox 382 2657 1342 2738">
     <span class='ocr_line' id='line_1_39' title="bbox 382 2657 1342 2738; baseline 0.015 -30"><span class='ocrx_word' id='word_1_228' title='bbox 382 2658 479 2710; x_wconf 74' lang='grc' dir='ltr'><strong>καὶ</strong></span> <span class='ocrx_word' id='word_1_229' title='bbox 513 2657 749 2729; x_wconf 79' lang='grc' dir='ltr'><strong>ζήτησον</strong></span> <span class='ocrx_word' id='word_1_230' title='bbox 792 2662 909 2715; x_wconf 70' lang='grc' dir='ltr'>ἐκεῖ</span> <span class='ocrx_word' id='word_1_231' title='bbox 934 2664 1032 2734; x_wconf 81' lang='grc' dir='ltr'>τὴν</span> <span class='ocrx_word' id='word_1_232' title='bbox 1059 2665 1342 2738; x_wconf 77' lang='grc' dir='ltr'>ἐξήγησιν.</span> 
     </span>
    </p>
   </div>
   <div class='ocr_carea' id='block_1_40' title="bbox 456 2750 1955 2838">
    <p class='ocr_par' dir='ltr' id='par_1_40' title="bbox 456 2750 1955 2838">
     <span class='ocr_line' id='line_1_40' title="bbox 456 2750 1955 2838; baseline 0.015 -36"><span class='ocrx_word' id='word_1_233' title='bbox 456 2750 559 2802; x_wconf 77' lang='lat' dir='ltr'><strong>Kai</strong></span> <span class='ocrx_word' id='word_1_234' title='bbox 602 2751 1064 2824; x_wconf 70' lang='grc' dir='ltr'><strong>ἐξομολογεῖσθε</strong></span> <span class='ocrx_word' id='word_1_235' title='bbox 1092 2757 1167 2829; x_wconf 75' lang='grc' dir='ltr'><em>τῇ</em></span> <span class='ocrx_word' id='word_1_236' title='bbox 1200 2761 1412 2831; x_wconf 84' lang='grc' dir='ltr'>μνήμῃ</span> <span class='ocrx_word' id='word_1_237' title='bbox 1458 2763 1568 2832; x_wconf 82' lang='grc' dir='ltr'>τῆς</span> <span class='ocrx_word' id='word_1_238' title='bbox 1603 2767 1955 2838; x_wconf 81' lang='grc' dir='ltr'>ἁγιωσύνης</span> 
     </span>
    </p>
   </div>
   <div class='ocr_carea' id='block_1_41' title="bbox 384 2841 1953 2931">
    <p class='ocr_par' dir='ltr' id='par_1_41' title="bbox 384 2841 1953 2931">
     <span class='ocr_line' id='line_1_41' title="bbox 384 2841 1953 2931; baseline 0.016 -38"><span class='ocrx_word' id='word_1_239' title='bbox 384 2841 594 2897; x_wconf 81' lang='grc' dir='ltr'>αὐτοῦ.</span> <span class='ocrx_word' id='word_1_240' title='bbox 623 2843 1011 2915; x_wconf 72' lang='grc' dir='ltr'>Εὐχιριστείτε</span> <span class='ocrx_word' id='word_1_241' title='bbox 1039 2851 1099 2904; x_wconf 82' lang='grc' dir='ltr'>ὲν</span> <span class='ocrx_word' id='word_1_242' title='bbox 1133 2851 1211 2922; x_wconf 83' lang='grc' dir='ltr'>τῷ</span> <span class='ocrx_word' id='word_1_243' title='bbox 1238 2857 1607 2925; x_wconf 78' lang='grc' dir='ltr'>μνημονεύειν</span> <span class='ocrx_word' id='word_1_244' title='bbox 1629 2860 1730 2929; x_wconf 78' lang='grc' dir='ltr'>τῆς</span> <span class='ocrx_word' id='word_1_245' title='bbox 1775 2861 1953 2931; x_wconf 80' lang='grc' dir='ltr'>ἁγιω-</span> 
     </span>
    </p>
   </div>
   <div class='ocr_carea' id='block_1_42' title="bbox 386 2933 1959 3020">
    <p class='ocr_par' dir='ltr' id='par_1_42' title="bbox 386 2933 1959 3020">
     <span class='ocr_line' id='line_1_42' title="bbox 386 2933 1959 3020; baseline 0.015 -35"><span class='ocrx_word' id='word_1_246' title='bbox 386 2933 555 3006; x_wconf 76' lang='grc' dir='ltr'>σύνης</span> <span class='ocrx_word' id='word_1_247' title='bbox 589 2936 757 2990; x_wconf 72' lang='grc' dir='ltr'>αὐτοῦ</span> <span class='ocrx_word' id='word_1_248' title='bbox 784 2954 798 2969; x_wconf 75' lang='grc'>⁸</span> <span class='ocrx_word' id='word_1_249' title='bbox 854 2940 938 2993; x_wconf 83' lang='grc' dir='ltr'>ὅτι</span> <span class='ocrx_word' id='word_1_250' title='bbox 971 2943 1313 3015; x_wconf 70' lang='grc' dir='ltr'>ἡγιάσθητεσ</span> <span class='ocrx_word' id='word_1_251' title='bbox 1347 2948 1380 3018; x_wconf 81' lang='grc' dir='ltr'>ἢ</span> <span class='ocrx_word' id='word_1_252' title='bbox 1415 2949 1834 3020; x_wconf 79' lang='grc' dir='ltr'>ἐξομολογεῖσθε</span> <span class='ocrx_word' id='word_1_253' title='bbox 1888 2956 1959 3009; x_wconf 81' lang='grc' dir='ltr'>τὰ</span> 
     </span>
    </p>
   </div>
   <div class='ocr_carea' id='block_1_43' title="bbox 383 3022 1959 3113">
    <p class='ocr_par' dir='ltr' id='par_1_43' title="bbox 383 3022 1959 3113">
     <span class='ocr_line' id='line_1_43' title="bbox 383 3022 1959 3113; baseline 0.015 -36"><span class='ocrx_word' id='word_1_254' title='bbox 383 3022 472 3078; x_wconf 80' lang='grc' dir='ltr'>οἶα</span> <span class='ocrx_word' id='word_1_255' title='bbox 501 3025 702 3097; x_wconf 73' lang='grc' dir='ltr'>δήποτε</span> <span class='ocrx_word' id='word_1_256' title='bbox 730 3030 1075 3101; x_wconf 84' lang='grc' dir='ltr'>μολύσματα,</span> <span class='ocrx_word' id='word_1_257' title='bbox 1094 3037 1155 3088; x_wconf 81' lang='grc' dir='ltr'>ἐν</span> <span class='ocrx_word' id='word_1_258' title='bbox 1184 3036 1260 3109; x_wconf 83' lang='grc' dir='ltr'>τῷ</span> <span class='ocrx_word' id='word_1_259' title='bbox 1282 3041 1650 3108; x_wconf 82' lang='grc' dir='ltr'>μνημονεύειν</span> <span class='ocrx_word' id='word_1_260' title='bbox 1668 3043 1767 3113; x_wconf 78' lang='grc' dir='ltr'>τῆς</span> <span class='ocrx_word' id='word_1_261' title='bbox 1788 3047 1959 3101; x_wconf 86' lang='grc' dir='ltr'>καθα-</span> 
     </span>
    </p>
   </div>
   <div class='ocr_carea' id='block_1_44' title="bbox 389 3114 1959 3199">
    <p class='ocr_par' dir='ltr' id='par_1_44' title="bbox 389 3114 1959 3199">
     <span class='ocr_line' id='line_1_44' title="bbox 389 3114 1959 3199; baseline 0.016 -34"><span class='ocrx_word' id='word_1_262' title='bbox 389 3114 615 3186; x_wconf 59' lang='grc' dir='ltr'>ρότητος</span> <span class='ocrx_word' id='word_1_263' title='bbox 641 3117 830 3174; x_wconf 80' lang='grc' dir='ltr'>αὐτοῦ.</span> <span class='ocrx_word' id='word_1_264' title='bbox 883 3122 1071 3186; x_wconf 80' lang='grc' dir='ltr'><strong>Οὐδεὶς</strong></span> <span class='ocrx_word' id='word_1_265' title='bbox 1125 3124 1234 3196; x_wconf 80' lang='grc' dir='ltr'>γὰρ</span> <span class='ocrx_word' id='word_1_266' title='bbox 1288 3126 1528 3199; x_wconf 75' lang='grc' dir='ltr'>καθαρὸς</span> <span class='ocrx_word' id='word_1_267' title='bbox 1585 3134 1959 3190; x_wconf 80' lang='grc' dir='ltr'>παντάπασιν.</span> 
     </span>
    </p>
   </div>
   <div class='ocr_carea' id='block_1_45' title="bbox 385 3206 1963 3289">
    <p class='ocr_par' dir='ltr' id='par_1_45' title="bbox 385 3206 1963 3289">
     <span class='ocr_line' id='line_1_45' title="bbox 385 3206 1963 3289; baseline 0.013 -33"><span class='ocrx_word' id='word_1_268' title='bbox 385 3206 728 3261; x_wconf 84' lang='grc' dir='ltr'>Δύνανταιδὲ</span> <span class='ocrx_word' id='word_1_269' title='bbox 755 3210 850 3263; x_wconf 73' lang='grc' dir='ltr'>καὶ</span> <span class='ocrx_word' id='word_1_270' title='bbox 904 3210 1084 3267; x_wconf 83' lang='grc' dir='ltr'>πάντα</span> <span class='ocrx_word' id='word_1_271' title='bbox 1112 3214 1182 3267; x_wconf 73' lang='grc' dir='ltr'><strong>τὰ</strong></span> <span class='ocrx_word' id='word_1_272' title='bbox 1205 3215 1316 3269; x_wconf 72' lang='grc' dir='ltr'><strong>ἀπὸ</strong></span> <span class='ocrx_word' id='word_1_273' title='bbox 1358 3217 1477 3283; x_wconf 81' lang='grc' dir='ltr'>τοῦ,</span> <span class='ocrx_word' id='word_1_274' title='bbox 1519 3220 1645 3289; x_wconf 84' lang='grc' dir='ltr'><strong>Πῦρ</strong></span> <span class='ocrx_word' id='word_1_275' title='bbox 1703 3221 1963 3277; x_wconf 82' lang='grc' dir='ltr'>ἐνώπιον</span> 
     </span>
    </p>
   </div>
   <div class='ocr_carea' id='block_1_46' title="bbox 384 3296 1964 3378">
    <p class='ocr_par' dir='ltr' id='par_1_46' title="bbox 384 3296 1964 3378">
     <span class='ocr_line' id='line_1_46' title="bbox 384 3296 1964 3378; baseline 0.014 -31"><span class='ocrx_word' id='word_1_276' title='bbox 384 3296 571 3350; x_wconf 81' lang='grc' dir='ltr'>αὑτοῦ</span> <span class='ocrx_word' id='word_1_277' title='bbox 618 3301 1073 3367; x_wconf 79' lang='grc' dir='ltr'>προπορεύεται,</span> <span class='ocrx_word' id='word_1_278' title='bbox 1133 3305 1295 3375; x_wconf 63' lang='grc' dir='ltr'>ῥητὰ,</span> <span class='ocrx_word' id='word_1_279' title='bbox 1329 3306 1491 3378; x_wconf 81' lang='grc' dir='ltr'>μέχρι</span> <span class='ocrx_word' id='word_1_280' title='bbox 1544 3310 1668 3378; x_wconf 78' lang='grc' dir='ltr'>τοῦ,</span> <span class='ocrx_word' id='word_1_281' title='bbox 1703 3313 1964 3369; x_wconf 79' lang='grc' dir='ltr'>Ἤκουσε</span> 
     </span>
    </p>
   </div>
   <div class='ocr_carea' id='block_1_47' title="bbox 384 3387 1962 3475">
    <p class='ocr_par' dir='ltr' id='par_1_47' title="bbox 384 3387 1962 3475">
     <span class='ocr_line' id='line_1_47' title="bbox 384 3387 1962 3475; baseline 0.013 -36"><span class='ocrx_word' id='word_1_282' title='bbox 384 3387 484 3440; x_wconf 70' lang='grc' dir='ltr'>καὶ</span> <span class='ocrx_word' id='word_1_283' title='bbox 504 3388 821 3458; x_wconf 71' lang='grc' dir='ltr'>ηὐφράνθη</span> <span class='ocrx_word' id='word_1_284' title='bbox 843 3391 1017 3457; x_wconf 85' lang='grc' dir='ltr'>Σιὼν,</span> <span class='ocrx_word' id='word_1_285' title='bbox 1051 3411 1116 3446; x_wconf 84' lang='grc' dir='ltr'><strong>πε</strong></span> <span class='ocrx_word' id='word_1_286' title='bbox 1126 3396 1179 3465; x_wconf 60' lang='lat' dir='ltr'><strong>pi.</strong></span> <span class='ocrx_word' id='word_1_287' title='bbox 1201 3396 1299 3466; x_wconf 83' lang='grc' dir='ltr'>τῆς</span> <span class='ocrx_word' id='word_1_288' title='bbox 1325 3397 1584 3472; x_wconf 82' lang='grc' dir='ltr'><strong>δευτέρας</strong></span> <span class='ocrx_word' id='word_1_289' title='bbox 1604 3400 1696 3455; x_wconf 83' lang='grc' dir='ltr'><strong>τοῦ</strong></span> <span class='ocrx_word' id='word_1_290' title='bbox 1724 3403 1962 3475; x_wconf 85' lang='grc' dir='ltr'>Χριστοῦ</span> 
     </span>
    </p>
   </div>
   <div class='ocr_carea' id='block_1_48' title="bbox 386 3480 1963 3566">
    <p class='ocr_par' dir='ltr' id='par_1_48' title="bbox 386 3480 1963 3566">
     <span class='ocr_line' id='line_1_48' title="bbox 386 3480 1963 3566; baseline 0.013 -37"><span class='ocrx_word' id='word_1_291' title='bbox 386 3480 690 3547; x_wconf 75' lang='grc' dir='ltr'>παρουσίας</span> <span class='ocrx_word' id='word_1_292' title='bbox 739 3482 998 3538; x_wconf 79' lang='grc' dir='ltr'>νοεῖσθαι.</span> <span class='ocrx_word' id='word_1_293' title='bbox 1032 3485 1281 3556; x_wconf 77' lang='grc' dir='ltr'>Ἔφαναν</span> <span class='ocrx_word' id='word_1_294' title='bbox 1304 3489 1435 3561; x_wconf 75' lang='grc' dir='ltr'>γὰρ,</span> <span class='ocrx_word' id='word_1_295' title='bbox 1454 3493 1643 3560; x_wconf 68' lang='grc' dir='ltr'>φησὶν,</span> <span class='ocrx_word' id='word_1_296' title='bbox 1673 3494 1730 3548; x_wconf 78' lang='grc' dir='ltr'><strong>αἱ</strong></span> <span class='ocrx_word' id='word_1_297' title='bbox 1752 3497 1963 3566; x_wconf 84' lang='grc' dir='ltr'>ἀστρα-</span> 
     </span>
    </p>
   </div>
   <div class='ocr_carea' id='block_1_49' title="bbox 385 3570 1962 3657">
    <p class='ocr_par' dir='ltr' id='par_1_49' title="bbox 385 3570 1962 3657">
     <span class='ocr_line' id='line_1_49' title="bbox 385 3570 1962 3657; baseline 0.012 -35"><span class='ocrx_word' id='word_1_298' title='bbox 385 3570 490 3623; x_wconf 69' lang='grc' dir='ltr'>παὶ</span> <span class='ocrx_word' id='word_1_299' title='bbox 520 3571 690 3625; x_wconf 80' lang='grc' dir='ltr'>αὐτοῦ</span> <span class='ocrx_word' id='word_1_300' title='bbox 713 3577 779 3644; x_wconf 76' lang='grc' dir='ltr'>τῇ</span> <span class='ocrx_word' id='word_1_301' title='bbox 813 3575 1132 3647; x_wconf 79' lang='grc' dir='ltr'>οἰκουμένῃ,</span> <span class='ocrx_word' id='word_1_302' title='bbox 1167 3581 1444 3645; x_wconf 77' lang='grc' dir='ltr'>κατιόντος</span> <span class='ocrx_word' id='word_1_303' title='bbox 1484 3583 1671 3648; x_wconf 78' lang='grc' dir='ltr'>αὖθι·,</span> <span class='ocrx_word' id='word_1_304' title='bbox 1710 3586 1769 3652; x_wconf 78' lang='grc' dir='ltr'>ἐξ</span> <span class='ocrx_word' id='word_1_305' title='bbox 1794 3587 1962 3657; x_wconf 79' lang='grc' dir='ltr'>οὖρα·-</span> 
     </span>
    </p>
   </div>
   <div class='ocr_carea' id='block_1_50' title="bbox 385 3661 1965 3749">
    <p class='ocr_par' dir='ltr' id='par_1_50' title="bbox 385 3661 1965 3749">
     <span class='ocr_line' id='line_1_50' title="bbox 385 3661 1965 3749; baseline 0.013 -36"><span class='ocrx_word' id='word_1_306' title='bbox 385 3661 501 3725; x_wconf 84' lang='grc' dir='ltr'>νοῦ,</span> <span class='ocrx_word' id='word_1_307' title='bbox 535 3663 761 3735; x_wconf 83' lang='grc' dir='ltr'>δηλαδή.</span> <span class='ocrx_word' id='word_1_308' title='bbox 796 3665 1026 3736; x_wconf 81' lang='grc' dir='ltr'>’Ὥσπερ</span> <span class='ocrx_word' id='word_1_309' title='bbox 1055 3668 1186 3737; x_wconf 83' lang='grc' dir='ltr'>γὰρ,</span> <span class='ocrx_word' id='word_1_310' title='bbox 1220 3672 1407 3741; x_wconf 77' lang='grc' dir='ltr'>φησὶν,</span> <span class='ocrx_word' id='word_1_311' title='bbox 1432 3674 1470 3741; x_wconf 73' lang='grc' dir='ltr'><strong><em>ἡ</em></strong></span> <span class='ocrx_word' id='word_1_312' title='bbox 1490 3675 1774 3744; x_wconf 81' lang='grc' dir='ltr'>ἀστραπὴ</span> <span class='ocrx_word' id='word_1_313' title='bbox 1793 3678 1965 3749; x_wconf 71' lang='grc' dir='ltr'><strong>ἐξέρα·</strong></span> 
     </span>
    </p>
   </div>
   <div class='ocr_carea' id='block_1_51' title="bbox 384 3755 1960 3837">
    <p class='ocr_par' dir='ltr' id='par_1_51' title="bbox 384 3755 1960 3837">
     <span class='ocr_line' id='line_1_51' title="bbox 384 3755 1960 3837; baseline 0.01 -31"><span class='ocrx_word' id='word_1_314' title='bbox 384 3772 549 3824; x_wconf 80' lang='grc' dir='ltr'>χεται</span> <span class='ocrx_word' id='word_1_315' title='bbox 570 3755 689 3811; x_wconf 75' lang='grc' dir='ltr'><strong>ἀπὸ</strong></span> <span class='ocrx_word' id='word_1_316' title='bbox 712 3758 1049 3824; x_wconf 74' lang='grc' dir='ltr'>ἀνατολῶν,</span> <span class='ocrx_word' id='word_1_317' title='bbox 1092 3759 1192 3813; x_wconf 71' lang='grc' dir='ltr'>καὶ</span> <span class='ocrx_word' id='word_1_318' title='bbox 1215 3762 1493 3829; x_wconf 71' lang='grc' dir='ltr'>φαίνεται</span> <span class='ocrx_word' id='word_1_319' title='bbox 1555 3765 1667 3831; x_wconf 80' lang='grc' dir='ltr'><strong>ἕως</strong></span> <span class='ocrx_word' id='word_1_320' title='bbox 1691 3766 1960 3837; x_wconf 81' lang='grc' dir='ltr'>δυσμῶν,</span> 
     </span>
    </p>
   </div>
   <div class='ocr_carea' id='block_1_52' title="bbox 386 3848 1962 3931">
    <p class='ocr_par' dir='ltr' id='par_1_52' title="bbox 386 3848 1962 3931">
     <span class='ocr_line' id='line_1_52' title="bbox 386 3848 1962 3931; baseline 0.011 -30"><span class='ocrx_word' id='word_1_321' title='bbox 386 3848 573 3916; x_wconf 81' lang='grc' dir='ltr'>οὕτως</span> <span class='ocrx_word' id='word_1_322' title='bbox 589 3851 867 3906; x_wconf 75' lang='grc' dir='ltr'>ἔσταικαὶ</span> <span class='ocrx_word' id='word_1_323' title='bbox 894 3853 926 3920; x_wconf 79' lang='grc' dir='ltr'><strong><em>ἡ</em></strong></span> <span class='ocrx_word' id='word_1_324' title='bbox 948 3855 1252 3921; x_wconf 82' lang='grc' dir='ltr'>παρουσία</span> <span class='ocrx_word' id='word_1_325' title='bbox 1287 3855 1394 3910; x_wconf 85' lang='grc' dir='ltr'>τοῦ</span> <span class='ocrx_word' id='word_1_326' title='bbox 1420 3857 1565 3912; x_wconf 83' lang='grc' dir='ltr'><strong>Υιοῦ</strong></span> <span class='ocrx_word' id='word_1_327' title='bbox 1600 3860 1706 3915; x_wconf 86' lang='grc' dir='ltr'>τοῦ</span> <span class='ocrx_word' id='word_1_328' title='bbox 1736 3862 1962 3931; x_wconf 77' lang='grc' dir='ltr'>ἀνθρώ-</span> 
     </span>
    </p>
   </div>
   <div class='ocr_carea' id='block_1_53' title="bbox 338 3944 1960 4031">
    <p class='ocr_par' dir='ltr' id='par_1_53' title="bbox 338 3944 1960 4031">
     <span class='ocr_line' id='line_1_53' title="bbox 338 3944 1960 4031; baseline 0.009 -37"><span class='ocrx_word' id='word_1_329' title='bbox 338 4024 345 4031; x_wconf 28' lang='grc'><strong><em>⁸</em></strong></span> <span class='ocrx_word' id='word_1_330' title='bbox 386 3958 526 3996; x_wconf 78' lang='grc' dir='ltr'>που.</span> <span class='ocrx_word' id='word_1_331' title='bbox 545 3945 655 3997; x_wconf 77' lang='grc' dir='ltr'><strong>Καὶ</strong></span> <span class='ocrx_word' id='word_1_332' title='bbox 679 3944 821 4007; x_wconf 81' lang='grc' dir='ltr'>τότε,</span> <span class='ocrx_word' id='word_1_333' title='bbox 848 3944 910 3999; x_wconf 88' lang='lat'><strong>&#39;0</strong></span> <span class='ocrx_word' id='word_1_334' title='bbox 942 3946 1138 4013; x_wconf 75' lang='grc' dir='ltr'>ἣλιος,</span> <span class='ocrx_word' id='word_1_335' title='bbox 1163 3947 1320 4023; x_wconf 73' lang='grc' dir='ltr'>φησὶ,</span> <span class='ocrx_word' id='word_1_336' title='bbox 1341 3950 1835 4018; x_wconf 79' lang='grc' dir='ltr'>σκοτισθήσεται,</span> <span class='ocrx_word' id='word_1_337' title='bbox 1863 3956 1960 4009; x_wconf 73' lang='grc' dir='ltr'>καὶ</span> 
     </span>
    </p>
   </div>
   <div class='ocr_carea' id='block_1_54' title="bbox 388 4031 1963 4111">
    <p class='ocr_par' dir='ltr' id='par_1_54' title="bbox 388 4031 1963 4111">
     <span class='ocr_line' id='line_1_54' title="bbox 388 4031 1963 4111; baseline 0.006 -24"><span class='ocrx_word' id='word_1_338' title='bbox 388 4034 425 4098; x_wconf 73' lang='grc' dir='ltr'><strong><em>ἡ</em></strong></span> <span class='ocrx_word' id='word_1_339' title='bbox 441 4031 672 4101; x_wconf 72' lang='grc' dir='ltr'>σελήνη</span> <span class='ocrx_word' id='word_1_340' title='bbox 691 4035 762 4089; x_wconf 83' lang='grc' dir='ltr'><strong>οὐ</strong></span> <span class='ocrx_word' id='word_1_341' title='bbox 778 4033 956 4089; x_wconf 83' lang='grc' dir='ltr'>δώσει</span> <span class='ocrx_word' id='word_1_342' title='bbox 977 4037 1042 4089; x_wconf 83' lang='grc' dir='ltr'><strong>τὸ</strong></span> <span class='ocrx_word' id='word_1_343' title='bbox 1059 4035 1279 4107; x_wconf 78' lang='grc' dir='ltr'><strong>φέγγος</strong></span> <span class='ocrx_word' id='word_1_344' title='bbox 1294 4037 1507 4108; x_wconf 80' lang='grc' dir='ltr'>αὐτῆς.</span> <span class='ocrx_word' id='word_1_345' title='bbox 1523 4041 1622 4095; x_wconf 79' lang='grc' dir='ltr'>καὶ</span> <span class='ocrx_word' id='word_1_346' title='bbox 1639 4043 1694 4095; x_wconf 81' lang='grc' dir='ltr'><strong>οἱ</strong></span> <span class='ocrx_word' id='word_1_347' title='bbox 1711 4041 1963 4111; x_wconf 80' lang='grc' dir='ltr'>ἀστέρες</span> 
     </span>
    </p>
   </div>
   <div class='ocr_carea' id='block_1_55' title="bbox 386 4123 1959 4205">
    <p class='ocr_par' dir='ltr' id='par_1_55' title="bbox 386 4123 1959 4205">
     <span class='ocr_line' id='line_1_55' title="bbox 386 4123 1959 4205; baseline 0.009 -30"><span class='ocrx_word' id='word_1_348' title='bbox 386 4123 716 4179; x_wconf 79' lang='grc' dir='ltr'>πεσοῦνται</span> <span class='ocrx_word' id='word_1_349' title='bbox 736 4126 804 4191; x_wconf 82' lang='grc' dir='ltr'><strong>ἐξ</strong></span> <span class='ocrx_word' id='word_1_350' title='bbox 829 4127 1113 4195; x_wconf 82' lang='grc' dir='ltr'>οὐρανοῦ.</span> <span class='ocrx_word' id='word_1_351' title='bbox 1182 4128 1355 4205; x_wconf 71' lang='grc' dir='ltr'>Πόθεν</span> <span class='ocrx_word' id='word_1_352' title='bbox 1403 4131 1629 4185; x_wconf 76' lang='grc' dir='ltr'>ἄλλοθεν</span> <span class='ocrx_word' id='word_1_353' title='bbox 1678 4135 1959 4205; x_wconf 76' lang='grc' dir='ltr'>φωτιοθή-</span> 
     </span>
    </p>
   </div>
   <div class='ocr_carea' id='block_1_56' title="bbox 385 4217 1956 4291">
    <p class='ocr_par' dir='ltr' id='par_1_56' title="bbox 385 4217 1956 4291">
     <span class='ocr_line' id='line_1_56' title="bbox 385 4217 1956 4291; baseline 0.008 -23"><span class='ocrx_word' id='word_1_354' title='bbox 385 4233 541 4270; x_wconf 86' lang='grc' dir='ltr'>σεται</span> <span class='ocrx_word' id='word_1_355' title='bbox 575 4217 603 4270; x_wconf 81' lang='grc' dir='ltr'><strong>ὁ</strong></span> <span class='ocrx_word' id='word_1_356' title='bbox 627 4217 864 4287; x_wconf 84' lang='grc' dir='ltr'>κόσμος;</span> <span class='ocrx_word' id='word_1_357' title='bbox 896 4217 1020 4272; x_wconf 82' lang='grc' dir='ltr'><strong>Εἷδε</strong></span> <span class='ocrx_word' id='word_1_358' title='bbox 1074 4220 1185 4291; x_wconf 78' lang='grc' dir='ltr'>γὰρ</span> <span class='ocrx_word' id='word_1_359' title='bbox 1239 4219 1345 4291; x_wconf 82' lang='grc' dir='ltr'>τὴν</span> <span class='ocrx_word' id='word_1_360' title='bbox 1374 4222 1605 4278; x_wconf 86' lang='grc' dir='ltr'>κάθοδον</span> <span class='ocrx_word' id='word_1_361' title='bbox 1656 4224 1824 4280; x_wconf 79' lang='grc' dir='ltr'>αὐτοῦ</span> <span class='ocrx_word' id='word_1_362' title='bbox 1857 4229 1956 4281; x_wconf 79' lang='grc' dir='ltr'>καὶ</span> 
     </span>
    </p>
   </div>
   <div class='ocr_carea' id='block_1_57' title="bbox 346 4307 1963 4390">
    <p class='ocr_par' dir='ltr' id='par_1_57' title="bbox 346 4307 1963 4390">
     <span class='ocr_line' id='line_1_57' title="bbox 346 4307 1963 4390; baseline 0.009 -30"><span class='ocrx_word' id='word_1_363' title='bbox 346 4348 351 4353; x_wconf 82' lang='grc'>.</span> <span class='ocrx_word' id='word_1_364' title='bbox 384 4307 669 4378; x_wconf 75' lang='grc' dir='ltr'>ἐσαλεύθη·</span> <span class='ocrx_word' id='word_1_365' title='bbox 701 4311 734 4378; x_wconf 81' lang='grc' dir='ltr'><strong>ή</strong></span> <span class='ocrx_word' id='word_1_366' title='bbox 785 4310 859 4378; x_wconf 81' lang='grc' dir='ltr'>γῆ</span> <span class='ocrx_word' id='word_1_367' title='bbox 886 4309 962 4379; x_wconf 85' lang='grc' dir='ltr'>τῷ</span> <span class='ocrx_word' id='word_1_368' title='bbox 990 4311 1142 4383; x_wconf 77' lang='grc' dir='ltr'><strong>φόϐῳ</strong></span> <span class='ocrx_word' id='word_1_369' title='bbox 1166 4329 1181 4345; x_wconf 89' lang='grc'><strong>·</strong></span> <span class='ocrx_word' id='word_1_370' title='bbox 1219 4313 1252 4383; x_wconf 85' lang='grc' dir='ltr'>ἢ</span> <span class='ocrx_word' id='word_1_371' title='bbox 1281 4314 1394 4368; x_wconf 88' lang='grc' dir='ltr'>τῶν</span> <span class='ocrx_word' id='word_1_372' title='bbox 1418 4316 1632 4387; x_wconf 82' lang='grc' dir='ltr'>νεκρῶν</span> <span class='ocrx_word' id='word_1_373' title='bbox 1661 4317 1963 4390; x_wconf 76' lang='grc' dir='ltr'>ἀνισταμέ-</span> 
     </span>
    </p>
   </div>
   <div class='ocr_carea' id='block_1_58' title="bbox 2061 1821 3630 1892">
    <p class='ocr_par' dir='ltr' id='par_1_58' title="bbox 2061 1821 3630 1892">
     <span class='ocr_line' id='line_1_58' title="bbox 2061 1821 3630 1892; baseline -0.003 -15"><span class='ocrx_word' id='word_1_374' title='bbox 2061 1822 2175 1889; x_wconf 80' lang='lat' dir='ltr'><strong>lux,</strong></span> <span class='ocrx_word' id='word_1_375' title='bbox 2229 1822 2475 1892; x_wconf 84' lang='lat' dir='ltr'><strong>inquam,</strong></span> <span class='ocrx_word' id='word_1_376' title='bbox 2504 1821 2831 1892; x_wconf 87' lang='lat' dir='ltr'><strong>spiritualis,</strong></span> <span class='ocrx_word' id='word_1_377' title='bbox 2893 1821 3138 1891; x_wconf 83' lang='lat' dir='ltr'><strong>dirigens</strong></span> <span class='ocrx_word' id='word_1_378' title='bbox 3173 1835 3297 1875; x_wconf 89' lang='lat' dir='ltr'><strong>eum</strong></span> <span class='ocrx_word' id='word_1_379' title='bbox 3330 1821 3383 1874; x_wconf 93' lang='lat' dir='ltr'><strong>in</strong></span> <span class='ocrx_word' id='word_1_380' title='bbox 3412 1835 3630 1877; x_wconf 88' lang='lat' dir='ltr'><strong>omnem</strong></span> 
     </span>
    </p>
   </div>
   <div class='ocr_carea' id='block_1_59' title="bbox 2061 1911 3635 1981">
    <p class='ocr_par' dir='ltr' id='par_1_59' title="bbox 2061 1911 3635 1981">
     <span class='ocr_line' id='line_1_59' title="bbox 2061 1911 3635 1981; baseline -0.002 -14"><span class='ocrx_word' id='word_1_381' title='bbox 2061 1914 2374 1969; x_wconf 83' lang='lat' dir='ltr'><strong>veritatem.</strong></span> <span class='ocrx_word' id='word_1_382' title='bbox 2432 1912 2548 1980; x_wconf 85' lang='lat' dir='ltr'><strong>Vel,</strong></span> <span class='ocrx_word' id='word_1_383' title='bbox 2584 1913 2678 1968; x_wconf 81' lang='lat' dir='ltr'><strong>lux</strong></span> <span class='ocrx_word' id='word_1_384' title='bbox 2738 1913 3225 1981; x_wconf 79' lang='lat' dir='ltr'><strong>contemplationis</strong></span> <span class='ocrx_word' id='word_1_385' title='bbox 3249 1911 3297 1967; x_wconf 91' lang='lat' dir='ltr'><strong>ei</strong></span> <span class='ocrx_word' id='word_1_386' title='bbox 3366 1920 3487 1967; x_wconf 84' lang='lat' dir='ltr'><strong>orta</strong></span> <span class='ocrx_word' id='word_1_387' title='bbox 3549 1921 3635 1967; x_wconf 81' lang='lat' dir='ltr'><strong>est</strong></span> 
     </span>
    </p>
   </div>
   <div class='ocr_carea' id='block_1_60' title="bbox 2060 1992 3277 2079">
    <p class='ocr_par' dir='ltr' id='par_1_60' title="bbox 2060 1992 3277 2079">
     <span class='ocr_line' id='line_1_60' title="bbox 2060 1992 3277 2079; baseline -0.003 -16"><span class='ocrx_word' id='word_1_388' title='bbox 2060 2009 2153 2079; x_wconf 88' lang='lat' dir='ltr'><strong>qui</strong></span> <span class='ocrx_word' id='word_1_389' title='bbox 2207 2008 2263 2062; x_wconf 89' lang='lat' dir='ltr'><strong>in</strong></span> <span class='ocrx_word' id='word_1_390' title='bbox 2296 2005 2603 2061; x_wconf 86' lang='lat' dir='ltr'><strong>actionibus</strong></span> <span class='ocrx_word' id='word_1_391' title='bbox 2630 2005 2746 2060; x_wconf 88' lang='lat' dir='ltr'><strong>suis</strong></span> <span class='ocrx_word' id='word_1_392' title='bbox 2774 1992 3041 2074; x_wconf 77' lang='lat' dir='ltr'><strong>justitiam</strong></span> <span class='ocrx_word' id='word_1_393' title='bbox 3075 2015 3277 2059; x_wconf 82' lang='lat' dir='ltr'><strong>servat.</strong></span> 
     </span>
    </p>
   </div>
   <div class='ocr_carea' id='block_1_61' title="bbox 2132 2094 3727 2165">
    <p class='ocr_par' dir='ltr' id='par_1_61' title="bbox 2132 2094 3727 2165">
     <span class='ocr_line' id='line_1_61' title="bbox 2132 2094 3727 2165; baseline -0.002 -12"><span class='ocrx_word' id='word_1_394' title='bbox 2132 2098 2201 2153; x_wconf 85' lang='lat' dir='ltr'><strong>Et</strong></span> <span class='ocrx_word' id='word_1_395' title='bbox 2232 2098 2388 2154; x_wconf 84' lang='lat' dir='ltr'><strong>rectis</strong></span> <span class='ocrx_word' id='word_1_396' title='bbox 2418 2096 2573 2152; x_wconf 84' lang='lat' dir='ltr'><strong>corde</strong></span> <span class='ocrx_word' id='word_1_397' title='bbox 2611 2096 2819 2152; x_wconf 66' lang='lat' dir='ltr'><strong>laetitia.</strong></span> <span class='ocrx_word' id='word_1_398' title='bbox 2854 2096 3083 2161; x_wconf 79' lang='lat' dir='ltr'><strong>Laetitia,</strong></span> <span class='ocrx_word' id='word_1_399' title='bbox 3115 2095 3221 2151; x_wconf 91' lang='lat' dir='ltr'><strong>hoc</strong></span> <span class='ocrx_word' id='word_1_400' title='bbox 3238 2102 3344 2161; x_wconf 87' lang='lat' dir='ltr'><strong>est,</strong></span> <span class='ocrx_word' id='word_1_401' title='bbox 3371 2094 3633 2165; x_wconf 84' lang='lat' dir='ltr'><strong>spiritua-</strong></span> <span class='ocrx_word' id='word_1_402' title='bbox 3724 2115 3727 2117; x_wconf 55' lang='grc'><em>’</em></span> 
     </span>
    </p>
   </div>
   <div class='ocr_carea' id='block_1_62' title="bbox 2061 2192 2570 2271">
    <p class='ocr_par' dir='ltr' id='par_1_62' title="bbox 2061 2192 2570 2271">
     <span class='ocr_line' id='line_1_62' title="bbox 2061 2192 2570 2271; baseline -0.012 -21"><span class='ocrx_word' id='word_1_403' title='bbox 2061 2195 2131 2251; x_wconf 88' lang='lat' dir='ltr'><strong>lis</strong></span> <span class='ocrx_word' id='word_1_404' title='bbox 2173 2192 2506 2248; x_wconf 88' lang='lat' dir='ltr'><strong>consolatio.</strong></span> <span class='ocrx_word' id='word_1_405' title='bbox 2564 2265 2570 2271; x_wconf 25' lang='lat'><strong>.</strong></span> 
     </span>
    </p>
   </div>
   <div class='ocr_carea' id='block_1_63' title="bbox 2133 2280 3635 2355">
    <p class='ocr_par' dir='ltr' id='par_1_63' title="bbox 2133 2280 3635 2355">
     <span class='ocr_line' id='line_1_63' title="bbox 2133 2280 3635 2355; baseline -0.003 -15"><span class='ocrx_word' id='word_1_406' title='bbox 2133 2284 2300 2341; x_wconf 71' lang='lat' dir='ltr'><strong>Vens.</strong></span> <span class='ocrx_word' id='word_1_407' title='bbox 2339 2284 2425 2340; x_wconf 73' lang='lat' dir='ltr'><strong>l9...</strong></span> <span class='ocrx_word' id='word_1_408' title='bbox 2459 2282 2763 2348; x_wconf 73' lang='lat' dir='ltr'><strong>Lletamini,</strong></span> <span class='ocrx_word' id='word_1_409' title='bbox 2787 2282 2946 2355; x_wconf 84' lang='lat' dir='ltr'><strong>justi,</strong></span> <span class='ocrx_word' id='word_1_410' title='bbox 2973 2284 3026 2338; x_wconf 88' lang='lat' dir='ltr'><strong>in</strong></span> <span class='ocrx_word' id='word_1_411' title='bbox 3076 2282 3324 2338; x_wconf 88' lang='lat' dir='ltr'><strong>Domino.</strong></span> <span class='ocrx_word' id='word_1_412' title='bbox 3368 2280 3635 2337; x_wconf 83' lang='lat' dir='ltr'><strong>Omnibus</strong></span> 
     </span>
    </p>
   </div>
   <div class='ocr_carea' id='block_1_64' title="bbox 2062 2376 3631 2450">
    <p class='ocr_par' dir='ltr' id='par_1_64' title="bbox 2062 2376 3631 2450">
     <span class='ocr_line' id='line_1_64' title="bbox 2062 2376 3631 2450; baseline -0.003 -15"><span class='ocrx_word' id='word_1_413' title='bbox 2062 2379 2189 2436; x_wconf 89' lang='lat' dir='ltr'><strong>aliis</strong></span> <span class='ocrx_word' id='word_1_414' title='bbox 2221 2380 2410 2434; x_wconf 89' lang='lat' dir='ltr'><strong>mundi</strong></span> <span class='ocrx_word' id='word_1_415' title='bbox 2463 2379 2843 2450; x_wconf 78' lang='lat' dir='ltr'><strong>voluptatibus</strong></span> <span class='ocrx_word' id='word_1_416' title='bbox 2903 2377 3168 2447; x_wconf 76' lang='lat' dir='ltr'><strong>expulsis,</strong></span> <span class='ocrx_word' id='word_1_417' title='bbox 3223 2378 3392 2431; x_wconf 87' lang='lat' dir='ltr'><strong>veluti</strong></span> <span class='ocrx_word' id='word_1_418' title='bbox 3459 2376 3631 2432; x_wconf 79' lang='lat' dir='ltr'><strong>falsis.</strong></span> 
     </span>
    </p>
   </div>
   <div class='ocr_carea' id='block_1_65' title="bbox 2063 2468 3632 2537">
    <p class='ocr_par' dir='ltr' id='par_1_65' title="bbox 2063 2468 3632 2537">
     <span class='ocr_line' id='line_1_65' title="bbox 2063 2468 3632 2537; baseline -0.004 -9"><span class='ocrx_word' id='word_1_419' title='bbox 2063 2472 2278 2528; x_wconf 86' lang='lat' dir='ltr'><strong>Similis</strong></span> <span class='ocrx_word' id='word_1_420' title='bbox 2307 2470 2421 2527; x_wconf 75' lang='lat' dir='ltr'><strong>fere</strong></span> <span class='ocrx_word' id='word_1_421' title='bbox 2441 2470 2710 2527; x_wconf 87' lang='lat' dir='ltr'><strong>sententia</strong></span> <span class='ocrx_word' id='word_1_422' title='bbox 2747 2470 2980 2524; x_wconf 89' lang='lat' dir='ltr'><strong>habetur</strong></span> <span class='ocrx_word' id='word_1_423' title='bbox 3014 2469 3066 2522; x_wconf 88' lang='lat' dir='ltr'><strong>in</strong></span> <span class='ocrx_word' id='word_1_424' title='bbox 3099 2468 3203 2522; x_wconf 84' lang='lat' dir='ltr'><strong>line</strong></span> <span class='ocrx_word' id='word_1_425' title='bbox 3234 2468 3426 2537; x_wconf 90' lang='lat' dir='ltr'><strong>psalmi</strong></span> <span class='ocrx_word' id='word_1_426' title='bbox 3459 2484 3632 2527; x_wconf 70' lang='lat' dir='ltr'><strong>xxx&quot;,</strong></span> 
     </span>
    </p>
   </div>
   <div class='ocr_carea' id='block_1_66' title="bbox 2061 2558 3634 2629">
    <p class='ocr_par' dir='ltr' id='par_1_66' title="bbox 2061 2558 3634 2629">
     <span class='ocr_line' id='line_1_66' title="bbox 2061 2558 3634 2629; baseline -0.006 -8"><span class='ocrx_word' id='word_1_427' title='bbox 2061 2565 2137 2621; x_wconf 86' lang='lat' dir='ltr'><strong>ibi</strong></span> <span class='ocrx_word' id='word_1_428' title='bbox 2171 2580 2189 2622; x_wconf 87' lang='lat'><strong>:</strong></span> <span class='ocrx_word' id='word_1_429' title='bbox 2219 2562 2502 2619; x_wconf 70' lang='lat' dir='ltr'><strong>Latamini</strong></span> <span class='ocrx_word' id='word_1_430' title='bbox 2555 2563 2612 2617; x_wconf 89' lang='lat' dir='ltr'><strong>in</strong></span> <span class='ocrx_word' id='word_1_431' title='bbox 2649 2560 2870 2615; x_wconf 88' lang='lat' dir='ltr'><strong>Domino</strong></span> <span class='ocrx_word' id='word_1_432' title='bbox 2900 2568 2950 2615; x_wconf 85' lang='lat' dir='ltr'><strong>et</strong></span> <span class='ocrx_word' id='word_1_433' title='bbox 2994 2559 3279 2624; x_wconf 70' lang='lat' dir='ltr'><strong>exsultate,</strong></span> <span class='ocrx_word' id='word_1_434' title='bbox 3328 2559 3488 2629; x_wconf 83' lang='lat' dir='ltr'><strong>justi,</strong></span> <span class='ocrx_word' id='word_1_435' title='bbox 3539 2558 3634 2613; x_wconf 90' lang='lat' dir='ltr'><strong>ubi</strong></span> 
     </span>
    </p>
   </div>
   <div class='ocr_carea' id='block_1_67' title="bbox 2060 2657 3494 2733">
    <p class='ocr_par' dir='ltr' id='par_1_67' title="bbox 2060 2657 3494 2733">
     <span class='ocr_line' id='line_1_67' title="bbox 2060 2657 3494 2733; baseline 0.001 -20"><span class='ocrx_word' id='word_1_436' title='bbox 2060 2657 2205 2714; x_wconf 83' lang='lat' dir='ltr'><strong>vid‘e.</strong></span> <span class='ocrx_word' id='word_1_437' title='bbox 3341 2730 3345 2733; x_wconf 14' lang='grc' dir='ltr'><strong>Α</strong></span> <span class='ocrx_word' id='word_1_438' title='bbox 3485 2724 3494 2733; x_wconf 42' lang='grc'><strong>,</strong></span> 
     </span>
    </p>
   </div>
   <div class='ocr_carea' id='block_1_68' title="bbox 2137 2730 3630 2819">
    <p class='ocr_par' dir='ltr' id='par_1_68' title="bbox 2137 2730 3630 2819">
     <span class='ocr_line' id='line_1_68' title="bbox 2137 2730 3630 2819; baseline -0.005 -16"><span class='ocrx_word' id='word_1_439' title='bbox 2137 2749 2209 2803; x_wconf 83' lang='lat' dir='ltr'><strong>Et</strong></span> <span class='ocrx_word' id='word_1_440' title='bbox 2258 2748 2584 2819; x_wconf 83' lang='lat' dir='ltr'><strong>conﬁtemini</strong></span> <span class='ocrx_word' id='word_1_441' title='bbox 2660 2745 2927 2802; x_wconf 65' lang='lat' dir='ltr'><strong>memoria:</strong></span> <span class='ocrx_word' id='word_1_442' title='bbox 2994 2730 3435 2815; x_wconf 78' lang='lat' dir='ltr'><strong>sanctiﬁcationis</strong></span> <span class='ocrx_word' id='word_1_443' title='bbox 3486 2730 3630 2814; x_wconf 70' lang='lat' dir='ltr'><strong>ejus.</strong></span> 
     </span>
    </p>
   </div>
   <div class='ocr_carea' id='block_1_69' title="bbox 2062 2836 3634 2911">
    <p class='ocr_par' dir='ltr' id='par_1_69' title="bbox 2062 2836 3634 2911">
     <span class='ocr_line' id='line_1_69' title="bbox 2062 2836 3634 2911; baseline -0.007 -11"><span class='ocrx_word' id='word_1_444' title='bbox 2062 2842 2300 2907; x_wconf 81' lang='lat' dir='ltr'><strong>Gratias,</strong></span> <span class='ocrx_word' id='word_1_445' title='bbox 2339 2841 2539 2911; x_wconf 87' lang='lat' dir='ltr'><strong>inquit,</strong></span> <span class='ocrx_word' id='word_1_446' title='bbox 2595 2840 2644 2894; x_wconf 91' lang='lat' dir='ltr'><strong>ei</strong></span> <span class='ocrx_word' id='word_1_447' title='bbox 2709 2841 2869 2911; x_wconf 82' lang='lat' dir='ltr'><strong>agite,</strong></span> <span class='ocrx_word' id='word_1_448' title='bbox 2921 2839 3183 2893; x_wconf 86' lang='lat' dir='ltr'><strong>memoria</strong></span> <span class='ocrx_word' id='word_1_449' title='bbox 3214 2844 3526 2905; x_wconf 87' lang='lat' dir='ltr'><strong>repetentes</strong></span> <span class='ocrx_word' id='word_1_450' title='bbox 3553 2836 3634 2890; x_wconf 81' lang='lat' dir='ltr'><strong>di-</strong></span> 
     </span>
    </p>
   </div>
   <div class='ocr_carea' id='block_1_70' title="bbox 2064 2926 3632 2999">
    <p class='ocr_par' dir='ltr' id='par_1_70' title="bbox 2064 2926 3632 2999">
     <span class='ocr_line' id='line_1_70' title="bbox 2064 2926 3632 2999; baseline -0.007 -9"><span class='ocrx_word' id='word_1_451' title='bbox 2064 2936 2245 2991; x_wconf 89' lang='lat' dir='ltr'><strong>vinam</strong></span> <span class='ocrx_word' id='word_1_452' title='bbox 2276 2936 2423 2990; x_wconf 87' lang='lat' dir='ltr'><strong>illam</strong></span> <span class='ocrx_word' id='word_1_453' title='bbox 2446 2932 2959 2995; x_wconf 78' lang='lat' dir='ltr'><strong>sauctiﬁcationem,</strong></span> <span class='ocrx_word' id='word_1_454' title='bbox 2993 2944 3100 2999; x_wconf 81' lang='lat' dir='ltr'><strong>qua</strong></span> <span class='ocrx_word' id='word_1_455' title='bbox 3124 2928 3443 2984; x_wconf 82' lang='lat' dir='ltr'><strong>sanctiﬁcati</strong></span> <span class='ocrx_word' id='word_1_456' title='bbox 3477 2926 3632 2982; x_wconf 88' lang='lat' dir='ltr'><strong>estis.</strong></span> 
     </span>
    </p>
   </div>
   <div class='ocr_carea' id='block_1_71' title="bbox 2064 3019 3633 3095">
    <p class='ocr_par' dir='ltr' id='par_1_71' title="bbox 2064 3019 3633 3095">
     <span class='ocr_line' id='line_1_71' title="bbox 2064 3019 3633 3095; baseline -0.004 -14"><span class='ocrx_word' id='word_1_457' title='bbox 2064 3024 2163 3083; x_wconf 87' lang='lat' dir='ltr'><strong>Vel</strong></span> <span class='ocrx_word' id='word_1_458' title='bbox 2217 3025 2558 3082; x_wconf 79' lang='lat' dir='ltr'><strong>conﬁtemini</strong></span> <span class='ocrx_word' id='word_1_459' title='bbox 2639 3024 2893 3095; x_wconf 87' lang='lat' dir='ltr'><strong>antiquas</strong></span> <span class='ocrx_word' id='word_1_460' title='bbox 2970 3036 3162 3079; x_wconf 85' lang='lat' dir='ltr'><strong>omnes</strong></span> <span class='ocrx_word' id='word_1_461' title='bbox 3227 3019 3633 3092; x_wconf 83' lang='lat' dir='ltr'><strong>iuquinationes</strong></span> 
     </span>
    </p>
   </div>
   <div class='ocr_carea' id='block_1_72' title="bbox 1987 3100 3634 3181">
    <p class='ocr_par' dir='ltr' id='par_1_72' title="bbox 1987 3100 3634 3181">
     <span class='ocr_line' id='line_1_72' title="bbox 1987 3100 3634 3181; baseline -0.008 -8"><span class='ocrx_word' id='word_1_462' title='bbox 1987 3100 2029 3158; x_wconf 65' lang='grc' dir='ltr'><strong>(ἶ</strong></span> <span class='ocrx_word' id='word_1_463' title='bbox 2065 3128 2296 3181; x_wconf 83' lang='lat' dir='ltr'><strong>vestras,</strong></span> <span class='ocrx_word' id='word_1_464' title='bbox 2352 3117 2480 3172; x_wconf 90' lang='lat' dir='ltr'><strong>dum</strong></span> <span class='ocrx_word' id='word_1_465' title='bbox 2531 3122 2735 3170; x_wconf 86' lang='lat' dir='ltr'><strong>tantam</strong></span> <span class='ocrx_word' id='word_1_466' title='bbox 2803 3113 2893 3169; x_wconf 89' lang='lat' dir='ltr'><strong>Dei</strong></span> <span class='ocrx_word' id='word_1_467' title='bbox 2952 3110 3278 3167; x_wconf 90' lang='lat' dir='ltr'><strong>munditiam</strong></span> <span class='ocrx_word' id='word_1_468' title='bbox 3363 3125 3427 3165; x_wconf 88' lang='lat' dir='ltr'><strong>ac</strong></span> <span class='ocrx_word' id='word_1_469' title='bbox 3474 3109 3634 3178; x_wconf 82' lang='lat' dir='ltr'><strong>puri-</strong></span> 
     </span>
    </p>
   </div>
   <div class='ocr_carea' id='block_1_73' title="bbox 2065 3194 3634 3269">
    <p class='ocr_par' dir='ltr' id='par_1_73' title="bbox 2065 3194 3634 3269">
     <span class='ocr_line' id='line_1_73' title="bbox 2065 3194 3634 3269; baseline -0.009 -5"><span class='ocrx_word' id='word_1_470' title='bbox 2065 3216 2227 3264; x_wconf 84' lang='lat' dir='ltr'><strong>tatem</strong></span> <span class='ocrx_word' id='word_1_471' title='bbox 2270 3206 2456 3261; x_wconf 90' lang='lat' dir='ltr'><strong>animo</strong></span> <span class='ocrx_word' id='word_1_472' title='bbox 2493 3203 2957 3269; x_wconf 83' lang='lat' dir='ltr'><strong>revolvitis,-cum</strong></span> <span class='ocrx_word' id='word_1_473' title='bbox 2998 3201 3141 3257; x_wconf 88' lang='lat' dir='ltr'><strong>inter</strong></span> <span class='ocrx_word' id='word_1_474' title='bbox 3165 3200 3414 3255; x_wconf 86' lang='lat' dir='ltr'><strong>homines</strong></span> <span class='ocrx_word' id='word_1_475' title='bbox 3448 3194 3634 3254; x_wconf 78' lang='lat' dir='ltr'><strong>nullus</strong></span> 
     </span>
    </p>
   </div>
   <div class='ocr_carea' id='block_1_74' title="bbox 2061 3291 3633 3362">
    <p class='ocr_par' dir='ltr' id='par_1_74' title="bbox 2061 3291 3633 3362">
     <span class='ocr_line' id='line_1_74' title="bbox 2061 3291 3633 3362; baseline -0.007 -7"><span class='ocrx_word' id='word_1_476' title='bbox 2061 3301 2284 3355; x_wconf 88' lang='lat' dir='ltr'><strong>omnino</strong></span> <span class='ocrx_word' id='word_1_477' title='bbox 2317 3297 2557 3352; x_wconf 87' lang='lat' dir='ltr'><strong>mundus</strong></span> <span class='ocrx_word' id='word_1_478' title='bbox 2616 3295 2711 3351; x_wconf 90' lang='lat' dir='ltr'><strong>sit.</strong></span> <span class='ocrx_word' id='word_1_479' title='bbox 2764 3294 3000 3349; x_wconf 85' lang='lat' dir='ltr'><strong>Possunt</strong></span> <span class='ocrx_word' id='word_1_480' title='bbox 3026 3300 3081 3348; x_wconf 84' lang='lat' dir='ltr'><strong>et</strong></span> <span class='ocrx_word' id='word_1_481' title='bbox 3139 3291 3402 3362; x_wconf 82' lang='lat' dir='ltr'><strong>praedicta</strong></span> <span class='ocrx_word' id='word_1_482' title='bbox 3449 3291 3633 3346; x_wconf 87' lang='lat' dir='ltr'><strong>omnia</strong></span> 
     </span>
    </p>
   </div>
   <div class='ocr_carea' id='block_1_75' title="bbox 2063 3384 3634 3457">
    <p class='ocr_par' dir='ltr' id='par_1_75' title="bbox 2063 3384 3634 3457">
     <span class='ocr_line' id='line_1_75' title="bbox 2063 3384 3634 3457; baseline -0.007 -10"><span class='ocrx_word' id='word_1_483' title='bbox 2063 3407 2094 3447; x_wconf 82' lang='lat' dir='ltr'><strong>a</strong></span> <span class='ocrx_word' id='word_1_484' title='bbox 2124 3390 2402 3447; x_wconf 81' lang='lat' dir='ltr'><strong>versiculo</strong></span> <span class='ocrx_word' id='word_1_485' title='bbox 2435 3389 2568 3445; x_wconf 89' lang='lat' dir='ltr'><strong>illo:</strong></span> <span class='ocrx_word' id='word_1_486' title='bbox 2608 3386 2760 3457; x_wconf 82' lang='lat' dir='ltr'><strong>Ignis</strong></span> <span class='ocrx_word' id='word_1_487' title='bbox 2784 3396 2906 3457; x_wconf 87' lang='lat' dir='ltr'><strong>ante</strong></span> <span class='ocrx_word' id='word_1_488' title='bbox 2949 3389 3124 3455; x_wconf 84' lang='lat' dir='ltr'><strong>ipsum</strong></span> <span class='ocrx_word' id='word_1_489' title='bbox 3147 3384 3425 3449; x_wconf 67' lang='lat' dir='ltr'><strong>pra’cedet,</strong></span> <span class='ocrx_word' id='word_1_490' title='bbox 3457 3398 3634 3453; x_wconf 87' lang='lat' dir='ltr'><strong>usque</strong></span> 
     </span>
    </p>
   </div>
   <div class='ocr_carea' id='block_1_76' title="bbox 2063 3475 3635 3540">
    <p class='ocr_par' dir='ltr' id='par_1_76' title="bbox 2063 3475 3635 3540">
     <span class='ocr_line' id='line_1_76' title="bbox 2063 3475 3635 3540; baseline -0.006 -1"><span class='ocrx_word' id='word_1_491' title='bbox 2063 3484 2129 3539; x_wconf 89' lang='lat' dir='ltr'><strong>ad</strong></span> <span class='ocrx_word' id='word_1_492' title='bbox 2167 3483 2331 3537; x_wconf 91' lang='lat' dir='ltr'><strong>verba</strong></span> <span class='ocrx_word' id='word_1_493' title='bbox 2369 3482 2511 3536; x_wconf 63' lang='lat' dir='ltr'><strong>illa-2</strong></span> <span class='ocrx_word' id='word_1_494' title='bbox 2539 3480 2753 3534; x_wconf 76' lang='lat' dir='ltr'><strong>Audiuit</strong></span> <span class='ocrx_word' id='word_1_495' title='bbox 2783 3488 2833 3533; x_wconf 89' lang='lat' dir='ltr'><strong>et</strong></span> <span class='ocrx_word' id='word_1_496' title='bbox 2880 3477 3064 3532; x_wconf 71' lang='lat' dir='ltr'><strong>(tutata</strong></span> <span class='ocrx_word' id='word_1_497' title='bbox 3093 3485 3170 3531; x_wconf 85' lang='lat' dir='ltr'><strong>est</strong></span> <span class='ocrx_word' id='word_1_498' title='bbox 3231 3475 3382 3540; x_wconf 82' lang='lat' dir='ltr'><strong>Sion,</strong></span> <span class='ocrx_word' id='word_1_499' title='bbox 3435 3475 3503 3530; x_wconf 88' lang='lat' dir='ltr'><strong>de</strong></span> <span class='ocrx_word' id='word_1_500' title='bbox 3548 3490 3635 3530; x_wconf 87' lang='lat' dir='ltr'><strong>se-</strong></span> 
     </span>
    </p>
   </div>
   <div class='ocr_carea' id='block_1_77' title="bbox 2062 3566 3620 3639">
    <p class='ocr_par' dir='ltr' id='par_1_77' title="bbox 2062 3566 3620 3639">
     <span class='ocr_line' id='line_1_77' title="bbox 2062 3566 3620 3639; baseline -0.006 -9"><span class='ocrx_word' id='word_1_501' title='bbox 2062 3575 2248 3631; x_wconf 88' lang='lat' dir='ltr'><strong>cundo</strong></span> <span class='ocrx_word' id='word_1_502' title='bbox 2269 3572 2475 3631; x_wconf 87' lang='lat' dir='ltr'><strong>Christi</strong></span> <span class='ocrx_word' id='word_1_503' title='bbox 2516 3572 2753 3626; x_wconf 83' lang='lat' dir='ltr'><strong>adventu</strong></span> <span class='ocrx_word' id='word_1_504' title='bbox 2783 3569 3036 3639; x_wconf 80' lang='lat' dir='ltr'><strong>intelligi.</strong></span> <span class='ocrx_word' id='word_1_505' title='bbox 3060 3568 3385 3631; x_wconf 82' lang='lat' dir='ltr'><strong>llluxerunt,</strong></span> <span class='ocrx_word' id='word_1_506' title='bbox 3418 3566 3620 3635; x_wconf 73' lang='lat' dir='ltr'><strong>inquit,</strong></span> 
     </span>
    </p>
   </div>
   <div class='ocr_carea' id='block_1_78' title="bbox 2064 3660 3632 3737">
    <p class='ocr_par' dir='ltr' id='par_1_78' title="bbox 2064 3660 3632 3737">
     <span class='ocr_line' id='line_1_78' title="bbox 2064 3660 3632 3737; baseline -0.006 -14"><span class='ocrx_word' id='word_1_507' title='bbox 2064 3668 2278 3737; x_wconf 80' lang='lat' dir='ltr'><strong>fulgura</strong></span> <span class='ocrx_word' id='word_1_508' title='bbox 2322 3665 2443 3735; x_wconf 84' lang='lat' dir='ltr'><strong>ejus</strong></span> <span class='ocrx_word' id='word_1_509' title='bbox 2484 3663 2606 3718; x_wconf 89' lang='lat' dir='ltr'><strong>orbi</strong></span> <span class='ocrx_word' id='word_1_510' title='bbox 2661 3673 2842 3723; x_wconf 83' lang='lat' dir='ltr'><strong>terrae,</strong></span> <span class='ocrx_word' id='word_1_511' title='bbox 2869 3660 3092 3716; x_wconf 90' lang='lat' dir='ltr'><strong>Christo</strong></span> <span class='ocrx_word' id='word_1_512' title='bbox 3145 3661 3401 3714; x_wconf 88' lang='lat' dir='ltr'><strong>nimirum</strong></span> <span class='ocrx_word' id='word_1_513' title='bbox 3436 3676 3632 3714; x_wconf 84' lang='lat' dir='ltr'><strong>rursus</strong></span> 
     </span>
    </p>
   </div>
   <div class='ocr_carea' id='block_1_79' title="bbox 2062 3752 3634 3823">
    <p class='ocr_par' dir='ltr' id='par_1_79' title="bbox 2062 3752 3634 3823">
     <span class='ocr_line' id='line_1_79' title="bbox 2062 3752 3634 3823; baseline -0.008 -7"><span class='ocrx_word' id='word_1_514' title='bbox 2062 3760 2260 3816; x_wconf 72' lang='lat' dir='ltr'><strong>ecmlo</strong></span> <span class='ocrx_word' id='word_1_515' title='bbox 2307 3755 2699 3813; x_wconf 86' lang='lat' dir='ltr'><strong>descendente.</strong></span> <span class='ocrx_word' id='word_1_516' title='bbox 2754 3753 2896 3807; x_wconf 87' lang='lat' dir='ltr'><strong>Nam</strong></span> <span class='ocrx_word' id='word_1_517' title='bbox 2955 3752 3394 3823; x_wconf 81' lang='lat' dir='ltr'><strong>quemadmodum</strong></span> <span class='ocrx_word' id='word_1_518' title='bbox 3455 3752 3634 3820; x_wconf 77' lang='lat' dir='ltr'><strong>fulgur</strong></span> 
     </span>
    </p>
   </div>
   <div class='ocr_carea' id='block_1_80' title="bbox 2061 3845 3628 3914">
    <p class='ocr_par' dir='ltr' id='par_1_80' title="bbox 2061 3845 3628 3914">
     <span class='ocr_line' id='line_1_80' title="bbox 2061 3845 3628 3914; baseline -0.007 -6"><span class='ocrx_word' id='word_1_519' title='bbox 2061 3855 2169 3908; x_wconf 80' lang='lat' dir='ltr'><strong>exit</strong></span> <span class='ocrx_word' id='word_1_520' title='bbox 2223 3851 2287 3905; x_wconf 87' lang='lat' dir='ltr'><strong>ab</strong></span> <span class='ocrx_word' id='word_1_521' title='bbox 2351 3850 2583 3911; x_wconf 85' lang='lat' dir='ltr'><strong>oriente,</strong></span> <span class='ocrx_word' id='word_1_522' title='bbox 2627 3855 2676 3901; x_wconf 89' lang='lat' dir='ltr'><strong>et</strong></span> <span class='ocrx_word' id='word_1_523' title='bbox 2719 3848 2856 3900; x_wconf 79' lang='lat' dir='ltr'><strong>venit</strong></span> <span class='ocrx_word' id='word_1_524' title='bbox 2906 3860 3067 3914; x_wconf 84' lang='lat' dir='ltr'><strong>usque</strong></span> <span class='ocrx_word' id='word_1_525' title='bbox 3160 3845 3215 3900; x_wconf 89' lang='lat' dir='ltr'><strong>in</strong></span> <span class='ocrx_word' id='word_1_526' title='bbox 3275 3845 3628 3909; x_wconf 84' lang='lat' dir='ltr'><strong>occidentem,</strong></span> 
     </span>
    </p>
   </div>
   <div class='ocr_carea' id='block_1_81' title="bbox 2061 3934 3631 4002">
    <p class='ocr_par' dir='ltr' id='par_1_81' title="bbox 2061 3934 3631 4002">
     <span class='ocr_line' id='line_1_81' title="bbox 2061 3934 3631 4002; baseline -0.006 -2"><span class='ocrx_word' id='word_1_527' title='bbox 2061 3944 2140 4001; x_wconf 87' lang='lat' dir='ltr'><strong>sic</strong></span> <span class='ocrx_word' id='word_1_528' title='bbox 2197 3942 2297 3998; x_wconf 87' lang='lat' dir='ltr'><strong>erit</strong></span> <span class='ocrx_word' id='word_1_529' title='bbox 2334 3940 2587 3994; x_wconf 79' lang='lat' dir='ltr'><strong>adventus</strong></span> <span class='ocrx_word' id='word_1_530' title='bbox 2627 3935 2758 3992; x_wconf 81' lang='lat' dir='ltr'><strong>Filii</strong></span> <span class='ocrx_word' id='word_1_531' title='bbox 2829 3935 3077 3990; x_wconf 80' lang='lat' dir='ltr'><strong>hominis.</strong></span> <span class='ocrx_word' id='word_1_532' title='bbox 3121 3934 3275 4002; x_wconf 82' lang='lat' dir='ltr'><strong>Quod</strong></span> <span class='ocrx_word' id='word_1_533' title='bbox 3347 3935 3393 3992; x_wconf 84' lang='lat' dir='ltr'><strong>si</strong></span> <span class='ocrx_word' id='word_1_534' title='bbox 3462 3937 3631 3991; x_wconf 88' lang='lat' dir='ltr'><strong>solem</strong></span> 
     </span>
    </p>
   </div>
   <div class='ocr_carea' id='block_1_82' title="bbox 2064 4026 3631 4095">
    <p class='ocr_par' dir='ltr' id='par_1_82' title="bbox 2064 4026 3631 4095">
     <span class='ocr_line' id='line_1_82' title="bbox 2064 4026 3631 4095; baseline -0.006 -4"><span class='ocrx_word' id='word_1_535' title='bbox 2064 4046 2195 4091; x_wconf 88' lang='lat' dir='ltr'><strong>tunc</strong></span> <span class='ocrx_word' id='word_1_536' title='bbox 2247 4031 2720 4090; x_wconf 86' lang='lat' dir='ltr'><strong>obtenebrandum</strong></span> <span class='ocrx_word' id='word_1_537' title='bbox 2759 4043 2884 4086; x_wconf 83' lang='lat' dir='ltr'><strong>esse</strong></span> <span class='ocrx_word' id='word_1_538' title='bbox 2927 4027 3282 4095; x_wconf 80' lang='lat' dir='ltr'><strong>atiirmamus,</strong></span> <span class='ocrx_word' id='word_1_539' title='bbox 3334 4033 3390 4083; x_wconf 90' lang='lat' dir='ltr'><strong>et</strong></span> <span class='ocrx_word' id='word_1_540' title='bbox 3447 4026 3631 4083; x_wconf 85' lang='lat' dir='ltr'><strong>lunam</strong></span> 
     </span>
    </p>
   </div>
   <div class='ocr_carea' id='block_1_83' title="bbox 2063 4120 3633 4189">
    <p class='ocr_par' dir='ltr' id='par_1_83' title="bbox 2063 4120 3633 4189">
     <span class='ocr_line' id='line_1_83' title="bbox 2063 4120 3633 4189; baseline -0.004 -6"><span class='ocrx_word' id='word_1_541' title='bbox 2063 4143 2173 4183; x_wconf 87' lang='lat' dir='ltr'><strong>non</strong></span> <span class='ocrx_word' id='word_1_542' title='bbox 2222 4126 2474 4182; x_wconf 85' lang='lat' dir='ltr'><strong>daturam</strong></span> <span class='ocrx_word' id='word_1_543' title='bbox 2529 4123 2705 4178; x_wconf 86' lang='lat' dir='ltr'><strong>lucem</strong></span> <span class='ocrx_word' id='word_1_544' title='bbox 2738 4136 2892 4177; x_wconf 89' lang='lat' dir='ltr'><strong>suam</strong></span> <span class='ocrx_word' id='word_1_545' title='bbox 2916 4121 3009 4188; x_wconf 77' lang='lat'><strong>&quot;‘,</strong></span> <span class='ocrx_word' id='word_1_546' title='bbox 3053 4120 3352 4189; x_wconf 83' lang='lat' dir='ltr'><strong>stellasque</strong></span> <span class='ocrx_word' id='word_1_547' title='bbox 3402 4134 3633 4177; x_wconf 87' lang='lat' dir='ltr'><strong>casuras</strong></span> 
     </span>
    </p>
   </div>
   <div class='ocr_carea' id='block_1_84' title="bbox 2062 4212 3629 4284">
    <p class='ocr_par' dir='ltr' id='par_1_84' title="bbox 2062 4212 3629 4284">
     <span class='ocr_line' id='line_1_84' title="bbox 2062 4212 3629 4284; baseline -0.007 -7"><span class='ocrx_word' id='word_1_548' title='bbox 2062 4236 2094 4276; x_wconf 82' lang='grc' dir='ltr'>ο</span> <span class='ocrx_word' id='word_1_549' title='bbox 2142 4218 2307 4284; x_wconf 74' lang='lat' dir='ltr'><strong>coelo,</strong></span> <span class='ocrx_word' id='word_1_550' title='bbox 2352 4216 2625 4271; x_wconf 86' lang='lat' dir='ltr'><strong>undenam</strong></span> <span class='ocrx_word' id='word_1_551' title='bbox 2668 4213 2889 4269; x_wconf 87' lang='lat' dir='ltr'><strong>aliunde</strong></span> <span class='ocrx_word' id='word_1_552' title='bbox 2928 4212 3335 4268; x_wconf 77' lang='lat' dir='ltr'><strong>illuuiinabitur</strong></span> <span class='ocrx_word' id='word_1_553' title='bbox 3371 4212 3629 4275; x_wconf 88' lang='lat' dir='ltr'><strong>mundus,</strong></span> 
     </span>
    </p>
   </div>
   <div class='ocr_carea' id='block_1_85' title="bbox 2062 4304 3630 4384">
    <p class='ocr_par' dir='ltr' id='par_1_85' title="bbox 2062 4304 3630 4384">
     <span class='ocr_line' id='line_1_85' title="bbox 2062 4304 3630 4384; baseline -0.006 -16"><span class='ocrx_word' id='word_1_554' title='bbox 2062 4328 2228 4384; x_wconf 88' lang='lat' dir='ltr'><strong>quam</strong></span> <span class='ocrx_word' id='word_1_555' title='bbox 2284 4328 2313 4367; x_wconf 94' lang='lat' dir='ltr'><strong>a</strong></span> <span class='ocrx_word' id='word_1_556' title='bbox 2351 4309 2620 4366; x_wconf 87' lang='lat' dir='ltr'><strong>Christo?</strong></span> <span class='ocrx_word' id='word_1_557' title='bbox 2657 4306 2807 4362; x_wconf 89' lang='lat' dir='ltr'><strong>Vidit</strong></span> <span class='ocrx_word' id='word_1_558' title='bbox 2881 4316 3063 4362; x_wconf 86' lang='lat' dir='ltr'><strong>autem</strong></span> <span class='ocrx_word' id='word_1_559' title='bbox 3126 4314 3272 4362; x_wconf 89' lang='lat' dir='ltr'><strong>terra</strong></span> <span class='ocrx_word' id='word_1_560' title='bbox 3335 4304 3457 4375; x_wconf 78' lang='lat' dir='ltr'><strong>ejus</strong></span> <span class='ocrx_word' id='word_1_561' title='bbox 3532 4304 3630 4359; x_wconf 86' lang='lat' dir='ltr'><strong>de-</strong></span> 
     </span>
    </p>
   </div>
   <div class='ocr_carea' id='block_1_86' title="bbox 392 4395 1958 4494">
    <p class='ocr_par' dir='ltr' id='par_1_86' title="bbox 392 4402 1956 4494">
     <span class='ocr_line' id='line_1_86' title="bbox 392 4402 1956 4494; baseline 0.009 -41"><span class='ocrx_word' id='word_1_562' title='bbox 392 4419 502 4494; x_wconf 87' lang='grc' dir='ltr'>νων</span> <span class='ocrx_word' id='word_1_563' title='bbox 527 4402 667 4471; x_wconf 81' lang='grc' dir='ltr'>μετὰ</span> <span class='ocrx_word' id='word_1_564' title='bbox 695 4403 954 4473; x_wconf 79' lang='grc' dir='ltr'>σπουδῆς.</span> <span class='ocrx_word' id='word_1_565' title='bbox 976 4404 1055 4459; x_wconf 79' lang='grc' dir='ltr'><strong>Τὰ</strong></span> <span class='ocrx_word' id='word_1_566' title='bbox 1087 4406 1190 4476; x_wconf 76' lang='grc' dir='ltr'>ὅρη</span> <span class='ocrx_word' id='word_1_567' title='bbox 1217 4406 1272 4461; x_wconf 80' lang='grc' dir='ltr'><strong>δὲ</strong></span> <span class='ocrx_word' id='word_1_568' title='bbox 1302 4407 1434 4461; x_wconf 81' lang='grc' dir='ltr'>ὡσεὶ</span> <span class='ocrx_word' id='word_1_569' title='bbox 1466 4409 1635 4480; x_wconf 73' lang='grc' dir='ltr'>κηρὸς</span> <span class='ocrx_word' id='word_1_570' title='bbox 1661 4411 1956 4481; x_wconf 79' lang='grc' dir='ltr'>ὲτάκησαν,</span> 
     </span>
    </p>
   </div>
   <div class='ocr_carea' id='block_1_87' title="bbox 2061 4395 3632 4494">
    <p class='ocr_par' dir='ltr' id='par_1_87' title="bbox 2067 4395 3632 4467">
     <span class='ocr_line' id='line_1_87' title="bbox 2067 4395 3632 4467; baseline -0.007 -6"><span class='ocrx_word' id='word_1_571' title='bbox 2067 4419 2352 4467; x_wconf 89' lang='lat' dir='ltr'><strong>scensum,</strong></span> <span class='ocrx_word' id='word_1_572' title='bbox 2409 4409 2463 4458; x_wconf 92' lang='lat' dir='ltr'><strong>et</strong></span> <span class='ocrx_word' id='word_1_573' title='bbox 2494 4408 2768 4457; x_wconf 88' lang='lat' dir='ltr'><strong>commota</strong></span> <span class='ocrx_word' id='word_1_574' title='bbox 2796 4405 2880 4455; x_wconf 89' lang='lat' dir='ltr'><strong>est</strong></span> <span class='ocrx_word' id='word_1_575' title='bbox 2912 4398 2985 4454; x_wconf 86' lang='lat' dir='ltr'><strong>ob</strong></span> <span class='ocrx_word' id='word_1_576' title='bbox 3022 4398 3297 4464; x_wconf 85' lang='lat' dir='ltr'><strong>timorem.</strong></span> <span class='ocrx_word' id='word_1_577' title='bbox 3354 4395 3452 4454; x_wconf 81' lang='lat' dir='ltr'><strong>Vel</strong></span> <span class='ocrx_word' id='word_1_578' title='bbox 3482 4411 3632 4451; x_wconf 86' lang='lat' dir='ltr'><strong>com-</strong></span> 
     </span>
    </p>
   </div>
   <div class='ocr_carea' id='block_1_88' title="bbox 382 4489 1958 4573">
    <p class='ocr_par' dir='ltr' id='par_1_88' title="bbox 382 4493 1954 4573">
     <span class='ocr_line' id='line_1_88' title="bbox 382 4493 1954 4573; baseline 0.009 -26"><span class='ocrx_word' id='word_1_579' title='bbox 382 4493 716 4565; x_wconf 82' lang='grc' dir='ltr'>διαλυόμενα</span> <span class='ocrx_word' id='word_1_580' title='bbox 739 4496 847 4549; x_wconf 82' lang='grc' dir='ltr'>τῶν</span> <span class='ocrx_word' id='word_1_581' title='bbox 889 4498 1170 4567; x_wconf 72' lang='grc' dir='ltr'>στοιχείων</span> <span class='ocrx_word' id='word_1_582' title='bbox 1194 4499 1611 4570; x_wconf 83' lang='grc' dir='ltr'>ἀλλοιουμένων.</span> <span class='ocrx_word' id='word_1_583' title='bbox 1644 4503 1873 4573; x_wconf 78' lang='grc' dir='ltr'>Εἴρηται</span> <span class='ocrx_word' id='word_1_584' title='bbox 1894 4506 1954 4561; x_wconf 77' lang='grc' dir='ltr'><strong>δὲ</strong></span> 
     </span>
    </p>
   </div>
   <div class='ocr_carea' id='block_1_89' title="bbox 2061 4489 3631 4573">
    <p class='ocr_par' dir='ltr' id='par_1_89' title="bbox 2065 4489 3631 4562">
     <span class='ocr_line' id='line_1_89' title="bbox 2065 4489 3631 4562; baseline -0.006 -11"><span class='ocrx_word' id='word_1_585' title='bbox 2065 4507 2211 4551; x_wconf 87' lang='lat' dir='ltr'><strong>mota</strong></span> <span class='ocrx_word' id='word_1_586' title='bbox 2249 4502 2356 4560; x_wconf 90' lang='lat' dir='ltr'><strong>est,</strong></span> <span class='ocrx_word' id='word_1_587' title='bbox 2427 4493 2664 4549; x_wconf 88' lang='lat' dir='ltr'><strong>mortuis</strong></span> <span class='ocrx_word' id='word_1_588' title='bbox 2720 4490 2868 4547; x_wconf 86' lang='lat' dir='ltr'><strong>illico</strong></span> <span class='ocrx_word' id='word_1_589' title='bbox 2921 4489 3352 4562; x_wconf 76' lang='lat' dir='ltr'><strong>resurgentibus.</strong></span> <span class='ocrx_word' id='word_1_590' title='bbox 3419 4489 3631 4544; x_wconf 87' lang='lat' dir='ltr'><strong>Montes</strong></span> 
     </span>
    </p>
   </div>
   <div class='ocr_carea' id='block_1_90' title="bbox 386 4580 1958 4665">
    <p class='ocr_par' dir='ltr' id='par_1_90' title="bbox 386 4587 1954 4665">
     <span class='ocr_line' id='line_1_90' title="bbox 386 4587 1954 4665; baseline 0.008 -26"><span class='ocrx_word' id='word_1_591' title='bbox 386 4587 516 4658; x_wconf 80' lang='grc' dir='ltr'>περὶ</span> <span class='ocrx_word' id='word_1_592' title='bbox 532 4589 722 4641; x_wconf 88' lang='grc' dir='ltr'>τούτου</span> <span class='ocrx_word' id='word_1_593' title='bbox 764 4589 860 4642; x_wconf 78' lang='grc' dir='ltr'>καὶ</span> <span class='ocrx_word' id='word_1_594' title='bbox 876 4590 935 4643; x_wconf 73' lang='grc' dir='ltr'>ὲν</span> <span class='ocrx_word' id='word_1_595' title='bbox 952 4589 1033 4661; x_wconf 84' lang='grc' dir='ltr'>τῷ</span> <span class='ocrx_word' id='word_1_596' title='bbox 1052 4590 1123 4643; x_wconf 85' lang='grc' dir='ltr'><strong>οδ⁹</strong></span> <span class='ocrx_word' id='word_1_597' title='bbox 1137 4590 1338 4662; x_wconf 83' lang='grc' dir='ltr'>ψαλμῷ</span> <span class='ocrx_word' id='word_1_598' title='bbox 1360 4607 1378 4623; x_wconf 77' lang='grc' dir='ltr'><strong><em>ο</em></strong></span> <span class='ocrx_word' id='word_1_599' title='bbox 1410 4591 1541 4646; x_wconf 76' lang='grc' dir='ltr'>ἔνθα</span> <span class='ocrx_word' id='word_1_600' title='bbox 1560 4593 1643 4660; x_wconf 78' lang='grc' dir='ltr'>τὸ,</span> <span class='ocrx_word' id='word_1_601' title='bbox 1675 4595 1891 4665; x_wconf 83' lang='grc' dir='ltr'>Ἐτάκη</span> <span class='ocrx_word' id='word_1_602' title='bbox 1916 4597 1954 4665; x_wconf 77' lang='grc' dir='ltr'>ἡ</span> 
     </span>
    </p>
   </div>
   <div class='ocr_carea' id='block_1_91' title="bbox 2061 4580 3630 4665">
    <p class='ocr_par' dir='ltr' id='par_1_91' title="bbox 2063 4580 3630 4652">
     <span class='ocr_line' id='line_1_91' title="bbox 2063 4580 3630 4652; baseline -0.006 -12"><span class='ocrx_word' id='word_1_603' title='bbox 2063 4595 2249 4640; x_wconf 87' lang='lat' dir='ltr'><strong>autem</strong></span> <span class='ocrx_word' id='word_1_604' title='bbox 2310 4585 2454 4640; x_wconf 87' lang='lat' dir='ltr'><strong>sicut</strong></span> <span class='ocrx_word' id='word_1_605' title='bbox 2503 4593 2630 4639; x_wconf 85' lang='lat' dir='ltr'><strong>cera</strong></span> <span class='ocrx_word' id='word_1_606' title='bbox 2699 4581 2983 4652; x_wconf 77' lang='lat' dir='ltr'><strong>liquefacti</strong></span> <span class='ocrx_word' id='word_1_607' title='bbox 3067 4590 3196 4638; x_wconf 89' lang='lat' dir='ltr'><strong>sunt</strong></span> <span class='ocrx_word' id='word_1_608' title='bbox 3234 4592 3287 4637; x_wconf 91' lang='lat' dir='ltr'><strong>et</strong></span> <span class='ocrx_word' id='word_1_609' title='bbox 3354 4580 3630 4641; x_wconf 86' lang='lat' dir='ltr'><strong>dissoluti,</strong></span> 
     </span>
    </p>
   </div>
   <div class='ocr_carea' id='block_1_92' title="bbox 383 4670 1958 4757">
    <p class='ocr_par' dir='ltr' id='par_1_92' title="bbox 383 4680 1955 4757">
     <span class='ocr_line' id='line_1_92' title="bbox 383 4680 1955 4757; baseline 0.008 -25"><span class='ocrx_word' id='word_1_610' title='bbox 383 4680 480 4750; x_wconf 84' lang='grc' dir='ltr'><strong>γῆ.</strong></span> <span class='ocrx_word' id='word_1_611' title='bbox 513 4681 869 4751; x_wconf 78' lang='grc' dir='ltr'>’Δνήγγειλαν</span> <span class='ocrx_word' id='word_1_612' title='bbox 887 4682 943 4735; x_wconf 82' lang='grc' dir='ltr'><strong>δὲ</strong></span> <span class='ocrx_word' id='word_1_613' title='bbox 956 4683 1002 4735; x_wconf 78' lang='grc' dir='ltr'><strong>οἱ</strong></span> <span class='ocrx_word' id='word_1_614' title='bbox 1025 4682 1248 4751; x_wconf 75' lang='grc' dir='ltr'>οὐρανοὶ</span> <span class='ocrx_word' id='word_1_615' title='bbox 1275 4681 1375 4753; x_wconf 78' lang='grc' dir='ltr'>τὴν</span> <span class='ocrx_word' id='word_1_616' title='bbox 1404 4683 1755 4757; x_wconf 83' lang='grc' dir='ltr'>δικαιοσύνην</span> <span class='ocrx_word' id='word_1_617' title='bbox 1785 4689 1955 4743; x_wconf 77' lang='grc' dir='ltr'>αὐτοῦ</span> 
     </span>
    </p>
   </div>
   <div class='ocr_carea' id='block_1_93' title="bbox 2061 4670 3635 4757">
    <p class='ocr_par' dir='ltr' id='par_1_93' title="bbox 2062 4670 3635 4734">
     <span class='ocr_line' id='line_1_93' title="bbox 2062 4670 3635 4734; baseline -0.006 0"><span class='ocrx_word' id='word_1_618' title='bbox 2062 4678 2419 4734; x_wconf 88' lang='lat' dir='ltr'><strong>commutatis</strong></span> <span class='ocrx_word' id='word_1_619' title='bbox 2466 4676 2774 4732; x_wconf 87' lang='lat' dir='ltr'><strong>elementis.</strong></span> <span class='ocrx_word' id='word_1_620' title='bbox 2829 4675 2904 4729; x_wconf 91' lang='lat' dir='ltr'><strong>De</strong></span> <span class='ocrx_word' id='word_1_621' title='bbox 2953 4674 3039 4730; x_wconf 90' lang='lat' dir='ltr'><strong>his</strong></span> <span class='ocrx_word' id='word_1_622' title='bbox 3084 4677 3249 4730; x_wconf 89' lang='lat' dir='ltr'><strong>etiam</strong></span> <span class='ocrx_word' id='word_1_623' title='bbox 3284 4674 3465 4728; x_wconf 83' lang='lat' dir='ltr'><strong>verbis</strong></span> <span class='ocrx_word' id='word_1_624' title='bbox 3493 4670 3635 4727; x_wconf 83' lang='lat' dir='ltr'><strong>dixi-</strong></span> 
     </span>
    </p>
   </div>
   <div class='ocr_carea' id='block_1_94' title="bbox 382 4766 1958 4846">
    <p class='ocr_par' dir='ltr' id='par_1_94' title="bbox 382 4772 1951 4846">
     <span class='ocr_line' id='line_1_94' title="bbox 382 4772 1951 4846; baseline 0.008 -23"><span class='ocrx_word' id='word_1_625' title='bbox 382 4772 577 4835; x_wconf 75' lang='grc' dir='ltr'>πὰλαι,</span> <span class='ocrx_word' id='word_1_626' title='bbox 609 4773 911 4838; x_wconf 78' lang='grc' dir='ltr'>τουτέστιν,</span> <span class='ocrx_word' id='word_1_627' title='bbox 940 4776 988 4826; x_wconf 77' lang='grc' dir='ltr'><strong>οἱ</strong></span> <span class='ocrx_word' id='word_1_628' title='bbox 1013 4774 1214 4842; x_wconf 65' lang='grc' dir='ltr'><strong>ὑψηλολ⁸</strong></span> <span class='ocrx_word' id='word_1_629' title='bbox 1238 4776 1519 4845; x_wconf 73' lang='grc' dir='ltr'>προφῆται</span> <span class='ocrx_word' id='word_1_630' title='bbox 1539 4794 1552 4808; x_wconf 93' lang='grc'><strong>·</strong></span> <span class='ocrx_word' id='word_1_631' title='bbox 1612 4779 1694 4832; x_wconf 81' lang='grc' dir='ltr'>ὅτι</span> <span class='ocrx_word' id='word_1_632' title='bbox 1742 4779 1951 4846; x_wconf 74' lang='grc' dir='ltr'>δίκαιός</span> 
     </span>
    </p>
   </div>
   <div class='ocr_carea' id='block_1_95' title="bbox 2061 4766 3634 4846">
    <p class='ocr_par' dir='ltr' id='par_1_95' title="bbox 2062 4766 3634 4839">
     <span class='ocr_line' id='line_1_95' title="bbox 2062 4766 3634 4839; baseline -0.004 -15"><span class='ocrx_word' id='word_1_633' title='bbox 2062 4786 2185 4825; x_wconf 90' lang='lat' dir='ltr'><strong>mus</strong></span> <span class='ocrx_word' id='word_1_634' title='bbox 2224 4769 2280 4825; x_wconf 91' lang='lat' dir='ltr'><strong>iu</strong></span> <span class='ocrx_word' id='word_1_635' title='bbox 2312 4770 2523 4839; x_wconf 85' lang='lat' dir='ltr'><strong>psalmo</strong></span> <span class='ocrx_word' id='word_1_636' title='bbox 2572 4784 2755 4832; x_wconf 73' lang='lat' dir='ltr'><strong>Lutv,</strong></span> <span class='ocrx_word' id='word_1_637' title='bbox 2789 4768 2862 4822; x_wconf 91' lang='lat' dir='ltr'><strong>ibi</strong></span> <span class='ocrx_word' id='word_1_638' title='bbox 2902 4785 2917 4821; x_wconf 93' lang='lat'><strong>:</strong></span> <span class='ocrx_word' id='word_1_639' title='bbox 2956 4766 3266 4837; x_wconf 82' lang='lat' dir='ltr'><strong>Liquefacta</strong></span> <span class='ocrx_word' id='word_1_640' title='bbox 3310 4774 3389 4821; x_wconf 86' lang='lat' dir='ltr'><strong>est</strong></span> <span class='ocrx_word' id='word_1_641' title='bbox 3469 4776 3634 4819; x_wconf 85' lang='lat' dir='ltr'><strong>terra.</strong></span> 
     </span>
    </p>
   </div>
   <div class='ocr_carea' id='block_1_96' title="bbox 381 4856 1958 4942">
    <p class='ocr_par' dir='ltr' id='par_1_96' title="bbox 381 4864 1949 4942">
     <span class='ocr_line' id='line_1_96' title="bbox 381 4864 1949 4942; baseline 0.006 -26"><span class='ocrx_word' id='word_1_642' title='bbox 381 4866 501 4917; x_wconf 80' lang='grc' dir='ltr'>ἐστι</span> <span class='ocrx_word' id='word_1_643' title='bbox 532 4864 756 4935; x_wconf 78' lang='grc' dir='ltr'>κριτήςο</span> <span class='ocrx_word' id='word_1_644' title='bbox 788 4864 907 4917; x_wconf 74' lang='grc' dir='ltr'>τότε</span> <span class='ocrx_word' id='word_1_645' title='bbox 939 4864 1017 4930; x_wconf 76' lang='grc' dir='ltr'><strong>δὲ,</strong></span> <span class='ocrx_word' id='word_1_646' title='bbox 1052 4865 1111 4918; x_wconf 79' lang='grc' dir='ltr'><strong>ἐν</strong></span> <span class='ocrx_word' id='word_1_647' title='bbox 1132 4864 1211 4936; x_wconf 85' lang='grc' dir='ltr'>τῷ</span> <span class='ocrx_word' id='word_1_648' title='bbox 1233 4866 1414 4938; x_wconf 87' lang='grc' dir='ltr'>καιρῷ</span> <span class='ocrx_word' id='word_1_649' title='bbox 1447 4867 1549 4936; x_wconf 82' lang='grc' dir='ltr'>τῆς</span> <span class='ocrx_word' id='word_1_650' title='bbox 1573 4869 1709 4939; x_wconf 66' lang='grc' dir='ltr'>πρὸς</span> <span class='ocrx_word' id='word_1_651' title='bbox 1734 4871 1794 4924; x_wconf 74' lang='grc' dir='ltr'>τὸ</span> <span class='ocrx_word' id='word_1_652' title='bbox 1823 4872 1949 4942; x_wconf 81' lang='grc' dir='ltr'>κρί-</span> 
     </span>
    </p>
   </div>
   <div class='ocr_carea' id='block_1_97' title="bbox 2061 4856 3633 4942">
    <p class='ocr_par' dir='ltr' id='par_1_97' title="bbox 2061 4856 3633 4926">
     <span class='ocr_line' id='line_1_97' title="bbox 2061 4856 3633 4926; baseline -0.004 -9"><span class='ocrx_word' id='word_1_653' title='bbox 2061 4861 2539 4917; x_wconf 68' lang='lat' dir='ltr'><strong>Annuntiaverunt</strong></span> <span class='ocrx_word' id='word_1_654' title='bbox 2598 4859 2763 4913; x_wconf 89' lang='lat' dir='ltr'><strong>etiam</strong></span> <span class='ocrx_word' id='word_1_655' title='bbox 2842 4857 2967 4913; x_wconf 73' lang='lat' dir='ltr'><strong>eteli</strong></span> <span class='ocrx_word' id='word_1_656' title='bbox 3026 4856 3302 4926; x_wconf 82' lang='lat' dir='ltr'><strong>justitiam</strong></span> <span class='ocrx_word' id='word_1_657' title='bbox 3356 4856 3480 4925; x_wconf 87' lang='lat' dir='ltr'><strong>ejus</strong></span> <span class='ocrx_word' id='word_1_658' title='bbox 3510 4856 3633 4899; x_wconf 67' lang='grc'><strong><em>’⁸⁸⁸⁸</em></strong></span> 
     </span>
    </p>
   </div>
   <div class='ocr_carea' id='block_1_98' title="bbox 384 4950 1958 5029">
    <p class='ocr_par' dir='ltr' id='par_1_98' title="bbox 384 4950 1952 5029">
     <span class='ocr_line' id='line_1_98' title="bbox 384 4950 1952 5029; baseline 0.007 -23"><span class='ocrx_word' id='word_1_659' title='bbox 384 4972 500 5007; x_wconf 91' lang='grc' dir='ltr'>νειν</span> <span class='ocrx_word' id='word_1_660' title='bbox 523 4955 785 5024; x_wconf 77' lang='grc' dir='ltr'>ἀφίξεως,</span> <span class='ocrx_word' id='word_1_661' title='bbox 812 4950 952 5008; x_wconf 81' lang='grc' dir='ltr'>εἶδον</span> <span class='ocrx_word' id='word_1_662' title='bbox 986 4954 1193 5016; x_wconf 76' lang='grc' dir='ltr'>πάντες</span> <span class='ocrx_word' id='word_1_663' title='bbox 1226 4956 1277 5008; x_wconf 79' lang='grc' dir='ltr'><strong>οἱ</strong></span> <span class='ocrx_word' id='word_1_664' title='bbox 1304 4957 1425 5010; x_wconf 79' lang='grc' dir='ltr'>λαοὶ</span> <span class='ocrx_word' id='word_1_665' title='bbox 1459 4955 1558 5029; x_wconf 80' lang='grc' dir='ltr'><strong>τὴν</strong></span> <span class='ocrx_word' id='word_1_666' title='bbox 1593 4960 1753 5027; x_wconf 81' lang='grc' dir='ltr'>δόξαν</span> <span class='ocrx_word' id='word_1_667' title='bbox 1787 4960 1952 5016; x_wconf 79' lang='grc' dir='ltr'>ὰύτοῦ</span> 
     </span>
    </p>
   </div>
   <div class='ocr_carea' id='block_1_99' title="bbox 2061 4950 3632 5029">
    <p class='ocr_par' dir='ltr' id='par_1_99' title="bbox 2061 4950 3632 5020">
     <span class='ocr_line' id='line_1_99' title="bbox 2061 4950 3632 5020; baseline -0.008 -8"><span class='ocrx_word' id='word_1_668' title='bbox 2061 4957 2156 5012; x_wconf 86' lang='lat' dir='ltr'><strong>hoc</strong></span> <span class='ocrx_word' id='word_1_669' title='bbox 2194 4963 2303 5019; x_wconf 86' lang='lat' dir='ltr'><strong>est,</strong></span> <span class='ocrx_word' id='word_1_670' title='bbox 2359 4952 2626 5010; x_wconf 87' lang='lat' dir='ltr'><strong>sublimes</strong></span> <span class='ocrx_word' id='word_1_671' title='bbox 2670 4958 2836 5020; x_wconf 86' lang='lat' dir='ltr'><strong>atque</strong></span> <span class='ocrx_word' id='word_1_672' title='bbox 2895 4950 3012 5016; x_wconf 88' lang='lat' dir='ltr'><strong>alti,</strong></span> <span class='ocrx_word' id='word_1_673' title='bbox 3099 4951 3369 5006; x_wconf 76' lang='lat' dir='ltr'><strong>cmlorum</strong></span> <span class='ocrx_word' id='word_1_674' title='bbox 3435 4950 3632 5011; x_wconf 86' lang='lat' dir='ltr'><strong>instar,</strong></span> 
     </span>
    </p>
   </div>
   <div class='ocr_carea' id='block_1_100' title="bbox 383 5040 1958 5120">
    <p class='ocr_par' dir='ltr' id='par_1_100' title="bbox 383 5041 1956 5120">
     <span class='ocr_line' id='line_1_100' title="bbox 383 5041 1956 5120; baseline 0.008 -23"><span class='ocrx_word' id='word_1_675' title='bbox 383 5046 704 5114; x_wconf 80' lang='grc' dir='ltr'>ἐρχομένου,</span> <span class='ocrx_word' id='word_1_676' title='bbox 738 5047 798 5099; x_wconf 77' lang='grc' dir='ltr'>ὲν</span> <span class='ocrx_word' id='word_1_677' title='bbox 828 5048 894 5117; x_wconf 82' lang='grc' dir='ltr'>τῇ</span> <span class='ocrx_word' id='word_1_678' title='bbox 925 5047 1056 5120; x_wconf 81' lang='grc' dir='ltr'><strong>δόξῃ</strong></span> <span class='ocrx_word' id='word_1_679' title='bbox 1081 5041 1175 5101; x_wconf 75' lang='grc' dir='ltr'>τοῦ</span> <span class='ocrx_word' id='word_1_680' title='bbox 1209 5048 1422 5118; x_wconf 82' lang='grc' dir='ltr'>Πατρδς</span> <span class='ocrx_word' id='word_1_681' title='bbox 1453 5051 1645 5119; x_wconf 82' lang='grc' dir='ltr'>αὐτοῦ,</span> <span class='ocrx_word' id='word_1_682' title='bbox 1685 5053 1762 5115; x_wconf 82' lang='grc' dir='ltr'>ὡς</span> <span class='ocrx_word' id='word_1_683' title='bbox 1794 5056 1956 5120; x_wconf 78' lang='grc' dir='ltr'>αὐτὸς</span> 
     </span>
    </p>
   </div>
   <div class='ocr_carea' id='block_1_101' title="bbox 2061 5040 3635 5120">
    <p class='ocr_par' dir='ltr' id='par_1_101' title="bbox 2061 5040 3635 5119">
     <span class='ocr_line' id='line_1_101' title="bbox 2061 5040 3635 5119; baseline -0.005 -17"><span class='ocrx_word' id='word_1_684' title='bbox 2061 5047 2340 5119; x_wconf 65' lang='lat' dir='ltr'><strong>propheta:</strong></span> <span class='ocrx_word' id='word_1_685' title='bbox 2379 5045 2507 5099; x_wconf 84' lang='lat' dir='ltr'><strong>olim</strong></span> <span class='ocrx_word' id='word_1_686' title='bbox 2560 5043 3047 5107; x_wconf 88' lang='lat' dir='ltr'><strong>annuntiavernnt,</strong></span> <span class='ocrx_word' id='word_1_687' title='bbox 3098 5042 3246 5113; x_wconf 87' lang='lat' dir='ltr'><strong>quod</strong></span> <span class='ocrx_word' id='word_1_688' title='bbox 3288 5041 3429 5095; x_wconf 80' lang='lat' dir='ltr'><strong>Dens</strong></span> <span class='ocrx_word' id='word_1_689' title='bbox 3453 5040 3635 5108; x_wconf 82' lang='lat' dir='ltr'><strong>justus</strong></span> 
     </span>
    </p>
   </div>
   <div class='ocr_carea' id='block_1_102' title="bbox 382 5132 1958 5213">
    <p class='ocr_par' dir='ltr' id='par_1_102' title="bbox 382 5132 1957 5213">
     <span class='ocr_line' id='line_1_102' title="bbox 382 5132 1957 5213; baseline 0.008 -25"><span class='ocrx_word' id='word_1_690' title='bbox 382 5136 644 5201; x_wconf 79' lang='grc' dir='ltr'>ἐδίδαξεν.</span> <span class='ocrx_word' id='word_1_691' title='bbox 671 5132 805 5191; x_wconf 79' lang='grc' dir='ltr'>Εἶτα</span> <span class='ocrx_word' id='word_1_692' title='bbox 838 5138 1214 5206; x_wconf 77' lang='grc' dir='ltr'>ἑγκελεύεται,</span> <span class='ocrx_word' id='word_1_693' title='bbox 1260 5144 1375 5205; x_wconf 81' lang='grc' dir='ltr'>τοῖς</span> <span class='ocrx_word' id='word_1_694' title='bbox 1426 5142 1528 5211; x_wconf 80' lang='grc' dir='ltr'><strong>μὲν</strong></span> <span class='ocrx_word' id='word_1_695' title='bbox 1568 5144 1957 5213; x_wconf 85' lang='grc' dir='ltr'>εἰδωλοθύταις</span> 
     </span>
    </p>
   </div>
   <div class='ocr_carea' id='block_1_103' title="bbox 2061 5132 3636 5213">
    <p class='ocr_par' dir='ltr' id='par_1_103' title="bbox 2061 5132 3636 5212">
     <span class='ocr_line' id='line_1_103' title="bbox 2061 5132 3636 5212; baseline -0.008 -15"><span class='ocrx_word' id='word_1_696' title='bbox 2061 5150 2142 5198; x_wconf 87' lang='lat' dir='ltr'><strong>est</strong></span> <span class='ocrx_word' id='word_1_697' title='bbox 2185 5141 2353 5212; x_wconf 80' lang='lat' dir='ltr'><strong>judex</strong></span> <span class='ocrx_word' id='word_1_698' title='bbox 2390 5156 2404 5195; x_wconf 86' lang='lat'><strong>:</strong></span> <span class='ocrx_word' id='word_1_699' title='bbox 2437 5148 2491 5193; x_wconf 90' lang='lat' dir='ltr'><strong>et</strong></span> <span class='ocrx_word' id='word_1_700' title='bbox 2521 5147 2672 5205; x_wconf 87' lang='lat' dir='ltr'><strong>tunc,</strong></span> <span class='ocrx_word' id='word_1_701' title='bbox 2723 5137 2827 5192; x_wconf 91' lang='lat' dir='ltr'><strong>hoc</strong></span> <span class='ocrx_word' id='word_1_702' title='bbox 2877 5143 2983 5203; x_wconf 90' lang='lat' dir='ltr'><strong>est,</strong></span> <span class='ocrx_word' id='word_1_703' title='bbox 3044 5135 3099 5189; x_wconf 88' lang='lat' dir='ltr'><strong>in</strong></span> <span class='ocrx_word' id='word_1_704' title='bbox 3142 5135 3237 5189; x_wconf 88' lang='lat' dir='ltr'><strong>illo</strong></span> <span class='ocrx_word' id='word_1_705' title='bbox 3279 5132 3473 5202; x_wconf 76' lang='lat' dir='ltr'><strong>judicii</strong></span> <span class='ocrx_word' id='word_1_706' title='bbox 3499 5141 3636 5185; x_wconf 66' lang='lat' dir='ltr'><strong>tem.</strong></span> 
     </span>
    </p>
   </div>
   <div class='ocr_carea' id='block_1_104' title="bbox 381 5224 1958 5303">
    <p class='ocr_par' dir='ltr' id='par_1_104' title="bbox 381 5227 1958 5303">
     <span class='ocr_line' id='line_1_104' title="bbox 381 5227 1958 5303; baseline 0.006 -23"><span class='ocrx_word' id='word_1_707' title='bbox 381 5227 737 5295; x_wconf 75' lang='grc' dir='ltr'>αἰσχύνεσθαι</span> <span class='ocrx_word' id='word_1_708' title='bbox 764 5228 909 5295; x_wconf 77' lang='grc' dir='ltr'>τότε,</span> <span class='ocrx_word' id='word_1_709' title='bbox 928 5231 1040 5293; x_wconf 87' lang='grc' dir='ltr'>τοῖς</span> <span class='ocrx_word' id='word_1_710' title='bbox 1064 5230 1120 5282; x_wconf 79' lang='grc' dir='ltr'><strong>δὲ</strong></span> <span class='ocrx_word' id='word_1_711' title='bbox 1147 5230 1399 5299; x_wconf 76' lang='grc' dir='ltr'>ἀγγέλοις</span> <span class='ocrx_word' id='word_1_712' title='bbox 1427 5238 1754 5301; x_wconf 87' lang='grc' dir='ltr'>προσκυνεῖν</span> <span class='ocrx_word' id='word_1_713' title='bbox 1775 5237 1958 5303; x_wconf 77' lang='grc' dir='ltr'>αὑτὸν,</span> 
     </span>
    </p>
   </div>
   <div class='ocr_carea' id='block_1_105' title="bbox 2061 5224 3636 5303">
    <p class='ocr_par' dir='ltr' id='par_1_105' title="bbox 2063 5224 3636 5303">
     <span class='ocr_line' id='line_1_105' title="bbox 2063 5224 3636 5303; baseline -0.006 -18"><span class='ocrx_word' id='word_1_714' title='bbox 2063 5247 2218 5303; x_wconf 87' lang='lat' dir='ltr'><strong>pore,</strong></span> <span class='ocrx_word' id='word_1_715' title='bbox 2277 5230 2536 5285; x_wconf 89' lang='lat' dir='ltr'><strong>viderunt</strong></span> <span class='ocrx_word' id='word_1_716' title='bbox 2594 5245 2788 5285; x_wconf 89' lang='lat' dir='ltr'><strong>omnes</strong></span> <span class='ocrx_word' id='word_1_717' title='bbox 2828 5228 3013 5299; x_wconf 88' lang='lat' dir='ltr'><strong>populi</strong></span> <span class='ocrx_word' id='word_1_718' title='bbox 3065 5226 3296 5298; x_wconf 82' lang='lat' dir='ltr'><strong>gloriam</strong></span> <span class='ocrx_word' id='word_1_719' title='bbox 3362 5224 3506 5292; x_wconf 86' lang='lat' dir='ltr'><strong>ejus,</strong></span> <span class='ocrx_word' id='word_1_720' title='bbox 3537 5237 3636 5276; x_wconf 79' lang='lat' dir='ltr'><strong>ex-</strong></span> 
     </span>
    </p>
   </div>
   <div class='ocr_carea' id='block_1_106' title="bbox 382 5317 1963 5398">
    <p class='ocr_par' dir='ltr' id='par_1_106' title="bbox 382 5317 1963 5398">
     <span class='ocr_line' id='line_1_106' title="bbox 382 5317 1963 5398; baseline 0.008 -28"><span class='ocrx_word' id='word_1_721' title='bbox 382 5317 540 5383; x_wconf 83' lang='grc' dir='ltr'>εἰδὼς</span> <span class='ocrx_word' id='word_1_722' title='bbox 569 5322 664 5373; x_wconf 73' lang='grc' dir='ltr'><strong>καὶ</strong></span> <span class='ocrx_word' id='word_1_723' title='bbox 688 5319 857 5389; x_wconf 74' lang='grc' dir='ltr'>ἄμφω</span> <span class='ocrx_word' id='word_1_724' title='bbox 886 5322 1388 5391; x_wconf 80' lang='grc' dir='ltr'>γενησόμενα.Τῶν</span> <span class='ocrx_word' id='word_1_725' title='bbox 1417 5323 1668 5392; x_wconf 76' lang='grc' dir='ltr'>ἀγγέλων</span> <span class='ocrx_word' id='word_1_726' title='bbox 1695 5325 1752 5378; x_wconf 80' lang='grc' dir='ltr'><strong>δὲ</strong></span> <span class='ocrx_word' id='word_1_727' title='bbox 1786 5342 1963 5398; x_wconf 84' lang='grc' dir='ltr'>προσ-</span> 
     </span>
    </p>
   </div>
   <div class='ocr_carea' id='block_1_107' title="bbox 383 5411 1966 5488">
    <p class='ocr_par' dir='ltr' id='par_1_107' title="bbox 383 5411 1966 5488">
     <span class='ocr_line' id='line_1_107' title="bbox 383 5411 1966 5488; baseline 0.009 -27"><span class='ocrx_word' id='word_1_728' title='bbox 383 5411 761 5480; x_wconf 82' lang='grc' dir='ltr'>κυνησάντων,</span> <span class='ocrx_word' id='word_1_729' title='bbox 795 5413 1013 5477; x_wconf 64' lang='grc' dir='ltr'>’πάντες</span> <span class='ocrx_word' id='word_1_730' title='bbox 1067 5415 1230 5478; x_wconf 76' lang='grc' dir='ltr'>εὐθὺς</span> <span class='ocrx_word' id='word_1_731' title='bbox 1259 5417 1309 5469; x_wconf 83' lang='grc' dir='ltr'><strong>οι</strong></span> <span class='ocrx_word' id='word_1_732' title='bbox 1343 5416 1520 5470; x_wconf 78' lang='grc' dir='ltr'>λοιποὶ</span> <span class='ocrx_word' id='word_1_733' title='bbox 1556 5422 1966 5488; x_wconf 68' lang='grc' dir='ltr'>προσκυνήσου-</span> 
     </span>
    </p>
   </div>
   <div class='ocr_carea' id='block_1_108' title="bbox 384 5499 1953 5574">
    <p class='ocr_par' dir='ltr' id='par_1_108' title="bbox 384 5499 1953 5574">
     <span class='ocr_line' id='line_1_108' title="bbox 384 5499 1953 5574; baseline 0.009 -22"><span class='ocrx_word' id='word_1_734' title='bbox 384 5516 496 5552; x_wconf 80' lang='grc' dir='ltr'>σινο</span> <span class='ocrx_word' id='word_1_735' title='bbox 519 5501 603 5553; x_wconf 84' lang='grc' dir='ltr'><strong>ὅτι</strong></span> <span class='ocrx_word' id='word_1_736' title='bbox 624 5501 793 5567; x_wconf 85' lang='grc' dir='ltr'><strong>Αὑτῷ</strong></span> <span class='ocrx_word' id='word_1_737' title='bbox 822 5499 945 5556; x_wconf 83' lang='grc' dir='ltr'><strong>πᾶν</strong></span> <span class='ocrx_word' id='word_1_738' title='bbox 978 5503 1127 5571; x_wconf 81' lang='grc' dir='ltr'><strong>γόνυ</strong></span> <span class='ocrx_word' id='word_1_739' title='bbox 1150 5502 1392 5572; x_wconf 71' lang='grc' dir='ltr'>κάμψει,</span> <span class='ocrx_word' id='word_1_740' title='bbox 1435 5505 1826 5574; x_wconf 62' lang='grc' dir='ltr'>ἐπουρανίων,</span> <span class='ocrx_word' id='word_1_741' title='bbox 1854 5511 1953 5566; x_wconf 79' lang='grc' dir='ltr'><strong>καὶ</strong></span> 
     </span>
    </p>
   </div>
   <div class='ocr_carea' id='block_1_109' title="bbox 381 5587 1951 5664">
    <p class='ocr_par' dir='ltr' id='par_1_109' title="bbox 381 5587 1951 5664">
     <span class='ocr_line' id='line_1_109' title="bbox 381 5587 1951 5664; baseline 0.008 -19"><span class='ocrx_word' id='word_1_742' title='bbox 381 5593 795 5660; x_wconf 76' lang='grc' dir='ltr'>ἐ.τιγείων,καὶ</span> <span class='ocrx_word' id='word_1_743' title='bbox 826 5587 1254 5664; x_wconf 79' lang='grc' dir='ltr'>καταχθονίων,</span> <span class='ocrx_word' id='word_1_744' title='bbox 1287 5596 1428 5651; x_wconf 81' lang='grc' dir='ltr'><strong>κατά</strong></span> <span class='ocrx_word' id='word_1_745' title='bbox 1466 5598 1554 5651; x_wconf 82' lang='grc' dir='ltr'><strong>τὸν</strong></span> <span class='ocrx_word' id='word_1_746' title='bbox 1606 5601 1951 5658; x_wconf 76' lang='grc' dir='ltr'>Ἀπόστολον.</span> 
     </span>
    </p>
   </div>
   <div class='ocr_carea' id='block_1_110' title="bbox 383 5682 1299 5753">
    <p class='ocr_par' dir='ltr' id='par_1_110' title="bbox 383 5682 1299 5753">
     <span class='ocr_line' id='line_1_110' title="bbox 383 5682 1299 5753; baseline 0.004 -18"><span class='ocrx_word' id='word_1_747' title='bbox 383 5682 584 5736; x_wconf 86' lang='lat' dir='ltr'><strong>mirum</strong></span> <span class='ocrx_word' id='word_1_748' title='bbox 661 5693 957 5753; x_wconf 85' lang='lat' dir='ltr'><strong>utrumque</strong></span> <span class='ocrx_word' id='word_1_749' title='bbox 1057 5684 1299 5739; x_wconf 79' lang='lat' dir='ltr'><strong>futurum</strong></span> 
     </span>
    </p>
   </div>
   <div class='ocr_carea' id='block_1_111' title="bbox 462 5795 1699 5867">
    <p class='ocr_par' dir='ltr' id='par_1_111' title="bbox 462 5795 1699 5867">
     <span class='ocr_line' id='line_1_111' title="bbox 462 5795 1699 5867; baseline 0.006 -17"><span class='ocrx_word' id='word_1_750' title='bbox 462 5796 530 5830; x_wconf 71' lang='lat'><strong>”‘</strong></span> <span class='ocrx_word' id='word_1_751' title='bbox 556 5795 750 5853; x_wconf 77' lang='lat' dir='ltr'><strong>Matth.</strong></span> <span class='ocrx_word' id='word_1_752' title='bbox 780 5812 933 5863; x_wconf 70' lang='lat' dir='ltr'><strong>XXIV,</strong></span> <span class='ocrx_word' id='word_1_753' title='bbox 974 5796 1062 5854; x_wconf 72' lang='lat'><strong>29.</strong></span> <span class='ocrx_word' id='word_1_754' title='bbox 1140 5798 1231 5832; x_wconf 78' lang='lat'><strong>”&quot;</strong></span> <span class='ocrx_word' id='word_1_755' title='bbox 1275 5796 1421 5855; x_wconf 86' lang='lat' dir='ltr'><strong>Psal.</strong></span> <span class='ocrx_word' id='word_1_756' title='bbox 1466 5816 1611 5867; x_wconf 69' lang='lat' dir='ltr'><strong>ms,</strong></span> <span class='ocrx_word' id='word_1_757' title='bbox 1647 5800 1699 5858; x_wconf 86' lang='lat'><strong>6.</strong></span> 
     </span>
    </p>
   </div>
   <div class='ocr_carea' id='block_1_112' title="bbox 2061 5312 3634 5389">
    <p class='ocr_par' dir='ltr' id='par_1_112' title="bbox 2061 5312 3634 5389">
     <span class='ocr_line' id='line_1_112' title="bbox 2061 5312 3634 5389; baseline -0.008 -9"><span class='ocrx_word' id='word_1_758' title='bbox 2061 5323 2243 5380; x_wconf 88' lang='lat' dir='ltr'><strong>euntis</strong></span> <span class='ocrx_word' id='word_1_759' title='bbox 2290 5320 2548 5376; x_wconf 84' lang='lat' dir='ltr'><strong>nimirum</strong></span> <span class='ocrx_word' id='word_1_760' title='bbox 2606 5320 2660 5375; x_wconf 88' lang='lat' dir='ltr'><strong>in</strong></span> <span class='ocrx_word' id='word_1_761' title='bbox 2715 5319 2885 5389; x_wconf 76' lang='lat' dir='ltr'><strong>gloria</strong></span> <span class='ocrx_word' id='word_1_762' title='bbox 2939 5316 3140 5380; x_wconf 87' lang='lat' dir='ltr'><strong>Patris,</strong></span> <span class='ocrx_word' id='word_1_763' title='bbox 3201 5312 3363 5369; x_wconf 82' lang='lat' dir='ltr'><strong>sicuti</strong></span> <span class='ocrx_word' id='word_1_764' title='bbox 3428 5321 3482 5367; x_wconf 89' lang='lat' dir='ltr'><strong>et</strong></span> <span class='ocrx_word' id='word_1_765' title='bbox 3518 5312 3634 5382; x_wconf 80' lang='lat' dir='ltr'><strong>ipse</strong></span> 
     </span>
    </p>
   </div>
   <div class='ocr_carea' id='block_1_113' title="bbox 2064 5404 3630 5483">
    <p class='ocr_par' dir='ltr' id='par_1_113' title="bbox 2064 5404 3630 5483">
     <span class='ocr_line' id='line_1_113' title="bbox 2064 5404 3630 5483; baseline -0.006 -14"><span class='ocrx_word' id='word_1_766' title='bbox 2064 5429 2165 5469; x_wconf 92' lang='lat' dir='ltr'><strong>nos</strong></span> <span class='ocrx_word' id='word_1_767' title='bbox 2216 5412 2428 5467; x_wconf 90' lang='lat' dir='ltr'><strong>docuit.</strong></span> <span class='ocrx_word' id='word_1_768' title='bbox 2478 5411 2681 5483; x_wconf 84' lang='lat' dir='ltr'><strong>Deinde</strong></span> <span class='ocrx_word' id='word_1_769' title='bbox 2719 5409 3000 5471; x_wconf 88' lang='lat' dir='ltr'><strong>omnibus,</strong></span> <span class='ocrx_word' id='word_1_770' title='bbox 3059 5407 3154 5477; x_wconf 92' lang='lat' dir='ltr'><strong>qui</strong></span> <span class='ocrx_word' id='word_1_771' title='bbox 3208 5404 3355 5461; x_wconf 86' lang='lat' dir='ltr'><strong>idola</strong></span> <span class='ocrx_word' id='word_1_772' title='bbox 3419 5405 3630 5468; x_wconf 88' lang='lat' dir='ltr'><strong>colunt,</strong></span> 
     </span>
    </p>
   </div>
   <div class='ocr_carea' id='block_1_114' title="bbox 2065 5497 3630 5575">
    <p class='ocr_par' dir='ltr' id='par_1_114' title="bbox 2065 5497 3630 5575">
     <span class='ocr_line' id='line_1_114' title="bbox 2065 5497 3630 5575; baseline -0.006 -15"><span class='ocrx_word' id='word_1_773' title='bbox 2065 5508 2307 5572; x_wconf 89' lang='lat' dir='ltr'><strong>mandat,</strong></span> <span class='ocrx_word' id='word_1_774' title='bbox 2338 5515 2399 5561; x_wconf 83' lang='lat' dir='ltr'><strong>ut</strong></span> <span class='ocrx_word' id='word_1_775' title='bbox 2430 5504 2635 5575; x_wconf 89' lang='lat' dir='ltr'><strong>pudore</strong></span> <span class='ocrx_word' id='word_1_776' title='bbox 2666 5501 3256 5569; x_wconf 76' lang='lat' dir='ltr'><strong>sumtndantur,atque</strong></span> <span class='ocrx_word' id='word_1_777' title='bbox 3283 5497 3630 5562; x_wconf 85' lang='lat' dir='ltr'><strong>erubescant;</strong></span> 
     </span>
    </p>
   </div>
   <div class='ocr_carea' id='block_1_115' title="bbox 2066 5591 3633 5669">
    <p class='ocr_par' dir='ltr' id='par_1_115' title="bbox 2066 5591 3633 5669">
     <span class='ocr_line' id='line_1_115' title="bbox 2066 5591 3633 5669; baseline -0.004 -17"><span class='ocrx_word' id='word_1_778' title='bbox 2066 5598 2275 5669; x_wconf 79' lang='lat' dir='ltr'><strong>angelis</strong></span> <span class='ocrx_word' id='word_1_779' title='bbox 2315 5597 2477 5653; x_wconf 87' lang='lat' dir='ltr'><strong>etiam</strong></span> <span class='ocrx_word' id='word_1_780' title='bbox 2534 5595 2708 5665; x_wconf 88' lang='lat' dir='ltr'><strong>jubet,</strong></span> <span class='ocrx_word' id='word_1_781' title='bbox 2754 5605 2811 5649; x_wconf 89' lang='lat' dir='ltr'><strong>ut</strong></span> <span class='ocrx_word' id='word_1_782' title='bbox 2870 5594 3100 5649; x_wconf 85' lang='lat' dir='ltr'><strong>adorent</strong></span> <span class='ocrx_word' id='word_1_783' title='bbox 3148 5609 3293 5658; x_wconf 91' lang='lat' dir='ltr'><strong>eum,</strong></span> <span class='ocrx_word' id='word_1_784' title='bbox 3331 5591 3512 5648; x_wconf 88' lang='lat' dir='ltr'><strong>sciens</strong></span> <span class='ocrx_word' id='word_1_785' title='bbox 3549 5591 3633 5645; x_wconf 79' lang='lat' dir='ltr'><strong>ni-</strong></span> 
     </span>
    </p>
   </div>
   <div class='ocr_carea' id='block_1_116' title="bbox 1424 5686 3632 5765">
    <p class='ocr_par' dir='ltr' id='par_1_116' title="bbox 1424 5686 3632 5765">
     <span class='ocr_line' id='line_1_116' title="bbox 1424 5686 3632 5765; baseline 0 -23"><span class='ocrx_word' id='word_1_786' title='bbox 1424 5702 1568 5743; x_wconf 84' lang='lat' dir='ltr'><strong>esse.</strong></span> <span class='ocrx_word' id='word_1_787' title='bbox 1654 5688 1793 5760; x_wconf 84' lang='lat' dir='ltr'><strong>Ipsis</strong></span> <span class='ocrx_word' id='word_1_788' title='bbox 1856 5693 2055 5751; x_wconf 89' lang='lat' dir='ltr'><strong>etenim</strong></span> <span class='ocrx_word' id='word_1_789' title='bbox 2109 5691 2316 5765; x_wconf 70' lang='lat' dir='ltr'><strong>angelis</strong></span> <span class='ocrx_word' id='word_1_790' title='bbox 2407 5688 2683 5748; x_wconf 84' lang='lat' dir='ltr'><strong>Christum</strong></span> <span class='ocrx_word' id='word_1_791' title='bbox 2746 5688 3125 5756; x_wconf 84' lang='lat' dir='ltr'><strong>adorantibus,</strong></span> <span class='ocrx_word' id='word_1_792' title='bbox 3197 5686 3378 5745; x_wconf 69' lang='lat' dir='ltr'><strong>caeteri</strong></span> <span class='ocrx_word' id='word_1_793' title='bbox 3442 5699 3632 5742; x_wconf 82' lang='lat' dir='ltr'><strong>omnes</strong></span> 
     </span>
    </p>
   </div>
  </div>
