4076 6204
535 283 643 348 987

1773 288 2168 351 EU'I'HYMII
2207 291 2573 358 ZIGABENI

3673 305 3820 369 9‘58

535 397 688 461 1“unt,
713 396 784 450 ob
817 394 1337 465 contemplationem
1373 396 1634 452 nimirum
1680 398 2085 455 sublimitatem

2205 401 2628 468 ἀγαλλιὰσονται
2683 406 2759 474 δὲ,
2807 406 2904 479 τῆς
2938 406 3275 480 προφητείας
3299 408 3478 498 αὗτῶν
3508 410 3588 475 είς
3617 411 3813 484 Eme:

535 481 906 541 Exsultabunt
941 496 1122 540 autem
1149 487 1401 543 videntes
1431 488 1578 556 quod
1613 491 1798 544 omnia
1851 506 1914 545 ea
1983 507 2105 562 qua:

534 577 909 646 praadixerunt
952 593 1010 632 re
1077 579 1196 650 ipsa
1251 590 1506 636 eventum
1557 597 1720 638 suum
1803 595 2104 640 consecuta

533 677 682 724 sunt.
1030 733 1036 738 ,

611 758 772 815 Vnus.
802 760 856 816 9.
907 762 1172 826 Quoniam
1203 765 1338 827 venit
1370 766 1621 834 judicare
1659 777 1878 836 terram,
1925 771 2105 827 orbem

532 860 694 910 torrat
728 853 784 906 in
823 853 1066 923 justitia,
1111 867 1160 910 et
1189 859 1410 927 populos
1436 861 1488 913 in
1523 863 1861 919 rectitudine.
1911 869 2100 922 Omnia

529 942 647 997 hate
676 947 923 1013 exposita
955 957 1084 1002 sunt
1115 949 1168 1003 in
1207 952 1420 1019 psalmo
1461 969 1584 1020 xcv,
1637 956 1730 1010 ubi
1773 964 1956 1014 tamen
1992 977 2100 1016 non

531 1035 590 1089 in
652 1037 963 1092 rectitudine
1014 1040 1264 1109 legimus,
1305 1043 1397 1098 sed
1428 1044 1481 1098 in
1513 1047 1728 1103 veritate
1767 1057 1858 1102 tua
1885 1066 1905 1104 :
1941 1051 2014 1106 ita
2044 1061 2103 1107 ut

532 1125 678 1179 idem
733 1126 1074 1197 intelligatur
1117 1145 1240 1186 esse
1311 1132 1607 1198 rectitude,
1672 1138 1818 1204 quod
1876 1140 2098 1194 veritas.

533 1213 864 1287 Quicunque
906 1217 1052 1272 enim
1105 1234 1266 1275 verax
1318 1220 1507 1288 fuerit,
1552 1234 1737 1282 rectus
1773 1227 1936 1282 etiam
1970 1229 2099 1297 erit,

531 1318 584 1362 et
615 1317 834 1378 contra,
868 1311 1189 1384 quicunque
1219 1322 1427 1381 rectus,
1461 1331 1650 1372 verax.

999 1493 1114 1562 Ipsi
1137 1494 1310 1550 David
1349 1496 1618 1569 Psalmus.

1017 1584 1336 1642 PSALMUS
1375 1589 1608 1662 XCVIII.

2207 493 2598 569 ἐξερχομένης.

2278 762 2408 817 Ὅτι
2455 764 2588 832 ἥκει
2613 767 2806 836 κρῖναι
2837 767 2953 837 τὴν
2984 769 3122 839 γῆν,
3155 773 3348 839 κρινεῖ
3370 772 3487 839 τὴν
3509 775 3808 845 οίκουμιέ⁶

2205 872 2323 922 νην
2350 857 2421 914 ἐν
2445 857 2802 930 δικαιοσύνῃ
2829 861 2925 916 καὶ
2960 863 3148 929 λαοὺς
3168 865 3238 917 ἐν
3257 867 3555 932 εὐθύτητι.
3590 869 3804 922 Ταῦτα

2205 945 2383 1001 πάντα
2406 947 2639 1020 καθεξῆς
2702 953 3127 1024 ήρμηνεύθησαν
3160 957 3217 1008 ὲν
3251 954 3329 1026 τῷ
3360 957 3501 1010 τέλει
3552 959 3648 1012 τοῦ
3674 963 3802 1028 ρη-

2205 1034 2391 1101 θέντος
2445 1043 2525 1105 ιιέ
2585 1040 2824 1110 ψαλμοῦ.
2852 1041 2994 1096 ’Λλλ’
3027 1044 3146 1096 ἐκεῖ
3197 1043 3298 1111 μὲν
3369 1045 3584 1114 εἴρηται
3614 1063 3630 1076 ο
3673 1047 3798 1101 καὶ

2203 1128 2356 1196 λαὸς
2376 1129 2447 1183 ἐν
2466 1129 2541 1198 τῇ
2556 1132 2808 1202 ἀληθείᾳ
2828 1131 3016 1188 αὑτοῦ
3041 1150 3057 1164 ο
3087 1132 3322 1188 ἐνταῦθα
3358 1135 3435 1200 δὲ,
3469 1136 3565 1188 καὶ
3582 1138 3798 1203 λαοὺς

2201 1221 2272 1274 ἐν
2301 1222 2578 1290 εὐθύτητι
2604 1238 2619 1253 °
2653 1224 2725 1287 ὡς
2767 1225 3007 1279 νοεῖσθαι
3055 1226 3252 1280 ταύτὸν
3280 1227 3534 1298 ἀλήθειαν
3565 1231 3662 1282 καὶ
3688 1231 3805 1282 εὖ-

2204 1315 2408 1386 θύτητα
2432 1334 2447 1350 ο
2475 1317 2502 1370 6
2551 1333 2611 1370 τε
2643 1316 2753 1388 γὰρ
2782 1317 3012 1389 ἀληθὴς,
3064 1318 3248 1385 εὐθὺς,
3283 1322 3378 1375 καὶ
3404 1323 3432 1375 6
3459 1322 3621 1389 εὐθὺς
3644 1324 3804 1395 6h;-

2205 1406 2320 1470 θής.

2239 1409 2320 1479 ἠν
2692 1499 2942 1569 Ψαλμὸς
2972 1500 3051 1567 τῷ
3084 1503 3279 1561 Δαϐίὸ.

2759 1595 3052 1650 mmor:
3089 1595 3212 1663 cu'.

600 1683 698 1742 Est
740 1688 904 1742 etiam
954 1689 1039 1743 hic
1085 1693 1338 1760 psalmus
1385 1697 1528 1764 apud
1585 1697 1842 1758 Hebraeos
1890 1704 2085 1776 absque

2272 1706 2674 1777 Ἀνεπίγραφος
2737 1708 2835 1778 μὲν
2901 1709 2997 1763 καὶ
3057 1703 3214 1772 οὗτος
3275 1711 3302 1764 6
3362 1710 3574 1783 ψαλμδς
3645 1715 3808 1786 παρ’

526 1775 912 1847 inscriptione.
969 1779 1064 1836 Illa
1100 1784 1246 1837 enim
1297 1788 1460 1841 verba
1511 1788 1624 1856 Ipsi
1663 1789 1852 1861 David,
1909 1775 2092 1854 addita

530 1867 753 1922 fuerunt
782 1887 809 1924 a
845 1869 1227 1944 Septuaginta,
1281 1888 1339 1933 ut
1372 1879 1761 1941 adnotavimus
1811 1887 1862 1941 in
1896 1889 2092 1944 inscri-

528 1963 716 2030 ptione
746 1967 940 2034 psalmi
978 1984 1118 2025 xcw.

601 2054 765 2112 Vens.
798 2059 851 2112 1.
909 2059 1164 2116 Dominus
1224 2067 1487 2134 regnavit,
1539 2068 1844 2124 irascantur
1890 2077 2089 2140 populi.

523 2144 736 2200 Scribit
782 2148 1094 2212 Matlhzeus.
1137 2156 1281 2222 quod
1334 2166 1464 2211 nato
1519 2159 1773 2224 Domino,
1835 2167 1980 2234 magi
2027 2168 2090 2219 ab

513 2238 726 2292 oriente
751 2253 1002 2295 uenerunt
1042 2244 1498 2317 Hierosolymam,
1525 2252 1803 2312 dicentes:
1843 2258 1938 2313 Ubi
1991 2271 2090 2326 est,

512 2326 615 2392 'qui
647 2337 800 2380 natus
829 2339 906 2383 est
938 2347 1031 2384 rex
1063 2333 1371 2390 Iudaeorum
1397 2339 1422 2393 γ
1473 2344 1732 2411 quodque
1762 2348 1982 2402 audiens
2030 2366 2092 2404 ea

528 2416 764 2472 Herodes
799 2437 890 2474 rex
923 2423 1167 2480 turbatus
1201 2437 1298 2493 est,
1341 2441 1391 2483 et
1421 2434 1665 2488 universa
1716 2436 2092 2512 Hierosolyma

523 2521 642 2558 cum
667 2523 727 2560 eo
757 2508 799 2566 ‘.
831 2509 944 2566 Hoc
986 2514 1155 2579 igitur
1179 2521 1499 2588 mysterium
1551 2528 1856 2602 praevidens
1899 2508 2091 2587 beatus

525 2595 719 2665 David,
745 2599 880 2656 dicit
919 2621 934 2657 ε
974 2602 1241 2664 Dominus
1270 2624 1364 2664 rex
1397 2620 1561 2669 natus
1587 2625 1693 2671 est.
1744 2596 1956 2675 Etenim
1987 2624 2093 2680 Do-

525 2687 708 2743 minus
739 2689 807 2746 de
836 2707 895 2746 se
917 2693 1131 2751 dicebat
1166 2715 1182 2752 :
1223 2698 1298 2754 Tu
1341 2702 1476 2758 dicis
1526 2709 1651 2774 quia
1687 2725 1780 2764 rea:
1832 2727 1948 2766 sum
1976 2731 2088 2785 ego,

521 2793 617 2848 ego
655 2782 709 2834 in
743 2784 839 2837 hoc
862 2797 1019 2842 natus
1045 2807 1162 2844 sunt
1189 2795 1232 2859 ⁸,
1262 2802 1368 2849 etc.
1417 2794 1733 2856 lrascautur
1775 2805 1940 2874 igitur
1993 2782 2092 2863 .lu-

525 2871 768 2930 dmorum
810 2881 1012 2946 populi.

594 2961 699 3027 Qui
723 2967 865 3022 sedet
892 2987 1046 3036 super
1090 2973 1392 3046 Clterubim.
1415 2978 1532 3045 ille,
1556 2983 1799 3055 inquam,
1829 2991 2090 3048 Dominus

2205 1801 2500 1870 Ἑϐραίοις.
2541 1801 2622 1867 Τῷ
2646 1805 2823 1856 Δαϐὶδ
2847 1804 2904 1857 δὲ
2934 1805 3038 1858 ὑπὸ
3059 1805 3165 1858 τῶν
3204 1805 3606 1877 Ἐσδομήκοντα
3660 1811 3796 1862 ἐπι-

2195 1895 2535 1963 γέγραπται,
2576 1894 2649 1958 ὼς
2695 1897 2751 1948 ὲν
2805 1898 2872 1966 τῇ
2918 1896 3198 1968 ἐπιγραφῇ
3251 1897 3342 1952 τοῦ
3398 1903 3493 1966 ιις’
3525 1917 3794 1970 παρεση-

2199 1981 2578 2052 μειωσάμεθα.

2277 2071 2331 2124 '0
2383 2074 2599 2141 Κύριος
2653 2074 3078 2141 ἐϐασίλευσεν,
3134 2077 3572 2146 ὀργιζέσθωσαν
3607 2084 3794 2140 λαοί.

2193 2163 2330 2232 Φησὶ
2356 2165 2636 2228 Ματθαῖος
2660 2166 2740 2218 ὅτι
2773 2165 2869 2219 τοῦ
2909 2169 3088 2237 Ἰησοῦ
3121 2171 3359 2236 Χριστοῦ
3392 2173 3779 2242 γεννηθέντος.

2193 2252 2287 2304 καὶ
2319 2253 2385 2305 τὰ
2409 2255 2556 2322 ἑξῆς.
2610 2255 2765 2309 Ἰδοὺ
2802 2257 2981 2325 μάγοι
3015 2259 3086 2322 ἐξ
3133 2259 3446 2315 ἀνατολῶν
3477 2268 3780 2333 παρεφαίι

2193 2362 2372 2398 νοντο
2411 2348 2498 2412 είς
2543 2345 2940 2417 Ἰεροσόλυμα
2989 2351 3315 2423 λέγοντες·
3365 2353 3487 2407 Ποῦ
3520 2356 3699 2409 ἐστιν
3746 2361 3781 2411 ό

2193 2437 2421 2505 τεχθεὶς
2437 2439 2737 2505 ,βασιλεὺς
2766 2437 2885 2493 τῶν
2913 2441 3250 2508 Ἰουδαίων;
3290 2445 3383 2496 καὶ
3419 2445 3486 2498 τὰ
3525 2447 3619 2499 ἐπὶ
3649 2450 3778 2500 τού-

2191 2544 2304 2592 τοις
2333 2546 2346 2559 °
2381 2525 2502 2583 εἶτα
2527 2533 2608 2584 ὅτι
2643 2533 2944 2598 Ἀκούσας
2971 2533 3228 2601 Ἡρώδης
3253 2539 3285 2589 ὀ
3303 2536 3606 2602 ,ϐασιλεὺς
3634 2539 3773 2592 ἐτα-

2185 2619 2405 2686 ράχθη,
2441 2619 2539 2672 καὶ
2568 2618 2737 2674 πᾶσα
2775 2622 3541 2692 Ἰεροσόλυμαμετάὐτοῦ.
3582 2627 3774 2680 Ταῦτα

2190 2711 2370 2764 τοίνυν
2393 2711 2626 2780 προϊδὼν
2663 2715 2690 2766 6
2715 2714 2878 2767 Δαϐίδ
2909 2731 3091 2783 φησιν’
3133 2717 3185 2768 '0
3199 2717 3328 2780 Θεὸς
3358 2719 3614 2790 ἐγεννήθη
3671 2720 3772 2788 βα-

2194 2802 2399 2866 σιλεύς.
2433 2805 2543 2858 Καὶ
2571 2805 2737 2870 αὐτὸς
2768 2807 2876 2878 γὰρ
2896 2803 3072 2871 εἶπεν,
3102 2809 3186 2861 ὅτι
3232 2811 3337 2875 Εἰς
3368 2810 3545 2865 τοῦτο
3600 2809 3772 2880 γεγέ-

2191 2913 2393 2966 γημαι.
2432 2896 2869 2968 Ὀργιζέσθωσαν
2899 2899 3017 2951 λαοὶ
3044 2900 3152 2952 τῶν
3195 2899 3484 2957 Ἰουδαίων.

2276 2988 2338 3042 '0
2389 2989 2728 3057 καθήμενος
2780 2990 2877 3044 ἐπὶ
2931 2989 3052 3043 τῶν
3105 2993 3414 3060 Χερουϐιζιι.
3455 2991 3514 3045 ’0
3560 2992 3769 3062 Κύριος

520 3059 795 3123 regnavit,
827 3061 918 3128 qui
964 3063 1116 3118 sedet
1154 3081 1322 3136 super
1350 3052 1670 3139 Cherubim,
1716 3052 1864 3133 utin
1925 3099 2085 3139 Lxxtx

2194 3081 2402 3144 ἐκεῖνος
2431 3083 2458 3134 6
2509 3052 2824 3150 uaoqpevoc
2853 3081 2947 3134 ἐπὶ
2975 3081 3085 3136 τῶν
3125 3052 3429 3152 Χερουδίμ,
3483 3084 3559 3147 ὡς
3597 3052 3667 3139 ὲν.
3689 3052 3765 3156 rei;

521 3147 738 3212 psalmo
771 3149 1107 3206 declaratum
1136 3164 1242 3223 est,
1292 3159 1367 3213 ibi
1407 3179 1420 3214 :
1458 3160 1560 3226 Qui
1589 3165 1736 3222 sedes
1762 3185 1917 3237 super
1947 3174 2086 3229 Che-

524 3236 722 3301 rubim,
744 3239 1107 3306 manifestare.

503 3397 508 3403 ι
594 3324 1000 3384 Commoveatur
1045 3344 1210 3390 terra.
1262 3337 1573 3399 Iudaeorum
1609 3349 1866 3407 nimirum
1913 3340 2085 3428 regio,

498 3428 642 3482 .qua:
676 3417 892 3473 turbata
921 3433 1025 3486 est,
1061 3434 1118 3477 ut
1144 3427 1255 3495 jam
1311 3430 1571 3491 diximus.
1617 3436 1713 3493 Vel
1742 3417 2088 3502 commoveri;

496 3512 613 3570 ‘tur
651 3508 832 3564 omnis
877 3518 1045 3578 terra,
1094 3516 1218 3572 aliis
1261 3521 1486 3590 quidem
1529 3527 1601 3582 ob
1630 3539 1833 3586 metum
1872 3549 2087 3604 pertur-

495 3594 687 3658 batis,
723 3599 846 3654 aliis
882 3617 1010 3659 vero
1041 3605 1107 3659 ad
1131 3609 1388 3677 pietatem
1456 3623 1623 3688 atque
1655 3621 1723 3676 ad
1764 3594 2083 3696 reli'gionem

518 3691 895 3746 commutatis.

493 3830 499 3836 ο
592 3766 754 3826 Vsus.
783 3771 838 3827 2.
879 3774 1134 3836 Dominus
1173 3783 1229 3838 in
1276 3784 1406 3841 Sion
1452 3806 1696 3861 magnus,
1746 3805 1796 3851 et
1846 3803 2082 3858 excelsus

513 3868 593 3914 est
620 3877 779 3931 super
805 3882 983 3922 omnes
1011 3874 1254 3939 populos.
1293 3875 1456 3934 Juxta
1501 3881 1788 3941 historiam
1828 3890 2083 3951 Christus

516 3966 747 4023 magnus
777 3956 880 4012 fuit
909 3960 961 4014 iu
994 3962 1322 4033 Jerusalem,
1352 3974 1577 4040 docens,
1613 3985 1666 4032 et
1695 3980 1935 4038 elﬁcicns
1981 3987 2082 4041 mi-

516 4046 724 4141 racula.
780 4049 1168 4121 Egrediebatur
1193 4061 1360 4126 enim,
1415 4065 1618 4138 inquit,
1649 4073 1796 4141 fama
1835 4077 1899 4128 de
1949 4094 2008 4132 eo
2037 4080 2079 4134 ⁸.

513 4129 646 4186 Item
678 4136 805 4190 alibi
864 4156 879 4192 :
931 4141 1079 4198 Exiit
1102 4147 1248 4212 fama
1282 4152 1398 4220 ejus
1428 4129 1611 4210 statim
1649 4129 1705 4212 in
1735 4178 1911 4218 omnes
1957 4167 2083 4233 ﬁni-

516 4227 674 4280 timas
720 4232 953 4300 regiones
983 4236 1024 4290 ⁷.
1061 4237 1128 4292 Et
1173 4257 1364 4299 rursus
1408 4264 1423 4298 :
1469 4245 1619 4303 Exiit
1667 4255 1817 4320 [ama
1862 4257 1979 4326 ejus
2025 4260 2080 4313 in

2190 3175 2267 3226 οϐ’
2291 3173 2492 3244 ψαλμῷ
2523 3173 2875 3241 διείληπται·
2912 3175 3041 3228 ἔνθα
3074 3175 3155 3242 τὸ,
3197 3175 3260 3229 '0
3299 3175 3638 3247 καθήμενος
3665 3179 3766 3233 ἐπι

2189 3263 2308 3316 τῶν
2329 3264 2639 3333 Χερουϐὶμ,
2662 3264 2979 3333 ἐμφὰνηθι.

2177 3395 2179 3398 ‹
2260 3355 2619 3420 Σαλευθήτω
2656 3356 2694 3423 ἡ
2726 3355 2822 3424 γῆ.
2868 3357 2931 3408 Ἥ
2959 3356 3067 3410 τῶν
3126 3355 3416 3411 Ἰουδαίων.
3457 3359 3760 3430 Ἔταράχθη

2188 3445 2317 3514 γὰρ,
2349 3445 2422 3507 ὡς
2449 3445 2744 3514 δεδήλωται
2769 3461 2783 3476 '
2816 3446 2848 3516 ἢ
2875 3446 2968 3499 καὶ
3008 3448 3214 3518 πᾶσαή
3253 3448 3346 3516 γῆ,
3399 3449 3508 3501 τῶν
3538 3450 3638 3520 μὲν
3664 3469 3756 3503 τα-

2193 3537 2562 3609 ρασσομένων,
2661 3537 2770 3592 τῶν
2825 3537 2882 3590 δὲ
2945 3538 3389 3610 μετατιθεμένων
3458 3542 3540 3606 είς
3604 3543 3757 3596 εὐσέ-

2188 3627 2362 3683 ὄειαν.

2258 3788 2474 3856 Κύριος
2511 3789 2580 3842 ἐκ
2609 3789 2764 3844 Σιὼν
2807 3790 2997 3860 μέγας
3033 3790 3132 3845 καὶ
3170 3791 3412 3861 ὑψηλός
3449 3793 3623 3848 ἐστιν
3657 3795 3756 3849 ἐπὶ

2185 3883 2418 3946 πάντας
2460 3881 2602 3949 τοὺς
2629 3881 2838 3947 λαούς.
2879 3881 3188 3954 Ἰστορικῶς
3223 3883 3343 3952 μὲν,
3368 3885 3427 3938 ἐν
3452 3888 3515 3956 τῇ
3555 3886 3755 3956 Ἰερου-

2187 3973 2366 4042 σαλὴμ
2399 3973 2570 4043 μέγας
2599 3969 2667 4041 ἦν
2703 3976 2732 4027 6
2763 3975 3000 4046 Χριστὸς
3029 3974 3316 4038 διδάσκων,
3354 3979 3447 4030 καὶ
3478 3978 3756 4048 θαυμάσια

2185 4065 2444 4138 ἐκτελῶν.
2483 4064 2905 4134 Ἐξεπορεύετο
2935 4065 3064 4138 γὰρ,
3092 4067 3278 4136 φησὶν,
3305 4063 3455 4136 ἦχος
3483 4071 3618 4138 περὶ
3652 4075 3758 4126 αὐ-

2184 4157 2311 4210 τοῦ.
2345 4157 2453 4210 Καὶ
2482 4155 2668 4220 αὖθις-
2701 4140 2956 4225 Ἔξῆλθε
3005 4158 3076 4210 δὲ
3113 4160 3150 4226 ἠ
3180 4159 3343 4226 ἀκοὴ·
3363 4162 3549 4214 αὐτοῦ
3573 4163 3758 4231 εὐθὺς

2184 4253 2271 4316 είς
2294 4251 2449 4318 ὅλην
2470 4250 2584 4318 τὴν
2615 4253 2948 4318 περίχωρον
2991 4248 3101 4319 τῆς
3132 4253 3491 4317 Γαλιλαίας·
3527 4254 3622 4306 καὶ
3652 4255 3756 4307 πά-

515 4325 681 4372 tolam
712 4320 924 4391 Syriam
949 4328 992 4382 ⁸.
1021 4328 1183 4385 Juxta
1215 4349 1496 4407 anagogen
1541 4357 1690 4406 vero,
1737 4320 1967 4416 magnus
1995 4361 2079 4407 est

516 4407 699 4430 l\-__9#
716 4429 742 4430 η
761 4429 766 4430 ,
839 4415 851 4428 ο
932 4419 970 4430 η
1043 4420 1057 4430 ι
1130 4425 1141 4430 -
1261 4425 1310 4430 __

2191 4342 2264 4394 λιν
2283 4359 2298 4374 ·
2324 4341 2582 4410 Ἐξῆλθε
2617 4343 2685 4394 δὲ
2717 4343 2752 4410 ἡ
2787 4340 2940 4408 ἀκοὴ
2970 4342 3159 4396 αὐτοῦ
3187 4345 3274 4408 είς
3299 4343 3458 4409 ὅλην
3501 4344 3616 4410 τὴν
3638 4347 3752 4399 Συ-

514 4407 779 4467 l)ominus
839 4415 891 4470 in
930 4419 1201 4477 Ecclesia.
1256 4425 1388 4481 Sion
1437 4432 1637 4502 quippe
1687 4407 2077 4506 interpretatur

2191 4437 2338 4501 ρίαν.
2379 4407 2766 4504 ’Λναγωγικῶς
2798 4435 2878 4499 δὲ,
2912 4434 3085 4504 μέγας
3113 4407 3280 4497 ἐστὶν,
3312 4436 3370 4488 ὲν
3397 4407 3465 4506 τῇ
3516 4407 3747 4507 ’ἐκκλη-

511 4501 747 4560 specula.
797 4503 1064 4563 Fidelium
1117 4520 1298 4568 autem
1343 4501 1586 4576 Ecclesia
1660 4539 1770 4581 non
1803 4501 2076 4588 imtnerito

514 4595 735 4657 specula
764 4601 1089 4668 appellatur,
1119 4620 1240 4660 eum
1289 4608 1496 4678 ﬁdeles,
1538 4616 1629 4684 qui
1657 4616 1708 4672 in
1742 4635 1804 4675 ea
1844 4638 2073 4679 versan-

511 4685 604 4732 tur
651 4683 735 4753 (ut
773 4687 848 4740 ait
877 4693 1174 4760 Apostolus
1202 4696 1247 4766 ’)
1296 4715 1405 4754 non
1459 4683 1677 4760 terrena
1721 4711 1923 4776 solum,
1979 4713 2073 4768 sed

510 4772 755 4828 cmlestia
815 4785 1272 4853 conlemplenlur.
1329 4790 1386 4844 In
1441 4792 1542 4848 hac
1609 4796 1771 4867 igitur
1817 4801 2074 4859 Ecclesiae

506 4863 726 4927 specula
776 4865 1030 4927 Christus
1079 4877 1335 4934 excelsus
1394 4891 1478 4936 est
1539 4863 1708 4954 super
1739 4904 1929 4946 omnes
1981 4893 2080 4946 hoo

506 4952 702 5019 mines,
739 4967 942 5028 utpote,
975 4965 1064 5032 qui
1090 4981 1196 5021 non
1225 4977 1434 5026 tantum
1459 4974 1625 5030 homo
1652 4989 1756 5045 est,
1783 4983 1877 5035 sed
1910 4983 2073 5038 etiam

473 5042 672 5103 ‘Dcus.
711 5049 826 5118 Vel,
875 5070 1107 5125 magnus
1153 5061 1206 5115 in
1243 5062 1410 5132 Sion,
1469 5069 1725 5127 excelsus
1782 5083 1964 5128 autem
2019 5075 2073 5130 in

506 5141 764 5234 omnibus
807 5149 1052 5214 gentium
1117 5155 1356 5223 populis,
1409 5169 1468 5211 ut
1531 5161 1602 5214 sit
1657 5177 1872 5232 sensus,
1926 5167 2072 5234 quod

503 5231 758 5290 Christus
818 5242 1207 5309 magniﬁcalur
1262 5247 1407 5304 inter
1461 5248 1710 5315 Judzoos,
1788 5265 1841 5308 et
1921 5231 2068 5312 inter

503 5333 715 5390 gentes,
750 5330 853 5384 hoc
876 5342 981 5396 est,
1030 5335 1083 5388 in
1114 5337 1179 5390 iis
1223 5337 1500 5405 ﬁdelibus,
1545 5343 1636 5410 qui
1675 5359 1740 5398 ex
1779 5347 2068 5402 circumci-

504 5418 657 5472 sione
680 5429 833 5484 sunt,
863 5431 1029 5492 atque
1057 5427 1108 5479 in
1145 5428 1212 5481 iis
1239 5430 1331 5497 qui
1359 5445 1421 5483 ex
1449 5434 1721 5496 gentibus.
1749 5435 1881 5490 Nam
1911 5439 2062 5507 quod

2185 4531 2276 4602 σίᾳ
2300 4543 2315 4558 ’
2356 4529 2477 4582 ἐπεὶ
2507 4529 2614 4598 γὰρ
2645 4529 2676 4600 ἠ
2709 4526 2850 4580 Σιὼν
2881 4527 3325 4595 σκοπευτήριον
3358 4528 3746 4598 ἑρμηνεύεται,

2183 4619 2322 4691 αὕτη
2353 4619 2470 4673 ἐστὶ
2491 4619 2649 4673 τοῦτο
2673 4634 2690 4653 ·
2742 4617 3090 4673 σκοπούντων
3117 4618 3294 4688 ἡμῶν,
3335 4619 3412 4680 ὥς
3438 4635 3566 4688 φησι
3603 4620 3750 4672 Παῦ-

2182 4712 2292 4775 λος.
2345 4711 2406 4764 οὐ
2440 4711 2506 4765 τὰ
2558 4710 2796 4777 ἐπίγεια,
2848 4710 2984 4764 ἀλλὰ
3031 4711 3099 4764 τὰ
3133 4710 3456 4782 ἐπουράνια,
3490 4714 3548 4764 ὲν
3655 4714 3749 4765 καὶ

2188 4802 2385 4873 ὑψηλός
2411 4804 2556 4856 ἐστιν
2584 4802 2725 4874 ὑπὲρ
2757 4803 2965 4864 πάντας
2993 4802 3340 4872 ἀνθρώπους,
3366 4802 3444 4866 ὡς
3471 4803 3546 4873 μὴ
3583 4803 3743 4871 μόνον

2177 4892 2490 4962 ἄνθρωπος,
2527 4893 2662 4945 ἀλλὰ
2712 4895 2805 4945 καὶ
2835 4892 2987 4955 Θεός.
3045 4893 3115 4944 Ἣ
3150 4891 3324 4960 μέγας
3356 4892 3453 4960 μὲν
3484 4894 3542 4944 ἐν
3572 4893 3742 4945 Σιώνο

2175 4984 2377 5054 ὑψηλὸς
2401 4985 2457 5038 δὲ
2491 4986 2548 5036 ὲν
2577 4986 2710 5038 πᾶσι
2741 4987 2854 5047 τοῖς
2875 4983 3027 5047 λαοῖς
3069 4983 3179 5036 τῶν
3210 4983 3380 5036 ὲθνῶν
3407 4999 3421 5013 ·
3456 4983 3744 5048 δηλοῦντος

2172 5075 2315 5128 οὓτω
2341 5073 2649 5142 τοῦλόγου,
2704 5075 2787 5127 ὅτι
2816 5077 2910 5127 καὶ
2959 5075 3017 5126 ἐν
3069 5073 3348 5135 Ἰουδαίοις
3391 5073 3487 5125 καὶ
3537 5074 3594 5125 ὲν
3631 5074 3744 5137 τοῖς

2172 5162 2350 5216 ἔθνεσι
2387 5161 2881 5232 μεγαλυνθήσεται,
2914 5162 3164 5215 τουτέστι
3195 5164 3291 5215 καὶ
3319 5163 3376 5212 ὲν
3409 5164 3524 5222 τοῖς
3552 5163 3616 5214 ἑκ
3645 5179 3743 5214 πε-

2180 5255 2406 5324 ριτομῆς
2457 5255 2552 5306 καὶ
2588 5255 2649 5306 ὲν
2674 5255 2785 5315 τοῖς
2814 5251 2872 5317 ἐξ
2912 5253 3104 5306 ἐθνῶν.
3137 5254 3212 5305 Τὸ
3266 5253 3393 5320 γὰρ,
3441 5252 3538 5304 ἐπὶ
3593 5251 3746 5304 πάι·-

2173 5363 2302 5413 τας,
2334 5346 2394 5399 οὗ
2428 5347 2588 5415 μόνον
2618 5345 2874 5416 σημαίνει
2905 5345 3000 5398 νῦν
3019 5345 3080 5398 τὸ
3109 5345 3364 5410 πάντας,
3391 5344 3525 5398 ἀλλὰ
3544 5344 3638 5397 καὶ
3678 5346 3738 5397 τδ

2173 5440 2244 5491 ἐν
2271 5437 2479 5496 πᾶσιν,

503 5505 580 5558 ait
619 5525 633 5561 :
666 5527 825 5583 super
903 5535 1104 5576 omnes.
1177 5535 1284 5574 non
1346 5523 1522 5578 solum
1578 5527 1850 5592 signiﬁcat
1898 5544 2064 5598 supra
2102 5543 2318 5588 omnes.
2348 5530 2444 5585 sed
2476 5531 2639 5586 etiam
2671 5530 2725 5584 in
2752 5528 3033 5584 omnibus.

575 5650 594 5679 ⁸
631 5648 815 5734 hiauit.
857 5672 912 5719 tt,
969 5657 1079 5716 !-3.
1155 5660 1174 5691 '
1215 5658 1371 5716 Joan.
1418 5664 1677 5728 xvztt,57,
1753 5665 1774 5696 ‘
1819 5662 1947 5719 Luc.
1995 5680 2068 5729 ιν.

2289 5663 2520 5720 'Matth.
2576 5663 2766 5734 tx,26.
2846 5663 2867 5697 ⁸
2910 5661 3075 5717 Matth
3143 5676 3194 5717 tv
3227 5659 3316 5716 24.
3417 5658 3440 5690 ⁸
3497 5658 3733 5732 Philipp.

504 5729 585 5782 Ill,
655 5721 738 5775 15.
