4076 6204
249 289 368 352 Ἦθό

1413 283 1804 346 COMMENT.
1836 282 1916 345 IN
1956 279 2315 342 PSALMOS.

3395 277 3502 341 90!

256 416 432 456 σαντι.
467 398 560 451 Ἐν
589 393 902 468 εὐφροσύνῃ
948 394 1029 460 δὲ,
1066 395 1149 449 ὅτι
1178 391 1535 464 ἀπηλλάγητε
1578 391 1859 460 τύραννε-λ

1962 395 2084 440 anta
2133 387 2305 456 erepti
2351 386 2485 443 estis
2535 385 2847 459 tyrannide,
2895 392 2949 440 et
2981 384 3159 442 eﬂ‘ecti
3208 385 3379 462 digni,
3413 392 3507 462 qui

252 493 367 554 6ος,
397 489 492 541 καὶ
518 489 602 541 ὃτι
632 486 876 540 τοιοῦτον
904 485 1050 556 ἔχειν
1082 486 1366 554 Δεσπότην
1395 483 1802 554 κατηξιώθητε.

328 582 723 637 Εισελεύσετε
746 580 1002 632 ἐνώπιον
1018 579 1204 633 αὐτοῦ
1223 579 1292 632 ἐν
1309 576 1686 648 ἀγαλλιάσει.
1709 577 1840 645 Γνη-

261 671 393 735 σῖως
432 670 580 740 αύτῷ
607 668 902 740 λατρεύετε
940 668 1244 739 χαίροντες.

330 761 533 816 Γνῶτε
562 763 653 815 ὅτι
683 763 894 829 Κύριος
947 763 1130 827 αὐτός
1166 763 1336 814 ἐστιν
1378 762 1412 814 ὁ
1461 759 1608 825 Θεὸς
1646 757 1834 829 ἡμῶν.

259 853 438 905 Γνῶτε
469 851 576 905 ἀπό
591 868 650 904 τε
679 851 788 904 τῶν
806 852 933 921 περὶ
957 850 1124 904 αὑτοῦ
1153 851 1473 921 προφητῶν,
1505 849 1616 902 ἀπό
1642 865 1702 900 τε
1731 849 1840 899 τῶν

261 927 442 1013 ἔργων
474 939 664 1006 αὐτοῦ,
698 941 780 994 ὅτι
833 941 863 992 6
912 940 1115 1011 Κύριος
1171 940 1379 1011 Ἰησοῦς
1423 937 1588 1000 αὑτός
1621 938 1769 992 ἐστιν
1813 938 1842 990 6

261 1036 395 1099 Θεὸς
425 1036 603 1105 ἡμῶν.

324 1125 516 1191 Αὐτὸς
563 1127 854 1193 ἐποίησεν
894 1125 1072 1194 ἡμᾶς,
1129 1125 1225 1179 καὶ
1257 1127 1370 1196 οὐχ
1414 1128 1607 1196 ἡμεῖς.
1639 1129 1701 1181 Ei
1734 1127 1840 1200 γὰρ

266 1218 361 1270 καλ⁵
389 1217 638 1270 δοκοῦσιν
668 1219 716 1270 οῖ
747 1223 984 1288 πατέρες
1013 1221 1188 1270 ποιεῖν
1217 1220 1286 1271 τὰ
1331 1219 1520 1282 τέκνα,
1553 1218 1668 1272 ἀλλ’
1699 1219 1793 1272 οὖν
1815 1221 1844 1274 6

267 1309 399 1370 Θεὸς
433 1309 608 1361 ταῦτα
637 1311 801 1361 ποιεῖ.
835 1309 1007 1371 Αὐτὸς
1065 1308 1162 1379 μὲν
1191 1305 1285 1362 οὖν
1339 1311 1541 1374 αἴτιοςο
1573 1311 1622 1363 οἱ
1645 1310 1702 1363 δὲ
1735 1328 1844 1364 πα-

266 1397 446 1466 τέρες,
497 1399 782 1462 συναίτιοι,
832 1400 907 1462 ώς
940 1399 1015 1470 τῷ
1035 1400 1095 1465 ὲξ
1122 1402 1296 1472 ἀρχῆς
1332 1403 1711 1473 προστάγματι
1741 1404 1842 1458 αὐ-

265 1486 361 1536 τοῦ
395 1485 791 1550 διακονοῦντες.
829 1490 930 1544 Διὰ
967 1489 1128 1543 τοῦτο
1163 1491 1346 1544 πολλοὶ
1377 1491 1549 1545 πολλὰ
1597 1491 1845 1556 Θέλοντες

269 1578 626 1641 παιδοποιεῖν,
655 1581 716 1633 οὐ
764 1581 810 1634 δ’
841 1582 975 1646 ὅλως
1023 1582 1315 1654 ἰσχύουσιν.
1368 1585 1531 1638 Ὅθεν
1579 1587 1846 1657 καὶπρὸς

267 1671 368 1736 τὴν
397 1670 664 1738 λέγουσαν
695 1672 774 1743 τῷ
797 1675 974 1744 ἀνδρὶ,
993 1676 1102 1740 Δός
1122 1694 1224 1745 μοι
1247 1679 1480 1741 τέκνον,
1501 1677 1846 1747 δογματικῶς

271 1761 477 1824 ἐκεῖνος
501 1761 837 1833 ἁπεκρίνατο
857 1780 872 1795 ·
910 1765 1005 1833 Μὴ
1030 1765 1162 1819 ἀντὶ
1188 1768 1335 1821 Θεοῦ
1359 1769 1462 1821 σοι
1482 1769 1597 1837 ειμι
1619 1767 1753 1838 ἐγὼ,
1775 1767 1844 1835 ὃς
1877 1747 1917 1802 Β

266 1849 568 1919 ἐστέρηαέ
596 1866 671 1904 σε
711 1855 946 1922 καρπὸν
970 1858 1206 1922 κοιλίας
1219 1873 1242 1923 ;

355 2108 559 2181 Ἡμεῖς
590 2111 660 2166 δὲ
701 2114 853 2180 λαὸς
884 2115 1074 2170 αὐτοῦ
1097 2116 1196 2170 καὶ
1235 2119 1500 2190 πρόϐατα
1535 2118 1724 2190 νομῆς
1747 2121 1853 2175 αὐ-

286 2201 424 2256 τοῦ.
481 2203 718 2274 Εἴρηται
763 2205 861 2258 καὶ
915 2205 1075 2258 τοῦτο
1110 2208 1168 2259 ὲν
1216 2207 1297 2278 τῷ
1339 2207 1417 2279 κδ’
1477 2210 1706 2281 ψαλμῷ·
1740 2211 1854 2264 εἶδ’

283 2293 398 2346 ἐκεῖ
444 2294 595 2361 λαός
625 2295 819 2366 νομῆς
850 2298 1274 2368 ἐπιγέγραπται,
1311 2303 1406 2356 καὶ
1436 2307 1702 2372 πρόϐατα
1730 2323 1854 2374 χει-

277 2385 410 2452 ρὸς,
433 2386 553 2440 οὐδὲ
575 2389 730 2459 παρὰ
757 2387 950 2444 ταῦτα.

359 2562 676 2617 Εισέλθετε
701 2566 791 2630 εις
824 2565 933 2632 τὰς
961 2567 1162 2635 πύλας
1189 2569 1378 2624 αὐτοῦ
1401 2571 1471 2625 ἐν
1489 2572 1856 2649 ἐξομολογής

281 2666 404 2716 σει,
433 2654 518 2718 εἰς
547 2654 654 2720 τὰς
682 2658 880 2722 πύλας
911 2658 1098 2734 αὐτοῦ
1129 2659 1200 2714 ἐν
1248 2661 1480 2730 ὕμνοις.
1508 2665 1720 2739 Ὥσπερ
1749 2669 1860 2720 εἱσ-

285 2744 430 2796 ιέναι
481 2745 561 2798 δεῖ
617 2748 836 2816 πρῶτον
889 2751 970 2812 εἰς
1003 2752 1102 2815 τὰς
1135 2751 1340 2819 πύλας,
1392 2749 1512 2808 εἶτα
1545 2758 1626 2820 εἰς
1665 2756 1856 2827 αὐλὰς,

288 2836 464 2900 οὕτως
510 2837 947 2907 ἐξομολογεῖσθαι
989 2844 1073 2898 δεῖ
1119 2846 1338 2915 πρῶτον
1367 2849 1433 2900 τὰ
1463 2850 1856 2922 ἡμαρτημένα,

291 2923 410 2981 εἶτα
452 2929 641 2998 ὑμνεῖν
664 2931 756 2983 τὸν
801 2932 964 2986 Θεόνο
1003 2935 1092 2987 ῖνα
1129 2939 1196 3008 τῇ
1232 2937 1620 3010 ἐξομολογήσει
1651 2941 1860 3012 καθαρ-

289 3017 478 3089 θεέσης
508 3024 607 3092 τῆς
629 3022 895 3096 γλώττης,
925 3027 1166 3098 καθαρὸς
1188 3031 1216 3082 6
1241 3029 1410 3099 ὕμνος
1447 3033 1860 3104 προσενεχθεεη.
1889 3081 1912 3104 ι

293 3111 470 3163 Πύλαι
513 3112 570 3165 δὲ
610 3115 705 3168 καὶ
747 3116 909 3169 αὐλαὶ
934 3117 1030 3170 τοῦ
1086 3120 1346 3188 Χριστοῦ,
1383 3124 1440 3176 αἱ
1488 3124 1630 3178 κατὰ
1683 3128 1866 3180 πᾶσαν

293 3201 398 3269 γῆν
448 3201 755 3273 ἐκκλησίαι,
807 3204 884 3268 ὡς
937 3201 1086 3270 οἶκος
1118 3208 1284 3262 αὐτοῦ
1312 3227 1338 3240 “
1369 3211 1499 3280 περὶ
1547 3213 1656 3267 τῶν
1685 3214 1866 3268 αὐτῶν

290 3291 353 3344 δὲ
414 3296 510 3348 καὶ
532 3295 589 3346 ὲν
617 3295 695 3366 τῷ
727 3297 817 3364 πγ⁹
837 3298 1038 3369 ψαλμῷ
1077 3303 1426 3372 προείρηται.

378 3384 870 3456 Ἐξομολογεῖσθε
897 3389 1075 3456 αὐτῷ,
1094 3395 1314 3448 air-sits
1346 3396 1412 3448 τὸ
1437 3395 1624 3466 ὄνομα
1647 3401 1858 3455 αὐτοῦ.

307 3474 390 3531 Τὰ
421 3477 560 3530 αὐτὰ
585 3478 734 3532 δοκεῖ
765 3481 932 3534 πάλιν
989 3483 1193 3552 λέγειν,
1248 3487 1537 3542 ἐπιτείνων
1585 3491 1680 3544 καὶ
1735 3509 1871 3546 κατ-

297 3569 557 3636 επείγων.
608 3572 677 3624 Ἢ
707 3571 1094 3644 ἐξομολόγησιν
1123 3577 1356 3630 ἐνταῦθα
1385 3580 1493 3633 νόει
1515 3581 1613 3652 τὴν
1646 3583 1872 3653 εὐχαρι-

301 3663 478 3716 στίαν.
519 3664 936 3736 Εὐχαριστεῖτε,
975 3669 1164 3737 φησὶν,
1214 3671 1520 3739 τηλικαῦτα
1580 3673 1874 3744 εὐεργετηο

299 3755 530 3819 Θέντεςο
582 3757 886 3829 εὐφημεῖτε
952 3759 1015 3813 τὺ
1057 3759 1231 3832 ὄνομα
1284 3762 1381 3815 τοῦ
1432 3763 1727 3834 Att-rpme
1779 3767 1875 3819 καὶ

303 3847 598 3902 Δεσπότου.

379 4025 510 4086 ὀτι
535 4025 804 4096 χρηστὸς
855 4027 1099 4096 Κύριος·
1123 4031 1213 4098 εις
1259 4032 1370 4087 τὸν
1396 4034 1581 4089 αιῶνα
1601 4036 1669 4091 τὸ
1705 4036 1879 4106 ἕλεος

1943 487 2152 533 tantum
2189 477 2478 532 Dominum
2515 477 2785 532 habeatis.

2009 569 2179 624 Vens.
2206 570 2260 623 2.
2293 569 2518 623 Introite
2543 569 2597 623 in
2621 577 2897 637 conspectu
2921 569 3033 641 ejus
3057 569 3110 623 in
3137 570 3508 628 exsultatione.

1940 661 2180 733 Ingenue
2207 662 2358 716 illum
2402 661 2566 716 colite
2596 676 2717 715 cum
2747 661 2946 733 gaudio
2977 669 3031 715 et
3062 661 3273 716 laetitia.

2014 752 2183 808 Vens.
2219 753 2273 808 5.
2309 750 2509 807 Scitote
2538 753 2789 823 quoniam
2830 751 3089 806 Dominus
3133 753 3244 819 ipse
3269 762 3343 806 est
3373 752 3511 808 Deus
3608 782 3611 786 -

1943 857 2143 900 noster.
2178 845 2528 914 Cognoscite,
2567 845 2764 914 inquit,
2795 859 2824 899 a
2859 844 3139 914 prophetis
3176 859 3262 908 ea,
3294 859 3414 916 quae
3447 847 3514 900 de

1943 937 2042 992 illo
2075 941 2280 1007 scripta
2320 947 2487 992 sunt:
2521 945 2574 992 et
2603 936 2672 991 ab
2704 938 2838 1006 ipsis
2865 937 3026 991 etiam
3071 937 3328 1005 operibus
3362 938 3516 992 addi-

1945 1029 2109 1094 scite,
2142 1027 2285 1096 quod
2317 1026 2580 1083 Dominus
2602 1022 2764 1082 Iesus
2796 1028 2912 1097 ipse
2939 1033 3023 1082 est
3058 1025 3200 1082 Deus
3232 1037 3440 1083 noster.

2016 1118 2138 1188 Ipse
2178 1120 2299 1178 fecit
2332 1136 2448 1185 nos,
2487 1131 2536 1172 et
2583 1136 2684 1173 non
2716 1120 2818 1190 ipsi
2845 1136 2960 1172 nos.
2988 1117 3226 1173 Tametsi
3259 1128 3439 1189 patres
3478 1121 3514 1176 ii

1944 1226 2066 1266 esse
2127 1211 2433 1275 videantur,
2462 1211 2554 1280 qui
2608 1210 2745 1265 ﬁlios
2804 1210 3037 1274 iaciunt,
3093 1226 3282 1265 revera
3333 1217 3517 1265 tamen

1949 1303 2090 1358 Deus
2137 1312 2244 1370 est,
2289 1303 2381 1373 qui
2436 1319 2530 1358 eos
2569 1303 2717 1358 facit.
2768 1303 2889 1371 ipse
2927 1303 3129 1358 etenim
3172 1304 3390 1357 illorum
3436 1311 3520 1358 est

1947 1410 2139 1461 causa,
2195 1403 2452 1464 parentes
2485 1409 2614 1447 vero
2664 1394 3014 1464 coadjutores
3065 1403 3299 1461 tantum,
3349 1394 3517 1450 veluti

1947 1487 2043 1556 qui
2075 1485 2260 1541 divino
2283 1485 2361 1540 illi
2391 1486 2696 1540 inserviunt
2725 1487 3004 1549 mandat),
3031 1485 3174 1556 quod
3201 1494 3285 1541 est
3307 1501 3336 1540 a
3365 1486 3519 1557 prin-
3546 1519 3550 1523 ι

1949 1579 2112 1650 cipio.
2160 1579 2342 1649 Atque
2392 1579 2516 1634 ideo
2567 1579 2769 1635 multos
2818 1578 3066 1633 videmus
3099 1588 3352 1648 optantes
3396 1594 3520 1648 pro-

1949 1685 2137 1726 creare
2176 1670 2338 1734 ﬁlios,
2373 1671 2462 1739 qui
2492 1678 2673 1724 tamen
2703 1670 2924 1724 minime
2959 1671 3009 1724 id
3037 1679 3284 1738 possunt.
3318 1669 3517 1724 Eadem

1945 1765 2107 1821 etiam
2138 1768 2350 1820 ratione
2377 1764 2443 1818 ad
2475 1766 2759 1821 mulierem
2793 1765 2966 1830 illam,
2997 1781 3117 1835 quae
3147 1766 3268 1819 viro
3304 1759 3523 1820 suo'di-

1949 1862 2108 1914 cebat
2164 1875 2180 1911 :
2230 1857 2310 1910 Da
2359 1857 2486 1909 mihi
2520 1856 2713 1926 litium.
2762 1857 3057 1924 prudenter
3103 1871 3168 1911 ac
3217 1856 3526 1926 dogmatice

1949 1950 2182 2003 maritus
2201 1947 2486 2017 respondit
2517 1965 2530 2002 :
2568 1945 2843 2016 Numquid
2874 1963 2964 2016 ego
2993 1963 3109 2002 sunt
3146 1947 3242 2000 tibi
3274 1964 3368 2017 pro
3396 1947 3523 2012 Dea,

1949 2038 2040 2108 qui
2073 2039 2299 2106 priuauit
2339 2046 2385 2090 te
2417 2036 2592 2106 {ructu
2624 2036 2817 2089 uentris
2849 2036 2934 2089 “2

2022 2128 2190 2184 Vens.
2227 2128 2283 2182 4.
2321 2127 2434 2183 Nos
2463 2139 2635 2180 autent
2675 2127 2899 2196 populus
2935 2126 3071 2195 ejus,
3097 2137 3144 2182 et
3171 2143 3289 2182 oves
3316 2142 3526 2194 pascua:

1952 2218 2090 2289 ejus.
2129 2217 2378 2274 Vidimus
2429 2219 2595 2274 etiam
2638 2217 2954 2287 ltnjusmodi
3008 2218 3170 2272 verba
3222 2217 3276 2271 in
3318 2217 3530 2286 psalmo

1955 2323 2100 2377 κίειν,
2133 2318 2187 2365 et
2219 2310 2347 2365 licet
2391 2309 2467 2377 ibi
2515 2309 2739 2378 populus
2793 2324 3001 2378 pascua:
3050 2309 3308 2378 scriptum
3341 2310 3434 2372 sit,
3475 2319 3532 2363 et

1955 2416 2071 2454 ores
2098 2416 2287 2453 manus
2318 2399 2452 2469 ejus,
2490 2399 2636 2452 nulla
2667 2397 2792 2452 hinc
2826 2407 3010 2452 tamen
3043 2411 3243 2452 sensus
3270 2394 3530 2449 dill‘ercn-

1960 2490 2033 2544 tia
2064 2490 2447 2545 constituitur.

2027 2578 2254 2632 Introite
2279 2580 2332 2632 in
2359 2586 2539 2645 portas
2561 2577 2674 2649 ejus
2707 2579 2758 2630 in
2779 2576 3125 2645 confessione,
3152 2577 3206 2630 in
3243 2575 3397 2629 aulas
3416 2573 3532 2644 ejus

1960 2671 2016 2725 in
2050 2669 2283 2740 hymnis.
2317 2669 2787 2736 Quemadmodum
2841 2669 3017 2737 primo
3068 2667 3279 2737 ingredi
3319 2673 3551 2736 oportet'

1961 2769 2174 2832 portas,
2210 2770 2267 2816 et
2313 2761 2511 2816 deinde
2541 2763 2715 2824 aulas,
2750 2762 2821 2816 ita
2853 2761 3019 2815 etiam
3067 2760 3246 2830 primo
3283 2757 3534 2812 conliteri

1961 2859 2178 2922 Oportet
2228 2859 2479 2921 peccata,
2531 2861 2585 2906 et
2634 2852 2893 2921 deinceps
2947 2852 3172 2904 laudare
3225 2849 3392 2903 Deum
3427 2865 3442 2901 :
3475 2855 3537 2901 ut

1963 2943 2151 3014 lingua
2236 2957 2333 3012 per
2389 2942 2794 2999 confessionem
2856 2950 3199 3012 expurgata;
3258 2955 3410 3012 porte
3472 2955 3539 2995 ac

1970 3037 2184 3091 mundae
2233 3036 2423 3092 laudes
2479 3035 2778 3091 oll'erantur
2838 3035 2968 3091 Deo.
3031 3035 3215 3087 Portte
3267 3043 3450 3087 autem
3483 3038 3540 3087 et

1970 3130 2106 3184 aula:
2127 3128 2356 3193 Christi,
2393 3129 2561 3183 variae
2594 3138 2744 3192 sunt,
2780 3143 2901 3197 quae
2936 3127 2988 3180 in
3038 3126 3294 3180 universo
3329 3124 3543 3178 baben-

1969 3227 2058 3273 tur
2093 3221 2245 3286 orbe,
2300 3219 2569 3284 ecclesiaa,
2609 3220 2776 3274 veluti
2813 3220 3046 3290 propriae
3084 3218 3330 3286 quaedam
3390 3214 3543 3272 illius

1969 3311 2167 3366 domus
2195 3329 2210 3367 :
2249 3312 2315 3366 de
2339 3312 2482 3366 aulis
2511 3311 2672 3365 etiam
2706 3311 2946 3365 diximus
2973 3311 3026 3362 in
3061 3309 3270 3379 psalmo
3305 3321 3544 3361 nunt.

2041 3401 2208 3460 Vens.
2248 3403 2302 3458 5.
2335 3401 2672 3472 Conﬁtemini
2703 3402 2804 3468 illi,
2859 3411 2908 3454 et
2936 3401 3152 3454 laudate
3190 3415 3373 3455 nomen
3402 3398 3542 3466 ejus.

1972 3495 2227 3551 Eamdem
2261 3495 2479 3550 videtur
2511 3504 2757 3564 repetere
2793 3494 3148 3555 sententiam,
3198 3504 3546 3546 sermonem-

1971 3601 2079 3657 que
2117 3600 2279 3640 suum
2339 3585 2515 3654 magis
2573 3584 2878 3646 intendere,
2917 3598 2981 3637 ac
3015 3583 3127 3636 fere
3159 3581 3418 3636 lectorem
3449 3596 3545 3634 ur-

1971 3691 2124 3749 gere.
2154 3675 2273 3738 Vel,
2310 3689 2409 3744 per
2464 3675 2870 3729 confessionem
2928 3671 3222 3744 gratiarum
3271 3672 3542 3725 actionem

1975 3767 2256 3838 intelligo:
2288 3766 2508 3822 Gratias
2529 3765 2663 3829 Deo,
2710 3764 2908 3836 inquit,
2937 3761 3416 3830 condignasjagite,
3445 3774 3548 3829 pro

1975 3859 2142 3914 tantis
2173 3857 2242 3913 ab
2269 3870 2335 3912 eo
2373 3855 2430 3912 in
2455 3870 2553 3911 vos
2585 3855 2804 3910 collatis
2847 3852 3151 3918 beneliciis,
3183 3859 3239 3906 et
3269 3850 3416 3906 illius
3447 3865 3548 3906 no-

1976 3969 2100 4009 men
2135 3952 2374 4018 laudate,
2401 3953 2494 4023 qui
2527 3950 2754 4005 redemit
2793 3963 2911 4003 vos.

1981 4063 1996 4104 ι
2052 4043 2318 4112 Quoniam
2339 4044 2504 4098 bonus
2533 4041 2809 4103 Dominus,
2835 4042 2886 4094 in
2909 4037 3160 4095 saeculum
3182 4036 3550 4092 misericordia

305 4117 520 4172 αὑτοῦ.
562 4119 815 4190 Χρηστὺς
846 4157 864 4185 ,
909 4121 986 4185 ὡς
1058 4125 1386 4195 συμπαθής·
1436 4127 1656 4183 αἰώνιον
1702 4131 1761 4185 δὲ
1817 4134 1859 4186 τί

1977 4137 2114 4201 eius.
2142 4137 2323 4190 Bonus
2350 4144 2539 4203 utpote
2565 4133 2929 4202 compatiens.
2965 4129 3245 4186 Aiternam
3279 4141 3408 4184 vero
3429 4143 3553 4184 esse

310 4208 461 4270 ἕλεος
499 4209 690 4276 αὑτοῦ,
763 4211 856 4264 καὶ
881 4211 944 4265 οὐ
971 4213 1335 4284 πρόσκαιρον,
1385 4211 1500 4272 οἷον
1543 4220 1606 4274 τὸ
1649 4221 1760 4277 τῶν
1783 4225 1883 4279 ἀνα

313 4299 342 4351 θ
353 4300 572 4368 ρώπων.

1981 4229 2116 4284 dicit
2144 4228 2293 4283 illius
2325 4225 2781 4291 misericordiam,
2831 4231 2886 4278 et
2940 4239 3048 4277 non
3084 4231 3296 4277 tantum
3328 4221 3397 4276 ad
3448 4221 3555 4276 ltu-

1983 4336 2159 4376 mana:
2187 4321 2311 4375 vita:
2337 4331 2577 4388 tempus,
2615 4319 2708 4373 sed
2745 4325 3009 4389 perpetuo
3043 4315 3265 4369 durare.

385 4391 491 4448 Καὶ
519 4391 629 4457 ἕως
651 4389 876 4484 prensat:
939 4393 1039 4484 aea!
1067 4396 1279 4465 γενεᾶς
1311 4400 1351 4468 ri
1393 4402 1644 4471 ἀλήθεια
1670 4405 1857 4460 αὑτοῦ

2055 4412 2126 4468 Et
2153 4429 2316 4483 usque
2341 4413 2394 4466 in
2427 4412 2814 4484 generationem
2862 4419 2910 4463 et
2943 4407 3328 4480 generationem
3358 4403 3552 4458 ueritas

314 4484 580 4552 Διηνεκὴς
636 4481 870 4552 ἀλήθεια
901 4483 1013 4538 τῶν
1067 4485 1242 4556 λόγων
1300 4491 1468 4546 αὐτοῦ
1493 4510 1508 4533 ε
1536 4495 1570 4567 ἢ
1603 4497 1663 4549 οὐ
1721 4497 1859 4565 μόνο·

1989 4505 2124 4572 ejus.
2154 4481 2388 4567 Veritas,
2425 4481 2623 4573 inquit,
2663 4515 2976 4559 sermonum
3012 4499 3132 4568 ejus
3163 4505 3423 4568 perpetua
3445 4502 3550 4549 est.

317 4576 376 4627 ὲν
402 4576 468 4644 τῇ
500 4575 663 4644 γενεᾷ
693 4573 790 4628 τοῦ
816 4575 1052 4630 παλαιοῦ
1083 4578 1238 4647 λαοῦ,
1299 4583 1438 4644 ἀλλὰ
1487 4587 1585 4640 καὶ
1612 4587 1672 4642 ὲν
1692 4591 1758 4660 τῇ
1784 4590 1859 4642 τοὶ

1986 4592 2108 4656 Vel,
2150 4607 2260 4647 non
2309 4599 2521 4647 tantum
2555 4592 2610 4646 in
2643 4591 2854 4661 antiqui
2898 4590 3081 4660 populi
3118 4587 3551 4658 generationem,

316 4686 462 4728 νεου.

815 4766 1062 4835 Talao;-
1082 4765 1164 4832 τῷ
1194 4768 1390 4826 Δαϐἰδ.

905 4860 1197 4912 ΨΔΔΜΟΣ
1224 4861 1296 4914 P'.

384 4947 464 5001 t'O
497 4949 768 5021 μακάριος
809 4951 1022 5015 Ἰωσίας
1057 4952 1301 5021 μεγάλας
1362 4953 1728 5026 κατώρθωσεν
1765 4957 1894 5030 ἁρε-

1989 4685 2084 4741 sed
2111 4686 2165 4740 in
2199 4685 2603 4757 generationem
2641 4697 2860 4753 quoque
2891 4683 3017 4736 novi
3054 4681 3257 4752 populi.

2482 4773 2729 4830 Psalmus
2753 4773 2856 4840 ipsi
2885 4771 3070 4827 David.

2551 4863 2773 4919 PSALM
2785 4862 2868 4918 US
2926 4861 2988 4917 C.

2063 4956 2264 5014 Beatus
2319 4955 2495 5018 Josias
2547 4969 2761 5010 summa
2809 4956 3010 5012 virtute
3040 4951 3300 5025 praeditus
3334 4953 3458 5021 fuit,
3506 4961 3561 5008 et

323 5037 442 5104 τὰς,
468 5041 528 5092 ιν
552 5041 632 5112 τῷ
684 5041 1012 5112 βασιλεύειν,
1074 5043 1141 5103 ἃς
1189 5044 1426 5114 προϊδὼν
1474 5046 1502 5098 6
1553 5047 1738 5111 Δασιδ,
1798 5049 1859 5101 τὸ

1991 5061 2208 5104 summa
2240 5045 2451 5116 pariter
2498 5060 2625 5100 cum
2674 5045 2878 5100 virtute
2927 5060 3156 5116 regnum
3209 5044 3562 5098 administra-

326 5133 571 5203 παρόντα
605 5133 822 5204 ψαλμὸν
857 5135 1188 5206 συνέγραψε,
1221 5139 1314 5191 τὸν
1351 5138 1611 5210 ἐνάρετον
1673 5139 1859 5193 ἐκεῖνο

1987 5141 2066 5195 vit
2099 5155 2115 5194 :
2153 5137 2298 5208 quod
2328 5137 2636 5209 pravidens
2669 5134 2944 5207 Propheta
2975 5147 3163 5190 noster
3198 5133 3387 5200 David,
3425 5148 3565 5201 pra:-

327 5223 442 5293 βῖον
466 5225 746 5298 προσώπῳ
801 5227 969 5281 αὐτοῦ
1021 5227 1382 5300 διηγούμενος
1408 5245 1425 5264 ⁶
1481 5231 1578 5283 καὶ
1605 5231 1856 5301 προτιθεὶ

1986 5239 2196 5286 sentem
2246 5229 2517 5300 psalmum
2552 5227 2920 5299 conscripsit,
2978 5242 3089 5297 quo
3123 5223 3563 5296 probatissimam

325 5317 438 5379 τοῖς
497 5317 807 5390 ἀνθρώποις
861 5319 1032 5392 ὀρθῆς
1078 5320 1352 5386 πολιτείας
1400 5323 1748 5394 χαρακτῆρα,
1793 5340 1859 5377 κα

1997 5321 2134 5375 tanti
2169 5320 2313 5390 regis
2355 5320 2544 5386 vitam,
2581 5333 2649 5374 ex
2677 5319 2798 5389 ejus
2845 5331 3077 5388 persona
3112 5329 3343 5370 narrans
3366 5355 3379 5376 .
3417 5313 3563 5368 illam

327 5408 675 5480 παράδειγμα
696 5411 1051 5485 τελειότητος.

404 5676 449 5708 ⁸⁸
474 5677 613 5733 Gen.
647 5692 773 5743 xxx,

2001 5423 2264 5484 tanquam
2337 5421 2504 5470 recta:
2553 5412 2841 5484 cujusdam
2906 5407 3343 5466 conversatiOnis
3382 5422 3566 5463 exem-

2002 5504 2143 5573 plar,
2177 5502 2433 5559 omnibus
2462 5501 2780 5564 imitandam
2816 5499 3094 5570 proponit.
