4076 6204
562 269 672 335 995

635 380 801 436 Vens.
838 375 888 433 l.
927 375 1347 432 Misericordiam
1392 383 1440 428 et
1467 373 1734 444 judicium
1762 372 1985 426 cantabo
2014 370 2130 437 tibi,
2163 375 2209 431 Α

564 468 806 522 Domine.
854 467 911 519 ln
956 475 1201 528 cantum,
1239 465 1434 533 inquit,
1476 464 1575 518 tibi
1628 463 1851 519 oll‘eram
1914 462 2134 517 miseri-

563 560 803 615 cordiam
832 557 1165 626 etjudicium
1190 566 1369 622 tuum,
1401 570 1605 611 canens
1634 555 1917 620 nimirum,
1945 567 2133 624 quem-

565 648 860 703 admodum
894 650 946 701 in
982 650 1235 719 praesenti
1268 649 1378 702 vita
1414 648 1717 712 misereris,
1747 655 1800 702 et
1825 646 2041 717 iudicas
2076 645 2131 699 in

562 740 747 804 futura
787 738 1159 802 :velcanens,
1189 740 1333 807 quod
1384 739 1761 796 misericordia
1789 748 1878 792 tua
1919 736 2132 806 judicio

562 845 671 884 non
703 839 871 895 caret,
909 845 1010 885 nec
1044 831 1318 899 judicium
1360 840 1512 885 tuum
1571 831 1968 885 misericordia.
2002 828 2132 883 lmi-

562 921 717 974 tabor
749 930 1011 989 praterea
1053 938 1114 976 ea
1147 938 1266 991 quae
1296 930 1459 976 cantu
1489 937 1607 976 meo
1654 921 1968 982 laudavere,
2000 918 2134 973 alio-

558 1024 681 1065 rum
714 1010 925 1065 scilicet
960 1012 1270 1067 miserendo
1306 1020 1359 1066 et
1392 1021 1542 1066 recte
1570 1012 1706 1066 alios
1735 1009 2061 1079 judicando.

635 1098 801 1154 Vens.
841 1101 897 1155 ἢ.
946 1098 1208 1167 Psallam,
1239 1111 1289 1154 et
1323 1102 1616 1171 intelligam
1649 1103 1701 1153 in
1757 1101 1837 1154 via
1871 1100 2131 1152 immacu-

562 1192 696 1245 lata.
726 1190 1232 1263 lrreprehensibilis
1266 1194 1523 1248 incedens
1556 1192 1802 1263 psallam,
1840 1201 1893 1246 et
1928 1192 2135 1246 intelli-

563 1298 706 1353 gam.
760 1281 984 1351 Oportet
1037 1282 1181 1337 enim
1238 1284 1561 1352 psallentem
1618 1284 1944 1353 intelligere,
1998 1283 2131 1352 quid

565 1373 779 1440 psallat,
816 1380 909 1426 aut
944 1381 1146 1427 cantet.
1177 1373 1280 1428 Per
1313 1374 1717 1429 immaculatam
1749 1384 1931 1430 autem
1962 1377 2129 1441 viam,

568 1463 872 1533 intelligere
899 1466 1191 1532 possumus
1213 1465 1444 1521 virtutes
1471 1468 1595 1522 illas
1622 1482 1742 1536 qua:
1770 1468 1989 1522 actione
2013 1484 2134 1537 per-

565 1554 853 1621 ficiuntur;
888 1556 1120 1624 psallere
1152 1572 1281 1611 vero
1310 1573 1406 1626 pro
1436 1559 1788 1628 contemplari
1824 1576 1837 1612 :
1872 1558 1955 1613 vel
1987 1559 2134 1628 psal-

564 1645 697 1711 lere,
735 1660 834 1714 pro
887 1648 1100 1713 operari
1136 1662 1232 1715 per
1286 1649 1565 1711 virtutem,
1600 1650 1904 1719 intelligere
1950 1659 2130 1704 autem

564 1751 663 1804 pro
700 1735 1056 1804 contemplari
1089 1753 1106 1793 :
1157 1752 1389 1807 quorum
1430 1749 1719 1810 utrumque
1758 1740 1812 1793 in
1867 1736 2133 1794 immacd-
2162 1711 2209 1772 Β

567 1826 673 1880 lata
716 1835 879 1895 atque
913 1827 1380 1896 irreprehensibili
1416 1830 1525 1884 vita
1562 1832 1870 1901 perﬁcitur.

639 1919 866 1988 Quando
928 1926 1095 1979 venies
1131 1925 1200 1978 ad
1230 1928 1350 1981 me?
1378 1925 1457 1977 Ad
1490 1941 1596 1988 me,
1626 1926 1868 1995 inquam,
1894 1926 1986 1997 qui
2016 1926 2137 1983 ideo

568 2012 955 2071 immaculatus
1038 2025 1203 2086 atque
1277 2018 1775 2086 irrcprehensibilis
1871 2020 2133 2083 ambulo,

567 2105 762 2173 psallo,
803 2118 856 2159 et
884 2107 1150 2176 intelligo,
1188 2116 1242 2162 ut
1273 2118 1323 2163 te
1355 2111 1522 2163 l‘ruar.
1553 2108 1671 2172 Vel,
1706 2112 1925 2179 quando
1952 2112 2135 2167 venies

567 2196 635 2251 ad
678 2214 782 2263 me,
819 2199 910 2267 qui
968 2199 1258 2253 adventum
1288 2210 1339 2254 et
1380 2204 1722 2269 praesentiam
1757 2214 1902 2257 tuam
1936 2204 2138 2259 arden-

566 2289 781 2342 tissime
808 2290 1165 2357 concupisco,
1199 2291 1352 2359 juxta
1384 2294 1514 2346 illud
1546 2310 1561 2347 :
1601 2293 1660 2347 Si
1690 2296 1807 2361 quis
1830 2295 2001 2365 diligit
2032 2312 2134 2362 me,

566 2387 614 2430 et
638 2378 789 2431 verba
809 2396 919 2431 mea
942 2381 1187 2442 servabit,
1206 2391 1255 2433 et
1281 2381 1443 2434 Pater
1465 2399 1606 2436 meus
1630 2385 1810 2454 diliget
1832 2402 1974 2450 eum,
1999 2398 2045 2441 et
2064 2376 2137 2441 ad

570 2483 691 2521 eum
720 2472 1005 2535 veniemus,
1034 2481 1081 2523 et
1120 2474 1436 2525 mansionem
1467 2477 1606 2541 apud
1637 2493 1755 2530 eum
1789 2478 2043 2546 faciemus
2070 2481 2133 2536 ¹⁵.

636 2559 1083 2611 Perambulabam
1110 2559 1163 2612 in
1200 2562 1495 2615 innocentia
1520 2566 1690 2617 cordis
1720 2569 1841 2629 mei,
1872 2569 1926 2621 in
1968 2572 2136 2624 medio

568 2648 751 2703 domus
780 2666 925 2703 mew.
992 2648 1283 2718 Versabar,
1317 2653 1514 2721 inquit,
1550 2656 1605 2709 in
1633 2658 1897 2712 munditia
1927 2660 2133 2716 cordis.

636 2824 802 2882 Vens.
838 2828 891 2882 ὅ.
938 2826 1061 2883 Non
1094 2831 1445 2900 proponebam
1476 2844 1597 2887 ante
1639 2835 1820 2889 oculos
1863 2853 2002 2892 meos
2030 2854 2135 2893 rem

566 2919 823 2989 iniquam.
857 2918 1043 2991 Neque
1081 2933 1207 2977 ante
1245 2939 1559 2995 corporeus,
1596 2943 1771 2996 neque
1809 2938 1937 2985 ante
1966 2932 2134 2987 animi

568 3011 779 3078 oculos,
826 3013 928 3067 hoc
954 3023 1056 3077 est,
1089 3032 1197 3069 non
1248 3018 1587 3073 sustinebam
1629 3021 1808 3087 videre
1840 3032 1935 3077 aut
1984 3024 2136 3096 cogi-

568 3114 683 3157 tare
711 3107 956 3175 iniquum
984 3109 1210 3176 aliquid.

638 3193 915 3250 Facientes
968 3202 1439 3268 transgressionem
1501 3203 1660 3257 odiui.
1712 3204 1818 3259 Eos
1875 3207 2133 3264 nimirum

568 3284 838 3349 homines,
890 3292 983 3357 qui
1037 3290 1182 3357 quod
1229 3292 1433 3358 justum
1493 3306 1578 3348 est
1632 3297 2134 3365 transgrediuntur,

568 3377 687 3431 sive
721 3378 772 3431 id
801 3378 865 3432 ad
898 3379 1149 3436 homines
1183 3385 1471 3451 pertineat,
1506 3387 1620 3441 sive
1649 3388 1713 3441 ad
1750 3389 1937 3444 Deum.

636 3464 803 3523 Vens.
842 3469 895 3522 4.
933 3469 1055 3524 Non
1080 3475 1302 3529 adluesit
1342 3477 1467 3530 mihi
1498 3493 1591 3533 cor
1611 3494 1932 3547 peruersum.
1964 3480 2135 3539 Recto

567 3559 709 3611 enim
749 3576 1061 3629 perversum
1089 3580 1199 3618 non
1238 3570 1515 3636 congruit.

641 3649 1003 3705 Declinantem
1050 3670 1081 3706 a
1135 3671 1214 3708 me
1249 3658 1534 3728 malignum
1584 3677 1687 3715 non
1739 3665 2134 3734 cognoscebant.

568 3738 755 3811 Neque
784 3744 929 3797 enim
974 3745 1334 3816 malignorum
1384 3750 1669 3807 hominum
1700 3756 1975 3812 amicitias
2003 3760 2137 3813 reti-

567 3848 697 3887 nere
736 3842 974 3902 oportet,
1010 3835 1103 3889 sed
1135 3852 1351 3905 curare,
1390 3850 1448 3894 ut
1492 3857 1683 3898 omnes
1714 3847 2037 3904 accedentes
2069 3849 2135 3904 ad

568 3937 690 3981 nos.
739 3925 998 3980 meliores
1034 3926 1363 3995 elﬁciantur,
1397 3940 1450 3985 et
1481 3936 1800 3993 recedentes
1832 3938 2134 4009 despicere.

570 4014 894 4085 lntelligitur
941 4018 1103 4072 etiam
1163 4020 1254 4076 hic
1312 4024 1617 4081 versiculus
1674 4026 1741 4083 de
1784 4029 2023 4093 diabolo,
2079 4041 2138 4086 ut

568 4121 766 4163 sensus
793 4109 863 4163 sit
894 4126 908 4163 :
938 4107 1177 4165 Daemoni
1203 4113 1269 4167 ad
1296 4130 1382 4170 me
1409 4131 1694 4173 accessum
1721 4120 1934 4175 nullum
1965 4122 2088 4178 dedi
2118 4141 2134 4180 :

567 4207 731 4270 atque
765 4202 969 4257 idcirco
1009 4219 1116 4258 non
1158 4207 1407 4276 contigit,
1447 4219 1506 4263 ut
1537 4210 1828 4280 aliquando
1859 4227 1889 4266 a
1925 4229 2011 4269 me
2040 4216 2138 4271 de-

568 4293 793 4356 clinare,
829 4294 931 4347 hoc
968 4303 1074 4361 est,
1106 4298 1360 4352 recedere
1382 4316 1505 4354 eum
1535 4317 1943 4374 cognoscerem.

1792 258 2105 322 EUTHYM
2119 257 2178 318 ΙΙ
2215 254 2575 317 ZIGABENI

3705 247 3817 309 996

2310 370 2531 423 Ἕλεον
2563 365 2660 421 καί
2686 366 2890 433 κρίσιν
2939 363 3166 435 ᾄσομαι
3199 379 3318 430 σοι,
3362 364 3558 431 Κύριε.
3620 360 3816 434 ’ᾼσμα

2237 463 2515 533 προσοίσω
2548 458 2639 513 τὸν
2666 459 2813 511 ἔλεον
2870 460 2963 512 καὶ
2988 459 3086 529 τὴν
3149 459 3353 528 κρίσιν,
3417 458 3558 528 ᾅδων
3587 456 3659 509 τὰ
3683 460 3819 525 περὶ

2234 554 2326 608 τοῦ
2356 553 2542 615 ἐλέους
2604 568 2699 604 σου
2766 551 2863 625 κα).
2922 551 3025 618 τῆς
3075 550 3337 619 κρίσεως,
3366 551 3452 603 ὅτι
3496 547 3670 609 ὲλεείς
3710 548 3812 616 μὲν

2235 647 2376 699 κατὰ
2399 646 2498 716 τὴν
2526 642 2811 713 παροῦσαν
2841 644 3017 713 ζωήν·
3053 642 3263 712 κρίνεις
3292 642 3347 695 δὲ
3378 640 3524 693 κατὰ
3555 640 3656 707 τὴν
3685 639 3819 709 μέλ-

2233 741 2453 794 λουσαν.
2494 741 2563 792 Ἦ
2594 740 2677 791 ὅτι
2741 736 2864 790 οὔτε
2895 739 2922 789 ὁ
2958 736 3106 798 ἔλεός
3141 751 3237 787 σου
3291 734 3540 802 ἄκριτος,
3595 730 3727 784 οὕτε
3783 730 3816 799 ἢ

2235 833 2416 902 κρίσις
2471 829 2701 899 ἀνήλεος
2730 844 2743 858 ⁸
2776 828 2899 880 ἐπεὶ
2922 826 2978 879 δὲ
3009 825 3187 879 ταῦτα
3248 823 3477 893 ᾄσομαι,
3522 820 3702 873 ταῦτα
3723 821 3818 873 καὶ

2238 920 2575 991 μιμήσομαι,
2628 917 2796 969 ἐλεῶν
2832 917 2927 969 καὶ¹
2963 914 3168 986 κρίνων
3191 913 3391 983 ὀρθῶς.

2311 1100 2493 1155 Ψαλῶ
2564 1099 2661 1154 καί
2722 1098 2977 1166 συνήσω
3002 1097 3073 1149 ἐν
3131 1095 3249 1160 ὁδῷ
3299 1094 3536 1164 ἀμώμῳ.
3582 1092 3821 1147 Ὀδεύων

2235 1192 2502 1264 ἁμὼμως,
2536 1191 2693 1259 ψαλῶ
2758 1192 2852 1244 καὶ
2900 1189 3119 1258 συνήσω
3151 1204 3164 1219 ·
3202 1188 3310 1258 χρὴ
3357 1189 3464 1256 γὰρ
3520 1185 3613 1238 τὸν
3676 1185 3823 1253 ψάλ-

2234 1288 2396 1341 λοντα
2428 1287 2523 1340 καὶ
2556 1284 2799 1338 συνιέναι
2832 1284 2900 1336 τὰ
2923 1281 3240 1351 ψαλλόμενα
3264 1297 3277 1310 ·
3314 1279 3401 1347 εἴη
3434 1278 3479 1330 δ’
3524 1279 3591 1330 ἂν
3631 1277 3694 1330 τὸ
3720 1278 3823 1345 μὲν

2234 1379 2442 1433 ὁδεύειν
2474 1376 2743 1448 ἀμώμως,
2765 1376 2866 1444 τῆς
2889 1372 3211 1444 πρακτικῆς
3232 1389 3246 1402 ·
3288 1373 3349 1424 τὸ
3376 1372 3435 1424 δὲ
3458 1370 3687 1439 ψάλλειν
3726 1370 3825 1421 καὶ

2237 1475 2498 1535 συνιέναι,
2530 1470 2632 1540 τῆς
2661 1469 3032 1538 θεωρητικῆς.
3054 1467 3123 1518 Ἢ
3148 1465 3235 1518 διὰ
3270 1464 3369 1531 μὲν
3422 1463 3517 1516 τοῦ
3562 1462 3821 1530 ψάλλειν,

2233 1564 2332 1635 τὴν
2388 1561 2704 1631 πρακτικὴν
2753 1559 3017 1627 ἐνέφηνεν
3041 1572 3055 1587 ·
3112 1555 3199 1609 διὰ
3230 1554 3288 1607 δὲ
3312 1553 3407 1605 τοῦ
3437 1551 3685 1604 συνιέναι
3718 1548 3823 1617 τὴν

2238 1655 2606 1726 θεωρητικὴν,
2668 1651 2816 1723 ἅπερ
2860 1649 3028 1721 ἄμφω
3070 1646 3331 1718 κατορθοῖ
3369 1662 3452 1708 τις
3481 1644 3670 1697 ἕνεκεν
3694 1640 3825 1694 ὀδοῦ

2237 1749 2497 1819 ἀμώμου.

2305 1911 2458 1965 Πότε
2522 1907 2689 1976 ἣξεις
2735 1903 2884 1972 πρός
2939 1917 3057 1971 με;
3108 1899 3212 1952 Τὸν
3242 1896 3330 1951 διὰ
3378 1895 3535 1949 τοῦτο
3561 1892 3825 1947 ὁδεύοντι

2237 2004 2508 2073 ἀμώμως,
2546 1999 2641 2052 καὶ
2689 1997 2986 2066 ψάλλοντα,
3022 1986 3117 2046 καὶ
3151 1990 3427 2044 συνιέντα.
3458 1989 3548 2052 Ἣ,
3579 1986 3671 2039 τὸν
3697 1986 3827 2036 δια-

2238 2095 2426 2165 πύρως
2483 2090 2855 2161 ἐπιθυμοῦντα
2912 2088 3013 2158 τῆς
3063 2086 3369 2157 παρουσίας
3438 2099 3558 2136 σου.
3608 2081 3820 2149 Εἰρηκε

2237 2188 2346 2258 γὰρ
2368 2189 2396 2240 ὁ
2426 2184 2659 2255 Χριστός
2682 2198 2698 2213 ·
2746 2179 2889 2235 Ἐάν
2918 2197 3008 2244 τις
3040 2178 3114 2243 μὲ
3164 2172 3388 2245 ἀγαπᾷ,
3418 2173 3517 2226 καὶ
3567 2170 3677 2224 τὸν
3718 2172 3824 2223 .16-

2236 2297 2347 2352 γον
2396 2296 2517 2348 μου
2576 2274 2849 2343 τηρήσει,
2920 2270 3018 2325 καί
3053 2271 3086 2322 ὁ
3140 2268 3343 2333 Πατήρ
3367 2281 3486 2333 μου
3514 2261 3821 2330 ἀγαπήσει

2250 2374 2462 2437 αὐτὸν,
2491 2370 2590 2424 καί
2638 2369 2788 2436 πρὸς
2850 2363 3039 2419 αὑτὸν
3071 2361 3466 2427 ἐλευσόμεθα,
3493 2358 3592 2411 καὶ
3612 2357 3822 2426 μοι-ὴν

2239 2469 2376 2536 παρ’
2403 2463 2566 2529 αὐτῷ
2594 2461 2951 2528 ποιήσομεν.

2308 2551 2835 2625 Διεπορευόμηνὲν
2868 2545 3087 2614 ἀκακία
3111 2542 3359 2611 καρδίας
3380 2558 3521 2610 μου,
3541 2540 3613 2592 ἐν
3645 2538 3824 2607 μέσῳ

2238 2649 2348 2704 τοῦ
2404 2648 2576 2701 οῖκου
2626 2661 2772 2713 μου.
2833 2637 3273 2711 Ἀνεστρεφόμην
3349 2635 3407 2686 ἐν
3479 2631 3823 2701 καθαρότητι

2240 2740 2489 2812 καρδίας.
3312 2818 3335 2821 _
3669 2811 3695 2821 _

2304 2833 2386 2885 Οὐ
2436 2829 2829 2899 προετιθέμην
2883 2824 2999 2894 πρὸ
3058 2818 3381 2892 ὀφθαλμῶν
3414 2834 3535 2885 μου
3574 2818 3819 2881 πρᾶγμα

2239 2921 2608 2991 παράνομον.
2643 2919 2778 2974 οὔτε
2801 2904 2910 2989 ’πρὸ
2945 2915 3054 2970 τῶν
3093 2912 3393 2982 αἰσθητῶν,
3429 2908 3551 2962 οὔτε
3575 2909 3682 2977 πρὸ
3708 2908 3821 2957 τῶν

2240 3014 2449 3084 νοητῶν
2477 3029 2491 3044 ο
2520 3013 2821 3077 τουτέστιν,
2854 3010 2955 3063 οὐκ
2980 3006 3277 3080 ἠνειχόμην
3306 3002 3428 3056 οὔτε
3489 3001 3647 3072 ὁρᾷν,
3690 2996 3818 3051 οὔτε

2238 3105 2594 3177 ἐνθυμεῖσθαι
2625 3102 2999 3173 παρανομίαν.

2306 3199 2637 3262 Ποιοῦντας
2678 3192 3045 3262 παραϐάσεις
3096 3192 3383 3260 ἐμίσησα.
3446 3186 3587 3246 Τοὺς
3629 3201 3819 3254 παραυ

2238 3289 2521 3353 ϐαίνοντας
2550 3289 2611 3341 τὸ
2638 3288 2870 3352 δίκαιον,
2903 3286 3016 3338 εἴτε
3047 3283 3184 3353 πρὸς
3212 3280 3365 3345 Θεὸν,
3401 3280 3509 3333 εἴτε
3555 3276 3694 3347 πρὸς
3722 3278 3821 3328 ἁν-

2238 3382 2509 3455 θρώπους.

2254 3458 2257 3459 ν
2301 3476 2423 3529 Οὐκ
2468 3471 2771 3540 ἐκολλήθη
2816 3489 2919 3541 μοι
2966 3469 3180 3539 καρδία
3220 3464 3485 3536 σκαμϐή.
3545 3464 3636 3534 Τῷ
3704 3462 3818 3532 γὰρ

2236 3569 2384 3622 εὐθεῖ
2406 3568 2465 3621 τὸ
2489 3565 2745 3636 στρεϐλὸν
2776 3566 3141 3635 ἀνάρμοστον.

2319 3661 2744 3725 Ἐκκλίνοντος
2764 3659 2865 3712 ἀπ’
2897 3654 3045 3726 ἐμοῦ
3087 3654 3194 3709 τοῦ
3250 3650 3522 3720 πονηροῦ
3551 3652 3663 3705 οὐκ
3690 3650 3786 3718 ἑτέ
3800 3678 3818 3691 ο

2235 3767 2495 3810 νωσκον.
2521 3751 2596 3804 Ού
2629 3750 2734 3821 χρὴ
2761 3749 2869 3818 γὰρ
2898 3750 2999 3817 τῆς
3029 3745 3125 3800 τοῦ
3158 3743 3395 3814 πονηροῦ
3437 3742 3619 3810 φιλίας
3657 3742 3818 3795 ἀντέ-

2238 3844 2454 3916 χεσθαι,
2518 3840 2655 3895 ἀλλὰ
2716 3838 3154 3912 προσεδρεύοντα
3206 3836 3327 3903 μὲν,
3369 3833 3665 3905 πειρᾶσθαι
3693 3832 3816 3901 βελο

2236 3936 2409 4002 τιοῢν,
2474 3933 2897 4003 ἀναχωροῦντος
2931 3931 3010 3995 δὲ,
3058 3930 3445 3999 καταφρονεῖν.
3497 3926 3724 3978 Νοεῖται
3758 3924 3817 3976 δὲ

2239 4030 2332 4083 καὶ
2363 4025 2607 4098 περὶτοῦ
2633 4024 2905 4087 διαϐόλου,
2956 4024 3037 4076 ὄτί
3070 4022 3146 4093 μὴ
3172 4021 3348 4084 διδοὺς
3372 4018 3524 4088 αύτῷ
3558 4017 3815 4087 παροδον,

2239 4121 2349 4175 οὐδ’
2372 4118 2786 4190 ἀναχωροῦντος
2814 4117 3136 4185 ἐγίνωσκον.

639 4380 809 4436 Vens.
844 4384 897 4436 5.
930 4384 1295 4440 Deira/tentent
1326 4400 1522 4445 secreto
1544 4384 1801 4460 'proatimo
1836 4411 1955 4461 suo,
1994 4397 2132 4451 hunc

2318 4404 2429 4458 Τὸν
2457 4402 2921 4458 καταλαλοῦντα
2944 4400 3137 4471 λάθρα
3164 4402 3270 4455 τὸν
3300 4402 3569 4468 πλησίον
3595 4402 3813 4464 αὑτοῦ.

570 4480 943 4543 ucrsequebar.
997 4474 1279 4546 Tanquam
1336 4481 1495 4535 malis
1549 4482 1835 4550 praaditum
1892 4487 2137 4542 moribus

2237 4496 2457 4551 τοῦτον
2501 4494 2840 4558 ἐξεδίωκον.
2889 4493 2975 4557 Ὠς
3017 4493 3268 4563 κακοήθη
3314 4491 3407 4543 καὶ
3433 4492 3814 4561 ἀνελεύθερον,

569 4577 733 4635 atque
768 4567 1111 4636 illiberalem,
1160 4586 1223 4625 ac
1260 4572 1425 4627 veluti
1480 4586 1671 4629 canem
1707 4577 1942 4634 latenter
1989 4595 2139 4636 mor-

569 4658 805 4713 dentem.
841 4659 1048 4713 Secreto
1081 4668 1282 4727 autem,
1338 4663 1440 4716 hoc
1476 4672 1584 4730 est,
1612 4665 1775 4733 clam,
1810 4671 1931 4724 ideo
1969 4685 2139 4741 appo-

572 4750 703 4814 suit,
763 4751 892 4819 quia
931 4754 975 4807 is
1008 4753 1099 4821 qui
1127 4751 1384 4822 praesenti
1413 4751 1673 4818 detrahit,
1706 4758 1885 4814 minus
1924 4771 2136 4828 peccat,

567 4852 690 4891 cum
738 4840 783 4893 is
813 4842 903 4909 qui
949 4858 1188 4912 praesens
1222 4850 1329 4909 est,
1387 4842 1458 4898 ab
1507 4845 1745 4915 irrogata
1793 4848 2019 4905 infamia
2070 4866 2131 4909 se

564 4933 704 4986 tueri
744 4934 938 5002 possit.

635 5024 872 5093 Superbo
904 5026 1053 5079 oculo
1101 5035 1150 5081 et
1198 5028 1489 5084 insatiabili
1523 5031 1699 5096 corde,
1736 5048 1855 5085 cum
1900 5031 1997 5087 hoc
2026 5049 2129 5088 non

561 5118 796 5173 edebam.
827 5119 940 5173 Hoc
963 5128 1063 5183 est,
1092 5136 1198 5174 non
1225 5121 1485 5193 degebam
1508 5138 1632 5178 cum
1656 5139 1741 5181 eo.
1776 5124 1879 5180 Per
1909 5126 2129 5180 oculum

564 5219 744 5262 autem
777 5210 1095 5278 superbum,
1126 5226 1510 5282 quemcunque
1535 5214 1827 5283 superbum
1860 5213 2132 5268 hominem

563 5298 836 5367 intelligit,
869 5301 1033 5353 veluti
1064 5315 1091 5352 a
1130 5310 1284 5369 parte
1309 5310 1481 5356 totum
1511 5324 1524 5357 :
1551 5312 1606 5358 et
1629 5303 1796 5356 simili
1820 5303 2003 5369 modo,
2037 5318 2134 5372 per

485 5428 495 5444 .
565 5388 871 5442 insatiabile
905 5406 1020 5455 cor,
1055 5406 1277 5446 avarum
1331 5392 1629 5448 hominem.
1667 5392 1972 5465 Utrumque
2005 5410 2132 5450 vero

560 5472 818 5533 Sermone
852 5482 1287 5552 comprehendit,
1321 5486 1508 5542 dicens
1542 5504 1557 5541 :
1592 5484 1725 5543 Cum
1756 5487 1850 5542 hoc
1882 5504 1984 5544 non
2012 5487 2135 5543 ede-

566 5570 702 5624 bam.

637 5684 680 5717 "
712 5683 871 5739 Joan.
928 5703 1037 5755 xw,
1076 5690 1165 5745 25.

2238 4592 2334 4641 καὶ
2382 4591 2519 4640 κύνα
2575 4584 2964 4655 λαθρόδηκτον.
3004 4583 3076 4635 Τὸ
3129 4584 3325 4649 λάθρα
3348 4581 3407 4634 δὲ
3447 4583 3811 4651 προσέθηκεν,

2238 4679 2320 4732 ὅτι
2349 4680 2376 4731 ὁ
2399 4676 2491 4730 τοῦ
2522 4676 2788 4746 παρόντος
2812 4674 3155 4737 καταλαλῶν,
3191 4675 3253 4727 οὐ
3278 4672 3530 4728 τοσοῦτον
3559 4675 3813 4743 ἁμαρτά·

2237 4786 2348 4826 νει·
2385 4768 2578 4841 παρὼν
2608 4769 2951 4839 γὰρηὲκείνος
2976 4767 3399 4838 ἀπολογήσεται.

2325 5037 2717 5107 ’Υπερηφὰνῳ
2746 5037 3033 5107 ὀφθαλμῷ
3087 5040 3184 5092 καὶ
3246 5040 3542 5108 ἀπλήστῳ
3572 5043 3811 5111 καρδίᾳ,

2238 5134 2429 5198 τούτῳ
2457 5133 2528 5185 οὐ
2577 5129 2939 5196 συνήσθιον.
2975 5131 3052 5184 Οὐ
3109 5132 3510 5203 συνδιῃτώμην.
3567 5133 3814 5207 ’Υπξρή-

2241 5243 2406 5296 φανον
2435 5225 2492 5277 δὲ
2504 5223 2781 5293 ὀφθαλμὸν
2810 5223 2980 5291 λέγει,
3011 5222 3100 5277 τδν
3129 5224 3479 5295 ὑπερήφανον
3492 5226 3812 5298 ἄνθρωπον

2240 5318 2581 5388 ἀπὸ¹μέρους
2612 5316 2672 5367 τὸ
2698 5315 2819 5368 ὅλον
2842 5330 2857 5345 ο
2891 5316 2985 5368 καὶ
3020 5310 3183 5378 αὖθις
3220 5317 3497 5388 ἄπληστον
3555 5319 3813 5389 καρδίαν,

2238 5410 2332 5462 τὸν
2372 5409 2694 5477 ἀκόρεστον,
2727 5406 2818 5459 τὸν
2852 5405 3207 5477 πλεονέκτην,
3254 5407 3345 5460 Διὸ
3375 5409 3470 5461 καὶ
3496 5408 3558 5461 τὺ
3616 5411 3819 5474 τούτῳ

2242 5500 2520 5574 προσθεὶς,
2546 5498 2807 5568 ἑκάτερον
2836 5496 3117 5567 ἐνέφηνεν.
