4102 6206
302 273 414 339 9'37

1483 268 1694 331 COMM
1704 265 1876 330 ENT.
1914 264 1997 326 ΙΝ
2035 262 2398 327 PSALMOS.

3443 256 3555 321 9&8

366 386 432 438 Oi
452 384 752 454 ὀφθαλμοί
788 400 909 453 μου
958 381 1059 438 ἐπι
1099 379 1244 449 τοὺς
1303 382 1563 448 πιστοὺς
1596 382 1709 451 τῆς
1740 380 1875 452 γῆς,

2055 380 2225 435 Vens.
2254 378 2308 434 6.
2348 378 2505 434 Oculi
2533 378 2637 433 mei
2684 377 2753 431 ad
2804 376 2981 446 ﬁdeles
3012 383 3187 439 term,
3236 380 3299 427 ut
3341 373 3559 429 sedeant

299 475 408 529 τοῦ
431 473 852 544 συγκαθῆσθαι
879 474 1103 541 αὐτοὺς
1142 473 1271 543 μετ’
1366 474 1538 545 ἐμοῦ.
1593 471 1737 535 Τοὺς
1781 491 1873 526 πιο

303 565 590 619 σ;εύεσθαι
624 564 809 630 ἀξίους
834 564 925 618 διὰ
948 565 1046 636 τὴν
1074 565 1177 634 τῆς
1209 564 1485 629 πολιτείας
1508 564 1687 618 αὐτῶν
1711 563 1876 618 εὐθύς

301 672 443 727 τητα
468 672 481 685 ο
510 655 786 725 ἢπιστοὺς
812 654 963 723 λέγει
991 656 1106 719 νῦν,
1144 656 1273 718 τοὺς
1306 656 1569 724 ἀγαθούς·
1602 656 1738 725 φησὶ
1766 654 1877 725 γὰρ

303 750 395 801 καὶ
428 746 712 825 Σολομῶνο
752 745 975 816 ’Ἄνδρα
1005 744 1073 800 δὲ
1117 746 1356 813 πιστὸν,
1411 746 1593 817 ἔργον
1631 745 1831 816 εὑρεῖν
1858 761 1873 778 ·

302 839 365 891 τὸ
404 840 513 908 γὰρ
537 838 742 905 ἀγαθὸν
768 838 1026 891 σπάνιον·
1067 838 1300 903 τούτοις,
1344 841 1501 909 φησὶ,
1558 840 1874 910 προσεῖχον,

305 934 398 985 καὶ
429 929 704 999 συνέδροις
735 930 1021 1002 ἐχρώμην.

378 1107 789 1176 Πορειιόμενος
814 1107 884 1162 ἐν
913 1105 1029 1176 6δῷ
1081 1109 1316 1179 ἀμώμῳ,
1351 1106 1531 1178 οὗτός
1578 1129 1682 1181 μοι
1728 1112 1881 1167 ἐλει-

309 1202 559 1269 τούργει.
599 1201 655 1252 Ὀ
683 1200 1050 1269 πορευόμενος
1083 1204 1139 1255 ὲν
1172 1202 1277 1271 ὁδῷ
1308 1202 1525 1273 ἀμώμῳ
1578 1204 1877 1268 πολιτείας,

310 1284 473 1353 οὗτός
501 1307 590 1359 μοι
620 1290 884 1357 διηκόνει.
924 1292 1199 1364 Προσήκει
1237 1296 1349 1364 γὰρ
1382 1295 1456 1365 μὴ
1490 1297 1652 1365 μόνον
1681 1296 1878 1372 φίλοις,

306 1381 442 1434 ἀλλὰ
470 1378 562 1430 καὶ
586 1379 889 1449 ὑπηρέταις
915 1381 1137 1449 ἀγαθοῖς
1169 1384 1492 1454 κεχρῆσθαι.

378 1474 459 1523 Ob
500 1468 748 1535 κατῴκει
807 1472 878 1525 ἐν
904 1472 1076 1542 μέσῳ
1109 1473 1215 1543 τῆς
1261 1478 1460 1543 οἰκίας
1507 1496 1649 1547 μου,
1692 1480 1884 1535 ποιῶν

305 1563 749 1631 ὑπερηφανίαν.
782 1564 932 1618 ’Δνω
991 1565 1091 1636 μὲν
1154 1568 1284 1635 περὶ
1322 1569 1479 1638 φίλου
1523 1570 1882 1641 ὑπερηφάνου

307 1652 532 1720 εἴρηκεν
554 1668 567 1680 ·
596 1652 834 1716 ἐνταῦθα
866 1654 942 1720 δὲ,
975 1658 1103 1727 περὶ
1133 1658 1411 1728 ὑπηρέτου
1432 1660 1806 1732 ὑπερηφάνου.
1854 1655 1861 1662 “

1985 488 2210 527 mecum.
2240 470 2323 525 Ad
2382 485 2479 525 eos
2531 469 2790 525 nimirum
2838 467 2931 537 qui
2972 467 3045 521 ob
3100 474 3305 522 rectam
3360 480 3553 520 eorum

1986 565 2457 620 conversationem
2488 560 2671 618 ell‘ecti
2719 568 2849 616 sunt
2895 557 3066 629 digni,
3107 563 3382 625 utessent
3420 556 3555 609 lide-

1987 657 2092 713 les.
2129 655 2221 711 Vel
2270 654 2458 709 ﬁdeles
2496 669 2648 708 nunc
2676 653 2851 708 bonos
2883 664 3075 715 omnes
3111 648 3372 717 appellat,
3398 647 3557 717 juxta

1986 748 2133 819 quod
2160 761 2189 800 a
2222 745 2519 811 Salomone
2567 744 2774 799 dictum
2822 742 3101 811 legimus:
3154 737 3336 793 Virum
3383 752 3558 793 autem

1987 839 2192 908 ﬁdelem
2227 837 2457 892 invenire
2479 835 2631 891 labor
2652 844 2732 889 est
2767 836 2834 889 η.
2880 832 3017 887 Nam
3054 831 3202 901 quod
3233 831 3437 886 bonum
3477 840 3563 885 est

1987 944 2173 984 rarum
2220 940 2353 985 est:
2402 927 2812 997 huiuscemodi,
2870 924 3071 994 inquit,
3114 923 3432 978 hominibus
3462 936 3563 992 cgo

1987 1020 2355 1085 adhaerebam,
2387 1030 2441 1076 et
2467 1035 2592 1074 cum
2624 1018 2705 1073 eis
2731 1016 3107 1073 considebam.

1996 1094 1999 1101 ί
2060 1112 2354 1166 Ambnians
2377 1113 2431 1166 in
2457 1113 2538 1166 via
2555 1111 2920 1173 immaculata,
2939 1108 3022 1160 hic
3045 1108 3175 1160 mihi
3195 1102 3557 1161 ministrabat.

1988 1204 2277 1269 Mittistris,
2313 1205 2514 1274 inquit,
2551 1218 2685 1258 usus
2714 1219 2859 1268 sum,
2900 1216 3138 1272 quorum
3171 1200 3278 1254 vita
3305 1208 3457 1254 esset
3490 1200 3569 1253 ir-

1986 1294 2466 1374 reprcltensibilis.
2498 1293 2662 1348 Decet
2686 1307 2945 1363 namque,
2967 1307 3076 1347 non
3114 1291 3307 1348 amicis
3330 1299 3565 1358 tantum,

1991 1389 2085 1444 sed
2118 1396 2172 1444 et
2202 1386 2473 1442 ministris
2508 1385 2588 1439 uti
2619 1385 2801 1441 bonis.

2063 1478 2232 1536 Υιιε.
2263 1481 2317 1535 7.
2344 1477 2469 1532 Non
2498 1478 2771 1531 habitabat
2797 1480 2849 1531 in
2882 1478 3053 1533 media
3091 1478 3278 1533 domus
3305 1492 3453 1538 mete,
3482 1475 3569 1544 {a-

1991 1574 2132 1647 ciem
2162 1572 2484 1642 superbiam.
2516 1571 2785 1642 Superius
2824 1570 2894 1626 de
2928 1572 3168 1642 superbo
3200 1571 3380 1626 amico
3410 1570 3568 1624 locu-

1993 1674 2082 1720 tus
2112 1671 2215 1729 est,
2250 1678 2395 1718 nunc
2426 1676 2607 1718 autem
2635 1664 2700 1717 de
2723 1663 2993 1717 ministro.

379 1742 596 1810 Aitde
653 1734 853 1812 adma,
910 1749 983 1801 οὺ
1037 1751 1408 1805 κατεύθυνεν
1458 1753 1718 1810 ἐνώπιον
1767 1755 1890 1808 τὼν

2065 1755 2172 1822 Qui
2205 1727 2458 1824 vioquitur
2513 1756 2718 1824 injusta
2776 1768 2881 1809 non
2932 1754 3128 1807 direxit
3190 1752 3245 1806 in
3289 1762 3570 1820 conspectu

310 1835 638 1904 ὀφθαλμῶν
659 1855 803 1906 μου.
835 1839 909 1893 Οὐ
937 1839 1246 1912 κατώρθου,
1273 1842 1311 1897 ἃ.
1330 1843 1664 1910 ἐσπούδαζεν
1706 1861 1725 1878 ο

312 1925 578 1982 ιὺωδοῦτο
596 1928 832 1985 ἐνώπιόν
856 1948 982 2002 μου.

1783 1846 1888 1901 οὑκ

360 2103 484 2175 Ἐἲς
511 2107 618 2177 τὰς
646 2111 868 2178 πρωΐας
899 2110 1256 2169 ἀπέκτεινον
1284 2113 1516 2184 πάντας
1536 2117 1678 2186 τοὺς
1698 2119 1890 2189 ἀμαρ-

315 2201 547 2268 τωλοὺς
579 2201 690 2270 τῆς
724 2202 856 2272 γῆς.
892 2204 987 2268 Είς
1039 2207 1139 2270 τὰς
1188 2208 1417 2279 πρωῖας,
1478 2210 1617 2281 μήτε
1673 2212 1777 2281 τῆς
1830 2212 1890 2279 ἐξ

316 2291 464 2346 οἴνου
490 2292 686 2363 μέθης,
721 2298 860 2365 μήτε
894 2299 994 2367 τῆς
1025 2301 1089 2351 ὲκ
1113 2298 1285 2368 θυμοῦ
1318 2300 1663 2375 σφαλλούσης
1684 2305 1777 2358 τὸν
1801 2305 1891 2358 λο-

316 2387 539 2456 γισμόν.
576 2386 716 2449 Τοὺς
748 2387 1114 2459 ἁμαρτωλοὺς
1143 2391 1221 2455 δὲ,
1254 2394 1375 2463 οὐχὶ
1405 2396 1589 2466 πάσης
1613 2397 1713 2467 τῆς
1760 2398 1889 2467 γῆς,

316 2478 455 2532 ἀλλὰ
484 2478 678 2547 μόνους
718 2471 843 2542 τοὺς
873 2480 962 2533 ἐπ’
984 2481 1085 2550 ἐμέ
1109 2499 1122 2514 θ
1153 2484 1248 2537 καὶ
1275 2486 1484 2550 πάντας
1510 2488 1587 2553 δὲ,
1627 2489 1726 2559 οὐχ
1751 2489 1891 2560 ἅμα,

320 2569 458 2624 ἀλλὰ
502 2569 597 2623 νῦν
633 2569 733 2643 μὲν
767 2571 978 2638 τοῦτον,
1006 2576 1101 2628 νῦν
1131 2574 1187 2628 δὲ
1218 2576 1450 2633 ἐκεῖνον.

394 2747 508 2805 Τοῦ
527 2750 957 2820 ἑξολοθρεῦσαι
994 2753 1065 2808 ἐκ
1113 2756 1348 2824 πόλεως
1381 2759 1605 2828 Κυρίου
1650 2761 1888 2831 πάντας

319 2840 463 2908 τοὺς
487 2842 916 2914 ἐργαζομένους
965 2846 1079 2916 τὴν
1120 2849 1397 2918 ἀνομίαν.
1442 2852 1795 2909 Ἀπέκτεινον
1832 2856 1894 2909 δὲ

322 2935 544 3000 αὐτοὺς,
578 2937 738 3006 χάριν
765 2938 859 2991 τοῦ
890 2940 1275 3010 ὲξολοθρεῦσαι
1305 2943 1431 3007 τοὺς
1491 2946 1845 3017 παρανόμους
1876 2962 1891 2977 ⁶

1990 1846 2271 1903 oculorum
2297 1862 2556 1904 meorum.
2585 1844 2704 1903 Non
2755 1845 2979 1910 direxit,
3017 1845 3123 1900 boc
3150 1850 3263 1911 est,
3303 1844 3571 1916 perﬁcere

1989 1955 2102 1996 non
2135 1939 2336 2010 potuit,
2364 1940 2507 2011 quod
2538 1940 2787 2010 optabat,
2819 1953 2939 1995 nec»
2965 1950 3151 1994 coram
3184 1951 3271 1991 me
3309 1952 3570 2009 prospere

1990 2035 2280 2104 processit.
2548 2048 2553 2051 ‘

2066 2125 2234 2182 Vens.
2264 2124 2321 2180 8.
2356 2124 2421 2180 In
2466 2125 2746 2180 matutinis
2770 2122 3145 2193 interﬁciebam
3173 2138 3353 2177 omnes
3381 2136 3570 2189 pecea—

1995 2226 2135 2273 tores
2167 2227 2341 2273 terra.
2374 2215 2645 2273 Matutino
2669 2227 2939 2286 tempore,
2971 2230 3095 2270 cum
3130 2216 3279 2271 nulla
3307 2216 3438 2280 vini,
3473 2218 3570 2267 aut

1996 2310 2093 2365 ine
2123 2310 2391 2365 ebrietate
2424 2308 2724 2367 detinerer.
2754 2307 2974 2377 quando
3006 2306 3283 2376 cogitatio
3303 2322 3422 2362 mea
3468 2308 3569 2362 de-

1993 2400 2102 2469 cipi
2151 2415 2257 2455 non
2307 2406 2540 2469 poterat.
2576 2396 2761 2453 Terra:
2812 2408 2993 2451 autem
3043 2407 3364 2468 peccatores
3405 2398 3568 2461 dixit,

1993 2507 2106 2549 non
2139 2502 2197 2547 ut
2228 2492 2403 2547 totius
2434 2490 2586 2547 orbis
2635 2489 3018 2559 delinquentes
3059 2488 3417 2560 signiﬁcaret,
3471 2489 3571 2544 sed

1994 2598 2092 2639 eos
2118 2590 2354 2647 tantum,
2383 2580 2477 2651 qui
2525 2580 2629 2637 sibi
2682 2580 2970 2637 suberant.
3002 2577 3206 2635 Omnes
3237 2581 3425 2645 etiam,
3460 2595 3571 2635 non

1997 2687 2105 2729 una
2136 2687 2330 2730 omnes
2369 2672 2648 2740 intelligit,
2677 2671 2775 2727 sed
2801 2674 2966 2726 modo
2996 2671 3164 2736 hunc,
3194 2672 3359 2727 modo
3395 2672 3571 2727 illum.

2072 2764 2141 2820 Ut
2172 2767 2579 2821 exterminat-em
2612 2763 2679 2817 de
2730 2764 2944 2818 civitate
2982 2764 3197 2818 Domini
3240 2780 3420 2819 omnes
3449 2780 3572 2834 ope-

1995 2865 2174 2910 rantes
2203 2856 2558 2925 iniquitatem.
2588 2852 2985 2913 lnterliciebam
3018 2861 3204 2906 autem
3237 2867 3356 2919 eos,
3390 2860 3448 2907 ut
3476 2866 3574 2907 ex-

1997 2952 2352 3003 tcrminarem
2388 2949 2607 3019 iniquos
2654 2961 2870 3011 omnes,
2926 2960 2987 3001 ea
3026 2944 3286 2999 nimirum
3334 2943 3568 3009 ratione,

325 3024 415 3077 ἴνα
465 3027 565 3097 τὴν
593 3030 900 3100 ἀποτομίαν
931 3032 1031 3103 τῆς
1051 3033 1382 3107 κολάσεωςὴ
1424 3042 1744 3108 παρανομία
1774 3039 1893 3109 βλέο

2001 3049 2059 3095 ut
2090 3041 2209 3111 ipsa
2236 3040 2525 3111 iniquitas,
2562 3040 2850 3110 prunarum
2899 3037 3275 3093 austeritatem
3312 3049 3570 3099 cernens,

324 3134 526 3182 πουσα,
544 3122 781 3211 συσταλῇ
816 3125 911 3176 καὶ
937 3124 1232 3196 ἀφανισθῇ.
1267 3129 1426 3181 Κατὰ
1463 3130 1521 3183 δὲ
1576 3133 1893 3203 ἀναγωγὴν,

323 3212 398 3281 γῆ
444 3213 544 3282 μὲν
580 3214 642 3267 τὸ
683 3216 864 3284 σῶμα,
932 3219 1025 3271 καὶ
1080 3219 1148 3273 τὰ
1200 3224 1506 3291 σωματικὰ,
1547 3224 1622 3288 ὡς
1679 3227 1892 3296 γεώδη·

326 3304 645 3376 ἁμαρτωλοὶ
693 3307 749 3362 δὲ
786 3312 886 3381 τῆς
924 3312 1185 3383 τοιαύτης
1238 3315 1358 3384 γῆς,
1383 3317 1433 3370 oi
1477 3318 1577 3388 τῆς
1621 3321 1897 3393 ἁμαρτίας

326 3405 601 3472 λογισμοί.
658 3405 821 3473 Λέγει
875 3401 969 3460 οὖν
999 3407 1080 3460 ὅτι
1109 3408 1237 3461 Ὅτε
1274 3410 1548 3464 ἀνέτειλεν
1571 3414 1598 3465 ὁ
1620 3412 1775 3482 ἥλιος
1799 3412 1894 3466 τοῦ

324 3496 485 3565 ἁγίου
516 3495 832 3568 Πνεύματος
866 3499 925 3551 ὲν
952 3502 1018 3572 τῇ
1047 3501 1193 3572 ψυχῇ
1220 3518 1343 3572 μου,
1377 3502 1536 3557 τοῦτο
1573 3506 1682 3577 γὰρ
1713 3508 1896 3577 πρωϊα

327 3590 513 3662 νοητὴ,
562 3590 685 3644 τότε
734 3588 1058 3646 ἀπέκτεινον
1107 3594 1315 3659 πάντας
1343 3597 1462 3659 τοὺς
1497 3598 1767 3669 ἐμπαθεῖς
1806 3600 1892 3654 λο-

328 3684 561 3753 γισμοὺς
620 3686 745 3750 τοὺς
779 3686 844 3739 ἐκ
873 3687 967 3741 τοῦ
1035 3688 1272 3757 γεώδους
1324 3689 1596 3760 σώματος,
1654 3695 1748 3748 καὶ
1790 3696 1900 3750 τῶν

330 3776 537 3844 γηΐνων
564 3777 749 3841 ἁπλῶς
776 3779 1082 3848 φυομένων.
1118 3778 1277 3833 Πόλιν
1304 3779 1359 3833 δὲ
1393 3782 1621 3850 Κυρίου,
1676 3784 1776 3857 τὴν
1800 3785 1903 3857 qau-

328 3867 432 3939 χὴν
452 3868 581 3936 νόει,
613 3868 688 3932 ὡς
721 3865 868 3924 οἷκον
893 3868 988 3923 τοῦ
1024 3870 1178 3939 ἁγίου
1212 3870 1548 3941 ΙΙνεύμοιτος.

331 4138 654 4208 Προσευχὴ
682 4139 761 4205 τῷ
792 4141 1005 4211 πτωχῷ
1033 4142 1180 4197 ὅταν
1197 4142 1524 4213 ἀκηδιάσῃ,
1572 4147 1674 4200 καί
1725 4147 1902 4204 ἐναν-

511 4231 642 4285 τίον
673 4233 894 4300 Κυρίου
926 4232 1107 4303 ἐγχέῃ
1134 4234 1248 4301 τὴν
1276 4235 1493 4305 δέησιν
1517 4238 1727 4293 αὑτοῦ.

896 4323 1100 4379 ΨᾹΛΜ
1107 4327 1189 4379 ΟΣ
1223 4327 1343 4384 PA'.

1997 3137 2348 3187 coerceretur
2366 3144 2433 3185 ac
2463 3129 2760 3185 deleretur.
2806 3126 2972 3181 Juxta
3009 3140 3308 3197 anagogen,
3337 3139 3437 3196 per
3459 3133 3570 3179 ter-

1998 3238 2138 3289 ram,
2170 3237 2372 3290 corpus
2400 3223 2576 3291 ipsum
2612 3219 2988 3288 intelligimus,
3023 3226 3078 3274 et
3113 3217 3419 3287 corporalia
3446 3231 3570 3270 om-

1999 3315 2113 3382 ttia,
2144 3323 2404 3385 tanquam
2436 3323 2678 3370 terrena.
2711 3311 2890 3381 Hujus
2937 3319 3121 3365 autem
3186 3318 3344 3364 teme
3376 3321 3572 3378 pecco-

2000 3416 2171 3477 tores,
2202 3406 2567 3477 cogitationes
2614 3412 2745 3460 sunt
2772 3404 2841 3458 de
2887 3401 3151 3473 peccatis.
3185 3400 3244 3455 ln
3276 3401 3565 3465 matutino,
3667 3423 3676 3432 ο

1999 3499 2201 3569 inquit,
2238 3506 2506 3568 tempore,
2554 3497 2779 3567 quando
2819 3494 2875 3550 iu
2910 3496 3091 3549 anima
3147 3509 3266 3550 mea
3292 3495 3574 3551 oriebatur

2001 3593 2085 3650 sol
2119 3591 2296 3648 sancti
2326 3590 2563 3659 Spiritus
2593 3589 2763 3657 (hunc
2792 3588 2941 3643 enim
2982 3585 3255 3655 appellare
3280 3601 3575 3655 possumus

2002 3682 2372 3741 intellectuale
2416 3680 2792 3746 matutinum),
2828 3676 3461 3735 iuterﬁciebam‘omnes
3489 3678 3575 3732 ni.
3613 3718 3615 3721 ι

2006 3777 2247 3831 fectuum
2283 3787 2528 3828 meorum
2556 3769 2942 3842 cogitationes,
2965 3783 3087 3839 qua:
3111 3782 3174 3822 ex
3203 3775 3419 3824 terreno
3447 3784 3578 3824 cor.
3648 3832 3651 3837 ι

2004 3882 2136 3937 pore
2168 3874 2332 3935 atque
2367 3879 2431 3918 ex
2468 3862 2847 3917 materialibus
2876 3861 3000 3917 aliis
3043 3858 3225 3916 rcbus.
3246 3868 3575 3918 nascuntur.

2002 3955 2109 4011 Per
2144 3953 2354 4013 Domini
2387 3968 2517 4007 vero
2545 3952 2845 4016 civitatem,
2880 3952 3117 4007 animam
3156 3950 3421 4023 iutellige,
3459 3961 3579 4006 tan-

2003 4063 2168 4120 quam
2196 4047 2371 4102 sancti
2406 4043 2645 4118 Spiritus
2671 4044 2914 4100 domum.

2008 4136 2198 4196 Oratio
2232 4138 2334 4209 ipsi
2358 4138 2600 4208 pauperi,
2628 4152 2747 4191 cum
2788 4136 2980 4190 anxius
3007 4134 3192 4204 fuerit,
3235 4144 3284 4191 et
3324 4136 3578 4207 .eﬂ'udert't

2378 4243 2551 4298 preces
2578 4243 2705 4281 suas
2737 4241 2918 4278 coram
2959 4224 3206 4279 Domino.

2577 4315 2901 4372 PSALMUS
2932 4315 3018 4372 Cl.

408 4416 632 4487 Πτωχδν
685 4414 922 4470 ἐνταῦθα
968 4415 1140 4485 λέγει,
1195 4417 1289 4470 τὸν
1333 4417 1589 4491 δεόμενον
1617 4422 1716 4495 τῆς
1753 4423 1893 4487 θείας

2082 4418 2385 4488 Pauperem
2420 4386 2527 4469 boc
2555 4412 2611 4467 in
2648 4412 2768 4467 loco
2792 4425 2917 4467 eum
2947 4411 3209 4482 appellat,
3247 4412 3341 4484 qui
3391 4412 3580 4470 divino

336 4507 680 4578 ἐπικουρίας.
717 4506 929 4577 Τούτῳ,
959 4507 1150 4577 φησὶν,
1186 4507 1418 4579 ἁρμόζει
1443 4511 1476 4581 η
1507 4514 1788 4585 προσευχὴ
1812 4514 1908 4569 τοῦ

336 4599 606 4667 παρόντος
653 4595 909 4667 ψαλμοῦ,
956 4597 1088 4650 ὃταν
1153 4599 1449 4669 ἁκηδιάσει
1496 4602 1908 4674 πολεμούμενος

337 4686 446 4740 ὑπὸ
472 4687 579 4739 τῶν
628 4685 864 4756 ἐχθρῶν,
920 4684 1033 4739 εἴτε
1084 4687 1314 4758 ὁρατῶν,
1346 4690 1457 4744 εἴτε
1485 4692 1755 4763 ἀοράτων,
1812 4696 1910 4750 καὶ

337 4776 640 4847 προσφέρει
693 4776 793 4844 τὴν
845 4778 1033 4847 δέησιν
1089 4778 1281 4844 αὑτοῦ,
1334 4780 1568 4836 ἐνώπιον
1607 4783 1701 4837 τοῦ
1745 4784 1907 4841 Θεοῦ.

351 4866 575 4937 Ἐκχεῶ
610 4868 742 4939 γὰρ,
776 4868 965 4939 φησὶν,
1020 4867 1276 4924 ἐνώπιον
1332 4873 1519 4927 αὐτοῦ
1548 4873 1663 4942 τὴν
1692 4874 1913 4945 δέησίν

333 4975 476 5027 μου.
541 4958 717 5029 Ὅπερ
767 4958 1161 5031 ἑφερμηνεύων
1208 4963 1459 5031 ἐπήγαγε
1491 4980 1506 4995 ·
1550 4965 1670 5034 Τὴν
1699 4969 1913 5038 θλίψιν

335 5066 458 5119 μου
481 5048 736 5103 ἐνώπιον
753 5050 940 5104 αὺτοῦ
999 5051 1423 5122 ἀπαραγγσλῶ·
1482 5058 1909 5128 προηγουμένως

340 5143 420 5206 δὲ,
467 5143 547 5206 εἰς
574 5142 763 5195 ἑαυτὸν
821 5142 1031 5213 ἔγραψε
1057 5146 1149 5199 τὸν
1193 5144 1407 5215 ψαλμὸν
1446 5146 1777 5219 διωκόμενον
1814 5152 1911 5204 καὶ

343 5235 677 5304 ὰκηδιῶντα,
727 5236 821 5287 καὶ
839 5236 1093 5305 δεόμενον
1119 5236 1215 5291 τοῦ
1244 5238 1404 5292 Θεοῦ*
1436 5240 1549 5309 ἔχει
1572 5241 1629 5294 δὲ
1657 5243 1754 5296 καὶ
1786 5245 1913 5316 περὶ

343 5323 439 5377 τοῦ
466 5325 704 5394 Χριστοῦ
730 5330 1068 5398 προφητείας
1091 5330 1521 5402 διεσπαρμένας.

415 5504 614 5600 Κύριε,
657 5507 1023 5562 εἰσάκουσον
1063 5508 1175 5581 τῆς
1194 5512 1543 5584 προσευχῆς
1575 5533 1716 5586 μου,
1744 5518 1839 5575 καὶ
1876 5520 1915 5589 ἡ

423 5684 468 5719 ⁸⁸
493 5685 657 5743 Prov.
699 5703 789 5754 xx,
828 5687 881 5744 6.

2008 4510 2214 4581 indiget
2242 4508 2469 4564 auxilio.
2505 4504 2643 4559 Huic
2682 4507 2828 4559 enim
2896 4504 3071 4558 oratio
3126 4504 3581 4560 accommodatur

2008 4603 2299 4677 przesentis
2334 4598 2556 4672 psalmi,
2588 4597 2810 4667 qu0tics
2842 4596 2917 4652 ob
2952 4592 3276 4662 visibilium,
3333 4611 3429 4651 seu
3487 4597 3578 4652 in-

2010 4690 2333 4753 visibilium'
2368 4690 2605 4747 hostium
2656 4701 2919 4759 pugnam,
2977 4689 3031 4742 iu
3090 4688 3367 4744 anxietate
3414 4687 3582 4744 fuerit

2010 4787 2370 4849 constitutus,
2395 4793 2447 4839 et
2489 4781 2792 4836 orationem
2853 4795 3010 4836 suam
3070 4780 3333 4836 obtulerit
3392 4796 3580 4837 coram

2010 4884 2142 4940 Deo.
2175 4877 2466 4949 Emmdam
2501 4877 2671 4939 cnim,
2698 4874 2901 4944 inquit,
2936 4874 2990 4927 in
3019 4883 3296 4941 cortspectu
3337 4882 3426 4927 tuo
3461 4888 3578 4942 pre-

2008 4991 2092 5031 ces
2123 4984 2292 5027 meas.
2326 4967 2484 5036 Quod
2514 4966 2691 5037 magis
2736 4965 2901 5021 etiam
2944 4964 3233 5020 declarans
3273 4964 3522 5032 adjunxit
3561 4980 3577 5018 :

2007 5066 2355 5139 Aﬁiictionem
2380 5076 2552 5116 meam
2598 5074 2779 5113 coram
2816 5072 2877 5113 eo
2934 5056 3307 5121 annuntiabo;
3360 5055 3576 5108 tametsi

2009 5174 2077 5215 ex
2120 5155 2299 5227 primo
2354 5149 2640 5222 preposito
2687 5162 2791 5217 pro
2854 5146 3039 5218 seipse
3100 5144 3371 5231 Propheta
3430 5143 3577 5214 hunc

2013 5248 2283 5320 psalmum
2311 5240 2727 5311 conscripserit,
2763 5252 2831 5293 eo
2858 5238 3120 5293 nimirum
3164 5244 3429 5304 tempore,
3472 5247 3582 5302 quo

2014 5338 2452 5411 persecutionem
2477 5346 2675 5404 passus
2700 5339 2805 5387 est.
2855 5321 3010 5384 Turio
3047 5329 3249 5384 etenim
3304 5339 3358 5383 ct
3410 5326 3584 5382 tristis

2015 5431 2142 5493 fuit,
2171 5437 2226 5485 ct
2249 5429 2418 5483 Deum
2450 5424 2739 5481 honoravit
2763 5422 2955 5477 dicens
2982 5436 2998 5474 :

2088 5521 2250 5577 Vens.
2298 5519 2356 5574 2.
2400 5517 2637 5584 Domine,
2696 5513 2891 5568 exaudi
2949 5509 3239 5570 orationem
3278 5525 3471 5582 meam,
3530 5518 3585 5568 et
