4076 6204
535 300 652 365 999

1737 281 2120 345 EU’I’HYMI‘I
2160 277 2523 340 ZIGABENI

3646 271 3669 334 Ῑ
3682 272 3809 336 000

518 417 747 469 clamor
800 422 945 460 meus
996 403 1065 456 ad
1110 410 1157 455 te
1214 400 1408 454 ueniat.
1463 398 1563 454 Per
1616 400 1944 461 oration-sm,
1979 397 2132 457 oris,

2237 392 2429 462 ραυγή
2483 408 2602 463 μου
2650 388 2798 458 πρὸς
2830 388 2907 442 σὲ
2931 389 3175 443 ἐλθέτω.
3203 386 3521 457 Προσευχὴν
3546 386 3603 440 δὲ
3629 387 3807 459 λέγει

537 506 703 560 verba
756 495 1024 564 intelligit,
1071 501 1126 547 et
1182 507 1279 563 per
1335 493 1658 556 clamorem,
1704 490 1878 559 ipsius
1921 488 2104 543 cordis

2241 484 2303 536 οὗ
2340 482 2642 552 στόματος·
2676 477 2925 548 κραυγὴν
2954 478 3011 531 δὲ
3042 476 3141 548 τῆς
3165 474 3412 546 καρδίας.
3456 474 3515 526 ’0
3550 475 3606 526 δὲ
3641 475 3815 543 Σύμ-

546 592 906 666 propositum.
967 584 1323 655 Symmachus
1390 598 1488 652 pro
1579 582 1852 646 clamore,
1918 580 2103 634 ﬂetum

538 688 699 740 dixit.
749 680 946 733 Venire
986 684 1163 729 autem
1209 676 1275 728 ad
1302 673 1471 728 Deum
1532 672 1734 727 dicitur
1790 670 2103 738 hujusmodi

542 777 773 833 clamor,
793 767 1011 839 quando
1031 766 1099 821 ab
1128 779 1194 819 eo
1224 765 1444 821 auditus
1476 764 1669 819 fuerit.
1732 764 1968 818 Auditur
2010 777 2097 817 au-

539 877 671 928 tem,
703 862 922 932 quando
952 860 1150 929 placet.

612 955 778 1009 Vsus.
803 955 855 1008 3.
902 952 984 1005 Ne
1008 960 1214 1005 avertas
1240 950 1432 1019 faciem
1464 960 1667 1003 tuama
1718 964 1820 1003 me.
1886 945 1965 1002 Ne
2020 962 2107 1003 me

546 1058 783 1111 avertas,
812 1061 1020 1115 qureso,
1045 1052 1103 1097 ut
1126 1044 1409 1112 indignum
1447 1063 1460 1099 :
1490 1041 1633 1113 quod
1684 1042 1866 1097 facere
1908 1039 2106 1105 solent,

544 1142 636 1212 qui
666 1140 1086 1209 Supplicantium
1124 1137 1415 1205 pctitioaes
1454 1136 1642 1190 audire
1681 1137 1893 1190 nolunt.

617 1230 681 1284 lu
709 1230 1018 1299 quacunque
1042 1229 1127 1281 die
1156 1228 1402 1292 tribulor,
1440 1228 1645 1280 inclina
1674 1226 1744 1279 ad
1802 1242 1884 1279 me
1930 1240 2111 1278 aurem

2218 589 2392 645 μαχος
2434 573 2559 624 ἀντὶ
2604 569 2895 639 κραυγῆς,
2928 569 3190 637 οἰμωγὴν
3218 566 3504 632 ἐξέδωκεν.
3530 566 3811 634 Ἔρχεται

2221 666 2277 717 δὲ
2314 666 2395 726 είς
2424 663 2560 716 Θεὸν
2585 664 2618 732 ἡ
2646 662 2874 731 τοιαύτη
2902 659 3143 731 κραυγὴ,
3167 659 3294 711 ὅταν
3328 657 3571 727 ἀκούστὴ
3622 659 3809 726 γένη-

2208 772 2318 810 ται.
2356 755 2573 809 Γίνεται
2599 754 2657 807 δὲ
2683 751 2947 822 ἀκουστὴ,
2987 753 3116 804 ὅταν
3148 748 3359 821 ἀρέσκῃ
3396 748 3537 818 Θεῷ.

2278 934 2370 1004 Μὴ
2397 933 2794 1002 ἁποστρέψῃς
2835 932 2900 987 τὸ
2960 933 3305 1001 apdowudr.‘
3326 948 3444 985 σου
3470 932 3571 986 ἀπ’
3618 932 3809 1000 ἐμοῦ.

2210 1028 2302 1095 Μὴ
2360 1028 2725 1098 ἀποστραφῇς
2792 1041 2861 1095 με
2922 1023 3268 1093 ὠςίάνάξιον
3302 1066 3319 1089 ,
3375 1025 3515 1093 ὅπερ
3565 1023 3808 1078 εἰώθασι
3830 1051 3867 1098 cr

2213 1119 2388 1169 ποιεῖν
2406 1119 2455 1169 οί
2489 1116 2563 1186 μὴ
2599 1116 2843 1178 θέλοντες
2869 1113 3091 1167 ἀκούειν
3136 1114 3232 1167 τοῦ
3267 1114 3627 1176 ἱκετεύοντος.

2296 1208 2399 1261 Ἔν
2442 1201 2480 1278 ᾖ
2506 1206 2582 1260 ἂν
2604 1206 2795 1275 ἡμέρᾳ
2867 1206 3175 1274 θλίϐωμαι,
3214 1205 3426 1257 κλῖνον
3446 1206 3595 1272 πρός
3612 1221 3705 1272 με
3741 1204 3809 1255 τὸ

543 1335 729 1378 tuam:
784 1324 834 1374 in
890 1338 1199 1390 quacunque
1251 1321 1335 1372 die
1381 1322 1690 1373 invocavero
1751 1327 1818 1382 te,
1872 1316 2114 1370 velociter

2237 1295 2324 1365 ›ὗς
2342 1312 2482 1353 σου.
2526 1300 2629 1352 Ἐν
2661 1292 2701 1369 ᾖ
2730 1297 2807 1351 ἂν
2830 1296 3020 1364 ἡμέρᾳ
3043 1296 3496 1365 ἐπικαλέσωμαι
3520 1312 3617 1361 σε,
3639 1296 3810 1363 ταχὺ

549 1414 746 1467 exaudi
778 1430 876 1466 me.
912 1414 1031 1466 Non
1068 1423 1275 1467 tantum
1304 1426 1472 1476 nunc,
1502 1412 1595 1465 sed
1637 1425 1734 1479 per
1805 1417 1975 1462 totam
2028 1409 2113 1462 vi-

2216 1391 2567 1446 ἐπάκουσόν
2621 1409 2763 1459 μου.
2814 1389 2907 1459 Μὴ
2949 1387 3045 1442 νῦν
3105 1389 3287 1458 μόνον,
3317 1388 3453 1441 ἀλλά
3506 1388 3813 1457 παρ’ὅλην

545 1514 682 1561 tam.
710 1506 783 1560 De
814 1504 1176 1559 inclinatione
1211 1518 1340 1557 vero
1380 1502 1531 1556 auris
1626 1500 1721 1554 Dei
1767 1500 1971 1554 dictum
2028 1508 2114 1554 est

2237 1486 2362 1556 ζωήν
2380 1500 2394 1515 ·
2430 1484 2560 1555 περὶ
2588 1484 2646 1538 δὲ
2703 1483 2805 1552 τῆς
2855 1481 3083 1542 κλίσεως
3104 1480 3200 1533 τοῦ
3236 1480 3383 1533 θείου
3411 1480 3550 1541 ὠτὸς
3578 1480 3811 1549 εἴρηται

548 1595 602 1648 in
638 1596 849 1663 psalmo
879 1610 989 1657 τισι,
1027 1595 1153 1664 ibi}:
1179 1592 1392 1646 Inclina
1426 1609 1608 1646 aurem
1651 1600 1797 1646 tuam
1820 1592 1970 1659 mihi,
2001 1600 2113 1647 etc.

621 1768 787 1821 Vsus.
832 1768 885 1822 4.
944 1767 1210 1833 Quoniam
1254 1768 1556 1838 defecerunt
1605 1770 1742 1824 sicut
1782 1772 1964 1839 fumus
2002 1771 2117 1824 dies

553 1860 679 1915 mei.
712 1858 1081 1928 Cito,inquit,
1108 1861 1306 1914 exaudi
1337 1876 1444 1926 me,
1471 1863 1728 1931 quoniam
1776 1863 1955 1915 anima
2002 1877 2123 1917 mea

555 1951 669 2019 jam
730 1951 951 2005 defecit.
990 1952 1133 2005 Alibi
1168 1952 1331 2007 etiam
1380 1954 1560 2008 dicit:
1636 1954 1895 2008 Velociter
1928 1952 2123 2009 exaudi

557 2060 658 2105 me,
702 2046 825 2112 quia
862 2044 1048 2112 defecit
1090 2046 1307 2113 spiritus
1351 2063 1493 2101 meus
1526 2048 1592 2103 ’⁷.
1644 2046 1977 2116 Defeceruut,
2032 2048 2124 2102 in-

551 2134 694 2201 quit,
750 2136 885 2187 sicut
942 2134 1118 2202 fumus
1161 2136 1275 2189 dies
1333 2138 1453 2201 mei,
1516 2146 1567 2191 et
1628 2138 1753 2191 anni
1794 2138 1921 2192 vitae
1965 2154 2120 2203 meae,

554 2224 688 2279 fumi
737 2226 945 2291 instar,
994 2227 1104 2281 cito
1161 2232 1631 2298 pertransierunt,
1686 2238 1741 2284 et
1784 2230 1896 2300 jam
1939 2238 2124 2287 trans-

559 2316 666 2371 acti
696 2327 846 2371 sunt.

623 2404 695 2456 Et
725 2422 846 2459 ossa
888 2421 1003 2459 mea
1053 2407 1193 2460 sicut
1234 2412 1486 2461 cremium
1540 2418 1815 2465 aruerunt.
1877 2411 2129 2481 Symma-

578 2494 719 2548 chus
757 2511 855 2562 pro
916 2497 1345 2559 cremio,torrcm
1398 2499 1553 2553 dixit.
1583 2499 1742 2565 Ossa,
1770 2502 1966 2570 inquit,
2009 2516 2129 2556 mea

566 2586 743 2641 instar
768 2587 932 2641 torris
954 2598 1239 2652 aruerunt,
1282 2592 1645 2645 tentationutn
1702 2592 1959 2645 nimirum
2008 2591 2131 2659 igne

561 2679 871 2735 combusta.
927 2680 1087 2734 Juxta
1126 2696 1428 2753 anagogen,
1461 2697 1625 2748 ossa,
1678 2684 1982 2739 sanctiores
2022 2684 2128 2739 illa:

562 2770 925 2840 cogitationes
954 2782 1102 2838 sunt,
1135 2788 1255 2843 qua:
1278 2774 1513 2828 animam
1582 2774 1878 2829 fortilicant
1925 2783 1980 2829 et
2045 2790 2125 2831 re-

564 2872 886 2933 guutzqute
913 2865 1502 2937 sitentationutnigue
1545 2881 1790 2948 accensa:
1847 2867 1981 2931 sint,
2033 2865 2127 2921 de-

565 2953 705 3008 biles
738 2951 893 3008 ﬁunt.

635 3043 799 3099 Vsus.
855 3043 909 3099 ἔ.
946 3044 1232 3102 Percussus
1260 3061 1397 3107 sum,
1429 3054 1489 3098 ut
1535 3046 1714 3109 herba,
1752 3054 1804 3099 et
1852 3046 1997 3099 aruit
2044 3061 2133 3100 cor
2160 3067 2204 3126 α

563 3152 754 3189 meum.
780 3135 1247 3199 Quemadmodum
1302 3136 1470 3190 herba
1534 3151 1797 3200 percussa
1868 3138 2124 3203 tabescit,

571 3228 645 3280 ita
675 3243 776 3297 ego
805 3227 1033 3295 ﬂagellis
1081 3241 1404 3295 percussus,
1468 3229 1523 3280 in
1573 3228 1738 3281 corde
1765 3242 1886 3282 meo
1942 3237 2133 3283 conta.

567 3318 685 3381 bui,
751 3318 900 3370 nulla
957 3317 1333 3372 consolatione
1391 3318 1633 3378 inventa,
1686 3334 1807 3387 qua:
1857 3318 2130 3373 ﬂammam

565 3418 741 3458 meam
773 3406 1065 3460 irrorando
1093 3419 1157 3459 ac
1188 3404 1566 3474 refrigerando
1598 3405 1894 3475 mitigaret.

642 3514 782 3578 Quia
810 3515 1005 3569 oblitus
1043 3531 1161 3569 sum
1205 3516 1471 3571 comedere
1512 3533 1698 3584 panem
1758 3535 1950 3573 meum.
2022 3517 2138 3573 Prae

567 3606 905 3675 huiusmodi,
945 3607 1140 3677 inquit,
1171 3609 1437 3663 maestitia
1511 3624 1726 3664 omnem
1763 3611 1872 3664 cibi
1931 3611 2140 3680 appeti-

575 3709 691 3754 tum
743 3700 938 3769 alijeci.
966 3700 1186 3769 Antiqui
1217 3702 1364 3756 enim
1401 3703 1721 3772 appetitum,
1777 3703 1884 3757 cibi
1936 3718 2140 3758 memo-

566 3792 702 3844 riam
729 3791 1099 3861 appellabant,
1151 3800 1207 3848 et
1257 3795 1534 3864 appetitus
1581 3794 1970 3864 privationem,
2004 3795 2133 3865 {cibi

564 3881 930 3937 oblivionem.

638 3994 803 4055 Vsus.
844 3996 897 4051 6.
946 3997 989 4049 Α
1020 4010 1140 4051 vace
1181 3997 1401 4066 gemitus
1451 3997 1552 4051 mei
1611 3997 1832 4052 adiuuit
1860 4013 1917 4051 os
1969 4013 2139 4051 meum

567 4089 718 4142 carni
750 4104 899 4142 mete.
927 4087 1102 4143 Verus
1127 4089 1364 4159 gemitus
1390 4104 1603 4144 omnem
1635 4090 1781 4144 illam
1826 4090 1969 4145 tollit
2018 4090 2147 4159 pin~

573 4181 889 4251 guedinem,
922 4196 1043 4250 qua:
1075 4190 1157 4235 est
1212 4181 1356 4235 inter
1390 4198 1608 4237 carnem
1641 4192 1695 4237 et
1758 4199 1902 4238 ossa.
1960 4184 2140 4254 Aliqui

572 4285 796 4324 carnem
835 4270 1034 4324 dictam
1063 4286 1186 4327 esse
1246 4272 1560 4339 intelligunt
1612 4288 1712 4342 pro
1762 4280 1920 4339 cute;
1979 4288 2044 4328 ac
2096 4275 2143 4329 si

2219 1578 2278 1652 ιν
2324 1575 2406 1647 τῷ
2468 1582 2543 1640 ις’
2592 1574 2825 1645 ψαλμῷ’
2870 1571 3000 1625 ἔνθα
3044 1571 3109 1624 τό
3137 1586 3153 1601 ⁸
3187 1571 3409 1625 κλῖνον
3440 1570 3505 1624 τὸ
3531 1566 3643 1635 οὖς
3681 1587 3811 1623 σου

2220 1668 2370 1739 ἐμοὶ,
2392 1670 2761 1722 είσὰκουσον
2787 1664 2905 1719 τῶν
2916 1663 3200 1732 ῥημάτων
3215 1682 3357 1732 μου.

2295 1762 2425 1815 Ὀτι
2444 1760 2732 1825 ἐξέλιπον
2757 1759 2900 1812 ὡσεί
2919 1762 3149 1824 καπνὸς
3167 1760 3226 1811 at
3249 1757 3463 1825 ἡμέραι
3509 1772 3651 1822 μου.
3683 1750 3811 1806 τα-

2224 1852 2315 1923 χὺ,
2350 1852 2537 1922 φησὶν,
2571 1850 2878 1903 ἐπάκουσόν
2930 1868 3052 1920 μου,
3086 1850 3167 1902 ὅτι
3198 1842 3439 1899 ἐκλείπει
3464 1846 3562 1915 ήδη
3591 1846 3626 1914 ἡ
3651 1844 3809 1913 ψυχή

2228 1961 2351 2014 μου.
2379 1945 2491 1997 Καὶ
2541 1943 2775 2014 ἀλλαχοῦ
2828 1944 2908 2005 δὲ,
2958 1942 3161 2012 ὁμοίως
3198 1940 3391 2008 λέγει·
3450 1938 3613 2006 Ταχὺ
3676 1940 3811 1990 εισι

2226 2036 2496 2090 ἄκουσόν
2538 2053 2681 2104 μου,
2734 2036 2929 2103 Κύριε,
2988 2034 3233 2098 ἐξέλιπε
3265 2032 3329 2085 τὸ
3385 2030 3625 2098 πνεῦμά
3657 2048 3807 2099 μου.

2225 2155 2297 2169 --
2322 2127 2658 2192 Ἐξέλιπον,
2684 2128 2849 2196 φησὶν
2869 2168 2884 2193 ,
2911 2126 3053 2179 ὡσεὶ
3082 2124 3311 2189 καπνὸς
3333 2128 3390 2178 αἱ
3412 2122 3621 2193 ἡμέραι
3634 2138 3761 2191 μου
3789 2138 3803 2152 θ

2227 2219 2464 2289 διῆλθον,
2514 2219 2919 2289 ἠφανίσθησαν,
2974 2217 3132 2288 δίκην
3183 2214 3420 2279 καπνοῦ,
3450 2216 3518 2268 τὰ
3572 2214 3674 2283 ἔτη
3705 2216 3809 2282 της

2230 2310 2380 2379 ζωῆς
2406 2327 2533 2379 μου.

2297 2406 2409 2458 Καὶ
2443 2404 2514 2458 τὰ
2544 2400 2695 2460 ὀστᾶ
2732 2420 2873 2473 μου,
2913 2402 3053 2456 ὡσεὶ
3097 2403 3370 2471 φρύγιον,
3420 2398 3812 2468 συνεφρύγη-

2230 2513 2370 2551 σαν.
2401 2496 2547 2549 ’Λντὶ
2566 2494 2660 2548 τοῦ
2673 2495 2945 2563 φρυγιόυ,
2981 2494 3172 2547 δαλὸν
3188 2497 3213 2545 ὁ
3230 2493 3523 2562 Σύμμαχος
3550 2492 3809 2556 ἐξέδωκεο

2229 2589 2327 2642 καὶ
2381 2588 2520 2641 αὐτὰ
2542 2588 2609 2640 τὰ
2638 2588 2770 2640 όστᾶ
2826 2604 2952 2657 μου,
2997 2587 3073 2649 ὡς
3128 2585 3287 2648 δαλὸς
3354 2584 3807 2654 συνεφρύγησαν,

2233 2678 2547 2749 φλεγόμενα
2574 2678 2652 2746 τῷ
2678 2677 2812 2749 πυρὶ
2838 2678 2947 2730 τῶν
2987 2677 3333 2747 πειρασμῶν.
3394 2677 3552 2730 Κατὰ
3588 2674 3646 2726 δὲ
3668 2674 3807 2726 ἀνα.

2232 2768 2420 2839 γωγὴν
2446 2767 2600 2834 ὀστᾶ,
2648 2768 2699 2820 ot
2740 2766 3091 2837 στερεοῦντες
3121 2768 3213 2820 καὶ
3259 2766 3546 2833 ἀνέχοντες
3570 2763 3671 2832 τὴν
3700 2762 3808 2830 ψυ-

2233 2861 2334 2929 χὴν
2350 2859 2603 2929 λογισμοί
2625 2874 2637 2887 ·
2652 2858 2702 2912 οἳ
2720 2858 2813 2911 καὶ
2826 2858 2982 2910 αὐτοὶ
2996 2856 3459 2927 πυρποληθέντες,
3480 2854 3806 2923 εὔθραυστα

2234 2951 2550 3021 γεγόνασιν.

2318 3044 2616 3111 Ἐπλήγηγ
2643 3041 2785 3096 ὡσεί
2812 3042 3046 3110 χόρτος,
3075 3038 3173 3094 καὶ
3196 3038 3492 3107 ἐξηράνθη
3525 3037 3562 3105 ἦ
3588 3036 3808 3104 καρδία

2229 3154 2369 3207 μου.
2402 3137 2614 3206 Ὠσπερ
2642 3138 2670 3188 ό
2698 3140 2890 3205 χόρτος
2947 3132 3178 3202 πληγεὶς
3244 3130 3592 3201 μαραίνεται,
3662 3128 3806 3181 οὕτω

2190 3300 2203 3307 Α
2235 3226 2389 3296 κάγὼ
2422 3227 2656 3294 πληγεὶς
2686 3230 2798 3287 τοῖς
2836 3225 3089 3291 πάθεσιν,
3120 3223 3430 3293 ὲμαράνθην
3456 3222 3555 3291 τὴν
3577 3220 3811 3289 καρδίαν

2242 3338 2342 3391 μου
2368 3335 2384 3351 ο
2412 3321 2485 3390 μὴ
2512 3319 2693 3389 τυχὼν
2722 3320 3123 3390 παρακλήσεως
3152 3316 3505 3388 δροσιζιύσης
3538 3316 3634 3367 καὶ
3703 3332 3810 3383 μα-

2242 3413 2533 3483 ραινούσης
2561 3412 2662 3482 τὴν
2693 3412 2866 3480 φλόγα
2894 3411 3124 3466 τούτων.

2311 3525 2429 3577 Ὅτι
2448 3523 2831 3593 ἐπελαθόμην
2876 3525 2985 3579 τοῦ
3009 3524 3227 3595 φαγεῖν
3292 3523 3400 3578 τὸν
3451 3524 3638 3593 ἄρτον
3662 3541 3809 3593 μου.

2252 3616 2548 3673 Ἀπέϐαλον
2587 3615 2684 3672 καὶ
2701 3616 2800 3686 τὴν
2832 3616 3012 3686 ὄρεξιν
3032 3617 3133 3690 τῆς
3160 3618 3385 3688 τροφῆς,
3420 3615 3524 3668 ὑπὸ
3547 3614 3809 3685 ἀθυμίας.

2241 3709 2305 3763 Ol.
2337 3710 2557 3764 παλαιοὶ
2581 3709 2682 3781 τὴν
2713 3710 2810 3780 μὲν
2836 3708 3016 3779 ὄρεξιν
3051 3710 3275 3782 μνήμην
3300 3710 3510 3779 τροφῆς
3544 3706 3772 3760 καλοῦσι
3791 3719 3808 3733 ’

2241 3801 2341 3873 τὴν
2393 3802 2451 3855 δὲ
2474 3802 2780 3874 ἀνορεξίαν,
2818 3802 2993 3873 λήθην
3019 3802 3247 3871 τροφῆς.

2324 4002 2468 4057 Ἀπὸ
2502 3999 2709 4070 φωνῆς
2737 3998 2845 4052 τοῦ
2885 3994 3222 4064 στεναγμοῦ
3242 4012 3384 4064 μου,
3412 3992 3716 4060 ἐκολλήθη
3745 3991 3811 4046 τὸ

2246 4095 2469 4150 ὀστοῦν
2500 4113 2620 4166 μου
2658 4093 2732 4162 τῇ
2758 4093 2943 4163 σαρκί
2986 4110 3129 4161 μου.
3170 4093 3229 4145 ΥΟ
3276 4091 3387 4160 γὰρ
3429 4089 3636 4161 ἀληθὴς
3698 4106 3811 4143 στε-

2246 4188 2453 4258 ναγμὸς
2478 4189 2635 4257 τήκει
2670 4188 2849 4239 πᾶσαν
2894 4184 3129 4257 πιμελὴν
3160 4184 3501 4255 μεσάζούσαν
3527 4181 3671 4249 ὀστῷ
3723 4182 3812 4235 καὶ

2249 4281 2436 4349 σαρκί.
2499 4278 2655 4341 Τινὲς
2675 4278 2752 4345 δὲ,
2792 4278 2970 4348 σάρκα
3026 4278 3124 4348 μὲν
3157 4278 3217 4331 τὸ
3256 4277 3431 4346 δέρμα
3480 4274 3811 4336 νοοῦσιν,ὼς

573 4361 807 4425 diceret,
842 4363 987 4431 quod
1011 4373 1333 4432 consumpta
1364 4380 1473 4433 prae
1502 4380 1735 4421 maerore
1761 4366 1910 4419 oumi
1949 4380 2132 4431 carneI

2251 4370 2362 4423 τῶν
2386 4368 2558 4422 ὀστῶν
2587 4369 2664 4439 τῷ
2712 4368 2943 4440 δέρματι
3006 4367 3398 4437 κολληθέντων,
3427 4365 3809 4420 ἀναλωθέντων

571 4470 693 4523 quae
716 4454 1041 4509 intermedia
1080 4462 1221 4521 erat,
1244 4457 1383 4510 cutis
1414 4458 1633 4513 ossibus
1660 4458 1953 4528 conjuncta
1975 4458 2068 4514 sit.

644 4566 810 4620 Vens.
840 4568 894 4619 7.
948 4564 1155 4619 Similis
1212 4567 1386 4633 [actus
1424 4586 1540 4621 sum
1589 4571 1827 4639 pelicauo
1875 4571 2144 4628 solitario.

573 4656 810 4727 Fugiens
842 4658 1099 4711 nimirum
1144 4659 1520 4715 multitudinis
1562 4664 2058 4727 conversationem,
2090 4672 2145 4719 et

577 4750 930 4805 solitudinem
967 4767 1239 4821 quaerens.
1272 4751 1367 4806 Est
1393 4760 1573 4807 autem
1614 4755 1893 4823 pelicanus
1943 4755 2145 4812 animal

576 4842 870 4912 quoddam,
905 4843 1050 4913 quod
1090 4844 1381 4899 solitudine
1412 4846 1740 4902 delectatur.

648 4951 845 5007 Factus
870 4970 985 5007 sum
1009 4954 1147 5009 sicut
1191 4964 1514 5024 nyctocorax
1565 4957 1620 5010 in
1673 4956 1969 5013 domicilio.
2031 4957 2148 5017 Hoc

578 5044 777 5099 animal
806 5054 998 5099 natura
1034 5046 1444 5103 timidissimum
1488 5057 1618 5103 cst:
1665 5058 1829 5118 atque
1876 5054 1998 5106 ideo
2044 5066 2147 5104 un-

580 5138 868 5206 dccunque
897 5136 1111 5209 fugiens
1147 5139 1199 5193 in
1230 5141 1511 5197 domorum
1545 5143 1721 5198 ruinis
1749 5154 2143 5199 commoratur.

578 5227 712 5298 Ego,
771 5229 972 5299 inquit,
1059 5231 1224 5287 veluti
1271 5234 1613 5303 nycticorax,
1682 5236 1737 5290 in
1799 5236 2033 5292 desertis
2086 5250 2151 5291 ac

580 5321 840 5377 solitariis
874 5321 1008 5378 locis
1033 5338 1244 5379 versor.
1279 5326 1452 5380 Aiunt
1475 5326 1882 5396 nycticoracem
1932 5328 1986 5383 in
2050 5328 2151 5382 do-

582 5413 821 5477 miciliis,
869 5429 965 5468 seu
1008 5417 1244 5486 tuguriis
1293 5416 1517 5485 degere,
1572 5432 1637 5472 ac
1700 5428 1859 5474 nocte
1910 5420 2150 5475 clamare

583 5514 696 5572 prae
727 5501 1041 5569 formidine,
1074 5514 1240 5576 atque
1271 5505 1396 5563 ideo
1432 5508 1534 5564 hoc
1560 5508 1801 5580 Inomine
1859 5524 1890 5565 a
1948 5510 2151 5569 Graecis

660 5676 705 5710 ¹⁴¹
732 5676 880 5735 Psal.
905 5696 1076 5748 est",
1102 5685 1156 5739 Ἰ.

2250 4462 2355 4514 ὑπὸ
2389 4460 2566 4531 λύπης
2593 4460 2702 4514 τῶν
2727 4458 3073 4529 μεσαζόντων
3096 4460 3298 4530 κρεῶν.

2332 4575 2654 4645 Ὠμοιώθην
2713 4574 3000 4630 aciemin
3056 4572 3335 4643 ἐρημικῷ.
3381 4571 3607 4639 Φεύγων
3634 4570 3731 4642 τὴν
3753 4572 3809 4623 ὲν

2251 4665 2391 4735 ὔχλῳ
2415 4665 2723 4734 διατριϐὴν,
2756 4666 2850 4719 xui.
2880 4664 3060 4735 ζητῶν
3095 4664 3196 4733 τὴν
3225 4662 3483 4732 μόνωσιν.
3510 4659 3810 4730 Φιλὲρημον

2252 4763 2361 4831 γὰρ
2390 4760 2549 4827 ζῶον,
2592 4762 2619 4814 ὁ
2650 4760 2909 4814 πελεκάν.
2940 4796 2943 4801 -

2338 4959 2663 5029 Ἔγενήθην
2685 4959 2826 5015 ὡσεὶ
2852 4958 3244 5026 νυκτοκόραξ,
3269 4959 3338 5013 ἐν
3361 4958 3676 5025 οίκοπέδφ.
3710 4958 3814 5010 Καὶ

2255 5051 2414 5107 τοῦτο
2441 5051 2600 5106 πάλιν
2649 5052 2711 5103 τὸ
2744 5051 2882 5114 ζῶον
2937 5050 3109 5102 δειλόν
3132 5066 3146 5082 ο
3175 5051 3255 5103 διὸ
3296 5050 3516 5119 φεύγων
3548 5050 3817 5119 πανταχό-

2257 5146 2351 5199 θεν
2382 5186 2396 5210 ,
2445 5149 2559 5207 τοῖς
2612 5141 2879 5213 ἐρειπίοις
2931 5142 3041 5195 τῶν
3091 5143 3412 5212 οἰκημάτων
3455 5141 3814 5203 ἐναυλίζεται.

2258 5238 2451 5307 Κάγὼ,
2482 5238 2637 5307 φησὶ,
2663 5238 2784 5297 ταῖς
2807 5236 3104 5305 ἑρημικαῖς
3136 5234 3402 5299 καλύϐαις
3428 5234 3777 5302 ἑνδιαιτῶμαι
3800 5248 3813 5265 ·

2260 5331 2293 5399 ἢ
2324 5332 2418 5381 καὶ
2447 5327 2622 5389 ἄλλως
2647 5326 2783 5394 φασὶ
2811 5325 3005 5380 τοῦτον
3030 5328 3144 5388 τοῖς
3177 5326 3505 5388 οίκοπεδίοις
3547 5324 3820 5378 ἐνδιαιτώ-

2263 5437 2443 5491 μενον,
2477 5420 2536 5471 ὲν
2574 5418 2732 5471 νυκτὶ
2778 5416 3025 5487 κράζειν,
3083 5417 3191 5469 ὑπὸ
3242 5417 3466 5481 δειλίας,
3496 5413 3577 5468 διδ
3607 5414 3702 5467 καὶ
3734 5433 3818 5467 νυ-

2261 5512 2567 5582 κτικόρακα
2605 5508 2994 5582 ὀνομάζεσθαι,
3034 5507 3186 5579 παρὰ
3208 5507 3272 5561 τὸ
3301 5510 3358 5563 ἐν
3379 5510 3445 5579 τῇ
3495 5504 3656 5561 νυκτὶ
3690 5505 3820 5575 xpli-
