4102 6206
395 325 529 393 1001

1562 330 1957 402 COMMENT,
1999 333 2080 393 IN
2119 332 2482 397 PSALMOS.

3504 345 3641 420 1002

392 439 530 503 ζειν.
564 436 750 503 Οὕτως
778 438 893 505 οὖν,
942 439 1097 509 φησὶ.
1144 439 1302 510 κάγὼ
1327 441 1385 495 ὲν
1412 444 1570 497 νυκτὶ
1598 444 1791 513 κράζω
1834 443 1961 515 πρὸς

2077 445 2401 514 appellatur,
2432 445 2575 514 quod
2601 458 2758 502 nocte
2800 447 3015 503 c‘amet.
3085 450 3200 505 Non
3261 468 3424 511 secus
3473 455 3641 527 igitur

390 531 449 583 σὲ
475 531 567 583 τὸν
594 531 748 593 Θεὸν,
772 531 871 602 τὴν
901 531 1151 584 ἐπίθεσιν
1180 532 1396 586 δειλιιίν
1416 533 1525 586 τῶν
1550 534 1853 605 πολεμίων.

468 710 878 781 Ἡπγιύπνησα,
910 710 1007 765 καὶ
1054 712 1352 782 ἐγενόμην
1378 713 1460 779 ὡς
1486 715 1810 782 στρουθίον
1852 734 1965 785 μο-

383 802 563 862 νάζον
617 802 717 855 ἐπὶ
768 802 1059 872 δώματος.
1127 804 1239 857 Καὶ
1279 804 1439 859 τοῦτο
1473 807 1583 876 γὰρ
1631 807 1835 877 ὁμοίως
1858 808 1964 869 ὑπὸ

384 893 593 955 δειλίας
623 892 916 961 ἀγρυπνεῖ,
950 892 1045 946 καὶ
1081 892 1304 962 μονάζει
1344 893 1435 947 ἐπὶ
1477 893 1730 964 δώματος
1768 912 1914 960 τινος
1945 910 1961 926 '

385 986 563 1037 εῑτουν
591 983 755 1054 μόνον
790 984 965 1055 μένει.
1006 986 1174 1054 Δὼμα
1203 987 1259 1039 δὲ
1305 987 1405 1056 τὴν
1433 987 1631 1057 στέγην
1655 989 1889 1058 νοήσεις.

394 1147 399 1152 ‘
458 1079 652 1146 Ὅλην
675 1077 791 1147 τὴν
819 1078 1051 1147 ἡμέραν
1102 1077 1401 1138 ὠνείδιζόν
1423 1097 1498 1149 με
1519 1082 1572 1133 οἱ
1601 1079 1804 1148 ἐχθροί
1820 1096 1962 1149 μου.

401 1165 699 1232 Ὢνείδιζόν
732 1186 828 1239 μοι
861 1168 1066 1223 δειλίαν
1093 1170 1186 1223 καὶ
1216 1170 1595 1243 ταλαιπωρίαν
1650 1173 1700 1225 ol
1743 1172 1966 1228 διώκον-

389 1261 481 1322 τές
513 1276 602 1328 με.

456 1352 563 1406 Καὶ
594 1354 647 1405 οἱ
680 1352 1078 1421 ἐπαινοῦντές
1104 1372 1180 1425 με
1206 1356 1333 1411 κατ’
1360 1356 1507 1425 ἐμοῦ
1531 1355 1795 1424 ὤμνυον.
1838 1360 1967 1429 "Op-

385 1460 512 1504 κους
543 1442 838 1513 ἐπιϐουλῆς
871 1461 885 1475 ·
926 1443 960 1515 ἢ
994 1445 1157 1514 ὅρκον
1208 1445 1306 1510 τὰς
1344 1444 1484 1515 ἐμὰς
1507 1445 1791 1499 ἐποιοῦντο
1821 1464 1965 1516 συμ.

387 1534 597 1602 φορὰς,
629 1530 740 1588 οἷον
770 1534 863 1607 Μὴ
890 1536 1161 1607 πάθοιμεν
1182 1536 1257 1602 ὡς
1285 1540 1314 1590 ὀ
1343 1539 1514 1604 δεῖνα,
1551 1539 1626 1609 μὴ
1669 1539 1966 1609 γενοίμεθα

379 1625 456 1689 ὡς
487 1628 719 1690 ἐκεῖνος.
757 1629 829 1681 Ἦ
864 1630 959 1682 κα)⁵
984 1629 1187 1695 ἄλλως,
1243 1630 1401 1685 τοῦτο
1429 1631 1488 1684 τὸ
1517 1631 1682 1701 ῥητόν
1710 1649 1853 1696 τινες
1889 1632 1964 1698 ὡς

378 1718 490 1779 ἀπὸ
528 1719 625 1774 τοῦ
669 1718 909 1790 Χριστοῦ
947 1722 1077 1791 περὶ
1109 1721 1318 1790 Πέτρου
1358 1722 1745 1797 προρρηθῆναι
1774 1725 1958 1795 νενοή-

2072 538 2141 592 de
2176 546 2340 594 nocte
2370 537 2437 591 ad
2469 537 2636 592 Deum
2666 554 2726 593 se
2751 541 2995 596 clamare
3023 541 3178 607 dicit,
3217 545 3347 599 dum
3399 547 3644 604 hostium

2060 628 2353 699 incursum
2396 629 2745 688 reformidat.

2148 718 2314 775 Vens.
2347 721 2401 778 8.
2442 722 2667 793 Vigilavi
2697 733 2747 778 et
2788 724 2960 794 factus
2982 742 3099 780 sunt
3127 728 3262 782 sicut
3293 744 3480 797 passer
3520 734 3649 787 soli-

2071 814 2241 868 larius
2289 816 2343 868 in
2366 824 2521 870 tecto.
2562 813 2759 886 Vigilat
2795 833 3034 888 namque
3083 830 3138 875 et
3171 821 3290 888 ipse
3318 836 3510 892 passer
3535 839 3647 893 pra:

2070 905 2388 971 formidine,
2419 917 2475 964 et
2512 909 2665 965 solus
2692 909 2748 964 in
2787 917 2931 971 tecto
2959 911 3140 983 degit;
3192 914 3277 969 vel
3330 925 3544 970 tantum
3588 918 3644 973 in

2071 994 2232 1049 tectis
2265 1008 2473 1053 manet.

2146 1086 2310 1145 Vens.
2358 1089 2413 1147 9.
2475 1089 2609 1146 Tota
2646 1092 2732 1149 die
2788 1095 3189 1163 exprobrabant
3234 1099 3365 1155 mihi
3433 1101 3646 1156 inimici

2070 1176 2194 1233 mei.
2229 1175 2656 1247 Exprobrabant
2698 1183 2827 1239 mihi
2846 1199 2862 1219 ·
2887 1184 3238 1244 formidinem
3262 1196 3319 1244 et
3341 1189 3641 1257 miseriam,

2068 1281 2263 1323 omnes
2293 1269 2329 1322 ii
2356 1270 2448 1339 qui
2476 1276 2945 1344 persequebantur
2984 1292 3091 1335 me.

2139 1359 2210 1415 Et
2241 1363 2333 1432 qui
2358 1362 2655 1420 laudabant
2686 1384 2787 1431 me,
2815 1370 3093 1427 adversum
3126 1388 3207 1426 me
3221 1373 3506 1442 jurabaut.
3539 1376 3643 1442 Qui

2071 1453 2224 1524 prius
2254 1470 2341 1510 me
2366 1455 2805 1525 admirabantur,
2843 1469 2939 1515 aut
2985 1464 3281 1520 laudabant
3327 1482 3436 1534 me,
3488 1478 3643 1538 post-

2072 1544 2291 1601 modum
2317 1548 2573 1618 jnrarunt
2603 1552 2896 1607 adversum
2922 1569 3031 1620 me,
3069 1554 3387 1622 juramento
3428 1561 3645 1615 scilicet

2068 1637 2461 1694 oonllrmantes
2493 1642 2940 1713 conspirationes
3009 1654 3173 1714 atque
3227 1647 3462 1703 insidias
3520 1649 3641 1704 illas

2070 1747 2208 1801 quas
2236 1733 2291 1789 in
2328 1748 2416 1789 me
2445 1735 2845 1803 moliebantur;
2871 1736 2978 1804 vel,
3015 1737 3362 1793 calamitates
3395 1754 3545 1795 meas
3586 1742 3640 1805 in

378 1827 562 1874 καίειν,
624 1812 927 1884 ὀμόσαντος
984 1814 1232 1885 ὕστερον,
1298 1814 1381 1867 ὅτι
1410 1815 1526 1869 Οὐκ
1573 1811 1689 1871 οἶδα
1734 1817 1827 1872 τὸν
1865 1817 1961 1874 ἄν·

2061 1825 2433 1892 jurantentum
2464 1825 2808 1894 redigebant,
2838 1827 2988 1882 verbi
3014 1828 3188 1899 gratia
3223 1847 3236 1884 :
3275 1828 3367 1887 Sic
3397 1845 3496 1884 nos
3528 1845 3637 1889 non

338 1902 622 1974 ~Opwizov.

2066 1915 2344 1986 patiamur
2364 1931 2430 1972 ea
2463 1932 2585 1987 quae
2610 1918 2701 1975 ille
2724 1919 2953 1989 patitur,
3004 1936 3184 1990 neque
3236 1920 3538 1977 efﬁciamur
3576 1935 3640 1977 ut

378 1992 499 2063 ipse
530 2003 636 2051 est.
667 1992 905 2064 Quidam
942 2010 1076 2051 vero
1108 1996 1224 2052 haec
1253 1997 1417 2053 verba
1448 1996 1595 2053 dicta
1621 2013 1747 2055 esse
1801 2000 2111 2072 intelligunt
2158 2020 2224 2061 ex
2265 2021 2497 2077 persona
2523 2006 2753 2075 Christi,
2788 2010 2862 2069 ita
2936 2020 2995 2064 ut
3061 2012 3133 2069 sit
3197 2013 3484 2083 prophetia
3575 2011 3642 2068 de

374 2084 559 2150 Petro.
596 2087 693 2158 qui
719 2087 926 2159 juravit
957 2105 1018 2145 se
1048 2106 1158 2144 non
1184 2090 1408 2146 novisse
1449 2084 1755 2147 hominem.

453 2182 576 2235 Ὅτι
603 2183 861 2248 σποδὸν,
892 2182 1037 2237 ὡσεὶ
1076 2183 1260 2252 ἄρτον
1284 2182 1534 2254 ἔφαγον,
1568 2185 1667 2239 καὶ
1697 2186 1764 2238 τὸ
1799 2190 1963 2255 πόμα

373 2290 490 2341 μου
559 2273 724 2342 μετὰ
779 2275 1098 2345 κλαυθμοῦ
1151 2277 1427 2345 ἐκίρνων.
1501 2278 1700 2330 Εἵποτε
1755 2280 1964 2347 τροφῆς

380 2365 689 2436 ἐμνήσθην,
718 2367 915 2420 σποδὶν
938 2368 1174 2422 ἔπαττον
1206 2369 1297 2423 ἐπὶ
1325 2369 1416 2423 τὸν
1442 2370 1607 2441 ἄρτον
1631 2388 1758 2441 μου,
1784 2371 1877 2425 καὶ
1904 2372 1964 2424 τδ

380 2458 534 2528 πόμα
589 2476 691 2529 μου
765 2460 906 2532 μετὰ
969 2446 1251 2532 κλαυθμοῧ
1315 2461 1549 2533 ἐκίρνων
1583 2479 1601 2498 θ
1653 2462 1798 2517 οὕτω
1854 2465 1964 2535 γὰρ

378 2551 603 2605 ἐποίουν
632 2552 682 2604 οἱ
713 2555 771 2605 ὲν
805 2553 1080 2625 ὑπερϐολῇ
1108 2555 1431 2625 συμφορῶν,
1485 2554 1611 2625 μηδ’
1633 2555 1801 2627 αὐτὴν
1830 2559 1962 2611 ἅλυ-

376 2661 480 2698 πον
505 2644 603 2715 τὴν
634 2645 844 2717 τροφὴν
873 2647 1285 2719 προσφέρεσθαι
1309 2647 1652 2720 ἀνεχόμενοι.
1669 2650 1739 2703 Ἢ
1766 2649 1962 2703 σποδὸν

378 2737 478 2807 μὲν
521 2739 645 2791 am
683 2738 777 2792 τοῦ
822 2740 991 2812 ἄρτον
1022 2741 1229 2810 ἔφαγον
1264 2756 1278 2770 ⁸
1319 2743 1483 2796 ποτὸν
1518 2742 1575 2796 δὲ
1609 2743 1667 2794 ὲν
1693 2741 1960 2813 κλαυθμῷ

2137 2184 2427 2243 Vsus.10.
2491 2188 2631 2253 Quia
2661 2189 2886 2242 cinerem
2941 2197 3193 2256 tanquam
3239 2201 3425 2255 panem
3495 2206 3644 2245 mam

2063 2282 2347 2345 ductabant,
2371 2292 2420 2335 et
2449 2292 2629 2349 polum
2659 2296 2830 2335 meum
2862 2295 2982 2337 cum
3031 2279 3162 2347 ﬂetu
3213 2280 3518 2335 miscebant.
3577 2278 3633 2332 Si

2066 2375 2363 2444 aliquando
2407 2374 2514 2430 cibi
2577 2375 2954 2435 memineram,
2983 2379 3037 2426 ct
3088 2374 3296 2439 panem‘
3335 2370 3522 2424 cinere
3584 2385 3642 2422 a-

2066 2466 2414 2536 spergebam,
2447 2476 2499 2521 et
2543 2474 2729 2534 potum
2755 2478 2935 2518 meum
2962 2463 3259 2518 miscebant
3293 2463 3443 2527 fletu,
3472 2470 3530 2516 ut
3558 2462 3638 2516 fa-

2064 2572 2188 2613 cere
2215 2560 2394 2614 solent
2422 2558 2460 2612 ii
2485 2558 2657 2628 quiin
2677 2555 2912 2613 summis
2944 2554 3231 2611 constituti
3250 2562 3381 2610 sunt
3417 2551 3643 2609 calami.

2058 2650 2284 2713 tatibus.
2329 2659 2516 2705 etnon
2549 2644 2936 2706 sustinent'vel
2964 2646 3144 2702 cibum
3173 2645 3352 2716 ipsum
3377 2645 3482 2700 sibi
3511 2644 3639 2701 abs-

2016 2761 2020 2765 ‘
2057 2756 2165 2811 quc
2204 2742 2429 2799 tristitia
2454 2741 2662 2799 afferri.
2690 2740 2811 2804 Vel,
2846 2741 3086 2795 cinerem
3116 2739 3341 2809 quidem
3366 2753 3467 2807 pro
3500 2753 3640 2808 pane

374 2832 609 2902 ἐκίρνων
638 2852 649 2863 ·
679 2830 871 2905 ἦγουν,
902 2832 1115 2901 δάκρυα.
1145 2832 1397 2905 ἐκίρνων,
1423 2832 1548 2887 ἀντὶ
1577 2832 1765 2886 ποτοῦ.
1813 2832 1961 2900 Ἐγί-

2061 2831 2482 2898 manducabam,
2507 2842 2696 2902 potum
2728 2847 2860 2887 vero
2891 2831 2946 2885 in
2980 2830 3108 2884 fletu
3155 2830 3481 2895 miscebant,
3529 2832 3636 2884 hoc.

375 2940 497 2975 νετο
524 2924 580 2976 δὲ
610 2924 794 2986 τοῦτο,
824 2922 914 2976 ὅτε
948 2922 1152 2986 πάντες
1186 2923 1398 2995 τροφῆς
1436 2923 1958 2995 μεταλαμϐάνοντες

2061 2933 2164 2987 est,
2195 2924 2466 2994 lacrymas
2493 2924 2789 2980 miscebant
2824 2938 2923 2992 pro
2954 2928 3085 2990 potu
3124 2937 3139 2975 :
3181 2922 3283 2974 hoc
3330 2930 3514 2974 autem
3551 2920 3634 2973 fa-

376 3012 471 3065 καὶ
522 3012 888 3086 ἰλαρύνοντες.
947 3013 1082 3067 Τότε
1133 3012 1239 3085 γὰρ
1298 3012 1462 3078 αὐτὸς
1511 3014 1599 3066 ἐπὶ
1656 3013 1951 3084 πρόσωπον

2062 2996 2448 3079 ciebam.cum
2474 2995 2565 3071 alii
2619 3030 2815 3071 omnes
2868 3014 3055 3070 cibum
3116 3019 3424 3070 sumerent.
3471 3019 3637 3083 atque

382 3105 631 3173 κείμενος
659 3107 755 3159 καὶ⁵
787 3104 1001 3158 πενθῶν
1033 3105 1238 3163 ἔπασσε
1271 3105 1373 3176 μὲν
1407 3105 1581 3172 κόνιν,
1609 3108 1677 3178 τῇ
1700 3106 1834 3178 ὁλκῇ
1863 3104 1956 3160 τοῦ

2062 3105 2268 3161 hilares
2299 3119 2509 3169 essent.
2544 3098 2702 3165 Tunc
2735 3107 2937 3168 ctenim
2982 3121 3082 3176 ego
3140 3106 3195 3159 in
3250 3103 3446 3159 faciem
3508 3117 3635 3173 pro-

376 3197 693 3267 πνεύματος
730 3199 1252 3262 συνεισπίπτουσαν,
1340 3197 1578 3270 ὲφύρετο
1605 3197 1663 3252 δὲ
1693 3199 1807 3261 τοῖς
1867 3196 1961 3251 δά-

2061 3196 2348 3262 cumbens,
2374 3208 2429 3251 et
2460 3199 2676 3268 lugens,
2729 3211 2827 3251 ore
2876 3197 2997 3265 ipso
3040 3194 3324 3266 pulverem
3389 3194 3636 3247 attrahe-

376 3304 562 3359 .tpuat.
593 3291 692 3342 Διὰ
717 3290 816 3358 μέν
840 3308 921 3343 τοι
947 3290 1056 3350 τῶν
1091 3289 1357 3361 ῥημάτων
1388 3289 1597 3344 τούτων
1640 3284 1741 3363 τὴν
1764 3289 1961 3361 ὀδυνη-

2061 3290 2213 3355 bam,
2274 3291 2369 3360 qui
2403 3301 2587 3355 vento,
2632 3297 2728 3344 aut
2772 3289 2963 3358 spiritu
3023 3287 3411 3351 attol'ebatur;
3470 3295 3636 3355 atque

378 3382 478 3450 ρὰν
499 3380 643 3452 ζωὴν
669 3383 929 3453 ἐνέφηνεν
948 3397 964 3413 ο
989 3383 1205 3453 εἴρηται
1232 3382 1286 3435 δὲ
1309 3381 1571 3446 πολλάκις
1625 3383 1708 3436 ὅτι
1752 3382 1814 3436 τὸ
1865 3382 1954 3436 ὅτι

2061 3382 2166 3438 hoc
2201 3391 2362 3452 pacto
2397 3382 2699 3439 miscellam
2727 3398 2853 3437 eum
2902 3381 3185 3450 lacrymis.
3240 3376 3382 3448 lluju
3415 3379 3638 3433 seemed

377 3472 510 3525 ποτὲ
559 3473 660 3542 μὲν
697 3475 1062 3543 αἰτιολογικόν
1104 3475 1247 3540 ἐστι,
1285 3472 1416 3527 ποτὲ
1452 3474 1509 3527 δὲ
1557 3471 1955 3544 βεϐαιωτικὸν,

2061 3484 2239 3530 autem
2267 3475 2478 3540 verbis.
2513 3476 2693 3529 vitam
2718 3489 2874 3528 suam
2946 3471 3204 3529 incestltia
3259 3471 3474 3541 plenam
3516 3485 3641 3526 esse

378 3566 513 3625 ποτε
542 3566 600 3619 δὲ
628 3566 924 3637 παρέλκον,
958 3566 993 3638 ἢ
1013 3565 1438 3638 διηγηματικὸν,
1468 3565 1546 3629 ὡς
1580 3565 1676 3619 καὶ
1702 3565 1819 3622 νῦν.

2068 3567 2355 3624 indicavit.
2392 3568 2605 3621 Dictum
2639 3576 2723 3621 est
2749 3576 2932 3621 autem
2978 3568 3204 3632 saepius,
3238 3567 3385 3635 quod
3441 3565 3640 3621 dictio.

375 3678 496 3726 aes,
524 3666 649 3734 quia
675 3673 730 3720 et
758 3665 1030 3734 quoniam,
1060 3662 1359 3733 aliquando
1410 3677 1634 3719 causam
1689 3661 1950 3725 reddunt,
1992 3659 2292 3731 aliquando
2330 3663 2678 3729 confirmant,
2726 3670 2782 3719 et
2810 3662 3111 3731 aliquando
3166 3676 3396 3733 prorsus
3463 3660 3638 3715 abun-

373 3755 527 3816 dant.
556 3771 652 3812 seu
682 3773 778 3828 per
806 3759 1026 3812 modum
1067 3756 1360 3828 quemdam
1401 3763 1686 3827 ponuntur
1737 3754 2100 3820 narrationis,
2128 3766 2184 3809 ut
2210 3757 2320 3812 hic.

457 3847 591 3901 Ἀπὸ
618 3850 947 3916 προσώπου
976 3851 1087 3920 τῆς
1124 3847 1309 3918 ὀργῆς
1342 3865 1461 3908 σου
1493 3850 1592 3902 καὶ
1624 3848 1731 3903 τοῦ
1759 3845 1953 3917 θυμοῦ

378 3952 516 3993 σου.
550 3940 734 3994 Ταῦτά
766 3958 857 4012 μοι
886 3941 1192 4011 συνέδησαν
1224 3940 1332 3994 ἀπὸ
1372 3939 1474 4011 τῆς
1512 3940 1682 4010 ὀργῆς
1720 3956 1840 4005 σου,
1870 3939 1953 4004 ὅτι

383 4030 659 4101 ,ὒργίσθης
686 4047 801 4101 μοι·
834 4033 1116 4105 ὼργὶσοης
1147 4049 1237 4102 μοι
1266 4032 1440 4097 δὲιῖὴι
1469 4032 1860 4102 παρεπῖκρανά
1894 4048 1953 4083 σε

390 4123 743 4194 ἁμαρτήσας,
779 4124 1083 4195 Πρὸσωπον
1119 4124 1175 4181 δὲ
1204 4123 1377 4196 ὀργῆς
1439 4124 1474 4196 ἡ
1513 4122 1651 4196 ὀργὴ
1683 4139 1957 4194 περιφραει
2004 4154 2009 4159 -

376 4237 600 4281 στικως.

450 4311 577 4365 Ὅτι
613 4312 840 4380 ἐπάρας
866 4310 1234 4381 κατέῤῥαξάς
1269 4328 1360 4380 με.
1418 4311 1679 4380 "meum
1712 4327 1779 4381 με
1814 4311 1951 4383 πρό-

380 4421 556 4476 τερον,
584 4406 674 4459 ὅτε
701 4406 879 4471 καλῶς
912 4401 1079 4477 εἶχον,
1122 4404 1351 4477 ὓστερον
1382 4404 1438 4458 δὲ
1482 4403 1824 4476 κατὲῥραξάς
1859 4420 1950 4474 με,

378 4498 786 4568 παραχωρήσας
810 4500 1144 4551 καταπεσεῖν
1178 4514 1265 4567 με.
1296 4497 1524 4573 Ὅμοιον
1548 4498 1607 4554 δέ
1647 4500 1765 4553 ἐστι
1796 4497 1956 4559 τοῦτο

382 4588 481 4657 τῷ,
529 4587 819 4657 ’Υψωθεις
847 4588 917 4643 δὲ
941 4591 1368 4658 ἐταπεινώθην.

441 4770 511 4821 Al
543 4767 759 4836 ἡμέραι
791 4785 911 4836 μου
970 4766 1116 4822 ὡσεὶ
1146 4765 1291 4827 σκιὰ
1335 4766 1688 4834 ἐκλίθησαν.
1735 4768 1958 4838 Ταχέως

377 4859 658 4929 παρῆλθον
679 4876 694 4889 ·
723 4858 820 4912 καὶ
859 4858 1098 4930 ἀλλαχοῦ
1124 4859 1183 4912 δέ
1213 4876 1381 4929 φησιν
1411 4873 1425 4888 '
1468 4859 1806 4927 Ἄνθρωπος
1843 4878 1958 4928 μα-

376 4956 634 5017 ταιότητι
664 4951 927 5021 ὡμοιώθη
952 4965 968 4981 ·
1023 4953 1085 5008 al
1138 4950 1352 5020 ἡμέραι
1393 4950 1582 5010 αὐτοῦ
1624 4951 1767 5005 ὡσεὶ
1813 4950 1958 5007 σκιὰ

377 5044 780 5114 παράγουσιν.
810 5043 1033 5114 Ταχέως
1061 5044 1170 5112 γὰρ
1202 5045 1235 5113 ἡ
1264 5042 1393 5098 σκιὰ
1431 5041 1779 5111 ἀφανίζεται.

448 5136 622 5204 Κάγὼ
639 5134 786 5197 ὡσεὶ
806 5136 1023 5206 χόρτος
1044 5134 1412 5203 camaram.
1431 5134 1636 5203 Εἶρηκε
1664 5133 1838 5193 ταῦτα
1860 5134 1954 5193 καὶ

376 5227 659 5298 ἀνωτέρω.
702 5227 842 5281 Ἀλλ’
872 5228 993 5282 ἐκεῖ
1024 5228 1127 5297 μὲν
1151 5228 1251 5295 τὴν
1282 5224 1511 5294 καρδίαν
1541 5224 1736 5288 ἐαυτοῦ
1754 5224 1951 5295 ξηραν-

379 5316 544 5388 θῆναι
576 5316 729 5372 εἶπεν
754 5336 768 5352 ο
799 5320 1038 5379 ἐνταῦθα
1059 5318 1116 5383 δὲ
1140 5318 1260 5371 ὅλον
1284 5316 1478 5370 ἑαυτὸν
1534 5316 1639 5369 ὑπὸ
1667 5316 1954 5388 τηκεδὸνος

381 5412 748 5484 μαρανθῆναι.
1769 5401 1776 5408 ’

452 5504 538 5558 Σὺ
567 5502 657 5570 δὲ,
699 5505 899 5571 Κύριε,
955 5506 1044 5569 εις
1094 5502 1200 5558 τὸν
1251 5499 1437 5555 αἰῶνα
1468 5500 1693 5569 μένεις.
1731 5502 1771 5552 Τ
1775 5502 1810 5554 ἁ
1854 5502 1954 5570 μὲν

379 5595 503 5650 κατ’
543 5597 666 5662 ἐμὲ,
701 5597 820 5665 ἦτοι
873 5599 939 5648 τὰ
967 5595 1310 5665 ἀνθρώπινα,
1351 5592 1579 5646 τοιαῦτα
1614 5593 1957 5663 εὐμετάϐολα

458 5777 503 5811 ⁸³
533 5776 680 5833 Psal.
708 5790 954 5837 Lxxxvu,
982 5772 1069 5827 16.
1151 5771 1194 5802 ³⁸
1241 5768 1392 5824 Psal.
1429 5783 1627 5836 ctuti,
1666 5767 1721 5829 4.

752 5873 1023 5934 PATRUL.
1053 5872 1168 5931 Gtt.
1213 5866 1550 5929 CXXVIII.

2131 3847 2296 3905 Vens.
2327 3850 2416 3903 11.
2443 3850 2483 3904 Α
2519 3848 2657 3917 [acie
2684 3847 2782 3901 ira:
2841 3854 2947 3899 tua:
2981 3853 3030 3897 et
3077 3841 3463 3912 indignationis
3504 3854 3628 3898 tum.

2054 3942 2181 3997 liae
2213 3942 2343 4007 mihi
2369 3942 2718 4011 contigerunt
2751 3938 2820 3994 ab
2871 3938 2954 3992 ira
2994 3947 3110 4001 tua,
3167 3935 3429 4004 quoniam
3487 3937 3620 3990 mihi

2056 4037 2228 4091 iratus
2285 4035 2470 4101 fuisti;
2516 4049 2577 4089 cs
2636 4031 3045 4091 autemiratns.
3110 4029 3240 4097 quia
3300 4030 3619 4097 peccatiste

2058 4131 2195 4183 meis
2248 4127 2477 4181 irritavi.
2542 4123 2645 4179 Per
2696 4122 2888 4177 faelem
2941 4135 3071 4175 vero
3122 4119 3218 4174 ira:
3279 4122 3453 4184 ipsam
3485 4122 3621 4172 iram

2059 4216 2546 4286 υἰτοιιιιιιοιιιιοιηιο
2570 4214 2727 4268 dixit.

2129 4307 2391 4373 Quoniam
2419 4307 2630 4363 elevans
2665 4302 2969 4373 confregisti
2990 4318 3098 4357 nte.
3145 4299 3287 4355 Olim
3320 4315 3404 4353 me
3459 4300 3511 4353 in
3554 4302 3632 4354 al-

2062 4409 2175 4456 tum
2199 4400 2446 4458 elevasti.
2483 4415 2609 4454 cum
2649 4412 2770 4454 mea
2799 4396 2984 4450 omnia
3022 4394 3161 4449 bene
3217 4408 3279 4448 se
3343 4392 3630 4463 haberent,l

2058 4492 2155 4549 sed
2184 4503 2375 4562 postea
2400 4490 2723 4560 confregisti
2757 4504 2865 4551 me,
2905 4502 2935 4541 a
2960 4484 3195 4556 pristino
3217 4500 3302 4539 me
3327 4495 3472 4539 statu
3534 4489 3630 4545 dc-

2058 4586 2244 4641 cidere
2316 4583 2660 4654 permittens.
2716 4580 2907 4636 Simile
2967 4578 3101 4633 illud
3151 4585 3283 4633 est:
3337 4574 3631 4633 Exaltatus

2059 4687 2237 4733 autem
2268 4676 2582 4730 humiliatus
2617 4691 2736 4730 sum
2770 4672 2836 4726 ιδ.

2128 4770 2255 4825 Dies
2280 4771 2380 4827 mei
2433 4770 2572 4823 sicut
2617 4768 2809 4829 umbra
2863 4764 3282 4821 declinaverunt.
3328 4762 3451 4818 Cito
3507 4777 3634 4832 pere

2059 4862 2419 4918 transierunt.
2454 4860 2595 4915 Alibi
2638 4860 2803 4914 etiam
2839 4858 2915 4911 ait
2948 4873 2964 4913 :
3006 4856 3175 4911 Homo
3204 4855 3432 4909 vanitati
3478 4856 3633 4907 simi-

2058 4958 2123 5013 lis
2163 4958 2337 5027 factus
2369 4954 2601 5021 cst,dies
2636 4952 2751 5016 eius
2792 4952 2932 5007 sicut
2963 4950 3159 5015 umbra
3192 4954 3510 5019 prwtcreant
3564 4947 3630 4999 η.

2060 5049 2263 5111 Umbra
2299 5047 2500 5102 etenim
2532 5045 2683 5101 brevi
2711 5044 3108 5112 exstinguitur.

2129 5142 2196 5197 Et
2258 5156 2352 5212 ego
2401 5139 2556 5211 quasi
2608 5138 2772 5194 herba
2827 5136 3036 5193 exarui.
3084 5129 3413 5201 Huiusmodi
3464 5129 3630 5183 verba

2061 5235 2226 5290 etiam
2251 5232 2508 5301 superius
2538 5228 2801 5292 vidimus,
2833 5240 3021 5283 verum
3081 5222 3196 5278 illic
3243 5218 3467 5290 quidem
3535 5229 3626 5271 cm

2061 5340 2244 5384 suum.
2280 5322 2367 5375 hic
2393 5335 2525 5375 vero
2557 5328 2729 5375 totum
2761 5333 2820 5373 se
2852 5316 2929 5371 ait
2960 5312 3266 5373 exaruisse.

2127 5502 2292 5560 Vnus.
2331 5502 2414 5556 l3.
2453 5498 2531 5552 Tu
2559 5508 2758 5556 autem.
2796 5497 3036 5560 Domine,
3072 5495 3127 5548 in
3152 5490 3635 5558 swculnmpermae

2060 5611 2169 5649 ncs.
2204 5592 2277 5649 Ea
2298 5593 2518 5662 quidem
2545 5606 2668 5662 qua:
2693 5592 2757 5644 ad
2792 5602 2878 5642 me
2904 5586 3200 5657 pertinent,
3237 5583 3345 5637 hoc
3385 5591 3491 5645 est,
3525 5578 3630 5633 huc

3190 5854 3265 5931 32
