4102 6206
388 275 530 349 1013

1561 273 1949 340 COMMENT.
1973 265 2057 332 ΙΝ
2087 262 2451 333 PSALMOS.

3499 256 3633 325 1027i

454 399 576 453 Οὐκ
596 398 684 464 εἷς
753 396 931 463 τέλος
989 394 1439 466 ὀργισθήσεται.
1498 394 1829 455 Διάλλακτος
1886 389 1959 442 ὢν

2139 387 2304 442 Vens.
2341 387 2394 442 9.
2432 385 2551 439 Non
2581 385 2632 439 in
2656 380 2809 453 ﬁnem
2847 383 3132 436 irascetur.
3180 380 3318 434 Cum
3373 378 3634 433 facillime

382 493 497 554 τοῖς
530 491 899 561 μετανοοῦσιν.

459 584 615 639 Οὐδὲ
646 586 733 651 εις
784 584 890 639 τὸν
916 582 1103 639 αἰῶνα
1135 577 1356 654 αηνιεῖ.
1397 582 1472 636 Τὸ
1498 580 1631 635 αὐτὸ
1670 580 1817 648 λέγει
1868 595 1962 630 σα-

389 678 552 748 φέστε
561 692 671 743 ρον.

462 770 547 824 οὐ
585 769 739 823 κατὰ
788 770 895 835 τὰς
941 769 1194 839 ἀνομίας
1240 769 1413 838 ἡμῶν
1464 767 1757 835 ἐποίησεν
1796 763 1961 833 ἡμῖν,

386 860 531 915 οὐδὲ
587 861 739 915 κατὰ
798 860 907 928 τὰς
958 863 1248 931 ἁμαρτίας
1292 860 1465 931 ἡμῶν
1538 859 1967 916 ἁνταπέδωκεν

389 952 555 1021 ἡμῖν.
602 952 691 1015 Ὦς
720 952 1043 1017 ἁνεξίκακος
1066 956 1160 1009 καὶ
1201 947 1490 1016 πολυὲλεος
1525 970 1539 985 ο
1563 951 1658 1007 τὸν
1700 952 1865 1005 αὐτὸν
1906 949 1966 1003 δὲ

391 1047 520 1117 περὶ
550 1044 645 1098 τοῦ
675 1045 857 1109 ἐλέους
888 1045 1046 1114 λόγον
1102 1045 1399 1100 ἁνακυκλοϊ
1437 1045 1732 1115 διαφόρως,
1794 1044 1966 1097 θέλων

392 1136 655 1201 ἐπιδεῖξαι
708 1137 1017 1207 ὑπερεολὴν
1044 1136 1145 1207 τῆς
1191 1136 1285 1190 τοῦ
1338 1135 1474 1189 Θεοῦ
1532 1133 1963 1205 φιλανθρωπίας.

465 1314 593 1366 Ὀτι
619 1311 770 1365 κατὰ
807 1311 875 1365 τὸ
899 1294 1191 1380 {Syr-04:10:”;
1233 1311 1496 1380 οὐρανοῦ
1540 1310 1661 1365 ἀπὸ
1693 1309 1805 1377 τῆς
1855 1307 1971 1377 γῆς
2041 1319 2047 1325 ”

389 1404 997 1472 ἐκραταίωσεΚύριος
1019 1404 1085 1457 τὸ
1110 1404 1287 1469 ἕλεος
1329 1405 1520 1458 αὐτοῦ
1557 1402 1660 1457 ἐπὶ
1698 1402 1838 1468 τοὺς
1865 1419 1971 1472 ερο-

391 1491 723 1561 6ουμένους
753 1495 965 1565 auter.
1019 1492 1186 1546 Ὅσον
1211 1492 1272 1545 τὸ
1300 1492 1577 1564 διάστημα
1608 1487 1703 1545 τοῦ
1736 1490 1970 1563 οὐρανοῦ

390 1582 500 1637 ἀπὸ
530 1585 630 1653 τῆς
668 1583 794 1653 γῆς,
833 1580 1089 1638 τοσοῦτον
1141 1582 1203 1638 τὸ
1249 1584 1396 1649 ἔλεος
1452 1582 1616 1637 αὐτοῦ
1685 1583 1970 1655 ἐστήριξεν

391 1672 485 1726 ἐπὶ
539 1674 665 1738 τοὺς
733 1673 1102 1744 φοϐουμένους
1143 1674 1349 1740 αὑτὸν,
1402 1675 1682 1730 τουτέστιν
1732 1677 1970 1747 ἄμετρον

392 1766 488 1819 καὶ
526 1765 844 1819 ἀνείκαστον
872 1780 887 1794 ·
935 1766 1035 1837 οὐχ
1089 1759 1216 1838 εὗρε
1270 1766 1327 1821 δὲ
1378 1768 1552 1839 τούτῳ
1608 1770 1793 1839 μεῖζον
1850 1771 1968 1825 διά-

396 1875 578 1928 στημα
601 1848 898 1931 αἰσθητὸν,
917 1859 1005 1914 ἴνα
1034 1859 1211 1930 τούτῳ
1239 1860 1378 1933 πρὸς
1428 1863 1782 1934 παράδειγμα
1835 1864 1972 1936 χρή-

395 1966 573 2021 σηται.

468 2128 743 2182 Καθόσον
785 2129 1126 2201 ἀπέχουσιν
1185 2134 1474 2189 ἀνατολαὶ
1537 2134 1659 2190 ἀπὸ
1702 2135 1973 2206 δυσμῶν,

397 2214 741 2287 ἐμάχρυνεν
760 2220 865 2290 ἀφ’
894 2221 1066 2292 ἡμῶν
1094 2223 1201 2290 τὰς
1246 2223 1499 2295 ἀνομίας
1528 2225 1717 2296 ήμῶν.
1773 2227 1973 2280 Φοῦου-

401 2312 580 2379 μένων
607 2312 770 2365 αὑτὸν
799 2312 1065 2384 δηλονότι.
1110 2307 1187 2368 Ob
1232 2316 1340 2388 γὰρ
1367 2317 1551 2388 φόϐος.
1619 2319 1849 2374 ἐντολῶν
1875 2321 1975 2391 τήο

400 2417 577 2472 ρησις.

472 2579 678 2646 Καθὼς
706 2584 992 2652 οἰκτείροι
1035 2587 1233 2657 πατὴρ
1261 2590 1454 2657 υἱοὺς,
1509 2591 1838 2661 ᾠκτείρησε
1860 2594 1978 2648 Κύ-

401 2689 525 2740 ριος
551 2673 693 2740 τοὺς
745 2678 1156 2747 φοϐουμένους
1195 2683 1404 2737 αὐτόν.
1459 2682 1732 2756 Οίκτείρει
1795 2685 1979 2757 πατὴρ

404 2765 574 2827 υἱοὺς,
622 2770 1023 2839 προνοούμενος
1074 2770 1568 2841 πλημμελούντων,
1625 2774 1977 2847 ἀνεχόμενος,

405 2857 693 2923 νουθετῶν,
725 2861 1081 2929 παρακαλῶν,
1103 2863 1365 2930 ἀπειλῶν,
1417 2867 1817 2938 μακροθυμῶν,
1876 2888 1982 2939 μα-

408 2950 624 3019 στίζων,
655 2954 978 3025 θεραπεύων
1001 2973 1016 2988 ο
1041 2958 1135 3011 καὶ
1169 2960 1348 3013 πάντα
1389 2960 1526 3030 πρὸς
1580 2961 1865 3017 παίδευσιν
1882 2962 1981 3018 αὐ-

407 3043 538 3109 τῶν,
577 3045 671 3100 καὶ
710 3049 988 3120 σωτηρίαν
1009 3052 1560 3124 πραγματευόμενος.

481 3320 601 3374 Ὀτι
637 3323 821 3389 αὐτὸς
869 3321 1023 3394 ἔγνω
1075 3324 1145 3379 τὸ
1182 3325 1434 3397 πλάσμα
1478 3326 1667 3397 ἡμῶν.
1746 3328 1984 3395 Εἰκότως

411 3414 661 3485 ἀνέχεται
715 3417 811 3469 καὶ
853 3416 1367 3489 φιλανθρωπεύεται
1408 3439 1422 3454 ο
1478 3421 1571 3475 καὶ
1626 3422 1735 3493 γὰρ
1786 3420 1895 3478 εἶδε
1925 3423 1986 3477 τὸ

413 3506 540 3559 καθ’
569 3507 717 3575 ἡμᾶς
748 3508 995 3577 πλάσμα.
1027 3509 1109 3563 ὅτι
1138 3511 1386 3574 ἀσθενές.

496 3597 803 3669 Ἐμνήσθη
856 3601 946 3656 ὅτι
1008 3602 1158 3671 χοῦς
1213 3603 1421 3672 ἐσμεν.
1490 3605 1987 3675 Ἐφερμηνευτικδν

416 3688 573 3743 τοῦτο
605 3690 701 3745 τοῦ
742 3694 1170 3767 προρῤηθέντος.
1207 3693 1510 3765 Ἐμνήσθη,
1542 3697 1738 3765 φησιν,
1767 3697 1851 3750 ὅτι
1883 3699 1990 3753 ἀπὸ

418 3783 541 3855 χοὸς
571 3785 942 3857 ἐπλάσθημεν,
975 3786 1209 3842 αὐτόθεν
1234 3786 1528 3850 ἀσθενοῦς.
1566 3787 1759 3855 Ἔγνω
1814 3788 1870 3842 δὲ
1897 3793 1993 3845 καὶ

419 3876 728 3947 ἐμνήσθη,
766 3881 887 3936 ἀντὶ
935 3876 1100 3936 οἶδεν
1132 3897 1144 3914 υ
1198 3879 1396 3952 ἰδίωμα
1440 3879 1498 3933 δὲ
1549 3879 1645 3934 καὶ
1701 3879 1858 3934 τοῦτο
1897 3882 1995 3953 τῆς

432 3969 713 4046 Ἐὃραῐδος
745 3973 1046 4028 διαλέκτου.

502 4244 837 4311 Ἀνθρωπος
862 4239 1003 4295 ὡσεὶ
1034 4240 1251 4310 χόρτος
1279 4241 1345 4293 at
1371 4236 1587 4309 ἡμέραι
1634 4238 1840 4292 αὑτοῦ.
1902 4238 2004 4290 Εὐ-

2066 477 2455 535 recoucilietur
2489 476 2905 546 pmuiteutibus.

2140 570 2320 639 Neque
2361 572 2412 624 in
2452 570 2707 624 statutum
2731 566 3080 622 succensebtt.
3108 563 3368 620 Eamdem
3413 572 3636 619 scutcu‘

2066 665 2196 719 tiam
2229 661 2450 732 repetit,
2479 661 2573 716 sed
2608 660 2977 715 manifestius.

2138 754 2307 809 Vens.
2336 753 2425 807 10.
2465 750 2588 806 Νοη
2619 752 2908 806 secundum
2943 753 3247 823 iniquitates
3273 760 3483 803 nostras
3516 748 3637 816 fecit

2068 848 2237 909 nobis,
2271 860 2436 915 neque
2477 843 2769 899 secundum
2799 854 3015 912 peccata
3055 851 3238 896 nostra
3272 840 3516 894 retribuit
3546 855 3640 891 ne-

2067 940 2171 993 bis.
2205 936 2381 992 Veluti
2419 938 2634 1006 patiens
2657 943 2712 991 et
2737 937 2966 990 multum
3008 935 3344 989 misericors.
3380 931 3637 984 Eutmtcm

2068 1040 2250 1085 autem
2280 1043 2591 1085 sermonem
2626 1029 2693 1082 de
2730 1026 2916 1082 divina
2963 1024 3343 1081 misericordia
3377 1022 3638 1089 multipli-

2070 1124 2210 1178 citur
2257 1122 2508 1183 revolvit,
2538 1121 2921 1176 demonstrare
2955 1120 3204 1189 cupiens,
3244 1116 3387 1187 quod
3424 1128 3639 1170 summa

2069 1230 2132 1271 ea
2165 1215 2219 1267 in
2251 1229 2351 1269 nos
2373 1214 2517 1269 Deus
2544 1228 2677 1267 usus
2706 1218 2812 1266 est.

2146 1303 2313 1359 Vens.
2347 1305 2427 1358 ll.
2464 1303 2728 1370 Quoniam
2762 1303 3048 1357 secundum
3100 1299 3440 1355 altitudinem
3463 1299 3578 1352 (σειὶ
3610 1316 3641 1350 a

2074 1406 2213 1453 terra
2245 1396 2606 1450 corroboravit
2632 1394 3053 1449 misericordiam
3086 1411 3235 1448 suam
3268 1409 3423 1461 super
3456 1393 3642 1445 timen-

2074 1499 2148 1543 tes
2178 1505 2251 1542 se.
2285 1486 2584 1553 Quantum,
2622 1486 2821 1555 inquit,
2860 1494 2946 1541 est
2999 1486 3347 1541 intervallum
3411 1500 3438 1537 a
3505 1482 3644 1537 caelo

2076 1581 2131 1635 in
2208 1588 2408 1635 terram
2445 1619 2460 1643 ,
2535 1587 2745 1633 tantam
2825 1579 3092 1634 stabilivit
3144 1578 3288 1632 Deus
3340 1576 3648 1630 miscricor-

2076 1675 2221 1729 diam
2285 1688 2451 1743 Super
2526 1673 2783 1727 timentes
2835 1687 2917 1737 se,
2976 1670 3295 1725 immensam
3373 1667 3642 1729 videlicet,

2078 1775 2130 1820 ct
2159 1780 2278 1836 quae
2307 1762 2606 1833 conjectari
2653 1777 2762 1818 non
2814 1762 3012 1833 possit.
3069 1759 3179 1814 llac
3215 1769 3397 1812 autem
3430 1772 3649 1823 compa-

2076 1859 2288 1915 ratione
2316 1858 2592 1928 Propheta
2628 1872 2763 1913 usus
2797 1865 2903 1919 est,
2926 1870 3050 1909 cum
3084 1853 3262 1922 majus
3314 1849 3534 1919 aliquod
3565 1850 3652 1903 in-

2076 1950 2366 2007 tervallum
2400 1966 2508 2005 non
2567 1948 2891 2013 invenisset,
2937 1962 3045 2016 quo
3095 1946 3168 2000 in.
3196 1944 3503 2014 exetuplum
3540 1951 3653 1995 ute-

2074 2052 2248 2099 retur.

2153 2135 2318 2190 Vens.
2353 2134 2444 2189 12.
2505 2132 2777 2198 Quantum
2825 2133 2990 2186 distat
3044 2141 3191 2185 ortus
3251 2130 3314 2183 ab
3366 2128 3651 2192 occidente,

2078 2229 2228 2297 longe
2262 2228 2386 2298 fecit
2414 2244 2445 2279 α
2471 2228 2621 2280 nobis
2642 2226 2949 2294 iniquitates
2985 2234 3220 2276 nostras.
3249 2222 3288 2276 A
3326 2220 3480 2275 nobis
3505 2217 3651 2283 dico,

2078 2322 2403 2392 quicunque
2450 2335 2577 2375 eum
2645 2319 2930 2373 timemus.
2983 2316 3117 2369 Nam
3165 2314 3255 2368 ubi
3314 2314 3531 2367 divinus
3588 2315 3653 2364 ti-

2081 2427 2203 2466 mor
2255 2412 2430 2474 adest,
2493 2409 2603 2464 illic
2654 2417 2741 2463 est
2797 2408 2962 2463 etiam
3021 2404 3405 2459 mandatorum
3462 2402 3654 2456 obser-

2082 2504 2251 2557 vatio.

2152 2592 2317 2650 Vsus.
2362 2594 2444 2648 l5.
2476 2591 2752 2658 Quomodo
2782 2591 3061 2644 miseretur
3089 2599 3239 2658 pater
3266 2588 3525 2657 ﬁliorum,
3560 2586 3657 2638 mi-

2081 2699 2255 2743 sertus
2287 2695 2363 2740 est
2400 2684 2654 2739 Dominus
2683 2682 2984 2737 (iurantibus
3037 2697 3109 2735 se.
3161 2679 3447 2734 Miseretur
3505 2687 3657 2748 pater

2083 2779 2345 2836 ﬁliorum.
2381 2776 2793 2833 Providentiam
2848 2773 3048 2830 etenim
3113 2780 3166 2827 et
3201 2786 3388 2827 curam
3437 2771 3654 2824 illorum

2085 2871 2271 2932 habet,
2307 2878 2360 2925 et
2380 2869 2506 2923 licet
2531 2869 2584 2922 in
2610 2867 2797 2936 aliquo
2819 2865 3163 2935 delinquant,
3194 2862 3431 2918 sustinet
3450 2870 3655 2921 tamen,

2085 2963 2367 3025 admouet,
2391 2960 2735 3022 exhortatur,
2761 2959 3148 3019 comminatur,
3187 2953 3518 3025 longanimis
3550 2961 3657 3014 est,

2007 3061 2053 3124 C
2087 3053 2362 3119 verberat,
2398 3060 2577 3115 sanat,
2607 3062 2659 3108 et
2701 3050 2887 3106 omnia
2913 3048 3151 3119 denique
3188 3047 3256 3102 ad
3290 3046 3510 3101 illorum
3536 3058 3657 3097 cru~

2086 3150 2349 3206 ditionem
2386 3154 2438 3203 et
2504 3146 2737 3202 salutem
2802 3159 2966 3216 quam
2996 3141 3417 3214 diligentissime
3470 3136 3660 3193 madc-

2086 3250 2266 3297 ratur.

2161 3330 2424 3400 Quoniam
2452 3330 2562 3398 ipse
2590 3326 2824 3399 cognovit
2847 3325 3157 3396 ﬁgmentum
3179 3336 3435 3379 nostrum.
3473 3320 3665 3376 Merito

2092 3426 2326 3480 sustinet
2385 3438 2450 3478 ac
2481 3422 2797 3479 miseretur.
2836 3419 2998 3475 Novit
3031 3420 3173 3475 enim
3210 3420 3527 3488 ﬁgmentum
3570 3430 3670 3469 no—

2091 3527 2268 3574 strum
2293 3517 2474 3571 debile
2504 3531 2630 3570 esse
2667 3524 2831 3583 atque
2865 3513 3171 3568 infirmum.

2164 3607 2334 3663 Vens.
2372 3607 2457 3662 14.
2488 3605 2811 3660 Recordatus
2843 3614 2942 3669 est,
2973 3604 3222 3671 quoniam
3242 3602 3428 3670 pulvis
3460 3616 3665 3654 sumus.

2097 3703 2215 3760 Hoc
2247 3700 2312 3755 ad
2344 3698 2710 3769 praecedentis
2748 3697 2883 3750 dicti
2920 3694 3433 3763 interpretationem
3471 3708 3672 3748 consc-

2097 3793 2313 3864 quitur.
2346 3788 2617 3853 Meminit,
2651 3788 2854 3858 inquit,
2888 3786 3015 3856 quia
3048 3785 3116 3839 dc
3152 3790 3375 3855 pulvere
3416 3784 3667 3853 plasmali

2099 3896 2317 3949 sumus,
2353 3880 2422 3936 de
2466 3879 2712 3949 pulvere,
2747 3876 2999 3947 inquam,
3031 3875 3122 3943 qui
3157 3882 3350 3929 natura
3415 3887 3537 3936 sua,
3589 3880 3673 3926 le-

2101 3973 2373 4029 nuissima
2407 3970 2658 4042 quaedam
2707 3965 3301 4038 atque‘inﬁrmissim-t
3337 3980 3426 4020 res
3456 3971 3575 4019 est;
3608 3963 3674 4017 Et

2102 4065 2248 4136 quod
2281 4068 2376 4129 ait,
2405 4063 2713 4119 recordatus
2740 4071 2839 4121 est;
2875 4061 3057 4131 posuit
3117 4075 3213 4128 pro
3240 4058 3401 4112 novit.
3444 4057 3597 4111 Nam
3621 4065 3675 4111 et

2107 4158 2437 4212 hoc-idiouta
2466 4164 2549 4210 est
2586 4153 2862 4209 Hebraica:
2892 4152 3110 4222 linguae.

2183 4249 2354 4304 llomo
2384 4250 2514 4304 sicut
2536 4247 2697 4301 herba
2721 4245 2832 4298 dies
2854 4245 2990 4314 ejus.
3026 4242 3207 4297 Facile
3238 4242 3384 4298 enim
3415 4240 3680 4296 delicium

429 4334 698 4405 μάραντοι
739 4335 836 4388 καὶ
887 4333 1240 4403 πρόσκαιροι.
1292 4330 1541 4401 Ἦμέραν
1581 4330 1640 4383 δὲ
1695 4330 1844 4398 λέγει
1905 4330 1979 4399 τὴ

2112 4344 2387 4404 homines,
2435 4351 2492 4395 et
2542 4341 2595 4392 in
2646 4340 2753 4392 hac
2783 4338 2892 4391 vita
2928 4350 3042 4391 non
3077 4332 3194 4400 diu,
3232 4333 3329 4389 sed
3365 4331 3431 4386 ad
3467 4342 3680 4401 tempus

430 4424 594 4497 ζωήν.
629 4425 775 4479 Eiet
800 4427 829 4479 ὁ
856 4424 1111 4495 Σολομῶν
1149 4423 1299 4492 λέγει
1326 4441 1340 4455 ·
1381 4422 1544 4492 Μέγα
1595 4421 1881 4493 ἄνθρωπος
1906 4437 1979 4475 κα

2110 4444 2322 4489 tantum
2354 4440 2703 4502 permanent.
2737 4428 2839 4485 Per
2887 4429 3021 4483 dies
3072 4434 3275 4489 autem,
3328 4424 3496 4477 vitam
3585 4437 3681 4476 seu

432 4518 611 4586 τίμιον
638 4516 814 4585 ἀνήρ’
858 4515 935 4584 μὴ
965 4513 1224 4584 θορυὸᾔς.
1290 4512 1442 4568 Ἐπεὶ
1482 4511 1590 4581 γὰρ
1645 4509 1841 4580 διπλῆν
1894 4508 1979 4579 ἔχε

2111 4526 2233 4579 vita!
2272 4538 2493 4578 cursum
2527 4520 2800 4590 intelligit.
2836 4518 2991 4585 Quod
3034 4518 3080 4573 si
3111 4516 3369 4570 Salomon
3403 4514 3680 4569 hominem

430 4610 531 4679 τὴν
567 4607 919 4679 κατασκευὴν
949 4606 1261 4677 ἄνθρωπος,
1316 4604 1417 4674 τὴν
1477 4604 1576 4673 μὲν
1644 4602 1707 4667 ἐξ
1756 4602 1978 4657 εὐτελοῦ

2113 4628 2374 4682 maguum
2411 4626 2534 4666 esse
2567 4610 2722 4675 dicit,
2755 4619 2810 4664 et
2837 4607 2969 4678 quid
3021 4606 3422 4667 venerandum,
3486 4620 3554 4659 ne
3585 4604 3685 4655 mi-

431 4701 577 4772 χοὸς,
600 4700 699 4772 τὴν
726 4699 785 4752 δὲ
828 4702 893 4753 ὲκ
922 4694 1316 4762 ζωοποιοῦντος
1361 4694 1756 4764 ὲμφυσήματος
1798 4709 1812 4722 ·
1862 4692 1979 4757 ὲξου

2114 4704 2272 4758 reris.
2308 4700 2381 4754 Ex
2415 4701 2622 4771 duplici
2653 4700 2859 4756 etenim
2901 4705 3164 4767 apparatu
3198 4695 3364 4749 homo
3404 4693 3687 4750 coniectus

433 4792 682 4847 δενοῦται
714 4795 813 4862 μὲν
862 4790 950 4844 διὰ
978 4790 1038 4844 τὸ
1069 4786 1165 4841 τοῦ
1194 4786 1447 4856 σώματος
1495 4785 1786 4855 ἐπίκηρον,
1842 4801 1979 4855 μεγα

2112 4802 2219 4857 est,
2248 4811 2314 4849 ex
2338 4793 2560 4862 pulvere
2589 4792 3056 4859 nimirumatque
3081 4804 3149 4844 ex
3185 4786 3402 4842 vivitica
3464 4787 3554 4840 illa
3591 4786 3685 4840 Dei

435 4885 656 4938 λύνεται
683 4883 742 4937 δὲ
773 4878 951 4936 διὰτὸ
972 4881 1239 4934 ἀθάνατον
1261 4878 1362 4947 τῆς
1401 4876 1582 4947 ψυχῆς
1612 4892 1626 4907 ·
1661 4878 1757 4930 καὶ
1818 4875 1979 4946 ἀτιμά

2116 4886 2422 4956 Spiratione
2457 4902 2472 4939 :
2506 4884 2653 4939 unde
2687 4893 2907 4939 terrena
2957 4881 3049 4935 illa
3080 4880 3331 4951 corporis
3397 4894 3526 4945 pars
3570 4877 3692 4929 vili-

437 4977 593 5041 ζεται
634 4976 736 5046 μὲν
766 4975 854 5030 διὰ
890 4974 951 5028 τὸ
972 4973 1221 5028 ὲπίνοσον
1266 4970 1362 5024 καὶ
1420 4969 1735 5041 μοχθηρὸν,
1790 4970 1979 5037 τιμᾶτε

2117 4978 2394 5047 penditur,
2436 4975 2542 5029 alia
2583 4983 2768 5030 autem
2822 4972 3130 5043 spiritualis
3181 4986 3245 5025 ac
3290 4970 3534 5025 caelestis
3580 4984 3694 5020 tua-

439 5068 495 5120 δὲ
536 5066 624 5120 διὰ
646 5065 745 5128 τὰς
770 5063 975 5136 ἀρετὰς
1030 5063 1124 5116 καὶ
1173 5060 1242 5116 τὰ
1301 5057 1741 5129 κατορθώματα’
1785 5059 1882 5111 καὶ
1935 5060 1979 5113 ὅτ

2118 5068 2429 5135 gnilicatur,
2453 5075 2677 5138 propter
2705 5064 2902 5120 animae
2923 5064 3181 5119 nimirum
3205 5060 3690 5117 immortalitatem.

443 5161 728 5229 φυλάττων
761 5158 861 5230 μὲν
892 5156 994 5226 (9),
1018 5156 1184 5210 εἰκών
1226 5157 1344 5208 ἐστι
1387 5153 1546 5219 Θεοῦ,
1580 5152 1676 5207 καὶ
1739 5152 1979 5221 βασιλεία

2120 5157 2202 5214 Oh
2244 5158 2498 5230 proprias
2529 5159 2696 5230 igitur
2727 5157 3086 5226 infirmitates
3140 5168 3206 5206 ac
3262 5151 3477 5204 labores
3531 5149 3694 5200 homo

442 5252 686 5324 οὐρανῶν
720 5250 1056 5321 κληρονόμος
1099 5246 1456 5317 παραϐαίνων
1486 5245 1566 5309 δὲ,
1617 5242 1802 5309 δοῦλος
1835 5245 1979 5315 ἁμαρ

2121 5250 2511 5316 inhonoratur,
2546 5250 2803 5320 idemque
2841 5248 2912 5303 ob
2943 5247 3172 5299 virtutes
3198 5251 3252 5296 et
3296 5251 3519 5297 strenua
3551 5237 3693 5292 facta

444 5347 586 5411 τίας,
611 5346 706 5398 καὶ
740 5342 991 5414 βασάνων
1029 5338 1352 5402 ὑπεύθυνος.

2131 5341 2367 5397 habetur
2403 5343 2460 5397 in
2492 5343 2722 5398 honore.
2753 5335 3113 5395 Obscrvando
3154 5332 3356 5388 etenim
3416 5329 3696 5391 tuandata,

447 5442 623 5510 imago
658 5438 751 5492 Dei
791 5443 901 5503 est,
933 5446 986 5489 et.
1021 5435 1194 5490 hazres
1229 5431 1383 5503 regni
1428 5429 1740 5497 calorum;
1786 5445 1910 5499 quae
1953 5430 1997 5485 si
2039 5437 2497 5505 trausgrediatur,
2542 5443 2597 5492 et
2624 5448 2817 5493 servus
2852 5429 3037 5488 statim
3065 5425 3296 5482 etlieitur
3348 5423 3584 5494 peccati,
3639 5431 3695 5477 ct.

447 5532 834 5603 suppliciorum
870 5545 1018 5586 reus.

1770 5614 1970 5677 Variae
2004 5613 2329 5678 lectiones.

522 5729 600 5800 κει)
631 5727 831 5798 Supple
860 5725 958 5790 τὰς
989 5722 1229 5785 ἐντολάς.
