4076 6204
463 221 606 286 1015

459 436 512 481 ct
544 428 772 497 pulchra
806 431 1008 497 specie,
1042 446 1163 483 mox
1199 435 1545 504 separatione
1575 435 1770 490 anima:
1812 432 2025 491 tabefa-

459 528 581 574 etus
630 529 683 573 et
710 530 1019 587 corruptus.

533 632 698 688 Vens.
730 634 812 686 t5.
852 633 1112 697 Quoniam
1139 639 1361 705 spiritus
1405 644 1742 709 pertransioit
1800 646 1855 698 in
1911 645 2026 700 illo.

459 720 806 794 Quaecunque
836 741 1038 789 aerem.
1072 744 1166 784 seu
1188 731 1440 800 spiritum
1475 735 1727 804 trahunt;
1749 745 1798 790 et
1836 739 2027 792 remit-

459 816 603 879 tunt,
648 818 1029 887 corruptibilia
1093 833 1245 877 sunt.
1282 818 1378 877 Vel
1434 840 1532 895 per
1567 827 1841 896 spiritum,
1905 829 2028 883 ani-

459 922 599 960 mam
661 909 945 979 intelligo,
990 928 1112 981 qua:
1152 914 1206 968 in
1248 916 1568 972 universum
1635 934 1837 988 corpus
1900 936 2027 990 per-

456 996 689 1064 transit,
732 1007 785 1053 et
826 1009 1035 1058 statuto
1074 1018 1138 1057 ac
1179 1005 1547 1062 dcterminato
1585 1016 1831 1079 tempore
1863 1012 1934 1067 ab
1959 1029 2025 1068 eo

457 1088 588 1142 (xit.

525 1200 596 1256 Et
626 1220 729 1258 non
752 1206 1020 1265 subsistet.
1049 1210 1106 1265 ln
1128 1214 1378 1281 praesenti
1400 1214 1611 1271 scilicet
1636 1217 1744 1272 vita
1766 1218 2026 1287 moriens,

457 1299 514 1345 ut
548 1291 734 1347 homo.

524 1401 591 1454 Et
633 1419 734 1456 non
778 1418 1052 1474 cognoscet
1084 1411 1309 1477 amplius
1342 1413 1512 1466 locum
1544 1432 1717 1470 suam.
1751 1416 1829 1471 Ad
1864 1418 2024 1472 aliam

455 1490 770 1561 demigrans
798 1497 1217 1557 habitationem.
1276 1504 1380 1557 Sed
1414 1520 1589 1573 neque
1644 1509 1781 1578 ipse,
1822 1510 2025 1579 inquit,

456 1584 702 1651 Spiritus,
736 1588 836 1643 hoc
865 1597 968 1657 est,
1004 1592 1121 1662 ipsa
1154 1595 1357 1660 anima,
1397 1599 1559 1651 simul
1588 1614 1653 1654 ac
1701 1601 1864 1670 hujus
1898 1618 2025 1657 cor-

454 1678 604 1742 poris
638 1680 857 1735 vincula
892 1687 1296 1751 pertransierit,
1348 1690 1617 1746 subsistet
1679 1695 1918 1764 ampiius
1968 1696 2022 1749 in

456 1768 576 1836 ipso
601 1783 853 1838 corpore,
882 1783 976 1828 aut
1017 1777 1129 1831 illic
1174 1782 1410 1847 amplius
1447 1782 1736 1851 habitabit,
1773 1802 1874 1841 nec
1928 1804 2022 1842 co-

1678 235 2062 297 EU'I‘HYMH
2100 235 2470 298 ZIGABENI

537 333 813 405 Tanquam
839 336 936 405 ﬂos
962 340 1075 406 agri
1104 342 1181 392 sic
1210 342 1481 411 e/ﬂorcbit.
1520 342 1676 398 Modo
1730 344 2034 407 formosus,
2069 352 2109 406 Α

3584 246 3728 310 1016

2224 343 2382 396 Ὠιι-εὶ
2417 342 2601 409 ἄνθος
2655 345 2761 399 τοῦ
2790 340 2980 418 ὰῃοοῦ
3014 349 3201 417 οὕτως
3227 351 3573 419 Mar-Otiosi.
3604 356 3725 409 Νὗν

2138 434 2237 503 μὲν
2266 436 2466 505 ὡραῖος
2498 436 2594 501 ὣν,
2639 437 2868 509 ὕστερον
2909 441 2966 494 δὲ
3021 444 3423 515 μαραινόμενος
3467 449 3561 501 καὶ
3604 450 3724 505 δια-

2142 524 2494 596 ιροειρόμενος
2526 527 2667 581 κατὰ
2695 530 2796 600 τὴν
2832 531 3121 597 διάζευξιν.

2213 640 2343 693 ’Ὁτι
2390 640 2628 710 πνεῦμα
2674 642 2927 711 διῆλθεν
2975 645 3046 698 ἐν
3099 646 3280 712 αὐτῷ.
3338 651 3454 703 Πᾶν
3507 652 3616 722 γὰρ
3666 654 3729 705 τὸ

2142 730 2292 783 σπῶν
2329 731 2468 802 ἀέρα
2516 733 2939 801 διαυλωνίζοντα
2969 736 3211 809 φθαρτόν
3262 739 3412 793 ἐστιν
3435 757 3452 773 ·
3494 741 3525 812 ἦ
3564 745 3730 796 ττνεῦ-

2142 837 2218 890 μα
2260 822 2359 892 τὴν
2405 823 2583 896 ψυχὴν
2634 826 3000 896 ὑποληπτέον,
3044 830 3406 902 διηθουμένην
3448 834 3569 887 ὅλου
3628 836 3731 888 τοῦ

2141 912 2416 983 σώματος,
2471 916 2745 972 καὶκατὰ
2782 918 2875 975 τὸν
2941 920 3248 992 ὡρισμένον
3307 924 3501 994 καιρὸν
3571 926 3732 997 ἒξερο

2138 1003 2399 1074 χομὲνην.

2210 1202 2318 1259 Καὶ
2367 1208 2481 1278 οὐκ
2533 1205 2808 1280 ὑπάρξει.
2843 1210 2999 1268 Κατὰ
3024 1216 3117 1268 τὸν
3145 1215 3391 1288 παρόντα
3424 1217 3559 1290 βίον,
3594 1223 3732 1275 ἀπὸ·

2139 1297 2395 1369 θνήσκων
2415 1302 2443 1353 ὁ
2480 1302 2577 1357 ἄνθ
2587 1320 2790 1374 ρωπος.

2211 1415 2319 1468 Καὶ
2361 1417 2473 1470 οὐκ
2522 1418 2913 1487 ἐπιγνώσεται
2959 1422 3045 1476 ἔτι
3102 1425 3212 1477 τὸν
3261 1428 3449 1480 τόπον
3517 1431 3733 1485 αὐτο-ὗ.

2139 1502 2285 1574 Πρὸς
2315 1507 2506 1577 ἑτέραν
2536 1512 2824 1565 κατοικίαν
2850 1517 3278 1581 μεταναστεύων
3303 1536 3316 1549 ο
3347 1519 3469 1572 ἀλλ’
3522 1524 3642 1575 οὖῖὲ
3671 1525 3732 1576 :5

2138 1594 2378 1664 πνεῦμα,
2407 1594 2574 1668 ἤγουν
2604 1600 2636 1669 ὴ
2676 1600 2845 1671 ψυχὴ,
2878 1603 3087 1657 διελθὸν
3124 1606 3215 1658 τὸν
3243 1607 3442 1678 δεσμὸν
3476 1610 3571 1661 τοῦ
3620 1614 3732 1663 σῶα

2140 1702 2330 1755 ματος,
2358 1688 2653 1757 ἐνυπάρξει
2676 1691 2872 1762 τούτῳ,
2901 1695 3019 1747 οὐδὲ
3045 1700 3491 1770 κατασκηνώσει,
3539 1707 3731 1771 καθὼς

2136 1778 2229 1828 καὶ
2258 1778 2526 1848 πρότερον
2550 1794 2565 1812 ο
2597 1780 2718 1834 οὐδὲ
2748 1783 3119 1851 ἐπιγνώσεται
3143 1790 3231 1842 τον
3262 1793 3429 1845 τόπον
3457 1797 3551 1863 τῆς
3591 1814 3731 1849 κατ-

455 1870 685 1927 gnoscet
742 1863 922 1919 locum
970 1867 1328 1927 habitationis
1385 1890 1516 1939 sua},
1554 1878 1731 1948 ipsum
1764 1883 2018 1937 nimirum

2125 1868 2300 1927 οικίας
2363 1871 2552 1938 αὑτοῦ,
2580 1874 2722 1941 λέγω
2749 1874 2890 1931 δὲτὸ
2923 1879 3081 1948 σῶμα
3119 1899 3132 1912 ·
3168 1886 3215 1934 εἰ
3252 1886 3360 1955 γὰρ
3421 1889 3517 1939 καὶ
3578 1893 3729 1944 κατὰ

448 1964 674 2018 corpus.
702 1952 857 2021 Nam,
887 1957 993 2011 etsi
1053 1961 1251 2015 animm
1304 1968 1727 2022 resurrectionis
1770 1979 2023 2042 tempore

450 2042 670 2110 propria
710 2060 939 2116 corpora
965 2051 1074 2105 sint
1099 2065 1427 2124 recepturre,
1468 2076 1573 2114 non
1609 2071 1789 2117 tamen
1832 2068 2020 2122 eadem

449 2134 714 2199 recipient
744 2143 1088 2209 corruptioni
1123 2148 1358 2215 amplius
1388 2152 1656 2219 subjecta,
1695 2167 1790 2209 aut
1841 2168 2021 2211 mutn-

449 2220 695 2277 tinnibus
732 2224 970 2280 obnoxia
1010 2246 1023 2282 :
1058 2232 1203 2287 unde
1241 2238 1438 2291 merito
1470 2240 1538 2292 ob
1568 2241 1884 2311 hujusmodi
1918 2247 2021 2299 im-

448 2315 802 2369 mutationem
834 2332 896 2371 ea
921 2322 1155 2391 amplius
1183 2342 1292 2381 non
1324 2345 1680 2399 cognoscent.

517 2422 683 2481 Vens.
722 2429 807 2485 16.
840 2430 1211 2491 Misericordia
1248 2453 1422 2495 autem
1452 2445 1661 2501 Domini
1685 2468 1717 2502 a
1745 2453 1936 2506 διυειιίο
1968 2455 2019 2507 in

443 2702 667 2758 saeculo.
730 2703 999 2777 Perpetua
1054 2712 1200 2767 enim
1248 2716 1336 2771 hic
1435 2728 1601 2791 atque
1651 2723 1763 2779 illic
1799 2736 1882 2783 est
1924 2728 2017 2783 Dei

446 2790 851 2864 misericordia,
901 2810 956 2855 et
991 2817 1275 2875 nunquam
1309 2813 1576 2868 cessabit.
1614 2813 1750 2870 Nam
1780 2829 1832 2872 et
1864 2819 1955 2873 hic
1987 2834 2017 2873 a

445 2887 809 2950 praesentibus
836 2907 938 2949 nos
967 2896 1133 2965 eripit
1166 2900 1454 2968 periculis,
1499 2915 1552 2960 et
1600 2907 1715 2963 illic
1742 2925 1771 2962 a
1803 2913 2016 2983 suppli-

440 2976 543 3031 ciis
592 2978 789 3036 liberat
840 2988 1086 3043 aeternis.
1143 2989 1238 3047 Est
1272 3008 1452 3051 autem
1490 2998 1605 3059 haec
1635 3002 2015 3062 misericordia

441 3083 608 3137 super
642 3088 758 3135 eos,
791 3077 883 3143 qui
916 3078 1114 3134 timent
1146 3082 1460 3142 Dominum.

438 3228 459 3239 _
515 3158 678 3216 Vens.
712 3164 800 3218 17.
842 3166 911 3219 Et
953 3170 1175 3236 justilia
1214 3175 1359 3229 illius
1394 3180 1447 3231 in
1475 3180 1604 3248 ﬁliis
1633 3183 1891 3251 ﬁliorum.
1919 3188 2016 3244 Ju-

446 3248 651 3304 stitiam
684 3253 845 3320 dixit,
894 3273 995 3326 pro
1028 3264 1396 3322 retributione
1456 3270 1724 3328 bonorum
1762 3291 2012 3347 operum.

439 3338 519 3392 Ad
546 3340 691 3397 hunc
725 3346 869 3399 enim
904 3363 1131 3404 sensum
1176 3356 1539 3422 Symmachus
1573 3368 1875 3423 transtulit.
1929 3371 2019 3427 Di-

441 3432 515 3485 ("it
547 3432 716 3503 igitur
738 3438 886 3507 quod
911 3440 1231 3511 hujusmodi
1267 3448 1486 3517 justitia
1520 3467 1786 3526 perpetua
1824 3474 1928 3530 est,
1962 3474 2016 3520 et

440 3525 585 3591 quod
642 3542 740 3596 per
792 3538 1105 3603 temporum
1161 3545 1568 3611 successiones,
1600 3548 1726 3606 filiis
1779 3554 2014 3613 ﬁliorum

440 3616 727 3683 retribuet,
758 3621 851 3688 iis,
872 3622 1122 3694 inquam,
1147 3629 1296 3695 ﬁliis,
1324 3636 1415 3702 qui
1442 3636 1603 3704 juxta
1626 3653 1843 3708 patrum
1871 3648 2011 3703 viam

438 3708 861 3769 ambulaverint.
898 3717 1106 3776 Deinde
1141 3739 1235 3779 eos
1264 3727 1437 3795 ponit,
1471 3733 1615 3801 apud
1649 3751 1790 3805 quos
1819 3739 2013 3809 hujus-

439 3799 584 3855 modi
607 3803 825 3872 juSIitia
862 3813 1147 3879 reperitur.

508 3912 590 3969 Iis
617 3919 708 3987 qui
754 3932 966 3977 servant
997 3933 1370 3984 testamentum
1413 3933 1549 4001 ejus.
1602 3936 2009 3999 Testamentum

433 4005 559 4061 dico
591 4008 903 4068 divinorum
959 4018 1369 4087 mandatorum,
1423 4026 1570 4092 quod
1604 4029 1878 4101 disposuit
1912 4052 2012 4105 pro

435 4101 712 4170 adoptatis
747 4107 851 4161 sibi
895 4109 1048 4176 filiis,
1074 4115 1355 4183 pollicitus
1382 4133 1478 4188 per
1503 4120 1636 4177 illud
1666 4124 1745 4179 eis
1782 4101 2013 4183 liwredi-

435 4199 624 4251 tatem.

503 4306 672 4364 Vens.
714 4311 798 4367 i8.
844 4313 913 4367 Et
947 4330 1198 4372 memores
1230 4332 1351 4376 sunt
1384 4326 1763 4383 mandatorum
1820 4333 2009 4402 ipsius,

434 4409 493 4452 ut
529 4401 736 4468 faciant
786 4422 872 4460 ea.
904 4407 1031 4473 Qui,
1065 4413 1268 4483 inquit,
1305 4432 1576 4477 memores
1618 4432 1774 4486 sunt.
1808 4442 1914 4480 non
1947 4436 2011 4482 ut

433 4506 496 4545 ea
532 4493 708 4549 sciant
739 4498 1085 4568 simpliciter,
1123 4506 1221 4561 sed
1255 4514 1314 4560 ut
1344 4524 1510 4578 opere
1545 4518 1851 4583 perficiant.
1884 4519 2009 4578 Filii

2125 1959 2222 2028 τὴν
2282 1962 2582 2015 ἀνάστασιν
2647 1967 3135 2036 ἀπολαμϐάνουσιν
3184 1975 3238 2025 αἱ
3292 1976 3463 2047 ψυχαὶ
3504 1979 3571 2031 τὰ
3616 1981 3727 2032 ἴδια

2126 2052 2373 2120 σώματα,
2406 2055 2521 2107 ἀλλ’
2556 2056 2654 2126 οὐχ
2695 2055 2783 2111 οἷα
2819 2062 3084 2133 πρότερον
3138 2061 3297 2133 ἦσαν,
3373 2070 3722 2138 ὑποκείμεναι

2125 2143 2325 2213 φθορᾷ,
2349 2146 2443 2199 καὶ
2477 2151 2702 2217 τροπαῖς
2722 2167 2737 2181 ⁸
2778 2153 3007 2217 εἰκότως
3031 2151 3125 2208 οὖν
3150 2157 3235 2210 διὰ
3266 2160 3360 2229 τὴν
3420 2162 3724 2234 ὲναλὶαγὴν

2124 2238 2221 2288 οὐκ
2255 2239 2677 2309 ἐπιγινώσκωσι
2700 2246 2895 2302 ταῦτα.

2202 2429 2273 2484 Τὸ
2307 2432 2375 2486 δὲ
2396 2435 2569 2503 ἕλεος
2599 2441 2707 2495 τοῦ
2741 2443 2963 2510 Κυρίου
3013 2448 3135 2501 ἀπὸ
3184 2452 3293 2506 τοῦ
3338 2452 3550 2522 αἰῶνος
3618 2476 3719 2512 και

2121 2520 2230 2587 ἕως
2259 2524 2366 2577 τοῦ
2392 2526 2607 2609 αίῶινος
2632 2531 2731 2585 ἐπὶ
2754 2533 2881 2600 τοῖς
2905 2537 3302 2609 φοϐουμένοις
3332 2520 3542 2600 αὐτόνξ
3580 2547 3718 2601 Ἀπὸ

2120 2613 2213 2666 τοῦ
2238 2598 2511 2685 παρόντοξ
2531 2621 2726 2686 αἰῶνος
2750 2625 2845 2676 καὶ
2876 2625 2981 2690 ἕως
3003 2630 3097 2683 τοῦ
3125 2632 3436 2701 μέλλοντος,
3465 2642 3717 2692 τουτέστι

2120 2705 2215 2757 καὶ
2270 2708 2329 2759 ἐν
2367 2708 2445 2779 τῷ
2490 2715 2745 2780 παρόντι,
2792 2716 2887 2769 καὶ
2928 2719 2987 2772 ἐν
3027 2721 3105 2792 τῷ
3154 2724 3431 2793 μέλλοντι’
3483 2733 3576 2782 καὶ
3609 2725 3729 2789 ὦδε.

2118 2796 2284 2848 κάκεῖ
2311 2796 2577 2868 διηνεκῶς
2605 2801 2772 2870 ἐλεεῖ,
2806 2806 2899 2859 καὶ
2942 2809 3203 2866 οὐδέποτε
3252 2812 3525 2871 παύσεται
3552 2836 3566 2849 ο
3624 2821 3713 2871 ὲν-

2118 2887 2289 2941 ταῦθα
2322 2890 2421 2960 μὲν
2447 2891 2554 2946 τῶν
2584 2895 2821 2952 ἐνταῦθα
2856 2901 3120 2957 κινδύνων
3161 2907 3453 2977 ῥυόμενος,
3485 2910 3607 2963 τότε
3658 2908 3713 2965 δὲ

2117 2981 2225 3033 τῶν
2255 2982 2376 3035 τότε
2434 2985 2814 3059 κολαστηρίων
2875 2992 3311 3066 ἐξαιρούμενος’
3369 3000 3485 3055 ἔστι
3551 3003 3607 3056 δὲ
3653 3006 3714 3058 τὸ

2116 3074 2359 3130 τοιοῦτον
2396 3077 2547 3142 ἔλεος
2584 3081 2749 3135 αὑτοῦ
2787 3086 2846 3137 ἐν
2871 3088 2986 3151 τοῖς
3017 3090 3377 3161 φοϐουμένοις
3411 3096 3597 3149 αὐτόν.

2189 3166 2359 3237 Καὶή
2412 3169 2773 3243 δικαιοσύνη
2809 3177 2998 3233 αὐτοῦ
3027 3181 3127 3234 ἐπὶ
3177 3184 3330 3250 υἱοῖς
3378 3185 3549 3242 υἱῶν.
3601 3188 3712 3241 Καὶ

2120 3258 2322 3331 ἀμοιϐὴ
2363 3262 2472 3316 τῶν
2504 3267 2949 3337 κατορθωμάτων
2977 3288 2991 3303 ·
3030 3270 3175 3328 οὕτω
3205 3276 3314 3348 γὰρ
3342 3279 3371 3331 ὁ
3407 3279 3711 3351 Σύμμαχος

2118 3348 2369 3416 ἐξέδωκε.
2398 3354 2564 3425 Λέγει
2590 3361 2793 3430 τοίνυν,
2830 3363 2912 3417 ὅτι
2936 3365 3085 3438 καὶὴ
3114 3368 3340 3441 τοιαύτη
3387 3348 3710 3442 audacem

2117 3445 2318 3514 ὁμοίως
2349 3450 2468 3503 ἐστὶ
2521 3451 2801 3526 διηνεκὴς,
2862 3460 3004 3513 κατὰ
3045 3462 3301 3534 διαδοχὴν
3348 3469 3707 3537 παρεχομένη

2116 3540 2230 3601 τοῖς
2258 3540 2394 3606 υίοῖς
2414 3543 2523 3598 τῶν
2564 3546 2699 3600 υἱῶν
2735 3565 2749 3579 ·
2776 3551 2873 3604 καὶ
2900 3546 3074 3617 οὕτως
3140 3557 3340 3628 ἐφεξῆς
3405 3560 3671 3612 ὁδεύουσα
3695 3579 3709 3592 ·

2117 3631 2213 3684 καὶ
2243 3634 2482 3690 ἐνταῦθα
2511 3638 2674 3693 κάκεῖ
2713 3642 2938 3708 τούτους
2972 3647 3068 3700 τοῦ
3114 3648 3248 3703 Θεοῦ
3294 3651 3670 3721 ἀμειϐομένου
3693 3668 3707 3686 ⁸

2114 3719 2236 3777 εἶτα
2291 3726 2440 3796 λέγει
2490 3732 2587 3785 καὶ
2633 3734 2728 3787 ἐπὶ
2781 3735 2923 3791 τίσιν
2970 3739 3118 3794 ἐστὶν
3158 3742 3190 3813 ὴ
3236 3719 3465 3814 ῥηθεῖσα
3491 3719 3707 3800 δικαιο-

2117 3816 2274 3888 σύνη.
3382 3896 3389 3903 ι

2189 3920 2323 3995 Τοῖς
2379 3933 2783 4000 φυλάσσουσι
2843 3936 2960 4006 τὴν
3024 3938 3425 4012 δικαιοσύνην
3488 3947 3703 4001 αὐτοῦ.

2115 4019 2227 4091 Τὴν
2253 4021 2519 4094 διαθήκην
2550 4027 2659 4081 τῶν
2690 4028 2947 4095 ἐντολῶν,
2992 4032 3061 4097 ἣν
3125 4033 3335 4087 διέθετο
3404 4037 3545 4106 ὑπὲρ
3589 4038 3705 4090 τῶν

2115 4110 2709 4190 υίοποιηθέντωναῦτῴ
2740 4121 3129 4193 κληρονομίαν,
3186 4126 3374 4191 αὐτοῖς
3433 4130 3701 4199 ἐπαγγει-

2114 4202 2346 4273 λάμενος
2370 4206 2436 4260 δι’
2462 4208 2658 4279 αὐτῆς.

2184 4318 2294 4375 Καὶ
2344 4323 2750 4391 μεμνημένοις
2805 4326 2923 4380 τῶν
2976 4329 3244 4388 ἐντολῶν
3295 4338 3483 4392 αὑτοῦ
3508 4380 3523 4400 ,
3592 4340 3700 4392 τοῦ

2114 4407 2361 4475 ποιῆσαι
2416 4414 2623 4479 αὑτάς.
2657 4416 3045 4487 Μεμνημένοις
3100 4422 3302 4487 αὐτῶν,
3353 4418 3454 4478 οὒκ
3496 4426 3587 4478 ἐπὶ
3617 4429 3699 4497 τῷ

2117 4498 2407 4566 γινώσκειν
2455 4502 2663 4566 ἁπλῶς,
2730 4504 2846 4558 ἀλλ’
2897 4507 2991 4560 ἐπὶ
3028 4508 3106 4579 τῷ
3145 4510 3437 4583 πληρῶσαι
3494 4514 3692 4579 αὑτάς.

432 4593 619 4637 autem
684 4587 941 4655 ﬁliorum,
1000 4609 1109 4649 non
1164 4606 1375 4654 tantum
1408 4602 1443 4657 ii
1473 4615 1622 4671 sunt,
1655 4610 1744 4678 qui
1784 4625 1880 4680 per
1913 4629 2007 4669 co-

2121 4589 2232 4643 Υἱοὶ
2257 4591 2315 4643 δὲ
2350 4593 2482 4646 υἱῶν
2512 4595 2573 4646 οὐ
2600 4594 2759 4665 μόνον
2785 4598 2998 4653 οἱκατὰ
3039 4601 3291 4674 διαδοχὴν
3341 4607 3690 4674 συγγενείας,

430 4676 710 4739 gnationis
739 4684 1150 4740 successionem
1178 4700 1534 4758 generantur,
1570 4697 1665 4752 sed
1701 4700 1780 4753 illi
1815 4703 2003 4773 etiam,

429 4764 523 4827 qui
553 4764 773 4832 pietatis
797 4784 860 4824 ac
893 4773 1174 4844 religionis
1208 4779 1453 4839 liaaredes
1494 4794 1645 4852 sunt,
1675 4804 1740 4844 ac
1775 4807 2003 4849 succes-

430 4868 609 4911 SOTCS.

500 4946 668 5007 Vens.
702 4951 787 5011 t9.
821 4956 1077 5015 Dominus
1100 4964 1153 5018 in
1187 4967 1314 5021 caelo
1335 4972 1541 5036 paravit
1558 4975 1803 5029 thronum
1827 4990 2003 5033 suum.

428 5039 531 5106 Qui
565 5044 734 5113 igitur
762 5049 909 5107 illius
941 5054 1141 5110 throno
1181 5062 1445 5119 assistere
1474 5070 1726 5136 cupiunt,
1763 5071 2006 5139 cogitent

425 5134 697 5203 coelestia,
734 5150 789 5195 et
815 5151 1041 5201 terrena
1075 5150 1404 5220 despiciant.
1448 5157 1755 5213 Denntatur
1811 5173 1998 5216 autem

428 5226 516 5282 his
535 5232 716 5287 verbis
734 5251 948 5292 summa
975 5240 1066 5294 Dei
1096 5245 1390 5301 celsitudo.
1424 5248 1488 5301 Et
1520 5251 1645 5305 vide
1678 5254 1731 5306 in
1760 5255 2005 5309 sccumlo

424 5322 641 5386 psalmo
674 5330 1076 5397 expositionem
1115 5338 1271 5393 illitts
1322 5342 1582 5397 versiculi
1619 5362 1633 5400 :
1662 5345 1765 5410 Qui
1797 5347 2004 5401 habitat

421 5413 478 5466 in
503 5419 647 5473 castis
683 5421 949 5481 irridebit.

494 5591 566 5647 Et
603 5610 820 5667 regnum
846 5603 1016 5671 ipsius
1070 5608 1310 5662 omnibus
1373 5606 1755 5665 dominabitur.
1816 5611 2001 5668 Veluti

2106 4685 2241 4739 ἀλλὰ
2272 4688 2365 4740 καὶ
2397 4689 2447 4740 οε
2484 4690 2628 4744 κατὰ
2678 4690 2929 4764 διαδοχὴν
2973 4695 3255 4764 εὐσεϐείας
3289 4701 3383 4756 καὶ
3434 4703 3694 4774 ἐναρέτου

2107 4778 2406 4843 πολιτείας.

2176 4965 2389 5033 Κύριος
2441 4966 2512 5021 ἐν
2565 4962 2646 5034 τῷ
2704 4972 2940 5039 οὐρανῷ
2986 4974 3280 5043 ἡτοίμασε
3324 4977 3433 5030 τὸν
3470 4982 3692 5047 θρόνοι*

2106 5058 2312 5113 αὐτοῦ.
2354 5062 2557 5116 Λοιπὸν
2575 5064 2624 5116 οἰ
2657 5062 2737 5133 τῷ
2768 5064 2944 5135 θρόνῳ
2974 5067 3141 5119 αὐτοῦ
3174 5072 3527 5140 παραστῆναι
3563 5070 3690 5139 βου-

2105 5149 2320 5219 λόμενοι
2378 5152 2603 5222 οὐράνια
2660 5156 3053 5224 φρονείτωσαν,
3116 5159 3225 5211 τῶν
3306 5161 3512 5229 γηΐνων
3584 5178 3689 5215 κα-

2106 5242 2508 5312 ταφρονοῦντες
2541 5262 2554 5277 ·
2591 5246 2653 5299 τὸ
2689 5246 2822 5316 ὕψος
2851 5250 2908 5303 δὲ
2940 5251 3039 5321 τῆς
3087 5251 3364 5321 βασιλείας
3421 5255 3514 5307 τοῦ
3549 5255 3687 5307 Θεοῦ

2106 5332 2168 5385 τὸ
2201 5335 2363 5403 ῥητὸν
2396 5335 2675 5405 ἐμφαίνει.
2721 5341 2965 5410 Ζήτησον
2990 5344 3045 5397 δὲ
3072 5345 3167 5398 καὶ
3191 5348 3250 5397 ὲν
3276 5346 3353 5414 τῷ
3384 5345 3428 5414 β’
3461 5346 3681 5416 ψαλμῷ,

2106 5426 2206 5497 τὴν
2241 5430 2615 5500 παραγραφὴν
2643 5432 2745 5502 τῆς
2776 5434 3088 5506 ἐξηγήσεως
3150 5437 3266 5505 τοῦ,
3312 5437 3367 5490 ’0
3389 5433 3683 5492 κατοικῶν

2108 5518 2179 5570 ἐν
2203 5520 2483 5586 οὐρανοῖς
2515 5523 2906 5589 ἐκγελὰσεται
2941 5528 3183 5594 αὐτούς.

2183 5611 2288 5666 Καὶ
2322 5614 2357 5680 ἡ
2384 5613 2676 5676 βασιλεία
2723 5619 2911 5674 αὐτοῦ
2967 5620 3210 5674 πάντων
3249 5621 3546 5685 δεσπόζεί.
3591 5626 3679 5687 Ὠς
