4076 6204
271 284 408 358 1017

269 401 498 474 ποιητοῦ
555 418 573 437 ο

266 497 379 550 τῶν
411 494 469 551 δὶ
493 492 710 548 ἀσεϐῶν
739 490 1008 547 ἀκόντων.

339 674 448 732 Kal
481 671 788 743 εὐλογεῖτε
824 670 934 727 τὸν
974 669 1213 739 Κύριον,
1246 668 1470 735 πάντες
1517 669 1572 722 οι
1593 667 1837 737 ἄγγελοι

269 765 484 823 αὐτοῦ.
528 765 618 819 Ἑν
645 762 863 835 οὐρανῷ
912 758 1109 834 Θρόνου
1165 758 1566 832 μνημονεύσας,
1622 757 1850 821 εἰκότως

269 860 365 912 καὶ
383 856 493 911 τῶν
511 852 956 926 περιισταμένων
976 851 1225 921 ἀγγέλων
1240 848 1618 921 ἐμνημόνευσε
1634 861 1649 878 ⁶
1670 846 1853 900 κάκεί-

267 968 392 1015 νους
419 951 496 1012 ὼς
516 946 843 1016 ὁμοδούλους
914 943 1163 1012 εὐλογεῖν
1194 941 1287 997 τὸν
1316 941 1535 996 πάντων
1569 939 1850 1008 Δεσπότην

276 1039 748 1111 προτρεπόμενος,
793 1036 1086 1110 χαίροντας
1117 1034 1202 1090 ὅτι
1224 1026 1455 1088 τοιαῦτα
1479 1034 1605 1098 τοὺς
1632 1030 1847 1104 ἀνθρὼι

272 1142 405 1195 πους
427 1131 731 1203 εὐεργετεῖ.

342 1223 590 1279 Δυνατοί
630 1221 820 1291 ισχύτ.
850 1217 1162 1282 Εὐσοενεϊς.
1198 1215 1451 1289 ’Ᾱγήρως
1479 1216 1645 1287 γὰρὴ
1677 1214 1848 1269 δύνα-

272 1331 363 1383 μις
416 1313 597 1366 αὐτῶν
666 1310 764 1366 καὶ
806 1308 1141 1381 ἀνώλεθρος,
1168 1308 1294 1362 ἐπεὶ
1340 1306 1438 1362 καὶ
1465 1305 1734 1377 δυνάμεις
1756 1304 1850 1359 λέ-

268 1421 457 1472 γονται
499 1401 651 1475 παρὰ
706 1402 767 1455 τὸ
813 1400 1077 1456 δύνασθαι
1126 1398 1372 1472 πληροῦν
1440 1398 1511 1453 τὰ
1554 1395 1847 1453 ἐπιταττό-

274 1512 432 1566 μενα.

335 1675 657 1741 Ποιοῦντες
694 1675 801 1729 τὸν
832 1676 1023 1744 λόγον
1058 1670 1266 1735 αὐτοῦ,
1301 1673 1408 1728 τοῦ
1432 1671 1691 1728 ἀκοῦσαι
1737 1671 1848 1741 τῆς

265 1765 472 1836 φωνῆς
511 1767 630 1822 τῶν
658 1768 859 1838 λόγων
884 1767 1094 1823 αὐτοῦ.
1130 1764 1475 1836 Πληροῦντες
1506 1765 1569 1819 τὸ
1604 1766 1846 1838 πρόστα-

264 1875 384 1926 γμα
416 1858 608 1924 αὐτοῦ,
642 1857 759 1929 ἅμα
796 1857 875 1928 τῷ
900 1858 1137 1919 ἀκοῦσαι
1175 1857 1277 1927 τῆς
1302 1856 1488 1928 φωνῆς
1522 1856 1632 1909 τῶν
1672 1857 1849 1927 λόγων

267 1949 457 2016 αὐτοῦ,
484 1951 586 2021 τῆς
608 1951 881 2025 ἁκουστῆς
903 1952 1108 2013 αὐτοῖς.

328 2042 646 2113 Εὺ.ίογεῖτε
662 2041 769 2097 τὸν
793 2040 841 2095 1(
846 2040 1233 2112 ὐριον,πᾶσαι
1252 2037 1319 2095 αἱ
1331 2035 1617 2109 δυνάμεις
1637 2041 1846 2097 αὑτοῦ.

268 2132 453 2185 Εἰπὼν
480 2135 608 2198 τοὺς
646 2134 941 2207 ἀγγέλους,
998 2134 1150 2204 λέγει
1185 2131 1408 2197 καὶτὰς
1454 2132 1620 2198 ἄλλας
1665 2135 1849 2204 τάξεις

268 2222 376 2274 τῶν
412 2223 445 2275 ἀ
457 2226 728 2293 σωμάτων
760 2222 1071 2295 δυνάμεων.

340 2316 683 2385 Λειτουρτοί
754 2318 944 2373 αὐτοῦ
1004 2323 1059 2374 οι
1101 2322 1419 2391 ποιοῦντες
1502 2324 1569 2378 τὸ
1620 2324 1851 2394 θέλημα

268 2405 475 2462 αὐτοῦ.
499 2408 561 2461 Oi
592 2410 649 2461 ὲν
670 2408 952 2481 διαφόροις
972 2411 1167 2478 τάξεσι
1194 2414 1644 2485 λειτουργοῦντες
1675 2417 1845 2487 αὐτῷ,

268 2502 412 2567 ἢτοι,
453 2500 740 2565 ποιοῦντες
791 2503 853 2556 τὸ
888 2503 1103 2575 θέλημα
1143 2504 1346 2560 αὑτοῦ·
1381 2503 1499 2562 εἶτα
1546 2510 1851 2580 προτρέπει
1904 2576 1911 2579 _

268 2606 356 2642 ται
383 2589 571 2654 ἁπλῶς
599 2593 781 2644 πᾶσαν
808 2593 1007 2648 κτίσιν.

339 2770 657 2842 Εὐλογεῒτε
694 2772 804 2826 τὸν
852 2772 1097 2844 Κύριον,
1120 2776 1317 2831 πάντα
1356 2779 1427 2833 τὰ
1460 2780 1605 2848 ἔργα
1637 2778 1849 2837 αὐτοῦ.

267 2864 377 2919 Καὶ
434 2866 553 2930 πῶς
611 2863 898 2938 εὐλογοῦσι
948 2872 1016 2923 τὰ
1050 2869 1221 2938 ἄλογα
1247 2873 1341 2924 καὶ
1392 2873 1461 2926 τὰ
1518 2874 1735 2943 ἄψυχας
1768 2869 1849 2927 ’11

271 2959 489 3023 πάντως
539 2959 664 3013 am
715 2960 902 3030 φωνῆς
950 2961 1211 3033 χρώμενα
1250 2966 1315 3034 τῇ
1356 2964 1500 3033 δίει,
1526 2964 1602 3034 τῷ
1638 2965 1847 3029 κάλλει,

1437 277 1826 349 ΟΟΜΜΕΝΤ.
1869 276 1950 345 IN
1994 277 2358 344 PSALMOS.

631 399 775 456 ἀλλὰ
847 399 959 456 τῶν
1012 397 1253 454 εὐσεϐῶν
1316 398 1552 452 ἑκόντων
1609 396 1813 468 μᾶλλον
1836 411 1850 426 ·

1957 392 2230 449 creatoris
2264 406 2494 464 regnum
2522 407 2539 457 ;
2571 402 2767 446 verum
2796 384 3075 453 ﬁdelibus,
3111 402 3221 444 non
3249 395 3308 443 ut
3342 386 3531 445 invitis

3392 271 3532 343 1018

1954 484 2354 551 dominabitur,
2383 483 2481 540 sed
2518 490 2579 537 ut
2627 489 2826 554 sponte
2870 480 3167 552 subjectis;
3217 481 3531 539 infidelibus

1953 592 2107 642 vero,
2138 577 2303 633 etiam
2335 574 2541 632 invitis.

2024 667 2195 725 Vsus.
2226 667 2317 724 20.
2357 667 2656 723 Benedicite
2678 668 2936 733 Domino,
2976 681 3156 722 omnes
3193 667 3368 738 angeli
3391 668 3528 737 ejus.

1951 759 2089 815 Cum
2117 758 2306 815 throni
2341 761 2589 816 caelestis
2628 759 2971 824 meminerit,
3000 766 3407 829 consequenter
3436 772 3530 814 as-

1952 851 2265 908 sistentium
2282 852 2447 907 etiam
2470 852 2671 909 throno
2691 852 3013 923 angelorum
3038 851 3361 907 memoriam
3380 850 3534 916 facit,

1952 944 2255 1001 exhortans
2285 943 2412 1000 illos
2436 944 2603 1001 veluti
2646 959 2980 1010 conservos,
3016 952 3075 1000 ut
3098 944 3381 1000 communi
3424 942 3532 997 Do-

1952 1036 2106 1091 mino
2144 1036 2497 1102 benedicant,
2552 1045 2723 1109 atque
2755 1045 2813 1093 ut
2856 1036 3136 1103 laetentur,
3193 1036 3345 1109 quod
3377 1045 3531 1091 tanta

1952 1127 2277 1187 hominibus
2307 1130 2608 1188 contulerit
2646 1132 2937 1190 beneficia.
3194 1133 3202 1141 ’
3406 1190 3412 1196 ,

2023 1217 2278 1275 Potentes
2307 1222 2534 1277 uiribus.
2579 1220 2695 1278 Hoc
2752 1230 2840 1278 est
2902 1220 3141 1277 robusti.
3199 1221 3531 1293 Angelorum

1953 1311 2102 1368 enim
2139 1312 2317 1369 virtus
2353 1327 2464 1368 non
2490 1314 2765 1377 senescit,
2791 1313 2889 1370 sed
2926 1313 3260 1369 immortalis
3288 1323 3399 1379 est,
3433 1323 3531 1366 at—

1951 1419 2062 1476 que
2101 1404 2226 1462 ideo
2256 1404 2502 1463 Virtutes
2536 1414 2593 1461 et
2619 1406 2932 1461 Potestates
2989 1407 3363 1478 appellantur,
3398 1406 3528 1477 quia

1953 1507 2207 1568 potentes
2231 1497 2496 1553 nimirum
2524 1505 2655 1554 sunt
2681 1507 2743 1553 ut
2776 1498 3205 1569 perficiantqute
3231 1499 3338 1554 sibi
3366 1513 3397 1553 a
3425 1499 3534 1553 Deo

1954 1590 2340 1663 iniunguntur.

2027 1678 2304 1738 Facientes
2333 1683 2546 1739 verbum
2571 1683 2710 1755 ejus.
2736 1681 3001 1738 audiendo
3027 1698 3201 1737 uocem
3232 1693 3535 1736 sermonum

1952 1767 2091 1838 ejus.
2128 1768 2232 1836 Qui
2266 1770 2458 1826 divina
2492 1771 2734 1839 impletis
2769 1772 3055 1837 mandata,
3093 1770 3258 1825 simul
3288 1786 3350 1847 ae
3373 1770 3537 1823 audio

1950 1860 2145 1916 Vctllls
2178 1876 2367 1916 vocem
2398 1876 2715 1917 sermonum
2738 1863 2876 1932 ejus.
2914 1877 3036 1932 qua:
3062 1862 3133 1917 ah
3162 1862 3278 1917 illis
3321 1860 3535 1916 scilicet

1951 1952 2127 2006 audiri
2159 1962 2360 2023 potest.

2023 2040 2285 2099 Vcnsﬁl.
2320 2043 2633 2101 Benedicite
2665 2045 2914 2110 Domino,
2949 2060 3129 2098 omnes
3158 2044 3376 2099 virtutes
3398 2042 3533 2112 ejus.

1951 2131 2087 2188 Cum
2117 2138 2183 2190 de
2207 2136 2417 2207 angelis
2446 2136 2608 2203 dixit,
2638 2153 2787 2192 nunc
2810 2138 2880 2192 de
2905 2137 3030 2191 aliis
3052 2134 3348 2191 ordinibus
3373 2133 3531 2197 dicit,

1953 2222 2020 2277 de
2052 2223 2395 2294 incorporeis
2420 2225 2682 2281 nimirum
2714 2226 3035 2281 virtutibus.

2023 2317 2257 2372 Mittislri
2303 2319 2442 2388 ejus,
2469 2322 2559 2390 qui
2588 2321 2767 2392 facitis
2798 2320 3124 2375 uoluntatem
3158 2318 3295 2386 ejus.
3336 2315 3440 2383 Qui
3477 2316 3531 2370 in

1954 2410 2121 2464 variis
2143 2411 2434 2466 ordinibus
2453 2413 2502 2467 ei
2534 2412 2872 2477 inserviunt,
2894 2411 3099 2481 quique
3120 2410 3242 2481 ejus
3272 2409 3531 2463 volunta-

1955 2510 2064 2554 tem
2129 2501 2443 2569 perficiunt.
2514 2501 2723 2557 Deinde
2781 2503 2836 2557 in
2930 2502 3244 2556 universum
3317 2511 3537 2553 onmem

1952 2594 2277 2648 exhortatur
2332 2606 2647 2649 creaturam
2698 2594 2765 2649 ad
2797 2594 2892 2650 Dei
2944 2591 3415 2657 benedictionem,
3447 2591 3533 2646 cli-

1953 2700 2085 2739 CCIIS
2122 2701 2136 2739 2

2025 2777 2189 2834 Vens.
2223 2777 2317 2833 22.
2345 2776 2665 2844 Benedicitef
2691 2777 2940 2843 Domino,
2990 2780 3173 2834 omnia
3203 2795 3364 2847 opera
3398 2776 3532 2845 ejus.

1954 2862 2159 2923 Verum
2199 2884 2438 2939 quonam
2488 2879 2650 2939 pacto
2685 2868 2800 2924 Deo
2850 2870 3199 2934 bencdicent,
3237 2884 3357 2937 qua:
3400 2868 3536 2921 irra-

1957 2960 2241 3014 tionabilia
2275 2971 2428 3025 sunt,
2465 2971 2561 3015 aut
2591 2961 2938 3016 inanimata?
2967 2960 3107 3016 Dum
3146 2961 3407 3015 nimirum
3438 2974 3538 3027 pro

268 3049 347 3117 τῴ
382 3049 629 3118 μεγέθει,
659 3054 728 3124 τῇ
769 3050 942 3117 οέσει,
989 3055 1057 3123 τῇ
1090 3055 1271 3125 χρείᾳ,
1321 3053 1415 3106 καὶ
1446 3056 1557 3117 τοῖς
1587 3055 1850 3118 τοιούτοις

1958 3050 2111 3115 voce,
2141 3061 2370 3121 aspectu
2432 3061 2683 3119 utuntur,
2722 3052 3163 3123 pulchritudine,
3218 3054 3353 3118 situ,
3391 3052 3535 3107 utili-

270 3141 634 3209 ἐμφαντικοῖς
686 3142 785 3212 τῆς
830 3143 927 3197 τοῦ
978 3143 1114 3197 Θεοῦ
1163 3145 1453 3215 δυνάμεως
1495 3144 1846 3217 θαυμασίοις.

280 3229 404 3300 Ὑφ’
428 3225 503 3285 ὧν
531 3233 580 3285 οί
610 3232 824 3303 λογικοὶ
878 3235 1161 3288 κινοῦνται
1218 3237 1355 3305 πρὸς
1407 3237 1690 3306 εὐφημίαν
1752 3238 1847 3291 τοῦ

271 3325 591 3387 κτίσαντος.
625 3326 866 3381 Είὼθασι
900 3327 955 3380 δὲ
990 3329 1084 3381 καὶ
1117 3329 1294 3391 ἄλλως
1330 3329 1381 3382 οἱ
1414 3332 1693 3401 προφῆται
1754 3332 1849 3386 καὶ

268 3418 367 3488 τὴν
398 3419 599 3487 ἄλογον
635 3421 732 3474 καὶ
788 3420 998 3491 ἄψυχον
1033 3421 1199 3490 φύσιν
1242 3423 1506 3487 πολλάκις
1550 3425 1848 3496 παραλαμ.

268 3514 394 3567 om
407 3531 455 3567 ιν
483 3515 563 3578 είς
585 3513 863 3583 εὐφημίαν
890 3513 985 3567 τοῦ
1010 3514 1146 3567 Θεοῦ
1164 3528 1189 3593 ς
1218 3515 1394 3585 τούτῳ
1428 3517 1525 3587 μὲν
1548 3518 1847 3588 ἐμφαίνον-

267 3622 380 3672 τες,
434 3609 509 3673 ὡς
553 3609 654 3663 οὐκ
714 3612 876 3679 ἀρκεῖ
924 3612 1064 3679 πρὸς
1115 3611 1393 3681 εὐφημίαν
1440 3613 1704 3683 ὴλογικὴ
1736 3614 1849 3667 κτί-

271 3717 391 3766 σις,
482 3700 658 3772 τούτῳ
718 3701 774 3754 δὲ
845 3703 941 3754 καὶ
999 3701 1125 3765 τοὺς
1202 3703 1451 3769 λογικούς
1510 3704 1605 3756 ἐπὶ
1684 3704 1849 3756 πλέον

268 3796 651 3868 διεγείροντες.
717 3796 778 3850 El
835 3795 947 3865 γὰρ
990 3793 1291 3849 καλοῦνται
1348 3794 1485 3865 πρὸς
1542 3790 1693 3849 αἶνον
1751 3796 1847 3849 τοῦ

268 3891 631 3959 πεποιηκότος
666 3889 733 3942 τὰ
766 3890 960 3958 ἄλογα,
997 3887 1179 3957 πολλῷ
1215 3887 1419 3958 μᾶλλον
1450 3890 1497 3942 oi
1536 3887 1773 3958 λογικοί.

352 4155 456 4210 Ἐν
474 4156 654 4210 παντὶ
676 4156 838 4223 τόπῳ
853 4152 964 4224 τῆς
978 4155 1333 4223 δεσποτείας
1369 4155 1558 4211 αὐτοῦ
1590 4156 1848 4225 εὐλόγει,

274 4246 312 4314 ἡ
372 4246 543 4317 ψυχή
586 4266 730 4313 μου,
768 4248 875 4300 τὸν
894 4248 1137 4315 Κύριον.
1170 4248 1280 4301 Καὶ
1331 4249 1485 4312 ποῖος
1539 4248 1706 4312 τόπος
1751 4250 1851 4302 οὐκ

1956 3149 2089 3206 tate,
2131 3153 2298 3211 atque
2331 3142 2458 3199 aliis
2515 3143 2859 3213 hujusmodi.
2895 3145 3030 3211 Qua:
3075 3144 3259 3199 omnia
3290 3142 3536 3197 admira-

1954 3232 2087 3288 bilia
2123 3242 2278 3299 sunt,
2326 3234 2769 3306 sapientiamque
2816 3253 2880 3291 ac
2913 3238 3217 3309 potentiam
3255 3235 3348 3290 Dei
3386 3235 3536 3289 iudi-

1952 3333 2101 3385 cant.
2136 3325 2219 3381 Ab
2263 3325 2334 3382 iis
2371 3312 2520 3382 enim
2553 3328 2858 3386 rationales
2885 3338 3152 3386 creatura:
3178 3330 3231 3384 in
3257 3328 3533 3384 Creatoris

1952 3416 2171 3472 Iaudem
2227 3432 2541 3476 moventur.
2588 3421 2778 3476 Solent
2822 3424 2986 3477 etiam
3035 3421 3317 3493 prOphetze
3362 3436 3537 3491 sospe-

1952 3524 2211 3575 numero,
2250 3511 2319 3565 ad
2389 3513 2609 3568 divinas
2664 3514 2855 3570 laudes
2895 3515 3295 3577 conciueudas,
3356 3513 3530 3582 ipram

1951 3603 2118 3656 etiam
2150 3603 2551 3669 irrationalem,
2576 3614 2741 3674 atque
2764 3606 3121 3660 inanimatam
3154 3615 3407 3659 naturam
3434 3604 3534 3657 ad-

1953 3708 2172 3758 vocare,
2205 3695 2469 3751 denotare
2497 3698 2744 3752 volentes
2779 3699 2924 3766 quod
2965 3698 3250 3751 rationalis
3275 3707 3529 3751 creatura

1953 3786 2017 3837 ad
2050 3784 2317 3841 dicendas
2363 3786 2679 3858 huiusmodi
2709 3788 2901 3855 laudes
2944 3803 3050 3841 non
3087 3788 3286 3843 sullicit
3328 3804 3343 3842 :
3383 3786 3534 3855 quod

1954 3878 1998 3933 si
2015 3878 2134 3948 ipsa
2152 3879 2316 3933 etiam
2333 3880 2446 3951 (10)
2472 3882 2811 3936 irrationalia
2842 3881 2908 3935 ad
2926 3879 3140 3934 divinas
3176 3879 3366 3934 laudes
3384 3878 3537 3931 exci-

1953 3980 2161 4039 tantur,
2229 3982 2439 4042 quanto
2490 3974 2664 4043 magis
2717 3989 2746 4028 a
2785 3972 3209 4027 rationabilibus
3260 3969 3531 4026 creaturis

1957 4059 2099 4116 Deus
2136 4060 2444 4117 laudandus
2480 4072 2565 4118 est
2592 4063 2616 4116 ?
2950 4078 2977 4085 ’

2028 4152 2093 4210 In
2129 4156 2272 4209 omni
2313 4154 2429 4211 loco
2477 4156 2861 4227 dominationis
2910 4156 3049 4225 ejus,
3086 4154 3321 4219 benedic,
3351 4152 3536 4207 anima

1956 4264 2094 4314 mea,
2132 4246 2377 4303 Domino.
2413 4245 2613 4304 Verum
2655 4250 2912 4318 quisnam
2953 4249 3109 4304 locus
3157 4256 3263 4313 est,
3291 4247 3384 4314 qui
3425 4261 3538 4299 non

269 4338 388 4393 εςτι
441 4343 542 4409 τῆς
584 4340 905 4402 δεσποτείας
952 4339 1160 4403 αὐτοῦς
1212 4339 1416 4394 Λοιπὸν
1446 4339 1541 4393 οὖν
1596 4339 1729 4394 ἔνθα
1782 4341 1850 4397 ἂν

1955 4341 2025 4395 sit
2050 4340 2154 4395 sub
2182 4341 2428 4396 dominio
2460 4340 2600 4397 Dei?
2631 4340 2794 4396 Certe
2829 4340 3034 4406 nullus,
3073 4347 3244 4395 restat
3272 4338 3442 4408 igitur
3473 4346 3538 4390 ut

270 4431 530 4502 τύχοιμεν
559 4431 733 4496 ὄντες,
766 4432 1099 4495 ἀδιαστόλως
1133 4431 1452 4500 εὐλογῶμεν
1489 4433 1579 4485 τὸν
1620 4431 1845 4502 Κύριον.

1956 4432 2283 4496 ubicunque
2342 4434 2590 4488 locorum
2663 4433 2973 4496 fuerimus,
3034 4430 3150 4485 illic
3214 4428 3539 4485 indistincte

269 4521 335 4572 Τί
356 4521 400 4573 δ’
452 4521 520 4575 ἂν
573 4523 780 4574 εἴποιεν
817 4523 865 4575 oi
911 4522 984 4590 μὴ
1011 4522 1305 4591 δυνάμενοι
1354 4522 1501 4594 ᾄδειν
1550 4522 1649 4593 τὴν
1706 4522 1850 4593 ᾠδὴν

1954 4522 2121 4579 Deum
2148 4525 2455 4580 laudemus.
2483 4524 2588 4581 Sed
2616 4525 2747 4594 quid
2782 4524 2850 4579 ad
2883 4526 2998 4578 haec
3025 4524 3215 4577 dicent
3235 4519 3406 4576 .Iuda:i
3439 4522 3534 4589 qui

273 4613 482 4684 Κυρίου
511 4614 605 4666 ἐπὶ
638 4614 744 4682 γῆς
778 4614 1095 4686 ἀλλοτρίας,
1147 4614 1417 4678 Ἰουδαῖοι,
1451 4615 1849 4683 προδηλοῦντος

1953 4624 2177 4671 cantare
2208 4627 2490 4688 nequeunt
2517 4620 2799 4671 canticum
2823 4616 3037 4670 Domini
3074 4616 3129 4668 in
3161 4623 3303 4668 terra
3331 4613 3536 4676 aliena,

268 4705 362 4760 τοῦ
395 4706 562 4778 ῥητοῦ
588 4709 689 4777 τὴν
715 4707 823 4760 τῶν
849 4707 1024 4760 ὲονῶν
1040 4707 1408 4778 εὐαγγελικὴν
1437 4708 1705 4780 λατρείαν
1753 4709 1850 4761 καὶ

1953 4724 2079 4761 cum
2111 4706 2383 4779 Propheta
2416 4710 2791 4779 evangelicum
2824 4710 3033 4762 cultum
3081 4721 3146 4762 ac
3208 4704 3536 4773 religionem

270 4798 439 4871 αὐτὴν
467 4796 566 4871 τῆς
588 4802 823 4872 νομικῆς
856 4799 1261 4872 προτιμῶντοςί

1953 4798 2308 4856 introducere
2336 4802 2627 4857 manifeste
2650 4802 2928 4865 videatur,
2965 4815 3205 4869 eumque
3230 4799 3333 4868 ipsi
3366 4799 3534 4852 etiam

1949 4886 2053 4958 legi
2094 4888 2351 4957 praeferre
2379 4885 2402 4942 1

2059 4981 2312 5036 l’salmus
2340 4983 2442 5051 ipsi
2480 4981 2651 5036 David
2682 4997 2778 5047 pro
2812 4981 2997 5035 mundi
3028 4981 3424 5035 constitutione.

2480 5073 2604 5127 PSA
2616 5073 2702 5127 LM
2716 5073 2801 5128 US
2834 5073 2968 5127 CIII.

274 4982 522 5051 Ψίιλμὸς
544 4981 623 5047 τῷ
653 4978 831 5036 Δασὶδ
854 4981 953 5035 ἐπὶ
984 4978 1097 5048 τῆς
1121 4976 1231 5034 τοῦ
1260 4979 1498 5048 κόσμου
1532 4979 1849 5050 γενέσεως.

836 5071 1134 5126 ΨΑΛΜΟΣ
1165 5071 1288 5125 PI".

343 5166 443 5220 Διὰ
480 5167 580 5239 μὲν
607 5164 702 5219 τοῦ
738 5165 1109 5236 προλαϐόντος
1137 5164 1356 5234 ψαλμοῦ
1383 5162 1598 5230 εὐλογεῐ
1614 5162 1705 5214 τὸν
1734 5160 1846 5213 Κύ-

2026 5165 2086 5220 In
2140 5168 2416 5236 superiori
2473 5168 2685 5237 psalmo
2727 5167 3005 5222 benedixit
3058 5164 3190 5225 Deo,
3248 5161 3452 5232 gratias
3480 5158 3533 5214 ei

273 5273 410 5325 ριον,
479 5255 822 5328 εὐχαριστῶν
884 5257 1015 5326 περὶ
1068 5253 1180 5308 τῶν
1211 5256 1293 5317 εἰς
1343 5254 1496 5322 ἡμᾶς
1541 5250 1847 5321 γινομένων

1953 5271 2142 5328 agens.
2183 5274 2286 5329 pro
2316 5260 2599 5314 beneﬂciis
2660 5261 2711 5314 in
2754 5275 2854 5314 nos
2882 5258 3120 5319 collatis;
3168 5256 3222 5309 in
3279 5252 3533 5323 prmsenti

271 5349 603 5420 εὐεργεσιῶν
623 5366 636 5379 ·
654 5346 741 5401 διὰ
763 5348 820 5402 δὲ
842 5347 935 5402 τοῦ
954 5346 1221 5418 παρόντος
1239 5345 1452 5413 εὐλογει
1474 5343 1639 5397 πάλιν
1659 5342 1843 5402 αὐτὸν.

1955 5364 2151 5405 rursus
2205 5353 2252 5403 ei
2292 5350 2588 5415 beuedieit,
2644 5359 2698 5406 ct
2746 5359 3056 5405 creaturam
3111 5360 3328 5402 omnem
3364 5344 3434 5400 ab
3466 5356 3535 5400 eo

274 5435 715 5511 ὐπεροαυμᾶζων
756 5440 992 5511 μάλιστα
1066 5439 1166 5510 τὴν
1204 5438 1297 5491 ὐπ’
1337 5437 1505 5491 αὐτοῦ
1549 5438 1846 5506 γινομένην

1954 5443 2232 5496 Conditarn
2272 5443 2600 5497 admiratur.

274 5550 474 5586 κτισιν.

1616 5638 1816 5700 Vat-ite
1846 5639 2175 5705 lectiones.

345 5746 458 5827 (10)
489 5745 815 5827 Ετιπιςεκίιιε
859 5762 872 5798 :
915 5744 1047 5797 Tum
1077 5745 1407 5812 denotantes,
1431 5756 1535 5800 etc.
1546 5786 1559 5812 ,
1586 5752 1692 5796 tum
1727 5752 1889 5797 etiam
1914 5747 2198 5801 rationales
2235 5747 2304 5801 ad
2325 5746 2459 5801 lianc
2497 5763 2602 5802 rem
2636 5748 2802 5816 magis
2827 5745 3096 5817 magisque
3122 5744 3434 5802 excitantes.
3462 5744 3524 5800 Si

266 5819 404 5868 enim
440 5819 555 5885 ipsa
594 5819 772 5882 :tiam.
799 5825 905 5875 etc.
