4102 6206
567 301 708 366 1019

1680 252 1682 256 ’
1757 291 2142 357 EUTHYMII
2175 293 2537 355 ZIGABENI

3681 290 3815 352 1020

632 415 806 470 Vens.
858 415 908 468 ί.
951 411 1200 476 Benedic,
1231 411 1409 464 anima
1442 426 1581 476 mea,
1609 410 1856 466 Domino.»
1913 410 2135 467 Domine

2314 411 2585 477 Εὺλὸγει,
2651 411 2685 477 ἠ
2744 413 2910 480 ψυχή
2943 430 3083 480 μου,
3122 413 3232 464 τὸν
3285 413 3531 476 Κύριον·
3577 412 3751 474 Κύριε
3783 413 3817 461 o'

506 571 510 576 λ
567 508 709 563 Deus
739 523 902 570 meus,
963 503 1340 574 magniﬁcatus
1397 520 1450 558 es
1511 504 1852 558 vehementer.
1910 504 2136 572 Magnus

564 599 722 654 valde
782 598 1038 651 omnibus
1098 598 1427 666 apparuisti,
1487 597 1558 651 ob
1608 606 1826 650 tuorum
1877 596 2135 650 nimirum

561 704 791 760 operum
827 686 1260 755 magnitudinem
1302 693 1356 741 et
1411 686 1480 741 ob
1525 700 1797 742 summam
1853 685 2141 755 providen-

564 783 719 845 tiam,
769 795 938 850 quam
993 796 1124 851 erga
1181 790 1493 835 creaturam
1555 789 1701 834 tuam
1766 776 2141 832 indesinenter

565 873 839 930 ostendis.

635 965 1034 1034 Confessionem
1126 973 1176 1019 et
1229 962 1680 1034 magniﬁcentiora
1735 962 1978 1016 induisti.
2040 958 2144 1014 Per

565 1058 974 1113 confessionem
1004 1057 1224 1125 quidem
1299 1057 1597 1127 gratiarum
1636 1056 1882 1110 actiones
1934 1052 2145 1124 signiﬁ-

567 1159 657 1204 cat
687 1165 703 1213 ;
740 1165 834 1220 per
867 1149 1333 1218 magniﬁcentiam
1363 1163 1515 1213 vero,
1546 1147 1812 1202 honorem
1846 1148 2018 1210 illum,
2049 1145 2144 1215 qtti

569 1256 769 1312 magno
824 1250 986 1311 atque
1017 1243 1236 1295 excelso
1263 1239 1500 1309 cuipiam
1535 1237 1790 1292 debetur.
1850 1234 1975 1290 l-laa'c
2015 1236 2145 1298 duo,

569 1333 770 1404 inquit,
790 1333 884 1387 tibi
907 1331 1379 1402 circumposuisti.
1401 1329 1482 1385 οι)
1501 1331 1929 1400 magnitudinem
1949 1329 2149 1398 quippe

569 1440 797 1494 operum
828 1433 883 1478 et
910 1432 1318 1488 creaturarum,
1349 1433 1409 1476 ut
1442 1424 1649 1476 dictum
1681 1429 1790 1482 est,
1816 1421 2006 1491 gratiae
2037 1419 2148 1475 Deo

565 1519 727 1588 juges
762 1527 1021 1587 aguntur,
1057 1518 1202 1587 q'tod
1240 1525 1463 1586 propter
1495 1517 1795 1569 humanum
1831 1529 2008 1582 genus
2060 1521 2143 1566 tot

571 1611 715 1665 bona
743 1610 1016 1664 creaverit
1057 1627 1070 1661 :
1107 1609 1399 1677 honorque
1423 1608 1470 1660 ei
1505 1607 1670 1661 etiam
1702 1620 1953 1660 summus
1984 1604 2144 1660 habe-

574 1709 687 1762 tur,
717 1711 974 1770 tanquam
1000 1715 1181 1754 rerum
1207 1699 1450 1753 omnium
1483 1697 1693 1768 opiﬁci.

646 1789 812 1844 Vens.
842 1791 900 1844 Ξ.
937 1791 1174 1843 Amictas
1216 1789 1432 1855 lumine,
1473 1790 1628 1858 quasi
1669 1788 1997 1843 vestimento.
2028 1786 2146 1853 Ille,
2182 1781 2226 1840 Β

574 1884 668 1954 qui
703 1883 935 1938 amictus
959 1893 1044 1938 est
1077 1884 1220 1946 luce,
1265 1882 1469 1951 tegitur
1502 1898 1530 1935 a
1566 1881 1706 1936 luce.
1763 1881 1950 1935 Simile
1995 1880 2155 1950 quid—

575 1975 702 2030 dam
727 1976 793 2030 de
824 1977 934 2031 Deo
991 1976 1106 2042 ipse
1132 1975 1296 2029 etiam
1333 1975 1540 2029 Paulus
1575 1974 1708 2028 dicit
1738 1991 1752 2027 :
1789 1973 1892 2040 Qui
1920 1973 2152 2035 habitat,

579 2073 857 2142 inquiens.
895 2072 1063 2125 lucem
1097 2070 1538 2125 inaccessibilent.
1592 2068 1665 2121 Ex
1701 2068 1786 2122 his
1817 2083 1946 2122 vero
1993 2067 2155 2121 docev

577 2180 724 2228 mur,
756 2163 925 2218 Deum
965 2163 1304 2218 invisibilem
1339 2177 1483 2225 esse,
1509 2173 1563 2217 et
1594 2162 1877 2216 intellectu
1915 2163 2157 2215 humano

579 2257 972 2328 comprehendi
1006 2272 1113 2310 non
1147 2272 1328 2326 posse.
1366 2251 1505 2310 Huic
1530 2266 1708 2310 autem
1743 2255 2018 2310 versiculo
2049 2265 2157 2308 non

486 2365 489 2367 ·
543 2379 551 2387 ~
583 2347 932 2410 adversatur,
971 2345 1114 2414 quod
1151 2347 1282 2400 alibi
1320 2345 1594 2416 Propheta
1632 2347 1806 2400 dixit:
1849 2343 1954 2411 Qui
1983 2345 2161 2412 posuit

583 2437 822 2493 tenebras
853 2436 1134 2490 latibulum
1182 2453 1338 2490 suum
1370 2436 1452 2490 8‘z
1492 2437 1695 2505 quippe
1749 2451 1871 2490 cum
1911 2436 2164 2490 inacces-

584 2529 766 2586 sibilis
802 2530 894 2583 lux
954 2529 1096 2582 idem
1145 2528 1346 2582 eﬂiciat
1395 2529 1543 2598 quod
1595 2529 1840 2583 cilicium
1885 2531 2163 2594 tenebrae;

587 2632 891 2689 utrumque
949 2620 1094 2674 enim
1157 2619 1443 2674 oculorum
1505 2621 1675 2690 aciem
1739 2635 1845 2674 non
1903 2619 2164 2674 admittit.

2248 507 2390 570 Θεός
2441 505 3020 573 μου,ἐμεγαλύνοης
3085 503 3341 571 σφόδρα.
3398 502 3588 568 Μέγας
3608 503 3818 570 σφόδρα

2248 597 2590 664 ἐγνωρίσοης
2641 597 2773 666 ἡμῖν
2819 597 2927 650 ἀπὸ
2958 598 3056 666 τῆς
3094 597 3502 668 μεγαλουργίας
3552 596 3647 649 καὶ
3680 612 3821 666 προ-

2249 689 2396 751 νοίας
2425 688 2532 740 τῶν
2557 689 2898 756 κτισμάτων.

2335 955 2814 1025 Ἐξομολόγησιν
2842 954 2938 1009 καὶ
2968 954 3489 1023 μεγαλοπρέπειαν
3524 951 3826 1005 ἐνεόὐσω.

2267 1048 2686 1118 Ἐξομολόγησιν
2741 1049 2840 1118 μὲν
2881 1048 3031 1114 λέγει
3094 1047 3190 1099 νῦν
3261 1045 3360 1115 τὴν
3426 1043 3827 1114 εὐχαριστίαν,

2259 1140 2740 1210 μεγαλοπρέπειαν
2796 1139 2874 1193 δὲ.
2907 1139 3008 1206 τὴν
3059 1137 3589 1208 μεγαλοπρέπουσαν
3632 1136 3828 1203 τιμήν.

2255 1229 2495 1293 Ταύτας,
2531 1231 2686 1298 φησὶ,
2722 1227 2981 1299 περιέθον
3016 1226 3232 1294 σεαυτῷ
3255 1227 3342 1279 διὰ
3373 1225 3472 1292 τῆς
3516 1223 3831 1294 μεγαλουρ-

2257 1322 2401 1391 γίας,
2424 1321 2498 1385 ὡς
2532 1323 2768 1392 εἴρηται,
2800 1323 2910 1374 τῶν
2942 1321 3282 1391 κτισμάτων,
3326 1317 3833 1389 εὐχαριστούμενος

2261 1415 2361 1484 μὲν
2396 1416 2477 1467 ὅτι
2515 1414 2741 1466 τοιαῦτα
2789 1413 2856 1466 δι’
2891 1413 3037 1484 ἡμᾶς
3097 1411 3441 1481 πεποίηκας,
3512 1407 3831 1478 τιμώμενος

2257 1507 2334 1571 δὲ,
2366 1505 2440 1570 ὡς
2466 1505 2707 1568 τοιοῦτος
2735 1503 2984 1575 κτίστης.

2337 1789 2400 1841 Ὀ
2427 1786 2923 1856 ἀναϐαλλόμενος
2940 1788 3065 1857 φῶς
3086 1789 3166 1854 ὡς
3183 1787 3438 1858 Ιμάτιον.
3480 1787 3840 1856 Ἐνδυόμενος

2254 1880 2392 1949 φῶς,
2416 1879 2898 1948 ἐγκαλυπτόμενος
2939 1880 3102 1949 φωτί.
3125 1879 3351 1949 Ὅμοιον
3378 1877 3435 1933 δὲ
3496 1879 3590 1931 καὶ
3622 1877 3844 1939 Παῦλος

2255 1976 2482 2044 εἴρηκεο
2516 1973 2646 2038 Φῶς
2692 1973 2874 2028 οἰκῶν
2920 1975 3271 2043 ἀπρόσιτον.
3332 1975 3455 2042 Ἀφ’
3487 1967 3562 2026 ὧν
3596 1974 3658 2024 τὸ
3695 1970 3844 2024 κατὰ

2256 2065 2326 2135 qui
2337 2084 2421 2120 σιν
2444 2066 2674 2138 ἀόρατον
2704 2067 2800 2121 καὶ
2821 2066 3210 2137 ἀκατάληπτον
3233 2067 3327 2120 τοῦ
3347 2063 3484 2120 Θεοῦ
3541 2064 3838 2117 διδάσκου·

2259 2180 2364 2218 σιν.
2427 2162 2540 2214 Οὐκ
2586 2162 2696 2214 εἰσὶ
2747 2161 2804 2214 δὲ
2835 2161 3009 2214 ταῦτα
3059 2161 3278 2213 ἐναντία
3343 2160 3482 2229 πρὸς
3508 2157 3592 2220 τὸ,
3626 2159 3838 2210 Ἐθετο

2259 2257 2480 2320 σκότος
2504 2253 2869 2322 ἀποκρυφὴν
2897 2254 3105 2308 αὐτοῦ.
3136 2254 3209 2306 Τὸ
3242 2251 3347 2322 γὰρ
3376 2250 3672 2320 ἀπρόσιτον
3702 2249 3817 2315 φῶς

2260 2346 2459 2400 ταυτὸν
2501 2345 2747 2415 ποιεῖτῷ
2781 2344 2985 2408 σκότει,
3027 2343 3101 2414 μὴ
3148 2337 3466 2414 συγχωροῦν
3515 2341 3711 2410 ὲνορᾷν
3743 2339 3844 2391 αὑ-

2263 2437 2341 2505 τῷ
2372 2455 2386 2468 ’
2424 2437 2474 2488 εί
2499 2435 2640 2489 δὲτὸ
2669 2436 2825 2496 ἐκτὸς
2861 2437 3040 2504 φωτὸς
3058 2435 3378 2506 ἀπρόσιτον,
3426 2433 3606 2502 πολλῷ
3637 2432 3847 2500 μᾶλλον

2265 2529 2326 2582 τὸ
2351 2531 2500 2593 tm;
2532 2531 2628 2583 τοῦ
2658 2530 2904 2583 τοιούτου
2935 2531 3109 2598 φωτός
3132 2547 3146 2562 ο
3178 2529 3330 2584 ἄλλοι
3361 2525 3416 2581 δὲ
3453 2527 3570 2596 φῶς
3603 2525 3698 2578 νῦν
3746 2523 3847 2589 τὴν

2268 2623 2622 2693 καθαρότητα
2650 2627 2973 2691 νενοήκασιν
2999 2643 3012 2656 ·
3047 2627 3230 2696 ἕτεροι
3265 2625 3320 2676 δὲ
3353 2623 3450 2691 τὴν
3490 2621 3713 2689 γνῶσιν.

585 2717 740 2783 Quod
777 2717 824 2772 si
851 2715 1090 2772 exterior
1122 2715 1217 2770 Dei
1272 2716 1387 2777 lus,
1422 2725 1474 2768 et
1501 2733 1609 2786 qua
1649 2717 2027 2772 circumdatur
2062 2718 2468 2776 inaccessibilis
2504 2731 2610 2786 est,
2647 2732 2858 2792 quanto
2889 2719 3064 2789 magis
3134 2721 3184 2772 id
3251 2715 3395 2785 quod
3459 2715 3511 2768 ἰιι
3567 2729 3628 2767 ea
3709 2713 3848 2778 ιε’ἓίο

589 2822 700 2878 tur,
730 2814 900 2868 videri
937 2828 1044 2866 non
1072 2813 1325 2883 poterit?
1355 2812 1626 2868 Caeterum
1681 2815 1772 2869 alii
1808 2830 1903 2886 per
1945 2816 2148 2883 lucem,
2187 2820 2537 2886 munditiam,
2566 2819 2656 2874 alii
2685 2818 3083 2888 cogitationem
3145 2822 3201 2867 et
3265 2811 3552 2867 scientiam
3623 2807 3850 2862 intelle-

589 2925 807 2968 xerunt.

662 3007 828 3065 Vens.
868 3012 922 3067 '5.
959 3011 1257 3068 Extendens
1293 3015 1882 3086 cceluntquasipellem.
1914 3014 2167 3078 Domine,

595 3104 793 3173 inquit,
824 3101 969 3160 Deus
1003 3124 1180 3172 meus,
1212 3110 1596 3178 magnificatus
1624 3125 1682 3164 cs
1703 3112 2082 3174 vehementer,
2110 3118 2166 3162 tu

595 3196 709 3250 haec
732 3205 897 3264 atque
927 3197 1016 3252 illa
1033 3207 1292 3268 operatus
1315 3216 1405 3267 es;
1429 3210 1486 3254 tu
1514 3201 1671 3254 facile
1706 3203 1902 3255 caelum
1932 3201 2182 3255 extendi-

598 3287 690 3349 sti,
728 3303 828 3343 nec
854 3303 1014 3344 secus
1045 3305 1109 3344 ac
1138 3291 1182 3346 si
1207 3293 1332 3362 quis
1373 3292 1561 3361 pellem
1602 3291 1876 3347 extendat.
1915 3292 1980 3344 Et
2015 3291 2183 3346 David

601 3378 822 3446 quidem
856 3380 958 3435 hoc
979 3391 1139 3452 pacto
1165 3399 1265 3439 nos
1288 3385 1467 3449 docet,
1493 3401 1656 3454 quam
1693 3386 1851 3442 facile
1881 3387 1990 3440 Deo
2019 3385 2184 3440 fuerit

602 3472 803 3525 cmlum
836 3489 1048 3530 creare.
1104 3476 1275 3533 Isaias
1328 3488 1511 3532 autem
1560 3482 1667 3532 alia
1728 3478 1960 3548 quadam
2018 3487 2180 3547 atque

604 3568 838 3639 eleganti
874 3570 1232 3626 translatione
1257 3589 1414 3639 usus,
1449 3574 1596 3628 illius
1627 3572 1791 3627 etiam
1820 3572 2180 3626 immobilita-

607 3668 714 3713 tem
755 3676 819 3716 ac
855 3663 1080 3733 ligurum
1119 3664 1542 3728 demonstravit,
1579 3666 1768 3718 dicens
1799 3683 1810 3718 :
1847 3665 1950 3728 Qui
1985 3665 2176 3717 statuit

605 3754 789 3806 cmlum
820 3755 974 3825 quasi
1024 3772 1290 3811 cameram
1320 3759 1384 3814 “.
1441 3757 1600 3824 Quod
1643 3758 1685 3811 si
1721 3756 1914 3823 pellem
1972 3769 2068 3824 pro
2101 3764 2178 3808 ta-

606 3846 910 3902 bernaculo
951 3848 1312 3913 intellexeris,
1369 3850 1617 3904 dicemus
1651 3850 1875 3918 liguram
1899 3846 2022 3902 (εωιὶ
2081 3846 2182 3899 hoc

609 3953 862 3993 sermone
892 3941 1210 4010 signiﬁcari.
1238 3942 1367 3995 Erat
1407 3943 1609 4012 quippe
1636 3929 2056 3995 tabernaculum
2087 3937 2172 3988 in-

2357 3014 2420 3066 Ὀ
2459 3005 2739 3065 ἐκτείνων
2769 3007 2875 3062 τὸν
2919 3003 3181 3074 οὐρανὸν
3211 3000 3352 3055 ὡσεὶ
3393 2998 3615 3067 δέρῤιν.
3649 2995 3851 3064 Κύριε.

2281 3106 2469 3175 φησὶν,
2501 3106 2528 3156 ὁ
2561 3103 2695 3166 Θεός
2733 3119 2854 3172 μου,
2889 3097 3270 3170 ὲμεγαλύνθης
3299 3092 3505 3159 σφόδρα
3527 3107 3539 3119 ·
3571 3089 3636 3141 σὺ
3663 3091 3693 3140 ὁ
3736 3105 3856 3139 ποι-

2283 3199 2420 3266 ήσας
2449 3196 2573 3249 τάδε
2623 3194 2719 3248 καὶ
2751 3193 2877 3248 τάδε
2905 3209 2921 3224 υ
2966 3192 2994 3244 ὁ
3031 3191 3289 3243 ἐκτείνων
3326 3183 3420 3238 τὸν
3451 3182 3682 3253 οὐρανὸν
3711 3178 3856 3231 οὕτω

2282 3287 2544 3357 εὐχερῶς,
2599 3289 2674 3349 ὡς
2725 3285 2959 3338 ἐκτείνει
3003 3299 3088 3344 τις
3110 3282 3312 3350 δέρμα.
3351 3275 3514 3329 Ἀλλὰ
3552 3271 3720 3327 Δα6“ιδ
3757 3269 3855 3338 μὲν

2281 3380 2340 3435 τὸ
2368 3381 2551 3452 ῥᾴδιον
2583 3381 2682 3447 τῆς
2711 3377 2804 3430 τοῦ
2829 3374 3062 3446 οὐρανοῦ
3091 3369 3431 3444 παραγωγῆς
3473 3366 3646 3424 οὕτως
3677 3364 3856 3416 ἐδίδα-

2283 3471 2391 3538 ξεν.
2430 3470 2660 3534 Ἡσαΐας
2691 3471 2746 3524 δὲ
2800 3470 2860 3522 τὸ
2895 3467 3156 3536 ἀκίνητον
3187 3461 3353 3517 αὐτοῦ
3380 3460 3725 3530 παρέστησε,
3764 3455 3859 3507 καὶ

2279 3567 2340 3620 τδ
2358 3567 2564 3635 σχῆμα,
2587 3566 2761 3631 λέγων
2782 3578 2794 3592 ·
2828 3560 2890 3616 '0
2905 3560 3143 3627 στήσας
3158 3557 3263 3611 τὸν
3278 3554 3538 3623 οὐρανὸν
3558 3549 3857 3619 καμάραν.

2285 3657 2347 3710 Εἰ
2372 3657 2427 3710 δέ
2455 3673 2517 3724 γε
2550 3655 2650 3726 τὴν
2685 3654 2872 3724 δέρῤιν
2939 3652 3147 3721 σκηνὴν
3191 3645 3572 3717 ὲρμηνεύσεις,
3600 3641 3858 3710 ἐμφαίνει

2287 3749 2348 3802 τὺ
2393 3749 2580 3817 σχῆμα
2607 3746 2772 3798 Δαϐίδ
2798 3763 2812 3777 ο
2857 3741 3233 3815 καμαροειδὴς
3254 3741 3364 3809 γὰρ
3387 3740 3418 3808 ἡ
3444 3735 3640 3805 σκηνή.
3677 3731 3857 3784 Ἀδιὰυ

2289 3855 2454 3910 φορον
2490 3839 2545 3893 δὲ
2587 3838 2650 3892 τὸ
2689 3837 2992 3900 ἐκτείνων,
3049 3837 3192 3897 ἀντὶ,
3244 3835 3272 3886 ὁ
3323 3830 3606 3891 ἐκτείνας’
3635 3824 3862 3877 τοιαῦτα

2290 3935 2348 3988 δὲ
2381 3936 2473 3988 καὶ
2502 3933 2572 3987 τὰ
2603 3933 2826 4002 ἐφεξῆς,
2857 3932 3000 3985 κατὰ
3033 3926 3405 3998 ἁντιχρονίαν.

610 4035 724 4082 star
759 4027 1004 4083 fornicis.
1059 4028 1232 4084 Dictio
1267 4011 1467 4092 autem,
1545 4026 1849 4091 attendens,
1906 4025 2159 4096 quamvis
2200 4027 2486 4094 praesentis
2516 4027 2588 4081 sit
2617 4025 2903 4094 temporis,
2946 4031 3126 4076 tamen
3187 4033 3286 4089 pro
3346 4016 3621 4087 praeterito
3687 4011 3864 4080 posita

610 4131 713 4176 est.
750 4123 1137 4191 Saepenumero
1183 4127 1328 4178 enim
1373 4125 1517 4196 apud
1567 4104 1909 4194 Scripturam
1959 4132 2173 4191 tempus
2215 4121 2439 4191 ponitur
2473 4137 2572 4191 pro
2604 4131 2870 4193 tempore,
2909 4117 3371 4190 quemadmodum
3403 4113 3568 4168 etiam
3638 4111 3694 4164 iu
3777 4122 3866 4160 sc-

611 4216 904 4284 qnentibus
935 4216 1046 4272 lieri
1079 4216 1308 4272 videbis.

686 4313 790 4378 Qui
821 4315 947 4384 tegis
984 4314 1133 4382 aquis
1165 4315 1440 4381 superiora
1470 4312 1605 4381 ejus.
1640 4311 1748 4377 Qui
1797 4310 1955 4380 tegis,
1989 4307 2187 4378 inquit,

613 4416 670 4462 ct
704 4407 952 4475 cooperis
984 4407 1105 4474 ejus
1145 4407 1266 4461 emli
1318 4407 1536 4460 excelsa
1574 4422 1586 4458 :
1625 4406 1801 4474 ipsum
1861 4404 2072 4457 scilicet
2103 4417 2192 4454 se-

613 4497 855 4553 cundum
878 4498 1100 4552 attalum.
1133 4497 1198 4550 Et
1232 4499 1430 4560 divisit,
1477 4498 1675 4566 inquit,
1725 4496 1860 4550 Deus
1894 4497 2036 4548 inter
2083 4509 2190 4546 me-

613 4590 760 4642 dium
786 4606 936 4659 aqua:
965 4605 1081 4659 qua:
1108 4599 1223 4642 erat
1250 4590 1392 4657 infra
1415 4590 1827 4657 ﬁrmamentum,
1848 4595 1898 4640 et
1924 4588 2058 4639 inter
2087 4600 2192 4637 nte-

2369 4306 2424 4358 '0
2475 4300 2777 4372 στεγάζω·
2831 4301 2902 4354 ἐν
2948 4297 3128 4352 ὕδασι
3171 4295 3242 4350 τὰ
3286 4291 3524 4361 ὑπερῷα
3552 4290 3770 4344 αὑτοῦ.
3814 4290 3866 4340 ’0

2291 4397 2583 4461 σκεπάζων
2614 4396 2680 4446 τὰ
2712 4393 2894 4462 ὑψηλά
2928 4388 3149 4451 ἑαυτοῦ,
3203 4389 3323 4459 ἦτοι
3371 4387 3460 4437 τὸν
3496 4383 3758 4452 δεύτερον
3788 4383 3866 4434 0-3-

2291 4489 2452 4559 ρανόν
2484 4526 2498 4541 .
2553 4487 2661 4540 Kal
2695 4483 3026 4553 διεχώρισε,
3084 4480 3272 4551 φησὶν,
3305 4481 3336 4531 ό
3367 4476 3509 4541 Θεὸς
3538 4475 3658 4529 ἀνὰ
3679 4476 3868 4543 μέσον

2288 4582 2394 4637 τοῦ
2423 4582 2663 4646 ὕδατος,
2691 4579 2722 4632 ὃ
2752 4574 2828 4648 ἦν
2871 4572 3154 4632 ὑποκάτω
3177 4571 3281 4626 τοῦ
3313 4566 3753 4637 στερεὼμιιτος,
3778 4567 3866 4617 καὶ

615 4682 760 4735 ιίίιιηι
822 4699 993 4749 aqua’,
1064 4698 1182 4752 qua:
1244 4691 1361 4736 erat
1431 4697 1594 4747 supra
1663 4680 2053 4747 firmamentum
2119 4675 2164 4706 ⁸³

2293 4677 2407 4732 ἀνὰ
2435 4675 2625 4741 μέσον
2659 4672 2765 4726 τοῦ
2798 4670 3037 4734 ὕδατος,
3071 4664 3197 4738 ὃῆν
3226 4665 3457 4718 ἀνωθεν
3488 4657 3594 4712 τοῦ
3625 4657 3870 4722 creperi)-

615 4775 1009 4830 Admirandum
1040 4783 1124 4830 est
1157 4776 1338 4846 igitur,
1381 4774 1526 4843 quod
1582 4771 1749 4827 ﬂuida
1783 4787 1939 4839 aquae
1995 4779 2190 4822 natura

617 4866 886 4919 contineri
923 4867 1166 4934 potuerit
1219 4881 1384 4933 SUpt‘a
1422 4866 1848 4924 lirmamcntmn,
1878 4859 2025 4928 quod
2060 4875 2188 4914 cur-

619 4975 745 5012 vum
781 4971 882 5020 est,
931 4967 984 5011 et
1020 4975 1127 5012 non
1160 4958 1451 5014 ellluxerit.
1520 4957 1656 5010 Nam
1708 4965 1764 5009 et
1796 4955 1976 5024 ipsum
2013 4952 2196 5006 lirma-

623 5061 868 5105 mentum
921 5050 1150 5105 lornicls
1204 5051 1433 5121 ﬁguram
1489 5049 1679 5115 habet,
1734 5043 2192 5117 quemadmodqu

619 5151 882 5208 aspectus
910 5142 1092 5194 docnt.

693 5234 794 5300 Qui
827 5237 979 5302 ponis
1015 5233 1139 5287 nubi
1179 5250 1454 5288 ascensum
1491 5243 1660 5286 tuum.
1689 5230 1790 5298 Qui
1824 5228 2084 5283 ascendis
2112 5241 2200 5278 su-

625 5343 721 5396 per
759 5328 982 5390 nubem,
1008 5342 1182 5395 eaque
1241 5333 1301 5380 ut
1334 5326 1589 5378 vehiculo
1622 5323 1794 5377 uteris
1826 5339 1840 5374 :
1878 5317 2040 5374 sicuti
2069 5317 2197 5370 olim

628 5422 682 5473 in
721 5430 906 5471 monte
947 5417 1103 5473 Sina.

700 5511 802 5575 Qui
829 5512 1090 5574 ambulas
1119 5525 1276 5577 super
1305 5509 1420 5562 alas
1464 5514 1756 5561 ventorum.
1787 5503 1888 5568 Qui
1919 5501 2021 5554 alis
2083 5515 2205 5552 vcn-

631 5607 810 5656 torum
848 5603 1063 5657 veheris
1099 5619 1112 5657 :
1145 5602 1345 5671 quibus
1412 5600 1592 5654 \crbis
1639 5601 1900 5652 denotare
1952 5592 2188 5652 videtur,

715 5779 756 5811 ³·
801 5778 945 5835 ΓΒΛ.
988 5796 1116 5840 xvn,
1154 5778 1239 5832 lii.
1319 5779 1360 5810 ³²
1393 5777 1495 5832 lsa.
1538 5791 1627 5835 XL,
1669 5774 1758 5827 9.2.

1839 5772 1882 5804 ³³
1915 5773 2049 5826 Gen.
2083 5785 2121 5827 ι.
2173 5769 2222 5820 7.

2289 4767 3019 4840 μητος.⁹Υπεροαὑμαστον
3060 4759 3153 4814 οὖν
3183 4760 3277 4813 καὶ
3310 4757 3366 4810 τὸ
3413 4751 3740 4824 κρατεῖσθαι
3778 4750 3868 4817 τὴν

2297 4863 2464 4934 ρυτὴν
2485 4861 2576 4913 τοῦ
2615 4861 2806 4921 ὓδατος
2837 4857 2999 4925 φύσιν
3053 4852 3260 4908 ἄνωθεν
3285 4847 3377 4902 τοῦ
3403 4840 3604 4916 κυρτοῦ
3638 4839 3866 4912 στερεώ-

2298 4932 2468 5016 ματος
2496 4951 2810 5005 ἀδιάλυτον.
2850 4942 3231 5015 Καμαροειδὲς
3261 4940 3317 4993 δὲ
3346 4937 3442 4991 καὶ
3465 4935 3656 4994 τοῦτο,
3692 4932 3868 4991 καθὼς

2295 5043 2623 5112 δείκνυσιν
2658 5039 2803 5108 ὄψις.

2381 5223 2442 5275 Ὀ
2469 5221 2648 5286 τιθεὶς
2680 5217 2844 5286 νέφει
2873 5215 2988 5283 τὴν
3018 5213 3304 5267 ἐπίϐασιν
3325 5206 3532 5263 αὑτοῦ.
3571 5205 3636 5259 ὐ
3663 5204 3871 5258 ἐπιδαέ·

2300 5330 2406 5364 νων
2439 5312 2654 5378 νέφους,
2711 5308 2806 5361 καὶ
2861 5308 3101 5376 ὀχήματι
3132 5303 3305 5368 τούτῳ
3327 5298 3615 5371 χρώμενος
3664 5297 3762 5348 ἐπὶ
3788 5291 3873 5345 τοῦ

2304 5406 2456 5458 Σινᾶ.

2390 5497 2441 5546 Ὀ
2466 5489 2802 5561 περιπατῶν
2851 5491 2947 5543 ἐπὶ
2992 5489 3298 5555 πτερύγιον
3357 5483 3608 5550 ἀνέμων.
3658 5481 3726 5534 ’0
3767 5480 3878 5536 ταῖς

2307 5588 2535 5658 πτέρυξι
2568 5589 2672 5642 τῶν
2703 5589 2922 5654 ἀνέμων
2957 5581 3345 5652 ἐποχούμενος,
3379 5576 3447 5628 δι’
3480 5569 3542 5627 οὗ
3577 5573 3640 5626 τὸ
3688 5585 3881 5624 παντα-
