4076 6204
377 271 510 335 ῙθΞῙ

1544 278 2035 351 (ῙΟΜΜΕΝΤῘΙΝ
2076 292 2435 356 PSALMOS.

3488 306 3625 369 1022

369 389 468 460 χοῦ
506 393 763 463 παρεῖναι
816 394 1007 449 τοῦτον
1050 395 1331 466 ἐμφαίνει.
1391 397 1742 472 ὀξυκίνητον
1780 402 1925 473 γάρι

2047 408 2199 464 illum
2243 410 2446 480 ubique
2475 424 2639 467 esse:
2671 411 2874 484 quippe
2907 428 3032 468 cum
3077 416 3223 471 ‘venti
3282 426 3431 475 motu
3470 424 3623 475 velo-

368 483 571 552 ἄνεμος
590 526 605 548 ,
644 487 739 540 καὶ
778 486 975 542 θᾶττον
1008 489 1116 543 ἀπὸ
1151 491 1407 561 περάτων
1437 493 1521 556 είς
1550 493 1769 563 πέρατα
1800 496 1944 565 φθά-

366 593 496 641 νων,
528 578 621 629 καὶ
652 577 861 648 ταχέως
884 579 946 633 τὺ
975 582 1084 635 πᾶν
1108 583 1590 654 ἐπιπορευόμενος.

447 775 510 831 '0
557 778 746 833 ποιῶν
779 781 919 848 τοὺς
944 783 1245 853 ἀγγέλους
1275 785 1464 840 αὐτοῦ
1490 791 1805 859 πνεύματα
1841 792 1942 847 καί

361 872 503 936 τοὺς
550 873 938 942 λειτουργοὺς
980 875 1171 930 αὐτοῦ
1232 877 1352 946 πῦρ
1395 879 1648 949 φλέγων.
1682 882 1794 937 Καὶ
1840 885 1943 954 τῆς

362 962 602 1031 ἀοράτου
657 963 891 1028 κτίσεως
919 967 1153 1035 ποιητὴν
1190 968 1354 1021 αὐτὸν
1377 969 1767 1039 ἀνακηρύττει.
1800 971 1940 1038 Τοὺς

360 1049 560 1113 αὐτοὺς
588 1050 644 1102 δὲ
691 1052 787 1104 καὶ
820 1054 1111 1123 πνεύματα
1181 1058 1276 1109 κα)⁸
1323 1057 1437 1124 πῦρ
1493 1061 1937 1132 προσηγόρευσε,

363 1141 421 1192 τὸ
454 1140 772 1209 ὀξυκίνητον
792 1144 972 1197 αὐτῶν
997 1149 1092 1200 καὶ
1117 1148 1473 1219 δραστήριονξ
1509 1151 1763 1205 ἐντεῦθεν
1798 1153 1937 1207 ὐπο-

356 1232 550 1301 δηλῶν,
573 1232 605 1303 ἦ
641 1235 736 1286 καὶ
757 1236 1087 1307 ὑπογράφων
1110 1240 1291 1292 αὐτῶν
1313 1240 1414 1312 τὴν
1435 1241 1620 1311 φύσιν*
1649 1243 1937 1314 πνεύματα

360 1325 417 1377 δὲ
445 1324 627 1396 νοερὰ,
664 1326 760 1379 καὶ
787 1327 900 1398 πῦρ
924 1329 1105 1383 ἆθλον.

434 1497 498 1551 Ὀ
533 1500 822 1568 θεμελιῶν
852 1501 967 1568 τὴν
994 1499 1113 1571 γῆν
1177 1501 1278 1557 ἐπὶ
1304 1503 1420 1572 τὴν
1446 1505 1793 1574 ἀσφάλειαν
1824 1508 1931 1561 αὐ-

350 1589 484 1657 τῆς.
523 1592 648 1644 Ἐπὶ.
679 1593 875 1655 ποίαν;
910 1589 988 1646 τΗ
1017 1593 1217 1667 δηλαδὴ
1254 1595 1347 1649 τὸν
1383 1596 1510 1665 ὅρον
1543 1596 1639 1650 τοῦ
1677 1596 1813 1652 Θεοῦ
1841 1596 1932 1651 τὸν

352 1681 474 1737 ἀντὶ
522 1684 684 1754 ἕδρας
723 1685 861 1755 αὐτῇ
896 1687 1190 1756 γενόμενον
1217 1727 1233 1750 ,
1263 1688 1359 1742 καὶ
1381 1688 1553 1761 αὐτὴν
1608 1688 1696 1759 ἐφ’
1727 1689 1931 1760 ἑαυτῆς
1959 1746 1977 1761 ὲ

352 1774 666 1846 ἑδράζοντα.

421 1976 505 2029 Οὐ
550 1975 904 2042 κλιθήσεται
942 1979 1033 2045 είς
1076 1978 1185 2033 τὸν
1220 1979 1408 2035 αἰῶνα
1436 1980 1545 2035 τοῦ
1581 1980 1821 2047 αἰῶνος.
1851 1982 1928 2035 Οὐ

351 2068 829 2136 περιτραπήσεταί
861 2077 1019 2132 ποτε.
1054 2070 1102 2123 εί
1135 2071 1229 2125 καὶ
1257 2071 1674 2143 σαλευθήσεται.

423 2160 724 2228 Ἀϐυσσος
774 2161 1008 2230 ἱμάτιον
1073 2162 1140 2217 τὸ
1183 2166 1566 2232 περιϐόλαιον
1608 2167 1815 2221 αὑτοῦ.
1854 2167 1929 2221 Τὸ

348 2249 698 2318 περιεόλαιον
756 2250 921 2304 αὐτοῦ
970 2250 1065 2304 τοῦ
1139 2254 1428 2324 στοιχείου,
1479 2256 1599 2325 ἤτοι
1645 2254 1747 2325 τῆς
1799 2257 1925 2328 γῆς.

348 2343 586 2406 ἄϐυσσος
610 2346 779 2410 ἐστιν,
802 2346 973 2417 ἤγουν
985 2346 1185 2416 πλῆθος
1206 2349 1439 2415 ὑδάτων,
1464 2350 1492 2403 ὃ
1519 2351 1637 2403 ἐστι
1655 2351 1924 2417 θᾶλασσα,

346 2435 423 2497 ὠς
451 2436 665 2504 ἱμάτιον
698 2437 1153 2509 περιϐεϐληκυῖα,
1200 2441 1296 2495 καὶ
1343 2442 1715 2511 ὲφηπλωμένη
1748 2442 1921 2513 αὐτῷ.

343 2525 566 2578 Nostra:
619 2527 675 2580 δὲ
719 2526 815 2580 καὶ
851 2529 983 2597 περὶ
1020 2531 1119 2598 τῆς
1146 2532 1530 2603 ἀκαταληψίας
1560 2536 1660 2602 τῆς
1702 2533 1917 2603 σοφίας,

343 2616 441 2670 καὶ
489 2616 798 2684 δυνάμεως,
837 2617 933 2670 καὶ
964 2619 1227 2690 προνοίας
1261 2619 1355 2674 τοῦ
1407 2621 1574 2673 Oeob-
1622 2622 1920 2690 ἐκπλαγεὶς

342 2705 475 2777 γὰρ,
523 2709 712 2776 φησὶν,
744 2710 827 2763 ὅτι
866 2709 1102 2775 ἄϐυσσος
1128 2710 1535 2783 ἀκαταληψίας,
1568 2713 1644 2775 ὡς
1680 2713 1922 2783 ἱμάτιον,

342 2800 377 2869 ἠ
427 2800 688 2870 περιϐολὴ
747 2800 937 2867 αὑτοῦ,
1015 2804 1338 2871 τουτέστιν,
1405 2804 1789 2874 ἀκαταληψίαν
1845 2803 1924 2867 ὡς

343 2885 559 2959 ἱμάτιον
584 2891 960 2960 περιεϐάλετο.
980 2895 1726 2965 πανταχόθενὰκατάληπτος
1751 2892 1851 2948 ὢν.

2051 502 2262 558 cissimi
2294 503 2429 571 sint,-
2462 513 2517 559 ct
2549 503 2820 560 citissime
2839 505 2907 560 ab
2931 509 3192 564 extremis
3225 518 3384 566 teme
3425 512 3625 568 ﬁnibus

2050 598 2118 650 ad
2153 597 2295 651 alios
2322 597 2462 653 lines
2514 598 2855 667 perveniant.
2917 608 2974 655 et
3016 609 3191 655 totum
3233 604 3423 658 orbem
3462 607 3621 674 quasi

2048 696 2329 743 momento
2359 689 2724 744 circumeant.

2125 779 2285 835 Vens.
2316 781 2371 835 4.
2399 780 2506 848 Qui
2528 780 2663 846 facis
2695 782 2911 851 angelos
2947 792 3067 838 tuos
3100 785 3340 852 spiritus,
3376 795 3428 840 et
3453 788 3617 840 minis

2043 879 2184 925 stros
2214 882 2334 926 tuos
2361 873 2534 940 ignem
2564 883 2825 929 urentem.
2867 875 3028 930 Illum
3089 876 3253 930 etiam
3321 878 3616 933 invisibilis

2043 970 2259 1018 natura:
2291 962 2558 1020 factorem
2599 980 2724 1021 esse
2755 966 3035 1035 praedicat.
3074 966 3307 1024 Eosdem
3343 985 3474 1023 vero
3508 985 3610 1024 an-

2040 1052 2190 1123 gelos
2251 1064 2305 1108 et
2350 1054 2601 1125 spiritus,
2631 1065 2684 1112 et
2711 1057 2853 1128 ignis
2879 1060 3106 1114 nomine
3138 1063 3394 1131 appellat,
3424 1071 3484 1116 ut
3521 1076 3617 1118 ve.

2052 1145 2227 1202 locem
2261 1148 2481 1202 illorum
2512 1157 2715 1202 motum
2757 1156 2923 1220 atque
2970 1149 3267 1206 efficaciam
3314 1153 3607 1221 exprimat,

2038 1240 2123 1295 vel
2169 1255 2359 1294 eorum
2391 1249 2643 1295 naturam
2694 1242 2858 1295 etiam
2905 1242 3008 1298 boc
3057 1254 3216 1311 pacto
3262 1244 3606 1300 describens.

2036 1329 2226 1401 Angeli
2254 1332 2454 1386 etenim
2492 1332 2726 1401 spiritus
2768 1334 3172 1391 intellectuales
3210 1346 3363 1401 sunt,
3388 1348 3442 1392 et
3464 1337 3607 1407 ignis

2038 1422 2260 1492 quidam
2302 1424 2706 1480 immaterialis.

2109 1513 2278 1572 Vsus.
2319 1516 2374 1572 5.
2416 1516 2523 1582 Qui
2554 1516 2797 1588 fundasti
2840 1524 3035 1570 terram
3072 1529 3231 1586 super
3258 1519 3609 1574 stabilitatem

2032 1623 2208 1664 suam.
2261 1607 2369 1665 Sed
2432 1624 2727 1679 quamnam
2792 1609 3055 1679 intelligit
3125 1621 3287 1665 terrae
3336 1610 3607 1665 stabilita-

2035 1710 2143 1756 tem
2175 1701 2198 1755 ?
2235 1701 2333 1756 Dic
2371 1701 2519 1771 quod
2576 1701 2760 1755 divina
2819 1700 3112 1769 dispositio
3166 1716 3263 1771 pro
3302 1701 3603 1755 stabilitate

2032 1790 2082 1848 ei
2121 1792 2314 1848 ellecta
2355 1802 2458 1848 est.
2499 1792 2677 1863 Super
2721 1792 2961 1861 seipsam
2996 1794 3142 1847 enim
3174 1810 3294 1848 eam
3340 1794 3606 1850 stabilivit

2028 1883 2197 1939 Deus.

2101 1972 2226 2029 Non
2254 1974 2608 2029 inclinabitur
2635 1977 2690 2028 in
2723 1975 2977 2028 swculum
3004 1976 3209 2029 saeculi.
3236 1970 3355 2030 Non
3383 1988 3604 2045 pervcro

2028 2074 2197 2128 tetnr,
2240 2066 2344 2121 etsi
2386 2066 2823 2121 commovebitur
2862 2066 3179 2135 aliquando.

2098 2156 2267 2211 Vsus.
2301 2157 2355 2211 6.
2381 2156 2614 2226 Abyssus
2632 2158 2785 2225 quasi
2816 2159 3185 2212 vestimentum
3216 2159 3440 2212 amictus
3463 2158 3599 2226 ejus.

2025 2249 2278 2304 Amicttis
2295 2246 2550 2302 elementi
2575 2246 2697 2315 ejus
2723 2248 3027 2312 terrestris,
3060 2248 3296 2318 abyssns
3326 2257 3410 2302 est
3439 2265 3452 2301 :
3482 2252 3599 2318 ipsa

2025 2342 2286 2397 videlicet
2311 2355 2579 2409 aquarum
2613 2340 2807 2401 moles,
2843 2355 3005 2409 quam
3034 2357 3186 2395 mare
3216 2341 3554 2410 appellamus
3582 2360 3597 2395 :

2023 2448 2144 2504 quae
2166 2433 2341 2486 instar
2374 2430 2664 2501 cujusdam
2694 2431 3011 2485 vestimenti
3048 2440 3250 2485 terram
3279 2432 3598 2500 complecti-

2023 2532 2132 2587 tur,
2172 2529 2339 2590 atque
2386 2520 2722 2591 expauditur
2754 2536 2922 2590 super
2957 2537 3097 2576 eam.
3140 2521 3377 2577 Possunt
3430 2522 3593 2578 etiam

2021 2614 2136 2669 haec
2170 2612 2455 2682 Propheta:
2484 2612 2647 2667 verba
2685 2611 2915 2682 intelligi
2952 2611 3019 2669 de
3060 2614 3597 2684 incomprehensibi-

2020 2703 2178 2760 litate
2240 2706 2550 2776 snpieutite,
2623 2705 2906 2775 potentire,
2947 2722 3011 2761 ae
3062 2708 3417 2777 providentiae
3471 2707 3592 2770 Dei,

2022 2795 2186 2865 cujus
2238 2796 2667 2850 immensitatem
2701 2796 3030 2862 admiratus,
3064 2799 3217 2859 dicit,
3255 2799 3400 2867 quod
3433 2798 3596 2866 abys-

2024 2903 2120 2942 sus
2150 2886 2349 2941 divina:
2370 2886 3057 2956 incumprebensibilitatis
3119 2899 3203 2942 est
3232 2890 3389 2957 quasi
3415 2885 3591 2957 qund-

339 2984 464 3039 dam
512 2983 916 3037 vestimentum.
964 2981 1098 3037 Nam
1132 2998 1257 3038 cum
1283 3000 1349 3039 ex
1377 2985 1527 3040 omni
1555 2995 1708 3054 parte
1746 2983 1890 3038 Deus
1930 2975 2517 3045 incomprehensibilis
2580 2977 2675 3041 sit,
2754 2978 3419 3046 incomprehensibilitate
3495 2978 3588 3032 illa

343 3075 513 3130 veluti
563 3075 886 3130 indumento
917 3077 1154 3146 quodam
1196 3076 1433 3137 amictus
1469 3092 1594 3133 esse
1631 3070 2039 3146 quodammodo
2072 3067 2289 3139 videtur
2317 3074 2373 3122 et
2397 3066 2794 3122 circumdatus.

424 3166 557 3220 Ἐπί
601 3166 721 3220 τῶν
762 3166 950 3235 ὀρέων
993 3166 1329 3236 στήσονται
1381 3169 1590 3224 ὕδατα.
1635 3168 1763 3223 Ἐπὶ
1803 3166 1915 3222 τῶν

2093 3158 2267 3227 Super
2318 3170 2515 3213 utentes
2579 3160 2794 3213 stabunt
2853 3177 3024 3231 aqua.
3063 3161 3254 3230 Aquae,
3300 3160 3496 3231 inquit,
3537 3162 3591 3216 in

341 3254 518 3328 ὀρέων
574 3260 1004 3327 συναχθήσονται
1058 3261 1155 3313 καὶ
1207 3261 1543 3328 πηγάσουσι,
1595 3261 1776 3316 καίτοι
1815 3275 1918 3316 πει

344 3349 554 3418 φυκότα
578 3349 907 3419 καταρρέειν
936 3350 1044 3405 ἀπὸ
1076 3351 1184 3404 τῶν
1236 3351 1587 3423 ὑψηλοτέρων
1612 3353 1816 3407 τόπων.
1848 3351 1919 3404 Ἦ

342 3440 537 3510 ἓπίσης
585 3443 700 3503 τοῖς
754 3440 937 3511 ὄρεσιν
966 3441 1411 3511 ’ἀντιστήσονται
1476 3441 1919 3515 μετεωριζόμεναι

342 3533 412 3588 τὰ
446 3532 668 3604 κύματα
691 3533 792 3603 τῆς
824 3532 1130 3604 θαλάσσης,
1162 3533 1284 3605 ητοι
1307 3533 1377 3588 τὰ
1402 3534 1590 3592 ὕδατα.

422 3714 559 3768 Ἀπὸ
583 3712 988 3782 ἐπιτιμήσεώς
1022 3728 1140 3767 σου
1169 3713 1515 3780 φεύξονται.
1547 3714 1630 3768 Τὰ
1667 3714 1767 3781 μὲν
1805 3713 1917 3770 ἀπὸ

340 3805 450 3859 τῶν
480 3806 650 3875 ὀρέων
696 3805 1018 3874 πηγάζοντα
1054 3808 1161 3861 ἀπὸ
1208 3806 1445 3876 σφοδρᾶς
1477 3823 1571 3860 σου
1605 3804 1913 3869 κελεύσεως

342 3894 813 3966 ξηρανθήσονται,
863 3897 930 3948 τὰ
957 3896 1014 3949 δὲ
1046 3896 1497 3967 μετεωριζόμενα
1545 3895 1770 3966 κύματα
1816 3898 1918 3967 τῆς

341 3986 615 4057 θαλάσσης
650 3988 1180 4057 κατασταλήσονται.
1206 3990 1315 4042 Καὶ
1351 3988 1730 4057 Ἐπετίμησε,
1756 3986 1913 4059 φησὶ,

340 4079 416 4149 τῇ
462 4078 711 4149 Ἐρυθρᾷ
744 4080 1053 4151 θαλάσσῃ,
1080 4080 1179 4135 καὶ
1210 4080 1536 4150 ἐξηράνθη.

422 4256 569 4310 Ἀπὸ
600 4254 806 4326 φωνῆς
841 4255 1114 4325 βροντῆς
1152 4271 1270 4311 σου
1296 4257 1738 4313 δειλιάσουσιν.
1778 4260 1916 4331 Τρο-

340 4348 575 4419 μὰξουσι
630 4347 848 4417 φυσικῷ
894 4364 1003 4400 τινι
1045 4347 1215 4419 λόγῳ,
1265 4349 1298 4419 ἢ
1341 4349 1435 4403 καὶ
1484 4351 1622 4421 πρὸς
1644 4351 1916 4421 ὠφέλειαν

337 4439 519 4509 ἡμῶν.
567 4437 630 4490 Ei
660 4437 718 4491 δὲ
753 4437 823 4491 τὰ
858 4436 1030 4491 ὕδατα
1062 4436 1331 4509 τρέμουσι
1378 4441 1564 4509 φωνῆς
1588 4441 1911 4511 γενομένης,

336 4508 452 4583 οἷον
479 4528 909 4600 ἀγανακτήσεὼς
937 4545 1081 4592 τινος
1122 4529 1516 4599 αἰσθανόμενα,
1557 4508 1739 4603 πολλῷ
1774 4508 1910 4603 μᾶλι
1943 4508 1988 4563 Ι)

337 4621 432 4675 λον
491 4622 621 4684 τοὺς
667 4620 921 4690 λογικοὺς
959 4622 1108 4691 ἡμᾶς
1160 4619 1320 4675 τοῦτο
1357 4623 1588 4694 πάσχειν
1638 4625 1766 4697 χρὴ,
1816 4626 1913 4680 καὶ

340 4710 746 4764 συστέλλεσθαι.

420 4802 884 4856 Ἀναϐαίνουσιν
903 4801 1033 4869 ὅρη,
1057 4802 1158 4856 καὶ
1182 4803 1608 4858 καταϐαίνουσι
1630 4806 1808 4860 πεδία
1824 4808 1913 4874 εἰς

337 4886 445 4940 τὸν
465 4892 671 4953 τόπον,
696 4887 769 4941 ὃν
799 4887 1201 4956 ἐθεμελίωσας
1227 4888 1456 4956 αὐτοῖς.
1494 4890 1820 4964 ’Υψώθησαν
1843 4896 1911 4948 τὰ

336 4978 462 5049 ὅρη,
498 4981 591 5034 καὶ
618 4979 1067 5048 ἐταπεινώθησαν
1106 4982 1175 5034 τὰ
1223 4982 1403 5043 πεδία.
1430 4984 1509 5045 είς
1544 4987 1635 5036 τὸν
1654 4987 1816 5038 τόπον
1848 4986 1907 5038 ὃν

335 5072 584 5141 ἧδρασας
608 5072 812 5135 αὐτοῖς.
833 5073 895 5124 Ei
917 5071 974 5125 δὲ
1007 5072 1079 5143 μὴ
1103 5073 1231 5141 περ)⁸
1254 5074 1352 5144 τῆς
1381 5074 1582 5139 θέσεως
1603 5077 1713 5130 τῶν
1735 5079 1909 5149 ὀρέων

335 5164 561 5217 καὶτῶν
593 5164 859 5217 πεδιάδων
876 5164 1047 5216 ταῦτα
1074 5163 1151 5235 μὴ
1183 5167 1420 5234 νοήσεις,
1445 5168 1529 5237 εἴη
1552 5169 1617 5221 ἂν
1639 5168 1750 5223 τῶν
1784 5170 1910 5223 ὑδά-

335 5267 446 5305 των
489 5252 588 5321 τῆς
640 5251 938 5321 θαλάσσης,
1000 5253 1082 5305 ὅτι
1127 5254 1482 5309 ἀναϐαίνουσι
1510 5258 1576 5308 τὰ
1604 5257 1703 5328 ὅρη
1738 5259 1908 5327 ὑψοῦ-

337 5360 504 5413 μενα,
562 5344 657 5397 καὶ
715 5344 1108 5399 καταϐαίνουσι
1147 5344 1213 5399 τὰ
1272 5346 1431 5400 πεδία
1474 5352 1902 5420 ταπεινούμενα·

334 5434 618 5499 λείποντος
647 5434 743 5488 τοῦ
789 5435 891 5501 ὡς.

408 5719 456 5755 ³⁴
477 5714 621 5776 Psal.
672 5734 760 5787 cv,
791 5722 845 5777 9.

2022 3251 2160 3319 ipsis
2196 3249 2473 3305 montibus
2509 3262 2941 3321 congregantur,
2974 3264 3027 3305 et
3060 3253 3239 3307 inlitus
3268 3252 3379 3307 illic
3409 3264 3597 3307 scatu-

2021 3341 2194 3403 riuut,
2243 3357 2557 3411 quanquam
2617 3342 2821 3411 alioqui
2873 3355 3066 3410 suapte
3124 3353 3317 3398 natura
3365 3343 3436 3398 ab
3484 3344 3595 3397 alto

2017 3418 2233 3489 soleant
2273 3434 2341 3487 ad
2381 3433 2642 3488 inferiora
2674 3432 2937 3490 deﬂuere.
2966 3430 3061 3489 Vel
3090 3434 3253 3489 aliter
3285 3451 3297 3487 :
3332 3435 3501 3504 Aquae
3531 3450 3595 3488 ac

2018 3524 2219 3581 ﬂuctus
2250 3527 2389 3579 adeo
2418 3525 2471 3579 in
2500 3525 2672 3579 altum
2699 3525 2986 3593 tollentur,
3016 3535 3073 3580 ut
3106 3526 3222 3596 ipsa
3245 3526 3408 3609 etiam
3440 3542 3593 3580 mun-

2019 3618 2154 3671 tium
2183 3628 2403 3687 aequent
2427 3616 2742 3672 cacumina.

2091 3708 2265 3765 Vsus.
2307 3708 2358 3761 7.
2387 3707 2467 3760 Ab
2501 3706 2863 3776 increpatione
2899 3716 2990 3759 tua
3029 3706 3252 3776 fugient.
3282 3702 3365 3761 Ob
3400 3719 3589 3761 aucto-

2019 3798 2239 3853 ritatem
2289 3805 2345 3852 et
2375 3797 2671 3852 ellicaciam
2709 3796 3090 3851 mandatorum
3142 3805 3385 3863 tuorum,
3435 3813 3592 3868 aqua:

2017 3906 2139 3961 quae
2166 3890 2219 3944 in
2253 3888 2535 3963 montibus
2562 3889 2896 3953 scaturiunt,
2940 3888 3393 3951 exsiccabnntnr,
3416 3901 3468 3942 et
3497 3905 3591 3943 sn-

2020 3983 2219 4037 blitucs
2267 3982 2435 4036 etiam
2469 3982 2639 4035 maris
2672 3980 2873 4037 ﬂuctus
2906 3982 3363 4049 compritueutur.
3404 3979 3590 4034 Incre-

2016 4076 2161 4145 pavit
2192 4074 2364 4138 enim,
2395 4073 2596 4144 inqnit,
2636 4072 2925 4136 Dominus,
2960 4088 3108 4127 mare
3132 4071 3391 4139 Rubrum,
3420 4083 3469 4127 et
3500 4087 3593 4126 ea:-

2016 4167 2271 4220 siccntnm
2302 4176 2379 4220 est
2406 4166 2473 4219 ⁸⁸.

2088 4257 2129 4309 Α
2163 4274 2281 4312 voce
2308 4256 2534 4311 tonitrui
2562 4250 2652 4309 tui
2712 4253 3098 4324 formidabant.
3148 4255 3589 4310 Cnntremisccnt

2018 4348 2254 4403 naturali
2283 4348 2520 4418 quadam
2550 4349 2783 4413 ratione,
2808 4346 2887 4401 vel
2911 4346 2978 4399 ad
3000 4346 3289 4400 utilitatem
3318 4357 3583 4403 nostram.

2016 4441 2172 4509 Quod
2204 4442 2248 4496 si
2280 4456 2435 4512 aqua:
2465 4456 2587 4512 qua:
2623 4443 2740 4511 ipso
2789 4441 2954 4495 etiam
2993 4455 3162 4495 sensu
3191 4448 3403 4504 carent,
3441 4439 3588 4492 laeto

2017 4534 2265 4587 tonitruo
2298 4531 2690 4598 formidabant,
2719 4530 3134 4601 quantomagis
3163 4530 3344 4592 nobis,
3377 4530 3469 4597 qui
3498 4544 3587 4583 ra—

2012 4621 2248 4676 tionales
2278 4637 2493 4684 sumus,
2525 4622 2579 4677 id
2622 4622 2874 4676 accidere
2902 4620 3064 4676 debet
3103 4619 3128 4673 ἲ
3171 4630 3226 4673 ιιι
3258 4620 3474 4674 scilicet
3520 4620 3590 4672 ti-

2011 4729 2168 4769 more
2196 4714 2587 4784 corripiantur.

2084 4806 2249 4861 Vens.
2272 4806 2325 4861 8.
2351 4807 2654 4862 Ascendunt
2690 4815 2912 4870 montes,
2944 4816 2993 4860 et
3039 4800 3363 4861 descendunt
3414 4805 3588 4873 campi

2010 4895 2064 4949 in
2113 4895 2308 4961 locum,
2339 4913 2495 4967 quem
2526 4896 2769 4965 fundasti
2801 4896 2895 4950 eis.
2928 4895 3162 4950 Exaltati
3191 4906 3321 4951 sunt
3347 4907 3584 4956 montes.

2010 4998 2062 5039 et
2096 4987 2341 5054 depressi
2370 4999 2503 5044 sunt
2534 4989 2713 5057 campi
2751 4989 2807 5042 in
2835 4989 3039 5050 locum,
3085 5002 3248 5055 quem
3284 4987 3391 5041 illis
3422 4986 3589 5040 stabi-

2012 5078 2142 5132 listi.
2177 5077 2337 5144 Quod
2367 5080 2410 5133 si
2440 5081 2508 5133 de
2541 5078 2811 5133 montium
2866 5085 2920 5133 et
2956 5093 3274 5145 camporum
3327 5080 3436 5130 situ
3468 5078 3583 5129 haec

2012 5167 2371 5239 intelligenda
2422 5185 2529 5224 non
2587 5184 2840 5235 censeas,
2880 5169 2991 5224 diei
3048 5169 3213 5223 etiam
3260 5173 3443 5234 potest
3517 5164 3585 5217 de

2010 5260 2170 5328 aquis
2202 5262 2392 5323 maris,
2430 5261 2575 5329 quod
2634 5260 2841 5315 ﬂuctus
2883 5259 3005 5328 ejus
3054 5256 3385 5318 ascendunt,
3419 5266 3584 5320 atque

2010 5349 2358 5405 extolluntur
2419 5352 2474 5406 in
2536 5356 2749 5415 altum,
2817 5350 2974 5420 quasi
3059 5356 3320 5412 montes,
3373 5356 3427 5401 et
3487 5348 3584 5400 de-

2016 5443 2221 5508 pressi,
2289 5458 2616 5515 camporum
2675 5447 2877 5508 instar,
2936 5441 3171 5496 humiles
3218 5439 3579 5495 descendunt.

2012 5526 2174 5582 Juxta
2228 5548 2391 5602 quem
2436 5549 2658 5590 sensum
2741 5529 3208 5600 subintelligenda
3252 5536 3338 5583 cst
3385 5529 3573 5592 dictio,

2014 5622 2193 5677 veluti.
