4076 6204
341 313 479 374 1025
1512 316 1906 375 (IUMMEN'I‘.
1955 317 2028 375 IN
2077 317 2437 381 PSMMOS.
3469 330 3609 396 1026

339 423 432 474 λαὶ
454 424 565 485 τοῖς
627 421 916 484 τοιούτοις,
957 421 1103 491 ἅπερ
1128 422 1265 493 ὁμοῦ
1322 422 1500 476 πάντα
1529 422 1775 479 δουλείαν
1813 424 1898 476 τῶι

2029 427 2314 490 nascitur;
2354 443 2449 496 per
2478 428 2643 500 χλόην
2676 445 2805 484 vero
2854 430 2997 485 illam
3031 450 3193 503 quam
3235 455 3358 505 nos,
3385 443 3608 497 tametsi

334 514 666 586 ἀνθρώπων,
693 513 767 577 ὡς
796 513 1107 584 ἀνθρώποις
1162 513 1489 569 δουλεύοντα
1544 533 1895 587 προσαγορευ

2028 518 2213 572 minus
2251 520 2498 588 proprie,
2531 522 2790 576 vocabuli
2840 523 3025 593 inopia
3075 527 3193 580 olus
3241 529 3503 598 diximus,
3551 541 3610 588 et

336 606 519 674 ϐῆναι.
552 606 707 668 Τινὲς
738 604 793 657 δὲ
815 606 979 658 πάλιν
1033 606 1244 679 ἑτέρως
1295 608 1677 677 ἡρμήνευσαν,
1729 608 1898 678 χόρτοι

2022 626 2087 666 ex
2122 611 2289 667 cultis
2322 615 2629 683 percipitur
2658 614 2797 671 locis
2826 632 2842 671 :
2876 632 3111 685 quorum
3151 619 3379 675 alteram
3414 625 3601 678 datam

340 700 441 769 μὲν
498 700 792 768 νοήσαντες
821 698 914 750 τὸν
956 700 1032 768 μὴ
1071 699 1307 769 φέροντα
1370 702 1585 771 καρπὸν
1640 702 1898 773 χρήσιμο·

2023 719 2147 760 esse
2177 704 2371 759 dicunt
2420 705 2609 761 liberis
2662 708 2955 778 pecoribus
2991 725 3116 780 quae
3143 712 3331 766 herbis
3378 729 3608 770 vescun-

337 791 416 849 εἰς
454 789 660 860 βρῶσιν
688 790 994 861 ἀνθρώπων
1016 832 1032 855 ,
1096 790 1261 862 χλόην
1288 791 1344 845 δὲ
1403 794 1503 864 τὴν
1532 794 1889 865 καρποφοροῦ

2024 803 2139 856 tur,
2191 794 2428 849 alterum
2456 794 2522 849 iis
2566 811 2693 865 quae
2724 797 2967 851 humano
3020 800 3207 867 generi
3257 799 3607 867 deserviunt,

338 900 439 936 σαν
496 882 840 954 εὔχρηστον
890 886 1143 938 κάκεῖνον
1184 885 1285 955 μὲν
1336 885 1898 953 ἐξανατέλλεσθαιτοῖ.

2021 886 2192 941 veluti
2227 887 2425 952 bobus,
2454 889 2635 960 equis,
2665 889 2887 954 ovibus,
2923 897 2979 944 et
3003 891 3299 957 similibus,
3332 910 3454 963 qum
3483 895 3623 965 ani-_

334 976 582 1046 κτήνεσι,
612 981 819 1047 ταύτην
857 978 914 1030 δὲ
939 980 1055 1042 τοῖς
1095 977 1407 1050 ἀνθρώποις
1435 994 1450 1008 ·
1475 981 1543 1050 τῇ
1570 978 1788 1050 δουλείᾳ
1810 979 1898 1032 τῶι

2020 980 2188 1034 malia
2234 977 2511 1050 Propheta
2593 980 2916 1037 servitutem
2969 984 3255 1037 hominum
3292 984 3613 1055 appellavit,

332 1070 658 1139 ἀνθρώπων,
679 1072 754 1136 ὡς
791 1072 890 1144 τῆς
915 1073 1019 1141 γῆς
1045 1073 1418 1147 δουλευούσης
1441 1077 1556 1139 τοῖς
1582 1074 1895 1146 ἀνθρώποις

2017 1070 2165 1138 quod
2201 1070 2524 1126 hominibus
2559 1072 2836 1127 serviunt.
2870 1071 2980 1127 Alii
3008 1087 3141 1128 vero
3167 1088 3263 1143 per
3293 1075 3461 1145 χλόην
3483 1090 3607 1130 om-

333 1160 401 1214 δι’
424 1162 519 1227 οὓς
551 1165 647 1218 καὶ
666 1165 878 1233 γέγονε.

2029 1178 2153 1218 nem
2188 1165 2413 1219 herbam
2446 1165 2867 1231 intellexerunt,
2915 1182 3040 1235 quae
3097 1166 3341 1220 humano
3394 1168 3517 1221 usui
3555 1169 3613 1219 in

332 1253 513 1308 cibum
559 1256 819 1323 deservit,
870 1271 984 1328 qua
1027 1257 1249 1312 ratione
1283 1257 1407 1311 olus
1454 1272 1574 1312 eam
1623 1257 2059 1328 appellavimus:
2096 1264 2152 1309 et
2186 1269 2285 1324 per
2314 1253 2569 1320 berbam,
2635 1254 2909 1325 quidquid
2989 1257 3306 1312 hominibus
3370 1259 3421 1311 iu
3491 1256 3609 1315 cibi

331 1362 490 1401 usum
527 1362 632 1402 non
683 1349 857 1403 venit.
900 1348 1057 1404 lianc
1095 1350 1268 1420 igitur
1317 1350 1613 1419 pecoribus
1664 1350 1997 1420 productam
2078 1346 2216 1401 dicit
2253 1345 2577 1417 'Propheta,
2653 1348 2792 1403 illud
2851 1362 2981 1404 vero
3023 1348 3365 1406 hominibus.
3442 1352 3614 1410 Servi-

328 1443 431 1496 tuti
491 1444 655 1498 etiam
715 1443 989 1499 hominum
1045 1444 1208 1509 dixit,
1260 1444 1387 1514 quia
1438 1452 1583 1499 terra
1630 1443 1916 1499 hominum
1956 1442 2150 1497 usilms
2184 1440 2438 1509 inservit,
2473 1444 2547 1498 ob
2575 1459 2775 1514 quosa
2815 1446 2926 1501 Deo
2959 1444 3062 1500 fuit
3105 1454 3312 1502 creata.

401 1536 513 1591 Τοῦ
540 1537 860 1607 ἐξαγαγεῖν
896 1538 1082 1606 ἄρτον
1119 1537 1189 1592 ἐκ
1215 1537 1327 1607 τῆς
1353 1536 1488 1608 γῆς.
1523 1538 1913 1609 Χορτασοήσε-

321 1650 434 1699 ται,
477 1636 665 1706 φησὶν,
724 1635 757 1706 ἡ
808 1635 907 1704 γῆ,
950 1634 1120 1689 ἕνεκα
1162 1634 1261 1688 τοῦ
1334 1634 1627 1704 ἐξαγαγεῖν
1651 1633 1819 1704 ἄρτον
1853 1634 1912 1700 ἐξ

321 1727 513 1797 αὐτῆς,
547 1726 656 1780 ἀπὸ
688 1726 840 1780 σίτου
877 1725 1451 1797 κατασκευαζόμενον.

390 1814 496 1868 Καὶ
522 1810 684 1881 οἶνος
705 1815 1012 1885 εὐφραίνει
1036 1814 1292 1885 καρδίαν
1345 1814 1687 1883 ἀνθρώπου.
1745 1816 1853 1869 Καὶ
1884 1816 1913 1868 ὁ

2086 1532 2257 1589 Vsus.
2302 1535 2388 1591 l5.
2431 1535 2513 1589 Ad
2542 1536 2874 1592 educendum
2903 1553 3093 1605 panem
3128 1538 3193 1591 de
3223 1548 3389 1593 terra.
3423 1538 3610 1596 Salia-

2013 1624 2184 1692 bitur,
2215 1625 2417 1695 inquit.
2468 1636 2617 1682 terra
2651 1640 2707 1683 ut
2736 1628 3011 1683 educatur
3040 1644 3107 1682 ex
3152 1644 3216 1683 ea
3274 1632 3454 1699 panis,
3511 1634 3605 1702 qui

2012 1716 2081 1770 de
2106 1716 2387 1772 frumento
2418 1719 2473 1772 in
2513 1727 2661 1773 terra
2694 1732 2823 1773 natu
2857 1720 3175 1775 conficitur.

2088 1808 2156 1863 Et
2184 1812 2361 1865 vinum
2410 1812 2652 1881 leiﬁcat
2685 1828 2779 1867 cor
2817 1815 3067 1868 hominis.
3101 1814 3281 1885 Ipsurn
3322 1816 3488 1870 etiam
3518 1818 3604 1870 vi-

319 1900 460 1970 οἶνος
492 1906 702 1978 καρπὸς
730 1910 829 1978 τῆς
860 1909 965 1977 γῆς
995 1906 1089 1969 ὢν,
1122 1908 1216 1961 καὶ
1268 1907 1330 1973 ἐξ
1368 1908 1541 1978 αὐτῆς
1576 1908 1898 1977 ἀναδιδόμε-

2016 1916 2149 1955 num
2183 1911 2346 1957 terra:
2395 1903 2610 1960 fructus
2638 1915 2743 1971 est,
2784 1914 2837 1960 et
2891 1907 3136 1961 laetificat
3188 1925 3286 1961 cor
3323 1910 3604 1966 hominis:

319 2016 428 2060 νος,
460 1998 745 2069 εὐφραίνει
777 2001 1007 2070 καρδίαν
1042 2000 1375 2072 ἀνθρώπων,
1411 2001 1764 2072 θεραπεύων,
1810 2003 1909 2056 καὶ

319 2088 487 2153 eme-2;
514 2092 705 2161 αὐτήν.

391 2180 507 2237 Τοῦ
568 2184 845 2252 ίλαρῦναι
911 2187 1240 2255 πρόσωπον
1276 2185 1347 2239 ἐν
1372 2185 1577 2251 ἐλαίῳ.
1611 2188 1719 2239 Καὶ
1748 2186 1911 2241 ἕνεκα

320 2274 483 2327 πάλιν
503 2274 599 2328 τοῦ
654 2277 956 2347 ἁπαλῦναι,
983 2278 1079 2333 καὶ
1107 2276 1403 2350 φαιδρῦναι
1429 2279 1488 2331 ὲν
1520 2279 1688 2351 ἐλαίῳ
1731 2297 1907 2352 γεωρ·

320 2366 574 2438 γουμένῳ
600 2369 713 2422 ἀπὸ
748 2370 923 2439 φυτοῦ
965 2371 1138 2443 αὐτῆς
1182 2373 1478 2441 πρόσωπον
1509 2372 1883 2444 σκληραγωγη

319 2458 411 2509 οὲν
442 2459 762 2531 ἀνθρώπου.

391 2552 495 2604 Καί
530 2553 712 2621 ἄρτος
738 2556 992 2624 καρδίαν
1024 2557 1359 2626 ἀνθρώπου
1384 2556 1668 2626 στηρίξει.
1724 2557 1783 2611 '0
1807 2559 1908 2629 μὲν

316 2638 456 2707 οἶνος
526 2646 809 2716 εὐφραίνει
879 2649 1069 2720 αὑτήν.
1135 2643 1304 2713 Οὗτος
1337 2649 1393 2701 δὲ
1426 2648 1658 2719 δυναμοῖ
1695 2667 1906 2720 κεκμη⁸

320 2739 499 2801 κυῖαν,
534 2740 746 2806 καρπὸς
779 2739 856 2794 ὢν
914 2742 1009 2797 καὶ
1042 2742 1204 2805 αὐτὸς
1237 2743 1337 2814 τῆς
1362 2743 1489 2813 γῆς·
1521 2744 1744 2796 πάντων
1771 2744 1881 2815 γὰρ

317 2828 470 2882 ἔθετο
522 2831 788 2901 πρᾶνοιαν
836 2836 864 2886 ὁ
923 2835 1320 2903 Δημιουργδς,
1376 2835 1471 2888 καὶ
1540 2834 1776 2903 ἀλόγων,
1809 2836 1905 2889 καὶ

316 2920 570 2988 λογικῶν,
612 2922 895 2992 χορτὰζων
926 2923 1025 2993 τὴν
1047 2924 1171 2995 γῆν,
1203 2924 1289 2977 ἵνα
1337 2923 1653 2992 πιανθεῖσα,
1683 2925 1899 2990 τούτοις

316 3014 509 3081 ἀνήσει
532 3014 599 3065 τὰ
631 3013 940 3083 ἐπιτήδεια.

382 3190 872 3260 Χορτασθήσεται
898 3194 967 3247 τὰ
997 3194 1157 3260 ξύλα
1189 3198 1297 3252 τοῦ
1322 3198 1561 3254 πεδίου.
1598 3199 1897 3272 ’Ᾱρδευθή-

2018 1993 2225 2063 quippe
2259 2010 2385 2050 eum
2414 2006 2468 2050 et
2506 1997 2675 2052 robur
2700 2007 2948 2068 praestet,
2990 2008 3044 2053 et
3073 2000 3483 2055 sollicitudines
3521 2018 3607 2057 rc-

2020 2087 2217 2141 mittat.

2089 2178 2173 2231 Ad
2219 2178 2635 2234 cxhilarandum
2690 2181 2880 2250 faciem
2920 2184 2973 2236 in
3015 2184 3150 2237 oleo.
3196 2184 3259 2239 Et
3294 2200 3487 2241 rursus
3539 2203 3603 2240 ea

2018 2271 2255 2336 ratione,
2311 2282 2367 2325 ut
2399 2271 2609 2327 aridam
2642 2282 2806 2328 antea
2844 2283 3011 2341 atque
3054 2291 3306 2345 asperam
3365 2280 3606 2336 hominis

2018 2358 2211 2415 faciem
2301 2363 2532 2418 hilarem
2603 2364 2820 2430 reddat,
2878 2367 3041 2435 idque
3090 2371 3291 2424 etlieiat
3337 2370 3390 2424 in
3458 2374 3602 2439 oleo,

2014 2452 2168 2521 quod
2202 2467 2232 2506 a
2266 2463 2429 2508 terra:
2459 2456 2642 2525 planta
2672 2457 3022 2525 producitur.

2085 2544 2154 2598 Et
2187 2547 2342 2614 panis
2374 2564 2469 2601 cor
2497 2547 2726 2603 hominis
2784 2552 3089 2620 conﬁrmat.
3132 2551 3333 2608 Vinum
3378 2554 3600 2624 quidem

2013 2636 2256 2692 lzetiiicat
2287 2654 2407 2703 eor,
2444 2641 2601 2709 panis
2633 2650 2818 2695 autem
2869 2645 3018 2698 vires
3066 2643 3315 2715 fatigatis
3345 2657 3597 2717 prastat,

2008 2741 2062 2784 ct
2098 2730 2272 2800 ipsius
2320 2731 2484 2786 etiam
2535 2744 2696 2787 terra:
2744 2735 2961 2791 fructus
2992 2746 3098 2793 est.
3134 2736 3393 2812 omnium
3427 2738 3598 2810 igitur

2008 2832 2393 2877 creaturarum
2429 2827 2835 2893 providentiam
2871 2829 3065 2883 habuit
3117 2829 3283 2897 Deus,
3312 2838 3424 2885 tam
3457 2832 3605 2886 irra~

2009 2912 2325 2975 tionalium,
2362 2928 2525 2982 quam
2579 2916 2793 2969 ratione
2829 2918 3190 2985 praeditarum
3221 2937 3235 2973 :
3273 2926 3596 2990 terramque

2010 3002 2184 3072 ipsam
2239 3005 2485 3067 satiavit,
2521 3016 2582 3060 ut
2615 3005 2993 3077 pingttefacta.
3046 3018 3362 3080 opportuna
3411 3012 3597 3066 omni-

2007 3093 2110 3149 bus
2142 3095 2399 3151 alimenta
2433 3097 2700 3154 tribueret
2766 3108 2822 3154 et
2862 3105 3195 3159 necessaria.

2079 3185 2244 3241 Vens.
2288 3187 2375 3241 16.
2418 3189 2821 3245 Saturabuntur
2862 3193 3009 3262 ligna
3040 3198 3235 3264 campi.
3283 3198 3600 3269 lrrigabun-

316 3299 491 3348 σεται,
551 3285 914 3357 πιανοήσεται
969 3287 1040 3342 τὰ
1090 3289 1237 3359 φυτὰ
1276 3291 1380 3363 τῆς
1409 3295 1534 3364 γῆς,
1569 3293 1639 3349 τὰ
1672 3297 1898 3349 παντοῖα

2008 3286 2096 3333 tur
2123 3289 2178 3334 et
2228 3280 2589 3350 pinguescent
2645 3284 2845 3353 planta:
2896 3301 3094 3342 omnes
3138 3299 3318 3354 terraé,
3356 3298 3412 3344 et
3462 3295 3593 3347 uni.

314 3374 527 3445 δένδρα.

375 3475 443 3526 Al
515 3472 713 3539 κέδροι
772 3475 882 3530 τοῦ
946 3475 1230 3539 Λιϐάνου,
1279 3476 1353 3545 ἅς
1401 3476 1768 3548 ἐφύτευσας.
1801 3479 1903 3532 Atii

314 3564 520 3618 τούτων
546 3566 622 3630 ὡς
666 3569 1088 3640 ἑπισημοτέρων
1154 3571 1337 3635 πάσας
1387 3571 1679 3640 ὑποδηλοῐο
1725 3573 1902 3641 Ἐφύ-

314 3673 537 3725 τευσας
559 3659 617 3712 δὲ
649 3660 773 3714 ἀντὶ
796 3660 917 3725 τοῦ,
972 3661 1320 3727 ἑξανέτειλας
1382 3663 1792 3734 προστάγματι.

381 3838 548 3891 Ἐκεῖ
573 3842 863 3910 στρουθία
917 3840 1473 3898 ἐννοσσεύσουσιν.
1521 3844 1613 3897 Ἐν
1642 3844 1757 3908 τοῖς
1794 3862 1900 3914 φυ-

314 3933 449 3997 τοῖς,
482 3934 542 3986 ὲν
574 3936 689 3997 τοῖς
720 3933 982 4004 δένδροις,
1015 3935 1074 3988 ὲν
1107 3936 1232 3999 ταῖς
1250 3934 1418 4006 κέδρο
1433 3954 1503 3999 ις.
1560 3937 1660 3991 Διά
1709 3938 1768 3991 δὲ
1790 3938 1899 3991 τῶν

314 4024 616 4096 στρουθίων
663 4025 759 4081 καὶ
786 4026 956 4080 τᾶλλα
988 4025 1183 4098 νόησον
1231 4027 1420 4099 ὄρνεα.
1480 4029 1557 4083 Οὔ
1594 4029 1758 4099 μόνον
1791 4030 1901 4101 γὰρ

313 4117 648 4190 ἀνθρώποις,
671 4118 807 4172 ἀλλὰ
840 4118 948 4172 διαὶ
998 4120 1112 4184 τοῖς
1163 4119 1376 4193 ὀρνέοις
1404 4121 1732 4194 χρήσιμοςή
1768 4123 1899 4178 ἀνά-

313 4210 460 4275 δοσις
482 4211 593 4264 τῶν
612 4210 871 4281 δένδρων.

390 4324 499 4380 Τοῦ
514 4324 760 4393 ἐρωδιοῦ
786 4324 827 4393 ὴ
860 4327 1132 4382 κατοικία
1159 4328 1389 4398 ἡγεῖται
1429 4328 1610 4385 αὐτά.
1660 4329 1720 4384 Ὀ
1759 4332 1900 4401 ἐρω-

311 4416 424 4478 ea;
468 4412 610 4481 εἶδος
640 4417 832 4489 ὀρνέου
872 4415 1092 4490 πρώτου
1121 4420 1431 4490 πηγνύντος
1452 4421 1553 4491 τὴν
1578 4421 1799 4476 καλιάν.

2008 3388 2184 3428 versae
2214 3374 2473 3431 arbores.

2080 3464 2597 3538 CcdriLibaniquas
2621 3469 2903 3537 plantasti.
2935 3470 3036 3526 Per
3061 3473 3285 3541 cedros,
3314 3475 3479 3530 veluti
3510 3476 3597 3531 in-

2007 3557 2279 3627 signiores
2309 3563 2558 3624 arbores,
2584 3569 2814 3616 canoras
2841 3564 3006 3617 etiam
3034 3565 3389 3635 signiﬁcavit.
3424 3567 3593 3622 Plan-

2006 3650 2137 3703 tasti
2179 3658 2389 3715 autent,
2457 3652 2561 3705 hoc
2613 3659 2718 3717 cst,
2775 3666 2806 3706 e
2867 3660 3013 3707 terra
3062 3656 3304 3710 eduxisti
3338 3660 3597 3716 mandato

2004 3750 2120 3795 tuo.

2078 3830 2166 3885 lbi
2185 3847 2431 3901 passeres
2468 3833 2845 3898 nidiﬁcabunt.
2892 3836 2997 3901 lbi,
3022 3836 3076 3890 in
3124 3838 3326 3908 plantis
3357 3840 3593 3901 scilicet.

2002 3931 2053 3977 et
2095 3922 2415 3987 arboribus,
2464 3924 2518 3977 in
2555 3923 2758 3979 cedris.
2793 3924 2899 3979 Per
2933 3940 3187 3996 passeres
3222 3928 3387 3983 simili
3425 3930 3590 3987 modo

2002 4030 2164 4071 omne
2204 4014 2354 4070 aliud
2386 4015 2675 4071 volucrum
2706 4032 2883 4088 genus
2918 4017 3185 4090 intellige.
3224 4018 3414 4089 Neque
3442 4023 3589 4078 enim

2004 4105 2322 4162 hominibus
2350 4114 2587 4170 tantum,
2623 4110 2720 4163 sed
2772 4108 2907 4178 ipsis
2943 4108 3108 4164 etiam
3143 4110 3339 4167 avibus
3409 4115 3589 4170 utilis-

2004 4197 2145 4254 sima
2178 4196 2278 4252 fuit
2305 4198 2568 4254 arborum
2604 4199 2840 4255 creatio.

2077 4310 2243 4367 Vens.
2286 4311 2376 4367 18.
2420 4309 2611 4366 Erodii
2651 4310 2842 4367 domus
2899 4314 3151 4375 prrccedit
3194 4331 3307 4370 eas.
3353 4316 3585 4372 Erodins

2003 4421 2177 4475 genus
2208 4414 2299 4458 est
2333 4404 2474 4466 avis,
2507 4420 2627 4474 qua:
2654 4404 2831 4474 prima
2864 4405 3046 4463 avium
3095 4409 3339 4462 omnium
3389 4410 3581 4466 nidum

2007 4496 2142 4567 figit.

387 4616 526 4681 Ὄρη
553 4614 627 4669 τὰ
654 4618 867 4684 ὑψηλὰ
896 4615 1026 4684 ταῖς
1050 4616 1325 4686 ἐλάφοις
1358 4615 1545 4685 πέτρα
1577 4618 1890 4685 καταφυγὴ

2071 4608 2280 4663 Montes
2309 4609 2506 4665 excelsi
2550 4611 2739 4675 cervis,
2781 4621 2933 4679 petra
2985 4590 3249 4681 refugium
3295 4614 3580 4679 leporibus.

312 4706 439 4772 τοῖς
470 4707 749 4775 λαγωοῖς.
789 4709 933 4778 Ὅρα
996 4710 1093 4763 καὶ
1126 4709 1236 4760 τῶν
1264 4706 1485 4777 ὑψηλῶν
1534 4708 1730 4777 ὀρέων,
1790 4709 1900 4759 τῶν

312 4797 536 4868 πετρῶν
577 4797 638 4852 τὸ
689 4799 1006 4869 χρήσιμονο
1063 4798 1285 4852 πάντων
1336 4797 1470 4867 γὰρ,
1536 4796 1611 4859 ὡς
1658 4797 1898 4867 εἴρηται,

2004 4702 2140 4758 Vide
2173 4704 2415 4772 ipsorum
2445 4705 2612 4757 etiam
2648 4709 2915 4759 ntontium
2949 4720 3013 4758 ac:
3052 4715 3330 4774 petrarum
3364 4709 3582 4762 utilita-

2002 4803 2132 4853 tem.
2168 4804 2223 4849 ct
2252 4797 2534 4863 quomodo
2588 4797 2673 4851 vel
2726 4796 3071 4851 inlirmormu
3122 4804 3288 4853 etiam
3335 4799 3585 4855 animen-

316 4890 652 4955 προνοεῖται,
704 4889 868 4959 μέχρι
916 4887 1010 4943 καὶ
1066 4887 1174 4941 τῶν
1240 4888 1627 4958 σμικροτάτων
1669 4888 1847 4955 ζώων,
1872 4892 1898 4944 ὁ

2007 4888 2138 4939 tium
2199 4902 2452 4942 summus
2479 4886 2673 4956 Opilex
2706 4901 2894 4941 curam
2919 4886 3137 4946 habeat.
3168 4888 3305 4943 Nam
3339 4890 3386 4944 si
3420 4906 3581 4944 mon-

316 4979 580 5050 Κτίστης.
622 4980 814 5051 Είγὰρ
846 4979 925 5052 μὴ
968 4979 1039 5033 τὰ
1068 4978 1172 5049 ὅρη
1229 4978 1356 5052 μηδ’
1385 4978 1444 5031 αἱ
1492 4979 1693 5050 πέτραι
1736 4982 1898 5049 γεγό-

2000 4987 2083 5031 tes
2118 4979 2252 5031 nulli
2292 4988 2504 5041 essent,
2558 4992 2661 5033 nec
2692 4978 2816 5034 ullae
2859 4989 3050 5048 petra}.
3084 4980 3422 5037 defecissent
3452 4998 3583 5037 sane

314 5088 493 5137 νασιν,
526 5073 823 5143 ἑπέλειψαν
849 5075 918 5128 ἂν
972 5073 1142 5130 πάλαι
1188 5071 1260 5127 τὰ
1307 5070 1543 5142 ρηθέντα
1593 5072 1729 5145 γένη
1787 5075 1898 5130 τῶν

2007 5067 2127 5122 olim
2146 5068 2352 5129 omnia.
2376 5084 2501 5139 qua:
2525 5070 2764 5126 diximus
2794 5071 3127 5140 animantia,
3152 5073 3300 5129 etab
3324 5072 3581 5128 immitio-

316 5164 499 5233 ζώων,
525 5166 634 5219 ὑπὸ
650 5166 762 5220 τῶν
791 5165 1163 5235 σαρκοφάγων
1190 5163 1667 5235 ἐκδαπανηοέντα.

401 5276 678 5343 Ἐποίησε
702 5276 980 5344 σελήνην
1007 5279 1096 5343 εις
1123 5276 1390 5345 καιρούς.
1425 5276 1569 5339 Τοὺς
1624 5274 1729 5345 τῆς
1795 5293 1891 5330 νυ-

314 5369 443 5432 κτὸς
472 5368 737 5440 δηλονότι.
769 5368 882 5440 Τὴν
911 5367 1145 5439 σελήνην
1168 5367 1278 5437 γὰρ
1309 5368 1404 5421 καὶ
1430 5368 1561 5431 τοὺς
1624 5366 1891 5437 ἀστέρας,

312 5461 394 5526 είς
431 5459 686 5527 ἐξουσίαν
739 5461 838 5529 τῆς
870 5460 1091 5524 νυκτὸς,
1132 5457 1228 5512 ἐπὶ
1268 5458 1349 5529 τῷ
1383 5459 1643 5530 φωτίζειν
1692 5458 1889 5529 αὐτήν.

394 5574 450 5628 Ὁ
479 5574 656 5643 ἣλιος
676 5574 829 5642 ἔγνω
852 5573 968 5641 τὴν
991 5572 1172 5627 δύσιν
1203 5573 1413 5629 αὑτοῦ.
1447 5574 1631 5640 Ἔγνω
1657 5573 1886 5642 ταύτην,

310 5671 413 5739 οὐχ
440 5669 515 5731 ὼς
542 5667 805 5738 ἔμψυχος,
841 5666 978 5719 ἀλλὰ
1005 5667 1147 5719 κατὰ
1168 5666 1262 5721 τὸν
1310 5667 1454 5720 οιτον
1489 5668 1636 5738 ὅρον,
1662 5666 1722 5720 δν
1787 5669 1888 5738 οὐχ

312 5759 657 5834 ὑπερϐαίνει,
685 5756 940 5829 καθάπερ
963 5776 1048 5823 τις
1085 5759 1327 5823 λονικὺς,
1374 5758 1530 5823 εἰδὼς
1561 5760 1622 5814 τὸ
1654 5760 1906 5825 προστε-⁸

1995 5158 2152 5214 ribus
2181 5160 2318 5215 feris
2348 5160 2584 5216 fuissent
2616 5170 2972 5231 consumpta.

2065 5270 2234 5328 Vsus.
2274 5272 2368 5330 l9.
2413 5272 2564 5328 Fecit
2594 5277 2781 5331 lunam
2826 5278 2882 5331 in
2926 5286 3195 5344 tempora.
3242 5272 3301 5329 In
3328 5282 3576 5347 tempora

1992 5366 2211 5421 scilicet
2238 5368 2441 5424 noctis.
2471 5367 2684 5424 Lunam
2717 5370 2866 5426 enim
2898 5380 2951 5424 ct
2980 5368 3169 5423 stellas
3199 5367 3253 5422 in
3286 5366 3580 5439 praefectu-

1988 5474 2080 5515 ras
2105 5460 2288 5516 noctis
2318 5462 2549 5527 creavit,
2582 5474 2643 5516 ut
2669 5477 2788 5517 eam
2818 5462 3217 5517 illuminarenl.

2071 5573 2167 5629 Sol
2193 5576 2432 5644 cognovit
2483 5591 2733 5630 occasum
2768 5593 2943 5630 suum.
2997 5576 3270 5646 Cognovit
3317 5594 3575 5640 occasum

2000 5681 2161 5721 suum
2200 5667 2306 5733 sol,
2346 5682 2456 5722 non
2481 5668 2648 5723 veluti
2681 5668 2727 5722 is
2770 5668 2864 5739 qui
2919 5668 3157 5723 animam
3209 5679 3302 5726 aut
3349 5687 3573 5728 sensum

2001 5759 2222 5826 habeat,
2254 5759 2350 5817 sed
2378 5759 2546 5816 veluti
2576 5760 2623 5817 is
2650 5761 2742 5831 qui
2769 5760 3013 5817 divinam
3044 5762 3560 5822 determinationetu
