4102 6206
315 270 454 334 1029

377 390 512 443 Ζὼιι
536 388 720 458 μικρὰ
751 388 902 455 μετὰ
926 388 1227 457 μεγάλων.
1260 390 1433 442 τοῦτο
1462 389 1647 459 δῆλον.

388 561 543 615 Ἐκεῖ
585 560 773 637 πλοῖα⁵
832 562 1311 631 διαπορεύονται.
1360 566 1447 619 Ἐν
1502 569 1569 637 τῇ
1633 566 1882 650 θαλάσσῃ

301 655 571 725 δηλονότι.

374 745 619 814 Δράκων
679 742 862 813 οὗτος
908 747 983 801 ὂν
1013 748 1295 816 ἔπλασας
1348 750 1653 821 ἐμπαίζειν
1698 752 1878 818 αὐτῷ.
1916 813 1929 823 ,

302 840 414 892 Καὶ
442 840 472 891 ὁ
526 838 744 908 δράκων
800 833 979 903 οὗτος,
1039 841 1160 913 ἦτοι
1187 842 1247 895 τὸ
1279 844 1468 912 κῆτος,
1525 843 1584 896 ὃν
1636 844 1878 908 ἔκτισας,

301 934 596 1004 ὲνσκιρτᾷν
651 931 841 1003 αὐτῷ,
911 938 1054 1004 φημὶ
1107 934 1164 987 δὲ
1224 935 1303 1005 τῷ
1359 936 1533 991 ὕδατι.
1598 937 1882 1007 Δράκοντα

301 1026 359 1077 δὲ
415 1027 476 1078 τὸ
502 1028 666 1094 κῆτος
718 1025 1024 1095 ὠνόμασεν,
1076 1026 1153 1091 ὡς
1190 1028 1742 1099 ὑπερμεγεθέστατον
1823 1033 1882 1084 ὲν

302 1119 415 1177 τοῖς
446 1116 702 1178 ἐναλίοις·
730 1115 922 1186 ῶσπερ
955 1112 1049 1170 οὖν
1080 1121 1171 1171 καὶ
1198 1120 1226 1172 ὁ
1250 1119 1471 1187 δράκων
1518 1119 1578 1173 ἑν
1609 1122 1723 1183 τοῖς
1750 1138 1881 1191 χερς

306 1210 502 1270 σαὶοις.

380 1298 579 1352 Πάντα
601 1298 750 1365 πρὸς
772 1298 847 1351 σὲ
874 1300 1261 1367 προσδοκῶσι
1288 1303 1497 1358 δοῦναι
1521 1304 1636 1372 τὴν
1648 1303 1882 1373 τροφὴν

298 1390 497 1444 αὐτῶν
557 1393 645 1457 εις
684 1391 991 1461 εὔκαιρον.
1033 1394 1218 1448 Πάντα
1246 1396 1316 1449 τὰ
1354 1397 1469 1461 ζῶα
1519 1399 1599 1459 εἰς
1637 1397 1695 1450 σὲ
1725 1398 1880 1450 ἑλπί-

299 1483 481 1544 ζουσιν
521 1498 534 1512 ο
569 1482 708 1535 ἀλλὰ
736 1484 804 1537 τὰ
834 1486 1029 1552 ἄλογα,
1073 1487 1288 1557 φυσικῷ
1325 1506 1432 1541 τινι
1460 1488 1628 1556 λόγῳ,
1694 1488 1879 1551 καθὼς

296 1575 558 1639 ἀνωτέρω
588 1574 907 1644 δεδήλωται.
969 1575 1139 1631 Ἐνθα
1177 1578 1261 1641 τὸ,
1294 1578 1405 1633 Καὶ
1430 1579 1685 1649 ζητῆσαι
1716 1583 1880 1649 παρὰ

1517 275 1901 336 EUTHYMII
1930 274 2289 336 ZlGABENI

3428 281 3569 350 i030

1915 399 1962 453 Α
2062 388 2229 446 Vsus.
2263 390 2354 444 26.
2390 392 2663 448 Animalia
2703 393 2903 461 pusilla
2936 409 3054 447 cum
3078 397 3303 465 magnis.
3338 394 3450 453 lloc
3472 413 3569 468 per

1988 496 2049 537 se
2077 483 2291 537 clarum
2322 492 2428 538 est.

2061 572 2146 627 lbi
2179 590 2337 630 nares
2364 586 2767 644 pertranseunt.
2794 577 2852 633 In
2889 579 3028 634 mari
3054 581 3283 635 scilicet.

2059 751 2238 805 Draco
2264 754 2362 806 iste
2418 769 2574 823 quem
2614 755 2901 824 plasmasti
2949 756 3018 809 ad
3055 756 3340 809 ludendum
3389 757 3441 810 in
3485 773 3566 813 eo.

1983 841 2169 912 Ipsum
2203 844 2367 899 etiam
2401 853 2523 901 ceto
2547 847 2696 914 quod
2729 848 2953 910 creasti,
2981 848 3046 901 ad
3074 848 3478 903 subsiliendum
3514 851 3568 903 in
3611 912 3613 916 ς

1986 936 2150 990 mari.
2192 935 2495 993 Draconem
2530 938 2677 992 cnim
2710 949 2832 994 cete
2863 940 3178 1009 appellavit.
3215 939 3395 994 Veluti
3427 940 3571 993 inter

1986 1026 2162 1096 pelagi
2218 1028 2524 1082 animantia
2590 1041 2758 1084 vasta:
2815 1031 3105 1099 cujusdam
3181 1032 3573 1102 tnagnitudinis

1984 1117 2214 1181 animal,
2270 1120 2734 1188 quemadmodum
2778 1121 2947 1175 draco
2976 1122 3121 1178 inter
3154 1132 3394 1177 terrena.

2052 1291 2217 1347 Vens.
2244 1292 2334 1346 27.
2366 1293 2559 1348 Omnia
2584 1311 2618 1348 a
2646 1305 2692 1348 te
2714 1306 3042 1365 exspectant,
3083 1307 3142 1350 ut
3166 1298 3259 1351 des
3292 1299 3370 1352 eis
3393 1300 3567 1353 cibum

1981 1387 2037 1441 in
2073 1397 2322 1454 tempore.
2358 1385 2553 1440 Omnia
2586 1387 2868 1451 animalia,
2896 1388 3099 1458 inquit,
3144 1390 3200 1443 in
3231 1398 3283 1445 te
3314 1399 3569 1459 sperant,

1984 1479 2205 1533 tametsi
2234 1481 2390 1532 bruta
2425 1479 2568 1547 ipsa,
2607 1479 2759 1532 nulla
2801 1480 2977 1533 animi
3017 1486 3253 1548 ratione,
3289 1483 3450 1551 cujus
3477 1497 3573 1536 ex,

1980 1570 2158 1639 pertia
2188 1578 2342 1634 sunt,
2389 1572 2485 1626 sed
2514 1570 2755 1624 naturali
2792 1564 3034 1641 quodam
3068 1575 3335 1628 instinctu
3390 1576 3444 1628 id
3491 1576 3570 1628 fa-

298 1664 377 1730 τῷ
406 1664 529 1731 Θεῷ
551 1664 792 1732 ,ϐρῶσιν
840 1669 1068 1735 αὐτοῖς’
1107 1672 1453 1741 προσδοκῶσι
1481 1674 1540 1731 δὲ
1562 1676 1749 1729 δοῦναι
1771 1675 1876 1746 τὴν

1981 1660 2158 1718 ciunt.
2188 1660 2655 1730 quemadmodum
2697 1677 2866 1731 supra
2903 1664 3148 1719 diximus
3172 1664 3227 1717 in
3255 1666 3565 1720 versiculo:

296 1762 506 1830 τροφὴν
531 1760 720 1822 αὐτοῖς
778 1760 837 1814 ἰν
861 1760 1042 1832 καιρῷ
1069 1762 1282 1833 χρείας.

364 1942 583 2011 Δόντας
606 1958 724 1998 σου
751 1945 959 2014 αὐτοῖς
989 1946 1394 2015 συλλέξουσι.
1432 1951 1547 2022 Τὴν
1573 1952 1803 2023 τροφήν.

381 2126 764 2194 Ἀνοιεαντος
786 2126 856 2182 δέ
887 2143 1006 2184 σου
1048 2130 1167 2199 τὴν
1217 2131 1408 2201 χεῖρα,
1450 2133 1524 2188 τὰ
1546 2134 1879 2205 σύμπαντα

296 2217 763 2283 πλησθήσονται
817 2220 1259 2289 χρηστότητος.
1328 2224 1507 2294 Χεῖρα
1566 2225 1669 2295 μὲν
1726 2224 1877 2294 λέγει

296 2312 532 2381 χορηγὸν
558 2310 792 2379 δύναμιν
830 2314 1175 2385 χρηστότητα
1204 2315 1262 2368 δὲ
1291 2315 1392 2387 τὴν
1452 2318 1734 2389 πρόνοιαν.

380 2403 909 2472 Ἀποστρέψαντος
940 2405 1009 2459 δέ
1031 2422 1150 2462 σου
1199 2408 1266 2462 τὸ
1305 2410 1651 2479 πρόσωπον,
1703 2429 1880 2481 ταρα-

298 2496 651 2565 χθιζσονται.
688 2498 990 2567 Πρόσωπον
1034 2500 1134 2571 τὴν
1156 2502 1465 2573 ἐπισκοπὴν
1498 2520 1676 2575 φησιν.

381 2675 750 2744 ἌντανελεῙς
777 2676 844 2731 τὸ
864 2678 1103 2748 πνεῦμα
1127 2682 1345 2747 αὐτῶν,
1364 2684 1467 2738 καὶ
1493 2685 1875 2756 ἐκλείψουσι,

296 2767 396 2820 καὶ
423 2771 513 2835 εἰς
568 2770 679 2823 τὸν
727 2771 882 2838 χοῦν
930 2772 1133 2827 αὐτῶν
1185 2775 1691 2847 ἐπιστρέφουσιν.
1750 2782 1881 2850 Ἀφ-

297 2861 461 2925 ελεῖς.
505 2863 642 2931 Περὶ
672 2863 728 2917 δὲ
758 2863 867 2918 τῶν
905 2864 1212 2937 ἀνθρώπων
1240 2870 1268 2921 ὁ
1290 2867 1489 2939 λόγοςη

382 3126 847 3195 Ἐξαποστελεῖς
872 3128 938 3183 τὸ
959 3130 1196 3200 πνεῦμά
1211 3148 1352 3195 σου.
1381 3132 1479 3187 καὶ
1511 3133 1875 3202 κτισθήσον-

301 3234 417 3271 ται.
445 3218 518 3270 Τὸ
568 3218 789 3288 πνεῦμὰ
812 3237 907 3273 σου
948 3220 1234 3287 ζωοποιὸν,
1269 3224 1365 3277 καὶ
1397 3223 1876 3295 κτισθήσονταιὲκ

299 3310 406 3378 γῆς
423 3311 840 3382 ἀναστήσοντες.
872 3314 942 3366 Ἦ
958 3314 1015 3367 τὸ
1032 3314 1256 3386 [ινεῦμά
1273 3333 1391 3381 σου,
1415 3316 1476 3370 τὸ
1497 3316 1586 3370 διὰ
1612 3315 1704 3371 τοῦ
1719 3319 1874 3387 ἁγίου

301 3402 678 3473 βαπτίσματος
714 3405 1033 3473 ἐπιφοιτῶν,
1065 3407 1163 3460 καὶ
1183 3406 1571 3478 κτισθήσονται
1602 3410 1686 3473 εἰς
1753 3428 1877 3464 και-

300 3493 400 3564 νὴν
438 3495 638 3558 κτίσιν,
669 3496 750 3557 εἰς
778 3496 901 3549 νέον
932 3496 1079 3561 λαὸν,
1123 3496 1199 3561 ὡς
1234 3499 1472 3553 νοεῖσθαι
1504 3499 1567 3552 τὸ
1608 3501 1708 3571 μὲν
1746 3502 1877 3573 περὶ

298 3586 401 3655 τῆς
439 3587 503 3639 ὲκ
541 3587 753 3657 νεκρῶν
773 3588 1125 3650 ἀναστάσεως
1144 3629 1160 3654 ,
1186 3591 1247 3643 τὸ
1276 3588 1333 3642 δὲ
1357 3592 1488 3659 περὶ
1512 3591 1612 3660 τῆς
1662 3593 1729 3646 ἐκ
1780 3593 1878 3662 βα-

301 3676 607 3748 πτίσματος
631 3679 1080 3748 παλιγγενεσίας.

370 3857 479 3915 Καὶ
540 3856 912 3923 ἀνακαινιεῖς
962 3858 1029 3912 τὸ
1069 3858 1399 3926 πρόσωπον
1460 3859 1572 3926 τῆς
1626 3858 1759 3930 γῆς.
1808 3862 1880 3915 Τὸ

296 3950 497 4013 κάλλος
536 3950 637 4020 τῆς
664 3951 805 4029 γῆς.⁸
848 3952 988 4020 ὅπερ
1042 3951 1185 4007 εἰσὶν
1212 3952 1260 4004 οἱ
1296 3952 1598 4022 ἄνθρωποι.
1637 3954 1748 4009 Καὶ
1786 3954 1881 4008 ἄλ-

297 4043 406 4103 λως
436 4041 524 4099 δέ·
607 4046 657 4099 Il
682 4042 758 4111 γῆ
809 4044 1335 4115 ἀπαλλαγήσεται,
1403 4047 1545 4101 κατὰ
1590 4048 1682 4100 τὸν
1719 4047 1881 4107 Ἀπόν

297 4140 511 4192 στολον.

374 4326 532 4383 Ἵιτω
553 4326 590 4391 ἠ
614 4326 767 4391 δόξα
818 4328 1044 4395 Κυρίου
1090 4330 1179 4394 εις
1202 4327 1346 4396 τοὺς
1400 4326 1644 4395 αἰῶνας.
1679 4328 1786 4381 Τοῦ
1812 4329 1881 4382 τὰ

252 4462 257 4465 .
299 4419 402 4487 μὲν
432 4419 540 4473 τῶν
567 4420 876 4489 εἰρημένων
903 4421 1236 4492 ποιήσαντος
1264 4463 1278 4487 ,
1322 4420 1393 4474 τὰ
1422 4420 1479 4475 δὲ
1540 4421 1825 4485 ποιοῦντος
1859 4462 1872 4485 ,

294 4514 366 4564 τὰ
393 4514 449 4571 δὲ
480 4515 820 4584 ποιήσοντος.

371 4605 866 4674 Εἰνςρρανθήσεται
894 4607 1108 4674 Κύριος
1127 4605 1227 4659 ἐπὶ
1260 4606 1383 4671 τοῖς
1408 4606 1605 4676 ἔργοις
1663 4608 1874 4662 αὐτοῦ.

295 4699 425 4761 Tui;
453 4698 542 4755 διὰ
570 4698 669 4768 τῆς
706 4696 1173 4769 ἑνανθρωπήσειος
1238 4697 1405 4752 αὑτοῦ
1451 4700 1873 4769 κατορθωθησοο

299 4790 487 4859 μένοις
513 4804 527 4819 ⁸
566 4788 623 4860 ἢ,
644 4790 759 4852 τοῖς
797 4788 885 4840 διὰ
915 4788 1017 4859 τῆς
1052 4788 1285 4853 κτίσεως
1314 4788 1409 4843 τοῦ
1443 4790 1672 4861 κόσμου.

384 4880 446 4934 '0
476 4881 818 4935 ἐπιϐλέπων
868 4880 969 4933 ἐπὶ
1021 4879 1136 4945 τὴν
1165 4881 1302 4949 γῆν,
1334 4880 1433 4936 καὶ
1466 4881 1656 4936 ποιῶν
1682 4881 1886 4951 αὐτὴν

299 4971 559 5039 τρέμειν.
600 4974 690 5032 Ὡς
724 4973 820 5026 ἐπὶ
845 4973 955 5026 τῶν
983 4974 1227 5043 σεισμῶν
1251 4988 1265 5001 ·
1333 4973 1623 5033 ὲπιϐλέπει
1687 4976 1797 5047 γὰρ
1824 4976 1885 5029 τὸ

299 5068 520 5138 ὀργίλον
546 5084 561 5098 ⁸
584 5069 618 5137 ἠ
646 5067 731 5135 δὲ,
752 5068 826 5138 μὴ
863 5067 1134 5138 φέρουσα,
1168 5065 1361 5136 τρέμει
1399 5067 1543 5120 κατά
1563 5084 1683 5120 τινα
1712 5063 1884 5138 ’φυσι-

300 5159 426 5231 κὴν,
452 5159 487 5235 ἢ
516 5158 716 5231 μᾶλλον
737 5160 1047 5233 ἀπόρρητον
1079 5159 1456 5231 συναίσυησιν.

388 5340 443 5395 '0
477 5342 816 5412 ἁπτόμενος
842 5342 963 5395 τῶν
986 5340 1192 5409 ὀρέων,
1218 5337 1317 5393 καὶ
1350 5338 1749 5400 ecastr-(Cornu.
1788 5339 1875 5402 Ὠς

376 5518 443 5552 ³⁷⁹
482 5517 667 5585 Rom.,
689 5533 810 5573 vni.
832 5517 923 5573 2L

1910 1734 1954 1790 Β
1984 1753 2245 1818 Quaerunt
2274 1769 2306 1805 a
2338 1752 2444 1806 Deo
2474 1769 2649 1807 escam
2694 1754 2817 1808 sibi.
2882 1752 3214 1823 Exspectant
3267 1764 3448 1808 autem
3509 1764 3570 1808 ut

1982 1842 2081 1897 des
2109 1842 2194 1898 eis
2224 1842 2433 1907 cibum,
2463 1844 2517 1897 in
2555 1854 2802 1913 tempore
2833 1845 3046 1900 scilicet
3091 1845 3425 1914 indigentiae.

2054 1933 2223 1990 Vatis.
2268 1934 2359 1994 28.
2414 1934 2584 1989 Dante
2663 1946 2710 1990 te
2756 1937 2855 2001 eis,
2907 1935 3175 2004 colligent.
3220 1937 3419 1992 Cibum
3455 1939 3569 1993 sci-

1982 2031 2137 2087 licet.

2052 2126 2334 2195 Aperiente
2388 2136 2437 2180 te
2489 2142 2705 2180 manum
2757 2136 2928 2191 tuam,
2978 2128 3157 2182 omnia
3210 2127 3567 2197 implebuntur

1982 2217 2233 2273 bonitate.
2260 2217 2365 2273 Per
2393 2233 2644 2282 manum,
2689 2218 2966 2272 tribuendi
3011 2221 3329 2290 potentiam,
3374 2231 3429 2275 et
3469 2236 3568 2291 per

1980 2309 2307 2373 bonitatem,
2339 2308 2745 2379 providentiam
2771 2308 3039 2379 intellige.

2053 2400 2223 2458 Vens.
2255 2402 2348 2457 29.
2403 2402 2686 2457 Avertente
2714 2412 2892 2456 autem
2936 2413 2983 2456 te
3012 2402 3200 2471 facient
3250 2412 3417 2468 tuam,
3450 2414 3566 2457 turo

1981 2496 2271 2551 babuntur.
2306 2493 2528 2550 Faciem
2567 2495 2683 2559 Dei,
2725 2495 3041 2550 custodiam
3072 2504 3127 2550 et
3157 2496 3568 2565 protectioncm

1980 2587 2226 2642 divinam
2259 2586 2523 2656 appellat.

2049 2678 2274 2749 Auferes
2314 2677 2563 2744 spiritum
2594 2693 2798 2744 eorum,
2839 2688 2888 2731 et
2934 2678 3201 2749 deﬁcient,
3240 2689 3290 2734 et
3340 2682 3396 2735 in
3446 2681 3568 2748 pul-

1979 2786 2146 2825 verem
2172 2785 2328 2823 suum
2355 2778 2745 2823 convertentur.
2780 2769 3012 2826 Auferes
3047 2771 3158 2841 (l2)
3201 2773 3439 2825 animam
3473 2786 3569 2827 eoa

1982 2877 2128 2927 rum,
2186 2871 2241 2916 et
2275 2862 2604 2924 morientur,
2638 2870 2805 2931 atque
2837 2862 2910 2915 ita
2934 2862 3154 2916 demum
3184 2864 3444 2930 iresolnti,
3482 2879 3569 2917 re-

1981 2958 2268 3007 vertentur
2301 2952 2357 3007 in
2398 2962 2602 3007 terram
2646 2967 2825 3017 suam,
2861 2968 2890 3006 a
2940 2968 3049 3023 qua
3096 2953 3370 3023 desumpti
3412 2964 3565 3009 sunt.

1907 3062 1950 3120 ε
1987 3042 2083 3098 Est
2127 3051 2312 3096 autem
2347 3056 2533 3096 sermo
2558 3040 2626 3097 de
2657 3041 3000 3097 hominibus.

2053 3132 2221 3188 Vens.
2251 3133 2342 3188 30.
2378 3131 2603 3188 Emittes
2639 3135 2885 3201 spiritum
2922 3146 3092 3202 tuum,
3127 3145 3177 3190 et
3222 3136 3563 3190 creabantur.

1982 3225 2234 3289 Emittes,
2253 3225 2454 3294 inquit,
2484 3226 2708 3279 vitalem
2735 3226 2994 3296 spiritum
3017 3234 3197 3290 tuum,
3221 3236 3276 3283 et
3293 3230 3564 3283 creabun-

1979 3327 2073 3371 tur
2088 3315 2310 3377 iterum,
2324 3321 2720 3384 resurgentese
2738 3324 2905 3384 terra;
2928 3318 3032 3382 vel,
3049 3316 3281 3374 Emittes
3299 3317 3563 3388 Spiritum

1981 3416 2152 3471 tuum,
2196 3405 2289 3476 qui
2331 3420 2428 3476 per
2454 3413 2705 3461 sanctum
2736 3407 3004 3477 baptisma
3036 3418 3303 3465 venturus
3349 3418 3455 3473 est,
3509 3420 3562 3464 et

1981 3500 2340 3562 creabuntur,
2376 3500 2431 3552 in
2462 3513 2663 3553 novam
2714 3499 2973 3553 nimirum
3014 3509 3347 3567 creaturam,
3397 3509 3566 3572 atque

1983 3590 2039 3644 in
2070 3605 2275 3645 novum
2320 3588 2612 3659 populum.
2661 3588 2898 3659 intelligi
2933 3589 3081 3645 enim
3136 3593 3240 3646 hoc
3288 3600 3470 3661 potest
3499 3592 3567 3646 de

1981 3680 2389 3737 resurrectione
2446 3695 2477 3733 a
2544 3680 2814 3745 mortuis,
2863 3680 2948 3733 vel
3006 3680 3076 3735 de
3136 3684 3559 3752 regenerationo

1982 3772 2359 3840 baptismatis.

2052 3865 2121 3919 Et
2151 3865 2429 3919 renovabis
2463 3864 2660 3932 faciem
2698 3871 2878 3919 τεῖναν.
2909 3860 3026 3918 lloc
3060 3871 3165 3929 est,
3194 3862 3562 3934 pulchritudi-

1984 3971 2105 4011 nem
2143 3964 2326 4019 terrzc,
2376 3972 2468 4025 per
2513 3970 2676 4023 quam
2736 3954 2888 4022 ipsos
2948 3955 3203 4009 homines
3257 3955 3563 4028 intelligere

1984 4062 2304 4117 possumus,
2347 4049 2430 4101 vel
2494 4047 2673 4115 ipsum
2741 4046 2910 4099 etiam
2969 4056 3130 4101 terra:
3186 4046 3561 4115 elementum;

1982 4144 2109 4212 quia
2141 4151 2282 4196 terra
2316 4150 2469 4207 time,
2499 4150 2557 4194 ut
2600 4140 2776 4211 inquit
2802 4141 3128 4210 Apostolus.
3185 4141 3498 4195 liberabitur
3527 4159 3561 4197 a

1983 4237 2317 4305 corruptione
2338 4235 2425 4287 ²⁷⁰.

2055 4322 2223 4379 Vsus.
2248 4324 2338 4378 51.
2378 4322 2463 4379 Sit
2489 4322 2663 4392 gloria
2699 4321 2909 4402 Domini
2945 4322 2997 4376 in
3031 4322 3251 4377 uacula.
3283 4324 3419 4378 Cum
3451 4324 3559 4378 alia

1913 4401 1954 4451 ο
1982 4432 2198 4477 eorum,
2231 4433 2352 4485 qua:
2385 4417 2529 4469 dicta
2582 4424 2734 4482 sunt,
2777 4401 2886 4482 jam
2939 4416 3182 4471 ell‘eccrit
3242 4415 3412 4484 Deus,
3452 4418 3559 4471 alia

1985 4530 2132 4568 nunc
2159 4513 2380 4577 ciliciat,
2411 4513 2519 4567 alia
2547 4513 2814 4583 deinceps
2845 4513 3147 4568 ellecturus
3180 4513 3276 4570 sit.

2051 4604 2347 4659 Ltetabitur
2380 4604 2634 4659 Dominus
2667 4606 2720 4658 in
2753 4604 2997 4675 operibus
3031 4606 3162 4660 suis.
3190 4603 3249 4659 In
3276 4604 3560 4674 operibus,

1983 4697 2228 4766 inquam,
2259 4711 2382 4765 quae
2424 4696 2627 4752 divinae
2694 4697 3097 4752 incarnationis
3134 4698 3311 4767 gratia
3366 4695 3562 4753 eﬂ‘ecta

1980 4789 2214 4853 fuerint,
2251 4790 2338 4844 vel
2382 4790 2436 4843 in
2470 4790 2733 4859 operibus
2768 4789 3076 4851 creatiouis
3106 4788 3323 4845 mundi.

2060 4880 2226 4937 Vens.
2249 4878 2338 4933 52.
2363 4877 2471 4945 Qui
2497 4879 2712 4947 respicit
2737 4879 3163 4950 terram,et;facit
3179 4896 3297 4939 eam
3321 4872 3580 4934 πείκετε(

1984 4969 2167 5025 Terrae
2192 4980 2343 5025 motu
2381 4970 2662 5025 nimirum.
2694 4970 2966 5027 iracunde
2997 4972 3141 5027 enim
3185 4980 3389 5027 terram
3416 4972 3561 5039 aspi-

1982 5065 2080 5127 cit,
2135 5078 2259 5118 cum
2302 5063 2436 5118 libet
2474 5079 2489 5121 :
2522 5077 2643 5133 quae
2695 5064 2844 5119 illius
2894 5071 3183 5134 aspectum
3238 5062 3384 5116 ferre
3450 5076 3558 5115 non

1981 5158 2193 5216 valens,
2242 5156 2653 5220 contremiscit,
2705 5157 2966 5221 naturali,
3019 5155 3103 5211 vel
3141 5154 3321 5227 potius
3365 5151 3558 5207 inetia-

1982 5247 2073 5302 bili
2105 5247 2341 5317 quodam
2377 5262 2567 5302 sensu.

2058 5341 2162 5407 Qui
2196 5341 2362 5411 tangit
2408 5348 2629 5403 utentes,
2685 5348 2732 5393 et
2772 5338 3049 5409 funtigant.
3084 5332 3555 5403 Quemadmodum

1654 5607 1848 5669 Varia:
1888 5608 2221 5671 lectiones.

379 5714 491 5787 (ιὲ)
529 5712 858 5785 Esplanatio
890 5726 1001 5766 non
1042 5709 1380 5775 necessaria,
1416 5717 1474 5760 ut
1517 5709 1950 5765 animadversio.
1993 5732 1997 5736 ·
