4076 6204
594 284 727 349 1031

1818 281 2198 343 EUTIIYMII
2237 282 2598 342 ZIGABENI

3717 279 3868 345 1039

588 398 796 452 accidit
855 397 907 451 in
959 405 1141 450 monte
1193 396 1346 450 Sina.
1406 396 1560 452 Ta'eti
1607 407 1789 452 autem
1836 415 1865 452 a
1931 399 2164 452 Domino

2274 397 2368 448 ἐπὶ
2395 398 2491 448 τοῦ
2534 398 2680 450 Σινᾶ.
2723 396 3100 460 Καπνὶζονται
3133 395 3240 467 γὰρ
3263 396 3421 464 δίκην
3451 395 3675 466 χόρτου,
3705 393 3868 464 πλη-

586 501 804 544 montes
857 488 1143 556 lumigaut,
1203 488 1382 542 instar
1443 489 1649 553 herbm,
1697 503 1824 558 qua:
1875 491 1982 560 igni
2032 507 2160 561 pro-

588 583 845 652 pinquior
895 581 970 635 sit
1025 580 1190 635 facta.
1237 581 1380 635 lllud
1435 597 1564 636 vero
1613 584 2160 638 animadvertendum

585 685 688 737 est,
726 690 792 728 ne
832 673 994 727 verba
1029 674 1147 735 illa,
1207 675 1296 743 qui
1318 675 1556 739 respicit,
1587 684 1664 738 et,
1721 677 1812 744 qui
1845 678 2034 746 tangit,
2059 678 2162 729 hu-

584 779 748 818 mano
781 780 956 831 more,
991 765 1086 819 sed
1117 765 1287 834 digne
1319 764 1428 819 Deo
1453 764 1848 835 intelligamus.

663 856 823 913 Vens.
855 859 947 913 55.
993 855 1234 913 Cantubo
1280 856 1510 911 Domino
1557 858 1754 913 inuita
1798 875 1932 914 mea.
1986 859 2166 915 Donec

583 951 797 1005 vixero.

655 1037 898 1094 Psallam
935 1038 1044 1092 Deo
1074 1054 1210 1103 meo,
1231 1040 1472 1108 quandiu
1503 1056 1642 1095 sum.
1670 1039 1932 1094 Eumdem
1966 1041 2168 1110 repetit

585 1147 919 1194 sermonem,
957 1130 1214 1186 clarioris
1247 1131 1628 1201 intelligentiae
1662 1133 1864 1200 gratia.

659 1223 822 1278 Vens.
855 1225 945 1280 54.
979 1222 1286 1278 Iucundum
1319 1226 1388 1277 sit
1424 1225 1474 1278 ei
1517 1223 1784 1293 eloquium
1815 1241 2006 1278 meum.
2042 1223 2164 1278 Pla-

583 1315 730 1370 cebit
765 1315 817 1370 ei
843 1329 1027 1371 sermo
1059 1331 1236 1378 meus,
1287 1331 1450 1385 quem
1484 1315 1706 1372 oderam
1751 1318 1804 1370 in
1855 1318 2079 1387 psalmis
2113 1327 2167 1372 et

588 1408 848 1475 canticis;
882 1409 990 1472 vel,
1027 1406 1223 1464 Sermo
1257 1424 1412 1465 meus
1469 1422 1523 1464 et
1551 1410 1900 1465 conversatio
1941 1427 2058 1466 mea
2087 1412 2168 1471 illi

583 1503 686 1555 erit
712 1509 888 1570 grata.

657 1591 770 1660 Ego
793 1608 914 1646 vero
937 1591 1159 1646 laztabor
1183 1592 1239 1645 in
1261 1591 1512 1647 Domino.
1561 1591 1718 1659 Quod
1767 1608 1951 1649 sermo
2009 1610 2167 1651 meus

585 1697 651 1738 ac
685 1685 1037 1738 conversatio
1065 1699 1208 1749 mea,
1239 1693 1298 1738 ut
1325 1685 1587 1750 diximus,
1619 1687 1669 1740 ei
1710 1685 1950 1754 placeat.

661 1773 824 1828 Vens.
865 1775 952 1828 55.
985 1775 1247 1843 Deﬁciunt
1278 1788 1583 1844 peccatores
1609 1794 1641 1830 a
1675 1794 1846 1841 terra,
1880 1791 1933 1832 et
1973 1779 2164 1849 iniqui,
2201 1757 2240 1812 Β

585 1864 664 1916 ita
689 1874 746 1916 ut
789 1881 894 1919 non
931 1867 1062 1920 sint.
1101 1865 1390 1930 Deliciant,
1431 1869 1680 1936 inquam,
1721 1868 1897 1925 eﬂ'eeti
1927 1885 2026 1940 pro
2043 1887 2168 1941 pec-

585 1955 866 2008 catoribus
911 1955 1067 2022 justi,
1100 1971 1198 2024 pro
1245 1956 1452 2024 iniquis
1493 1959 1661 2026 aequi,
1698 1959 1772 2013 ita
1809 1967 1868 2014 ut
1929 1966 2169 2032 amplius

587 2059 696 2096 non
732 2045 842 2098 sint
876 2046 1066 2113 quales
1099 2046 1272 2110 luere,
1302 2049 1398 2102 sed
1448 2057 1752 2104 mutentur.
1784 2049 1949 2121 Optat
1982 2054 2168 2122 itaque

584 2134 882 2203 Propheta,
914 2151 1020 2190 non
1059 2146 1118 2190 ut
1158 2137 1436 2204 hemines,
1474 2141 1568 2194 sed
1595 2150 1652 2195 ut
1682 2141 1812 2194 vitia
1853 2142 2163 2198 deleantur.

590 2224 705 2290 Vel,
737 2227 955 2297 iniquos
997 2238 1050 2282 et
1087 2239 1426 2298 peceatores,
1464 2232 1612 2298 ipsos
1664 2235 1904 2304 appellat
1953 2237 2162 2290 daemo-

585 2332 707 2381 nes,
765 2326 1005 2374 aut.eos
1061 2320 1154 2389 qui
1221 2321 1608 2376 immedicabili
1673 2327 1806 2379 vitio
1886 2327 2160 2393 laborant,

583 2409 793 2478 quique
819 2411 958 2465 alios
989 2425 1097 2464 non
1132 2426 1297 2465 secus
1324 2427 1387 2466 ac
1415 2415 1588 2481 pestis
1621 2416 1871 2482 quaedam
1905 2418 2162 2475 inﬁciunt

583 2508 638 2552 et
671 2501 893 2554 laedunt.
921 2501 1079 2569 (lllud
1110 2503 1387 2571 praedictis
1419 2504 1540 2558 addi
1571 2517 1765 2573 potest,
1787 2512 1932 2576 quod
1966 2527 2125 2579 quem
2145 2539 2157 2552 -

2272 488 2562 550 σιάσαντος
2615 490 2787 558 πυρί*
2858 490 3182 560 Θεοπρεπῶς
3227 491 3283 542 δὲ
3345 490 3584 560 νοητέον,
3646 490 3744 542 καὶ
3795 490 3862 540 τ)

2283 577 2658 668 ’ἐπτιξλέπιιυν⁹
2711 579 2894 632 καὶτὸ
2943 581 2991 633 ’ό
3033 579 3388 654 ἁπτόμενος,

2349 861 2502 932 ᾏσω
2537 858 2614 924 τῷ
2641 861 2835 930 Κυρίῳ
2873 862 2942 914 ἐν
2995 861 3067 930 τῇ
3118 861 3230 930 ζωῇ
3276 879 3415 932 μου.
3474 863 3618 926 Ἕως
3656 864 3722 916 ἂν
3760 865 3852 928 ζῶ

2347 1035 2528 1088 Ψαλῶ
2565 1035 2644 1100 τῷ
2692 1037 2814 1103 Θεῷ
2853 1055 2972 1106 μου
3033 1038 3144 1105 ἕως
3204 1038 3473 1108 ὑπάρχω.
3507 1041 3865 1108 Παλιλλοτεῖ,

2273 1126 2572 1195 σαφηνείσς
2603 1128 2812 1182 ἕνεκεν.

2357 1220 2674 1289 Ἡδυνθείη
2713 1220 2875 1286 αὐτῷ
2908 1223 2944 1289 ἡ
2973 1221 3224 1289 arcularii
3257 1240 3390 1288 μου.
3450 1224 3669 1293 Ἀρέσει
3705 1228 3862 1294 αὐτῷ

2271 1311 2568 1381 ἡδιὰλεξὶς
2626 1329 2752 1382 μου,
2781 1314 2814 1383 ἡ
2839 1315 2926 1367 διὰ
2981 1313 3089 1366 τῶν
3131 1315 3284 1385 ᾠδῶν
3334 1319 3430 1367 καὶ
3469 1316 3576 1368 τῶν
3596 1316 3866 1386 ψαλμῶν,

2272 1405 2526 1475 ἧγουν,ἡ
2561 1406 2700 1476 πρὸς
2758 1406 2924 1460 αὑτὸν
2985 1406 3172 1474 ὁμιλία
3244 1427 3372 1478 μου,
3418 1409 3464 1462 oi
3504 1410 3864 1479 διαλογισμοί

2275 1514 2397 1567 μου.

2356 1590 2505 1660 Ἐγὼ
2539 1592 2610 1647 δὲ
2653 1593 3146 1663 εὐφρανθήσομαι
3166 1595 3265 1648 ἐπὶ
3292 1595 3373 1660 τῷ
3405 1598 3617 1664 Κυρίῳ.
3667 1598 3862 1652 Ἠδων-

2275 1681 2462 1753 Galen;
2492 1684 2638 1754 αὑτῷ
2664 1687 2764 1756 τῆς
2787 1685 3046 1756 διαλογῆς
3077 1704 3203 1756 μου,
3239 1686 3424 1752 καθὼς
3449 1690 3696 1759 εἴρηται.

2351 1779 2698 1832 Ἐκλίποιεν
2745 1781 3082 1849 ἁμαρτωλοὶ
3116 1783 3232 1836 ἀπὸ
3264 1781 3377 1851 τῆς
3399 1781 3503 1851 γῆς
3534 1825 3550 1848 ,
3589 1785 3697 1837 καὶ
3725 1788 3863 1838 ἄνει

2262 1885 2388 1934 μοι,
2408 1867 2565 1922 ὥστε
2591 1868 2677 1938 μὴ
2708 1871 3006 1940 ὑπάρχειν
3053 1874 3299 1940 αὐτούς.
3353 1874 3690 1938 Ἐκλέποιεν,
3720 1883 3858 1944 τιν-’-

2271 1978 2425 2030 μενοι
2457 1964 2507 2016 oi
2540 1963 2642 2032 μὲν
2675 1965 2997 2034 ἁμαρτω).οὶ
3027 1966 3233 2020 δίκαιοι
3256 2009 3272 2032 ,
3315 1967 3363 2018 oi
3391 1967 3447 2020 δὲ
3476 1967 3670 2034 ἄνομοι
3709 1969 3834 2022 εὖγε,

2271 2072 2400 2120 μοι,
2454 2055 2594 2108 ὥστε
2625 2057 2699 2126 μὴ
2737 2056 3271 2126 ὑπάρχεινάὑτοὺς,
3336 2053 3441 2110 οἷοί
3493 2061 3658 2121 εἰσιν,
3721 2061 3857 2111 ἀλλὰ

2272 2144 2700 2216 μεταϐληθῆναι.
2760 2147 2992 2218 Εὔχεται
3053 2145 3150 2200 οὖν
3213 2150 3271 2200 οὐ
3335 2148 3463 2211 τοὺς
3527 2149 3858 2219 ἀνθρώποις

2270 2239 2661 2309 ἀφανισθῆναι,
2703 2241 2839 2294 ἀλλὰ
2871 2241 2970 2312 τὴν
3025 2243 3227 2296 κακίαν
3257 2243 3458 2297 αὐτῶν.
3485 2245 3552 2295 Ἢ
3586 2244 3856 2312 ἁμαρτω-

2270 2330 2395 2393 λοὺς
2451 2334 2548 2386 καὶ
2601 2334 2842 2404 ἀνόμους
2896 2336 3023 2397 τοὺς
3081 2336 3345 2406 δαίμονάς
3398 2353 3589 2404 φησιν,
3633 2338 3667 2407 ἢ
3735 2339 3858 2398 τοίς

2270 2424 2527 2487 ἀνιάτους
2558 2426 2657 2497 τὴν
2703 2429 2908 2481 κακίαν
2938 2428 3183 2497 ἔχοντας,
3225 2429 3300 2488 ὡς
3331 2429 3514 2501 λύμην
3538 2430 3650 2481 τῶν
3678 2431 3852 2493 byw:-

2269 2533 2355 2566 νον
2364 2534 2465 2567 των
2473 2557 2486 2570 ι

584 2593 879 2647 admodum
927 2596 974 2650 is
1030 2596 1120 2663 qui
1197 2611 1386 2664 preces
1417 2599 1481 2650 ad
1521 2596 1688 2651 Deum
1759 2599 1960 2665 fundit,
2032 2613 2226 2671 petens
2270 2608 2457 2662 nullos
2514 2625 2638 2665 esse
2689 2621 2946 2682 aegrotos,
3000 2614 3184 2667 nullos
3229 2628 3522 2682 pauperes,
3571 2629 3677 2667 non
3753 2615 3822 2665 ho

585 2690 818 2755 minum,
870 2691 964 2745 sed
996 2691 1383 2760 aegritudinum
1429 2701 1485 2746 et
1543 2695 1886 2762 paupertatis
1948 2697 2232 2756 interitum
2273 2708 2446 2776 cupit,
2510 2706 2584 2760 ita
2617 2699 2694 2761 et
2748 2707 2943 2763 beatus
2980 2708 3147 2762 David
3196 2707 3281 2762 his
3313 2710 3520 2773 verbis,
3581 2723 3692 2762 non
3755 2710 3822 2759 Ιίο

585 2785 820 2848 minum,
868 2783 962 2838 sed
1007 2783 1266 2850 vitiorum
1319 2785 1381 2838 ac
1423 2787 1695 2840 scelerum
1750 2789 2016 2855 expetivit
2065 2791 2402 2867 interitum.)

661 2874 904 2940 Benedic,
924 2877 1108 2930 anima
1134 2879 1529 2938 mea.Domino.
1553 2879 1743 2933 Finem
1760 2881 1970 2948 psalmo
1995 2897 2166 2952 appo-

585 2967 668 3022 nit
705 2969 1046 3036 consimilem
1080 2970 1374 3040 principio.
1415 2970 1529 3024 Non
1564 2987 1651 3025 me
1697 2973 1829 3026 latet
1868 2984 2156 3043 prmterea,

2340 2891 2618 2960 Εὑλόγει,
2651 2892 2688 2960 ἡ
2717 2890 2887 2960 ψυχή
2927 2909 3061 2960 μου,
3089 2892 3196 2948 τὸν
3242 2891 3479 2959 Κύριον.
3547 2890 3764 2950 Ἐοικὶς
3793 2893 3856 2958 τῇ

2269 2985 2410 3053 ἀρχῇ
2453 2984 2512 3037 τὸ
2539 2985 2691 3047 τέλος
2722 2986 3016 3056 ὲπέϋηκεν.
3054 2985 3169 3036 Οὐκ
3195 2983 3437 3054 ἠγνόησα
3465 2983 3523 3035 δὲ
3559 2983 3660 3043 τὰς
3689 2999 3861 3033 τινων

585 3059 853 3128 quosdam
906 3059 1202 3130 allegorice
1255 3065 1398 3113 hunc
1465 3061 1735 3127 psalmum
1789 3065 2156 3132 exposuisse:

2268 3079 2343 3141 εἷς
2377 3077 2468 3130 τὸν
2502 3078 2746 3148 παρόντα
2772 3079 2986 3148 ψαλμὸν
3016 3078 3366 3148 ἀλληγορίας·
3395 3075 3510 3131 ἀλλ’
3533 3077 3678 3129 ἑκὼν
3712 3093 3861 3144 παρ-

585 3164 776 3204 verum
867 3149 1180 3216 huiusmodi
1233 3150 1634 3220 cxpOsitionem
1687 3153 1921 3206 libenter
1973 3158 2159 3223 omisi,

588 3252 851 3308 tanquam
910 3239 1205 3293 violentam
1267 3240 1711 3308 quodammodo,
1770 3251 1826 3297 et
1881 3258 2004 3315 quae
2053 3265 2161 3304 non

589 3329 748 3385 facile
776 3330 844 3384 ab
871 3329 1127 3384 omnibus
1159 3332 1471 3400 recipiatur.

1250 3421 1504 3475 Alleluia.

1118 3512 1444 3569 PSALMUS
1494 3513 1629 3570 CIV.

660 3605 891 3660 Abunde
927 3605 1135 3660 dictum
1169 3617 1256 3660 est
1287 3609 1339 3660 in
1387 3607 1663 3664 Prommio
1691 3612 1870 3680 operis
1911 3613 1980 3669 de
2017 3618 2162 3686 psal-

587 3700 712 3765 mis,
749 3699 951 3768 quibus
1013 3700 1344 3768 inscriptum
1399 3709 1506 3766 est,
1561 3702 1818 3758 Alleluia.
1881 3708 2164 3778 Signiﬁrat

588 3797 766 3843 autem
799 3791 919 3845 haec
951 3790 1147 3853 dictio,
1184 3789 1425 3851 Laudate
1451 3809 1570 3846 eum
1599 3796 1812 3864 quiest,
1848 3800 1955 3864 vel,
2024 3800 2164 3854 Lau-

2266 3171 2374 3238 ἦκα
2443 3170 2686 3234 ταύτας,
2720 3234 2726 3239 λ
2757 3170 2834 3234 ὡς
2886 3169 3256 3241 βεϐιασμένας
3307 3187 3367 3222 τε
3418 3170 3514 3222 καὶ
3569 3169 3860 3239 δυσπαρα-

2265 3259 2510 3323 δέκτους.

2873 3444 3243 3507 “LM-imiter.

2837 3537 3133 3590 ΨΛΛΜΟΣ
3161 3535 3280 3592 PA'.

2337 3628 2569 3698 Εἴρηται
2599 3631 2657 3681 ἐν
2684 3628 2762 3698 τῷ
2795 3630 3067 3699 προοιμίῳ
3095 3629 3196 3697 τῆς
3231 3629 3421 3700 βίϐλου
3458 3628 3568 3681 τῶν
3609 3628 3858 3696 ψαλμῶν

2263 3721 2392 3788 περὶ
2417 3723 2527 3773 τῶν
2578 3722 2813 3791 ἑχόντων
2847 3723 3160 3792 ἐπιγραφὴν
3198 3721 3260 3774 τὸ
3311 3722 3670 3785 ἀλληλούῖη,
3722 3722 3852 3787 Ὶιζρ.

2265 3813 2484 3882 μηνεύει
2520 3814 2575 3866 δὲ
2608 3814 2783 3878 τοῦτο,
2821 3815 3052 3868 Αἰνεῖτε
3087 3815 3191 3867 τὸν
3221 3816 3386 3877 ὄντα,
3440 3815 3555 3883 ἢτοι
3605 3822 3714 3865 τίν
3741 3814 3856 3865 Κύ-

586 3888 710 3937 date
739 3883 1047 3941 Dominum.
1101 3883 1362 3938 Hortatur
1425 3887 1608 3954 itaque
1659 3904 1759 3944 nos
1808 3890 1859 3944 in
1907 3895 2160 3958 prmsenti

2268 3918 2411 3962 olor.
2447 3903 2816 3974 Προτρέπεται
2842 3904 2899 3956 δὲ
2932 3905 2957 3956 ὁ
2978 3904 3189 3973 ψαλμδς
3238 3905 3426 3972 ὑμνεῖν
3459 3906 3550 3956 τ”ν
3572 3904 3727 3962 Θεὸν,
3756 3905 3852 3954 καὶ

587 3975 800 4043 psalmo
830 3974 1124 4046 Propheta,
1157 3986 1216 4029 ut
1247 3977 1482 4046 hymnos
1515 3987 1569 4031 et
1602 3979 1792 4034 laudes
1835 3981 1944 4036 Deo
1972 3985 2161 4038 conci—

590 4083 804 4120 uanius.
843 4067 1099 4121 Privatim
1130 4083 1258 4122 vero
1287 4068 1454 4122 multa
1483 4080 1845 4124 connumerat
1895 4072 2158 4130 beneficia

2265 3991 2505 4045 διδάσκει
2531 3997 2597 4049 τὰ
2628 3995 2755 4066 ἔθνη
2813 3997 2941 4066 περὶ
2973 3991 3048 4049 ὧν
3078 3997 3449 4067 εὐηργέτησεν
3491 3997 3518 4047 ὁ
3570 3995 3704 4057 Θεὸς
3757 3997 3849 4046 τᾶν

2267 4082 2436 4136 πάλαι
2459 4085 2584 4140 λαόν
2607 4105 2620 4118 ·
2659 4089 2750 4140 καὶ
2776 4083 2885 4140 οἷον
2943 4089 3038 4156 ἀφ’
3066 4089 3176 4141 οἵου
3212 4087 3400 4140 τοῦτον
3429 4088 3704 4155 ἐποίησεν.

587 4157 642 4212 in
677 4158 910 4225 priorem
943 4158 1200 4251 populum
1233 4156 1326 4212 Dei
1381 4159 1508 4212 olim
1551 4161 1772 4225 collata,
1816 4172 1979 4233 atque
2025 4166 2166 4220 inter
2210 4184 2430 4241 caetera,
2483 4180 2757 4246 quomodo
2804 4195 2902 4250 pro
2946 4183 3146 4251 exiguo
3200 4195 3267 4238 ac
3336 4179 3487 4234 tenui
3545 4181 3769 4246 populo,
3796 4188 3854 4233 ιιι

588 4248 717 4301 olim
768 4259 946 4312 erant,
997 4247 1237 4317 amplum
1285 4261 1350 4302 ac
1392 4251 1907 4306 numerosissimum
1943 4257 2318 4320 constituerit.

658 4361 824 4416 Vens.
858 4364 910 4415 l.
941 4360 1283 4430 Conﬁtemini
1315 4361 1569 4426 Domino,
1616 4374 1663 4418 et
1694 4366 1933 4420 invocale
1967 4385 2155 4424 nomen

2340 4383 2832 4454 Ἐξομολογεῖσθε
2857 4387 2938 4453 τῷ
2975 4387 3189 4455 Κυρίῳ,
3242 4386 3339 4439 καὶ
3371 4385 3752 4440 ἐπικαλεῖσθε
3787 4389 3847 4438 re

589 4456 724 4524 ejus.
779 4453 973 4509 Simile
1009 4465 1093 4509 est
1137 4456 1343 4508 dictum
1397 4456 1530 4511 illud
1571 4457 1856 4528 Propheta:
1889 4477 1901 4513 :
1930 4461 2162 4530 Conﬁte-

591 4550 720 4602 mini
752 4549 822 4612 ei,
855 4548 1074 4602 laudate
1109 4565 1297 4603 nomen
1320 4550 1457 4619 ejus,
1501 4552 1646 4621 quod
1701 4555 2058 4622 exposuimus
2105 4556 2159 4610 in

593 4641 804 4710 psalmo
837 4655 980 4695 XCIX.

667 4749 988 4803 Annumiatc
1042 4750 1098 4802 in
1149 4750 1394 4819 gentibus
1450 4765 1614 4820 opera
1666 4751 1807 4820 ejus.
1859 4753 1917 4806 In
1955 4753 2165 4822 psalmo

593 4859 695 4898 xcv
744 4842 882 4896 dixit
921 4858 935 4896 :
982 4842 1309 4897 Annuntiale
1357 4845 1414 4898 in
1469 4844 1711 4912 gentibus
1750 4845 1982 4914 gloriam
2027 4845 2163 4915 ejus,

592 4937 734 4992 idem
823 4951 977 5006 mque
1032 4935 1246 5000 dicens,
1301 4937 1448 5007 quod
1509 4951 1677 4992 nunc.
1763 4935 1950 4991 Gloria
2020 4939 2162 4992 enim

593 5026 686 5082 Dei
718 5041 785 5083 ea
821 5035 929 5090 est,
962 5043 1124 5097 quam
1155 5025 1209 5080 in
1239 5027 1708 5097 consequentibus
1736 5025 2059 5081 declarabit.

662 5141 889 5198 Cantate
943 5151 995 5196 et
1048 5140 1266 5211 psallite
1294 5141 1364 5194 ei.
1412 5142 1474 5194 ιιι
1531 5139 1816 5195 Ριοσιιιιίο
1873 5139 2078 5209 operis,
2113 5149 2168 5195 et

590 5237 782 5292 multis
825 5236 948 5291 aliis
988 5235 1044 5291 in
1109 5235 1243 5290 locis
1273 5234 1491 5288 abunde
1547 5233 1839 5287 docuimus
1891 5231 1960 5286 de
2007 5231 2161 5287 ditia-

589 5330 766 5384 rentia
806 5329 950 5383 inter
984 5329 1262 5384 canticum
1291 5335 1346 5382 et
1371 5325 1640 5396 psalmum
1672 5325 1952 5395 (quodque
1981 5339 2156 5393 smpe-

589 5438 820 5478 numero
875 5422 1020 5477 idem
1060 5421 1394 5492 significant,
1443 5433 1761 5490 quanquam
1839 5415 2156 5486 huiusmodi

591 5514 860 5568 dictiones
888 5514 1196 5582 geminata,
1232 5521 1330 5566 aut
1377 5511 1608 5565 invicem
1638 5509 1948 5577 conjuncta:
1977 5507 2160 5564 inten-

591 5609 792 5660 tionem
824 5607 1114 5676 quamdam
1142 5607 1414 5660 sermonis
1447 5605 1658 5660 eﬂicere
1683 5600 1936 5667 soleant).

659 5721 895 5777 Narrate
926 5723 1103 5777 omnia
1136 5720 1408 5778 mirabilia
1443 5720 1578 5790 ejus.
1627 5717 1685 5772 in
1711 5715 1970 5787 pracdicto
1994 5714 2159 5771 etiam

2267 4477 2456 4548 ὄνομα
2507 4481 2715 4534 αὐτοῦ.
2781 4483 3006 4549 Ὃμοιὸν
3045 4483 3159 4533 ἐστι
3194 4481 3278 4544 τὸ,
3352 4479 3847 4548 Ἑξομολογεῗσΰε

2264 4570 2445 4636 αὐτῷ,
2481 4573 2700 4625 αἰνεῖτε
2745 4573 2810 4625 τὸ
2845 4573 3029 4641 ὄνομα
3062 4573 3269 4637 αὐτοῦ,
3307 4574 3443 4640 ὅπερ
3489 4571 3842 4640 ἡρμηνεύςα-

2269 4681 2369 4734 μεν
2391 4667 2448 4716 ὲν
2471 4664 2548 4734 τῷ
2597 4663 2680 4731 ιβ’
2703 4664 2922 4736 ψαλμῷ,

2351 4756 2766 4824 Ἀπαγγείλατε
2795 4757 2865 4809 ἐν
2896 4755 3020 4822 τοῖς
3070 4757 3274 4810 ἔθνεσι
3332 4753 3404 4807 τὰ
3439 4753 3585 4822 ἔργα
3635 4753 3842 4806 αὑτοῦ.

2275 4851 2364 4903 Ἐν
2397 4848 2453 4901 δὲ
2480 4849 2555 4919 τῷ
2600 4854 2679 4917 bs'
2710 4849 2912 4919 ψαλμῴ
2943 4867 3105 4919 φησιν
3129 4865 3141 4876 ·
3177 4847 3594 4915 Ἀγαγγείλατε
3623 4848 3696 4898 ἐν
3724 4845 3845 4909 τοῖς

2265 4941 2468 4995 ἔθνεσι
2519 4941 2635 5008 τὴν
2688 4942 2878 5005 δόξαν
2914 4941 3131 4995 αὑτοῦ·
3183 4939 3244 4994 τὸ
3275 4938 3408 4997 αὐτὸ
3450 4937 3652 5008 λέγων.
3708 4937 3843 5000 Δόξα

2266 5037 2374 5107 γὰρ
2406 5035 2589 5098 αὐτοῦ,
2636 5036 2672 5089 ἃ
2710 5035 2914 5106 προῖὼν
2940 5037 3071 5108 ἐρεῖ,

2342 5154 2562 5222 "pcata
2588 5151 2768 5226 αῷτῷ,
2801 5156 2896 5208 καὶ
2925 5154 3163 5225 ψὰλατε
3188 5153 3366 5219 αὐτῷ.
3408 5153 3517 5207 Καὶ
3551 5151 3609 5209 ἐν
3641 5149 3718 5218 τῷ
3743 5151 3838 5216 ρη-

2270 5243 2416 5297 οέντι
2445 5245 2716 5314 προοιμίῳ
2749 5245 2846 5315 τῆς
2870 5245 3150 5316 παρούσης
3184 5243 3366 5313 βίϐλου
3399 5242 3494 5294 καὶ
3519 5242 3576 5293 ἐν
3625 5237 3841 5297 πολλοῖς

2269 5331 2380 5384 τῶν
2411 5330 2644 5402 ψαλμῶν
2672 5332 2888 5403 εἴρηται
2921 5335 3050 5406 περὶ
3075 5334 3337 5404 διαφορᾶς
3375 5330 3516 5404 ᾠδῆς
3562 5328 3658 5382 καὶ
3706 5327 3842 5397 dra).-

2273 5440 2396 5494 μου.

2341 5711 2720 5782 Διηγήσασθε
2755 5711 2949 5771 πάντα
2985 5712 3052 5767 τὰ
3083 5711 3383 5777 θαυμάσια
3411 5708 3616 5764 αὑτοῦ.
3646 5708 3756 5762 Καὶ
3783 5712 3838 5761 ἐν
