4076 6204
555 314 693 379 1035

1726 316 2100 376 EUTHYMII
2138 317 2498 376 ZIGABENI

3662 312 3817 374 1036

554 433 772 503 repetit.
841 432 941 486 Per
998 437 1384 484 testamentum
1439 427 1583 480 enim
1638 437 1691 481 et
1738 442 1832 495 per
1869 429 2117 492 verbum,

2226 428 2371 497 λέγει
2397 429 2579 493 πάλιν,
2621 429 2889 498 διαθήκην
2920 429 2948 497 ἧ
2985 428 3145 495 λόγον
3196 428 3293 497 τὴν
3338 428 3637 497 ὑπόσχεσιν
3696 431 3816 496 τῆς

555 524 974 596 promissionem
1044 537 1073 574 a
1135 522 1243 575 Deo
1297 519 1529 574 Abraha:
1576 520 1776 573 factam
1834 519 2115 588 intelligit.

553 620 765 674 Memor
800 616 989 677 etiam,
1030 612 1229 683 inquit,
1274 612 1378 667 fuit
1422 612 1585 679 Deus,
1632 613 1906 667 sermonis
1953 627 2114 681 quem

552 709 831 763 mandavit
863 707 916 761 in
953 705 1099 760 inille
1138 705 1546 773 generationes,
1593 702 1697 757 hoc
1743 711 1847 767 est,
1900 703 1991 773 qui
2048 700 2114 754 ad

551 803 750 856 multas
782 801 1036 854 nationes
1086 798 1358 869 pervenit.
1404 796 1555 851 Mille
1599 798 1746 850 enim
1782 795 1964 865 posuit
2019 809 2117 862 pro

550 894 762 960 Multis,
793 901 847 947 et
884 890 1161 944 Handavit
1201 905 1298 959 pro
1328 888 1615 942 Pollicitus
1649 895 1756 940 est.

620 985 788 1039 Vens.
815 983 868 1037 9.
899 980 1051 1046 Quod
1079 980 1340 1049 disposuit
1370 978 1438 1031 ad
1476 977 1770 1032 Abraham.
1802 973 1959 1041 Quod
1991 989 2115 1029 ver-

550 1081 677 1133 bum
708 1077 942 1131 scilicet.

618 1169 686 1232 Et
710 1168 1006 1238 juramenti
1037 1166 1122 1219 sui
1156 1164 1224 1218 ad
1257 1163 1435 1217 Isaac.
1486 1161 1690 1215 Memor
1713 1159 1841 1214 item
1874 1156 1974 1211 fuit
2019 1158 2111 1226 ju-

546 1260 913 1325 ratnenti-sui,
935 1258 1301 1329 quodjuravit
1321 1255 1428 1309 tilio
1457 1254 1691 1308 Abrahae
1709 1252 1879 1307 lsaac.
1909 1250 2109 1304 Eadem

550 1356 751 1412 etenim
782 1352 1079 1424 promissio
1118 1349 1250 1413 ﬁlio,
1296 1363 1417 1417 qua:
1478 1346 1621 1416 patri
1671 1344 1813 1398 facta
1843 1352 1948 1405 est,
2002 1349 2110 1394 tam

546 1452 613 1503 de
644 1449 886 1517 regione,
920 1460 1085 1515 quam
1127 1445 1195 1497 de
1246 1440 1599 1495 multitudine
1666 1436 1912 1490 seminis.
1968 1432 2111 1497 Quid

549 1551 731 1593 autem
786 1539 858 1593 sit
915 1536 1289 1606 juramentum
1338 1531 1453 1595 Dei,
1513 1529 1754 1580 diximus
1804 1524 1860 1577 in
1899 1524 2111 1594 psalmo

544 1647 807 1688 cxxxvm.
843 1630 916 1683 ibi
950 1645 963 1682 :
992 1626 1182 1679 Juravi
1224 1623 1390 1676 David
1415 1636 1567 1674 servo
1602 1633 1736 1671 meo.

618 1721 898 1777 Vens.10.
948 1719 1015 1773 Et
1060 1717 1247 1770 statuit
1300 1713 1436 1768 illud
1473 1712 1639 1765 Jacob
1672 1711 1726 1763 in
1769 1715 2108 1777 pra'ceptunt.

2220 519 2515 590 εἰρημένης
2544 519 2647 587 γῆς
2688 517 2990 587 ὀνομάζων.
3036 518 3316 587 Ἐμνήσθη
3347 518 3475 587 γὰρ,
3515 521 3667 586 φησί,
3703 520 3814 571 τοῦ

2218 612 2400 677 λόγου,
2419 604 2479 662 οὗ
2500 609 2818 674 ἐνετείλατο,
2837 610 2929 661 τοῦ
2958 611 3036 672 εἰς
3064 610 3241 678 χιλῖας
3267 609 3480 675 γενεὰς,
3507 608 3603 662 τοῦ
3634 612 3814 678 μέχρι

2219 700 2429 751 πολλῶν
2456 699 2655 766 γενεῶν
2682 700 3061 770 ἐξικνουμένου
3082 716 3097 731 ·
3132 701 3306 770 χιλίας
3331 700 3441 769 γὰρ
3465 702 3559 753 νῦν
3608 701 3813 764 ἁπλῶς

2220 792 2315 855 τὰς
2344 793 2545 854 πολλὰς
2586 793 2779 855 καλεῖ,
2812 794 2906 846 καὶ
2971 793 3030 845 τὸ
3063 794 3407 847 ἐνετείλατο
3434 794 3492 846 δὲ
3546 794 3671 845 ἀντὶ
3702 794 3812 844 τοῦ

2219 883 2591 950 ἐπηγγείλατο
2621 883 2895 936 τέθεικεν.
3238 930 3247 935 .

2293 976 2402 1027 Ὃν
2429 973 2654 1029 διέθετο
2689 973 2769 1039 τῷ
2815 975 3083 1046 Ἀϐραάμ.
3126 978 3221 1029 Ὃν
3248 977 3405 1045 λόγον
3426 977 3691 1047 δηλονότι.

2286 1153 2392 1207 Καὶ
2419 1154 2526 1208 τοῦ
2553 1154 2734 1221 ὅρκου
2773 1153 2960 1207 αὐτοῦ
3019 1152 3099 1217 τῷ
3138 1154 3363 1206 Ἰσαάκ.
3398 1155 3509 1207 Καὶ
3540 1152 3804 1222 ἐμνήσθη

2217 1246 2379 1301 πάλιν
2409 1244 2501 1298 τοῦ
2551 1246 2713 1315 ὅρκου
2745 1245 2912 1297 αὐτου
2942 1243 3037 1296 τοῦ
3074 1243 3402 1312 ὁμοσθὲντος
3441 1241 3519 1311 τῷ
3578 1243 3799 1295 Ἰσαάκ.

2218 1340 2290 1391 Τὸ
2329 1338 2460 1390 αὐτὸ
2502 1337 2606 1408 γὰρ
2652 1339 2747 1390 καὶ
2773 1338 2852 1407 τῷ
2900 1336 3087 1390 Ἰσαὰκ
3124 1335 3497 1404 ἐπηγγείλατο
3564 1335 3696 1402 περι
3732 1350 3800 1385 τε

2215 1429 2312 1498 τῆς
2357 1428 2459 1497 γῆς
2516 1428 2609 1480 καὶ
2638 1426 2732 1480 τοῦ
2778 1426 3105 1496 πληθυσμοῦ
3137 1425 3231 1478 τοῦ
3269 1424 3605 1493 σπέρματος.
3639 1423 3711 1473 ΤΞ
3738 1424 3803 1475 δέ

2216 1522 2362 1573 ἐστιν
2412 1522 2575 1591 ὅρκος
2623 1520 2780 1585 Θεοῦ,
2814 1521 3028 1589 εἴρηται
3078 1521 3135 1570 ἐν
3165 1518 3245 1589 τῷ
3271 1517 3361 1588 mf
3389 1518 3590 1587 ψαλμῷ
3612 1533 3627 1545 ο
3661 1518 3802 1568 ἔνθα

2215 1614 2294 1679 τὸ,
2328 1615 2553 1682 "Opaca
2590 1612 2767 1667 Aa626
2795 1613 2874 1677 τῷ
2901 1612 3098 1674 δούλῳ
3121 1630 3260 1681 μου.

2288 1705 2395 1759 Καὶ
2425 1706 2689 1773 ἔστησεν
2708 1706 2895 1760 αὐτὸν
2928 1704 3008 1769 τῷ
3042 1704 3253 1759 Ἰακὼϐ
3300 1705 3388 1768 εἰς
3416 1705 3799 1771 aptiora-nea.

551 1818 699 1870 Adeo
730 1823 788 1868 ut
829 1814 961 1882 ipse
991 1810 1163 1864 Jacob
1202 1816 1385 1861 certus
1422 1806 1536 1873 jam
1585 1812 1754 1870 esset,
1799 1800 2110 1854 mandatum

2224 1798 2292 1851 Τδ
2322 1795 2461 1850 εἶναι
2492 1764 2820 1868 πρόσταγμα
2851 1764 3226 1866 ἀπαράϐατον.

548 1909 679 1963 illud
724 1905 815 1958 Dei
846 1903 1043 1956 violari
1084 1915 1190 1953 non
1234 1898 1459 1951 debere.

619 1998 688 2052 Et
727 1996 894 2050 Israel
921 1995 975 2046 in
1004 1998 1384 2046 testamentum
1412 1997 1691 2042 a’ternum.
1728 1984 1795 2039 Ut
1827 1991 1976 2039 esset
2010 1981 2113 2052 ipsi

549 2091 711 2146 Israel
744 2083 1196 2142 incommutabile
1228 2095 1383 2150 aeque
1412 2092 1477 2133 ac
1507 2077 1909 2147 sempiternum
1943 2082 2115 2127 testa-

549 2192 809 2239 mentum.

621 2231 900 2331 vanis-ivit.
966 2272 1150 2326 Dicens
1181 2285 1199 2323 :
1232 2267 1347 2322 Tibi
1401 2266 1539 2319 dabo
1577 2231 1774 2319 terram
1831 2259 2111 2315 Chanaan.

549 2374 892 2429 Palaestinam
932 2367 1167 2430 scilicet,
1204 2378 1368 2434 quam
1398 2360 1693 2417 Chananmi
1734 2356 1925 2429 populi
1959 2354 2116 2411 habi-

549 2470 759 2523 tabam.

622 2555 947 2613 Funiculum
979 2549 1308 2606 hareditatis
1340 2554 1546 2600 restraz.
1601 2544 1715 2599 lloc
1762 2550 1848 2597 est
1896 2554 2115 2594 mensu-

554 2668 669 2708 ram
707 2664 769 2704 ac
802 2644 1111 2717 portionem
1153 2648 1411 2695 vestram.

624 2745 787 2799 Vens.
825 2740 911 2793 l2.
945 2736 1078 2793 Cum
1109 2741 1281 2790 essent
1331 2746 1545 2786 numero
1579 2731 1776 2783 breves.
1824 2723 1971 2789 llazc,
2032 2723 2118 2778 in-

554 2852 738 2911 quam,
777 2836 849 2888 ita
907 2826 1179 2900 disposuit
1221 2833 1277 2881 et
1323 2822 1602 2894 pollicitus
1652 2828 1736 2876 est
1776 2819 1939 2882 Deus,
1988 2827 2113 2870 cum

553 2909 731 2984 adhuc
759 2924 916 2996 pauci
950 2926 1157 2981 essent,
1189 2916 1466 2972 Abraham
1527 2914 1814 2974 nimirum,
1867 2909 2023 2965 Isaae
2062 2912 2117 2961 et

554 3022 719 3078 Iacob
782 3026 948 3085 atque
977 3028 1167 3069 eorum
1200 3010 1382 3065 liberi.

622 3107 942 3167 Paucissimi
988 3114 1037 3159 et
1071 3101 1327 3172 peregrini
1348 3102 1403 3153 in
1432 3115 1517 3154 ea.
1558 3096 1700 3162 Quin
1735 3096 1847 3149 imo
1895 3090 2117 3162 paucis-
2145 3119 2188 3177 ρ

554 3205 680 3262 simi
735 3216 862 3255 cum
915 3202 1103 3252 essent
1155 3201 1210 3249 et
1268 3191 1535 3245 derelicto
1577 3189 1741 3257 paulo
1772 3192 1899 3239 ante
1940 3181 2121 3252 patrio

558 3296 696 3359 solo,
743 3294 797 3347 in
827 3290 1269 3344 Chananaeorum
1304 3291 1468 3344 terra,
1495 3276 1661 3331 veluti
1688 3275 1932 3344 hOSpites
1956 3280 2122 3341 atque

555 3384 803 3444 extranei
840 3387 1233 3436 morarentur:
1270 3372 1538 3426 Abraham
1600 3369 1771 3432 enim,
1828 3377 1883 3421 ut
1948 3364 2123 3434 inquit

559 3474 865 3548 Scriptura.
906 3471 1274 3543 peregrinatus
1304 3475 1378 3520 est
1420 3466 1474 3518 in
1503 3475 1645 3517 terra
1675 3461 1928 3516 Chanaan
1962 3459 2029 3513 δι.

631 3569 795 3625 Vens.
835 3565 924 3620 15.
977 3562 1043 3615 Et
1069 3558 1495 3631 pertransierunt
1535 3554 1598 3606 de
1631 3560 1779 3622 gente
1809 3551 1863 3603 in
1888 3557 2117 3618 gentem.

559 3662 659 3715 Per
691 3657 889 3712 multas
916 3654 1169 3708 nationes
1206 3646 1382 3716 vagati
1430 3652 1576 3708 sunt,
1630 3650 1684 3696 et
1722 3641 1984 3710 plurimas
2034 3651 2114 3691 sc-

557 3752 653 3807 des
683 3752 1115 3805 commutarunt,
1159 3754 1281 3810 qua:
1326 3737 1511 3791 omnia
1560 3736 1615 3789 in
1667 3732 1806 3787 libro
1847 3729 2121 3785 Geneseos

556 3847 927 3909 exponuntur.

630 3932 695 3986 Et
722 3931 793 3984 de
820 3945 977 3999 regno
1004 3928 1059 3981 in
1081 3924 1333 3993 populant
1364 3921 1615 3974 alterum.
1649 3916 1783 3970 Alia:
1834 3913 1981 3968 enim
2032 3924 2122 3963 re-

558 4030 747 4099 giones
788 4020 855 4075 ad
890 4018 1033 4088 regis
1065 4014 1352 4083 imperium
1396 4007 1948 4070 administrabantur,
2000 4000 2122 4056 alite

565 4094 692 4178 iero
743 4111 1021 4172 communi
1075 4107 1400 4177 populorum
1457 4099 1713 4160 concilio,
1753 4108 1903 4150 more
1941 4094 2125 4162 reipu-

561 4216 737 4271 blicte.

634 4306 794 4359 Vens.
828 4300 915 4354 Η.
949 4293 1071 4349 Non
1099 4291 1336 4361 permisit
1366 4288 1623 4342 hominem
1657 4299 1840 4337 nocere
1886 4282 1981 4335 eis.
2024 4278 2127 4333 Ne-

561 4400 785 4460 minem,
843 4387 1063 4459 inquit,
1138 4381 1386 4452 permisit
1447 4378 1645 4447 injuria
1729 4390 1825 4429 eos
1890 4372 2123 4426 allicere.

2296 1978 2401 2032 Kal
2434 1978 2514 2042 τῷ
2542 1977 2795 2045 Ἰσραὴλ
2825 1979 2915 2041 εις
2966 1974 3267 2041 διαθήκην
3310 1972 3570 2026 αἰώνιον.
3597 1971 3689 2032 Εἰς
3733 1972 3796 2022 τὸ

2220 2065 2361 2122 εἶναι
2387 2069 2651 2139 διαθήκην
2686 2068 3111 2137 ἀμετακίνητον,
3168 2063 3549 2127 ἀναλλοίωτον,
3585 2062 3659 2125 ὡς
3710 2065 3791 2115 εἰ·

2223 2178 2404 2233 ρηται.

2289 2255 2493 2322 Λέγων
2516 2270 2528 2284 ·
2554 2254 2654 2305 Σοὶ
2686 2250 2860 2304 δώσω
2892 2250 3007 2318 τὴν
3037 2249 3154 2319 γῆν
3181 2247 3559 2316 Χαναὰν-,Τὴν
3587 2247 3790 2299 [Ialm-

2224 2349 2428 2418 στίνην,
2465 2349 2532 2418 ἢν
2567 2346 2850 2417 κατῴκουν
2879 2348 2926 2398 ol
2954 2347 3272 2398 Χαναναῖοι.

2291 2438 2623 2506 Σχοινισμα
2668 2437 3071 2504 rumor-opim;
3121 2434 3306 2504 ὑμῶν.
3350 2434 3647 2504 Μέτρημα,
3682 2433 3789 2502 μὲ-

2223 2548 2417 2603 ρισμα.

2302 2731 2406 2785 Ἐν
2434 2728 2513 2794 τῷ
2564 2726 2717 2783 εἶναι
2749 2728 2972 2793 αὐτοὺς
3022 2726 3243 2796 ἀριθμῷ
3286 2726 3559 2794 βραχεῖς.
3602 2726 3789 2791 Λέγων

2221 2825 2397 2879 ταῦτα
2449 2824 2544 2876 καὶ
2584 2821 2991 2891 διατιθέμενος,
3044 2822 3138 2874 καὶ
3194 2820 3646 2890 ὑπισχνούμενος,
3696 2820 3789 2871 ὅτε

2220 2912 2362 2989 ἦσαν
2418 2912 2637 2985 ἀριθμῷ
2670 2913 2891 2984 βραχεῖς
2962 2915 3008 2966 οἱ
3054 2912 3183 2985 περὶ
3225 2913 3316 2965 τὸν
3361 2911 3649 2981 Ἀϐραὰμ,
3696 2912 3790 2963 καὶ

2234 3009 2436 3072 Ἰσαὰκ,
2464 3011 2556 3061 καὶ
2587 3007 2803 3061 Ἰακώϐ.

2290 3100 2678 3165 Ὀλιγοστοὺς
2707 3097 2805 3152 καὶ
2839 3096 3165 3165 παροίκους
3214 3096 3283 3148 ἑν
3309 3093 3485 3161 αὐτῇ.
3545 3090 3787 3146 Ille-ravi-

2226 3214 2348 3251 σται
2390 3196 2499 3264 γὰρ
2527 3192 2867 3263 παρῴκησαν
2899 3192 2979 3252 εἰς
3011 3190 3109 3259 τὴν
3157 3189 3262 3257 γῆν
3299 3188 3407 3239 τῶν
3468 3185 3788 3239 Χαναναίων

2224 3291 2271 3341 οἱ
2295 3286 2425 3356 περὶ
2464 3286 2555 3336 τὸν
2616 3283 2895 3353 Ἀϐραάμ’
2930 3282 3023 3334 καὶ
3080 3280 3142 3333 '0
3168 3280 3425 3347 Ἀϐραὰμ
3458 3277 3584 3345 γὰρ,
3628 3275 3785 3343 φησι,

2225 3373 2585 3445 παρῴκησεν
2605 3372 2674 3425 ἐν
2699 3370 2777 3441 τῇ
2800 3370 3061 3424 Χαναὰν.

2294 3565 2403 3620 Καὶ
2431 3562 2685 3631 διῆλθον
2710 3561 2779 3626 ἐξ
2809 3561 3025 3626 ἔθνους
3054 3563 3140 3624 εἷς
3183 3559 3376 3623 ἔθνος.
3425 3556 3603 3610 Πολλά
3661 3554 3782 3620 ἔθνη

2223 3656 2582 3725 διερχόμενοι,
2631 3654 2726 3707 καὶ
2760 3653 2956 3715 τόπους
2994 3653 3058 3703 ἐκ
3096 3652 3274 3703 τόπων
3300 3648 3639 3719 ἀμείϐοντες,
3662 3647 3781 3714 περὶ

2224 3743 2298 3803 ὧν
2327 3748 2583 3802 ἁπάντων
2614 3747 2646 3817 ή
2684 3745 2866 3815 βίϐλος
2896 3743 2992 3812 τῆς
3017 3744 3286 3804 Γενέσεως
3329 3742 3551 3811 ἱστορεῖ.

2299 3920 2409 3975 Καὶ
2456 3921 2528 3972 ἐκ
2565 3917 2887 3982 βασιλείας
2924 3915 3011 3979 εις
3056 3915 3210 3967 λαὸν
3246 3913 3473 3980 ἕτερον.
3507 3912 3661 3973 Τινὲς
3692 3910 3782 3978 μὲν

2226 4013 2334 4084 γὰρ
2367 4012 2542 4084 χῶραι
2593 4007 3001 4071 ἐϐασιλεύοντο,
3046 4006 3188 4070 τινὲς
3218 4006 3271 4059 δὲ
3302 4000 3781 4076 ἐδημοκρατοῦντο.

2300 4283 2421 4335 Οὐκ
2456 4277 2690 4349 ἀφῆκεν
2715 4276 3028 4343 ἄνθρωπον
3052 4269 3337 4338 ἀδικῆσαι
3386 4267 3625 4333 αὐτούς.
3660 4267 3788 4317 ’Λν-

2231 4374 2471 4443 θρωπον,
2512 4372 2628 4440 ἤτοι
2674 4368 2827 4422 τινάο
2892 4367 2984 4419 τὸν
3041 4365 3140 4435 μὲν
3189 4364 3297 4431 γὰρ
3340 4360 3543 4429 Φαραῶ
3592 4360 3790 4429 ἧταστν

563 4490 902 4546 Pharaonem
968 4475 1171 4545 quippe
1220 4470 1291 4525 ob
1359 4470 1579 4523 Sarram
1638 4478 1862 4520 uxorem
1911 4462 2121 4531 magnis

2231 4467 2490 4535 ἐτασμοίς
2520 4462 2776 4534 μεγάλοις
2824 4458 2921 4513 καὶ
2947 4458 3225 4526 πονηροῖς,
3282 4454 3373 4508 καὶ
3398 4453 3488 4505 τὸν
3517 4447 3668 4504 οἷκον
3699 4450 3791 4503 αὖ·

559 4572 898 4637 cruciatibus
930 4566 1129 4628 torsit;
1170 4559 1275 4631 ipsi
1309 4573 1529 4629 quoque
1572 4553 1915 4621 Abimelech,
1955 4550 2125 4606 Palae-

562 4674 835 4728 stinorum
865 4658 1006 4729 regi,
1042 4650 1321 4708 consimili
1349 4649 1416 4704 de
1441 4660 1611 4702 causa
1650 4647 1843 4709 iratus,
1872 4652 1926 4698 et
1957 4646 2121 4697 noctu

564 4763 879 4818 imminens,
909 4747 1182 4807 horrenda
1208 4743 1456 4815 quaedam
1483 4739 1845 4796 comminatus
1879 4745 1962 4791 est
1988 4749 2124 4806 sup-

560 4853 745 4926 plicia,
776 4843 1121 4902 nisisSarram
1148 4837 1458 4893 restitueret
1486 4853 1498 4887 :
1523 4833 1653 4887 illud
1679 4831 1842 4884 etiam
1870 4829 2076 4883 addens
2103 4842 2116 4878 :

562 4922 828 5012 Quoniam
880 4932 1133 5005 propheta
1161 4936 1238 4982 est
1284 4925 1577 4989 Abraham,
1616 4932 1663 4977 et
1689 4922 1735 4975 si
1770 4936 1863 4990 pro
1904 4928 1951 4972 te
1995 4933 2120 4970 ora.

564 5007 714 5100 iam,
745 5033 884 5086 vives
914 5028 983 5080 “.
1033 5023 1113 5075 Ab
1163 5018 1322 5073 iratis
1386 5025 1648 5086 praeterea
1697 5019 1857 5080 atque
1900 5007 2127 5061 infensis

566 5097 766 5181 animis
816 5120 959 5173 Esau
991 5155 1005 5180 ,
1062 5123 1115 5166 et
1168 5108 1351 5161 Laban
1411 5107 1669 5161 dilectum
1721 5100 1825 5155 sibi
1893 5097 2127 5168 protexit

566 5212 760 5277 Jacob,
791 5205 1104 5272 multosque
1136 5199 1271 5251 alios
1304 5196 1470 5251 simili
1514 5193 1671 5247 modo
1720 5189 2018 5259 prohibuit,
2058 5201 2126 5239 ne

552 5286 900 5375 'patriarchis
928 5292 1183 5364 iniuriam
1218 5288 1508 5343 inferrent.

640 5392 705 5447 Et
740 5386 1011 5457 redarguit
1051 5399 1146 5453 pro
1183 5382 1255 5435 eis
1306 5394 1468 5448 rcges.
1524 5375 1823 5443 Redarguit
1853 5389 1971 5437 eos,
1997 5386 2127 5424 con-

575 5486 825 5552 fuditque
879 5494 943 5533 ac
1007 5473 1302 5547 perterruit
1360 5484 1482 5523 cum
1549 5465 1739 5535 injusti
1788 5474 1993 5527 essent,
2046 5477 2128 5515 ve.

571 5575 669 5629 luti
701 5573 1039 5627 Pharaonem
1070 5563 1312 5635 Egypti,
1360 5570 1416 5615 et
1465 5556 1779 5613 Abimelech
1824 5556 2129 5611 Palaestina!

570 5680 747 5733 reges.

678 5778 721 5810 “
753 5776 889 5831 Gen.
919 5789 1081 5839 xxxv,
1104 5771 1195 5828 ‘27.
1270 5771 1314 5803 "
1341 5768 1475 5824 Gen.
1507 5784 1596 5832 xx,
1624 5766 1653 5814 7

2232 4557 2326 4612 τοῦ
2353 4558 2440 4611 διὰ
2462 4557 2676 4626 Eappa»;
2704 4553 2937 4620 γυναῖκα
2974 4548 3224 4619 ’Δϐραάμ
3244 4564 3258 4579 ’
3292 4545 3371 4616 τῷ
3414 4544 3470 4597 δὲ
3502 4543 3793 4612 Ἀϐιμέλεχ

2233 4647 2459 4708 ἐπιστὰς
2474 4644 2689 4707 νυκτὸς,
2712 4637 2862 4694 εἶπεν
2884 4638 3018 4693 ἄλλα
3047 4654 3105 4690 τε
3135 4635 3358 4706 φοϐερὰ,
3393 4632 3490 4685 καὶ
3516 4632 3599 4685 ὃτι
3638 4631 3795 4684 Ἀπὸ·

2230 4744 2318 4805 δος
2340 4739 2438 4810 τὴν
2474 4739 2706 4806 γυναῖκα
2744 4732 2821 4803 τῷ
2869 4729 3161 4801 ἀνθρώπῳ.
3194 4724 3326 4781 Εἶτα
3382 4728 3666 4795 ἐπήγαγεν
3715 4725 3796 4777 ὅτι

2231 4830 2547 4902 Προφήτης
2583 4827 2736 4892 ἐστι,
2764 4824 2861 4878 καὶ
2902 4822 3137 4885 εὔξεται
3164 4821 3295 4887 περὶ
3322 4818 3459 4884 σοῦ,
3490 4818 3587 4871 καὶ
3622 4816 3793 4881 ζήσῃ.

2233 4927 2338 4977 Τὸν
2367 4921 2533 4976 Ἡσαῦ
2566 4920 2622 4973 δὲ
2654 4919 2747 4971 καὶ
2793 4915 2886 4968 τδν
2914 4913 3099 4968 Λάϐαν
3143 4914 3243 4965 οὐκ
3296 4912 3509 4981 ἀφῆκεν
3541 4909 3793 4973 ἀδικῆσαι

2232 5019 2323 5070 τὸν
2341 5012 2559 5076 Ἰακὼϐ,
2582 5013 2676 5065 καὶ
2699 5009 2889 5071 ἄλλους
2904 5008 3132 5066 πολλοὺς
3156 5006 3217 5058 οὐ
3241 5002 3585 5074 συνεχώρησε
3600 4998 3796 5070 βλάψαι

2233 5108 2357 5171 τοὺς
2386 5104 2710 5177 εἰρημένους
2733 5103 2879 5172 τρεῖς
2916 5098 3282 5168 πατριάρχας.

2304 5373 2407 5427 Kal
2434 5371 2694 5441 ἤλεγξεν
2748 5366 2896 5435 ὑπὲρ
2945 5364 3142 5419 αὐτῶν
3187 5361 3489 5427 βασιλεῖς.
3532 5358 3796 5426 Ἤλεγξεν

2232 5466 2429 5527 αὐτοὺς
2462 5465 2586 5524 τοὺς
2636 5461 2869 5522 ἀδίκους,
2926 5458 3184 5528 ᾔσχυνεν,
3242 5452 3542 5522 ἐφόϐησεν·
3592 5450 3667 5511 ὡς
3702 5449 3794 5501 τὸν

2231 5556 2431 5625 Φαραῶ
2462 5552 2683 5623 βασιλέα
2716 5549 3011 5617 Αἰγύπτου,
3048 5550 3141 5601 καί
3184 5547 3273 5598 τὸν
3319 5541 3610 5610 Ἀϐιμέλεχ
3639 5539 3796 5609 βασι-

2231 5651 2326 5703 λέα
2364 5649 2429 5699 Γε
2440 5648 2636 5715 ράοων.
