4102 6206
426 315 560 379 lﬂ37

1596 307 1987 369 COMMENT.
2029 305 2111 367 ΙΝ
2147 303 2513 365 PSALMOS.

3522 299 3661 362 1038

483 426 580 494 Μὴ
624 425 883 480 ἅπτεσθε
939 424 1058 478 τῶν
1110 421 1373 490 χριστῶν
1414 437 1550 486 μου,
1595 419 1692 472 καὶ
1728 419 1800 472 ἐν
1841 415 1987 483 ,τοῖς

2160 411 2326 466 Vens.
2360 411 2448 464 15.
2479 407 2662 462 Nolite
2684 417 2897 478 tangere
2939 407 3164 463 christos
3183 427 3346 473 meos,
3383 420 3431 463 et
3455 412 3508 464 in
3535 429 3662 479 pro-

415 515 749 585 προφήταις
767 534 886 584 μου
915 514 1000 584 μὴ
1026 513 1457 580 πονηρεύεσθε.
1488 509 1675 577 Λέγων
1699 509 1795 561 καὶ
1820 507 1992 561 ταῦτα

414 608 678 678 δηλονότι.
728 605 1021 675 Χριστοὺς
1069 606 1168 675 μὲν
1205 605 1404 666 αὐτοὺς
1456 601 1764 669 ὠνόμασεν,
1793 598 1867 662 ὡς
1903 612 1994 650 κε-

416 699 745 770 χρισμένους
795 698 872 769 τῷ
903 697 1044 769 ἁγίῳ
1091 695 1399 766 Πνεύματι,
1435 694 1469 764 ἢ
1517 691 1597 763 τῷ
1668 689 1994 762 προφητικῷ

417 791 751 862 χαρίσματιο
799 791 1084 858 προφήτας
1128 787 1209 850 δὲ,
1243 787 1320 850 ὡς
1364 785 1538 839 πολλὰ
1577 783 1994 855 προφητεύσανο

417 894 537 945 τας.
570 880 688 934 Καὶ
715 881 824 951 γὰρ
857 879 954 934 καὶ
978 879 1114 950 πρὸς
1139 878 1230 932 τὸν
1257 876 1551 947 ’Δσιμέλεχ
1603 871 1760 929 εἶπεν
1784 876 1814 928 ὁ
1838 873 1993 938 Θεὸς,

419 973 495 1036 ὡς
537 970 772 1043 εἴρηται,
802 972 932 1042 περὶ
965 969 1058 1024 τοῦ
1088 967 1365 1040 ’Δϐραὰμ,
1394 969 1477 1021 ὅτι
1506 967 1796 1037 προφήτης
1825 963 1993 1018 ἐστίν.

434 1065 639 1137 Ῥητῶς
678 1063 776 1134 μὲν
800 1063 862 1116 οὐ
905 1065 1112 1116 κεῖνται
1172 1060 1346 1116 ταῦτα
1405 1060 1464 1112 ὲν
1511 1059 1578 1128 τῇ
1623 1053 1998 1128 προρῤηθείσῃ

425 1157 612 1227 βίϐλῳ,
641 1155 702 1208 τὺ
743 1153 838 1222 Μὴ
867 1153 1130 1209 ἅπτεσθε
1155 1149 1276 1204 τῶν
1306 1147 1573 1219 χριστῶν
1607 1164 1747 1217 μου,
1793 1146 1888 1200 καὶ
1929 1147 1998 1197 τὰ

425 1250 578 1318 ἑξῆς·
616 1248 779 1317 ἔτερα
803 1246 858 1299 δὲ
907 1247 989 1307 εἰς
1014 1245 1112 1314 τὴν
1152 1243 1322 1312 αὐτὴν
1356 1243 1598 1296 διάνοιαν
1629 1239 1923 1291 τείνονται.

491 1509 600 1563 Kal
653 1507 912 1562 ἐκάλεσε
999 1509 1182 1577 λιμὸν
1234 1502 1503 1574 ἐπὶ,τὶεν
1559 1499 1696 1574 γῆν.
1746 1505 1997 1568 Ἔταξεν,

423 1600 663 1670 ἔπεμψε,
705 1599 1074 1670 προοδοποιῶν
1121 1599 1450 1670 εὐμηχάνως
1498 1599 1625 1668 ’περὶ⁸
1663 1597 1754 1650 τὸν
1802 1596 2000 1649 Ἰακὼϐ

423 1693 503 1754 είς
531 1691 632 1761 τὴν
662 1692 940 1758 Αἴγυπτον
984 1690 1232 1755 κάθοδον,
1269 1691 1358 1743 ὅτε
1390 1691 1459 1744 τὰ
1489 1688 1629 1743 ἑπτὰ
1654 1687 1748 1760 ἔτη
1781 1688 1881 1757 τῆς
1913 1688 2000 1740 εὖ-

423 1782 613 1853 θῆνίας
671 1783 814 1838 ἑπτὰ
835 1783 999 1854 ἔτερα
1032 1782 1352 1849 διεδέξαντο.

495 1955 626 2012 Πᾶν
655 1955 952 2027 στήριγμα
985 1955 1166 2026 ἄρτου
1226 1952 1573 2034 συνέτριψε.
1626 1952 1818 2006 Πᾶσαν
1849 1947 2003 2020 ἰσχὺν

425 2049 632 2121 τροφῆς
666 2048 976 2122 συνέτριψε,
1011 2051 1194 2104 πᾶσαν
1228 2049 1527 2102 ὑπόστασιν
1569 2045 1826 2116 βρώσεως
1861 2044 2004 2113 ἠφά-

427 2158 596 2197 νιπν.

508 2233 894 2288 Ἀπέστειλεν
971 2235 1315 2304 ἔμπροσθεν
1394 2234 1597 2288 αὐτῶν
1661 2231 1998 2299 ἄνθρωπον.

433 2324 784 2394 Ἐμπροσθεν
814 2326 922 2378 τῶν
972 2327 1101 2396 περὶ
1143 2327 1235 2378 τὸν
1261 2325 1464 2380 Ἰακὼϐ
1535 2325 1627 2379 τὸν
1667 2322 1892 2392 Ἰωσὴφ,
1933 2321 2002 2390 τῇ

431 2417 668 2487 πονηρίᾳ
697 2416 805 2470 τῶν
838 2416 1084 2486 ἀδελφῶν
1115 2418 1280 2471 αὑτοῦ
1320 2417 1668 2489 χρησάμενος
1731 2415 1813 2476 είς
1865 2413 2002 2474 δέον,

431 2510 528 2562 καὶ
561 2507 658 2576 τὴν
691 2511 771 2570 εἰς
807 2509 1052 2562 δουλείαν
1083 2509 1388 2578 ἀπαγωγὴν
1445 2505 1750 2576 ἀποστολὴν
1775 2501 2006 2572 ποιησά-

436 2618 616 2670 μενος.
645 2601 790 2654 Διότι
813 2602 909 2655 καὶ
942 2601 1078 2671 πρὸς
1107 2601 1302 2664 αὐτοὺς
1323 2600 1548 2672 εἴρηκεν
1566 2617 1580 2631 ο
1613 2600 1696 2653 ὅτι
1719 2599 1824 2664 Eli;
1851 2593 2004 2663 ζωὴν

432 2692 780 2748 ἀπέσταλκά
795 2711 873 2764 με
905 2695 936 2747 ὁ
961 2693 1105 2759 Θεὸς
1133 2692 1476 2761 ἔμπροσθεν
1503 2688 1693 2761 ὑμῶν.

435 2785 579 2854 quod
640 2786 782 2840 Deus
843 2802 968 2842 eutn
1043 2785 1385 2856 praemiserit.
1433 2782 1801 2852 Quamobrem
1867 2777 1986 2848 ipse
2023 2777 2188 2833 etiam
2263 2777 2466 2849 Joseph

440 2877 584 2930 misit
612 2891 692 2930 me
732 2874 872 2930 Deus
903 2885 1023 2929 ante
1049 2890 1135 2929 vos
1162 2873 1232 2928 “.

504 2970 608 3034 Εις
637 2967 863 3022 δοῦλον
885 2965 1114 3036 ἐπράθη
1139 2965 1386 3035 Ἰωσήφ.
1427 2965 1589 3035 Παρὰ
1611 2963 1722 3018 τῶν
1757 2960 2002 3030 ἀδελφῶν

437 3062 604 3117 αὐτοῦ
632 3067 746 3126 τοῖς
768 3061 1163 3133 Ἰσμαηλίταις,
1181 3060 1277 3114 καὶ
1326 3059 1478 3131 παρὰ
1512 3058 1620 3112 τῶν
1644 3055 2006 3127 Ἰσμαηλιτῶν

437 3151 596 3218 αὖθις
633 3156 714 3217 είς
735 3154 1019 3221 Αιγυπτον
1066 3151 1144 3221 τῷ
1173 3151 1478 3221 Πεντεφρῇ.

523 3242 965 3297 Ἐταπείνωσαν
989 3241 1056 3294 ἐν
1110 3238 1320 3306 πέδαις
1363 3239 1508 3304 τοὺς
1549 3240 1741 3306 πόδας
1797 3237 2005 3294 αὐτοῦ.

455 3336 771 3389 Ἐκάκωσαν
813 3335 863 3387 oi
893 3332 1022 3403 περὶ
1054 3330 1146 3384 τὸν
1176 3329 1363 3402 κύριον
1395 3331 1584 3397 αὐτοῦ,
1616 3331 1903 3402 βάλλοντες
1929 3333 2011 3394 είς

445 3426 504 3479 τὸ
527 3427 916 3496 δεσμωτήριον.

516 3521 770 3588 Σίδηρον
828 3520 1078 3589 διῆλθεν
1141 3523 1180 3589 ἡ
1237 3521 1409 3590 ψυχὴ
1460 3521 1670 3574 αὑτοῦ.
1719 3518 2010 3590 Τουτὲστιν

433 3615 627 3677 αὐτός.
700 3614 923 3684 Σίδηρον
986 3615 1043 3668 δὲ
1091 3613 1237 3681 λέγει
1288 3613 1380 3666 τὸν
1421 3613 1672 3683 σιδηροῦν
1713 3611 1917 3664 κλοιόν’
1975 3610 2008 3679 ἦ

449 3707 684 3774 σίδηρον,
719 3707 837 3776 ἧτοι
871 3706 929 3760 τὺ
961 3705 1110 3774 ξίφος
1143 3705 1422 3775 διέφυγεν,
1474 3705 1603 3776 ἄχρι
1637 3703 1728 3758 τοῦ
1754 3703 2008 3756 ἐλθοῦσα.

519 3970 703 4038 Μέχρι
725 3968 831 4022 τοῦ
861 3967 1060 4020 ἐλθεῖν
1096 3967 1202 4020 τὸν
1229 3966 1418 4037 λόγον
1443 3964 1654 4020 αὐτοῦ.
1699 3962 1769 4018 Ἦ
1797 3964 1895 4033 τὴν
1928 3980 2016 4016 σο-

451 4060 578 4128 φίαν
608 4057 793 4122 αὐτοῦ,
850 4057 972 4112 καθ’
1017 4059 1086 4129 ἢν
1113 4058 1270 4111 ἔλυσε
1307 4060 1434 4116 τοὺς
1463 4059 1706 4129 ὀνείρους
1740 4057 1848 4112 τῶν
1891 4075 2016 4110 συν-

448 4145 716 4216 δεσμίωνο
762 4147 796 4218 ἢ
850 4147 949 4216 τὴν
1000 4147 1278 4217 φροντίδα,
1316 4149 1384 4219 ἢν
1421 4149 1740 4218 ἐφρόντισεν
1784 4147 1949 4202 αὐτοῦ
1987 4149 2016 4201 6

450 4237 601 4305 Θεὸς,
631 4238 800 4293 θέλων
828 4238 992 4292 αὑτὸν
1014 4239 1257 4308 δοξάσαι,
1289 4241 1384 4295 καὶ
1407 4239 1472 4294 τὸ
1497 4241 1654 4310 γένος
1689 4239 1878 4295 αἰτοῦ.

2093 503 2260 572 phetis
2295 505 2426 557 meis
2457 501 2623 556 nolite
2676 501 2984 571 malignari.
3032 499 3368 572 Redarguit,
3412 503 3660 574 inquam,

2093 608 2213 659 eos,
2256 577 2449 648 dicens
2482 591 2800 660 huiusmodi
2854 593 3043 646 verba.
3082 592 3320 647 Christos
3350 605 3531 648 autem
3565 611 3663 664 pa-

2095 685 2370 740 triarchas
2405 683 2722 753 appellavit,
2750 682 2916 736 veluti
2949 693 3143 737 saneto
3171 683 3378 752 Spiritu
3422 686 3504 740 vel
3531 702 3661 756 gra-

2096 778 2170 830 tia
2231 773 2595 846 prephetandi
2657 784 2893 839 unctos;
2943 774 3242 844 prophetas
3307 791 3473 841 vero,
3534 782 3666 846 quia

2097 866 2282 920 futura
2330 865 2499 918 multa
2548 864 2942 934 praedixerunt.
2997 863 3270 930 Quocirca
3329 866 3471 923 Deus
3526 870 3666 938 ipse,

2100 973 2227 1013 cum
2260 958 2605 1026 loqueretur,
2648 955 2995 1020 utdiximus,
3037 955 3103 1009 ad
3145 957 3496 1022 Abimelech,
3527 970 3672 1016 atte-

2099 1057 2277 1104 status
2303 1055 2387 1105 est
2415 1048 2482 1102 de
2509 1047 2809 1115 Abraham,
2836 1047 2986 1116 quod
3024 1049 3290 1119 propheta
3317 1061 3481 1107 esset.
3509 1051 3668 1119 Quod

2100 1140 2147 1194 si
2179 1140 2300 1208 quis
2331 1140 2479 1193 dicat
2517 1139 2683 1194 verba
2712 1141 3003 1209 praesentis
3047 1141 3326 1206 versiculi,
3362 1152 3420 1195 ut
3473 1144 3560 1198 hic
3582 1147 3670 1215 ja-

2100 1239 2250 1293 ceut,
2289 1230 2341 1282 in
2378 1229 2516 1282 libro
2552 1229 2828 1284 Geneseos
2855 1247 2961 1283 non
2989 1230 3178 1284 haberi
3215 1232 3353 1288 satis
3405 1249 3528 1288 esse
3579 1250 3671 1290 ar-

2101 1320 2391 1382 bitramur,
2449 1319 2592 1388 quod
2636 1334 2755 1390 qua:
2802 1319 2873 1374 ibi
2929 1320 3190 1376 dicuntur
3239 1323 3307 1376 ad
3353 1324 3668 1393 huiusmodi

2102 1425 2324 1465 sensum
2356 1411 2602 1462 tendant.

2175 1497 2344 1554 Vsus.
2380 1499 2464 1553 16.
2522 1499 2590 1552 Et
2623 1501 2822 1554 uocauit
2869 1502 3062 1572 famem
3102 1520 3255 1572 super
3298 1518 3519 1564 terram.
3562 1508 3676 1565 Hoc

2115 1601 2220 1659 est,
2260 1594 2556 1660 ordinavit,
2602 1609 2697 1648 seu
2729 1595 2897 1660 misit,
2923 1611 3138 1652 summo
3165 1600 3276 1666 ipse
3305 1601 3537 1656 artiﬁcio
3573 1605 3676 1657 iter

2107 1701 2422 1756 praeparans
2465 1687 2634 1741 Jacob
2675 1696 2730 1742 et
2789 1687 2914 1743 filiis
2968 1690 3114 1759 ejus,
3164 1702 3220 1745 ut
3278 1693 3676 1750 descenderent

2026 1769 2077 1829 Β
2107 1780 2159 1833 in
2187 1778 2509 1850 Egyptum,
2561 1781 2788 1850 quando
2810 1790 3018 1850 septem
3053 1783 3352 1840 fertilitatis
3384 1801 3579 1852 annos,
3621 1798 3676 1844 et

2107 1872 2332 1926 totidem
2368 1871 2531 1926 famis
2554 1872 2966 1927 sustinuerunt.

2178 1962 2249 2017 Et
2285 1981 2432 2018 omne
2463 1965 2856 2032 firmamentum
2888 1969 3045 2034 panis
3077 1970 3342 2021 contrivit.
3373 1970 3676 2025 Esculenta

2108 2051 2287 2103 omnia
2339 2053 2706 2121 consumpsit,
2774 2061 2827 2105 et
2881 2053 3150 2124 quidquid
3213 2057 3378 2111 famis
3419 2059 3674 2114 solatium

2111 2151 2219 2205 est,
2250 2141 2470 2194 delevit.

2181 2230 2352 2287 Vens.
2387 2233 2474 2287 l7.
2498 2233 2650 2287 Misit
2683 2243 2804 2288 ante
2826 2252 2914 2289 eos
2946 2254 3232 2292 nominem.
3263 2237 3408 2293 Fecit
3445 2242 3586 2298 Deus
3621 2257 3678 2296 ut

2109 2319 2308 2392 Juseph
2347 2325 2572 2393 praeiret
2603 2325 2866 2380 familiam
2898 2326 3090 2392 Jacob,
3128 2339 3182 2382 et
3217 2331 3513 2399 impiorum
3566 2333 3678 2388 fra-

2112 2423 2254 2468 trum
2309 2414 2658 2482 malignitate
2706 2417 2823 2486 ipse
2877 2434 3010 2473 usus
3042 2428 3124 2473 est
3164 2421 3218 2474 in
3265 2421 3494 2476 bonum.
3531 2424 3682 2481 Unde

2111 2502 2382 2559 nefarium
2433 2521 2624 2561 eorum
2665 2508 2946 2572 delictum,
2983 2526 3092 2578 quo
3125 2511 3214 2564 ille
3262 2512 3317 2565 in
3364 2519 3680 2572 servitutem

2111 2603 2270 2650 actus
2302 2602 2410 2663 est,
2446 2594 2720 2665 Propheta
2747 2598 2837 2654 hic
2867 2601 3070 2656 mitiori
3099 2605 3373 2659 vocabulo
3399 2606 3494 2662 Dei
3527 2610 3676 2664 mis-

2107 2685 2319 2740 sionem
2414 2697 2581 2758 atque
2649 2691 3013 2760 apostolatutn
3087 2707 3414 2767 nuncupat,
3492 2700 3683 2758 dicens

2559 2780 2822 2836 fratribus
2877 2783 2996 2839 suis
3058 2783 3333 2844 dicebat:
3393 2788 3461 2845 In
3519 2793 3682 2848 vitam

2184 2948 2252 3006 In
2283 2970 2490 3008 servum
2524 2956 2849 3011 venundatus
2869 2971 2948 3012 est
2969 2951 3186 3030 Ioseph.
3214 2964 3255 3016 A
3284 2965 3550 3026 fratribus
3589 2987 3685 3027 ve-

2115 3047 2392 3104 nundatus
2424 3056 2510 3104 est
2532 3047 2851 3114 lsmaelitis,
2884 3059 2939 3105 et
2969 3052 3038 3106 ab
3068 3050 3362 3112 lsmaelitis
3402 3073 3597 3116 rursus
3623 3063 3679 3117 in

2032 3167 2078 3228 ο
2115 3136 2369 3209 Egypto,
2400 3134 2724 3228 Pentephrae
2755 3139 3057 3198 Pharaonis
3087 3144 3344 3199 eunucho

2185 3228 2347 3285 Vens.
2387 3224 2472 3296 18,
2511 3229 2595 3286 19.
2629 3228 3062 3286 Humiliaverunt
3087 3231 3139 3286 in
3163 3236 3504 3304 compedibus
3526 3241 3678 3308 pedes

2110 3321 2247 3390 ejus.
2301 3317 2548 3375 Amictus
2580 3320 2781 3390 quippe
2827 3321 2928 3375 fuit
2977 3317 3180 3392 Ioseph
3235 3339 3266 3379 a
3313 3327 3534 3384 domino
3581 3347 3682 3386 suo

2113 3416 2168 3468 in
2199 3406 2458 3483 A’Sgypto,
2505 3413 2819 3482 missusque
2857 3411 3016 3468 abeo
3045 3415 3098 3469 in
3124 3432 3423 3474 carcerem.

2184 3500 2410 3557 Ferrum
2447 3505 2750 3573 pertransiit
2788 3501 2968 3556 anima
3018 3502 3157 3574 ejus.
3198 3537 3269 3547 ——
3315 3509 3506 3564 Anima
3543 3511 3679 3580 ejar,

2123 3596 2225 3650 hoc
2269 3606 2376 3658 est,
2423 3596 2534 3663 ipse
2561 3591 2757 3663 Joseph
2801 3597 3117 3664 pertransiit
3158 3597 3385 3654 ferrum.
3429 3601 3534 3658 Per
3571 3606 3681 3659 fer-

2119 3701 2242 3739 rum
2281 3699 2408 3739 vero
2446 3683 2683 3737 ferreum
2718 3684 2993 3753 quoddam
3029 3688 3284 3756 supplicii
3313 3706 3486 3760 genus
3515 3695 3677 3748 intel—

2118 3778 2258 3848 ligit.
2295 3776 2409 3842 Vel,
2447 3775 2763 3830 Pertransiit
2795 3776 3016 3844 ferrum,
3047 3793 3147 3847 pro
3174 3772 3376 3848 Effugit
3413 3783 3614 3852 gladiu:

2116 3869 2198 3924 Ad
2222 3871 2400 3938 ipsum
2438 3869 2585 3923 enim
2618 3881 2754 3937 pene
2782 3866 3026 3934 gladium
3059 3868 3374 3924 devenerat.

2193 3958 2362 4011 Donec
2400 3957 2592 4010 ueniret
2647 3955 2859 4010 verbum
2908 3953 3044 4024 ejus.
3095 3951 3214 4011 Hoc
3246 3967 3349 4020 est,
3387 3957 3559 4014 donec
3593 3978 3684 4018 ve-

2118 4047 2261 4103 niret
2290 4047 2568 4118 sapientia
2600 4047 2714 4112 illa,
2750 4063 2854 4116 qua
2893 4048 3108 4102 somnia
3148 4045 3562 4104 convinctorum
3589 4069 3685 4108 co-

2122 4140 2316 4193 mitum
2369 4134 2662 4202 dissolvit;
2706 4137 2811 4199 vel,
2858 4137 3035 4191 donec
3086 4135 3292 4191 veniret
3345 4139 3635 4198 consilium
3663 4184 3681 4210 ,

2118 4229 2265 4302 quod
2318 4230 2665 4300 disposuerat
2730 4225 2873 4283 Deus
2921 4228 2990 4283 de
3035 4223 3258 4299 Ioseph,
3315 4234 3502 4288 volens
3559 4253 3681 4291 eum

2119 4333 2173 4378 et
2221 4337 2392 4393 genus
2441 4318 2561 4390 ejus
2617 4320 2825 4376 clarum
2871 4336 2936 4375 ac
2992 4321 3210 4376 celebre
3264 4322 3489 4382 reddere
3543 4331 3682 4398 apud

2121 4427 2335 4466 omnes.

530 4492 598 4546 Τὸ
626 4493 834 4562 λόγιον
856 4494 964 4565 (14)
991 4495 1208 4563 Κυρίου
1240 4493 1548 4565 ἐκύρωσεν
1592 4499 1796 4556 αὐτόν.
1845 4501 1902 4552 Ὀ
1932 4503 2006 4554 ὲν-

2193 4505 2474 4575 Eloquium
2504 4504 2715 4562 Domini
2739 4503 3086 4573 inﬂammavit
3111 4524 3252 4563 eum.
3285 4509 3494 4581 (Greca
3525 4515 3685 4568 lectio

453 4581 694 4646 διὰθετος
738 4583 894 4652 λόγος
941 4587 967 4638 ό
1002 4585 1153 4654 παρὰ
1184 4585 1318 4639 Θεοῦ
1361 4587 1533 4650 δοθεὶς
1580 4591 1734 4659 ἡμῖν,
1798 4593 1922 4644 καθ’
1954 4594 2012 4647 ὃν

455 4671 660 4739 λογικοὶ
685 4674 974 4744 λεγόμεοα.
1018 4677 1076 4729 '0
1117 4679 1347 4746 φυσικὸς
1375 4679 1539 4750 νόμος
1567 4685 1888 4756 πυρωθῆναι
1918 4688 2014 4740 αὑο

455 4764 545 4811 τὸν
569 4764 975 4831 παρεσκεύασεν
1003 4766 1058 4818 ἐν
1078 4769 1143 4836 τῇ
1174 4767 1387 4839 καμίνῳ
1412 4771 1520 4823 τῶν
1546 4777 1890 4844 πειρασμῶν,
1921 4779 2017 4830 καὶ⁸

457 4851 622 4915 ἔδειξε
655 4854 893 4924 καθαρὸν
932 4859 1023 4908 καὶ
1052 4858 1298 4928 δόκιμον,
1345 4861 1418 4923 ὡς
1450 4864 1686 4933 χρυσόν·
1738 4867 2017 4923 ἐδίδασκεν

457 4942 565 5014 γὰρ
598 4947 758 4997 αὑτὸν
779 4949 806 4999 ὁ
826 4947 980 5015 λόγος
1013 4948 1186 5014 οὗτος,
1215 4951 1296 5003 ὅτι
1339 4954 1400 5006 οὐ
1429 4954 1536 5026 χρὴ
1578 4960 1834 5025 γυναικὸς
1861 4961 2016 5014 ἁλλο-

456 5033 611 5102 cpia;
643 5036 928 5093 ἅπτεσθαι.

2122 4613 2220 4668 pro
2267 4599 2496 4666 eloquio,
2550 4596 2735 4663 λόγιον
2779 4596 2965 4662 habet,
3003 4613 3124 4667 quas
3162 4599 3333 4655 dictio
3393 4618 3422 4655 a
3449 4605 3688 4658 dictione

2125 4691 2308 4758 λόγος,
2366 4687 2694 4752 deducitur,
2762 4703 2881 4757 qua:
2912 4703 3021 4743 non
3057 4691 3280 4745 verbum
3331 4702 3538 4748 tantum
3595 4709 3689 4751 aut

2126 4793 2461 4839 sermonem.
2491 4777 2584 4833 sed
2617 4779 2883 4833 rationem
2907 4780 3068 4833 etiam
3103 4783 3402 4850 significat.
3451 4785 3604 4842 Unde
3633 4799 3690 4842 et

2126 4872 2304 4939 λόγιον
2337 4884 2445 4924 non
2474 4870 2740 4938 eloquium
2778 4869 3137 4940 simpliciter,
3163 4875 3259 4929 sed
3288 4877 3548 4932 rationale
3583 4881 3692 4931 elo-

2125 4964 2305 5033 quium
2331 4959 2710 5030 siguillcabit.)
2745 4960 2952 5017 Sensus
2981 4965 3087 5018 erit
3114 4965 3283 5035 igitur
3307 4969 3448 5036 quod
3499 4970 3688 5023 intima

2129 5055 2219 5110 illa
2250 5064 2414 5124 atque
2444 5053 2630 5106 innata
2680 5051 2877 5118 cuique
2909 5052 3115 5109 homini
3147 5056 3305 5122 ratio,
3342 5072 3502 5126 quam
3548 5059 3689 5111 Deus

460 5127 616 5184 nobis
649 5128 875 5200 largitus
901 5139 1005 5198 est,
1037 5144 1092 5187 ut
1126 5149 1220 5204 per
1248 5151 1368 5190 eam
1429 5139 1724 5197 rationales
1768 5152 1823 5197 et
1855 5144 2122 5214 dicamur,
2155 5155 2210 5200 et
2240 5145 2438 5207 simus,
2496 5142 2642 5212 quod
2689 5141 2824 5208 luce,
2888 5143 3136 5214 inquam,
3216 5156 3410 5200 natura
3480 5148 3687 5205 homini

533 5243 578 5276 "
606 5244 740 5300 Gen.
781 5262 900 5313 xcv,
928 5247 982 5302 5.

1779 5321 1971 5386 Varias
2032 5327 2359 5388 lectiones.

531 5419 644 5488 (14)
673 5421 751 5473 Ad
777 5423 1045 5495 verbum:
1079 5421 1324 5495 Ingenita
1351 5426 1489 5479 ratio
1514 5444 1628 5495 qua:
1658 5445 1688 5480 a
1725 5430 1834 5485 Deo
1865 5431 2015 5485 nobis

460 5495 587 5541 data
625 5498 700 5560 est
735 5493 870 5546 unde
910 5493 1200 5546 rationales
1236 5495 1484 5560 dicimur,
1526 5493 1812 5553 naturalis
1870 5503 2018 5553 nimi-

461 5572 590 5636 rum.
623 5558 726 5623 lex,
761 5563 955 5636 ἐπέδεξε
1004 5573 1058 5636 ut
1113 5564 1157 5616 is
1209 5579 1262 5636 se
1301 5565 1436 5618 velut
1473 5558 1601 5635 igne
1639 5570 2018 5636 explorandum

459 5626 714 5705 prw‘beret
757 5626 1177 5683 intentationnm
1208 5633 1442 5701 fornace,
1499 5626 1654 5705 atque
1701 5626 1822 5691 inde
1853 5655 2019 5704 purus

463 5697 834 5764 probatusque,
869 5708 1120 5766 tanquam
1165 5697 1354 5757 aurum
1399 5697 1744 5773 egrederetur.
1796 5697 2019 5762 Edoruit

2123 5435 2262 5486 enim
2289 5449 2407 5487 eum
2433 5434 2543 5487 hac
2570 5435 2684 5503 ipsa
2733 5435 2893 5498 ratio,
2928 5435 3076 5502 nefas
3106 5449 3218 5488 esse
3249 5434 3471 5488 alienam
3501 5437 3690 5488 mulie-

2127 5519 2236 5556 rem
2263 5503 2586 5573 contingere.
2618 5504 2848 5558 Latinus
2884 5506 3155 5572 interpres
3201 5505 3459 5572 explicuit
3491 5506 3687 5558 dictio-

2131 5588 2254 5625 nem
2286 5573 2489 5638 λόγιον,
2521 5574 2572 5626 in
2598 5588 2702 5640 qua
2733 5574 2814 5626 vis
2842 5584 2947 5633 est,
2984 5589 3320 5640 sensumque
3373 5577 3688 5630 concinnio-

2130 5656 2245 5696 rem
2281 5640 2544 5697 reddidit.
2581 5641 2737 5706 Quod
2775 5644 2976 5713 satagit
3023 5642 3136 5698 fere
3163 5657 3391 5710 semper.
