4076 6204
529 328 665 391 1039
1648 355 1652 358 -
1726 312 2038 372 EUTHYM
2055 314 2113 372 ll
2149 311 2509 372 ZIGABENI
3613 313 3749 378 1040

501 439 668 492 insita
716 431 940 487 rationis
981 425 1279 485 nannnnla,
1323 437 1446 476 eum
1501 423 1552 474 in
1587 419 1965 481 alllictionum,
2005 428 2058 472 cl.
2098 419 2474 472 calamitatum
2513 416 2738 474 fornace
2803 430 3093 485 tentatum,
3167 431 3518 476 constantem
3587 433 3752 494 atque

507 529 770 582 invictum
803 521 1058 582 reddidit,
1093 531 1155 570 ac
1205 517 1374 569 veluti
1444 515 1568 583 igne
1635 513 2007 566 examinatum
2077 512 2453 580 purgatissiini
2515 512 2632 565 auri
2693 513 2864 567 instar
2938 526 3150 568 summa
3203 527 3326 566 eum
3385 513 3646 570 munditia
3696 530 3751 569 el

507 618 746 688 puritate
791 612 1148 680 conspicuum
1193 605 1614 668 demonstravit,
1677 611 1840 672 atque
1887 602 2068 657 ellecit
2106 613 2163 656 ut
2209 604 2486 658 casti-tatis
2527 605 2644 658 zelo
2717 618 3055 670 succensus,
3097 620 3205 660 non
3280 605 3443 660 modo
3513 610 3746 661 alienam

413 751 416 754 .
509 723 730 766 utorem
797 720 904 758 non
1000 709 1312 770 appeteret,
1375 700 1468 752 sed
1527 697 1847 750 utdomime
1934 701 2058 748 eum
2100 695 2260 750 etiam
2299 697 2641 764 appetentis,
2695 696 2924 767 laqueos
2972 697 3170 752 relicta
3246 707 3399 752 veste
3467 700 3752 767 pneterfu-

507 813 678 876 geret.

576 894 744 948 Vens.
772 891 862 945 20.
902 887 1049 941 Misit
1092 901 1202 948 rex,
1241 891 1290 936 et
1332 881 1482 936 solvit
1511 895 1651 934 eum.
1695 879 1910 932 Pharao
1934 877 2080 930 scili-
2110 885 2152 941 Α

506 997 611 1052 cet,
685 979 1148 1055 quemadmodum
1225 977 1279 1030 in
1343 975 1484 1028 libro
1545 971 1825 1026 Geneseos
1885 971 2072 1024 omnia

507 1093 690 1154 aperte
719 1087 844 1134 sunt
883 1077 1106 1130 tradita.

585 1175 835 1242 Princeps
865 1169 1049 1238 populi
1089 1177 1137 1220 et
1171 1164 1374 1218 dimisit
1406 1178 1547 1216 eum.
1593 1160 1738 1214 Idem
1770 1160 1986 1228 repetit,
2019 1168 2080 1212 ut

509 1269 638 1323 facit
666 1277 1069 1334 saepenumero.

583 1357 743 1410 Vens.
766 1356 858 1409 2|.
891 1352 1177 1408 Constituit
1205 1364 1323 1402 eum
1353 1346 1626 1400 dominum
1659 1345 1846 1398 domus
1889 1359 1997 1396 sua.l
2027 1350 2077 1397 et

504 1452 792 1522 principem
816 1449 985 1501 omnis
1015 1443 1361 1512 possessionis
1389 1456 1520 1503 suae.
1554 1447 1610 1490 ut
1654 1437 1887 1491 erudit-et
1923 1437 2076 1504 prin-

506 1545 644 1610 cipes
698 1542 816 1609 ejus
877 1537 1014 1590 sicut
1058 1537 1313 1600 seipsum,
1351 1540 1402 1584 et
1445 1531 1675 1584 seniores
1713 1528 1828 1595 ejus
1871 1528 2078 1595 sapien-

509 1637 639 1688 tiam
666 1635 895 1687 doceret.
951 1629 1060 1681 Deo
1088 1625 1305 1680 scilicet
1349 1624 1532 1678 omnia
1575 1621 1688 1674 haec
1731 1619 1808 1673 ita
1853 1618 2078 1688 dispen-

511 1736 691 1782 sante.

583 1819 746 1871 Vens.
785 1814 874 1869 25.
936 1811 1002 1864 Et
1051 1811 1311 1879 ingressus
1353 1813 1431 1858 est
1476 1801 1644 1856 Israel
1673 1802 1728 1854 in
1760 1799 2073 1870 /Egyptum.

509 1911 610 1965 Per
666 1908 884 1962 modum
946 1911 1128 1958 autem
1186 1896 1520 1968 compendii,
1572 1893 1832 1960 brevibus
1891 1892 2075 1947 verbis

508 2001 793 2056 historiam
825 2001 1036 2048 narrat.

579 2092 641 2143 Et
671 2089 836 2143 Ja‘cob
883 2085 1249 2155 peregrinatus
1285 2089 1361 2134 est
1410 2081 1466 2132 in
1521 2089 1664 2131 terra
1705 2075 1894 2128 Citam.
1927 2072 2072 2126 Idem

509 2198 700 2237 rursus
726 2185 941 2248 repetit.
981 2176 1083 2231 Per
1133 2183 1339 2230 terram
1375 2178 1504 2226 vero
1549 2168 1744 2232 Cham,
1775 2165 2072 2236 Egyptum
2107 2205 2148 2258 Β

508 2276 798 2344 intelligit:
835 2269 1106 2341 Egyptus
1141 2267 1286 2322 enim
1341 2264 1443 2318 l'nit
1486 2262 1631 2316 ﬁlius
1681 2259 1894 2314 Gham:
1930 2257 2074 2310 unde

506 2371 574 2423 ab
609 2375 847 2435 utroque
873 2376 1067 2417 eorum
1113 2372 1313 2414 nomen
1344 2353 1676 2424 desumpsit.

576 2459 742 2512 Vens.
773 2456 865 2508 9.4.
905 2453 970 2506 Et
1019 2452 1176 2505 auxit
1223 2448 1474 2518 populum
1525 2459 1678 2498 suum
1724 2443 2070 2495 vehementer.

509 2552 652 2606 Deus
683 2548 960 2611 nimirum,
996 2545 1091 2615 qui
1116 2543 1270 2597 auxit
1298 2538 1562 2611 populum
1593 2535 1781 2590 Israel.
1803 2532 2071 2602 Populum

507 2659 634 2696 vero
673 2640 764 2695 Dei
808 2639 928 2692 ideo
963 2651 1057 2692 eos
1101 2631 1413 2704 appellavit,
1447 2628 1574 2698 quia
1608 2627 1713 2680 soli
1744 2623 1915 2679 Judaei
1967 2622 2073 2677 rite

507 2741 673 2792 Deum
705 2736 890 2792 colere
916 2731 1264 2787 videbantur.

491 2847 496 2850 ·
582 2829 645 2882 Et
710 2823 974 2880 roboravit
1031 2834 1148 2872 eum
1197 2831 1354 2884 super
1407 2814 1647 2867 inimicos
1699 2812 1835 2882 ejus.
1891 2811 2072 2880 Supra

510 2919 796 2992 Egyptios
828 2913 1064 2974 scilicet,
1093 2909 1187 2978 qui
1216 2907 1495 2963 Israelitas
1523 2909 1751 2976 pariter,
1777 2914 1829 2961 et
1883 2905 2066 2975 ipsum

509 3018 673 3069 Deum
711 3012 962 3064 oderant.
1969 2999 1972 3002 ”

573 3105 738 3158 Vens.
766 3105 853 3158 '25.
881 3101 1149 3157 Convertit
1183 3115 1272 3151 cor
1299 3095 1435 3163 ejus,
1481 3101 1537 3144 ut
1571 3091 1690 3144 odio
1718 3088 1927 3141 haberet
1977 3101 2070 3152 po-

506 3198 683 3265 pulum
711 3197 848 3262 ejus.
880 3194 988 3246 Cor
1025 3193 1235 3246 scilicet
1265 3185 1595 3249 Pharaonis,
1635 3197 1742 3236 non
1778 3183 1928 3235 illius
1950 3180 2072 3236 dico

508 3292 597 3359 qui
640 3288 858 3340 amabat
889 3283 1114 3352 Ioseph,
1160 3281 1254 3335 sed
1289 3279 1518 3332 alterius
1549 3275 1642 3344 qui
1679 3288 1806 3327 eum
1835 3287 1945 3326 non
1976 3285 2073 3325 no-

507 3386 678 3432 verat.
731 3373 1009 3427 Induravit
1063 3370 1207 3423 enim
1258 3368 1468 3436 inquit,
1510 3365 1647 3417 Deus
1695 3379 1786 3415 cor
1832 3360 2072 3415 Pharao-

506 3472 586 3524 nis
617 3470 680 3531 δ”,
713 3468 813 3519 hoc
842 3473 946 3529 est,
981 3461 1241 3518 obdurari
1279 3459 1528 3528 permisit
1557 3467 1613 3508 ut
1639 3454 1826 3510 amicti
1858 3453 2068 3510 scilicet

2265 875 2652 929 Ἀπέστειλεν
2683 873 2984 939 ,ϐασιλεὺς
3033 874 3130 927 καὶ
3170 874 3399 928 ἔλυσεν
3443 877 3643 930 αὐτόν.
3695 877 3756 930 Ὀ

2177 967 2396 1062 suppari).
2425 967 2517 1020 Ἐν
2551 969 2616 1036 τῇ
2669 965 2972 1037 δηλωθείσῃ
3007 966 3062 1018 δὲ
3103 966 3270 1034 βίϐλῳ
3324 967 3424 1035 τῆς
3477 968 3516 1018 Γ
3519 968 3754 1032 ενέσεως

2179 1058 2353 1114 πᾶντα
2387 1060 2570 1128 σαφῶς
2599 1058 2900 1127 ἱστόρηται.

2253 1154 2484 1220 Ἄρχων
2516 1150 2670 1204 λαοῦ
2715 1149 3068 1218 καὶάφῆκεν
3091 1152 3303 1204 αὐτόν.
3336 1151 3410 1203 Τὸ
3443 1152 3574 1205 αὐτὸ
3597 1152 3755 1222 λέγει

2183 1248 2369 1305 πάλιν,
2432 1245 2506 1307 ὡς
2540 1243 2714 1311 εἴωθε,
2729 1245 2993 1306 πολλάκις
3028 1247 3227 1298 ποιεῖν.

2250 1337 2642 1404 Κατέστησεν
2701 1338 2892 1392 αὑτὸν
2936 1340 3146 1406 κύριον
3195 1337 3305 1392 τοῦ
3349 1341 3752 1409 οῖκσυαὺτοῦ,

2179 1430 2276 1483 καὶ
2329 1430 2592 1497 ἄρχοντα
2648 1430 2850 1496 πάσης
2899 1428 3008 1496 τῆς
3068 1429 3340 1497 κτήσεως
3388 1432 3600 1496 αὑτοῦ,
3636 1436 3754 1488 τοῦ

2177 1522 2501 1575 παιδεῦσαι
2529 1522 2671 1587 τοὺς
2696 1521 2994 1590 ἄρχοντας
3036 1523 3241 1585 αὑτοῦ,
3274 1523 3354 1588 ὠς
3377 1523 3611 1588 ἑαυτὸν,
3644 1529 3753 1579 καὶ

2176 1616 2320 1682 τοὺς
2367 1617 2807 1684 πρεσϐυτέρους
2873 1615 3059 1668 αὐτοῦ
3113 1617 3388 1683 σοφίσαι.
3443 1616 3549 1668 Τοῦ
3609 1617 3752 1670 Geo-3

2178 1709 2350 1762 ταῦτα
2379 1707 2815 1776 οἰκονομοῦντος.

2247 1800 2357 1852 Kal
2391 1798 2679 1867 εἰσῆλθεν
2712 1798 2962 1865 Ἰσραὴλ
2994 1798 3424 1865 είςΑἵτυπτον.
3459 1799 3595 1852 Κατ’
3617 1800 3751 1852 ἑπι-

2177 1890 2350 1960 τομὴν
2372 1889 2471 1960 τὴν
2508 1888 2750 1960 ἱστορίαν
2784 1889 3032 1952 διέξεισι.

2249 2067 2355 2122 Kal
2416 2067 2615 2120 Ἰακὼό
2666 2064 3031 2132 παρῴκησεν
3092 2065 3162 2117 ἐν
3207 2063 3283 2134 γῇ
3335 2063 3481 2132 Χάμ.
3515 2065 3747 2117 Τόαῦτδ

2179 2159 2326 2225 λέγει
2363 2158 2566 2212 πάλινσ
2628 2159 2699 2226 γῆ
2759 2157 2867 2226 γὰρ
2928 2156 3060 2225 Χαμ
3117 2158 3486 2226 ὴΑῑγυπτος·
3530 2157 3652 2209 ἐπεὶ
3717 2161 3747 2211 ὁ
3809 2139 3818 2144 ’

2179 2251 2449 2318 Αἴγυπτος
2475 2250 2696 2318 ἔκγονος
2726 2245 2794 2320 ἦν
2829 2252 2922 2302 τοῦ
2951 2252 3106 2319 Χὰμ,
3137 2243 3212 2304 ὧν
3271 2249 3366 2302 καὶ
3423 2251 3590 2319 ἄμφω
3643 2253 3744 2313 τὰς

2177 2342 2404 2412 κλήσεις
2427 2341 2566 2410 αὕτη
2602 2341 2761 2411 ἔσχεν
2786 2342 2819 2412 ἡ
2851 2345 2944 2410 γῆ.

2247 2433 2358 2484 Kal
2410 2432 2647 2498 ηὔξησε
2730 2431 2837 2484 τὸν
2897 2433 3052 2485 ,λαὸν
3100 2432 3286 2486 αὐτοῦ
3337 2431 3592 2499 σφόδρα.
3632 2430 3742 2483 Τοῦ

2188 2523 2405 2593 Ἰσραὴλ
2461 2526 2490 2576 ὁ
2516 2524 2672 2586 Θεὸς,
2703 2523 2758 2591 ἢ,
2778 2523 2867 2576 τὸν
2890 2523 3082 2576 ἑαυτοῦ
3107 2524 3220 2595 (15)
3245 2539 3260 2552 °
3283 2524 3433 2593 μόνοι
3463 2523 3570 2593 γὰρ
3592 2516 3740 2577 οὗτοι

2173 2615 2265 2668 τὸν
2293 2615 2432 2668 Θεὸν
2475 2615 2753 2668 ἐσέϐοντο.

2243 2796 2350 2850 Kal
2389 2794 2796 2862 ἐκραταΙωσεν
2841 2791 3027 2848 αὑτὸν
3077 2795 3230 2860 ὑπὲρ
3292 2794 3435 2860 τοὺς
3489 2795 3740 2864 ἐχθροὺς

2174 2886 2386 2941 αὑτοῦ.
2427 2886 2598 2956 Ὑπὲρ
2625 2887 2751 2949 τοὺς
2767 2886 3124 2953 Αἰγυπτίους,
3171 2886 3372 2950 οἵτινες
3397 2887 3622 2955 ἐμίσουν
3645 2887 3742 2938 καὶ

2171 2981 2300 3044 τοὺς
2349 2979 2694 3050 Ἰσραηλίτας
2752 2980 2848 3034 καὶ
2873 2979 2966 3032 τὸν
2997 2979 3153 3033 Θεόν.

2241 3069 2623 3136 Μετέστρεψε
2655 3067 2771 3136 τὴν
2814 3069 3067 3138 καρδίαν
3095 3069 3302 3134 αὐτοῦ,
3337 3069 3445 3123 τοῦ
3477 3069 3739 3139 μισῆσαι

2172 3159 2278 3212 τὸν
2309 3157 2463 3211 λαὸν
2491 3157 2700 3211 αὑτοῦ.
2731 3159 2840 3229 Τὴν
2874 3159 3102 3229 καρδίαν
3130 3158 3225 3211 τοῦ
3254 3159 3477 3230 Φαραὼ,
3513 3160 3577 3212 ού
3634 3158 3732 3212 τοῦ

2173 3250 2450 3320 φιλοῦντος
2478 3251 2566 3302 τὸν
2595 3252 2812 3321 Ἰωσὴφ,
2849 3251 2964 3304 ἀλλ’
2991 3253 3180 3321 ἑτέρου
3206 3252 3280 3321 μὴ
3306 3252 3518 3316 εἰδότος
3549 3253 3733 3307 αὐτόν·

2185 3343 2559 3410 Ἐσκλήρυνε
2616 3343 2748 3412 γὰρ,
2819 3344 3004 3412 φησὶν,
3061 3347 3094 3397 ὀ
3137 3345 3280 3409 Θεὸς
3328 3345 3444 3412 τὴν
3491 3345 3740 3413 καρδίαν

2173 3435 2380 3502 Φαραώ
2403 3451 2415 3465 ο
2498 3436 2743 3488 τουτέστι
2771 3435 3169 3506 σκληρυνθῆναι
3195 3437 3610 3507 παρεχώρησεν,
3633 3438 3739 3502 ἵνα,

507 3556 761 3609 Ιετειιιιὶιτο
814 3567 934 3604 cum
1001 3550 1200 3603 ardore
1255 3547 1419 3600 animi
1475 3545 1543 3598 ad
1589 3543 1810 3614 Atlgypti
1862 3543 2067 3598 exitum

2176 3527 2503 3596 κακούμενοι
2551 3530 2599 3580 ol
2629 3527 2986 3597 Ἰσραηλῖται,
3049 3527 3268 3596 θερμῶς
3310 3527 3737 3596 ἐπιθυμήσουσιν

506 3645 923 3702 contenderent,
940 3651 991 3696 et
1010 3639 1422 3695 acerbissimam
1442 3635 1818 3707 Egyptiornm
1847 3649 2069 3704 pressu-

505 3755 617 3791 ram
650 3737 967 3791 evaderent.

581 3829 642 3880 Et
674 3827 850 3881 dolum
869 3825 1064 3894 faceret
1091 3824 1144 3874 in
1177 3820 1341 3875 servis
1373 3819 1504 3887 ejus.
1543 3816 1610 3872 Ut
1640 3820 1854 3873 scilicet
1881 3827 2066 3872 struc-

505 3932 584 3975 ret
638 3920 887 3974 insidias.
924 3915 1069 3968 Dixit
1123 3914 1265 3967 enim
1318 3910 1535 3964 Pharao
1565 3908 1837 3980 [Egyptiis
1880 3927 1890 3962 :
1935 3909 2066 3961 Ecce

506 4029 640 4063 nunc
659 4028 778 4080 gens
811 4010 914 4060 ista
947 4003 1098 4060 ualde
1132 4002 1545 4070 multiplicatur,
1576 4011 1623 4054 et
1675 4001 1946 4052 invalescit
1979 4017 2068 4052 su-

503 4121 591 4170 per
625 4119 715 4154 nos
747 4101 812 4153 ⁸⁸.
855 4099 1205 4166 Quapropter
1256 4094 1568 4159 universos,
1617 4093 1709 4160 qui
1753 4107 1815 4144 ex
1867 4089 2068 4144 Judaeis

504 4210 680 4248 mares
711 4198 1087 4250 nascerentur,
1115 4185 1294 4241 occidi
1324 4185 1508 4256 jussit,
1540 4194 1636 4238 aut
1661 4184 1868 4239 necari.

580 4283 737 4338 Vens.
762 4283 852 4335 26.
885 4279 1030 4334 Misit
1070 4276 1304 4348 Moysem
1336 4293 1540 4331 servum
1569 4293 1744 4329 suum.
1781 4275 1924 4329 Deus
1960 4276 2064 4327 sci-

502 4378 629 4431 licet
663 4375 831 4429 misit.

574 4467 769 4528 Aaron,
805 4479 954 4531 quem
976 4460 1128 4528 elegit
1161 4461 1280 4512 sibi.
1315 4457 1560 4509 Fratrem
1603 4455 1794 4525 Moysi.

571 4643 732 4693 Vens.
774 4638 864 4690 ‘27.
898 4636 1082 4689 Posuit
1123 4636 1177 4686 in
1223 4634 1295 4686 eis
1327 4631 1479 4685 verba
1515 4632 1787 4700 signorum
1821 4646 2059 4682 suorum.

499 4734 751 4788 Mandata
784 4729 992 4783 scilicet
1026 4727 1224 4790 divina,
1252 4723 1454 4793 quibus
1482 4722 2060 4776 ellicerentmiracula.

499 4822 621 4886 Vel,
658 4821 844 4875 docuit
897 4834 992 4873 eos
1046 4829 1244 4871 causas
1287 4814 1566 4885 signorum
1612 4827 1858 4875 suorum,
1896 4821 2058 4879 atque

2177 3619 2414 3684 ἐξελθεῖν
2449 3622 2514 3672 ὲκ
2544 3621 2640 3683 τῆς
2673 3618 2974 3687 Αἰγύπτου,
3029 3619 3127 3671 καὶ
3161 3622 3354 3687 φυγεῖν
3412 3619 3514 3685 τὴν
3561 3617 3738 3686 λύμην

2178 3712 2378 3764 αὐτῶν.

2255 3802 2363 3855 Τοῦ
2391 3801 2742 3854 δο.ἰιοῦσθαι
2800 3803 2868 3854 ἐν
2897 3802 3019 3867 τοῖς
3068 3801 3314 3865 δούλοις
3371 3798 3579 3854 αὐτοῦ.
3632 3797 3736 3851 Τοῦ

2177 3891 2574 3944 ἐπιϐουλεύειν.
2614 3891 2813 3961 Ετρηκε
2844 3891 2951 3959 γὰρ
2980 3893 3006 3943 ὁ
3037 3889 3238 3958 Φαραὼ
3269 3889 3405 3958 πρὸς
3470 3890 3596 3951 τοὺς
3641 3890 3734 3940 Αί-

2173 3983 2473 4050 γυπτιους·
2521 3982 2665 4035 Ἰδοὺ
2711 3983 2827 4035 νῦν
2849 3981 3235 4049 πολυπληθεῖ
3292 3981 3357 4034 τὸ
3408 3980 3603 4046 ἔθνος,
3641 3981 3733 4032 καὶ

2175 4073 2549 4141 ίσχύειύπὲρ
2593 4072 2781 4141 ἡμᾶς’
2821 4074 2913 4125 καὶ
2970 4072 3155 4124 λοιπὸν
3205 4071 3542 4141 προσέταξεν
3585 4072 3735 4124 dvo:-

2175 4165 2386 4234 -ρεῖσοαι
2413 4166 2481 4217 τὰ
2507 4165 2711 4236 ἅρῤενα
2735 4164 2848 4217 τῶν
2889 4164 3228 4233 τικτομένων
3252 4162 3487 4232 βρεφῶν.

2258 4255 2684 4318 Ἐξαπέστειλε
2721 4254 3115 4322 Μεινϋσῆντὼ·
3145 4254 3372 4307 δοῦλον
3401 4253 3615 4306 αὐτοῦ.
3677 4252 3734 4305 ’0

2174 4350 2325 4410 Θεός.

2256 4441 2466 4509 Ἀαρὼν
2488 4441 2557 4493 ὃν
2579 4440 2895 4503 ἐξελέξατο
2918 4437 3123 4500 ἑαυτῷ.
3160 4436 3263 4488 Τὸν
3295 4436 3519 4504 ἀδελφὸν
3570 4437 3735 4489 Μωῦ-

2175 4549 2330 4593 σεως.

2248 4624 2446 4675 Ἔθετο
2482 4622 2552 4674 ἐν
2583 4621 2787 4684 αὐτοῖς
2847 4621 2984 4685 τοὺς
3050 4622 3273 4686 ,λόγους
3318 4619 3436 4671 τῶν
3466 4618 3732 4685 σημείων·

2170 4713 2375 4766 αὐτοῦ.
2414 4713 2493 4764 Τὰ
2525 4713 2924 4780 προστάγματα
2950 4713 3017 4762 τὰ
3050 4713 3177 4779 περὶ
3204 4711 3311 4762 τῶν
3349 4708 3596 4775 σημείων
3629 4707 3729 4758 αύ-

2173 4806 2289 4869 τςῦ,
2323 4805 2461 4856 ὥστε
2495 4805 2580 4856 διὰ
2621 4805 2798 4856 αὐτῶν
2860 4802 3200 4871 ἐνεργεῖσθαι
3234 4800 3433 4854 ταῦτα’
3471 4799 3502 4868 ἢ
3563 4803 3729 4864 ἐγνώ-

499 4930 686 4971 eorum
723 4911 930 4965 modos.
968 4909 1177 4978 (Graeca
1205 4909 1348 4960 enim
1381 4906 1548 4960 dictio
1581 4904 1796 4970 λόγους,
1833 4910 1891 4955 ιιι
1915 4901 2060 4954 dixi-

2176 4899 2523 4968 ρισεναύτοῖς
2583 4897 2681 4958 τὰς
2748 4896 2927 4955 αἰτίας
2986 4894 3093 4946 τῶν
3136 4893 3379 4963 σημείων
3414 4889 3601 4955 αὑτοῦ,
3637 4891 3728 4940 καὶ

499 5024 643 5072 lllllS,
687 5021 793 5059 non
835 5005 1010 5058 solum
1038 5001 1202 5054 verba
1234 4999 1328 5052 sed
1373 4999 1612 5051 rationes
1643 4996 1808 5049 etiam
1843 5003 1895 5047 et
1929 5007 2060 5045 cau-

498 5117 590 5155 sas
626 5095 940 5168 signiﬁcat.)

570 5189 632 5237 Et
659 5183 1016 5253 prodigiorum
1042 5197 1257 5235 suarum
1289 5180 1342 5230 in
1379 5188 1520 5230 terra
1554 5172 1740 5229 (Iliam.
1780 5174 1856 5229 De
1888 5173 2063 5244 signis

497 5288 548 5332 et
594 5278 853 5345 prodigiis
884 5275 1087 5327 dictum
1122 5281 1204 5325 est
1237 5270 1443 5338 psalmo
1475 5264 1657 5322 ωιτη
1710 5268 1782 5320 ibi
1811 5282 1825 5317 :
1877 5266 2066 5330 Quium

564 5455 608 5485 “
641 5455 812 5508 Exod.
844 5469 920 5512 Ix,
957 5453 1022 5503 l2
1047 5463 1098 5506 et
1121 5450 1347 5519 passum.
1423 5451 1465 5484 ⁸³
1494 5447 1664 5502 Exod.
1695 5462 1732 5510 ι,
1763 5443 1847 5498 10.

2165 4991 2294 5050 τοὺς
2324 4987 2556 5055 τρόπους
2584 4987 2785 5038 αὐτῶν.

2236 5172 2343 5225 Kal
2369 5171 2488 5223 τῶν
2508 5169 2763 5236 τεράτων
2805 5166 2992 5221 αὐτοῦ
3039 5166 3108 5219 ἐν
3139 5164 3216 5234 γῇ
3263 5163 3409 5233 Χάμ.
3461 5163 3597 5233 Περὶ
3631 5178 3730 5228 ση-

2171 5266 2337 5332 μείων
2363 5262 2459 5315 xui
2485 5262 2728 5331 τεράτων
2758 5260 2970 5330 εἴρηται
3021 5262 3078 5310 ὲν
3101 5258 3179 5326 τῷ
3199 5256 3274 5320 οξ
3320 5256 3552 5325 ψαλμῷ·
3601 5253 3728 5305 ἔνθα

1815 5532 2038 5613 diaria;
2089 5550 2417 5612 lectiones.

567 5667 676 5733 (liii
708 5666 944 5720 Fidelius
978 5667 1129 5719 auxit
1166 5666 1302 5720 Deus
1339 5666 1590 5733 populum
1645 5665 1781 5730 ejus,
1840 5660 1935 5713 hoc
1975 5667 2049 5713 est
2076 5657 2323 5725 populum
2356 5671 2506 5709 suum
2537 5653 2726 5725 (αὐτοῦ
2757 5667 2856 5721 pro
2928 5649 3147 5706 ἑαυτοῦ)
3173 5648 3273 5705 soli
3328 5649 3466 5703 enim
3546 5647 3728 5703 Judaei

493 5735 658 5788 Deum
681 5734 936 5787 colebant.
