4102 6206
453 302 584 366 1041

1583 322 1968 385 COMMENT.
2005 325 2085 384 IN
2126 326 2485 390 PSALMOS.

3556 327 3690 392 tota
3778 299 3785 304 “

445 419 526 481 sb,
569 420 676 483 Ὃς
707 417 873 474 ἔθετο
898 421 971 474 ἐν
992 424 1269 491 Αἰγύπτῳ
1300 426 1371 479 τὰ
1403 430 1624 496 σημεῖα
1649 434 1862 498 αὑτοῦ,
1916 436 2004 489 καὶ

2121 438 2404 493 admodum
2457 442 2632 511 posuit
2681 442 2734 494 in
2768 438 3002 510 Egypto
3037 440 3187 510 signa
3221 456 3341 505 sua,
3375 449 3423 494 et
3446 443 3688 511 prodigia

447 508 519 561 τὰ
545 507 763 587 τέρατα
780 511 969 565 αὐτοῦ
992 513 1063 566 ἐν
1091 515 1276 582 πεδίῳ
1309 516 1535 584 Τάνεως
1557 537 1570 550 ο
1609 525 1706 574 καὶ
1740 523 1797 574 ὲν
1821 525 2016 596 ἐκείνῳ

446 597 556 668 γὰρ
587 598 663 669 τῷ
694 597 893 685 ψαλμῷ
940 601 1039 665 τὰς
1069 607 1150 668 εἰς
1172 607 1295 669 τοὺς
1328 607 1666 681 Ἰσραηλίτας
1697 613 2018 684 εὖεργεσὲας

452 689 761 758 ἱστόρησεν,
794 692 909 744 ἀλλ’
944 693 1052 747 ἀπὸ
1085 696 1184 766 τῆς
1238 697 1419 763 ἐξόδου
1488 703 1648 771 μόνον
1706 704 2018 775 ἀρξάμενος

447 781 549 850 τῆς
578 782 636 847 ἐξ
662 782 940 849 Αἰγύπτου
999 787 1093 839 καὶ
1149 788 1350 858 τρόπον
1383 790 1592 861 ἕτερον.

531 868 956 933 Ἐξαπέστειλε
985 875 1210 942 σκότος
1236 876 1331 929 καὶ
1365 876 1725 934 ἐσκότασεν.
1773 881 1883 935 Καὶ
1911 882 2017 953 μὴν

445 966 553 1034 πρὸ
604 965 700 1019 τοῦ
726 967 946 1032 σκότους
1023 971 1219 1041 ἑτέρας
1275 975 1494 1045 πληγὰς
1549 979 1665 1040 τοῖς
1691 978 2013 1045 Αἰγυπτίοις

446 1057 698 1126 ἐπήγαγε
725 1073 739 1087 ⁸
770 1059 985 1113 τέθεικε
1023 1060 1080 1114 δὲ
1109 1063 1268 1117 τοῦτο
1299 1066 1516 1137 πρῶτον
1565 1069 1593 1121 ὀ
1621 1068 1786 1122 Δασὶδ
1858 1070 2016 1124 ἀδια-

448 1147 650 1217 φόρως.
695 1149 766 1201 Ἦ
800 1152 897 1203 καὶ
926 1152 1052 1204 ἐπεὶ
1086 1153 1372 1210 κάλλιστον
1397 1157 1534 1228 ὁμοῦ
1587 1159 1679 1212 καὶ
1725 1162 2006 1228 ἀναγκαιὰ

444 1252 604 1290 τατον
629 1239 740 1300 τοῖς
771 1238 1082 1310 ἀνθρώποις
1110 1244 1172 1296 τὸ
1206 1244 1345 1313 φῶς,
1376 1246 1473 1314 τὴν
1529 1249 1617 1302 διὰ
1646 1250 1739 1302 τοῦ
1791 1252 2015 1316 σκότους

443 1328 715 1397 τιμωρίαν
769 1330 844 1394 ὡς
877 1331 1192 1406 βαρυτάτην
1220 1337 1488 1406 προέταξε
1513 1381 1526 1395 .
1558 1342 1668 1394 Καὶ
1705 1342 1765 1394 ὲν
1809 1344 1888 1413 τῷ
1940 1346 2015 1408 οζν

441 1414 643 1488 ψαλμῷ
672 1418 1122 1492 ἀπαρατηρήτως
1150 1424 1420 1494 διηγεῖται
1451 1431 1551 1492 τὰς
1599 1432 1862 1495 τοιαύτας
1914 1434 2015 1501 μά-

445 1520 660 1575 στιγας,
689 1509 765 1571 ὡς
799 1511 1102 1584 εἰρήκαμεν
1130 1532 1144 1544 ·
1176 1514 1399 1581 Evilat-6,
1448 1520 1909 1584 Ἐξαπὲστειλεν
1928 1527 2012 1590 εις

441 1596 663 1665 αὐτοὺς
677 1602 1029 1670 κυνόμυιαν.
1586 1618 1593 1621 ’

511 1690 643 1744 Ὅτι
672 1695 1127 1764 παρεπίκραναν
1148 1697 1286 1765 τοὺς
1327 1702 1553 1772 λόγους
1580 1707 1785 1762 αὐτοῦ.
1863 1708 2008 1773 Ὅτι,

440 1783 628 1854 φησιν,
664 1786 715 1837 οἱ
759 1774 1050 1852 Αἰγύπτιοι
1097 1790 1427 1861 παρώξυναν
1469 1796 1538 1849 τὰ
1602 1800 2007 1871 προστάγματα
2045 1793 2086 1849 Β

441 1877 630 1940 αὑτοῦ,
665 1879 1028 1943 κελεύσαντος
1054 1883 1326 1940 ἀπολῦσαι
1350 1888 1442 1939 τὸν
1464 1889 1592 1943 λαδν
1617 1891 1783 1945 αὐτοῦ
1808 1910 1822 1925 ο
1855 1912 2005 1966 παρ-

440 1968 742 2038 επίκραναν
776 1970 831 2023 δὲ
860 1972 1056 2037 αὐτοὺς
1092 1976 1466 2043 ἀπειθοῦντες.
1538 1981 2002 2056 Καταχρηστικδν

438 2058 494 2108 δὲ
518 2058 610 2111 ἐπὶ
643 2059 752 2113 τῶν
802 2061 976 2129 λόγων
1031 2064 1093 2117 τὸ
1132 2069 1607 2137 παρεπίκραναν.
1667 2075 1738 2128 ’Ἡ
1767 2079 1863 2129 καί
1912 2078 2007 2132 ἅλα

438 2146 572 2238 λωςο
605 2147 695 2203 διὰ
716 2149 823 2203 τῶν
851 2151 1027 2220 λόγων
1084 2157 1176 2209 τὸν
1202 2157 1519 2230 λαλήσαντα
1540 2165 1791 2238 ἐνέφηνε.
1849 2170 2010 2234 Τινὲς

435 2237 492 2329 οὲ
562 2239 621 2329 το
690 2243 1158 2329 παρεπίκραναν,
1222 2254 1542 2324 παρέϐησαν
1586 2237 2006 2329 ἑρμηνεύουσιν,

435 2326 509 2388 ὧς
539 2328 632 2379 καὶ
663 2328 821 2382 τοῦτο
837 2326 1102 2405 ἃηλούσης
1133 2340 1263 2408 παρ’
1305 2341 1580 2413 Ἑϐραίοις
1622 2326 1774 2401 ἔστιν
1798 2351 1888 2403 ὅτε
1911 2352 2010 2422 τῆς

435 2417 688 2490 τοιαύτης
710 2419 929 2487 λέξεως.
960 2423 1123 2480 Ἐνια
1151 2431 1207 2483 δὲ
1237 2431 1345 2484 τῶν
1379 2436 1729 2505 ἀντιγράφων
1747 2444 1821 2495 οὺ
1857 2417 2003 2512 παρ

434 2512 765 2605 επίνραναν
792 2515 1115 2581 γράφουσιν,
1163 2518 1237 2583 ὡς
1269 2521 1637 2595 ἀναφέρεσθαι
1670 2531 1829 2586 τοῦτο
1872 2536 2010 2605 πρὸς

436 2599 684 2669 Μωῧσῆν
719 2604 814 2657 καὶ
852 2605 1090 2678 Ἃαρών.

505 2869 888 2941 Μετέστρεψε
939 2873 1011 2928 τὰ
1050 2876 1236 2932 ὕδατα
1300 2882 1502 2936 αὐτῶν
1549 2889 1634 2952 εὶς
1684 2883 1843 2958 αἷμα.
1900 2894 2008 2947 Kal

435 2959 745 3018 ἀπέκτεινε
777 2966 917 3031 τοὺς
985 2970 1193 3038 ἰχθύας
1239 2974 1458 3030 αὐτῶν.
1524 2979 1767 3049 Ζήτησον
1831 2986 1888 3036 ὲν
1931 2987 2009 3054 τῷ

435 3053 716 3124 εἰρημένῳ
745 3054 944 3126 ψαλμῷ
965 3074 981 3088 ⁸
1006 3061 1112 3114 Καὶ
1143 3061 1552 3134 μετέστρεψεν
1579 3072 1665 3134 εἰς
1686 3067 1827 3139 αἷμα
1861 3053 2001 3140 τοὺς

435 3147 735 3215 ποταμοὺς
767 3148 983 3204 αὐτῶν.

518 3235 834 3307 Ἕξεῖρψεν
875 3240 914 3308 ή
967 3240 1045 3311 γῆ
1101 3244 1300 3299 αὐτῶν
1319 3249 1669 3319 βατράχους
1729 3256 1863 3323 (16).
1913 3259 2001 3313 Ἑν

435 3328 629 3399 ἐκείνῳ
685 3331 781 3383 καὶ
832 3334 962 3403 περὶ
1016 3335 1223 3391 τούτων
1270 3340 1650 3410 ἡρμήνευται*
1704 3347 2000 3419 Ἕξεῖρψε,

434 3421 553 3473 ἀντὶ
600 3422 863 3486 ἐξέδωκεν
915 3425 1242 3495 ἐρπυστικά.
1276 3432 1345 3484 Ἤ
1376 3436 1467 3487 καὶ
1515 3436 1690 3501 ἄλλως
1716 3455 1735 3472 ο
1798 3441 1861 3492 ἐκ
1892 3443 2000 3496 τῶν

434 3512 641 3567 ὑδάτων
665 3516 765 3584 μὲν
790 3517 840 3569 oi
871 3517 1132 3589 βάτραχοι
1158 3525 1467 3591 γεγόνασιν,
1531 3528 1606 3591 ὡς
1630 3531 1663 3601 ἡ
1691 3530 1875 3599 βίϐλος
1904 3535 1998 3600 τῆς

434 3605 705 3669 Γενέσεως
732 3609 1030 3679 παρίστησι
1076 3627 1088 3642 ·
1118 3612 1180 3664 τδ
1219 3614 1275 3668 δὲ
1324 3616 1609 3687 ἐξεῖρψεν
1652 3624 1688 3690 ἡ
1716 3623 1817 3691 γῆ,
1877 3626 2001 3679 ἀντὶ

432 3696 866 3772 τοῦἘξείρφθη,
919 3703 1201 3776 ὲκαλύφθη
1262 3709 1405 3762 κατά
1436 3711 1779 3784 βατράχους·
1841 3718 1994 3789 ἐνερ-

435 3789 662 3859 γητικὸν
706 3792 1015 3863 παθητικὴν
1048 3795 1170 3866 ἔχον
1226 3801 1500 3869 σημασίαν
1526 3821 1540 3834 '
1575 3806 1607 3875 ἢ
1650 3808 1743 3859 καὶ
1794 3807 1998 3880 βατρά-

436 3895 589 3947 χους-
624 3883 747 3936 ἀντὶ
784 3883 878 3936 τοῦ
935 3884 1229 3959 βατράχοις
1262 3890 1616 3958 ἀντίπτωσις.

436 3980 643 4027 natura:
680 3975 1260 4035 convenientissimum
1295 3981 1427 4048 fuit;

2120 545 2218 582 sua
2248 530 2302 584 in
2332 547 2518 603 campo
2549 532 2773 595 Taneos;
2796 531 2852 586 in
2875 547 2985 607 quo
3009 531 3216 602 psalmo
3236 532 3397 586 etiam
3424 532 3684 588 beneﬁcia

2122 618 2215 674 Dei
2247 621 2301 675 in
2339 620 2699 677 Israeliticum
2728 624 2987 693 populum
3011 623 3478 688 commemoravit,
3510 640 3685 694 quan-

2118 725 2279 778 quam
2314 712 2426 766 illic
2456 714 2525 767 ab
2559 714 2709 767 exitu
2740 713 2963 784 Egypti
2995 722 3206 768 tantum
3244 713 3462 769 initium
3502 714 3684 779 faciat,

2120 809 2172 857 et
2203 802 2421 858 diverso
2453 804 2649 859 ordine
2678 821 2740 859 ea
2768 816 3156 875 prosequatur.

2193 891 2356 950 Vsus.
2377 893 2636 951 28.Misit
2665 898 2920 962 tenebras,
2949 908 3000 951 et
3034 898 3536 966 obscurauit.Atqui
3560 911 3685 954 ante
3742 923 3747 929 '

2118 985 2399 1053 tenebras,
2442 986 2580 1041 alias
2610 985 2888 1059 [Egyptiis
2930 989 3120 1060 plagas
3152 989 3340 1043 intulit
3375 1007 3389 1043 :
3425 988 3523 1043 sed
3560 990 3683 1043 bea-

2119 1082 2207 1130 tus
2250 1072 2419 1130 David
2471 1075 2844 1132 indifferenter
2885 1079 3028 1134 hanc
3075 1078 3286 1149 plagam
3332 1080 3510 1147 primo
3565 1078 3687 1133 loco

2118 1175 2530 1222 commemorat.
2580 1168 2694 1234 Vel,
2744 1178 2805 1225 ut
2840 1170 3221 1239 gravissimam
3257 1169 3504 1226 omnium
3544 1185 3686 1238 prae-

2118 1258 2327 1328 posuit,
2359 1274 2483 1315 cum
2510 1261 2628 1327 lux,
2655 1277 2779 1332 quae
2802 1278 2897 1333 per
2922 1263 3178 1318 tenebras
3207 1262 3475 1325 aufertur,
3499 1278 3680 1316 rerum

2116 1349 2362 1404 omnium
2391 1350 2464 1404 sit
2490 1351 2860 1421 pulcherrima
2888 1361 2942 1408 et
2987 1354 3042 1407 in
3088 1353 3406 1408 hominibus
3444 1352 3683 1406 maxime

2116 1450 2444 1513 opportuna.
2478 1442 2536 1497 in
2564 1443 2823 1514 praedicto
2848 1444 3015 1498 etiam
3050 1444 3261 1513 psalmo
3290 1459 3497 1507 Lxxvu,
3536 1442 3686 1497 nullo

2115 1530 2313 1587 ordine
2354 1531 2672 1602 hujusmodi
2723 1532 2912 1603 plagas
2975 1533 3448 1598 commemoravit,
3501 1542 3559 1586 ut
3609 1532 3683 1586 ibi

2115 1621 2371 1690 diximus,
2406 1623 2462 1676 in
2488 1623 2761 1679 versiculo
2796 1640 2811 1678 :
2842 1620 2983 1679 Misit
3016 1624 3373 1694 cynomyiam.

2187 1713 2453 1779 Quoniam
2472 1712 2912 1769 exacerbaverunl
2945 1729 3207 1768 sermones
3229 1715 3364 1785 ejus.
3385 1714 3679 1779 Quoniam,

2115 1805 2316 1874 inquit,
2375 1805 2617 1877 [Egyptii
2673 1806 3028 1865 irritaverant
3084 1808 3207 1877 ejus
3271 1806 3567 1867 mandata,
3612 1820 3680 1859 eo

2115 1905 2379 1967 tempore,
2445 1913 2553 1968 quo
2599 1897 2843 1968 iusserat
2891 1898 3089 1959 dimitti
3142 1913 3333 1954 eorum
3394 1899 3676 1969 populum.

2115 1987 2597 2044 Exacerbaverunt
2625 1999 2807 2046 autem
2830 2005 3115 2046 sermones
3145 1990 3262 2055 Dei,
3299 1992 3381 2046 eis
3413 2007 3522 2045 non
3564 2006 3681 2045 cre-

2114 2080 2325 2134 dentes.
2360 2080 2665 2151 lmproprie
2695 2086 2881 2136 autem
2911 2090 3076 2151 atque
3106 2081 3334 2137 abusive
3355 2079 3567 2137 dictum
3595 2089 3680 2136 est

2113 2171 2180 2225 de
2209 2171 2558 2227 sermonibus
2583 2170 2705 2235 Dei,
2745 2172 2893 2243 quod
2938 2172 3391 2228 exacerbaverint
3434 2187 3550 2228 eos.
3583 2171 3679 2227 Vel

2114 2263 2289 2329 aliter,
2316 2279 2408 2334 per
2441 2276 2731 2320 sermones
2762 2265 2884 2335 ejus
2915 2265 3067 2319 illum
3100 2264 3402 2337 significat,
3434 2268 3527 2334 qui
3562 2280 3681 2319 ser-

2113 2368 2304 2408 mones
2330 2356 2654 2424 protulerat.
2683 2353 2866 2424 Aliqui
2911 2357 3076 2409 etiam
3112 2355 3339 2409 verbum
3368 2355 3677 2410 Exacerba-

2113 2453 2317 2508 verunt,
2346 2453 2627 2513 exponunt
2659 2457 2760 2511 pro
2794 2440 3136 2512 Transgressi
3178 2452 3323 2507 sunt,
3354 2442 3501 2513 quod
3536 2445 3678 2514 apud

2112 2532 2367 2588 Hebraeos
2409 2533 2701 2602 aliquando
2728 2532 3044 2604 hujusmodi
3093 2534 3549 2603 signiﬁcationem
3582 2535 3680 2588 ha-

2114 2626 2256 2680 beat.
2289 2624 2546 2691 Qumdam
2577 2642 2707 2681 vero
2737 2625 3071 2703 exemplaria
3110 2626 3343 2697 negandi
3378 2626 3676 2681 dictionem

2114 2718 2356 2773 habent:
2392 2717 2459 2772 Et
2490 2736 2592 2772 non
2619 2720 3087 2783 exacerbat'erunt,
3115 2720 3191 2775 ita
3225 2730 3284 2775 ut
3315 2719 3589 2777 referatur
3608 2723 3676 2775 ad

2112 2809 2352 2882 Moysen:
2385 2819 2435 2866 et
2471 2813 2677 2866 Aaron.

2186 2902 2348 2959 Vens.
2380 2904 2467 2957 ἓξ).
2500 2904 2766 2958 Convertit
2797 2920 2961 2973 aquas
2994 2920 3173 2959 eorum
3197 2905 3251 2957 in
3275 2906 3604 2976 sanguinem,
3629 2917 3675 2959 et

2113 2994 2302 3049 occidit
2333 2995 2498 3060 pisces
2528 3009 2732 3049 eorum.
2754 2990 2894 3049 Vide
2930 2995 2982 3048 in
3013 2993 3274 3064 praedicto
3304 2996 3535 3065 psalmo,
3561 2996 3667 3049 ibi:

2112 3084 2182 3140 Et
2211 3088 2465 3142 convertit
2484 3088 2548 3142 in
2578 3088 2885 3158 sanguinem
2911 3088 3135 3155 ﬂumina
3159 3100 3357 3141 eorum.

2181 3266 2345 3322 Vsus.
2394 3265 2487 3320 '50.
2531 3264 2603 3319 Et
2648 3266 2891 3321 ebulliuit
2929 3275 3071 3319 terra
3130 3282 3313 3321 eorum
3367 3283 3554 3321 ranas.
3596 3268 3674 3323 lbi

2109 3360 2270 3414 etiam
2301 3360 2367 3414 de
2394 3359 2499 3414 hoc
2527 3359 2733 3414 dictum
2759 3366 2866 3417 est.
2902 3357 3159 3413 Ebullivit
3192 3370 3401 3426 autem,
3434 3362 3539 3414 hoc
3567 3372 3671 3425 est,

2108 3450 2350 3520 Repente
2379 3465 2542 3504 ranas
2565 3449 2755 3505 edidit.
2779 3449 2852 3503 Es
2876 3452 3034 3519 aquis
3053 3451 3197 3505 enim
3227 3460 3360 3506 ortae
3383 3460 3514 3506 sunt
3531 3468 3675 3506 rame

2109 3549 2171 3595 ut
2208 3541 2262 3595 in
2293 3540 2498 3597 Genesi
2523 3540 2756 3609 legimus
2782 3540 2849 3605 “,
2874 3554 3109 3610 quarum
3161 3548 3311 3596 tanta
3354 3542 3455 3595 fuit
3486 3544 3668 3611 capia,

2110 3640 2170 3685 ut
2194 3644 2455 3685 ranarum
2487 3629 2647 3698 quasi
2686 3629 2868 3683 fontes
2893 3630 3145 3683 emittere
3176 3639 3321 3684 terra
3356 3631 3670 3688 tideretur:

2105 3727 2160 3773 et
2210 3733 2523 3789 quanquam
2559 3717 2742 3773 Graeca
2788 3717 2979 3783 dictio,
3003 3717 3276 3786 ὲξεϊρψεν,
3310 3736 3430 3789 quae
3475 3723 3577 3777 hoc
3618 3724 3671 3777 in

2105 3808 2227 3862 loco
2254 3807 2437 3872 habet,
2461 3809 2702 3879 proprie,
2733 3823 2839 3862 non
2864 3816 2972 3861 tam
3009 3808 3251 3874 ebullire,
3287 3827 3449 3880 quam
3486 3829 3665 3880 repen~

2107 3906 2182 3952 tes
2213 3897 2364 3953 edere
2396 3899 2688 3965 signiticet,
2722 3898 2868 3967 quod
2927 3898 3148 3951 verbum
3193 3901 3375 3968 reptili
3408 3916 3665 3957 ranarum
3718 3906 3727 3911 “

1501 3994 1679 4042 tamen
1751 3988 1852 4043 hoc
1888 4000 2044 4055 pacto
2075 4030 2089 4051 ,
2126 3991 2262 4044 satis
2304 3991 2590 4046 commode
2643 4005 2865 4045 sensum
2926 3991 3075 4045 reddi
3139 3992 3385 4047 arbitrati
3442 4010 3664 4061 sumus,

437 4074 720 4132 postquam
748 4067 911 4120 unico
946 4067 1139 4124 Latino
1169 4074 1355 4139 verbo,
1399 4083 1457 4129 ut
1493 4088 1754 4146 parerat,
1780 4095 2001 4135 sensum
2038 4091 2158 4152 apte
2188 4079 2418 4135 reddere
2445 4094 2554 4135 non
2583 4080 2960 4149 sperabamus.

512 4154 610 4208 Ἐν
635 4154 760 4221 τοῖς
782 4160 1047 4227 ταμείοις
1104 4159 1222 4216 τῶν
1258 4165 1595 4228 βασιλείων
1649 4169 1864 4223 αὐτῶν.
1920 4173 1994 4224 Οὐ

433 4242 593 4311 μόνον
623 4244 683 4296 ἐν
706 4247 841 4298 πᾶσι
871 4251 985 4313 τοῖς
1004 4250 1187 4315 ἄλλοις
1236 4252 1444 4317 τόποις,
1476 4255 1613 4309 ἀλλὰ
1662 4258 1757 4309 καὶ
1794 4260 1853 4311 ἐν
1883 4262 1996 4324 τοῖς

431 4334 509 4394 εἰς
544 4334 612 4387 τὰ
658 4334 905 4404 βασίλεια
933 4341 1204 4409 ταμείοις,
1248 4342 1377 4411 ἔνθα
1407 4345 1577 4417 πολλὴ
1630 4350 1847 4422 φυλακὴ
1903 4352 1998 4404 καὶ

429 4422 700 4494 ἀσφαλής.

498 4509 647 4568 Εἷπε
673 4517 770 4569 καὶ
799 4513 949 4586 ἦλθε
969 4522 1262 4590 κυνόμυια
1311 4524 1408 4576 καὶ
1434 4526 1689 4594 σκνῖπες
1742 4529 1811 4583 ἐν
1844 4530 1993 4585 πᾶσι

428 4603 553 4693 τοῖς
585 4606 769 4672 ὁρίοις
797 4608 1017 4664 αὐτῶν.
1061 4611 1213 4666 Ἐκεῖ
1234 4616 1325 4666 καὶ
1352 4615 1479 4686 περὶ
1520 4618 1729 4673 τούτων
1761 4620 1993 4693 ὲρρήοη,

428 4689 558 4744 ἔνθα
591 4694 672 4758 τὸ,
732 4696 1198 4761 Ἐεαπέστειλεν
1222 4705 1310 4770 εἰς
1354 4706 1577 4772 αὐτοὺς
1629 4689 1987 4779 κυνόμυιαν.

503 4785 713 4839 Ἐθετο
738 4787 844 4853 τὰς
863 4791 1097 4860 ,βροχὰς
1112 4793 1312 4850 αὐτῶν
1335 4800 1621 4866 χάλαζαν,
1655 4802 1779 4867 πῦρ
1815 4819 1994 4856 κατα-

426 4873 656 4944 φλέτον
686 4877 757 4930 ἐν
798 4880 869 4949 τῇ
923 4881 1001 4952 τῇ
1027 4883 1243 4941 αὐτῶν.
1278 4887 1384 4941 Kal
1430 4888 1691 4953 ἐπάταξε
1715 4889 1821 4956 τὰς
1856 4892 1989 4959 κάμ-

427 4967 654 5036 πέλους
676 4972 874 5026 αὐτῶν
904 4973 1002 5027 καὶ
1054 4977 1160 5044 τὰς
1189 4977 1386 5046 συκᾶς
1414 4981 1635 5046 αὐτῶν,
1685 4985 1783 5037 καὶ
1838 5000 1987 5037 συν·

425 5057 630 5127 ἐτριψε
653 5060 777 5117 πᾶν
808 5063 1000 5126 ξύλον
1018 5069 1184 5136 ὁρίου
1210 5071 1427 5127 αὐτῶν.
1469 5069 1623 5127 Eine
1647 5076 1744 5129 καὶ
1803 5072 1992 5145 ἦλθεν

425 5146 598 5214 ὁκρὶς
639 5150 736 5202 καὶ
788 5153 1078 5224 βροῦχος.
1131 5152 1202 5214 οὗ
1249 5162 1360 5213 οὐκ
1420 5158 1499 5232 ἦν
1541 5163 1815 5232 ἀριθμόςο
1891 5173 1991 5225 καὶ

498 5300 696 5363 “Gen.
729 5325 769 5368 ι,
808 5308 880 5367 20

2173 4172 2241 4226 1η
2283 4170 2642 4241 penetralibus
2685 4172 2953 4243 regiarum
2987 4172 3242 4238 ipsorum.
3287 4171 3406 4226 Non
3451 4181 3661 4230 tantum

2102 4262 2356 4318 omnibus
2396 4262 2521 4318 aliis
2565 4262 2619 4315 in
2648 4261 2785 4316 locis
2822 4260 2918 4315 sed
2965 4261 3018 4314 in
3054 4260 3187 4329 ipsis
3236 4275 3457 4333 quoque
3497 4266 3667 4335 regiis

2101 4352 2376 4418 domibus,
2408 4363 2575 4423 atque
2622 4352 2677 4406 in
2714 4351 3079 4421 penitioribus
3108 4367 3300 4407 eorum
3353 4353 3513 4420 locis,
3548 4371 3661 4428 quo

2100 4444 2442 4499 tutissimum
2477 4445 2617 4499 solet
2645 4458 2765 4498 esse
2792 4442 3134 4513 conlegium.

2169 4533 2334 4590 Vens.
2363 4534 2453 4590 3!.
2501 4535 2654 4589 Dixit
2684 4546 2732 4589 et
2768 4535 2905 4589 venit
2957 4537 3232 4606 cynomyia
3260 4545 3310 4592 et
3328 4541 3582 4609 sciniphes
3612 4544 3664 4597 in

2100 4629 2340 4682 omnibus
2385 4628 2579 4697 ﬁnibus
2625 4643 2826 4681 eorum.
2864 4627 2977 4682 illic
3008 4629 3171 4682 etiam
3219 4630 3285 4684 de
3331 4633 3414 4687 bis
3452 4634 3661 4689 dictum

2099 4726 2201 4777 est,
2234 4717 2307 4771 ibi
2345 4736 2359 4773 :
2396 4718 2545 4772 Misit
2566 4719 2619 4771 in
2646 4733 2733 4772 eos
2762 4721 3119 4789 cynomyiam.

2173 4805 2340 4863 Vsus.
2375 4807 2564 4862 32-56.
2618 4806 2803 4861 Posuit
2852 4807 3057 4877 pluvias
3102 4827 3282 4866 eorum
3328 4813 3658 4882 grandinem,

2097 4901 2271 4970 ignem
2310 4900 2695 4953 comburentem
2728 4902 2782 4955 in
2827 4912 2966 4955 terra
3008 4902 3261 4972 ipsorum,
3308 4915 3357 4961 et
3401 4913 3658 4979 percussit

2100 4993 2277 5044 vineas
2307 5006 2506 5056 eorum,
2542 5002 2591 5043 et
2622 4992 2876 5058 ﬁculneas
2910 5011 3112 5059 eorum,
3146 5005 3197 5049 et
3228 4999 3473 5052 contrivit
3512 5017 3661 5055 omne

2099 5081 2298 5151 lignum
2325 5082 2511 5149 ﬁnium
2543 5099 2741 5137 eorum.
2776 5082 2922 5138 Dixit
2953 5096 3000 5140 et
3036 5089 3171 5141 venit
3201 5088 3424 5153 Ιοσειεια,
3459 5100 3509 5143 et
3532 5093 3657 5144 bru-

2100 5173 2222 5225 rlius
2256 5173 2404 5242 cujus
2449 5190 2550 5227 non
2590 5185 2703 5228 erat
2753 5192 3002 5230 numerus
3044 5193 3061 5230 :
3105 5187 3153 5231 et
3186 5180 3408 5234 comedit
3452 5197 3656 5236 ontnem

1771 5415 1971 5478 Variae
2005 5418 2331 5485 lectiones.

499 5501 613 5579 {16)
651 5503 839 5579 Graeca
862 5504 1245 5579 interpretatio
1296 5509 1501 5579 pendet
1539 5511 1606 5565 ab
1636 5512 1757 5578 ipso
1810 5517 1984 5570 versi-

430 5572 774 5640 culo,'cujus
829 5575 988 5649 verba
1010 5572 1110 5631 'ita
1149 5572 1347 5633 sonant
1380 5597 1396 5635 :
1431 5572 1700 5649 Prorepsit
1729 5592 1869 5637 terra
1898 5603 1985 5640 eo-

428 5656 545 5691 rum
595 5658 773 5695 ranas.
834 5644 928 5698 llis
962 5656 1140 5698 autem
1198 5649 1380 5704 verbis
1438 5644 1661 5707 Graecus
1717 5656 1981 5714 interpres

429 5725 725 5766 consonam
745 5713 1272 5773 animadversionem
1297 5718 1523 5788 addidit,
1553 5713 1978 5779 Grammaticum

2091 5537 2457 5605 κατῄει-τηεψ
2486 5543 2611 5605 suo.
2643 5528 2887 5605 Latinus,
2917 5537 3125 5605 retento
3154 5545 3340 5605 sensu,
3376 5536 3659 5605 aptissime

2092 5593 2329 5668 reddidit
2353 5595 2648 5661 Ebullivil;
2685 5600 2942 5668 quocirca
2967 5600 3153 5656 Graeca
3178 5593 3651 5666 animadrersione

2092 5664 2228 5720 nihil
2253 5680 2392 5735 opus
2432 5668 2645 5724 habuit.
