4076 6204
451 272 585 333 Ill-l3

1612 278 1997 343 EUTHYMII
2033 280 2391 346 ZIGABENI

3551 279 3694 343 10H

448 384 662 439 herbam
693 386 744 440 in
780 396 922 443 terra
966 404 1168 451 eorum,
1201 398 1250 440 et
1295 385 1517 441 comedit
1549 403 1754 442 omnem
1789 390 2011 458 fructum

2125 391 2424 462 κατέφαγε
2475 391 2673 446 πάντα
2716 394 2936 462 χόρτον
2984 394 3055 450 ἐν
3109 395 3185 464 τῇ
3240 394 3318 465 γῇ
3340 396 3562 465 αὐτῶν,
3590 392 3695 453 καὶ

452 488 607 535 terra:
645 496 845 534 eorum.
901 480 968 532 Et
1011 479 1269 548 percussit
1323 495 1472 533 omne
1506 479 1912 550 primogenitum
1966 483 2021 541 in

454 580 596 624 terra
654 588 852 636 eorum,
909 572 1384 640 primitiasomnis
1437 572 1642 628 laboris
1681 589 1885 629 eorum.
1946 573 2021 629 De

454 661 540 716 his
572 663 734 717 etiam
771 662 879 717 illic
912 662 1120 719 dictum
1147 671 1250 721 est.

528 843 692 897 Vens.
726 843 816 897 57.
854 842 920 896 Et
942 844 1124 898 eduxit
1154 856 1238 898 eos
1272 845 1324 897 in
1359 853 1576 915 argento
1602 852 1649 900 et
1674 860 1831 898 auro.
1863 842 2019 911 Quod

451 941 644 988 mutuo
679 944 1004 1004 acceperant
1035 938 1099 989 ah
1131 936 1424 1007 Egyptiis,
1462 936 1568 991 Deo
1601 936 1652 990 id
1677 936 1929 1005 jubente,
1962 944 2018 990 et

452 1034 762 1095 repulatum
809 1036 893 1081 est
925 1026 1026 1081 hoc
1062 1027 1116 1079 in
1154 1028 1467 1082 mercedem
1524 1026 1837 1088 ministerii,
1870 1029 2016 1097 quod

452 1118 837 1187 impenderant
886 1119 1206 1173 fabricando
1249 1120 1470 1185 lateres,
1500 1128 1555 1175 et
1591 1118 1714 1174 aliis
1754 1120 2017 1188 operibus

451 1208 820 1269 inserviendo.

523 1301 591 1354 Et
623 1317 725 1354 non
766 1312 880 1355 erat
911 1302 965 1357 in
1002 1303 1242 1357 tribubus
1285 1319 1465 1356 eorum
1502 1302 1768 1369 inﬁrmus.
1814 1299 1889 1353 Ea
1921 1313 2015 1350 au-

452 1399 560 1445 tem
588 1392 802 1446 ratione
830 1394 901 1446 ita
941 1408 970 1447 a
997 1393 1109 1449 Deo
1150 1395 1432 1463 provisum
1481 1400 1584 1453 est,
1613 1406 1682 1446 ne
1722 1389 1919 1458 aliquis
1948 1388 2018 1441 ob

450 1484 832 1552 egritudinem
868 1487 924 1541 in
956 1487 1152 1542 itinere
1174 1488 1602 1557 relinqueretur,
1628 1493 1679 1539 et
1705 1495 2015 1554 quanquam

450 1574 666 1646 Moyses
707 1578 760 1632 id
802 1578 1116 1649 specialiter
1149 1594 1260 1632 non
1307 1578 1613 1648 scripserit,
1660 1575 1797 1630 satis
1830 1581 2014 1627 tamen

449 1679 516 1722 ex
545 1681 610 1720 eo
639 1666 867 1737 intelligi
913 1678 1115 1737 potest,
1154 1669 1298 1737 quod
1336 1668 1571 1737 aliquem
1618 1679 1809 1720 eorum
1843 1676 2014 1732 aegro-

2126 478 2422 549 κατέφαγσ
2457 479 2658 533 πάντα
2688 480 2921 549 καρπὸν
2973 481 3084 550 τῆς
3137 482 3249 553 τῆς
3296 482 3518 541 αὐτῶν.
3578 486 3695 541 Καὶ

2119 569 2383 635 ἐπάταξε
2409 569 2534 627 πᾶν
2556 573 2942 641 πρωτότοκον
2958 574 3029 628 ἐν
3053 573 3128 643 τῇ
3150 574 3230 644 γῇ
3256 575 3475 641 αὐτῶν,
3499 576 3654 646 ἀπαρ
3672 606 3691 619 ο

2120 664 2239 734 χὴν
2262 666 2493 732 παντὸς
2514 666 2706 722 πόνου
2722 667 2937 725 αὐτῶν.
2966 669 3199 740 Ὁμοίως
3213 672 3307 725 καὶ
3332 671 3461 741 περὶ
3480 671 3691 727 τούτων

2121 755 2259 809 ἐκεῖ.

2190 848 2299 902 Kal
2319 846 2615 918 ἐξήγαγεν
2637 848 2858 914 αὐτοὺς
2901 848 2971 902 ἐν
2990 849 3249 918 ἀργυρίῳ
3279 851 3375 904 καί
3432 853 3684 918 χρυσίῳ.

2126 940 2193 997 Ἃ
2218 941 2523 1011 ἐχρήσαντο
2544 941 2697 1010 παρὰ
2724 940 2837 992 τῶν
2881 940 3223 1008 Αἰγυπτίων,
3248 940 3394 995 οὕτω
3427 942 3522 995 τοῦ
3544 943 3684 996 Θεοῦ

2119 1030 2493 1097 κελεύσαντος,
2559 1030 2700 1085 ὥστε
2759 1031 3072 1102 λογισθῆναι
3093 1033 3266 1087 ταῦτα
3334 1034 3527 1104 μισθὸν
3582 1034 3687 1103 τῆς

2119 1123 2491 1187 πλινθοποιίας
2522 1122 2732 1194 καὶτῆς
2754 1124 2920 1196 ἄλλης
2937 1122 3263 1195 ὑπηρεσίας.

2191 1299 2297 1353 Καὶ
2331 1301 2441 1353 οὐκ
2490 1294 2570 1368 ἦν
2596 1298 2666 1351 ἐν
2694 1298 2823 1365 ταῖς
2851 1297 3075 1367 φυλαῖς
3099 1297 3300 1352 αὐτῶν
3330 1300 3363 1352 ό
3382 1297 3684 1352 ἀσθενῶν.

2119 1388 2238 1442 Ἵνα
2274 1387 2465 1456 μηδεὶς
2518 1387 2876 1457 ἀπολειφθείη
2928 1387 3017 1440 διὰ
3069 1388 3246 1440 νόσον.
3306 1386 3511 1453 Μωσῆς
3583 1386 3689 1455 μὲν

2121 1477 2302 1548 ῥητῶς
2324 1477 2422 1529 οὐκ
2447 1477 2777 1547 ἀνέγραψεν,
2826 1479 3027 1530 νοεῖται
3052 1477 3110 1529 δὲ
3169 1476 3258 1529 διὰ
3311 1476 3372 1529 τὸ
3435 1476 3685 1547 μηδαμοῦ

2121 1566 2562 1638 μνημονευθῆναι
2590 1585 2712 1621 τινα
2738 1569 3065 1639 νοσήσαντα.
3122 1568 3231 1624 Καὶ
3264 1568 3465 1637 ἑτέρως
3493 1568 3547 1619 δέ
3570 1584 3583 1597 ·
3617 1568 3685 1623 Οἱ

2119 1658 2539 1723 ἀκολουθοῦντες
2567 1659 2644 1731 τῷ
2672 1659 2791 1729 Θεῷ
2823 1660 2924 1712 οὐκ
2953 1658 3270 1723 ἀσθενοῦσι,
3299 1658 3479 1713 πάντα
3526 1656 3681 1726 ἰσχύ-

446 1762 596 1810 tasse
629 1772 899 1826 nusquam
935 1759 1202 1825 traditur;
1230 1767 1282 1813 et
1324 1756 1575 1813 fortassis
1616 1755 1810 1809 beatus
1842 1750 2011 1804 David

2120 1766 2272 1813 οντες
2324 1751 2383 1802 ὲν
2403 1750 2481 1821 τῷ
2526 1749 3075 1817 δυναμοῦντιαύτοὺς
3123 1749 3384 1819 Χριστῷ·
3439 1749 3567 1811 ἴσως
3627 1748 3684 1803 δὲ

447 1848 668 1903 aliunde
702 1849 804 1904 hoc
829 1849 1047 1907 didicit.
1090 1848 1183 1904 Vel
1215 1851 1410 1904 aliter:
1445 1849 1546 1915 Qui
1582 1847 1747 1902 Deum
1777 1858 2011 1914 sequun-

2122 1844 2218 1899 καὶ
2244 1844 2512 1915 ἑτέρωθεν
2568 1844 2819 1913 ἐδιδάχθη
2869 1843 2998 1914 περὶ
3033 1841 3127 1900 τοῦ
3159 1842 3344 1907 Δαόὶδ,
3391 1842 3425 1913 ἣ
3452 1841 3513 1907 ἐξ
3546 1842 3679 1893 imo

448 1952 558 2008 tur,
589 1959 696 1998 non
731 1944 1080 1999 inﬁrmantur
1109 1962 1122 2009 ;
1150 1945 1281 2012 quin
1316 1945 1426 1998 imo
1460 1942 1640 1998 omnia
1677 1944 1911 2011 possunt
1958 1936 2011 1990 in

2123 1937 2333 2007 κρύφον
2374 1935 2606 2007 βιϐλίου,
2640 1935 2672 2006 ἥ
2711 1937 2775 1989 ὲκ
2808 1935 3186 2004 παραδόσεως,
3213 1934 3248 2007 ἧ
3272 1936 3337 1987 ὲκ
3384 1932 3478 1987 τοῦ
3536 1931 3679 1987 θείου

446 2038 687 2103 Christo,
717 2042 811 2111 qui
857 2042 937 2097 eis
992 2029 1244 2097 vires'ac
1292 2040 1461 2096 robur
1514 2039 1781 2108 suggerit.
1820 2031 2007 2089 Potuit

2116 2026 2451 2097 Πειεύματος,
2492 2026 2567 2090 ὡς
2596 2026 2725 2095 περὶ
2747 2014 2949 2103 ἐτέρων
2981 2025 3213 2080 πολλῶν.

445 2131 607 2186 etiam
640 2133 833 2187 beatus
871 2133 1043 2187 David
1086 2134 1137 2189 id
1168 2134 1416 2190 scivisse.
1449 2148 1512 2187 ex
1541 2132 1726 2200 aliquo
1762 2144 1871 2184 non
1908 2121 2182 2181 celebrato
2206 2118 2367 2184 libro,
2404 2120 2568 2174 veluti
2642 2120 2733 2175 cx"
2758 2120 2845 2175 his
2905 2134 3044 2188 quos
3098 2115 3442 2188 apocrypbos
3506 2116 3681 2168 nomi-

449 2232 597 2285 nant,
648 2234 738 2279 aut
784 2242 848 2282 ex
893 2227 1171 2282 seniorum
1204 2214 1475 2291 sermone,
1508 2232 1601 2277 aut
1641 2224 1804 2276 etiam
1840 2235 1868 2271 a
1894 2215 2081 2273 divino
2107 2211 2316 2281 Spiritu
2346 2212 2596 2274 edoctus,
2624 2228 2653 2266 a
2677 2227 2787 2281 quo
2822 2211 2987 2264 multa
3025 2209 3313 2279 perdidicit

518 2317 682 2373 Vsus.
713 2320 802 2375 58.
837 2317 1048 2373 Lwtata
1083 2332 1158 2371 est
1193 2317 1456 2387 ZEgyptus
1491 2316 1546 2369 in
1574 2314 1894 2383 profectione
1923 2324 2011 2363 εο-

2194 2302 2528 2372 Ἐἰνρρὰνθη
2562 2303 2863 2373 Αἴγυπτος
2918 2302 2986 2355 ἐν
3023 2299 3098 2369 τῇ
3118 2300 3306 2365 ἐξόδῳ
3327 2299 3548 2360 αὐτῶν.
3593 2298 3677 2352 ὅτι

447 2428 589 2474 rum,
617 2412 741 2479 quia
766 2412 1002 2463 incubuit
1033 2412 1193 2463 timor
1211 2426 1393 2463 eorum
1415 2425 1571 2477 super
1599 2424 1710 2462 eos.
1746 2404 2011 2460 Incubue-

2116 2393 2412 2449 ἐπέπεσεν
2461 2398 2494 2449 ό
2529 2396 2714 2463 φόϐος
2763 2392 2962 2448 αὐτῶν
2991 2393 3343 2458 ἐπάὑτούς.
3373 2392 3676 2446 Ἐπέπεσεν

447 2512 532 2555 rat
558 2478 740 2566 timor,
772 2501 842 2555 ob
875 2500 1080 2571 ﬂagella
1111 2516 1141 2555 a
1167 2501 1277 2554 Deo
1303 2498 1575 2570 Egyptiis
1609 2497 1877 2555 immissa.
1910 2494 2010 2549 Ju-

2116 2485 2327 2554 ὁφόὸος
2362 2485 2541 2538 αὐτῶν
2590 2485 2678 2540 διὰ
2727 2483 2827 2546 τὰς
2855 2482 2997 2553 ὑπὲρ
3026 2480 3209 2539 αὐτῶν
3240 2478 3536 2549 θεηλάτους
3571 2479 3676 2548 μά·

447 2594 686 2649 daeorum
748 2594 947 2663 gratia.
995 2592 1096 2646 Per
1130 2590 1428 2662 Egyptum
1467 2596 1651 2643 autem
1679 2626 1695 2650 ,
1728 2586 2011 2656 Egyptios

2116 2592 2331 2643 στιγας.
2374 2576 2648 2644 Αἴγυπτον
2722 2575 2778 2628 δὲ
2839 2574 2988 2642 λέγει
3055 2574 3182 2635 τοὺς
3253 2572 3677 2643 ὑπολειφθέντας

447 2684 699 2740 homines
728 2661 1008 2753 intelligit.
1039 2683 1174 2739 Cum
1208 2661 1391 2737 autem
1443 2677 1762 2750 hujusmodi
1800 2676 2011 2747 ﬂagella

2116 2667 2473 2735 Αἰγυπτίους.
2497 2664 2797 2730 Διεξελθὼν
2826 2665 2884 2718 δὲ
2914 2664 3015 2726 τὰς
3042 2662 3187 2717 κατὰ
3214 2663 3324 2714 τῶν
3365 2661 3677 2729 Αἰγυπτίων

447 2779 781 2850 compendio
827 2751 1067 2847 quodam
1113 2776 1471 2849 percurrerit,
1500 2774 1642 2831 redit
1693 2787 1915 2828 rursum
1947 2770 2011 2826 ad

2116 2758 2331 2828 πληγὰς
2356 2758 2783 2828 ὲπιτομώτερον,
2819 2757 2921 2828 ἤδη
2958 2753 3278 2826 μεταϐαίνει
3306 2754 3402 2805 καὶ
3436 2754 3531 2805 ἐπὶ
3576 2751 3671 2815 τὰς

445 2848 710 2926 beneﬁcia
735 2871 787 2925 in
824 2870 1082 2927 Hebraos
1113 2848 1339 2926 collata.

2116 2852 2194 2916 είς
2214 2852 2341 2914 τοὺς
2375 2850 2661 2921 Ἐὀραίους
2690 2848 3037 2921 εὐεργεσίας.

518 2963 687 3021 Vsus.
718 2964 905 3020 39-41.
939 2964 1213 3035 Empandit
1248 2962 1435 3017 nubem
1470 2961 1526 3015 in
1563 2959 1888 3029 protectione
1922 2972 2011 3011 eo-

2182 2942 2544 3001 Διεπέτασεν
2581 2943 2847 3012 νεφέλην
2898 2942 2987 3007 εὶς
3021 2939 3262 3008 σκέπην
3299 2936 3524 3002 αὐτοῖς,
3579 2936 3673 2989 καὶ

444 3077 586 3128 rum,
618 3070 665 3114 et
704 3060 871 3129 ignem
906 3068 962 3112 ut
1007 3058 1200 3111 luceret
1226 3057 1301 3110 eis
1331 3072 1423 3124 per
1466 3064 1668 3109 noctem
1696 3067 1715 3105 :
1747 3053 2010 3120 petierunt

2116 3036 2232 3103 πῦρ
2252 3035 2359 3090 τοῦ
2391 3037 2644 3105 φωτίσαι
2665 3034 2870 3099 αὐτοῖς
2902 3033 3019 3103 τὴν
3049 3033 3260 3087 νύκτα.
3289 3030 3560 3104 ᾜτησαν
3578 3028 3671 3082 καί
3762 3102 3765 3103 ν

2125 3122 2295 3146 τιΙΛ-μ,
2333 3126 2480 3146 )-ᾲ,-ν
2515 3126 2729 3146 -.__l_-__
2783 3125 2873 3146 --.Α
2925 3125 3085 3146 ιι-..,-
3144 3122 3395 3146 -ΑΟ.-..---Ζ
3431 3121 3568 3146 ι--λ-
3589 3124 3648 3146 1..

444 3161 494 3207 et
528 3150 944 3208 venitcoturnix,
974 3158 1022 3201 et
1055 3163 1191 3213 pane
1226 3147 1342 3199 caeli
1368 3145 1634 3199 saturavit
1659 3158 1783 3197 eos:
1808 3141 2009 3209 dirupit

2116 3122 2298 3197 ἦλθεν
2321 3126 2750 3196 ὀρτυγομήτρα,
2778 3125 2876 3179 καὶ
2915 3125 3092 3193 ἄρτος
3135 3122 3396 3193 οὐρανοῦ
3425 3121 3676 3187 ἐνέπλη-

443 3252 669 3311 petram,
702 3250 750 3293 et
792 3240 1059 3308 fluxerunt
1090 3254 1263 3306 aquae,
1293 3246 1343 3289 et
1371 3236 1613 3289 abierunt
1646 3236 1701 3288 in
1730 3235 1868 3287 sicco
1906 3232 2011 3299 ﬂu-

446 3334 611 3387 mina.
657 3332 732 3385 De
770 3331 858 3385 his
897 3329 1154 3384 omnibus
1198 3328 1363 3383 etiam
1411 3327 1464 3380 in
1509 3326 1769 3396 praedicto
1801 3324 2011 3393 psalmo

448 3423 654 3475 dictum
681 3429 783 3475 est.
811 3418 1028 3473 Abiisse
1059 3426 1242 3473 autem
1292 3416 1431 3471 dicit
1481 3416 1533 3470 in
1586 3415 1732 3470 sicco
1761 3414 2008 3477 ﬂumina,

445 3507 574 3575 quia
606 3520 782 3574 aquae,
818 3520 939 3573 quae
968 3519 995 3556 a
1032 3511 1184 3572 petra
1227 3508 1544 3566 manarunt,
1582 3517 1679 3571 per
1708 3501 1890 3555 aridas
1924 3517 2011 3554 re-

445 3597 632 3667 giones
667 3596 937 3651 devoluta:
957 3604 1112 3650 sunt.
1146 3594 1478 3664 Huiusmodi
1516 3608 1646 3650 vero
1675 3608 1831 3664 aqua:
1858 3594 2008 3649 rivu-

444 3688 550 3755 los,
580 3687 801 3743 ﬂumina
834 3687 1148 3758 appellavit,
1180 3686 1251 3740 ob
1290 3701 1565 3756 aquarum
1604 3686 1846 3756 c0piam.

514 3870 681 3926 Vsus.
721 3869 807 3924 42.
844 3868 1108 3935 Quoniam
1144 3882 1343 3923 memor
1391 3867 1490 3937 fuit
1540 3866 1679 3921 verbi
1722 3865 1827 3930 sui,
1869 3865 2008 3935 quod

442 3961 626 4017 habuit
653 3961 722 4014 ad
750 3959 1014 4014 Abraham
1053 3974 1272 4028 puerum
1320 3974 1495 4011 suum.
1546 3954 1698 4010 Illius
1736 3956 2001 4009 nimirum

444 4052 851 4122 promissionis,
907 4050 1051 4121 quod
1115 4049 1581 4119 multiplicaturus
1630 4055 1776 4102 esset
1822 4062 2008 4102 semen

443 4142 586 4212 ejus,
620 4152 670 4196 et
718 4142 861 4210 quod
919 4143 1151 4197 daturus
1185 4142 1268 4195 eis
1304 4147 1458 4195 esset
1487 4148 1690 4192 terram
1721 4136 2008 4203 Chanaan,

446 4230 548 4283 hoc
585 4238 693 4293 est,
724 4229 1075 4285 Palaestinam
1107 4230 1410 4299 regionem.

515 4321 681 4378 Vens.
712 4321 873 4376 43.Et
897 4322 1075 4376 eduxit
1099 4320 1348 4389 populum
1378 4337 1532 4374 suum
1560 4323 1615 4375 in
1634 4320 2004 4376 exsultatione.

2112 3234 2227 3272 σεν
2280 3218 2519 3284 αὐτούς.
2573 3217 2851 3286 Διέρῤηξε
2921 3216 3170 3285 πέτραν,
3213 3218 3314 3270 καὶ
3369 3215 3673 3285 ἐρρύησαν

2112 3310 2321 3372 ὕδατα,
2366 3308 2465 3362 καί
2517 3308 2934 3377 ἐπορεύθησαν
2968 3308 3036 3362 ἐν
3074 3308 3352 3374 ἀνύδροις
3403 3305 3670 3373 ποταμοί.

2124 3403 2213 3455 Ἐν
2258 3400 2451 3470 ἐκείνῳ
2506 3400 2584 3470 τῷ
2646 3397 2847 3469 ψαλμῷ
2874 3399 2967 3452 καὶ
3011 3399 3140 3468 περὶ
3190 3398 3399 3452 τούτων
3440 3398 3671 3467 ὲρῤήθη.

2125 3491 2556 3560 Ἐπορεύθησαν,
2591 3491 2780 3561 φησὶν,
2808 3493 2867 3543 ὲν
2901 3489 3153 3563 ἀνύδροις
3198 3490 3385 3550 τόποις
3442 3486 3676 3555 ποταμοὶ

2114 3585 2333 3656 ῥέοντες
2399 3583 2506 3638 ἀπὸ
2556 3582 2658 3653 τῆς
2726 3582 3119 3655 διαρῤαγείσης
3176 3580 3394 3647 ἐκείνης
3450 3577 3674 3646 πέτρας.

2114 3676 2401 3745 Ποταμοὺς
2427 3676 2485 3729 δὲ
2517 3675 2641 3737 τοὺς
2675 3674 2894 3744 ὀχετοὺς
2954 3672 3183 3726 ἐκάλεσε
3243 3670 3333 3725 διὰ
3378 3672 3438 3722 τὸ
3478 3668 3677 3737 πλῆθος

2110 3770 2221 3822 τῶν
2244 3769 2472 3823 ὑδάτων.

2190 3859 2321 3912 Ὀτι
2346 3857 2620 3927 ἐμνήσθη
2651 3856 2758 3911 τοῦ
2784 3857 2972 3925 λόγου
2996 3855 3103 3909 τοῦ
3126 3855 3300 3925 ἁγίου
3329 3854 3535 3914 αὑτοῦ,
3570 3849 3674 3905 τοῦ

2111 3951 2260 4019 πρὸς
2291 3948 2536 4019 Ἀϐραὰμ
2563 3948 2669 4001 τὸν
2697 3945 2922 4002 δοῦλον
2945 3946 3152 4001 αὑτοῦ.
3186 3945 3292 3999 Τοῦ
3355 3945 3515 4014 λόγου
3580 3942 3677 4011 τῆς

2111 4040 2466 4110 ἐπαγγελίας,
2495 4041 2577 4092 ὅτι
2600 4037 2865 4108 πληθυνεῖ
2892 4037 2951 4090 τὸ
2981 4037 3204 4107 σπέρμα
3223 4035 3412 4100 αὐτοῦ,
3470 4039 3565 4089 καὶ
3597 4036 3678 4088 ὅτι

2110 4133 2272 4187 δώσει
2302 4132 2453 4203 αὐτῷ
2501 4131 2601 4202 τὴν
2646 4130 2752 4200 γῆν
2798 4129 3044 4195 Χαναὰν,
3087 4130 3205 4199 ἦτοι
3233 4129 3332 4200 τὴν
3385 4127 3678 4182 Παλαιστί-

2109 4245 2210 4298 νην
2224 4264 2238 4280 .

2183 4317 2290 4373 Καί
2323 4316 2578 4386 ἐξήγαγε
2612 4314 2717 4368 τὸν
2744 4316 2901 4369 λαὸν
2940 4313 3126 4368 αὐτοῦ
3167 4313 3239 4370 ἐν
3298 4312 3676 4383 ἀγαλλιάσει.

443 4412 804 4479 Gaudentem,
836 4413 1067 4478 scilicet,
1094 4421 1147 4467 ct
1178 4413 1449 4466 laetantem
1472 4420 1593 4482 post
1617 4411 2001 4483 Egyptiorum

2116 4410 2384 4481 Χαίροντα
2441 4408 2581 4479 μετὰ
2608 4407 2705 4478 τὴν
2734 4405 2843 4460 τῶν
2896 4405 3215 4474 Αἰγυπτίων
3257 4406 3676 4458 καταπόντισιν.

444 4506 863 4561 demersionem.

512 4597 582 4651 Et
610 4598 799 4653 electos
832 4613 953 4654 suos
972 4597 1026 4649 in
1050 4594 1263 4650 ltetitia.
1306 4592 1572 4651 Eumdem
1599 4593 1859 4666 populum
1900 4596 2013 4651 ele-

443 4691 563 4739 ctos
595 4685 851 4755 appellat,
891 4691 1150 4751 tanquam
1184 4681 1293 4737 Deo
1321 4682 1593 4739 dicatum.

506 4861 674 4919 Vens.
707 4863 794 4918 44.
833 4861 900 4915 Et
939 4861 1081 4919 dedit
1111 4861 1221 4916 illis
1249 4862 1485 4931 regiones
1512 4863 1770 4934 gentium.
1804 4863 2009 4923 Eorum

447 4971 569 5027 quae
609 4954 922 5010 incolebant
946 4952 1318 5012 Palaestinam.

517 5048 584 5101 Et
616 5046 820 5101 labores
849 5046 1159 5116 populorum
1190 5047 1594 5103 Itwreditarunt.
1632 5045 1887 5102 Gentium
1926 5046 2008 5098 ni-

446 5140 646 5194 mirum
679 5140 895 5195 illarum
932 5154 1071 5208 quas
1099 5138 1208 5210 jam
1233 5138 1810 5196 commemoraximus.

514 5230 679 5286 Vens.
729 5230 817 5286 45.
861 5230 927 5285 Ut
968 5231 1269 5285 custodiant
1304 5231 1718 5299 justi/icationes
1761 5230 1906 5299 ejus.
1962 5238 2012 5284 et

445 5324 607 5394 legem
632 5325 748 5393 ejns
780 5325 1078 5393 exquirant.
1102 5322 1225 5377 Haec
1253 5332 1432 5374 autem
1459 5321 1587 5375 fecit
1619 5324 1920 5377 exhortans
1942 5322 2009 5377 ad

443 5415 884 5470 observationem
914 5414 1297 5469 mandatorum
1328 5427 1580 5475 suorum,
1619 5422 1785 5481 atque
1810 5414 1876 5468 ad
1913 5430 2009 5469 ex-

445 5503 795 5573 quisitionetn
833 5505 968 5572 legis
1010 5521 1142 5559 suae.
1192 5503 1297 5558 Per
1344 5504 1767 5573 exquisitionem
1801 5514 2008 5568 autem.

446 5609 722 5649 summum
777 5593 1116 5651 desiderium
1184 5595 1449 5664 intellige.
1501 5593 1635 5647 Nam
1692 5596 1835 5664 quod
1879 5598 2005 5665 quis

448 5682 609 5736 valde
664 5684 976 5751 desiderat,
1031 5684 1163 5740 illud
1213 5684 1374 5739 etiam
1426 5700 1641 5740 summo
1697 5687 1879 5742 studio
1915 5704 2011 5743 ex-

450 5773 638 5849 qtlirit.

2182 4593 2291 4648 Kal
2320 4590 2463 4656 τοὺς
2503 4588 2829 4653 ἐκλεκτοὺς
2858 4586 3045 4641 αὐτοῦ
3070 4585 3139 4639 ἐν
3162 4585 3533 4654 εὐφροσύνῃ.
3576 4583 3679 4637 τὸν

2112 4682 2280 4737 αὐτὸν
2310 4682 2441 4736 λαδν
2478 4682 2628 4748 λέγει
2658 4680 2754 4732 καὶ
2780 4679 3097 4740 ἐκλεκτοὺς.
3130 4677 3206 4740 ὡς
3246 4675 3586 4751 ἐξῃρημένον
3602 4675 3679 4746 τῷ

2111 4775 2254 4845 Θεῷ.

2186 4865 2297 4921 Kal
2317 4864 2541 4921 ἔδωκεν
2570 4861 2776 4927 αὐτοῖς
2820 4859 3017 4930 χώρας
3051 4857 3264 4913 ἐθνῶν.
3314 4858 3438 4911 Τῶν
3492 4875 3674 4912 κατοι-

2112 4960 2354 5015 κούντων
2387 4959 2487 5029 τὴν
2510 4955 2903 5026 Παλαιστίνην.

2184 5053 2289 5107 Kal
2316 5051 2545 5115 πόνους
2559 5045 2726 5102 λαῶν
2760 5042 3398 5113 κατεκληρονόμησαν.
3429 5040 3552 5096 Τῶν
3599 5043 3679 5097 sl-

2115 5165 2181 5218 ρη
2191 5147 2368 5217 μένων
2389 5144 2581 5199 ὲθνῶν.

2187 5239 2382 5302 Ὅπως
2406 5235 2481 5290 ἂν
2502 5233 2814 5304 φυλάξωσι
2852 5232 2926 5287 τὰ
2956 5228 3315 5297 δικαιώματα
3343 5226 3550 5291 αὐτοῦ,
3580 5224 3677 5279 καὶ

2112 5329 2221 5383 τὸν
2238 5328 2424 5397 νόμον
2454 5325 2638 5380 αὑτοῦ
2666 5323 3057 5391 ἐκζητήσωσι.
3107 5322 3223 5375 Ταῦ
3236 5341 3294 5376 ια
3322 5319 3379 5373 δὲ
3424 5318 3679 5388 ἐποίησεν

2113 5424 2321 5485 αὐτοῖς,
2362 5422 2808 5489 προτρεπόμενος
2831 5414 3031 5477 αὐτοὺς
3064 5416 3143 5472 εἰς
3176 5413 3426 5483 φυλακὴν
3457 5413 3563 5465 τῶν
3587 5413 3678 5463 ὲν-

2111 5513 2283 5567 τολῶν
2323 5511 2512 5574 αὐτοῦ,
2555 5511 2675 5580 ἦτοι
2705 5506 2844 5577 πρὸς
2892 5506 3189 5575 ὲκζήτησιν
3221 5504 3316 5558 τοῦ
3354 5504 3520 5573 νόμου
3571 5502 3673 5556 αὖ·-

2111 5603 2225 5657 τοῦ.
2269 5602 2355 5665 Ὠς
2384 5602 2679 5671 ὲκζήτησιν
2712 5598 2769 5650 δὲ
2827 5596 2941 5651 νόει
3002 5596 3097 5650 τὸν
3147 5594 3342 5651 πόθον·
3373 5593 3403 5647 ὅ
3432 5594 3540 5665 γάρ
3591 5609 3678 5655 τις

2116 5695 2291 5754 ποθεῖ.
2322 5691 2481 5748 τοῦτο
2514 5692 2608 5746 καὶ
2638 5688 2881 5763 ἐκζητεί.
