4102 6206
335 3404 356 3416 ι
441 3379 644 3430 deserto
669 3378 693 3428 Ρ
722 3380 849 3431 item
891 3397 903 3431 :
944 3383 1161 3435 Dimitte
1210 3401 1303 3438 nos
1341 3425 1353 3448 ,

484 235 618 298 1047

1705 254 2089 313 ΕΠΤΗΥΜΙΙ
2121 259 2477 322 ZIGABENI

3572 278 3697 340 1048
3740 348 3757 364 ,

482 371 618 408 rum.
664 354 732 410 Ut
763 356 1040 412 videamus
1072 367 1122 411 et
1157 374 1254 412 nos
1286 361 1337 414 in
1379 363 1661 421 beneﬁciis
1705 373 1888 438 populi
1929 374 2005 426 tui

2116 423 2119 430 .
2149 394 2286 433 σου.
2326 382 2429 433 Τοῦ
2467 382 2591 434 ἰδεῖν
2634 384 2726 435 καὶ
2758 386 2903 452 ἡμᾶς
2938 389 2992 437 ἐν
3027 392 3086 456 τῇ
3137 390 3425 462 εὐεργεσίᾳ
3451 392 3544 445 τοῦ
3571 394 3698 447 λαοῦ

478 469 537 506 ca
570 454 803 516 scilicet,
832 468 952 520 quae
982 453 1054 506 illi
1108 455 1312 510 vident.
1382 454 1576 510 Verum
1619 463 1684 512 ad
1737 464 2039 531 discipulos

479 561 609 600 suos
631 546 883 600 Christus
908 547 1123 603 dicebat
1155 567 1170 605 :
1207 550 1365 604 Multi
1415 557 1679 622 pmphette
1705 567 1753 609 et
1781 556 1920 624 justi
1949 574 2038 626 op-

477 648 712 691 taverunt
746 637 933 702 videre,
961 654 1076 705 qua:
1099 657 1184 694 vos
1225 643 1410 696 videtis
1435 646 1504 700 '°.

548 728 614 780 Ut
645 729 886 782 (tutentur
912 731 964 782 in
992 732 1181 786 lwtitia
1221 737 1388 804 gentis
1419 746 1541 790 tute.
1561 738 1749 793 Gentis
1767 739 2038 795 Christia-

475 835 666 874 norum
697 821 924 888 scilicet,
952 824 1020 878 de
1051 841 1158 894 qua
1184 843 1403 882 rursum
1439 830 1663 899 angelus
1690 832 1823 886 dixit
1855 851 1869 886 :
1902 832 2036 886 Ecce

468 911 762 980 evangetizo
787 914 926 967 vobis
950 916 1200 984 gaudium
1238 935 1484 988 magnum
1508 921 1576 973 εί.

542 1093 610 1147 Ut
643 1095 922 1150 laudemur
955 1114 1069 1150 cum
1093 1099 1399 1155 Itmreditate
1428 1112 1543 1155 tua.
1582 1103 1684 1157 Per
1713 1105 1824 1158 hazc
1847 1106 2028 1158 omnia

466 1186 732 1255 supplicat
762 1192 1201 1246 communionem
1233 1203 1282 1246 et
1315 1194 1799 1263 participationem
1833 1211 2024 1265 quam-

462 1277 586 1332 dam
623 1278 820 1334 habere
847 1281 898 1334 in
927 1291 1074 1338 sorte
1108 1294 1275 1351 atque
1302 1286 1354 1338 in
1404 1286 1717 1342 haereditate
1767 1288 1891 1341 novi
1934 1303 2027 1356 po-

463 1368 572 1435 puli
609 1385 622 1422 :
653 1371 805 1437 quasi
842 1380 895 1424 et
928 1371 1046 1440 ipse
1077 1372 1269 1428 beatus
1302 1376 1466 1428 David
1511 1375 1616 1442 iam
1673 1379 1858 1431 omnia
1907 1394 2026 1433 cre-

461 1459 634 1523 deret,
665 1475 784 1529 qme
807 1462 875 1516 de
907 1460 1128 1516 Christo
1154 1465 1423 1519 credenda
1451 1476 1627 1531 erant,
1664 1476 1714 1522 et
1747 1471 2019 1538 magnitu-

463 1550 587 1603 dine
619 1549 737 1602 ﬁdei
760 1550 871 1619 jam
902 1558 1046 1606 esset
1069 1553 1322 1623 insignis.

533 1643 694 1699 Vens.
732 1645 784 1699 6.
813 1645 1155 1701 Peccavimus
1181 1664 1296 1700 cum
1328 1650 1570 1716 patribus
1602 1653 1817 1717 nostris,
1848 1654 2020 1722 inique

2148 487 2264 537 σου,
2293 471 2330 524 ἃ.
2369 473 2630 526 κάκεῖνοι.
2659 477 2748 527 Διὸ
2783 478 2875 528 καὶ
2901 480 2926 529 ὁ
2954 479 3187 542 Χριστὸς
3218 482 3371 548 ἔλεγε
3419 485 3554 553 πρὸς
3604 486 3696 537 αὑ-

2142 564 2266 624 τοὺς
2301 563 2425 626 τοὺς
2459 566 2704 633 μαθητὰς
2750 568 2914 621 αὑτοῦ
2940 588 2954 602 ·
2996 572 3075 622 ὅτι
3130 573 3353 625 Πολλοί
3405 575 3696 642 προφῆται

2143 655 2237 708 καὶ
2252 657 2468 710 δίκαιοι
2491 658 2876 728 ἐπεθύμησαν
2893 661 3059 729 ἰδεῖν,
3082 662 3119 716 ἂ
3143 663 3350 719 εἴδετε.

2215 747 2325 800 Τοῦ
2349 747 2755 816 εὐφρανθῆναι
2777 751 2847 802 ἐν
2868 752 2943 820 τῇ
2972 752 3318 822 εὐφροσύνῃ
3352 755 3459 808 τοῦ
3487 756 3700 821 ἔθνους

2137 850 2274 888 σου.
2309 837 2415 889 Τοῦ
2441 838 2553 890 τῶν
2581 840 2943 908 Χριστιανῶν.
2979 843 3112 912 Περὶ
3140 838 3207 914 ἧς
3253 845 3590 915 εὐφροσύνης
3622 845 3700 900 εἷο

2140 944 2239 979 πω
2288 929 2449 982 πάλιν
2494 931 2522 983 6
2567 932 2822 1000 ἄγγελος,
2897 936 2979 988 ὅτι
3052 935 3207 990 Ἰδοὺ
3256 937 3700 1008 εὐαγγελίζομαι

2135 1019 2280 1088 ἡμῖν
2313 1021 2506 1090 χαρὰν
2522 1025 2817 1093 μεγάλην.

2209 1113 2318 1166 Τοῦ
2359 1115 2726 1170 ἐπαινεῖσθαι
2767 1118 2917 1184 μετὰ
2976 1119 3080 1187 τῆς
3128 1122 3526 1190 κληρονομίας
3559 1140 3697 1177 σου.

2133 1205 2231 1259 Διὰ
2261 1207 2370 1258 τῶν
2401 1211 2710 1277 εἰρημένων
2729 1212 2947 1287 πάντων
2975 1212 3207 1266 ἱκετεύει
3238 1215 3523 1268 κοινωνίαν
3553 1215 3700 1284 ἔχειν

2132 1298 2228 1350 καὶ
2279 1297 2440 1351 αὐτὸν
2519 1302 2574 1351 ἐν
2628 1301 2706 1370 τῷ
2764 1302 2952 1373 κλήρῳ
2989 1303 3085 1357 τοῦ
3127 1303 3247 1358 νέου
3289 1304 3440 1371 λαοῦ,
3477 1307 3552 1368 ὡς
3592 1305 3700 1376 ἢδη

2131 1390 2516 1444 πιστεύσαντα.

2206 1649 2574 1717 Ἣμὰρτομεν
2594 1652 2745 1718 μετὰ
2785 1651 2902 1704 τῶν
2931 1653 3201 1720 πατέριον
3240 1655 3428 1722 ἡμῶν,
3470 1659 3698 1726 ilva/tr}-

456 1738 672 1803 cgimus,
708 1737 1027 1804 injustitiam
1061 1740 1303 1807 fecimus.
1341 1741 1570 1812 lnteliigi
1596 1755 1824 1811 possunt
1854 1746 2012 1800 verba

2119 1750 2332 1804 σαμεν,
2377 1737 2771 1808 ἠδικήσαμεν.
2799 1741 3060 1810 Νοηθεῖεν
3107 1740 3178 1795 ἂν
3225 1745 3292 1797 τά
3328 1763 3384 1797 τε
3434 1747 3694 1816 ρηθέντα,

459 1827 592 1892 Ιιαεο,
626 1835 678 1879 et
706 1841 824 1896 qua:
859 1837 1182 1896 sequuntur,
1217 1831 1424 1900 prolata
1463 1847 1584 1887 esse
1604 1835 1771 1887 veluti
1808 1835 1860 1888 in
1894 1851 2018 1904 per—

455 1932 588 1971 sona
624 1932 809 1973 eorum
842 1922 936 1988 qui
969 1935 1032 1974 ex
1080 1922 1502 1978 circumcisione
1549 1924 1806 1979 credituri
1859 1935 2017 1980 erant

455 2008 506 2060 in
537 2007 838 2075 Christum,
870 2011 942 2065 ita
972 2020 1031 2065 ut
1063 2013 1255 2068 beatus
1282 2015 1448 2068 David
1488 2017 1816 2071 revelatione
1839 2018 2013 2073 sancti

452 2098 685 2168 Spiritus
723 2101 903 2156 futura
931 2118 1274 2172 prmnoscens
1296 2147 1308 2168 ,
1340 2106 1578 2172 illorum,
1637 2119 1692 2162 ut
1725 2109 1964 2164 diximus
1998 2151 2012 2175 ,

452 2205 743 2256 personam
773 2193 1060 2261 inducens,
1096 2196 1426 2251 conﬁteatur
1456 2208 1703 2267 peccata,
1731 2215 1853 2268 qua:
1888 2209 2015 2254 ante

453 2281 763 2349 hnjusmodi
794 2284 951 2339 ﬁdem
994 2288 1405 2342 commiserant.

519 2372 683 2430 Vens.
730 2375 782 2430 7.
814 2375 994 2429 Patres
1022 2380 1188 2431 nostri
1229 2380 1280 2431 in
1313 2379 1537 2451 Egypto
1595 2399 1696 2434 non
1746 2381 2014 2436 intellexe-

451 2475 570 2517 runt
604 2468 873 2519 mirabilia
901 2480 1010 2521 tua.
1035 2467 1153 2522 Non
1177 2471 1564 2525 intellexerunt
1587 2475 1872 2540 miracula,
1891 2491 2014 2544 quae

449 2557 558 2610 illic
590 2557 728 2611 facta
762 2566 911 2613 sunt.
1156 2562 1161 2567 ’

519 2648 586 2700 Et
617 2666 718 2702 non
751 2650 962 2718 fuerunt
1014 2667 1266 2709 memores
1318 2657 1670 2710 multitudinis
1720 2658 2014 2711 misericor-

447 2741 548 2793 dia:
579 2752 701 2794 tuw.
735 2739 866 2806 Qua:
895 2743 947 2796 in
989 2759 1084 2799 eos
1115 2753 1243 2800 tunc
1275 2747 1413 2801 facta
1458 2758 1563 2803 est.
1614 2748 1730 2803 Non
1801 2750 2011 2805 intelle-

448 2840 643 2885 xerunt
672 2845 852 2887 autem
878 2872 892 2897 ,
925 2845 976 2889 et
1013 2853 1282 2894 memores
1310 2854 1414 2894 non
1454 2839 1711 2905 fuerunt,
1768 2840 1871 2895 hoc
1903 2849 2004 2908 est,

445 2926 685 2976 omnium
728 2924 877 2978 obliti
907 2935 1056 2981 sunt.
1095 2927 1149 2981 ld
1183 2945 1310 2984 vero
1349 2931 1589 2997 accidit,
1639 2933 1862 3002 quando
1915 2949 2014 3004 ap-

2120 1827 2188 1880 τά
2211 1845 2270 1879 τε
2305 1830 2666 1898 προκείμενα,
2704 1833 2794 1885 καὶ
2819 1835 3098 1904 προσώπῳ
3139 1835 3248 1888 τῶν
3291 1839 3354 1889 ἐκ
3389 1840 3698 1907 περιτομῆς

2123 1918 2426 1984 μελλόντων
2473 1921 2763 1975 πιστεῦσαι
2799 1926 2878 1986 εἰς
2908 1926 3168 1996 Χριστὸν,
3236 1929 3310 1990 ὡς
3341 1928 3447 1980 ἀπὸ
3481 1930 3696 1980 τούτων

2120 2009 2215 2062 τοῦ
2271 2011 2434 2063 Δαϐὶδ
2485 2013 2656 2064 ταῦτα
2690 2013 3065 2084 φθεγγομένου
3109 2018 3250 2071 κατὰ
3290 2017 3388 2087 τὴν
3417 2019 3696 2087 ὑφήγησιν

2119 2098 2214 2150 τοῦ
2269 2100 2424 2163 ἁγίου
2477 2101 2815 2168 Πνεύματος,
2873 2107 2964 2157 καὶ
3005 2105 3103 2166 τὰς
3134 2107 3240 2174 πρὸ
3272 2107 3365 2159 τοῦ
3397 2105 3696 2160 πιστεῦσαι

2118 2189 2284 2243 αὐτοῦ
2310 2193 2586 2261 ἁμαρτίας
2624 2195 3145 2265 ἐξομολογουμένου.

2191 2371 2256 2421 Oi
2284 2371 2560 2436 ,πατέρες
2607 2372 2777 2439 ἡμῶν
2821 2375 2892 2427 οὺ
2949 2375 3228 2443 συνῆκαν
3280 2377 3352 2429 τὰ
3383 2378 3694 2445 θαυμάσειε

2116 2475 2252 2514 σου.
2297 2461 2372 2512 Οὐ
2404 2463 2644 2532 συνῆκαν
2676 2463 2742 2515 τὰ
2772 2465 2889 2517 ἐκεῖ
2912 2467 3437 2537 τερατουργηθέντα.

2189 2644 2310 2696 Οὐκ
2371 2642 2770 2710 ἐμνήσθησαν
2834 2643 2948 2705 rei),
3009 2644 3278 2708 πλήθους
3321 2644 3428 2696 τοῦ
3469 2642 3690 2706 ἐλέους

2113 2746 2253 2786 σου.
2283 2732 2389 2785 Τοῦ
2411 2734 2489 2795 εἰς
2520 2731 2717 2794 αὐτοὺς
2747 2733 3038 2800 γενομένου
3069 2733 3213 2785 τότε.
3248 2733 3323 2784 Οὐ
3359 2733 3597 2800 συνῆκαν
3625 2731 3690 2782 δὲ

2115 2823 2211 2875 καὶ
2245 2823 2346 2875 οὐκ
2374 2823 2741 2893 ἐμνήσθησαν,
2776 2824 3071 2888 τουτέστιν,
3102 2823 3425 2877 ἐπελάθοντο
3463 2823 3690 2874 πάντων

2113 2914 2232 2966 τότε
2268 2929 2282 2944 ·
2313 2913 2396 2966 ὅτι
2423 2914 2646 2984 δηλαδὴ,
2683 2915 3082 2984 πλησιάσαντες
3112 2919 3176 2985 τῇ
3212 2914 3451 2984 Ἐρυθρᾷ
3479 2913 3691 2965 Θαλάσ-

446 3015 875 3085 prapinquantes
912 3019 1047 3104 mari
1081 3017 1285 3086 Rubro,
1322 3024 1574 3078 viderunt
1606 3038 1726 3094 post
1756 3044 1816 3084 se
1840 3029 2009 3099 [Egy-

2116 3023 2205 3080 σῃ,
2239 3003 2378 3059 εἶδον
2404 3006 2530 3069 τοὺς
2556 3008 2886 3074 Αἰγυπτίους
2917 3007 3482 3076 στρατοπεδεύσαντας
3505 3006 3692 3058 ὀπίσω

441 3109 678 3175 ptiorum
709 3099 1008 3164 exercitum
1046 3131 1060 3165 :
1097 3113 1243 3166 Tunc
1295 3116 1465 3179 enim,
1497 3119 1693 3186 inquit,
1738 3123 2008 3187 perterriti

442 3196 614 3260 valde,
669 3199 917 3251 dixerunt
957 3202 1025 3253 ad
1069 3201 1355 3270 Moysem:
1413 3207 1552 3271 Quia
1615 3211 1857 3276 sepulcra
1902 3228 2006 3267 non

441 3295 589 3338 erant
632 3288 682 3337 in
737 3287 1008 3356 Egypto,
1057 3290 1287 3345 eduxisti
1337 3311 1428 3347 nos
1473 3304 1529 3347 ut
1570 3299 1928 3354 occiderentur
1952 3303 2008 3354 in

1405 3398 1456 3439 ut
1497 3391 1781 3444 serviamus
1834 3392 2008 3463 Egy-

439 3470 585 3535 ptiis,
621 3470 789 3522 satius
820 3472 957 3524 enim
998 3481 1074 3526 est
1111 3475 1186 3527 eis
1224 3479 1418 3530 servire
1441 3517 1456 3543 ,
1499 3496 1657 3548 quam
1703 3483 1758 3536 in
1803 3485 2006 3538 deserto

443 3558 742 3613 occumbere
766 3561 832 3616 5'.

513 3736 581 3789 Et
633 3738 1070 3795 exacerbauerunt
1125 3745 1460 3800 ascendentes
1512 3751 1565 3802 in
1624 3753 1761 3805 mari
1809 3752 2001 3808 Rubro.

444 3828 762 3897 l-lnjnsmodi
805 3832 969 3886 verba
999 3834 1264 3902 dicentes,
1294 3839 1652 3895 irritaverant
1673 3857 1822 3909 eum,
1847 3860 2006 3901 secus

443 3936 588 3974 mare
627 3919 875 3976 Rubrum
906 3964 920 3988 ,
971 3925 1060 3978 cui
1109 3927 1346 3982 vicinum
1399 3939 1482 3986 est
1529 3931 1856 3992 desertum:
1911 3938 2004 3992 ubi

442 4017 803 4070 castrametati
827 4018 1261 4084 murmurahant,
1283 4023 1363 4074 vel
1387 4024 1744 4080 ascendentes
1767 4027 1832 4080 ad
1857 4044 2006 4083 mare

443 4103 711 4157 Rubrum.
744 4104 1116 4160 Ascendentes
1147 4118 1327 4163 autem
1373 4110 1548 4174 dixit,
1608 4113 1734 4181 quia
1778 4112 2000 4184 Egypti

442 4196 590 4264 regio
619 4196 763 4251 unde.
795 4196 1164 4254 ascendebant
1216 4201 1269 4255 in
1303 4201 1644 4258 Palaestinam
1675 4246 1690 4269 ,
1744 4206 2008 4262 humilior

440 4294 543 4341 est.

2112 3099 2312 3152 αὐτῶν.
2379 3096 2521 3150 Τότε
2551 3098 2679 3168 γὰρ,
2738 3099 2942 3166 φησὶν,
3011 3101 3372 3166 φοϐηθέντες
3419 3097 3687 3165 σφόδρα,

2111 3187 2283 3244 εἷπον
2300 3191 2447 3258 πρὸς
2478 3189 2741 3259 Μωῢσῆν
2763 3208 2776 3221 ·
2815 3189 2978 3256 Παρὰ
3009 3191 3073 3242 τὸ
3095 3190 3180 3260 μὴ
3204 3190 3495 3260 ὑπάρλειν
3519 3193 3684 3258 ιιι-ἠ-

2106 3299 2265 3351 ματα
2298 3284 2369 3336 ἐν
2385 3284 2681 3351 Αἰγύπτῳ,
2712 3282 3006 3350 ἐξήγαγες
3038 3284 3191 3351 ἡμᾶς
3237 3281 3586 3336 ἀποκτεῖναι
3617 3282 3686 3334 ἐν

2108 3373 2182 3441 τῆ
2214 3372 2446 3441 ἐρήμῳ;
2467 3373 2576 3425 Καὶ
2603 3372 2683 3424 ἔτι
2706 3389 2718 3401 ο
2744 3373 2940 3449 ,Πάρες
2964 3371 3120 3440 ἡμᾶς
3153 3373 3311 3438 ὅπως
3336 3371 3686 3425 δουλεύσω-

2103 3483 2222 3534 μεν
2263 3464 2386 3530 τοῖς
2432 3465 2782 3533 Αἰγυπτίοις
2815 3483 2827 3496 ’
2879 3465 3166 3532 κρεῖσσον
3220 3465 3330 3533 γὰρ
3389 3461 3468 3533 ἦν
3519 3465 3684 3532 ἡμᾶς

2109 3556 2600 3622 ὃουλεύειντοῖς
2636 3556 2977 3621 Αἰγυπτίοις
3037 3557 3075 3623 ἢ
3115 3556 3446 3611 ἀποθανεῖν
3477 3557 3548 3608 ἐν
3611 3556 3684 3624 τῇ

2107 3651 2304 3718 ἐρήμῳ
2333 3650 2542 3716 ταύτῃ.

2180 3743 2289 3796 Καὶ
2339 3743 2789 3809 παρεπίκραναν
2825 3742 3246 3808 ἀναϐαίνοντες
3289 3742 3358 3794 ἐν
3395 3741 3467 3809 τῇ
3510 3742 3672 3809 Ἐρυ-

2110 3834 2220 3903 Ορᾷ
2249 3833 2556 3899 θαλάσσῃ.
2593 3833 2700 3884 Καὶ
2732 3833 2961 3887 τοιαῦτα
3013 3834 3282 3901 λέγοντες,
3313 3832 3683 3902 παρώργισαν

2107 3928 2269 3981 αὐτὸν
2328 3926 2476 3995 παρὰ
2503 3925 2601 3992 τὴν
2644 3922 2911 3995 Ἐρυθρὰν
2957 3925 3230 3978 θάλασσαν
3255 3939 3269 3955 ⁸
3307 3926 3530 3994 πλησίον
3566 3928 3676 3996 γὰρ

2108 4019 2283 4089 αὐτῆς
2313 4021 2345 4088 ἡ
2380 4019 2587 4088 ἕρημος
2613 4034 2626 4047 ·
2658 4019 2794 4070 ὅπου
2846 4019 3406 4088 στρατοπεδεύσαντες
3444 4020 3679 4072 τοιαῦτα

2106 4110 2424 4180 ἐγόγγυζον,
2455 4108 2488 4178 ἢ
2561 4105 2950 4168 ἀναϐαίνοντες
2981 4109 3118 4177 πρὸς
3151 4107 3247 4175 τὴν
3281 4109 3545 4176 Ἐρυθρὰν
3579 4111 3678 4161 ei.

2108 4202 2335 4255 λασσαν.
2384 4198 2796 4261 Ἀναὸαίνοντες
2826 4196 2882 4250 δὲ
2908 4194 3051 4263 εἷπε,
3082 4198 3218 4250 διότι
3239 4198 3488 4268 χθαμαλή
3522 4199 3668 4254 iatn

2110 4295 2140 4363 ἡ
2173 4293 2466 4360 Αἴγυπτος,
2495 4290 2618 4343 ὅθεν
2643 4290 2946 4344 ἀνέϐαινον.

513 4375 680 4431 Vsus.
733 4375 782 4431 8.
821 4376 887 4430 Et
933 4379 1156 4433 satvavit
1207 4398 1294 4436 eos
1348 4396 1561 4453 propter
1605 4403 1790 4441 nomen
1825 4405 2000 4445 suum.

2180 4384 2287 4439 Καὶ
2314 4383 2551 4437 ἔσωσεν
2596 4380 2819 4445 αὐτοὺς
2867 4379 3077 4434 ἕνεκεν
3106 4381 3210 4434 τοῦ
3245 4381 3534 4450 ὀνόματος
3559 4385 3676 4435 ai)-

441 4469 559 4522 Non
597 4469 868 4524 conclusit
908 4472 1084 4525 eosin
1139 4488 1334 4528 manus
1383 4477 1760 4546 Aigyptiorum
1819 4497 2006 4550 perse-

440 4561 742 4630 quentium,
775 4578 840 4616 ne
869 4563 1340 4633 hlasphemaretur
1370 4565 1532 4629 Dens,
1565 4573 1720 4638 quasi
1754 4572 2002 4629 inﬁrmus

439 4664 606 4717 esset,
639 4663 733 4707 aut
770 4653 951 4710 fallax.
989 4655 1120 4710 Nam
1154 4658 1260 4711 alio
1295 4660 1387 4728 qui
1419 4662 1487 4715 ob
1517 4663 1790 4731 propriam
1827 4666 2004 4735 ingra-

442 4745 729 4799 titudinem
758 4747 963 4816 indigni
993 4757 1152 4802 erant
1193 4750 1392 4804 salute.

515 4835 580 4889 Ut
606 4846 785 4890 notam
811 4838 1003 4906 faceret
1025 4842 1313 4907 potentiam
1347 4858 1522 4897 suam.
1588 4843 1656 4898 Ut
1713 4861 1956 4901 summas
1988 4887 2002 4912 ,

442 4929 638 4998 inquit.
665 4929 806 4984 vires
836 4945 963 4985 suas
986 4971 1003 4996 ,
1036 4947 1145 4986 non
1191 4931 1436 4988 Helira’is
1483 4944 1689 4989 tantum
1724 4975 1738 5000 ,
1769 4947 1862 4991 aut
1905 4938 2007 4992 1E-

440 5021 662 5090 gyptiis,
697 5023 790 5077 sed
817 5024 1072 5080 omnibus
1103 5027 1264 5080 etiam
1308 5027 1623 5083 nationibus
1665 5039 1828 5084 nolas’
1883 5031 2004 5086 red-

438 5112 610 5164 deret.

513 5204 674 5258 V’Eas.
702 5205 755 5260 9.
791 5203 854 5258 Et
880 5206 1161 5272 increpavit
1192 5222 1333 5258 mare
1379 5206 1612 5261 Rubrum
1640 5250 1656 5274 ,
1682 5218 1730 5263 et
1763 5226 2000 5264 exsicca-

441 5305 549 5348 tum
597 5305 695 5349 εει.
753 5296 946 5350 Statim
998 5308 1056 5349 ut
1117 5298 1407 5365 praecepit,
1470 5300 1730 5356 continuo
1767 5303 1820 5355 in
1867 5301 1997 5355 mar'

440 5387 674 5439 medium
712 5389 985 5456 quoddam
1019 5389 1119 5442 iter
1150 5390 1384 5444 exaruit.

511 5477 576 5530 Et
599 5478 814 5531 deduxit
838 5481 989 5534 eosin
1017 5482 1227 5548 abysso,
1243 5491 1490 5550 tanquam
1513 5483 1564 5534 in
1581 5483 1805 5537 deserto.
1829 5483 1994 5549 Quasi

513 5648 557 5681 '°
594 5650 780 5707 Matth.
821 5672 938 5724 xm,
984 5660 1062 5713 l7.
1141 5663 1181 5692 “
1215 5661 1343 5716 Luc.
1382 5681 1440 5728 ιι,
1469 5664 1552 5719 10.

2111 4479 2237 4533 τοῦ.
2310 4477 2383 4529 Οὐ
2434 4473 2776 4528 συνέκλεισεν
2818 4473 3016 4536 αὐτοὺς
3073 4475 3152 4536 εἰς
3198 4472 3296 4536 τὰς
3341 4476 3527 4543 χεῖρας
3558 4475 3675 4526 τῶν

2111 4566 2556 4624 καταδιωκόντων
2582 4566 2918 4633 Αἰγυπτίων,
2965 4565 3052 4618 ἵνα
3078 4566 3154 4636 μὴ
3186 4564 3574 4635 βλασφημηθῇ,
3596 4567 3674 4628 ὡς

2109 4663 2340 4733 ἀσθενὴς
2395 4660 2426 4731 ἢ
2459 4660 2714 4713 ἀπατεὼν
2736 4674 2752 4690 ⁸
2784 4659 2937 4716 αὐτοὶ
2963 4660 3072 4729 γὰρ
3099 4659 3306 4725 ἀνάξιοι
3329 4655 3467 4730 ἦσαν
3497 4676 3679 4730 σωτη-

2109 4758 2250 4824 ρίας.
2280 4755 2354 4816 ὡς
2383 4752 2722 4822 ἀγνώμονες.

2183 4845 2292 4899 Τοῦ
2350 4844 2636 4912 γνωρίσαι
2703 4843 2816 4909 τὴν
2868 4841 3235 4894 δυναστείαν
3284 4841 3491 4894 αὑτοῦ.
3559 4843 3604 4894 Τ
3607 4842 3669 4895 οὗ

2103 4935 2407 5004 γνωσθῆναι
2476 4934 2534 4986 τὸ
2600 4931 3046 5001 μεγαλοδύναμον
3100 4929 3263 4983 αὑτοῦ
3351 4931 3413 4983 οὐ
3510 4931 3656 5000 μόνοι

2116 5026 2384 5096 Ἑὸραίοις
2473 5025 2567 5078 καὶ
2630 5022 2974 5091 Αἰγυπτίοις,
3021 5021 3158 5074 ἀλλὰ
3213 5022 3308 5076 καὶ
3374 5024 3510 5076 πᾶσι
3558 5028 3669 5087 τοῖς

2103 5118 2334 5170 ἔθνεσιν.

2173 5209 2281 5262 Καὶ
2305 5208 2632 5273 ἐπετίμησε
2657 5207 2730 5273 τῇ
2779 5205 3027 5273 Ἐρυθρᾷ
3059 5206 3366 5272 θαλάσσῃ,
3389 5205 3488 5258 καὶ
3527 5205 3664 5270 ἐξηο

2098 5299 2313 5368 ράνθη.
2368 5297 2668 5362 Ἐπάταξεν
2718 5300 2878 5368 αὐτῇ,
2926 5298 3021 5351 καὶ
3067 5295 3340 5366 ἐξηράνθη
3413 5297 3554 5351 κατὰ
3603 5296 3665 5348 τὸ

2109 5392 2292 5460 μέσον.

2172 5486 2279 5536 Καὶ
2312 5485 2630 5552 ὡδήγησεν
2647 5484 2866 5548 αὐτοὺς
2894 5485 2961 5537 ἐν
2986 5484 3234 5547 ἀϐύσσῳ
3259 5484 3336 5548 ὡς
3361 5483 3428 5536 ἐν
3448 5479 3656 5550 ἐρήμῳ.

1630 5665 1674 5696 ⁸¹
1709 5665 1878 5720 Exod.
1905 5681 2010 5730 λιν,
2044 5667 2229 5731 11,12.
