4076 6204
537 267 670 334 1051

1731 275 2121 337 EUTHYMII
2162 276 2551 338 ZIGABENI.

3646 266 3793 331 1052

609 385 856 440 Flamma
887 384 1167 439 combussit
1195 395 1513 452 peccatores.
1554 386 1824 457 Superius
1867 404 2105 445 comme«

2283 390 2447 455 Φλὸξ
2475 372 2843 459 κατέφλεξε-ν
2871 386 3276 458 ἁμαρτωλούς.
3301 382 3442 445 Τοὺς
3498 380 3786 451 ῥηθέντας,

540 466 778 531 moratos
812 494 825 529 :
857 483 1018 542 atque
1048 475 1172 541 hoc,
1202 476 1329 544 quia
1359 477 1583 547 indigne
1607 481 1977 536 sacerdotium
2012 496 2105 537 ar-

540 570 716 639 ripere
749 567 1110 621 conabantur.

612 659 774 711 Vsus.
816 658 903 713 19.
935 656 1000 709 Et
1023 656 1255 725 fecerunt
1287 658 1507 712 vitulum
1536 660 1593 715 in
1629 661 1853 717 Choreb.
1900 661 1969 717 Ut
2001 674 2112 716 tra-

534 752 680 805 ditur
725 750 780 802 in
827 750 1042 803 Exodo.
1075 748 1333 803 Ordinem
1366 761 1547 804 autem
1574 752 1816 807 historiae
1837 753 2106 824 Pmpltcta

538 840 744 893 nullum
782 841 1048 899 servavit.
1083 841 1176 895 sed
1222 842 1403 895 omnia
1464 844 1675 911 antiqui
1734 843 1878 897 illius
1928 844 2108 911 populi

536 932 742 986 scelera
779 940 944 999 atque
1003 932 1331 1001 itupietates,
1368 942 1425 986 ut
1461 949 1583 987 sese
1615 932 1940 997 offerebant,
1979 949 2111 988 nar-

542 1023 701 1075 ravit.

606 1112 1051 1172 Etadoroverunt
1080 1117 1345 1185 sculptile.
1378 1116 1562 1188 Ipsum
1605 1119 1812 1175 scilicet
1853 1128 2111 1173 ulmum.

610 1292 773 1349 Vens.
790 1294 881 1350 20.
904 1295 969 1348 Et
985 1304 1435 1349 commutaverunt
1452 1296 1678 1364 gloriam
1696 1295 1809 1365 ejus
1848 1296 2112 1350 insimili-

538 1384 774 1439 tudinem
796 1387 945 1439 vituli
966 1387 1283 1440 comedentis
1298 1390 1496 1458 fenum.
1513 1388 2000 1443 Commutaverunt
2019 1388 2114 1441 lto-

538 1494 725 1533 norem
745 1480 834 1535 Dei
859 1482 909 1535 in
928 1479 1338 1536 similitudinem
1354 1482 1535 1546 vituli,
1551 1482 1654 1536 hoc
1667 1489 1775 1547 est,
1801 1498 1852 1535 In
1880 1481 1980 1536 sim
1992 1482 2112 1534 ula-

535 1585 688 1624 crum
704 1574 931 1641 atquein
954 1575 1154 1628 idolum
1171 1573 1574 1630 vituli.Addidit
1591 1585 1768 1631 autem
1785 1574 2113 1632 Comedentis

541 1662 712 1729 fenum
777 1664 893 1736 (seu
928 1665 1164 1733 herbam,
1200 1674 1258 1720 ιιι
1292 1666 1476 1721 Graeca
1507 1667 1674 1723 dictio
1707 1667 1901 1736 χόρτος
1928 1669 2112 1723 verius

536 1755 807 1822 significat
835 1758 875 1825 ),
909 1774 1148 1827 carpens
1183 1756 1495 1811 Iudaeorum
1527 1758 1823 1812 amentiam
1846 1797 1862 1823 ,
1898 1759 1988 1828 qui
2037 1759 2112 1812 ir-

536 1847 825 1901 rationalia
880 1852 1124 1906 colerent
1173 1852 1514 1915 animantia,
1557 1866 1680 1905 cum
1735 1850 1839 1920 ipsi
1899 1851 2111 1907 ratione

536 1938 746 2006 przediti
784 1941 1126 1996 viderentur.
1159 1942 1415 2009 Qumdam
1454 1957 1581 1997 vero
1615 1942 1948 2010 exemplaria
2006 1942 2111 1997 lia-

536 2028 664 2083 bent
692 2048 704 2085 :
744 2032 981 2087 Gloriam
1012 2052 1188 2098 suam,
1215 2036 1285 2089 ita
1323 2046 1380 2088 ut
1410 2033 1581 2102 gloria
1613 2047 1802 2086 eorum
1840 2032 2114 2101 intelliga-

540 2122 631 2170 tnr
660 2119 799 2175 Dens
823 2122 1084 2192 esse,qui
1134 2138 1229 2192 per
1286 2121 1547 2177 beneficia
1595 2120 1851 2188 superius
1898 2135 2110 2174 connu-

2214 482 2289 546 ὡς
2311 483 2546 549 ἀναξίως
2570 482 2839 553 ἁρπάζειν
2859 482 2957 553 τὴν
2982 480 3282 551 ἱερωσύνην
3311 474 3783 545 ὲπειχειροῧντας.

2285 655 2392 709 Kal
2428 657 2730 722 ἐποίησαν
2755 658 2996 725 μόσχον
3026 656 3096 710 ἐν
3126 655 3353 723 Χωρήϐ.
3395 655 3483 719 Ὠς
3514 656 3548 726 ἡ
3600 657 3786 725 βίϐλος

2215 745 2314 814 τῆς
2366 745 2586 810 Ἐξόδου
2613 747 2963 816 παρίστησιν.
2994 748 3069 799 Οὐ
3099 751 3368 818 κέχρηται
3396 747 3454 800 δὲ
3481 747 3628 811 τάξει
3657 750 3789 817 περὶ

2215 835 2315 903 τὴν
2341 834 2581 905 ἱστορίαν
2601 850 2615 864 ⁶
2674 836 2791 888 ἀλλ’
2820 836 2897 899 ὡς
2928 837 3112 907 ἔτυχε,
3147 838 3439 906 καταλέγει
3472 838 3569 901 τὰς
3603 840 3784 909 ἁμαρ-

2213 927 2337 989 τίας
2369 928 2461 980 καὶ
2491 928 2748 991 ἀσεϐείας
2776 929 2986 983 αὐτῶν.

2288 1106 2398 1160 Kal
2431 1107 2906 1175 προσεκύνησαν
2935 1106 3017 1174 τῷ
3046 1107 3311 1178 γλυπτῷ.
3350 1110 3441 1181 Τῷ
3487 1110 3789 1182 aenean-

2216 1198 2414 1254 λονότι.

2288 1290 2397 1343 Kal
2421 1290 2774 1358 ἠλλάξαντο
2799 1291 2913 1361 τὴν
2941 1292 3131 1358 δόξαν
3153 1293 3342 1347 αὐτοῦ
3368 1293 3439 1347 ἐν
3471 1294 3790 1364 ὁμοιώματι

2211 1384 2451 1452 μόσχου
2508 1383 2817 1452 ἐσθίοντος
2866 1388 3106 1455 χόρτον.
3150 1387 3258 1439 Καὶ
3306 1388 3642 1456 μετέστησαν
3688 1390 3791 1459 τὴν

2216 1476 2386 1543 τιμὴν
2431 1474 2526 1527 τοῦ
2563 1475 2701 1530 Θεοῦ
2742 1479 2801 1530 ὲν
2840 1478 3156 1548 ὁμοιώματι
3196 1481 3421 1548 μόσχου,
3457 1482 3536 1542 ei;
3565 1478 3787 1532 εἴδωλον

2218 1565 2447 1635 μόσχου.
2483 1565 2556 1619 Τὸ
2581 1566 2637 1619 δὲ
2669 1567 2984 1632 ἐσθίοντος
3039 1570 3258 1637 χόρτον
3302 1569 3633 1639 προσέθηκε,
3672 1571 3789 1623 δια-

2218 1656 2398 1729 σύρων
2427 1657 2666 1727 μάλιστα
2688 1659 2787 1729 τὴν
2814 1660 3003 1713 ἄνοιαν
3023 1660 3200 1713 αὐτῶν
3225 1677 3238 1691 ο
3263 1661 3348 1713 ὅτι
3376 1660 3584 1728 λογικοὶ
3607 1663 3786 1725 ὄντες,

2216 1750 2379 1815 ξόανα
2425 1750 2641 1819 ἀλόγων
2685 1750 2963 1816 ἐδόξαζον.
3029 1753 3163 1805 Τινὲ
3196 1752 3252 1805 δὲ
3288 1753 3395 1805 τῶν
3434 1756 3789 1823 ἀντιγράφων

2215 1845 2330 1909 τὴν
2346 1844 2537 1908 δόξαν
2569 1844 2770 1899 αὐτῶν
2796 1845 3121 1915 γράφουσιν,
3148 1845 3223 1907 ὼς
3242 1845 3476 1899 νοεῖσθαι
3508 1844 3665 1909 δέξιν
3696 1846 3790 1895 αὖ.

2213 1937 2324 1990 τῶν
2375 1936 2465 1989 τὸν
2509 1936 2660 2000 Θεὸν,
2740 1937 2831 1989 τὸν
2897 1937 3197 2001 δοξάσαντα
3280 1938 3478 2000 αὐτοὺς
3535 1939 3620 1990 διὰ
3676 1939 3785 1989 τῶν

2217 2028 2638 2098 προειρημένων
2686 2028 3043 2099 εὐεργεσιῶν.
3113 2029 3441 2096 Ἦλλάξαντο
3479 2025 3594 2093 οὖν,
3626 2030 3789 2099 φησι,

2218 2120 2310 2173 τὸν
2341 2120 2474 2173 Θεὸν
2501 2122 2582 2183 εἰς
2614 2120 2867 2189 ὁμοίωμα
2901 2121 3125 2191 μόσχου.

537 2220 786 2280 merata,
839 2228 935 2269 eos
980 2214 1418 2285 gloriticaverat;
1474 2220 1532 2266 ut
1560 2210 1632 2266 sit
1669 2226 1868 2267 sensus
1904 2252 1919 2277 ,
1957 2212 2105 2282 quod
2150 2227 2342 2267 verum
2393 2209 2563 2265 Deum
2614 2211 2970 2278 deserentes,
3006 2214 3127 2268 loco
3188 2213 3308 2283 ejus
3375 2227 3791 2284 assumpserant

530 2303 687 2358 vituli
718 2305 1106 2361 simulacrum.

606 2398 770 2453 Vens.
802 2401 995 2454 9.1-9.5.
1033 2401 1197 2456 Obliti
1224 2412 1345 2455 sunt
1391 2402 1507 2468 Dei,
1534 2402 1993 2473 quisalvaviteos,
2017 2400 2110 2470 qui

533 2488 656 2556 fecit
688 2493 970 2560 magniﬁca
1002 2510 1057 2545 ιη
1089 2493 1344 2561 Λῑᾳυριο,
1369 2494 1633 2547 mirabilia
1664 2495 1716 2546 in
1752 2502 1891 2546 terra
1916 2492 2105 2556 Cham,

537 2582 798 2635 terribilia
832 2584 885 2635 in
916 2590 1053 2636 mari
1080 2582 1292 2648 Rubro,
1329 2594 1378 2637 et
1413 2585 1589 2649 dixit,
1637 2593 1693 2637 ut
1727 2584 2108 2638 exterminant

531 2689 642 2727 eos.
683 2672 823 2726 Dixit
855 2675 1001 2727 enim
1033 2675 1174 2729 Deus
1208 2675 1274 2729 ad
1310 2674 1549 2746 Moysent
1588 2694 1602 2731 :
1638 2675 1855 2730 Dimitte
1893 2693 2012 2743 me,
2056 2686 2111 2731 et

533 2764 838 2835 indignatus
873 2774 1142 2821 conteram
1167 2784 1253 2822 eos
1280 2768 1348 2822 ⁸³.

605 3034 727 3093 Nisi
763 3035 972 3109 Moyses
1001 3038 1192 3095 electus
1223 3041 1337 3111 ejus
1380 3040 1612 3097 stetisset
1645 3041 1701 3096 in
1744 3038 2106 3111 confractione

2304 2397 2704 2452 Ἐπελὰθοντο
2729 2396 2836 2452 τοῦ
2869 2398 3043 2457 Θεοῦ.
3086 2397 3191 2451 τοῦ
3220 2398 3516 2465 σώζοντος
3538 2402 3797 2465 αὐτοὺρμ

2216 2489 2323 2543 τοῦ
2370 2488 2746 2554 ποιήσαντος
2781 2490 2851 2542 ἐν
2879 2491 3154 2559 Αἰγύπτῳ
3196 2489 3450 2560 μεγάλα,
3483 2491 3797 2559 θαυμάσια

2214 2580 2284 2633 ἐν
2312 2579 2387 2648 τῇ
2410 2581 2558 2646 Χὰμ,
2600 2581 2819 2649 φοϐερὰ
2851 2581 2948 2634 ἐπὶ
2978 2581 3297 2647 θαλάσσης
3338 2582 3644 2651 Ἐρυθρᾶς,
3680 2586 3780 2636 καὶ

2214 2665 2366 2733 εἷπε,
2398 2668 2504 2722 τοῦ
2530 2669 2963 2737 ἐξολοθρεῦσαι
2997 2673 3238 2737 αὐτούς.
3276 2669 3441 2725 Εἶπεν
3469 2676 3497 2727 ὁ
3528 2674 3657 2736 Θεὸς
3686 2675 3789 2744 δη-

2213 2759 2389 2812 λονότι
2452 2759 2584 2830 περὶ
2636 2759 2731 2812 τοῦ
2789 2761 3166 2831 ἐξολοορεῦσαι
3212 2765 3427 2828 αὐτούς.
3485 2760 3647 2817 Εἶπεν
3674 2770 3791 2837 γὰρ

2213 2851 2349 2921 πρὸς
2380 2850 2623 2919 Μωῦσῆν
2642 2865 2656 2879 ·
2697 2852 2927 2904 Ἕασόν
2940 2870 3038 2920 με.
3072 2854 3171 2907 καὶ
3201 2856 3491 2924 θυμωθεὶς
3523 2855 3666 2923 ὀργῇ
3696 2862 3789 2924 εις

2210 2939 2451 3006 αὐτοὺς.
2480 2941 2740 3009 ἐκτρίψω
2770 2944 3012 3009 αὐτούς.

2282 3033 2353 3088 El
2377 3032 2463 3103 μὴ
2504 3032 2756 3102 Momm};
2791 3035 2825 3089 ὁ
2851 3034 3136 3102 ἐκλεκτὸς
3164 3036 3352 3090 αὑτοῦ
3396 3052 3545 3104 εστη
3587 3051 3656 3091 εν
3707 3056 3778 3109 τη

532 3127 587 3181 in
620 3140 899 3197 conspectu
919 3129 1055 3197 ejus,
1093 3140 1150 3183 ut
1187 3140 1441 3185 averteret
1464 3134 1600 3185 iram
1631 3133 1770 3200 ejus,
1816 3149 1880 3185 ne
1934 3141 2105 3184 exter-

2211 3126 2457 3193 θραύσει
2485 3125 2742 3180 ἐνώπιον
2768 3128 2977 3189 αὐτοῦ,
3010 3129 3115 3182 τοῦ
3138 3130 3517 3198 ἀποστρέψαι
3544 3132 3655 3184 τὸν
3675 3137 3778 3187 θυι

533 3220 760 3273 minaret
798 3237 904 3274 eos.
954 3220 1188 3286 Quando
1212 3223 1423 3277 scilicet
1446 3225 1765 3292 placaturus
1817 3223 2103 3277 Dominum

533 3310 747 3365 dicebat
775 3330 787 3365 :
823 3312 1040 3376 Precor,
1069 3314 1311 3377 Domine,
1348 3316 1577 3381 peccavit
1609 3316 1832 3383 populus
1878 3317 1961 3369 Itic
1990 3332 2107 3384 pec-

531 3412 709 3455 catum
738 3405 955 3473 grande.
987 3414 1035 3458 et
1066 3405 1187 3472 fecit
1215 3408 1314 3459 sibi
1336 3406 1457 3459 deos
1510 3422 1736 3459 aureos:
1763 3416 1813 3459 et
1859 3423 2029 3471 nunc,
2061 3409 2107 3460 si

530 3496 738 3564 quidem
767 3497 992 3552 dimittis
1026 3499 1100 3552 eis
1116 3508 1411 3566 peccatum,
1446 3500 1670 3565 dimitte,
1705 3500 1752 3553 si
1774 3501 1969 3565 minus,
1994 3500 2107 3555 dele

533 3603 612 3641 me
634 3589 696 3642 de
720 3589 854 3643 libro
890 3606 1040 3659 quem
1066 3592 1325 3661 scripsisti
1343 3591 1409 3645 ⁵⁸.
1433 3592 1499 3645 Ει
1531 3593 1700 3661 aliqui
1724 3592 1934 3660 dicunt,
1958 3594 2106 3664 quod

533 3680 661 3736 licet
712 3681 1003 3752 Scriptura
1060 3684 1129 3738 de
1176 3699 1285 3738 uno
1346 3692 1555 3738 tantum
1602 3686 1775 3739 vitulo
1812 3686 2103 3757 loquatur,

529 3772 673 3841 quod
708 3781 885 3828 tamen
913 3776 1096 3843 plures
1130 3783 1263 3831 tunc
1288 3777 1487 3832 vitulos
1508 3776 1859 3832 confecerant
1890 3797 1902 3832 ε
1929 3781 2107 3849 quod-

528 3884 632 3936 que
671 3866 792 3921 ideo
818 3867 1027 3923 Hebraei
1058 3869 1350 3925 dicebant:
1385 3868 1457 3922 Hi
1492 3878 1617 3924 sunt
1664 3870 1740 3923 dii
1764 3872 1864 3937 tui,
1906 3870 2104 3939 Israel,

525 3960 616 4027 qui
654 3959 982 4013 deduxerunt
1012 3968 1058 4014 te
1085 3962 1146 4014 de
1195 3970 1334 4015 terra
1386 3960 1606 4031 Egypti
1653 3963 1738 4028 ⁵⁸;
1798 3972 1852 4018 et
1895 3962 2106 4034 Moyses

529 4057 707 4103 autem
743 4051 907 4105 etiam
942 4051 1076 4107 deos
1116 4052 1292 4116 dixit,
1327 4061 1388 4107 ut
1417 4052 1623 4107 dictum
1659 4061 1762 4107 cst.
1816 4054 1921 4107 Alii
1971 4071 2104 4110 vero

530 4140 794 4209 pluralem
819 4158 1109 4198 numerum
1140 4145 1383 4215 positum
1410 4146 1579 4200 etiam
1615 4146 1811 4201 dicunt
1856 4162 1956 4216 pro
1990 4147 2108 4203 sin-

528 4232 723 4303 gulari,
762 4249 913 4289 more
951 4235 1202 4290 Hebraici
1243 4236 1543 4293 idiomatis.
1902 4304 1915 4316 .

595 4322 761 4379 Vens.
814 4325 905 4379 24.
946 4327 1011 4379 Et
1053 4336 1356 4394 spreverunt
1422 4338 1619 4382 terram
1677 4329 2098 4385 desiderabilem.

2204 3216 2326 3285 μὸν
2370 3217 2582 3282 αὑτοῦ,
2624 3217 2731 3271 τοῦ
2769 3217 2855 3286 μὴ
2895 3219 3320 3287 ἐξολοθρεῦσαι
3364 3224 3605 3287 αὐτούς.
3652 3223 3783 3276 Ὅτε

2206 3305 2472 3358 δυσωπῶν
2497 3305 2676 3375 ἔλεγε·
2706 3306 2935 3376 Δέομαι,
2962 3309 3134 3373 Κύριε
3158 3324 3171 3337 ·
3202 3307 3547 3377 ἡμάρτηκεν
3578 3312 3612 3362 ό
3636 3312 3785 3373 λαός

2208 3392 2388 3464 οὗτος
2424 3399 2716 3467 ἁμαρτίαν
2760 3399 3072 3469 μεγάλην·
3138 3401 3235 3454 καὶ
3294 3402 3593 3468 ἐποίησαν
3643 3404 3780 3456 eav-

2208 3491 2335 3555 τοῖς
2367 3492 2545 3558 θεοὺς
2600 3492 2874 3561 χρυσοῦς
2906 3511 2921 3525 ·
2969 3494 3064 3546 καὶ
3100 3494 3216 3547 νῦν
3254 3497 3303 3548 ει
3337 3494 3452 3563 μὲν
3479 3495 3644 3564 ἀφῇς
3676 3499 3783 3550 αὺ-

2207 3583 2331 3648 τοῖς
2364 3582 2479 3651 τὴν
2519 3586 2832 3652 ἁμαρτίαν,
2879 3586 3029 3654 ἄφες
3055 3603 3068 3616 ·
3120 3587 3262 3639 εἰδὲ
3285 3586 3371 3655 μὴ
3399 3602 3415 3617 ο
3455 3588 3788 3657 ἐξάλειφόν

2203 3691 2280 3743 με
2311 3675 2381 3727 ἐκ
2415 3673 2524 3743 τῆς
2560 3675 2785 3739 ,βίϐλου
2805 3672 2877 3746 ἧς
2911 3676 3204 3746 ἔγραψας,
3236 3678 3376 3729 Φασὶ
3404 3678 3460 3730 δέ
3496 3696 3645 3741 τινες
3674 3681 3784 3744 ὅτι,

2207 3769 2256 3819 εἰ
2283 3768 2377 3819 καὶ
2411 3768 2610 3837 μόσχον
2644 3768 2741 3821 ἕνα
2772 3770 2939 3839 φησὶν
2994 3771 3026 3839 ἠ
3056 3769 3267 3839 recisi],
3304 3770 3417 3822 ἀλλ’
3458 3767 3553 3823 οὖν
3599 3772 3778 3824 πλείο-

2206 3873 2294 3919 νες
2345 3857 2625 3925 γεγόνασι·
2653 3858 2735 3910 διδ
2763 3859 2858 3909 καὶ
2886 3857 2936 3909 οἱ
2975 3857 3219 3927 Ἐὕραῖοι
3246 3859 3431 3924 ἔλεγον
3452 3874 3464 3887 ·
3506 3855 3679 3913 Οὗτοι
3727 3862 3778 3911 oi

2207 3949 2333 4001 θεοί
2381 3964 2519 4013 σου,
2585 3950 2856 4019 Ἰσραὴλ,
2922 3950 3141 4015 οἵτινες
3188 3951 3553 4003 ἀνεόῐόαι-ἁν
3599 3968 3675 4004 σε
3712 3952 3782 4004 ἐκ

2208 4039 2318 4108 γῆς
2354 4043 2655 4111 Αἰγύπτου
2686 4060 2701 4075 ⁸
2754 4042 2847 4096 καὶ
2888 4044 2917 4095 ὁ
2984 4044 3226 4112 Μωῡσῆς
3266 4044 3323 4097 δὲ
3364 4045 3598 4114 χρυσοῦς
3627 4045 3780 4106 Θεοὺς

2206 4132 2451 4203 εἴρηκεν,
2486 4132 2561 4195 ὡς
2592 4133 2834 4205 εἴρηται.
2861 4136 3047 4189 Ἀλλοι
3076 4137 3133 4188 δὲ
3164 4137 3323 4188 πάλιν
3360 4136 3483 4189 καθ’
3524 4137 3785 4205 Ἐϐραΐδι

2209 4226 2502 4296 συνήθειαν
2535 4227 2597 4281 τὸ
2627 4228 2993 4300 πληθυντικὸν
3024 4231 3145 4284 ἀντὶ
3175 4231 3360 4285 ἑνικοῦ
3387 4231 3645 4302 ἐνόησαν.

2277 4315 2385 4367 Καὶ
2429 4316 2853 4379 ἐξουδένωσαν
2894 4320 3011 4390 γῆν
3058 4321 3452 4389 ἐπιθυμητήν.
3506 4323 3783 4390 Ἀπεπὲμ-

525 4416 858 4472 Promissam
892 4419 1166 4488 regionem
1202 4430 1567 4490 spreverunt,
1604 4421 1858 4492 quamvis
1894 4424 2097 4492 optima

2210 4404 2378 4472 ψαντο
2403 4406 2500 4476 τὴν
2527 4408 2739 4477 ἀγαθὴν
2760 4411 2861 4479 γῆν
2892 4412 2989 4481 τὴν
3037 4412 3135 4480 τῆς
3163 4412 3525 4478 ἐπαγγελίας,
3572 4413 3649 4475 ὡς
3691 4414 3780 4466 εὖ·

525 4517 689 4571 csset,
732 4517 792 4562 ut
816 4508 869 4563 in
902 4509 1044 4565 libro
1074 4510 1439 4567 Numerorum
1475 4513 1694 4583 legitur.
1734 4512 1938 4568 Deinde
1971 4528 2098 4567 nar-

525 4608 633 4661 rat,
665 4616 775 4669 quo
814 4612 973 4670 pacto
1006 4618 1125 4658 eam
1160 4604 1487 4675 spreverint.
1523 4603 1750 4669 Verum,
1778 4605 1930 4659 dices
1990 4621 2100 4660 non

522 4690 799 4757 sprevisse
848 4707 945 4746 eos
996 4693 1138 4748 hanc
1190 4702 1417 4757 terram,
1469 4694 1600 4763 quin
1650 4694 1759 4749 imo
1795 4696 2098 4750 admiratos

521 4794 667 4841 esse,
698 4781 789 4832 sed
828 4780 1098 4851 Propheta
1141 4783 1399 4855 intelligit
1428 4786 1598 4854 quod,
1651 4786 1779 4839 dum
1811 4785 2001 4841 molles
2033 4800 2099 4840 ac

523 4869 761 4940 languidi
794 4871 965 4937 fuere,
994 4882 1048 4928 et
1081 4875 1333 4930 laborare
1367 4877 1660 4933 noluerunt
1694 4889 1752 4932 ut
1775 4877 1925 4931 illam
1955 4878 2097 4933 reci-

521 4970 739 5031 perent,
770 4956 1193 5034 sprevisseﬂeam
1229 4968 1543 5022 videantur.

594 5047 760 5107 Vens.
784 5052 877 5107 25.
923 5052 1047 5107 Non
1081 5054 1414 5109 crediderunt
1440 5059 1590 5111 verba
1609 5057 1744 5126 ejus.
1770 5056 1924 5122 Quod
1945 5057 2104 5112 datu-

522 5152 619 5192 rus
644 5153 762 5193 eam
794 5148 939 5194 esset
967 5142 1193 5211 populo,
1226 5145 1689 5212 quemadmodum
1740 5146 2097 5215 promiserat.

594 5228 662 5282 Et
721 5243 1181 5288 murmuraverunt
1229 5236 1284 5288 in
1330 5237 1687 5291 tabernaculis
1732 5238 1867 5292 suis.
1920 5238 2101 5292 Omnis

516 5319 686 5387 enim,
712 5321 906 5390 inquit,
930 5326 1266 5395 congregatio
1286 5326 1427 5379 dedit
1453 5343 1645 5392 vocem,
1673 5338 1721 5381 et
1742 5329 1902 5395 ﬂebat
1937 5344 2097 5395 popu-

524 5428 603 5465 ονε
639 5423 784 5467 nocte
816 5414 910 5468 illa
929 5425 977 5469 et
1000 5417 1402 5471 murmurabant
1440 5419 1486 5450 ⁵⁸
1520 5434 1537 5473 :
1580 5422 1835 5487 quoniam
1886 5420 2097 5473 scilicat

516 5501 898 5569 erploratores
929 5505 1137 5561 reversi
1180 5517 1329 5571 sunt,
1360 5516 1413 5561 et
1468 5509 1864 5561 annnntiarunt
1897 5546 1913 5571 ,
1948 5506 2097 5577 quod

591 5682 635 5716 ”
661 5682 806 5737 Exod
872 5702 1043 5753 xxx”,
1080 5688 1162 5745 lO.
1240 5688 1286 5721 “
1327 5688 1462 5744 Ibid.
1513 5689 1575 5745 52
1641 5686 1675 5740 5
1720 5739 1727 5745 .

2208 4494 2397 4563 ρήσεις
2424 4498 2481 4548 ὲν
2505 4498 2573 4566 τῆ
2601 4497 2770 4570 βίϐλῳ
2815 4500 2923 4552 τῶν
2964 4500 3254 4572 Ἀριθμῶν.
3290 4499 3423 4555 Εἶτα
3458 4501 3632 4571 λέγει.
3667 4506 3783 4566 mihi

2207 4586 2376 4656 αὐτὴν
2422 4588 2809 4653 ἑξουδένωσαν.
2880 4593 2991 4646 Καὶ
3052 4594 3159 4665 μὴν
3221 4594 3535 4662 ἐθαύμαζον
3587 4597 3775 4663 αὐτὴν,

2205 4678 2344 4733 ἀλλὰ
2375 4681 2452 4750 τῷ
2479 4682 2885 4755 μαλακισθῆναι
2914 4685 3006 4736 καὶ
3042 4686 3116 4754 μὴ
3154 4685 3381 4755 θελῆσαι
3412 4686 3611 4749 πόνους
3641 4687 3777 4753 ὑπὲρ

2205 4770 2380 4842 αὐτῆς
2404 4772 2792 4842 ἀναδέξασθαι,
2833 4774 3009 4845 τούτῳ
3046 4776 3267 4840 πάντως
3295 4776 3685 4842 ἐξουδὲνωσαν.

2273 5044 2396 5097 Οὐκ
2447 5042 2823 5099 ἐπίστευσαν
2872 5044 2953 5111 τῷ
2991 5046 3155 5116 λόγῳ
3188 5046 3398 5100 αὐτοῦ.
3440 5044 3565 5098 Ὅτι
3614 5045 3784 5098 δώσει

2200 5135 2385 5198 αὐτοῖς
2414 5135 2591 5206 αὑτήν
2622 5151 2636 5165 ·
2666 5136 2825 5190 τοῦτο
2850 5137 2959 5203 γὰρ
2991 5137 3175 5200 αὐτοῖς
3208 5137 3596 5207 ἐπηγγείλατο.

2270 5226 2379 5281 Καὶ
2412 5226 2752 5297 ἐγόγγυσαν
2778 5228 2849 5281 ἐν
2877 5229 2999 5295 τοῖς
3020 5228 3418 5298 σκηνώμασιν
3438 5228 3662 5283 αὐτῶν.
3689 5231 3787 5281 Ἕν

2203 5320 2323 5381 ταῖς
2357 5322 2587 5388 σκηναῖς
2612 5319 2814 5372 αὐτῶν.
2851 5320 3028 5375 Πᾶσα
3057 5322 3188 5392 γὰρ,
3213 5323 3398 5392 φησὶν,
3433 5323 3471 5390 ἡ
3501 5338 3779 5390 συναγω-

2203 5410 2279 5479 γὴ
2312 5410 2499 5465 ἔδωκε
2524 5412 2757 5480 φωνὴν,
2792 5414 2892 5466 καὶ
2918 5414 3166 5469 ἔκλαιεν
3196 5418 3228 5468 ὀ
3259 5417 3409 5481 λαὸς
3439 5416 3555 5481 τὴν
3585 5417 3777 5468 νύκτα

2201 5503 2468 5569 ἐκείνην,
2518 5504 2617 5557 καὶ
2659 5503 3056 5573 διεγόγγυζον.
3097 5508 3229 5561 Ὅτε
3271 5506 3513 5579 δηλονότι
3558 5508 3609 5561 oi
3645 5508 3777 5561 ἀκο-

1810 5691 1852 5721 ⁶⁵
1886 5688 2026 5744 lbid.
2061 5687 2115 5744 4.
2194 5688 2237 5720 ⁵⁶
2270 5685 2432 5740 Num.
2476 5702 2586 5751 xlv,
2632 5688 2681 5741 l.
