4102 6206
396 255 534 320 1053

1546 273 1696 335 COM
1705 277 1931 340 MENT.
1962 279 2043 341 IN
2089 280 2448 344 PSALMOS.

3467 285 3604 352 1051

383 366 670 467 oeuli-Vss;
706 368 784 467 εἰς
814 370 914 443 τὴν
946 373 1246 447 εἰρημένην
1274 379 1378 449 γῆν
1409 369 1765 441 ⁴κιιιιτιὶκιικοϊιοι
1815 389 1939 443 ὕπο·

2049 390 2413 460 potentissimi
2465 400 2650 448 essent
2681 391 2758 448 illi
2811 392 3034 464 pepuli,
3076 395 3167 464 qui
3225 396 3624 467 promissionis

382 457 716 527 στρέψαντες
751 462 1084 532 ἀνήγγειλαν
1111 470 1242 540 περὶ
1270 473 1368 542 τῆς
1399 474 1583 545 ἰσχύος
1618 477 1728 530 τῶν
1763 497 1948 534 κατοι-

385 551 627 604 κούντων
662 555 720 606 tv
751 557 886 628 αὐτῇ
919 560 1190 632 διαφόρων
1223 567 1414 623 ἐθνῶν.

457 644 579 696 Οὐκ
610 645 985 711 εἰσήκουσαν
1021 652 1133 722 τῆς
1169 659 1376 726 φωνῆς
1411 663 1652 730 Κυρίου.
1695 665 1826 734 Τῆς,
1869 666 1951 719 ὅτι

380 732 598 786 δίδωσιν
627 737 810 801 αὐτοῖς
843 757 943 806 την
981 745 1284 817 εἰρημένην
1317 753 1441 820 γῆν.
1485 755 1596 806 Οὐκ
1623 732 1951 812 ἐπίστευσαν

381 827 448 893 τῇ
479 826 709 899 τοιαύτῃ
741 834 919 902 φωνῇ.

453 917 561 969 Kal
589 916 774 986 ἐπῆρε
803 921 918 990 τὴν
949 923 1118 992 χεῖρα
1159 929 1345 984 αὐτοῦ
1387 931 1479 983 ἐπ’
1507 934 1749 1002 αὐτούς.
1806 937 1951 992 Ἐκε-

381 1025 511 1078 νησε
536 1009 634 1079 τὴν
664 1015 822 1084 χεῖρα
855 1017 1018 1070 αὐτοῦ
1052 1019 1170 1072 κατ’
1205 1023 1407 1089 αὐτῶν,
1429 1012 1548 1095 ἤτοι
1570 1027 1669 1097 τὴν
1696 1027 1949 1085 κολαστι-

383 1099 487 1170 κὴν
515 1098 770 1170 δύναμιν.

458 1191 568 1244 Τοῦ
589 1196 947 1252 καταϐαλεῖν
970 1201 1190 1268 αὐτοὺς
1207 1203 1278 1258 ἐν
1310 1205 1386 1275 τῇ
1408 1207 1623 1280 ἐρήμῳ.
1653 1211 1759 1267 Τοῦ
1786 1213 1952 1268 θανα-

381 1285 550 1336 τῶσαι
584 1285 804 1352 αὐτούς.

447 1373 557 1426 Καὶ
589 1376 697 1430 τοῦ
729 1383 1088 1439 καταϐαλεῖν
1107 1387 1175 1440 τὸ
1203 1389 1445 1459 σπέρμα
1474 1393 1675 1450 αὐτῶν
1700 1395 1772 1450 ἐν
1821 1397 1948 1465 τοῖς

377 1463 604 1520 ἔθνεσι.
650 1469 757 1522 Τοῦ
791 1476 1196 1542 καταφυτεῦσαι
1233 1480 1303 1534 τὰ
1346 1483 1512 1538 τέκνα
1569 1487 1750 1542 αὐτῶν
1786 1489 1846 1543 ιν
1877 1463 1943 1561 τῇ

376 1556 448 1624 γῇ
493 1556 602 1609 τῶν
657 1559 850 1626 ἐθνῶν,
897 1565 1007 1619 τῶν
1075 1568 1398 1626 Χαναναίων
1443 1573 1539 1628 καὶ
1592 1577 1700 1632 τῶν
1745 1556 1941 1635 ἄλλων..

377 1645 527 1704 Eius
549 1652 676 1740 γὰρ,
715 1657 866 1723 φησὶ,
900 1659 1114 1726 Κύριος
1140 1665 1292 1731 πρὸς
1322 1658 1612 1737 Μωῦσῆν,
1660 1671 1751 1725 ὅτι
1789 1672 1944 1726 Πάν-

377 1755 478 1804 τες
511 1744 564 1796 οι
587 1741 804 1812 ἄνδρες
831 1747 888 1802 οἳ
917 1749 1249 1819 ἐπείρασαν
1282 1774 1360 1825 με
1382 1759 1559 1816 τοῦτο
1582 1763 1650 1817 τὸ
1670 1763 1944 1832 δέκατον,

384 1833 484 1924 real
516 1836 628 1888 οὐκ
678 1837 1053 1903 εἰσήκουσαν
1095 1843 1204 1911 τῆς
1225 1848 1432 1917 ,φωνῆς
1455 1869 1596 1920 μου,
1621 1851 1663 1924 ἦ
1679 1854 1808 1923 μὴν
1833 1858 1946 1911 οὐκ

377 1922 629 1990 ὄψονται
677 1928 792 1996 τὴν
817 1931 954 1999 γῆν,
987 1932 1068 2000 ἢν
1107 1934 1313 2005 ὤμοσα
1340 1941 1471 2008 τοῖς
1511 1922 1814 2012 πατράσιν
1841 1949 1946 2001 αὐ·-

377 2013 514 2156 ἷιὲν,
547 2016 685 2070 ἀλλ’
720 2018 758 2088 ἢ
797 2020 870 2075 τὰ
912 2023 1099 2077 τέκνα
1140 2027 1340 2083 αὐτῶν
1379 2030 1418 2087 ἄ
1463 2033 1594 2088 ἐστι
1618 2035 1748 2104 μετ’
1796 2037 1943 2106 ἐμοῦ

377 2121 425 2156 ω
464 2122 512 2156 ε.

376 2121 512 2157 ωοε.

449 2197 554 2250 Kal
593 2199 1020 2273 διασκορπίσαι
1049 2212 1272 2281 αὐτοὺς
1306 2214 1377 2269 ἐν
1396 2215 1526 2282 ταῖς
1555 2215 1792 2286 χόῳαις.
1811 2219 1944 2284 Ταῖς

373 2287 482 2342 τῶν
508 2290 816 2361 εἰρημένων
842 2297 1032 2357 ἐθνῶν.

447 2380 554 2433 Kal
584 2381 1003 2472 ἐτεξιέσθησαν
1033 2392 1115 2459 τῷ
1138 2398 1502 2468 Βεελφεγώρ.
1544 2401 1748 2472 Τελετὴ
1784 2403 1942 2471 γεγό-

373 2486 496 2565 νασι
527 2473 622 2526 καὶ
654 2469 767 2530 οἷον
796 2479 959 2553 ἑορτὴ
1004 2485 1082 2553 τῷ
1113 2487 1454 2561 Βεελφεγώρ.
1492 2494 1561 2546 Ἢ
1591 2469 1940 2565 ὲμυνηθησαν

371 2563 451 2655 τῷ
491 2566 836 2641 Βεελφεγὼρ,
871 2575 1077 2647 εἰδώλῳ
1119 2579 1227 2632 τῶν
1275 2581 1603 2650 Μωαϐιτῶν,
1651 2563 1771 2655 ἤτοι
1825 2563 1941 2640 τῶν

372 2654 720 2748 Μαδιανιτῶν
744 2677 758 2692 θ
785 2663 860 2726 ὡς
885 2665 944 2718 ὲν
965 2669 1032 2736 τῇ
1061 2672 1608 2748 προμνημονευθεισῃ
1633 2654 1800 2746 βίϐλῳ
1827 2678 1938 2734 τῶν

384 2746 660 2816 Ἀριθμῶν
701 2753 1003 2825 ἱστόρηται,
1056 2762 1166 2826 ὅτε,
1221 2746 1659 2835 ἐπιθυμήσαντες
1704 2769 1812 2823 τῶν
1845 2769 1940 2822 θυ-

369 2838 618 2932 γατέρων
636 2843 829 2912 Μωὰὸ,
854 2849 1254 2920 ἀνεπείσθησαν
1277 2855 1367 2907 ὑπ’
1387 2857 1566 2912 αὐτῶν
1587 2859 1682 2912 τοῦ
1698 2875 1938 2932 προσκυ-

373 2927 536 2996 νῆσαι
574 2935 686 2995 τοῖς
722 2937 967 3003 εἰδώλοις
996 2941 1196 2996 αὐτῶν.

2057 491 2257 536 terram
2290 483 2612 540 incolerent.

2125 658 2249 714 Non
2297 671 2644 715 exaudierunt
2691 678 2864 715 vocem
2907 663 3143 716 Domini.
3195 662 3397 718 Vocem
3475 665 3620 718 illam

2053 751 2301 813 scilicet,
2329 765 2435 820 qua
2469 751 2682 804 dixerat
2707 751 2963 806 daturum
2993 767 3052 808 se
3086 754 3164 808 eis
3211 755 3358 807 illam
3389 761 3614 810 terram.

2051 841 2372 909 Hujusmodi
2407 843 2606 912 quippe
2659 844 2774 898 voci
2810 859 2920 898 non
2959 845 3333 898 crediderunt.

2121 931 2287 986 Vsus.
2315 933 2406 988 26.
2450 933 2518 986 Et
2537 935 2751 988 elevavit
2781 951 2993 988 manum
3018 951 3168 988 suam
3195 952 3354 1004 super
3368 953 3474 1004 eos.
3506 934 3624 991 Mo-

2049 1025 2128 1080 vit
2162 1041 2379 1080 manum
2419 1040 2572 1079 suam
2620 1027 2885 1081 adversus
2911 1043 3031 1094 eos,
3065 1029 3170 1083 hoc
3219 1036 3327 1095 est,
3360 1029 3620 1098 puniendi

2049 1129 2116 1169 ac
2147 1113 2452 1184 castigandi
2501 1115 2742 1183 potentia
2775 1115 2828 1168 in
2863 1130 2960 1171 eos
2988 1127 3294 1172 commotus
3343 1128 3448 1172 est.

2127 1203 2196 1256 Ut
2234 1205 2519 1257 destrueret
2551 1219 2638 1257 eos
2667 1205 2719 1256 in
2742 1203 2967 1259 deserto.
3012 1204 3086 1262 Ut
3122 1220 3218 1260 eos
3262 1206 3476 1260 scilicet
3525 1221 3621 1263 oc-

2047 1298 2278 1353 sideret.

2047 1408 2071 1446 is
2117 1387 2287 1442 Vens.
2322 1387 2415 1443 27.
2457 1386 2526 1441 Ut
2555 1388 2897 1442 constitueret
2922 1405 3095 1443 semen
3137 1405 3316 1444 eorum
3360 1391 3414 1442 in
3456 1391 3624 1458 genti-

2049 1480 2167 1534 bus.
2214 1476 2285 1533 Ut
2311 1478 2585 1548 plantaret
2627 1477 2771 1534 ﬁlios
2816 1494 3002 1532 eorum
3055 1481 3107 1534 in
3151 1489 3296 1535 terra
3348 1481 3621 1550 gentium.

2045 1569 2482 1623 (Ibananaaorum
2515 1569 2730 1623 scilicet
2757 1579 2810 1623 et
2844 1570 3078 1624 aliorum
3112 1573 3438 1640 populorum
3466 1591 3480 1627 :
3520 1571 3623 1624 Di-

2044 1662 2120 1715 xit
2149 1661 2318 1727 enim,
2354 1660 2546 1732 inquit,
2581 1660 2839 1715 Dominus
2877 1663 2946 1714 ad
2964 1665 3232 1732 Moysem:
3266 1661 3458 1717 Omnes
3482 1664 3581 1716 uiri
3604 1700 3622 1726 ,

2050 1751 2140 1822 qui
2154 1751 2272 1819 jam
2301 1750 2468 1804 decies
2501 1758 2826 1803 tentaverunt
2856 1767 2955 1813 me,
2984 1759 3032 1804 et
3063 1767 3164 1803 non
3191 1752 3506 1804 audiverunt
3535 1766 3622 1803 vo-

2051 1859 2162 1897 cem
2194 1858 2385 1906 meam,
2420 1851 2558 1895 certe
2587 1857 2690 1894 non
2719 1839 2963 1894 videbunt
2997 1852 3195 1894 terram
3221 1881 3236 1905 ,
3261 1858 3416 1911 quam
3439 1843 3618 1910 juraui

2049 1935 2288 2004 patribus
2341 1949 2522 1990 eorum
2546 1969 2564 1997 ,
2605 1932 2696 1986 sed
2729 1933 2831 2001 ﬁlii
2874 1949 3089 1996 eorum,
3121 1933 3211 2003 qui
3251 1943 3371 1986 sunt
3405 1940 3613 1987 mecum

2050 2027 2134 2081 hic
2165 2028 2235 2081 δ’.

2119 2204 2192 2260 Et
2237 2205 2553 2274 dispergeret
2610 2217 2698 2257 eos
2757 2199 2811 2255 in
2858 2201 3178 2258 regionibus.
3225 2199 3614 2256 Praedictarum

2039 2299 2314 2365 geutium.
3417 2307 3420 2311 ’

2116 2390 2283 2447 Vnus.
2315 2390 2407 2445 28.
2430 2387 2504 2443 Et
2525 2388 2724 2443 initiati
2745 2398 2866 2442 sunt
2895 2386 3234 2458 Beelphegor.
3284 2384 3617 2454 Beelphegor

2045 2483 2404 2539 Moabitarum
2432 2495 2528 2536 seu
2561 2479 2978 2535 Madianitarum
3011 2477 3176 2545 idolo,
3205 2476 3455 2531 initiasse
3494 2489 3618 2530 sese

2043 2573 2219 2629 Judaei
2251 2586 2315 2627 ac
2353 2572 2567 2629 dicasse
2599 2571 2701 2627 visi
2736 2579 2885 2636 sunt,
2915 2570 3046 2624 dum
3078 2570 3354 2624 solemnes
3381 2581 3444 2622 ac
3464 2566 3618 2622 festi-

2047 2681 2143 2722 vos
2172 2665 2222 2722 ei
2271 2664 2389 2721 dies
2421 2663 2804 2730 celebrarent,
2858 2673 2921 2717 ut
2968 2663 3022 2718 in
3065 2660 3426 2717 Numerorum
3477 2660 3618 2715 libro

2042 2759 2300 2822 traditur,
2329 2755 2551 2827 quando
2578 2755 2994 2811 Moabitidarum
3025 2754 3331 2825 puellarum
3367 2751 3616 2822 pulchri-

2010 2849 2234 2905 'tudine
2260 2848 2493 2914 dcliniti,
2529 2847 2776 2917 persuasi
2805 2855 2956 2911 sunt,
3000 2853 3059 2899 ut
3101 2844 3323 2900 illorum
3374 2843 3618 2898 colerent

2042 2939 2361 2998 simulacra.

441 3024 549 3116 Kal
578 3025 808 3096 ἔφαγον
841 3033 1061 3098 θυσίας
1084 3035 1334 3103 νεκρῶν.
1365 3039 1554 3110 Νεκρὰ
1582 3039 1730 3110 ὶέγει
1751 3041 1824 3096 τὰ
1856 3042 1935 3096 εῐ-

2113 3033 2279 3089 Vns.
2317 3030 2408 3088 29.
2451 3031 2522 3086 Et
2563 3030 2897 3085 comederunt
2942 3028 3207 3096 sacrificia
3259 3035 3612 3080 mortuorum.

368 3114 533 3177 δωλα,
564 3117 638 3179 ὡς
667 3119 972 3194 ἀναίσθητα
995 3127 1086 3178 καὶ
1114 3127 1474 3201 ἀνενέργητα.

438 3293 545 3345 Καὶ
586 3296 951 3362 παρώξυναν
978 3303 1166 3356 αὐτὸν
1201 3305 1272 3359 ἐν
1299 3306 1426 3374 τοῖς
1467 3309 1940 3385 ἐπιτηδεύμασιν

368 3385 585 3441 αὐτῶν.
630 3389 718 3440 Ἑν
747 3393 860 3453 τοῖς
884 3394 1145 3459 τοιούτοις
1174 3396 1354 3466 ἔργοις
1385 3402 1584 3458 αὐτῶν.

436 3475 546 3528 Kal
575 3477 923 3550 ἐπληθύνθη
951 3484 1020 3536 ἐν
1045 3487 1248 3552 αὐτοῖς
1282 3491 1314 3557 ἡ
1339 3490 1587 3558 πτῶσις.
1661 3496 1936 3570 Ἀποθνη-

369 3571 610 3623 σχόντων
638 3573 869 3627 πολλῶν.

439 3662 545 3713 Kal
568 3662 720 3731 ἔστη
750 3667 958 3734 Φινεὲς
998 3669 1095 3724 καὶ
1130 3672 1594 3743 ἐξιλάσατο,καὶ
1633 3681 1940 3735 ἐκόπασεν

367 3749 405 3813 ἡ
434 3749 708 3819 θραῦσις.
759 3757 980 3829 Ἀνέστη
1017 3763 1078 3814 ὲκ
1109 3763 1274 3830 μέσου
1313 3767 1412 3835 τῆς
1440 3771 1786 3839 συναγωγῆς,
1845 3773 1939 3824 καὶ

367 3839 694 3900 ἐξιλεὼσατο
723 3846 812 3898 τὸν
847 3847 998 3916 Θεὸν,
1023 3851 1078 3904 ὲν
1103 3852 1180 3922 τῷ
1211 3853 1395 3908 λαϐεῖν
1423 3860 1812 3931 σειρομάστην,
1869 3864 1940 3916 ετ-

366 3947 496 4028 sou-1
525 3934 672 4028 δόρυ,
721 3939 816 3991 καὶ
868 3943 1376 4016 ἀποκεντῆσαιξτδν
1433 3951 1774 4026 Ἰσραηλίτην
1821 3957 1938 4028 ἃμα

367 4025 462 4117 καὶ
493 4027 595 4096 τὴν
628 4030 950 4086 Μαδιανττιν
974 4051 988 4064 ·
1037 4037 1131 4090 καὶ
1146 4039 1472 4114 ἐκόπασεν-ὴ
1500 4045 1637 4116 ὀργὴ
1668 4047 1760 4100 τοῦ
1777 4025 1932 4117 Θεοῦ,

367 4115 544 4168 εἶτουν
576 4121 605 4190 ἡ
637 4122 843 4186 πτῶσις
863 4125 956 4178 τοῦ
989 4127 1138 4184 λαοῦ.
1163 4125 1273 4185 Ἤν
1293 4133 1350 4186 δὲ
1384 4135 1569 4200 Φινεὲς
1603 4115 1718 4202 θεὸς
1751 4115 1940 4195 Ἕλεαζ

367 4203 537 4276 ζάρου
570 4210 663 4262 τοῦ
696 4213 813 4265 υἱοῦ
853 4217 1084 4286 Ἀαρών.

435 4301 542 4396 Kal
581 4304 866 4376 ἐλογίσθη
899 4310 1060 4377 αὐτῷ
1089 4314 1177 4379 εις
1203 4313 1624 4388 δικαιοσύνην.
1659 4321 1753 4384 Εἰς
1807 4325 1936 4396 ἁρε-

2041 3125 2253 3181 Mortua
2285 3123 2521 3194 appellat
2549 3122 2735 3186 idola,
2789 3132 3047 3190 tanquam
3103 3135 3226 3191 quae
3275 3119 3394 3174 sine
3444 3133 3611 3174 sensu

2039 3226 2187 3285 sunt,
2223 3225 2277 3273 et
2305 3217 2427 3272 sine
2453 3216 2635 3286 aliqua
2667 3213 2932 3284 operandi
2963 3219 3254 3283 potestate.

2109 3309 2177 3365 Et
2211 3310 2554 3366 irritarerunt
2601 3324 2717 3364 eum
2753 3307 2808 3362 in
2853 3303 3308 3362 adimntionibus
3365 3302 3494 3357 suis.
3551 3300 3610 3356 ln

2039 3403 2348 3472 huiusmodi
2381 3417 2571 3458 eorum
2598 3402 2880 3471 operibus.

2117 3492 2186 3546 Et
2238 3492 2596 3561 multiplicata
2647 3501 2725 3546 est
2767 3492 2824 3545 in
2867 3492 2941 3546 eis
2984 3492 3163 3546 ruina.
3217 3488 3368 3544 Multi
3406 3485 3609 3558 quippe

2040 3601 2232 3642 eorum
2267 3585 2548 3655 perierunt

2112 3677 2281 3731 Vens.
2318 3675 2410 3732 50.
2441 3674 2508 3728 Et
2540 3674 2680 3728 stetit
2711 3673 2928 3727 Pmnees
2953 3681 3002 3726 et
3044 3671 3296 3740 placauit,
3332 3677 3383 3722 et
3434 3683 3611 3722 cessa-

2039 3771 2110 3824 uit
2139 3768 2436 3838 quassatio.
2480 3765 2734 3819 Surrexit
2797 3763 2865 3819 de
2920 3763 3098 3818 media
3152 3760 3603 3831 congregatione,

2040 3872 2092 3915 et
2130 3859 2363 3931 placavit
2393 3857 2586 3921 Deum,
2619 3853 2842 3924 quando
2869 3858 3096 3919 accepto
3127 3848 3313 3916 iaculo
3381 3844 3607 3900 Israeli-

2041 3967 2168 4020 tem.
2191 3955 2394 4020 virum,
2452 3965 2560 4007 una
2590 3964 2713 4004 cum
2751 3944 3107 4001 Madianitide
3143 3942 3374 3997 muliere
3425 3947 3608 3994 trans-

2039 4046 2157 4101 fixit
2188 4063 2202 4100 :
2232 4059 2395 4116 quam
2428 4043 2502 4098 ob
2546 4053 2768 4096 causam
2837 4034 3078 4091 cessavit
3127 4032 3205 4086 ira
3265 4030 3386 4096 Dei,
3410 4029 3462 4084 id
3496 4037 3604 4092 est,

2039 4139 2228 4210 populi
2263 4138 2447 4193 ruina.
2487 4135 2613 4191 Erat
2647 4137 2828 4188 autem
2856 4127 3088 4183 Pliinees
3133 4122 3278 4179 illius
3331 4122 3600 4185 Eleazari,

2041 4231 2138 4286 lilii
2164 4229 2373 4285 Aaron.

2107 4322 2274 4378 Vens.
2311 4323 2402 4376 5i.
2425 4318 2496 4372 Et
2521 4326 2822 4386 reputatum
2855 4323 2929 4369 est
2955 4315 3002 4368 ei
3043 4316 3115 4368 ad
3140 4315 3434 4384 justitiam.
3486 4307 3602 4363 Hoc

513 4395 604 4448 Διὸ
639 4400 729 4450 καὶ
748 4397 910 4453 ἆθλον
940 4402 1131 4458 ἔλαϐεν
1175 4409 1283 4462 ἀπὸ
1313 4410 1446 4464 Θεοῦ
1469 4381 1568 4483 τὴν
1603 4381 1930 4487 ἱερωσύνην,

2040 4422 2146 4476 est,
2179 4413 2233 4467 in
2261 4409 2539 4466 virtutem.
2577 4381 2756 4476 etque
2785 4405 2907 4460 ideo
2931 4381 3214 4474 praemium
3245 4419 3273 4457 a
3301 4405 3410 4458 Deo
3440 4401 3488 4454 ei
3549 4407 3604 4454 et

363 4484 586 4542 αἰώνιον
620 4489 798 4560 ἐαυτῷ
823 4493 917 4546 κα)⁵
941 4495 1019 4564 τῷ
1047 4498 1322 4568 σπέρματι
1345 4503 1532 4556 αὑτοῦ.

437 4579 542 4642 Εἰς
576 4582 788 4647 γενεὰν
837 4584 937 4637 καὶ
995 4587 1210 4652 γενεὰν
1251 4590 1365 4657 ἕως
1408 4594 1514 4648 τοῦ
1551 4595 1789 4664 αἰῶνος.
1824 4599 1936 4653 ’Λεὶ

363 4666 475 4760 γὰρ
504 4667 590 4722 διὰ
622 4671 715 4724 τὸν
743 4672 903 4740 φόνον
931 4677 1137 4734 ἐκεῖνον
1164 4681 1516 4751 εὖφημεῖται,
1551 4687 1642 4741 τὸν
1675 4689 1813 4760 ὑπὲρ
1841 4692 1937 4744 eti-

365 4758 582 4824 as6sia;
604 4764 917 4832 γενόμενον.

431 4939 538 4998 Καὶ
562 4940 944 5011 παρώργισαν
970 4947 1157 5001 αὐτὸν
1190 4947 1288 5002 ἐπὶ
1316 4951 1531 5019 ὕδατος
1562 4954 1930 5026 ἀντιλογίας.

372 5031 462 5084 Ἐν
513 5035 579 5104 τῇ
631 5035 825 5106 ἐρήμῳ
878 5036 1084 5107 Κάδης.
1146 5041 1294 5096 Ἑκεί
1341 5043 1449 5112 γὰρ
1473 5044 1930 5115 διψήσαςὸλαὸς,

358 5124 713 5192 ἐδεινοπάθει,
747 5128 841 5181 καὶ
864 5129 1201 5198 διεγόγγυζε,
1230 5133 1324 5187 καὶ
1375 5137 1653 5206 ἀντέλεγε.
1719 5140 1810 5194 Διὸ
1869 5143 1930 5196 τὸ

357 5215 422 5267 ἐκ
453 5217 657 5287 πέτρας
685 5220 779 5272 καὶ
802 5221 922 5274 τότε
978 5223 1104 5292 ῥυὲν
1138 5222 1282 5295 ὓδωρ
1349 5225 1552 5299 ἐκλήθη
1578 5230 1720 5302 ὕδωρ
1779 5233 1929 5287 ἀντι-

357 5305 565 5374 λογίας.

426 5399 536 5454 Kal
569 5401 836 5472 ἐκακώθη
881 5405 1142 5475 Μωϋσῆς
1193 5406 1266 5461 δι’
1295 5409 1537 5477 αὐτούς.
1594 5413 1752 5484 Παρὰ
1788 5414 1926 5468 Θεοῦ

357 5489 466 5558 γὰρ
496 5491 808 5558 κελευσθεὶς
834 5496 1020 5549 λαϐεῖν
1041 5499 1139 5567 τὴν
1168 5501 1362 5558 ὸάὸδον
1390 5502 1556 5562 αὐτοῦ
1604 5507 1698 5561 καὶ
1725 5508 1927 5580 ἐκκλη-

427 5665 474 5703 ⁵⁷
498 5665 659 5730 Νυηι.
695 5670 914 5737 xw.2‘2.

2037 4505 2236 4565 semini
2271 4505 2392 4575 ejus
2417 4502 2603 4558 datum
2639 4508 2743 4563 est,
2773 4497 3146 4555 sacerdoﬁum
3170 4503 3456 4551 internum.

2105 4597 2168 4652 In
2197 4593 2586 4666 generationem
2610 4598 2660 4643 et
2689 4587 3080 4659 generationem
3107 4601 3269 4655 usque
3324 4584 3380 4638 in
3427 4597 3599 4637 δαναι-

2036 4691 2170 4744 lum.
2194 4689 2469 4760 Perpetuo
2501 4682 2705 4754 quippe
2734 4679 2802 4734 ab
2852 4678 3110 4734 omnibus
3151 4675 3428 4738 laudatur,
3501 4685 3608 4742 pro.

2037 4781 2188 4836 illata
2225 4779 2319 4835 illa
2369 4791 2526 4841 nece,
2563 4788 2724 4846 quam
2765 4770 3048 4840 religionis
3094 4783 3160 4824 ac
3212 4765 3436 4839 pietatis
3484 4765 3603 4820 zelo

2033 4869 2290 4940 patravit.

2104 4959 2270 5015 Vens.
2300 4959 2390 5014 52.
2429 4956 2495 5010 Et
2525 4957 2865 5010 irritaverunt
2887 4968 3007 5008 eum
3049 4950 3126 5005 ad
3169 4966 3337 5020 aquas
3379 4955 3593 5001 contra-

2029 5051 2297 5106 dictionis.
2324 5051 2382 5105 In
2404 5049 2622 5105 deserto
2650 5048 2850 5103 Cades.
2901 5046 3018 5101 Illic
3042 5044 3189 5099 enim
3231 5041 3468 5114 populus
3522 5037 3596 5090 si-

2029 5144 2126 5198 tim
2159 5141 2367 5213 perpeti
2404 5156 2546 5211 mgre
2590 5140 2734 5198 tulit.
2784 5137 3058 5205 Quocirca
3085 5131 3473 5191 murmuravit,
3536 5134 3604 5211 et

2034 5234 2362 5292 contradixit
2396 5251 2410 5287 :
2445 5233 2590 5287 unde
2617 5247 2779 5302 aqua,
2811 5245 2933 5301 quas.
2965 5229 3032 5283 de
3063 5235 3217 5297 petra
3247 5223 3337 5278 illa
3361 5219 3593 5280 eﬂluxit,

2034 5321 2492 5380 contradictionis
2522 5337 2664 5391 aqua
2689 5319 2961 5390 appellata
2995 5325 3103 5373 est.

2105 5415 2173 5469 Et
2202 5415 2420 5485 afﬂictus
2448 5425 2525 5469 est
2557 5414 2766 5484 Moyses
2788 5421 2999 5479 propter
3019 5427 3129 5466 eos.
3177 5412 3221 5464 Δ
3261 5409 3371 5462 Deo
3439 5404 3584 5458 enim

2027 5507 2220 5581 jussus
2255 5519 2340 5566 est
2371 5508 2622 5578 accipere
2655 5508 2862 5578 virgam
2919 5519 3075 5561 suam
3142 5513 3196 5560 et
3255 5511 3598 5572 congregare.
