4076 6204
571 298 636 363 10
648 300 715 362 ἓι9

1772 299 2145 362 EUTHYMII
2188 300 2511 363 ZlGABEN
2525 305 2543 361 Ι

3687 309 3855 372 105)

640 418 712 473 Et
750 419 814 475 de
843 419 1137 489 regionibus
1164 422 1495 491 congregavit
1529 438 1639 477 eos.
1666 422 1745 478 De
1814 424 2133 495 regionibus

2310 424 2419 477 Kal
2483 425 2551 477 ἐκ
2623 421 2742 475 τῶν
2795 424 3004 492 χωρῶν
3053 426 3681 495 συνήγαγεναύτσύς.
3746 431 3850 484 Ἐγ

562 513 809 587 gentium
834 518 1216 581 congregatos,
1250 514 1304 567 in
1332 530 1495 569 unam
1518 516 1851 583 Ecclesiam,
1884 526 2051 587 atque
2083 518 2139 572 in

566 604 786 660 unicam
814 600 972 655 ﬁdem
1015 601 1327 671 conjunxit.

636 693 804 748 Vens.
829 693 883 745 ὅ.
919 692 963 746 Α
998 693 1127 748 solis
1164 702 1307 761 ortu,
1343 705 1391 749 et
1421 713 1634 762 occasu,
1661 699 1726 751 ab
1765 701 2036 769 aquilone,
2088 711 2139 756 et

565 787 725 841 mari.
752 784 828 839 Ex
858 794 1096 849 quatuor
1124 787 1269 842 enim
1300 789 1490 841 mundi
1538 791 1789 859 partibus
1845 791 1900 845 in
1966 806 2134 848 utrum

566 875 886 945 congregati
920 884 1051 929 sunt
1085 891 1099 929 :
1139 876 1267 945 quia
1308 877 1360 931 in
1385 894 1587 932 omnem
1620 888 1818 933 terram
1846 881 2007 936 exivit
2049 900 2138 938 so-

564 982 663 1019 nus
696 966 1099 1035 apostolorum,
1131 975 1180 1020 et
1204 970 1259 1019 in
1282 968 1413 1037 ﬁnes
1443 970 1584 1025 orbis
1624 980 1780 1027 terra
1834 973 1989 1028 verba
2051 985 2142 1028 eo-

560 1074 681 1112 rum
711 1060 777 1114 ⁸⁸.

639 1153 806 1207 Vens.
837 1152 890 1206 4.
941 1150 1268 1206 Erraverunt
1310 1156 1365 1208 in
1407 1155 1719 1221 solitudine,
1752 1159 1807 1211 in
1857 1156 2134 1229 inaquoso.

564 1244 832 1298 Errabant
859 1244 985 1297 olim
1021 1252 1212 1313 gentes
1231 1261 1421 1301 omnes
1452 1249 1798 1307 ambulantes
1826 1251 1878 1305 in
1907 1267 2140 1306 conver-

568 1338 780 1393 satione
813 1338 1047 1407 quadam
1079 1337 1296 1391 deserta
1327 1339 1680 1409 solitariaque
1701 1356 1765 1394 ac
1788 1343 2009 1395 viduata
2031 1348 2140 1396 vir-

564 1436 745 1482 tutum
806 1427 1100 1489 (ructibus,
1156 1435 1210 1480 et
1264 1429 1413 1482 omni
1467 1444 1638 1485 sacrae
1691 1430 1954 1486 doctrina:
2006 1444 2137 1503 potu

563 1534 795 1588 prorsus
825 1528 1068 1573 carente.

646 1610 797 1663 Viam
823 1611 1052 1664 civitatis
1075 1614 1368 1667 habitaculi
1403 1630 1505 1668 non
1544 1613 1874 1671 invenerunt.
1927 1614 2134 1673 Civitas

563 1699 860 1753 habitaculi
891 1702 1112 1771 proprie
1139 1704 1339 1757 caelum
1375 1714 1458 1759 est
1483 1722 1495 1759 :
1524 1704 1681 1772 cujus
1715 1706 1851 1759 viam
1911 1723 2020 1761 non
2053 1709 2134 1761 in-

2241 517 2352 569 τῶν
2381 516 2577 587 χωρῶν
2623 516 2733 568 τῶν
2771 517 2942 570 ἐθνῶν
3027 518 3108 578 είς
3157 518 3290 588 μίαν
3354 519 3695 590 Ἐκκλησίαν
3740 523 3846 576 καὶ

2242 608 2453 664 πίστιν.
2962 618 2969 621 ’

2328 698 2464 753 Ἀπὸ
2492 698 2830 765 ἀνατολῶν,
2869 699 2967 753 καί
2995 698 3268 766 δυσμων,
3296 700 3397 754 καί
3434 700 3652 768 βορῤᾷ,
3734 704 3850 755 καὶ

2242 789 2591 858 θαλάσσης.
2653 791 2745 845 Ἐκ
2779 791 2887 845 τῶν
2928 791 3212 862 τεσσάρων
3260 793 3371 864 γὰρ
3423 796 3686 864 περάτων
3744 791 3853 848 τοῦ

2242 884 2448 952 κόσμου
2480 882 2855 954 συνήχθησαν.
2912 881 3034 950 Ἐἰς
3077 883 3286 939 πᾶσαν
3334 885 3464 953 γὰρ,
3498 886 3653 955 φησι,
3719 885 3853 952 τὴν

2242 976 2360 1043 γῆν
2374 975 2637 1041 ἐξῆλθεν
2653 978 2688 1029 ὁ
2711 976 2974 1045 φθόγγος
3020 976 3133 1028 τῶν
3156 975 3495 1042 ἀποστόλων,
3518 978 3616 1030 καί
3644 979 3752 1043 εἰς
3773 977 3853 1029 τὰ

2242 1067 2468 1136 πέρατα
2488 1065 2599 1135 τῆς
2631 1066 2992 1136 οἰκουμένης
3020 1068 3091 1122 τὰ
3121 1066 3363 1137 ῥήματα
3386 1067 3607 1123 αὐτῶν.

2324 1160 2798 1227 Ἐπλανήθησαν
2819 1160 2890 1214 ἐν
2909 1159 2981 1227 τῇ
3000 1162 3201 1229 ἐρήμῳ
3220 1161 3291 1214 ἐν
3305 1161 3561 1229 ἀνύδρῳ.
3607 1160 3843 1214 Ἐπλαο

2249 1253 2493 1322 νήθησαν
2523 1253 2792 1322 πρότερον
2817 1254 2873 1304 ὲν
2905 1256 2972 1324 τῇ
2999 1252 3249 1323 πολιτείᾳ
3270 1256 3338 1323 τῇ
3362 1254 3558 1323 ἐρήμῳ
3589 1252 3844 1323 καρπῶν

2241 1343 2466 1413 ἀρετῆς,
2501 1342 2576 1415 μὴ
2607 1343 2809 1415 ἐχούσῃ
2839 1344 2992 1414 πόμα
3020 1344 3375 1409 διδασκαλίας
3400 1344 3574 1408 θείας.

2323 1607 2498 1663 Ὀδὸν
2534 1608 2765 1674 πόλεως
2791 1609 3254 1675 κατοικητηρίου
3281 1610 3395 1677 οὐχ
3423 1600 3623 1676 εὖρον.
3653 1610 3837 1674 Πόλις

2245 1700 2671 1770 κατοικητηρίου
2732 1700 2760 1751 ὁ
2787 1699 3041 1769 οὐρανὸς,
3072 1693 3133 1751 οὗ
3176 1701 3277 1768 τὴν
3303 1699 3422 1752 ὁδὸν
3448 1700 3547 1769 οὐχ
3581 1695 3751 1771 εὗρον
3783 1703 3837 1753 oi

565 1797 854 1851 venerant,
892 1790 1059 1844 veluti
1091 1794 1384 1848 errabundi
1423 1813 1436 1848 :
1469 1796 1552 1849 vel
1582 1796 1701 1864 ipsa
1736 1798 1901 1851 etiam
1941 1800 2135 1869 cogni-

2244 1793 2586 1861 πλανώμενοι
2610 1807 2622 1820 ·
2656 1792 2742 1861 εἴη
2768 1790 2813 1843 δ’
2841 1792 2907 1845 ἂν
2932 1794 2965 1862 ἡ
2996 1791 3315 1860 Θεογνωσὶα,
3349 1795 3444 1845 καὶ
3478 1793 3511 1861 ἠ
3539 1791 3831 1859 εὐσέϐεια,

574 1879 800 1965 tioiDei,
834 1881 1140 1950 virtusque,
1166 1894 1220 1937 et
1254 1887 1462 1955 religio.

646 1968 813 2025 Vens.
848 1971 901 2024 5.
968 1970 1277 2029 Esurientes
1312 1986 1360 2029 et
1385 1977 1639 2031 sitientes.
1674 1976 2081 2037 Erantscilicet
2118 2002 2131 2039 :

562 2063 916 2131 nequeenim
954 2066 1327 2136 cognitionem
1375 2070 1469 2124 Dei
1527 2080 1623 2125 aut
1687 2071 1995 2128 doctrinam
2055 2076 2137 2129 ul-

567 2155 677 2208 lam
706 2155 1005 2220 habebant,
1050 2174 1158 2228 qua
1202 2160 1383 2215 cibum
1446 2171 1539 2217 aut
1596 2173 1784 2234 potum
1846 2167 2138 2224 animabus

566 2248 681 2300 suis
712 2258 1062 2317 pra-starent.

639 2337 828 2392 Anima
858 2356 1039 2393 eorum
1073 2343 1126 2394 in
1160 2343 1288 2409 ipsis
1315 2343 1523 2413 defecit.
1560 2345 1618 2399 In
1683 2351 1923 2415 peccatis
1978 2350 2141 2403 nimi-

564 2444 688 2481 rum
720 2431 980 2496 contrita,
1016 2439 1180 2501 atque
1203 2434 1314 2486 imo
1376 2436 1542 2489 ctiam
1588 2435 1777 2492 eﬂecta
1832 2440 2030 2493 debilis
2086 2448 2140 2494 et

562 2518 802 2576 inﬁrma.

637 2609 805 2667 Vens.
837 2612 893 2668 6.
938 2613 1003 2667 Et
1029 2614 1394 2669 clamauerunt
1422 2616 1491 2670 ad
1560 2618 1842 2672 Dominum
1875 2634 1992 2673 cum
2042 2622 2141 2674 tri-

566 2708 899 2767 bularentur.
924 2710 1249 2767 Clamahant
1283 2714 1569 2784 propheta:
1600 2715 1667 2769 ad
1698 2715 2020 2781 Dominum,
2053 2732 2142 2772 sa-

565 2800 735 2856 lutem
776 2819 841 2858 ac
882 2806 1313 2876 redemptionem
1338 2806 1581 2876 gentium
1611 2817 1904 2877 optantes;
1928 2808 2143 2878 ipsique
2174 2870 2179 2875 ,

564 2895 743 2964 angeli
792 2900 1017 2966 pariter,
1076 2897 1169 2968 qui
1232 2897 1509 2954 universis
1566 2902 1766 2955 sortito
1818 2899 2142 2957 nationibus

563 2993 826 3051 praesunt.

638 3070 707 3123 Et
729 3073 794 3126 de
819 3072 1064 3126 omnibus
1106 3074 1511 3128 necessitatibus
1568 3091 1750 3129 eorum
1793 3078 1987 3146 eripuit
2032 3096 2139 3135 eos.

567 3155 640 3209 De
669 3159 961 3227 multiplici
993 3158 1205 3213 scilicet
1239 3158 1549 3213 daemonum
1582 3162 1890 3232 tyrannide.

638 3242 799 3298 Vens.
834 3244 885 3297 7.
915 3243 984 3296 Et
1018 3245 1238 3297 deduxit
1264 3262 1351 3299 eos
1388 3247 1609 3299 inviam
1645 3256 1867 3302 rectam.
1901 3248 2034 3314 Quae
2071 3251 2140 3305 ad

565 3329 767 3383 caelum
801 3330 978 3394 ducit,
1008 3344 1171 3400 quam
1205 3340 1364 3386 antea
1404 3346 1516 3385 non
1551 3332 1907 3401 invenerunt,
1926 3350 2050 3390 cum
2080 3339 2137 3393 in

564 3434 754 3475 errore
782 3422 1051 3490 degerent
1084 3444 1095 3476 :
1138 3422 1462 3477 incarnatus
1488 3437 1617 3478 vero
1643 3422 1789 3478 Deus
1822 3424 2014 3479 docuit
2042 3443 2138 3483 eos

566 3525 784 3563 onmem
808 3511 1124 3564 veritatem.

646 3598 715 3655 Ut
738 3601 875 3656 irent
897 3603 950 3654 in
978 3603 1244 3658 civitatem
1270 3604 1588 3659 habitaculi.
1613 3605 1689 3659 De
1718 3619 1824 3676 qua
1849 3606 2010 3676 paulo
2048 3623 2142 3663 su-

566 3692 755 3761 perius
778 3692 1050 3748 diximus.

640 3780 802 3835 Vens.
839 3782 893 3836 8.
922 3780 1286 3849 Conﬁteantur
1312 3784 1534 3840 Domino
1564 3785 1945 3842 misericordiw
2000 3790 2138 3858 ejus.

563 3872 927 3938 Annuntient,
956 3875 1159 3944 inquit,
1195 3876 1609 3932 misericordias
1641 3875 1733 3931 Dei
1767 3894 1894 3949 erga
1912 3895 1990 3934 se.

556 3944 563 3957 Χ
624 3962 707 4017 Et
737 3965 1009 4019 mirabilia
1038 3965 1154 4034 ejus
1178 3966 1310 4035 ﬁliis
1332 3968 1624 4023 hominum.
1651 3969 1719 4023 Et
1760 3944 2009 4037 narrent,
2056 3973 2134 4025 in-

563 4057 707 4125 quit,
761 4055 888 4110 tiliis
952 4056 1237 4112 hominum
1297 4061 1353 4114 id
1408 4061 1808 4125 nescientibus,
1858 4062 2132 4117 mirabilia

564 4144 658 4198 Dei
691 4160 856 4215 opera
890 4146 943 4200 in
981 4160 1102 4211 eos,
1140 4163 1236 4203 seu
1265 4158 1489 4219 propter
1528 4166 1624 4207 eos
1656 4150 1825 4205 facta.

640 4234 804 4293 Vens.
836 4239 892 4294 9.
936 4238 1078 4304 Quia
1106 4243 1324 4296 satiavit
1348 4243 1587 4297 animam
1633 4245 1863 4298 inanem.
1921 4243 2137 4301 Vacuas

566 4342 631 4381 ac
661 4330 968 4385 esurientes
987 4331 1201 4386 animas
1225 4333 1410 4387 divino
1434 4348 1575 4404 pane
1606 4334 1852 4404 implevit
1897 4342 2139 4406 potuque

568 4417 787 4473 viviﬁco
821 4434 837 4472 :
879 4420 1192 4489 evangelica
1228 4422 1484 4476 nimirum
1511 4423 1783 4477 doctrina.

644 4508 714 4561 Et
744 4510 980 4563 animam
1013 4511 1330 4566 esurientem
1357 4512 1575 4566 satiavit
1632 4512 1803 4570 bonis.
1849 4515 1995 4572 Idem
2057 4532 2143 4571 rc-

570 4600 706 4667 petit
733 4601 857 4654 aliis
889 4601 1093 4657 verbis.

637 4711 805 4765 Vens.
835 4712 925 4767 10.
952 4712 1203 4768 Sedentes
1254 4714 1308 4767 in
1351 4715 1578 4770 tenebris
1613 4729 1661 4772 et
1692 4718 1880 4774 umbra
1933 4723 2140 4776 mortis.

567 4800 684 4857 Hoc
712 4810 795 4856 est
823 4804 877 4856 in
910 4804 1154 4858 tenebris
1182 4805 1409 4860 erroris.
1463 4806 1632 4861 Error
1682 4810 1885 4864 etenim
1945 4812 2136 4864 umbra

566 4900 671 4955 est,
698 4903 864 4963 atque
896 4895 1076 4963 imago
1108 4910 1387 4964 corporea:
1414 4897 1577 4968 hujus
1627 4902 1846 4963 mortis,
1914 4900 2044 4954 dum
2100 4915 2130 4953 a

567 5000 691 5040 vera
719 5000 783 5039 ac
812 4995 1075 5055 perpetua
1098 4986 1311 5042 ccelesti
1334 4988 1446 5042 vita
1476 5004 1575 5044 nos
1601 4998 1840 5061 separat,
1865 4991 2131 5061 quemad-

569 5076 789 5131 modum
823 5076 912 5131 illa
938 5091 968 5129 a
1008 5079 1287 5145 praesenti.

651 5166 862 5221 Vinctos
896 5167 948 5221 in
981 5168 1312 5223 mendicitate
1347 5180 1397 5224 et
1437 5170 1601 5239 ferro.
1646 5172 1705 5227 In
1763 5173 2132 5238 mendicitate,

581 5257 684 5310 hoc
708 5266 813 5321 est,
841 5257 1020 5327 inopia
1047 5257 1309 5313 virtutum
1334 5260 1389 5314 in
1422 5260 1547 5315 l'orti
1577 5250 1837 5333 praeterea
1871 5279 1935 5319 ac
1984 5265 2136 5334 gravi

590 5355 779 5401 catena
803 5358 1149 5417 peccatorum
1175 5366 1188 5402 :
1218 5348 1431 5406 Catenis
1458 5353 1626 5415 enim,
1662 5354 1859 5423 inquit,
1896 5363 2137 5422 peccato-

579 5454 695 5491 rum
718 5454 933 5493 suorum
968 5442 1327 5510 unusquisque
1357 5444 1758 5513 constringitur.

644 5525 804 5583 Vens.
836 5530 923 5582 il.
949 5528 1088 5593 Quia
1111 5532 1551 5587 exacerbaverunt
1600 5534 1806 5605 eloquia
1855 5534 1972 5591 Dei.
2022 5534 2138 5591 Hoc

650 5704 692 5733 ⁶⁰
732 5702 875 5756 Ρ5.ι1.
914 5717 1070 5767 xvnl,
1101 5700 1156 5756 ὅ.

2240 1882 2334 1935 καὶ⁵
2352 1883 2409 1935 αἱ
2432 1881 2646 1952 ἀρεταί.

2310 1974 2639 2038 Πεινῶντες
2672 1972 2771 2028 καὶ
2812 1973 3127 2041 ὄιψωντες.
3220 1974 3373 2027 Ησαν
3406 1972 3672 2043 δηλονοτι⁶
3718 1975 3826 2027 οὐκ

2239 2064 2383 2137 εἶχον
2416 2067 2526 2138 γὰρ
2566 2066 2903 2134 θεογνωσίαν
2926 2066 2959 2135 ἢ
2985 2064 3344 2118 διδασκαλίαν
3376 2063 3687 2135 τρέφουσαν
3725 2066 3824 2118 καὶ

2241 2160 2573 2225 ποτίζουσαν
2604 2160 2807 2231 ψυχάς.

2322 2346 2392 2399 Ἡ
2435 2341 2606 2412 ψυχὴ
2636 2341 2834 2396 αὐτῶν
2853 2342 2923 2395 ἐν
2948 2339 3155 2407 αὐτοῖς
3177 2340 3479 2407 ἐξέλιπεν.
3527 2338 3614 2395 Ἑν
3632 2341 3816 2413 ἀμαρο

2239 2441 2331 2511 τίᾳ
2367 2439 2689 2511 κατετρίόη,
2720 2435 3079 2507 ἐξησθένησε.

2310 2620 2419 2674 Καὶ
2448 2618 2788 2687 ἐκέκραξαν
2817 2617 2971 2686 πρὸς
3003 2617 3227 2687 Κύριον
3270 2617 3342 2671 ἐν
3363 2610 3445 2683 τῷ
3506 2617 3813 2672 θλίϐεσθαι

2240 2714 2485 2778 αὐτούς.
2513 2710 2857 2782 Ἐκέκραξαν
2881 2712 2930 2763 οί
2964 2711 3244 2780 προφῆται
3274 2707 3417 2779 ὑπὲρ
3462 2707 3666 2772 αὐτῶν,
3717 2710 3814 2763 καὶ

2240 2807 2293 2861 oi
2321 2806 2456 2861 θεῖοι
2488 2805 2737 2875 ἄγγελοι,
2766 2804 2817 2857 oi
2845 2802 3249 2874 προεστηκότες
3276 2801 3387 2855 liv
3424 2801 3619 2857 ἐθνῶν.

2315 3066 2424 3122 Kal
2452 3065 2522 3120 ἐκ
2561 3065 2681 3119 τῶν
2718 3060 3002 3134 ἀναγκῶν
3030 3060 3228 3117 αὐτῶν
3250 3056 3544 3130 ἐρῤὐσατο
3568 3054 3809 3123 αὐτούς.

2168 3147 2212 3206 ο
2256 3161 2353 3215 Ἐκ
2383 3158 2493 3212 τῶν
2525 3155 2861 3225 τυραννίδων
2882 3153 2992 3207 τῶν
3017 3153 3313 3223 δαιμόνων.

2314 3254 2423 3307 Kal
2479 3250 2798 3321 ὡδήγησεν
2835 3246 3058 3312 αὐτοὺς
3093 3249 3181 3311 εἰς
3208 3245 3353 3300 ὁδὸν
3384 3242 3644 3299 εὐθεῖαν.
3701 3240 3812 3309 Τὴν

2244 3345 2553 3413 ἀνάγουσαν
2580 3344 2715 3412 πρὸς
2753 3341 2846 3395 τὸν
2884 3338 3139 3409 οὐρανὸν,
3172 3338 3241 3408 ἢν
3263 3336 3531 3406 πρότερον
3564 3335 3665 3403 οὐχ
3724 3326 3812 3386 εὖ-

2247 3451 2335 3504 ρον
2365 3436 2422 3487 ὲν
2457 3434 2635 3504 πλάνῃ
2663 3432 2943 3501 διάγοντες
2963 3446 2978 3461 °
3010 3428 3441 3502 ὲνανθρωπήσας
3472 3429 3583 3497 γὰρ
3637 3427 3808 3479 ἐδίῦαο

2244 3527 2333 3594 ξεν
2366 3526 2563 3589 αὐτοὺς
2592 3526 2695 3595 τὴν
2724 3524 3003 3595 ἀλήθειαν.

2319 3621 2430 3675 Τοῦ
2459 3618 2825 3687 πορευθῆναι
2854 3621 2942 3683 είς
2962 3620 3145 3671 πόλιν
3177 3612 3653 3683 κατοικήτηριον.
3677 3613 3806 3681 Περὶ

2241 3704 2303 3765 οὗ
2334 3712 2529 3782 μικρὸν
2556 3711 2814 3780 ἀνωτέρω
2843 3708 3186 3779 διελάὸομεν.

2325 3799 3040 3869 Ἑξομολογησάσθωσαν
3082 3795 3163 3861 τῷ
3200 3796 3394 3865 Κυρίῳ
3426 3797 3497 3850 τὰ
3531 3798 3676 3864 enen
3705 3800 3802 3849 ao-

2244 3893 2373 3945 τοῦ.
2426 3891 2987 3960 Ἐξαγορευσάτωσαν
3018 3888 3088 3942 τὰ
3110 3890 3190 3951 είς
3225 3888 3422 3950 αὐτοὺς
3462 3886 3586 3957 ὲλέη
3624 3887 3797 3940 αὐτοῦ.

2315 3982 2423 4037 Kal
2444 3983 2514 4036 τὰ
2546 3982 2852 4051 θαυμάσια
2876 3980 3063 4035 αὐτοῦ
3117 3979 3241 4045 τοῖς
3269 3979 3420 4043 υἱοῖς
3451 3978 3569 4031 τῶν
3592 3980 3805 4044 artific-

2243 4093 2398 4128 πων.
2428 4075 2507 4127 Τὰ
2531 4078 2611 4138 εἰς
2639 4075 2838 4136 αὐτοὺς
2868 4073 2899 4144 ἢ
2930 4073 2998 4125 δι’
3017 4072 3214 4135 αὐτοὺς
3236 4071 3520 4140 θαυμάσια
3543 4070 3804 4139 διηγησὰο

2243 4166 2462 4218 σθωσαν
2494 4167 2609 4227 τοῖς
2631 4163 2920 4232 ἀγνοοῦσιν
2953 4161 3118 4216 αὑτά.

2313 4256 2442 4308 Ὀτι
2476 4255 2769 4323 ἐχόρτασε
2801 4252 3015 4322 ψυχὴν
3048 4250 3259 4318 κενήν.
3281 4253 3473 4322 Ψυχὰς
3543 4250 3805 4310 ’κεινώσας

2242 4348 2509 4418 ἐνέπλησε
2534 4346 2681 4399 Θείου
2708 4347 2874 4418 ἄρτου
2894 4346 2989 4400 καὶ
3016 4345 3260 4415 πόματος
3294 4343 3615 4416 ζωηῤῥύτου
3632 4360 3648 4374 ·
3670 4344 3808 4411 λέγω

2241 4434 2307 4505 δὴ
2341 4435 2442 4504 τῆς
2486 4434 2854 4503 εὐαγγελικῆς
2907 4432 3278 4516 διδασκαλίας.

2317 4526 2426 4579 Kal
2452 4523 2665 4593 ψυχὴν
2717 4522 3029 4600 πεινῶσαν
3052 4521 3397 4589 ἐνέπλησεν
3429 4520 3690 4589 ἀγαθῶν.
3741 4521 3806 4571 Τὸ

2244 4619 2380 4671 αὐτὸ
2412 4619 2561 4685 λέγει
2601 4616 2785 4671 πάλιν.

2317 4710 2703 4777 Καθημένους
2754 4708 2827 4761 ἐν
2853 4707 3059 4761 σκότει
3087 4707 3181 4759 καὶ
3215 4703 3359 4774 σκιᾷ
3387 4704 3670 4759 θανάτου.
3725 4703 3804 4754 Ἐν

2247 4802 2432 4855 σκότει
2464 4801 2697 4870 πλάνης,
2749 4800 2874 4869 ἥτις
2910 4802 3058 4853 ἐστὶν
3120 4800 3282 4851 εἰκὼν
3346 4797 3603 4861 Θανάτου,
3649 4796 3803 4866 χωρί-

2247 4888 2416 4949 ζουσα
2441 4887 2538 4956 τῆς
2569 4886 2835 4957 ἀληθινῆς
2862 4886 3031 4957 ζωῆς,
3060 4888 3138 4950 ὡς
3169 4888 3197 4938 ὁ
3232 4886 3465 4949 Θανάτος
3488 4889 3589 4955 τῆς
3614 4884 3805 4955 παρού-

2246 4992 2366 5044 σης.

2315 5161 2778 5231 Πεπεδημένους
2842 5161 2911 5214 ἐν
2977 5160 3242 5228 πτωχείᾳ
3279 5157 3380 5212 καὶ
3426 5155 3676 5226 σιδήρῳ.
3726 5157 3808 5209 Ἐν

2246 5253 2490 5324 πτωχείᾳ
2549 5252 2782 5323 ἀρετῶν,
2825 5253 2921 5305 καὶ
2981 5250 3149 5321 κλοιῷ
3217 5249 3424 5322 ἰσχυρῷ
3508 5250 3603 5301 καὶ
3659 5248 3810 5317 βαρεῖ

2248 5346 2473 5416 ἀμαρτη
2483 5346 2690 5412 μάτων.
2746 5344 2977 5414 Σειραῒς
3001 5344 3133 5415 γὰρ,
3155 5343 3342 5413 φησὶν,
3367 5342 3637 5407 ἕκαστος
3677 5341 3810 5393 ἐαυ-

2253 5439 2375 5495 τῶν
2410 5438 2850 5510 ἁμαρτημάτων
2878 5438 3355 5505 περισφίγγεται.

2322 5533 2453 5585 Ὀτι
2497 5530 2948 5600 παρεπίκραναν
2984 5526 3055 5581 τὰ
3084 5529 3257 5596 λόγια
3292 5525 3400 5580 τοῦ
3429 5524 3596 5578 Θεοῦ.
3658 5524 3812 5575 Ἰῐτοι
