4102 6206
432 283 561 346 1061

1559 287 1950 347 (ΖΟΜΜΕΝΤ.
1995 286 2074 345 ΙΝ
2109 290 2238 349 PSA
2255 293 2466 354 LMOS.

3531 304 3665 368 1062

424 409 515 461 τὸν
552 405 778 472 λέγοντα
832 408 959 476 περὶ
993 409 1088 476 τῆς
1147 406 1418 478 σωτηρίας
1445 406 1626 459 αὑτῶν
1686 405 1824 457 Θεόν
1862 424 1874 435 ·
1903 401 1993 455 λέ-

2100 417 2207 467 est,
2239 407 2405 463 lleum
2440 411 2618 481 ipsum
2655 414 2969 483 loquentem
2999 417 3065 470 de
3095 432 3278 470 eorum
3325 416 3521 484 salute,
3587 428 3667 475 1(-

426 516 589 567 γοντα
640 497 694 550 δὲ
718 499 805 550 διὰ
875 497 968 550 τοῦ
1024 497 1268 566 ἐμφύτου
1332 498 1490 564 λόγου
1560 500 1723 551 πᾶσιν
1784 496 1995 565 ἀνθρώ-

426 605 573 651 ποις,
642 588 738 640 καὶ
769 587 935 657 νόμου
988 588 1082 640 τοῦ
1111 588 1355 650 δοθέντος
1401 588 1695 651 Ἰουδαίοις,
1731 588 1826 639 καὶ
1858 604 1992 656 προ-

428 677 630 747 φητῶν,
689 680 781 731 καὶ
834 678 1185 750 εὐεργεσιῶν,
1249 680 1342 731 καὶ
1398 679 1661 740 ἀπειλῶν,
1700 680 1795 732 καὶ
1852 680 1993 748 πλη-

427 770 561 839 γῶν,
602 771 699 822 καὶ
729 770 959 837 λοιπῶν,
1015 770 1105 838 ὑφ’
1154 764 1229 823 ὧν
1282 772 1605 841 ὲκτριὸἦναι
1640 771 1741 841 τὴν
1795 772 1995 824 κακίαν

426 864 488 915 τὸ
534 862 976 932 σπουδαζόμενον
1034 857 1124 931 ἦν,
1184 861 1259 925 ὼς
1298 864 1325 914 ό
1370 861 1632 930 Θεολόγος
1668 863 1804 933 φησι
1852 864 1994 933 Γρη-

425 954 633 1024 γόριος.

496 1046 608 1101 Kal
666 1048 782 1113 τὴν
829 1046 1076 1113 ,ϐουλὴν
1102 1045 1208 1099 τοῦ
1270 1045 1563 1112 Ὑψίστου
1605 1046 1989 1112 παρώξγναν.

430 1140 636 1208 Ἥγουν
695 1139 786 1191 τὸν
818 1138 1140 1209 βουλόμενον
1164 1136 1262 1207 τὴν
1291 1137 1570 1207 σωτηρίαν
1602 1138 1784 1190 αὐτῶν
1832 1138 1993 1206 ’Υψι-

430 1247 593 1285 στονο
636 1230 794 1297 λόγια
836 1230 946 1300 γὰρ
1009 1228 1146 1281 Θεοῦ
1179 1228 1271 1282 τὸν
1301 1228 1453 1293 Θεὸν,
1518 1231 1658 1282 κατὰ
1719 1231 1993 1300 περίφρα-

429 1337 534 1383 σιν,
567 1320 661 1372 καὶ
686 1319 881 1390 βουλὴν
906 1318 1163 1389 Ὑψίστου
1211 1321 1304 1372 τὸν
1331 1319 1595 1388 ’Υψιστον
1620 1319 1855 1373 ἐνταῦθα
1884 1319 1992 1390 χρὴ

427 1415 589 1464 νοεῖν.
1252 1460 1257 1463 ,

496 1502 602 1555 Καὶ
654 1500 1017 1568 ἐταπεινώθη
1074 1501 1143 1553 ἐν
1184 1501 1397 1566 κόποις
1440 1502 1478 1568 ἡ
1514 1501 1726 1567 καρδία
1770 1501 1987 1558 αὐτῶν.

437 1592 911 1663 Ἐταλαιπώρησεν
930 1594 962 1664 ἡ
983 1592 1131 1663 ψυχὴ
1166 1593 1350 1646 αὐτῶν
1393 1597 1450 1648 ἐν
1470 1595 1657 1658 κόποις
1690 1597 1786 1666 τῆς
1804 1598 1990 1667 ἁμαρ-

422 1702 562 1748 τιας.

509 1736 904 1841 ’ᾖσθένησαη
932 1778 1029 1828 καὶ
1066 1776 1177 1828 οὐκ
1214 1770 1293 1844 ἦν
1311 1777 1343 1827 ὁ
1360 1775 1625 1842 βοηθῶν.
1644 1776 1701 1827 '0
1726 1776 1989 1846 ῥυόμενος
2021 1736 2064 1790 Β

418 1868 619 1929 αὐτοὺς
659 1869 758 1931 τῆς
787 1867 1095 1935 τυραννίδος
1133 1866 1228 1919 τοῦ
1256 1866 1527 1920 διαὸόλου.

494 1956 603 2009 Kal
633 1956 960 2025 ἐκέκραξαν
981 1957 1132 2024 πρὸς
1162 1958 1401 2025 Κύριον,
1431 1956 1501 2010 ἐν
1551 1955 1631 2021 τῷ
1684 1959 1990 2012 θλίϐεσθαι

423 2047 664 2112 αὐτοὺς,
728 2048 824 2100 καὶ
864 2048 933 2101 ἐκ
988 2046 1110 2101 τῶν
1171 2047 1454 2115 ἀναγκῶν
1498 2046 1696 2100 αὐτῶν
1755 2047 1993 2101 ἔσωσεν

419 2138 664 2201 αὐτούς.
700 2138 929 2207 Εἴρηται
958 2138 1089 2209 περὶ
1143 2139 1349 2192 τούτων
1387 2139 1664 2209 ἀνωτέρω.
1721 2139 1993 2207 Τετράκις

424 2231 533 2299 γὰρ
564 2231 622 2283 ὲν
639 2228 743 2299 ὅλῳ
765 2230 840 2300 τῷ
872 2228 1072 2299 ψαλμῷ
1110 2227 1283 2282 ταῦτα
1315 2227 1578 2295 τέθεικεν,
1619 2228 1899 2297 ἐμφαίνων
1931 2227 1993 2280 τὸ

427 2318 656 2389 μέγεθος
676 2318 777 2389 τῆς
803 2319 1146 2390 εὐεργεσίας.
1558 2340 1561 2341 ν

494 2502 604 2555 Kal
638 2502 934 2572 ἐξήγαγεν
977 2503 1199 2570 αὐτοὺς
1239 2504 1306 2558 ἐκ
1360 2506 1620 2570 σκότους
1674 2504 1771 2558 καὶ
1815 2520 1993 2570 cuiae

425 2595 705 2652 θανάτου.
740 2596 965 2668 Εἴρηται
997 2596 1126 2668 περὶ
1164 2596 1260 2650 τοῦ
1292 2598 1519 2659 σκότους
1557 2597 1654 2649 καὶ
1685 2597 1783 2665 τῆς
1834 2599 1993 2658 σκιᾶς

425 2686 517 2739 τοῦ
549 2685 798 2743 θανάτου.

496 2779 604 2833 Kal
636 2779 776 2846 τοὺς
806 2778 1069 2848 δεσμοὺς
1118 2777 1318 2833 αὐτῶν
1343 2779 1674 2848 διέρῤηξεν.
1742 2781 1883 2845 Τοὺς
1908 2782 1994 2836 δε-

428 2874 598 2943 σμοὺς
619 2872 716 2943 τῆς
740 2873 1036 2944 ἁμαρτίας,
1058 2872 1149 2936 οὓς
1181 2874 1446 2927 ὲπέὸαλεν
1471 2874 1652 2937 αὐτοῖς
1671 2876 1699 2927 ό
1720 2874 1989 2941 διάϐολος,

425 2968 550 3028 τοὺς
590 2967 821 3034 δεσμοὺς
845 2966 943 3037 τῆς
962 2964 1205 3028 δουλείας
1237 2965 1347 3019 τῶν
1375 2965 1669 3034 δαιμόνων.

2097 509 2377 564 quentem,
2413 501 2657 571 inquam,
2690 520 2787 573 per
2813 520 2934 559 eam
2958 508 3251 570 rationem,
3311 524 3434 578 quae
3488 514 3667 565 omni-

2099 589 2201 645 bus
2235 592 2545 649 hominibus
2583 595 2747 650 insita
2771 608 2853 650 est
2889 616 2901 650 :
2942 600 3025 652 vel
3082 614 3175 668 per
3225 599 3397 668 legem
3457 604 3662 669 datam,

2097 699 2191 750 per
2230 685 2554 753 prophetas,
2591 704 2685 755 per
2720 689 3000 753 benelicia,
3035 706 3133 759 per
3162 692 3364 756 minas,
3398 710 3493 762 per
3554 700 3667 762 pl:-

2095 789 2213 842 gas,
2241 782 2296 829 et
2327 790 2421 840 per
2448 785 2642 830 caetera
2676 778 2882 841 omnia,
2914 780 3131 845 quibus,
3196 791 3256 833 ut
3310 782 3488 851 inquit
3532 782 3669 837 Gri-

2095 866 2279 931 gorius
2302 862 2638 935 Theoloqus,
2670 869 2882 923 studuit
2916 870 3195 924 Deusvitia
3220 872 3498 928 hominum
3526 890 3662 930 con-

2095 966 2295 1011 terere.

2168 1046 2233 1101 Et
2267 1050 2544 1103 consilium
2574 1050 2835 1105 Allissimi
2866 1054 3223 1108 irritaverant.
3245 1056 3428 1125 Ipsum
3454 1059 3665 1113 scilicet.

2103 1137 2479 1205 Altissimum,
2513 1156 2704 1195 eorum
2742 1144 2903 1198 saluti
2951 1148 3353 1210 consulentem,
3386 1163 3482 1216 per
3547 1152 3663 1204 elo.

2093 1226 2223 1295 quia
2254 1228 2398 1280 enim
2436 1230 2551 1295 Dei,
2597 1233 2779 1300 et'per
2821 1236 3107 1290 consilium
3151 1237 3443 1305 Altissimi,
3491 1242 3660 1295 Deum

2093 1315 2274 1386 ipsum
2304 1319 2786 1389 circutnlotlnitur.

2166 1498 2327 1553 Vens.
2361 1498 2445 1552 1‘2.
2482 1497 2545 1549 Et
2579 1498 2914 1552 liumiliatum
2941 1511 3017 1553 est
3048 1504 3100 1555 in
3122 1504 3393 1559 laboribus
3415 1523 3505 1559 cor
3571 1525 3662 1559 eo-

2094 1607 2231 1645 rum.
2266 1589 2483 1645 Alﬂicta
2520 1601 2603 1647 est
2631 1592 2866 1646 miseriis
2935 1594 3115 1647 anima
3171 1612 3358 1649 eorum
3410 1599 3464 1651 in
3509 1599 3663 1653 malis

2093 1690 2145 1734 et
2182 1682 2440 1749 peccatis.

2165 1769 2437 1838 In/irntati
2490 1781 2635 1832 sunt,
2672 1781 2722 1825 et
2758 1790 2857 1826 non
2893 1783 3031 1836 erat,
3088 1775 3178 1842 qui
3226 1777 3523 1843 adjuvaret.
3556 1780 3656 1844 Qui

2095 1866 2328 1928 eriperet
2362 1878 2456 1916 eos
2484 1879 2513 1916 a
2546 1864 2829 1934 tyrannide
2852 1865 3072 1919 diaboli.

2174 1951 2333 2008 Vens.
2376 1955 2461 2007 15.
2511 1954 2575 2007 Et
2605 1956 2969 2008 clamauerunt
3000 1960 3069 2009 ad
3100 1958 3379 2011 Dominum
3413 1976 3527 2013 cum
3560 1962 3658 2013 tri-

2096 2045 2407 2098 bularentur
2437 2058 2485 2097 et
2516 2048 2577 2099 de
2616 2048 3015 2100 necessitatibus
3052 2066 3234 2103 eorum
3280 2052 3503 2104 salvarit
3548 2070 3657 2107 cos.

2096 2132 2219 2187 Haec
2236 2135 2421 2199 verba,
2439 2137 2632 2205 quibus
2656 2138 2921 2207 Propheta
2946 2139 3251 2193 divinorum
3276 2142 3658 2197 brneﬁciornm

2095 2226 2529 2295 magnitudinem
2597 2233 2904 2299 exprimere
2967 2242 3245 2302 satagens,
3301 2236 3355 2285 in
3407 2238 3662 2302 praesenti

2094 2321 2309 2390 psalmo
2340 2324 2562 2390 saepius,
2599 2323 2700 2377 hoc
2726 2334 2830 2388 est,
2866 2334 3060 2395 quater
3094 2328 3307 2393 repetit,
3341 2328 3452 2395 jam
3486 2343 3516 2380 a
3560 2345 3660 2382 uo-

2096 2412 2178 2467 bis
2210 2416 2465 2483 superius
2493 2418 2735 2485 exposita
2770 2426 2919 2472 sunt.

2170 2502 2334 2559 Vens.
2379 2506 2466 2558 14.
2511 2505 2579 2559 Et
2612 2508 2797 2560 eduxit
2831 2524 2917 2561 eos
2971 2524 3035 2562 ae
3084 2510 3334 2574 tenebris,
3389 2523 3437 2564 et
3474 2513 3660 2566 umbra

2096 2595 2305 2648 mortis.
2360 2596 2539 2666 Atque
2597 2597 2712 2650 haec
2746 2599 2909 2652 verba
2963 2599 3127 2653 etiam
3184 2602 3443 2669 superius
3492 2619 3663 2673 expo-

2095 2700 2334 2741 8111111118.

2166 2776 2237 2830 Ει
2266 2778 2481 2831 vincula
2507 2794 2689 2831 eorum
2730 2779 2951 2848 dirupit.
2981 2779 3209 2835 Vincula
3238 2784 3493 2841 videlicet
3530 2803 3659 2856 pec-

2093 2866 2228 2932 cati,
2272 2867 2477 2935 quibus
2523 2868 2738 2923 dannon
2790 2884 2885 2924 eos
2949 2871 3272 2938 involverat,
3324 2876 3405 2929 vel
3446 2877 3663 2932 vincula

2096 2958 2381 3014 servitutis
2405 2960 2738 3018 daemonum.

511 3056 1205 3126 Ἑξομολογησὰσθωσαν
1236 3056 1315 3122 τῷ
1342 3057 1538 3126 Κυρίῳ
1572 3057 1644 3110 τὰ
1692 3058 1834 3126 ἐλέη
1882 3061 1984 3115 αὐ·

2169 3048 2335 3105 Vsns.
2394 3051 2483 3105 15.
2545 3051 2907 3119 Conﬁteantur
2988 3055 3218 3110 Domino
3286 3060 3663 3114 misericordia:

424 3149 550 3212 τοῦ,
578 3150 677 3203 καὶ
710 3150 778 3203 τὰ
816 3149 1117 3218 θαυμάσια
1145 3149 1332 3204 αὐτοῦ
1380 3149 1505 3215 τοῖς
1537 3149 1691 3216 υἱοῖς
1721 3150 1839 3204 τῶν
1888 3154 1995 3207 ἀν-

422 3239 691 3308 θρώπων.
772 3241 1006 3313 Ἐρῤήθη
1050 3241 1143 3294 καὶ
1184 3244 1312 3312 περὶ
1351 3241 1558 3296 τούτων
1587 3261 1599 3273 ·
1647 3243 1851 3313 ὁμοίως
1886 3245 1996 3316 γὰρ

426 3332 676 3403 τετράκις
709 3334 767 3387 ὲν
829 3334 936 3403 ὅλῳ
979 3333 1059 3403 τῷ
1101 3332 1301 3405 ψαλμῷ
1352 3333 1445 3388 καὶ
1494 3334 1666 3389 ταῦτα
1723 3335 1993 3402 τέθεικεν,

428 3424 716 3478 ἐπιτείνων
747 3424 847 3496 τὴν
877 3426 1252 3497 εὐχαριστίαν.

498 3608 628 3661 Ὀτι
689 3607 1012 3675 συνέτριψε
1066 3608 1265 3673 πύλας
1320 3609 1574 3677 χαλκᾶς.
1632 3610 1810 3672 Πύλας
1847 3612 1995 3679 ἰσχυ-

430 3701 566 3772 ρὰς,
624 3699 798 3762 πύλας
850 3701 1179 3770 ἀρρήκτους,
1245 3698 1345 3762 τὰς
1415 3700 1509 3753 τοῦ
1543 3700 1993 3770 ᾇδου’κατέλυσε

429 3795 534 3863 γὸρ
557 3792 727 3855 αὑτὰς
785 3792 902 3845 ἐκεῖ
950 3791 1249 3855 κατελθὼν,
1335 3792 1426 3844 καὶ
1483 3793 1580 3854 τὰς
1622 3791 1995 3860 κατεχομένας

426 3884 599 3955 ψυχὰς
630 3885 886 3956 ἐξήγαγε·

499 3980 607 4033 Kal
641 3980 911 4049 μοχλοὺς
957 3980 1123 4044 σιδηι
1139 3979 1247 4043 οῦς
1276 3975 1683 4032 συνέθλασεν.
1718 3976 1859 4039 Τοὺς
1888 3974 1994 4029 τῶν

427 4070 686 4124 τοιούτων
712 4071 894 4124 πυλῶν
916 4087 928 4100 ·
955 4068 1066 4125 εἷεν
1088 4069 1133 4123 δ’
1160 4073 1229 4125 ἂν
1280 4070 1448 4123 πύλαι
1479 4068 1609 4140 ᾇδου
1645 4070 1741 4122 καὶ
1796 4068 1994 4139 μοχλοὶ

428 4161 490 4216 τὸ
524 4162 766 4232 ἄφυκτον
787 4162 951 4216 αὑτοῦ
1014 4163 1108 4216 καὶ
1130 4161 1522 4227 ἁδιεξέλευτον.

511 4362 882 4433 Ἆγτελνάσετο
943 4362 1140 4419 αὐτῶν
1177 4362 1245 4429 ἐξ
1286 4362 1431 4418 ὀδοῦ
1472 4360 1727 4431 ἀνομίας
1774 4358 1993 4416 αὐτῶν.

433 4457 553 4508 Ἔτι
581 4456 872 4510 ὁδευόντων
895 4457 955 4509 ὲν
976 4455 1196 4526 ἀνομίᾳ.

791 4548 806 4574 \

499 4660 599 4713 Διά
625 4660 737 4729 γὰρ
765 4658 872 4726 τὰς
918 4658 1170 4729 ἀνομίας
1231 4657 1430 4713 αὐτῶν
1485 4658 1992 4727 ἐταπεινώθησαν.

427 4752 943 4824 Ἐταλαιπώρησαν,
967 4753 1061 4807 καὶ
1095 4752 1374 4824 ἐφάνησαν
1423 4752 1607 4815 ἐλέους
1641 4753 1735 4807 καὶ
1767 4751 1993 4822 ἀντιλή-

426 4845 572 4914 ψεως
607 4844 766 4910 ἄξιοι.

502 4958 630 5012 Πᾶν
670 4957 879 5026 ,ϐρῶμα
926 4957 1286 5022 ἐσδελύξατο
1340 4958 1378 5025 ἠ
1407 4957 1579 5027 ψυχὴ
1625 4959 1842 5012 αὐτῶν.
1878 4959 1993 5011 Πᾶν

433 5049 629 5120 βρῶμα
684 5052 934 5121 ψυχικὸν,
979 5051 1221 5120 λογικὸν,
1257 5052 1641 5106 διδασκαλικόν
1667 5067 1681 5082 ⁶
1714 5050 1783 5103 δι’
1820 5052 1993 5121 ὑπερ-

431 5140 592 5210 ϐολὴν
625 5140 905 5211 καχεξίας.
966 5141 1076 5193 Καὶ
1117 5142 1303 5205 αὐτοῖς
1355 5143 1463 5210 γὰρ
1502 5142 1614 5204 τοῖς
1656 5139 1991 5204 Ἑλληνικοῖς

431 5233 697 5302 δόγμασιν
754 5233 1212 5303 δυσηρεστοῦντο.

506 5433 611 5486 Kal
674 5433 936 5503 ἤγγισαν
981 5437 1091 5501 ἕως
1140 5437 1258 5490 τῶν
1321 5437 1531 5491 πυλῶν
1564 5438 1671 5492 τοῦ
1709 5436 1989 5492 θανάτου.

434 5522 539 5577 Τοῦ
558 5525 818 5594 ψυχικοῦ,
855 5528 950 5581 τοῦ
989 5529 1372 5599 παραδιδόντος
1397 5532 1516 5592 ταῖς
1561 5530 1796 5593 αἰωνίοις
1831 5531 1994 5584 κολά-

435 5630 573 5666 σεσι.
624 5615 809 5679 Ιιύλας
872 5618 929 5670 δὲ
981 5619 1213 5673 θανάτου
1266 5619 1413 5687 λέγει
1456 5620 1553 5683 τὰς
1621 5621 1865 5690 μεγάλας
1901 5621 1996 5674 καὶ

434 5703 676 5772 χαλεπὰς
701 5709 978 5779 ἁμαρτίας
1035 5711 1133 5774 τὰς
1201 5712 1528 5779 είσαγούσας
1584 5715 1664 5775 είς
1705 5714 1910 5767 αὐτόν·
1957 5715 1993 5778 ἢ

2096 3140 2235 3209 ejus,
2262 3150 2308 3194 et
2337 3142 2608 3196 mirabilia
2636 3146 2750 3212 ejus
2784 3144 2912 3210 ﬁliis
2962 3146 3250 3202 hominum.
3306 3150 3430 3205 llaec
3474 3153 3662 3217 verba,

2095 3250 2215 3305 qua:
2246 3244 2304 3289 ut
2349 3250 2663 3291 sermonem
2709 3238 2775 3293 de
2802 3240 3101 3309 gratiarum
3139 3244 3450 3298 actionibus
3481 3246 3664 3300 inten-

2094 3327 2310 3383 sionem
2349 3329 2625 3395 redderet,
2659 3331 2825 3385 simili
2881 3333 3041 3388 modo
3083 3350 3112 3388 a
3159 3334 3432 3404 Propheta
3469 3350 3661 3407 quater

2093 3420 2147 3474 in
2190 3419 2295 3474 hoc
2322 3422 2537 3489 psalmo
2564 3419 2631 3475 de
2663 3423 2933 3477 industria
2976 3434 3324 3493 repetuntur,
3367 3429 3527 3497 paulo
3563 3446 3663 3483 su-

2094 3514 2279 3582 perius
2306 3527 2336 3567 a
2368 3515 2528 3567 nobis
2560 3516 2695 3568 satis
2720 3514 2993 3568 declarata
3026 3522 3174 3570 sunt.
3526 3530 3529 3533 λ

2162 3604 2331 3659 Vens.
2374 3604 2462 3659 16.
2506 3605 2647 3668 Quia
2680 3606 2924 3658 contrivit
2957 3617 3138 3672 portas
3170 3623 3357 3661 (creas.
3397 3609 3663 3664 Occlusas

2094 3696 2188 3751 diu
2226 3696 2381 3758 olim,
2411 3704 2465 3749 et
2495 3695 2674 3749 valide
2716 3695 3035 3750 obﬁrmatas
3089 3697 3286 3751 inferni
3324 3703 3522 3766 januas
3579 3702 3663 3755 in-

2094 3785 2257 3857 fregit
2287 3786 2570 3849 Dominus,
2606 3788 2867 3854 quoniam
2919 3787 3050 3841 illuc
3084 3790 3424 3844 descendens
3452 3793 3662 3847 carceri

2096 3878 2475 3946 emancipatos
2507 3884 2694 3946 patres
2721 3877 2944 3946 eripuit.

2168 3968 2235 4021 Et
2269 3978 2432 4022 vectes
2466 3967 2665 4037 ferreos
2702 3967 2984 4037 confregit.
3018 3967 3237 4033 Vceles,
3271 3972 3522 4039 inquam,
3560 3971 3664 4025 lm-

2092 4063 2331 4134 jusmodi
2363 4071 2667 4134 portarum.
2698 4062 2803 4118 Per
2830 4071 3018 4133 portas
3054 4066 3219 4119 etiam
3248 4082 3441 4129 :ereas,
3481 4078 3535 4121 et
3566 4084 3663 4138 per

2097 4170 2277 4215 vectes
2335 4158 2547 4213 ferreos
2605 4157 2909 4226 intelligere
2967 4172 3265 4226 possumus
3338 4158 3662 4229 signiﬁcari,

2097 4266 2260 4321 quam
2321 4250 2543 4305 difﬁcile
2574 4257 2721 4303 esset
2747 4248 2981 4303 evadere
3018 4249 3138 4303 loca
3171 4249 3286 4303 illa.

2169 4363 2334 4420 Vens.
2379 4365 2466 4419 17.
2524 4364 2740 4431 Adjuvit
2773 4379 2860 4416 eos
2899 4362 2956 4415 in
2989 4364 3073 4417 cia
3113 4364 3413 4432 iniquitatis
3455 4379 3659 4420 eorum.

2095 4454 2211 4510 Hoc
2244 4462 2349 4519 est,
2388 4471 2510 4509 cum
2549 4456 2726 4507 adhuc
2773 4453 2828 4506 in
2883 4453 3091 4522 iniquis
3145 4468 3209 4508 ac
3250 4454 3428 4524 pravis
3472 4470 3662 4510 eorum

2095 4546 2357 4618 operibus
2387 4547 2787 4616 perseverando
2814 4545 3195 4615 procederent.

2171 4662 2395 4731 Propter
2440 4660 2753 4730 iniquitates
2808 4659 2946 4712 enim
3002 4675 3125 4713 suas
3177 4658 3447 4714 Itumiliati
3500 4622 3652 4716 sunt.

2096 4751 2262 4806 Valde
2297 4749 2443 4805 enim
2480 4748 2662 4802 aﬂlicti
2711 4757 2863 4809 sunt,
2898 4747 2968 4801 ob
2994 4747 3140 4815 quod
3201 4749 3575 4804 misericordia
3608 4760 3661 4805 et

2099 4840 2307 4895 auxilio
2333 4838 2519 4894 divino
2547 4837 2743 4907 dignos
2780 4852 2838 4891 se
2870 4837 3255 4892 ostenderunt.

2166 4956 2332 5012 Vens.
2376 4955 2459 5009 18.
2503 4952 2723 5007 Omnem
2782 4950 2955 5004 cibum
3005 4952 3314 5005 abominata
3366 4961 3444 5005 est
3480 4953 3664 5005 anima

2096 5064 2299 5104 eorum.
2331 5044 2584 5107 Omnem,
2621 5043 2868 5112 inquam,
2919 5041 3102 5096 cibum
3139 5043 3334 5096 animae
3366 5045 3662 5096 rationabi-

2098 5140 2199 5194 lem
2240 5145 2293 5191 et
2322 5150 2537 5190 omnem
2581 5133 2913 5189 doctrinam.
2951 5133 3100 5189 Adeo
3147 5132 3294 5187 en-im
3348 5131 3659 5200 depravatis

2097 5238 2251 5285 erant
2281 5227 2505 5305 animis,
2533 5236 2589 5281 ut
2621 5227 2736 5297 ipsa
2767 5227 2929 5282 etiam
2976 5225 3261 5285 gentilium
3295 5222 3475 5278 studia
3507 5222 3662 5279 fasti—

2097 5323 2293 5376 dirent.

2168 5436 2236 5489 Et
2262 5435 2752 5504 appropinquarunt
2782 5448 2944 5502 usque
2976 5432 3045 5485 ad
3075 5439 3257 5497 portas
3280 5431 3492 5486 mortis.
3518 5430 3666 5485 Mor-

2097 5538 2205 5583 tem
2235 5527 2430 5580 animae
2462 5524 2735 5593 intelligit,
2780 5538 2903 5591 quae
2929 5519 3204 5591 perpetuis
3234 5522 3519 5592 suppliciis
3560 5522 3662 5575 lio-

2100 5620 2297 5674 minem
2329 5616 2625 5673 obnoxium
2659 5613 2859 5669 reddit.
2899 5613 2999 5667 Per
3029 5624 3215 5683 portas
3239 5628 3418 5667 anzem
3449 5615 3661 5677 mortis,

2104 5727 2297 5783 magna
2354 5726 2417 5765 ac
2466 5707 2650 5778 gravia
2719 5715 2998 5774 nuncupat
3052 5704 3273 5766 delicta,
3330 5722 3445 5773 qur
3504 5700 3662 5758 morti
