4102 6206
478 280 619 346 1067

1670 271 2049 333 EU'l'llYMll
2087 269 2450 329 ZlGABENl

3583 269 3725 331 1068

548 392 711 446 Vens.
759 391 847 446 56,
896 387 959 439 Et
996 386 1267 441 collocarit
1298 388 1406 440 illic
1436 387 1749 441 esurientes.
1812 382 1915 437 Eos
1947 381 2040 451 qui

2222 384 2327 436 Kal
2369 382 2724 449 κατῴκησεν
2744 382 2868 435 ἐκεῖ
2918 379 3270 447 πεινῶντας.
3305 382 3443 444 Τοὺς
3476 382 3605 453 πρὶν
3632 386 3727 435 ὲν-

479 482 751 555 spirituali
792 481 915 534 cibo
949 479 1041 531 diu
1075 479 1205 532 olim
1238 488 1555 533 caruerant.

552 574 619 628 Et
655 572 921 626 constituit
946 571 1182 623 civitates
1208 570 1521 624 habitaculi.
1551 567 1932 632 llabitationis,
1966 567 2049 622 in-

480 682 668 737 quam,
698 663 1027 734 spiritualis.
1065 662 1326 731 lntelligit
1361 673 1547 719 autem
1603 659 1786 713 varias
1834 674 1897 713 ac
1930 674 2052 727 par-

484 758 745 813 ticularcs
785 754 1048 809 ecclesias
1100 753 1367 817 ﬁdelium,
1420 769 1539 821 qua:
1594 770 1687 822 per
1724 752 2043 806 universum

477 853 660 905 orbem
695 847 1016 900 constitutae
1065 854 1237 901 sunt:
1293 854 1400 899 tam
1439 856 1628 915 aperte
1679 843 1816 899 adeo
1860 842 2046 897 omnia

479 937 744 1007 prmdicit.

552 1030 715 1083 Vens.
759 1030 848 1083 57.
921 1028 983 1081 Et
1039 1028 1425 1082 seminaverunt
1478 1043 1657 1095 agros.
1712 1024 2050 1101 Evangelicm

478 1122 888 1192 praedicationis
924 1121 1130 1177 semine
1186 1122 1533 1174 seminaruut
1579 1119 1812 1187 apostoli
1868 1117 2048 1171 homi-

478 1233 606 1270 num
638 1218 876 1279 animas,
910 1228 1034 1283 qua:
1080 1221 1241 1266 antea
1284 1220 1534 1281 agrestes
1569 1217 1729 1265 erant
1766 1221 1933 1279 atque
1967 1210 2051 1263 in-

477 1310 661 1361 cultte.
1120 1370 1147 1379 ᾳ

557 1399 623 1451 Et
664 1398 1033 1464 plantaverttnl
1082 1397 1278 1450 vineas.
1318 1393 1530 1448 Rursus
1561 1406 1653 1461 per
1682 1391 1888 1455 vineas,
1928 1391 2050 1445 ani-

2153 476 2293 537 δεεῖς
2323 473 2580 543 βρώσεως
2618 474 3020 543 πνευματικῆς.

2226 565 2331 618 Καὶ
2368 562 2797 630 συνεστήσατο
2842 563 3050 628 πόλεις
3081 566 3479 630 κατοικεσίας.
3536 563 3732 628 Πόλεις

2154 659 2439 718 κατοικίας
2496 656 2878 726 πνευματικῆς
2900 675 2913 687 υ
2950 656 3097 724 λέγει
3127 656 3208 719 δὲ,
3236 660 3332 720 τὰς
3358 659 3499 710 κατὰ
3522 658 3732 721 τόπους

2166 748 2516 819 Ἦκκλησξας.
2550 747 2741 812 Οὕτως
2776 746 3024 820 ἐναργῶς
3055 748 3391 821 προφητεύει
3417 751 3617 803 πάντα.

2225 1014 2330 1068 Καὶ
2393 1015 2682 1080 ἔσπειραν
2744 1014 2984 1082 ἀγρούς.
3025 1014 3329 1081 Ἕσπειραν
3350 1013 3399 1064 οἱ
3433 1012 3737 1066 ἀπόστολοι

2151 1111 2246 1168 τὰς
2276 1106 2453 1176 ψυχὰς
2496 1107 2603 1160 τῶν
2643 1105 2949 1174 ἀνθρώπων
2973 1104 3049 1175 τῷ
3082 1104 3273 1175 σπόρῳ
3300 1103 3397 1156 τοῦ
3431 1104 3736 1175 κηρύγμα-

2150 1217 2261 1264 τος,
2287 1199 2633 1271 ἠγριωμένας
2672 1200 2959 1269 πρότερον.

2220 1378 2333 1435 Kal
2392 1379 2739 1448 ἐφύτευσαν
2781 1376 3127 1447 ἀμπελῶνα.
3182 1377 3295 1440 Τὰς
3347 1377 3526 1446 ψυχὰς
3570 1374 3739 1441 αὖθις

481 1506 597 1545 mas
637 1489 878 1543 tidelium
938 1486 1233 1558 intelligit,
1286 1483 1526 1540 ferentes
1579 1484 1843 1538 virtutum
1898 1498 2049 1538 race-

2161 1474 2344 1541 νόησον
2378 1470 2730 1541 ἀμπελῶνας,
2791 1469 3247 1541 καρποφορούσας
3292 1470 3521 1541 βότρυον
3594 1474 3738 1541 ἀρε-

480 1596 621 1635 IlIOS.

550 1676 619 1726 Et
653 1671 885 1740 fecerunt
916 1674 1145 1742 fructum
1167 1668 1442 1743 germinis.
1476 1667 1774 1732 Germinis,
1800 1668 2048 1738 inquam,

2150 1564 2283 1618 τῶν.

2230 1655 2336 1709 Καὶ
2370 1654 2667 1722 ἐποίησαν
2702 1656 2973 1723 καρποὺς
3003 1653 3401 1724 γεννήματος.
3450 1655 3743 1725 Γεννήματα

479 1727 717 1834 mystici,
780 1727 1003 1818 Christo
1067 1727 1297 1816 Domino
1353 1759 1521 1815 oblati
1580 1773 1816 1828 cumque
1879 1760 2052 1814 laetiti-

2161 1764 2244 1807 τος
2277 1745 2563 1814 μυστικοῦ.
2612 1748 3065 1819 προσφερομένου
3100 1746 3179 1817 τῷ
3206 1745 3452 1817 Δεσπότῃ
3481 1746 3729 1817 Χριστῷ,

480 1856 679 1911 cnntis.

550 1943 718 1999 Vsus.
759 1943 849 1998 58.
900 1944 969 1997 Et
1017 1943 1280 1998 benedixit
1313 1945 1411 1998 eis.
1460 1943 1549 1999 Ait
1592 1944 1741 2000 enim
1779 1942 1956 1997 Lucas
1986 1943 2052 1997 de

480 2034 769 2103 apostolis,
806 2033 949 2103 quod
983 2034 1244 2089 extollens
1290 2035 1541 2089 Dominus
1571 2051 1763 2088 manus
1796 2050 1923 2087 suas
1962 2035 2053 2087 be-

503 2127 704 2179 nedixit
733 2126 808 2180 eis
834 2126 898 2190 δ’,
940 2123 1290 2181 Manifestum
1322 2134 1408 2182 est
1433 2126 1623 2196 igitur,
1657 2126 1802 2195 quod
1836 2134 2055 2196 propter

492 2218 796 2286 apostolos,
826 2226 882 2272 et
907 2232 1100 2273 eorum
1131 2233 1487 2275 successores
1521 2218 1624 2282 hoc
1647 2218 1852 2273 dictant
1876 2229 1978 2275 est.

555 2308 623 2363 Et
657 2309 999 2377 multiplicati
1030 2319 1151 2363 sunt
1179 2310 1349 2364 valde.
1388 2309 1521 2364 Nam
1558 2298 1624 2365 ex
1658 2309 1973 2376 duodecim,
2002 2319 2056 2365 et

484 2403 831 2472 septuaginta
882 2401 1055 2467 viris,
1109 2402 1162 2455 in
1220 2402 1743 2458 numerosissimum
1791 2405 2053 2474 populum

486 2495 769 2565 propagati
801 2502 951 2550 sunt.

555 2583 624 2637 Et
664 2599 852 2651 pecora
881 2599 1064 2638 eorum
1104 2600 1207 2637 non
1236 2595 1359 2638 sunt
1396 2586 1683 2641 minorata.
1715 2586 1820 2641 Per
1853 2599 2053 2656 pecora

486 2692 581 2733 eos
627 2676 892 2747 intellige,
953 2678 1045 2747 qui
1096 2676 1238 2730 inter
1286 2677 1632 2734 Christianos
1682 2679 2053 2747 simpliciores

483 2776 632 2833 sunt,
669 2783 770 2824 nec
806 2778 915 2823 tam
950 2768 1142 2822 solerti
1178 2769 1400 2841 ingenio
1458 2779 1590 2825 sunt
1650 2771 1892 2838 pranliti.
1957 2768 2057 2823 Vel

486 2863 685 2919 aliter:
720 2877 915 2933 pecora
957 2862 1355 2931 apostolorum,
1389 2862 1646 2932 discipuli
1684 2878 1876 2917 eorum
1904 2872 2054 2927 sunt,

486 2959 579 3029 qui
642 2960 816 3015 instar
848 2973 1133 3030 pecorum,
1188 2972 1285 3013 eos
1340 2966 1670 3027 sequuntur,
1725 2974 2057 3029 quocunque

2156 1842 2251 1895 καὶ
2277 1839 2463 1895 τοῦτον
2498 1842 2907 1909 εὑτρραίνοντας.

2224 1932 2335 1987 Kal
2364 1932 2703 2001 εὐλόγησεν
2734 1931 3129 2001 αὐτούς.Φησὶ
3161 1931 3269 1999 γὰρ
3299 1931 3329 1983 ό
3354 1932 3570 1992 Λουκᾶς
3596 1930 3735 1999 περὶ

2154 2025 2265 2076 τῶν
2299 2024 2639 2089 ἀποστόλων,
2680 2024 2781 2088 ὅτι,
2842 2024 3096 2090 Ἐπὰριις
3122 2022 3226 2088 τὰς
3267 2022 3471 2091 χεῖρας
3514 2022 3731 2089 αὑτοῦ,

2155 2117 2495 2185 εὐλόγησεν
2525 2118 2766 2180 αὐτούς’
2796 2114 2955 2186 δῆλον
2985 2114 3042 2168 δὲ
3066 2117 3143 2169 ὅτι
3178 2116 3246 2169 δι’
3280 2116 3463 2169 αὐτῶν
3493 2116 3602 2185 ἄρα
3632 2116 3734 2168 καὶ

2154 2210 2281 2273 τοὺς
2308 2209 2588 2278 διαδόχους
2614 2210 2713 2279 τῆς
2736 2208 2976 2269 πίστεως
3026 2208 3229 2262 αὐτῶν.

2226 2303 2830 2369 Κιιὶέπληθύνθησαν
2861 2302 3121 2370 σφόδρα.
3180 2301 3316 2354 Ἀπὸ
3362 2300 3574 2354 δώδεκα
3622 2300 3735 2370 γὰρ

2157 2402 2254 2451 καὶ
2283 2395 2679 2465 ἑϐδομήκοντα,
2715 2396 2793 2457 εἰς
2837 2394 3250 2465 ἀναριθμήτους
3276 2394 3544 2464 μυριάδας
3572 2394 3737 2464 ὲξήν.

2157 2488 2352 2557 θησαν.

2227 2582 2335 2635 Kal
2363 2582 2435 2635 τὰ
2474 2581 2665 2649 κτήνη
2700 2581 2921 2649 αὐτῶν,
2951 2585 3063 2637 οὐκ
3116 2583 3463 2652 ἐσμίκρυνε.
3538 2585 3734 2655 κτήνη

2160 2674 2373 2743 νόησον,
2414 2674 2541 2737 τοὺς
2570 2674 2944 2745 ἀλογωτέρους
2993 2676 3049 2726 ὲν
3083 2674 3268 2737 αὐτοῖς
3289 2693 3302 2706 ·
3348 2676 3382 2743 ἦ
3410 2677 3503 2729 καὶ
3530 2676 3738 2742 ἄλλως,

2163 2768 2330 2836 κτήνη
2359 2766 2466 2818 τῶν
2497 2766 2836 2830 ἀποστόλων,
2862 2770 2909 2819 οἱ
2947 2769 3185 2837 μαθηταὶ
3221 2769 3421 2834 αὐτῶν,
3454 2769 3530 2832 ώς
3569 2770 3737 2839 δίκην

2162 2859 2376 2927 κτηνῶν
2404 2857 2898 2928 ἑπόμενοιτούτοις
2920 2861 3154 2928 ὅποιπερ
3211 2862 3425 2929 ἄγουσι,
3468 2862 3562 2915 καὶ
3602 2881 3737 2934 τρο-

2163 2949 2265 3019 φὴν
2321 2952 2700 3019 πνευματικὴν
2764 2952 2895 3022 παρ’
2957 2952 3135 3006 αὐτῶν
3196 2952 3601 3022 λαμϐάνοντες,
3658 2955 3739 3018 ώς

486 3050 764 3117 duxerint,
807 3051 1012 3121 quique
1062 3050 1225 3104 veluti
1267 3051 1562 3104 rationales
1609 3067 1739 3104 oves
1772 3052 1952 3103 t-ilmm
1989 3051 2055 3105 ab

2162 3043 2408 3112 πρόϐατα
2452 3042 2681 3111 λογικά·
2740 3043 2789 3096 οἳ
2838 3044 2931 3095 καὶ
2988 3044 3143 3097 αὐτοὶ
3188 3044 3375 3098 πολλοὶ
3446 3048 3733 3115 γεγόνασι.

485 3142 565 3197 eis
596 3144 842 3210 capiunt,
875 3152 927 3195 et
962 3142 1400 3197 numerosissimi
1432 3141 1600 3193 etiam
1635 3140 1877 3194 luerunt.
1916 3141 2053 3194 Cum

487 3238 667 3285 autem
685 3230 941 3284 Ecclesiae
959 3240 1251 3298 augmenta
1275 3228 1611 3296 prmdixerit,
1642 3229 1856 3282 futuras
1884 3228 2053 3281 etiam

490 3324 638 3376 illius
672 3321 1103 3390 persecutiones,
1140 3329 1195 3373 et
1226 3319 1571 3371 calamitates
1598 3319 1906 3371 annuntiat.

556 3414 721 3467 Vens.
757 3412 842 3465 39.
893 3412 955 3465 Et
998 3412 1153 3479 pauci
1180 3412 1315 3479 [acti
1344 3421 1488 3473 sunt,
1528 3420 1575 3463 et
1604 3411 1783 3480 afﬂicti
1834 3420 1980 3480 sunt,
2024 3428 2057 3466 α

490 3506 830 3561 tribulatione
878 3503 1138 3557 malorum
1183 3514 1229 3557 et
1275 3502 1476 3556 dolore.
1533 3501 1697 3555 Pauci
1748 3502 1876 3557 facti
1931 3511 2059 3558 sunt

491 3600 699 3659 lideles,
735 3614 856 3653 cum
886 3598 1053 3650 multa
1088 3597 1256 3651 millia
1287 3611 1478 3651 eorum
1508 3612 1610 3667 pro
1630 3597 1855 3652 Christo
1888 3599 2055 3653 variis

488 3692 824 3747 cruciatibus
852 3690 1189 3744 interierint.
1219 3687 1418 3743 Amicti
1446 3698 1627 3743 autem
1656 3699 1787 3744 sunt
1818 3704 1846 3743 a
1876 3690 2056 3745 tribu-

488 3787 693 3839 latione
746 3785 1114 3837 tentationum
1164 3790 1219 3837 et
1252 3780 1463 3844 dolore,
1514 3780 1644 3835 dum
1697 3782 2057 3851 praesentibus

489 3878 649 3931 bonis
675 3874 914 3943 spoliati,
938 3872 1175 3942 expulsi,
1207 3870 1481 3927 verberati
1540 3880 1705 3942 atque
1738 3873 2059 3929 innumera-

489 3966 620 4021 hilia
657 3966 762 4018 alia
792 3963 936 4033 passi
970 3970 1121 4016 sunt.

560 4057 723 4111 Vsus.
761 4056 850 4110 40.
889 4055 1081 4123 ΕῙῙιιεα
1128 4062 1207 4108 est
1256 4052 1567 4120 contemptio
1612 4067 1768 4119 super
1794 4051 2059 4120 principes

490 4168 693 4207 eorum.
735 4151 838 4203 Per
879 4149 1177 4218 principes,
1216 4145 1457 4199 lidelium
1493 4158 1648 4212 reges
1696 4158 1759 4197 ac
1790 4144 1962 4197 duces
1994 4143 2061 4196 il-

490 4245 571 4299 lus
607 4240 883 4309 intelligit,
919 4239 1121 4308 quibus
1150 4236 1434 4301 suberant,
1468 4242 1524 4290 et
1563 4250 1593 4288 a
1621 4233 1822 4303 quibus
1856 4233 2057 4288 multas

488 4331 899 4403 persecutiones
924 4330 1345 4384 sustinuerunt:
1372 4330 1465 4396 qui
1492 4325 1766 4396 principes
1792 4333 2053 4395 tanquam

489 4426 714 4481 inutiles
746 4438 774 4476 a
804 4422 1024 4476 Christo
1049 4420 1347 4488 contempti
1380 4428 1528 4474 sunt.

462 4572 463 4575 η
563 4514 627 4567 Et
652 4530 831 4568 errare
866 4512 982 4581 fecit
1013 4527 1099 4565 eos
1123 4510 1178 4564 in
1206 4511 1367 4576 invio,
1398 4522 1445 4563 et
1489 4525 1592 4563 non
1632 4507 1686 4562 in
1717 4510 1821 4563 via.
1859 4509 2058 4564 Seduci

488 4621 584 4661 eos
636 4606 887 4676 permisit
920 4614 1179 4672 tanquam
1228 4601 1680 4655 immedicabilcs.
1734 4600 1830 4655 Est
1865 4602 2059 4655 modus

489 4700 576 4752 lllC
612 4695 868 4766 loquendi
900 4696 1160 4764 frequens
1201 4692 1343 4761 apud
1383 4692 1748 4762 Scripturam,
1788 4704 1845 4746 ut
1881 4692 2060 4746 facere

488 4790 802 4859 quempiam
853 4787 1018 4851 dicat,
1078 4786 1170 4855 qui
1207 4786 1492 4855 permittit.
1555 4784 1767 4839 luvium
1822 4800 1951 4839 vero
2005 4793 2060 4839 et

491 4882 616 4935 Sine
656 4882 737 4934 ria
793 4879 1048 4951 appellat,
1110 4894 1363 4948 perversa
1414 4886 1580 4949 atque
1629 4879 1794 4949 impia
1862 4891 2055 4932 eorum

488 4974 763 5042 dogmata.

564 5061 727 5120 Vens.
766 5063 852 5117 ιι.
897 5061 964 5116 Et
995 5062 1202 5131 adjuvit
1243 5076 1525 5132 pauperem
1556 5077 1621 5116 ex
1646 5063 1844 5129 inopia.
1884 5060 2062 5131 Popu-

492 5157 601 5209 lum
635 5155 726 5216 alii
759 5169 965 5224 panper
1010 5162 1130 5209 crat
1173 5154 1401 5223 adjuvit,
1445 5170 1512 5209 ex
1572 5154 1754 5224 inopia
1806 5168 1927 5225 qua:
1977 5162 2063 5207 est

490 5256 714 5318 propter
744 5246 1046 5302 Christum.

560 5334 628 5390 Et
683 5338 856 5404 posuit
900 5336 1053 5405 quasi
1086 5351 1201 5390 oves
1257 5334 1521 5403 [αηιὶιὶαε.
1581 5334 1687 5388 Eas
1742 5334 1944 5403 quippe
2000 5343 2061 5388 ut

490 5428 913 5497 propriasoves,
944 5427 999 5479 in
1023 5428 1271 5481 ordinem
1306 5425 1530 5494 redegit.
1562 5426 1670 5478 Per
1703 5423 1940 5480 familias
1966 5440 2064 5477 au-

492 5529 597 5572 tem
643 5518 839 5589 (quas,
886 5519 1040 5588 juxta
1071 5517 1244 5573 Graeci
1281 5516 1522 5573 nominis
1575 5514 2059 5585 signiﬁcationem,

567 5696 609 5728 "
657 5697 788 5752 Luc.
850 5713 995 5760 χειν,
1056 5699 1122 5755 50

2163 3134 2655 3205 [Ιροαγορεύσαςδὲ
2685 3136 2784 3206 τὴν
2844 3137 3130 3207 προκοπὴν
3179 3138 3275 3191 καὶ
3334 3138 3564 3207 αὔξησιν
3630 3139 3738 3209 τῆς

2170 3223 2535 3292 Ἐκκλησίας,
2589 3225 2670 3277 ἔτι
2731 3225 2988 3295 προλέγει
3039 3230 3297 3292 καὶτοὺς
3356 3230 3737 3301 ὲπισυμὸῆναι

2161 3314 2455 3385 μέλλοντας
2476 3316 2615 3388 αὐτῇ
2639 3316 2935 3388 διωγμούς.

2227 3405 2337 3460 Kal
2367 3406 2763 3475 ὠλιγώθησαν
2790 3411 2891 3463 καὶ
2921 3409 3317 3479 ἐκακώθησαν
3332 3414 3452 3468 ἀπὸ
3469 3415 3739 3483 θλίψεως

2158 3498 2363 3554 κακῶν
2400 3500 2501 3554 καὶ
2525 3500 2771 3570 ὀδύνης.
2816 3503 3190 3573 Ὠλιγὼθησαν
3219 3507 3319 3572 μὲν
3352 3507 3400 3559 οἱ
3459 3507 3734 3573 εὐσεϐεῖς,

2162 3591 2439 3663 μυριάδων
2492 3592 2707 3647 πολλῶν
2762 3595 3034 3659 ποικίλοις
3083 3598 3307 3666 τρόποις
3332 3599 3739 3670 ἀναιρεθεισῶν

2160 3683 2300 3754 ὑπὲρ
2331 3684 2425 3738 τοῦ
2452 3684 2713 3755 Χριστοῠο
2737 3686 3100 3759 ἐκακώθησαν
3125 3689 3181 3740 δὲ
3212 3688 3317 3741 ὑπὸ
3340 3689 3577 3759 θλίψεως
3614 3709 3740 3744 πει-

2164 3776 2388 3846 ρασμῶν
2448 3780 2544 3831 καὶ
2596 3776 2791 3849 ὀδύνης
2854 3779 2954 3848 τῆς
3003 3781 3275 3847 ἐντεῦθεν,
3332 3782 3737 3853 ἀφαιρούμενοι

2159 3870 2258 3932 τὰς
2294 3870 2500 3936 οὐσίας,
2531 3870 2903 3943 ἐλαυνόμενοι,
2964 3874 3379 3945 μαστιζόμενοι,
3415 3878 3509 3929 καὶ
3560 3878 3738 3948 μυρία

2160 3960 2483 4033 πάσχοντες.

2245 4054 2533 4124 Ἕξεχύθη
2580 4056 2979 4123 ἐξουδένωσις
3028 4059 3120 4111 ἐπ’
3166 4059 3462 4127 ἄρχοντας
3511 4062 3735 4118 αὐτῶν.

2166 4140 2458 4211 Ἄρχοντες
2509 4143 2688 4197 αὐτῶν
2713 4148 2761 4198 οἱ
2791 4145 3026 4213 βασιλεῖς
3057 4151 3150 4201 καὶ
3188 4150 3473 4220 ἡγεμόνες,
3508 4153 3600 4221 ὑφ’
3640 4155 3736 4217 οὓς

2162 4234 2398 4301 ἐτέλουν,
2442 4237 2535 4287 καὶ
2565 4237 2656 4304 ὑφ’
2684 4232 2758 4291 ιῖιν
2784 4239 3089 4307 ἐδιώκοντο,
3136 4244 3337 4305 οῗτινες
3362 4244 3734 4318 ἐξουδενώθη-

2165 4345 2263 4381 σαν
2284 4328 2362 4397 τῷ
2401 4328 2521 4399 Θεῷ
2543 4329 2619 4393 ώς
2651 4332 2881 4402 ἀχρεῖοι.

2234 4507 2341 4560 Kal
2369 4506 2721 4573 ἐπλάνησεν
2738 4508 2959 4575 αὐτοὺς
2980 4511 3050 4564 ἐν
3075 4512 3290 4577 ἀϐάτῳ,
3315 4515 3409 4567 καὶ
3441 4518 3555 4584 οὐχ
3597 4516 3737 4582 ὀδῷ.

2164 4599 2512 4669 Πλανηθῆναι
2569 4601 2968 4672 παρεχώρησεν
2994 4605 3195 4667 αὐτούς
3216 4622 3228 4633 ”
3272 4606 3473 4675 ἰδίωμα
3498 4607 3555 4660 δὲ
3580 4609 3742 4661 τοῦτο

2162 4691 2260 4760 τῆς
2321 4690 2543 4762 Γραφῆς
2580 4733 2594 4758 ,
2649 4692 2724 4755 ὡς
2786 4694 3049 4757 πολλάκις
3104 4698 3433 4766 εἰρήκαμεν.
3498 4698 3740 4751 Ἀδαῖον

2163 4785 2221 4837 δὲ
2266 4786 2361 4838 καὶ
2418 4787 2539 4853 Οὐχ
2583 4787 2743 4853 ὁδὸς,
2778 4788 2845 4841 τὰ
2889 4787 3125 4857 δυσσεδῆ
3154 4790 3419 4860 δόγματα,
3476 4794 3573 4845 καὶ
3623 4792 3741 4844 όλέο

2168 4880 2315 4950 θρια.

2242 5066 2348 5120 Kal
2370 5066 2665 5135 ἐϐοήθησε
2716 5066 2925 5134 πένητι
2974 5067 3042 5121 ἐκ
3071 5069 3386 5137 πτωχείας.
3418 5067 3510 5137 Τῷ
3542 5069 3743 5139 πένητι

2167 5160 2303 5231 λαῷ,
2331 5158 2407 5229 τῷ
2437 5161 2631 5230 πένητι
2655 5161 2717 5212 ἐκ
2742 5160 3015 5229 πτωχείας
3048 5161 3143 5229 τῆς
3163 5160 3249 5213 διὰ
3298 5161 3558 5225 Χριστόν.

2240 5336 2351 5389 Kal
2406 5336 2573 5389 ἔθετο
2619 5336 2698 5401 ὡς
2747 5335 3012 5403 πρόϐατα
3065 5334 3338 5401 πατριάς.
3369 5334 3457 5395 Ὦς
3488 5332 3750 5402 πρόϐατα

2169 5428 2345 5481 οἰκεῖα
2373 5426 2471 5491 τὰς
2494 5428 2733 5497 πατριάς
2754 5442 2768 5458 ο
2793 5426 2961 5497 ἦγουν
3012 5425 3203 5493 ἔταξεν
3221 5425 3297 5489 ὡς
3331 5424 3582 5497 πρόϐατα
3617 5427 3746 5479 ἑαυ-

2170 5520 2285 5587 τοῦ,
2316 5520 2415 5584 τὰς
2445 5523 2504 5574 ὲν
2527 5522 2649 5585 ταῖς
2677 5519 2887 5591 χώραις
2936 5519 3173 5589 πατριάς
3198 5535 3210 5547 ·
3242 5518 3481 5588 πατριὰς
3512 5516 3567 5570 δὲ
3590 5516 3745 5587 λέγει
