4102 6206
375 268 512 332 I069

1509 267 1898 328 COMMENT.
1941 265 2021 325 IN
2054 264 2415 325 PSALMOS.

3463 264 3599 328 1070

357 381 568 446 νῦν,τὰ
601 384 926 453 συστήματα
977 385 1212 452 ἑκάστης
1272 384 1622 451 Ἐκκλησίαν
1683 381 1926 452 πατριὰς

2036 378 2346 448 parentelas
2392 375 2517 446 quis
2554 375 2748 430 melius
2778 374 3042 444 dixerit),
3091 377 3380 432 universas
3424 383 3600 455 cccle-

355 477 436 541 δὲ,
479 475 570 529 διὰ
621 475 720 546 τὴν
748 479 813 529 ὲκ
869 477 1108 538 πίστεως
1168 477 1519 544 συγγένειαν,
1568 476 1664 528 ἕνα
1713 476 1928 543 πατέρα

355 570 450 623 τὸν
478 567 612 621 Θεὸν
650 568 884 638 ἐχούσας
909 585 922 599 ο
990 569 1113 620 ἐπεὶ
1185 569 1279 622 καὶ
1309 568 1545 638 Ποιμήν
1598 567 1928 636 ὀνομάζεται

357 660 568 726 καλὸς,
591 659 691 712 καὶ
734 659 849 728 τὴν
872 660 1084 729 ψυχὴν
1105 659 1287 725 τιθεὶς
1333 659 1486 728 ὑπὲρ
1524 659 1643 712 τῶν
1706 657 1927 728 προϐά-

357 770 500 807 των.

437 849 731 916 Ὄψονται
756 845 970 911 εὐθεῒς,
1010 845 1107 898 καὶ
1140 843 1685 914 εὐφρανθήσονται.
1732 843 1931 912 Ὄψον-

359 957 449 993 ται
472 940 542 994 τὰ
565 939 668 1010 ἤδη
703 938 1175 1008 προφητευθὲνταο
1201 938 1378 1000 cullei;
1407 938 1485 1001 δὲ,
1516 938 1566 990 οἱ
1589 937 1686 1006 τὴν
1713 935 1929 1011 εὐθεῖαν

356 1033 444 1086 ’ὁδε
455 1034 574 1085 ύοντ
585 1050 664 1096 ες,
704 1033 762 1084 εὐ
772 1034 974 1094 σεεεῖς.

432 1124 535 1177 Καὶ
565 1122 732 1179 πᾶσα
769 1125 987 1193 ἀνομία
1048 1121 1336 1192 ἐμφράξει
1362 1122 1428 1174 τὸ
1477 1123 1674 1192 στόμα
1715 1122 1926 1189 αὐτῆς.

360 1215 466 1268 Τοῦ
518 1214 876 1285 κηρύγματος
904 1214 1305 1277 πλατυνθέντος
1330 1213 1457 1284 ἄχρι
1487 1213 1778 1284 βασιλέωνο
1807 1215 1931 1267 ἀνο-

361 1306 459 1375 μία
485 1305 561 1368 δὲ,
593 1305 642 1357 ol.
664 1304 855 1374 ἄνομοι
879 1305 974 1358 καὶ
999 1305 1237 1367 ἀσεϐεῖς.

433 1483 528 1548 Τίς
557 1483 750 1552 σοφὸς
776 1486 870 1536 καὶ
901 1484 1160 1553 φυλάξει
1190 1484 1414 1550 ταῦτα;
1439 1503 1535 1540 και
1572 1485 1931 1552 συνήσουσι

355 1576 427 1627 τὰ
453 1573 595 1642 ἐλέη
613 1575 719 1628 τοῦ
741 1575 982 1642 Κυρίου.
1011 1576 1106 1637 Τίς
1137 1575 1297 1642 σοφὸς
1318 1577 1707 1647 παρατηρήσει
1733 1577 1929 1641 ταῦτα,

354 1666 630 1718 πιστεύων
689 1666 772 1719 ὃτι
812 1669 1162 1734 γενήσονται,
1208 1666 1304 1718 καὶ
1357 1669 1653 1737 συνήσουσι
1689 1667 1775 1720 τὰ
1802 1668 1928 1740 uti;

354 1758 451 1812 τοῦ
489 1759 697 1830 Κυρίου
725 1776 738 1790 ·
763 1757 1066 1826 γνώσονται
1100 1757 1297 1821 ταῦτα,
1328 1757 1457 1812 ὅταν
1491 1757 1698 1812 λάϐωσι
1730 1759 1926 1829 πέρας.

753 1936 893 2008 ᾨδὴ
953 1937 1200 2006 Ψαλμοῦ
1230 1935 1310 2002 τῷ
1335 1934 1534 1991 Δαϐίδ.

919 2029 1212 2082 ΨΑΛΜΟΣ
1239 2025 1364 2084 PZ'.

430 2120 565 2190 Περὶ
577 2120 679 2190 τῆς
693 2121 1005 2190 ἐπιγραφῆς
1027 2117 1234 2188 ταύτης
1249 2118 1341 2170 καὶ
1355 2119 1411 2172 ὲν
1441 2119 1519 2190 τῷ
1534 2119 1813 2190 προοιμίῳ
1829 2121 1929 2189 τῆς

361 2209 641 2279 παρούσης
665 2208 873 2278 βίϐλου,
904 2209 996 2260 καὶ
1020 2209 1078 2259 ὲν
1100 2205 1338 2275 ψαλμοῖς
1368 2208 1576 2278 ἑτέροις
1599 2209 1926 2280 εἰρήκαμεν.

440 2299 679 2368 Ἐτοίμη
723 2299 757 2365 ἠ
810 2299 1026 2367 καρδία
1051 2315 1193 2365 μου,
1225 2301 1258 2351 ό
1293 2298 1456 2364 Θεὸς,
1489 2299 1693 2370 ἑτοίμη
1723 2299 1762 2366 ἠ
1791 2317 1930 2368 καρ-

355 2393 456 2447 δία
479 2410 620 2462 μου,
647 2392 868 2459 ᾄσομαι
891 2391 988 2444 καὶ
1019 2387 1198 2458 ψαλῶ
1225 2389 1294 2442 ἐν
1313 2389 1386 2458 τῇ
1412 2389 1565 2458 δόξῃ
1597 2408 1739 2458 μου.
1769 2391 1927 2456 Ἐξε-

356 2483 592 2554 τεέρθητι
623 2482 660 2548 ἠ
709 2480 858 2545 δόξα
889 2497 1028 2549 μου,
1071 2478 1411 2548 ἐξεγέρθητι
1453 2481 1792 2549 ψαλτήριον
1829 2481 1927 2535 καὶ

358 2577 588 2644 κιθάρα,
609 2572 1074 2644 ἐξεγερθήσομαι
1098 2574 1334 2642 ὄρθρου.
1374 2571 1931 2646 Ἑξομολογήσομαί

359 2687 457 2724 σοι
487 2670 561 2722 ἐν
607 2667 804 2732 λαοῖς,
854 2667 1046 2733 Κύριε·
1095 2666 1277 2733 ψαλῶ
1311 2681 1412 2719 σοι
1445 2667 1514 2720 ἐν
1541 2667 1806 2734 ἔθνεσιν,
1839 2667 1928 2720 ὅτι

352 2762 509 2831 μέγα
541 2759 742 2813 ἐπάνω
765 2757 882 2812 τῶν
913 2755 1190 2826 οὐρανῶν
1224 2756 1292 2811 τὸ
1321 2757 1492 2823 ἔλεός
1512 2773 1649 2824 σου,
1683 2759 1780 2813 καί
1819 2760 1930 2826 ἕως

360 2855 479 2910 τῶν
502 2852 779 2922 νεφελῶν
823 2853 861 2919 ἡ
892 2850 1145 2917 ἀλήθειά
1169 2867 1307 2904 σου.
1345 2850 1638 2920 ’Υψώθητι
1660 2853 1757 2904 ἐπὶ
1788 2853 1932 2918 τοὺς

357 2942 657 3012 οὐρανοὺς
683 2945 715 2996 ό
752 2941 918 3006 Θεὸς,
944 2939 1040 2994 καὶ
1079 2939 1178 2992 ἐπὶ
1209 2939 1416 2994 πᾶσαν
1440 2941 1554 3007 τὴν
1585 2941 1703 3010 γῆν
1722 2942 1761 3010 ἡ
1783 2942 1934 3007 δόξα

2032 469 2234 522 siarum
2263 468 2714 538 congregationes
2751 468 3026 537 intelligit,
3058 477 3171 522 tum
3199 479 3422 539 propter
3467 488 3602 526 ron-—

2032 562 2401 630 gregationcm
2430 561 2576 627 fidei,
2605 569 2718 614 tum
2745 561 2872 630 quia
2900 576 3071 614 unum
3100 561 3378 617 Christum
3410 579 3598 616 verum

2033 663 2240 721 patrem
2296 653 2533 707 familias
2580 654 2803 716 habent,
2839 645 2934 722 qui
2982 663 3036 706 et
3070 665 3254 721 pastor
3298 653 3462 707 bonus
3503 670 3601 724 ap—

2032 744 2285 812 pellatur,
2314 752 2367 798 et
2398 745 2630 798 animam
2659 761 2809 798 suam
2832 747 3008 813 posuit
3037 761 3135 813 pro
3178 744 3355 798 ovibus
3382 747 3452 798 ⁸⁸.

2103 835 2269 891 Vens.
2312 838 2400 892 42.
2452 836 2712 892 Videbunt
2739 839 2888 901 recti,
2913 847 2961 892 et
2987 839 3330 896 lwtobuntur.
3367 839 3600 899 Fideles.

2032 927 2124 996 qui
2189 943 2287 997 por
2317 937 2521 982 rectam
2569 929 2708 981 viam
2745 943 2962 999 semper
3012 929 3292 996 incedunt,
3343 931 3603 987 videbunt

2031 1029 2093 1068 ea
2139 1031 2260 1084 qua:
2292 1015 2550 1083 superius
2579 1015 2722 1070 dicta
2757 1026 2908 1072 sunt.

2105 1109 2175 1164 Et
2206 1113 2376 1164 omnis
2424 1112 2680 1181 iniquitas
2711 1112 2978 1166 obturabit
3014 1130 3072 1167 os
3125 1131 3301 1168 suum.
3356 1114 3598 1169 Dilatata
3689 1182 3695 1188 ε

2033 1200 2292 1254 nimirum
2342 1201 2728 1270 praedicatione
2760 1204 2827 1258 ad
2876 1203 3026 1272 ipsos
3071 1221 3247 1275 usque
3280 1222 3456 1276 reges.
3503 1207 3605 1262 Per

2033 1292 2379 1362 iniquitatem
2443 1301 2624 1348 autem
2678 1293 2898 1365 iniquos
2940 1296 3092 1366 ipsos
3146 1297 3392 1354 homines
3439 1300 3604 1353 intel-

2032 1383 2173 1454 ligit.

2104 1478 2271 1536 Vrsas.
2306 1480 2397 1536 45.
2423 1479 2556 1547 Quis
2579 1482 2790 1550 sapiens
2821 1493 2870 1537 et
2891 1485 3150 1539 custodiet
3179 1485 3290 1540 haec
3316 1487 3341 1540 Ρ
3365 1496 3414 1540 et
3449 1487 3604 1541 intel-

2035 1570 2194 1641 ligent
2235 1571 2628 1626 misericordias
2663 1573 2896 1628 Domini.
2931 1575 3069 1641 Quis
3105 1578 3327 1648 sapiens
3383 1578 3510 1643 erit,
3548 1588 3604 1633 ct

2033 1662 2356 1717 ohservabit
2387 1663 2523 1727 haec,
2558 1665 2793 1720 credens
2820 1667 2964 1735 quod
3000 1666 3185 1722 futura
3231 1669 3343 1724 sint
3371 1669 3394 1721 ?
3428 1677 3483 1724 et
3515 1669 3602 1722 in-

2032 1754 2282 1824 telligent
2306 1754 2715 1812 misericordias
2739 1757 2979 1825 Domini,
3009 1758 3114 1814 hoc
3134 1770 3240 1827 est,
3267 1767 3602 1830 cognoscent

2031 1843 2170 1908 haec,
2215 1844 2306 1900 ubi
2343 1846 2507 1900 linem
2541 1847 2861 1904 habuerint.

2385 1935 2662 1992 Canticum
2691 1939 2900 1995 Psalmi
2927 1944 3034 2010 ipsi
3059 1944 3248 2001 David.

2554 2029 2878 2087 PSALMUS
2912 2032 3072 2089 CVII.

2101 2113 2269 2171 Tituli
2299 2117 2463 2188 hujus
2508 2122 2672 2186 ratio,
2725 2123 2779 2176 in
2812 2125 3080 2190 prooemio
3129 2129 3330 2197 operis,
3387 2137 3442 2184 et
3472 2130 3600 2185 alibi

2031 2207 2194 2261 etiam
2227 2209 2496 2278 explicata
2519 2219 2625 2266 cst.

2107 2296 2278 2355 Vens.
2309 2299 2430 2354 1-6.
2470 2300 2734 2357 Paratum
2766 2322 2859 2360 cor
2908 2323 3104 2373 meum,
3142 2309 3306 2374 Deus,
3353 2323 3602 2380 paratum

2031 2405 2121 2443 cor
2141 2407 2336 2456 meum;
2359 2394 2580 2448 cantabo
2599 2404 2650 2449 et
2671 2396 2902 2465 psallam
2923 2398 2976 2450 in
2986 2399 3161 2465 gloria
3179 2418 3314 2456 mea.
3343 2401 3603 2475 Exsurge,

2030 2481 2198 2548 gloria
2220 2498 2330 2535 meo
2353 2500 2373 2548 ;
2399 2500 2619 2555 exsurge
2639 2487 2949 2554 psalterium
2975 2498 3025 2545 et
3051 2491 3279 2549 cithara.
3309 2493 3604 2566 Exsurgam

2031 2573 2287 2629 diluculo.
2311 2573 2614 2646 Confitebor
2637 2578 2734 2634 tibi
2755 2582 2806 2634 in
2839 2582 3071 2651 populis,
3099 2584 3339 2651 Domine,
3373 2588 3605 2656 psallam

2035 2668 2128 2719 tibi
2161 2669 2214 2719 in
2252 2669 2578 2735 nationibus,
2613 2675 2865 2741 quoniam
2901 2690 3096 2746 magna
3141 2685 3219 2730 est
3247 2693 3407 2746 supra
3449 2680 3603 2734 σιτίου

2035 2759 2404 2813 misericordia
2435 2771 2550 2824 tua,
2609 2771 2658 2816 et
2716 2779 2880 2833 usque
2913 2766 2982 2818 ad
3019 2766 3178 2821 nubes
3234 2771 3427 2824 reritas
3488 2781 3602 2825 tua.

2036 2847 2300 2904 Exaltare
2321 2867 2480 2921 super
2507 2853 2685 2920 cmlos,
2721 2854 2881 2919 Deus,
2927 2865 2975 2909 et
2997 2872 3153 2924 super
3181 2869 3384 2914 omnem
3406 2871 3603 2916 terram

2033 2939 2206 3010 gloria
2237 2949 2346 2996 tua.
2381 2941 2505 2998 llrec
2543 2943 2732 2998 omnia
2762 2944 2954 3001 eodem
2995 2947 3188 3003 ordine
3236 2950 3510 3007 habentur
3546 2954 3600 3008 in

357 3046 498 3092 σου.
556 3035 740 3088 Ταῦτα
796 3034 974 3086 πάντα
1007 3032 1244 3102 καθεξῆς
1276 3031 1372 3085 καὶ
1418 3033 1478 3085 ὲν
1500 3031 1578 3100 τῷ
1609 3038 1696 3096 νς⁹
1729 3032 1929 3104 ψαλμῷ

2037 3030 2250 3099 psalmo
2284 3045 2392 3096 LVI,
2429 3031 2522 3086 ubi
2553 3046 2618 3086 ca
2653 3034 3034 3102 exposuimus.
3072 3035 3220 3092 Idem
3251 3040 3400 3094 enim
3433 3042 3606 3112 signi-

357 3119 590 3201 κέίμενα
637 3130 736 3198 τῆς
793 3125 1142 3196 καθηκούσης
1209 3125 1522 3197 ἐξηγήσεως
1560 3126 1928 3195 τετυχήκασιν

356 3225 417 3278 ὲν
469 3222 662 3292 ἐκείνῳ
691 3236 704 3251 ’
763 3219 964 3272 ταύτὸν
1009 3217 1068 3270 δὲ
1093 3219 1176 3282 τὸ,
1224 3217 1632 3286 Ἐμεγαλύνθη
1670 3216 1780 3282 ἓως
1811 3217 1931 3270 τῶν

325 3307 652 3383 οὐρανῶν,
689 3313 783 3365 καὶ
836 3313 914 3376 τὸ,
951 3309 1115 3378 Μέγα
1158 3309 1356 3362 ἐπάνω
1387 3307 1505 3362 τῶν
1551 3307 1826 3378 οὐρανῶν
1864 3309 1930 3362 τὸ

357 3407 529 3471 ἔλεός
554 3420 692 3458 σου.
747 3401 1010 3471 Νοηθείεν
1060 3401 1106 3453 δ’
1142 3400 1208 3454 ἂν
1233 3399 1406 3453 ταῦτα
1434 3401 1504 3454 τὰ
1539 3399 1701 3472 ῥητὰ,
1734 3400 1830 3453 καὶ
1871 3400 1933 3454 τὸ

371 3495 761 3568 Ἐξεγέρθητι,
790 3494 884 3547 καὶ
915 3494 977 3546 τὸ
1017 3493 1531 3562 Ἐξεγερθήσομαι,
1560 3494 1652 3546 καὶ
1677 3494 1804 3562 περὶ
1833 3493 1932 3562 τῆς

357 3591 707 3651 ἀναστάσεως
727 3587 820 3640 τοῦ
845 3587 1046 3657 Κυρίου
1068 3601 1082 3616 ·
1103 3585 1196 3638 τοῦ
1219 3585 1317 3654 μὲν
1342 3585 1508 3638 Δαὸὶδ
1527 3583 1638 3654 (18)
1666 3583 1934 3638 ἱκετεύον-

354 3701 469 3746 τος,
489 3681 582 3736 τοῦ
612 3682 670 3735 δὲ
710 3679 948 3751 Χριστοῦ
974 3677 1407 3747 ὑπισχνουμένου
1442 3675 1536 3729 καὶ
1584 3677 1932 3746 προτιθέντος

356 3777 454 3830 καὶ
480 3776 572 3828 τὸν
614 3774 806 3844 καιρόν
825 3788 836 3799 ·
863 3771 1060 3842 ὄρθρου
1104 3770 1212 3840 γὰρ
1240 3767 1431 3838 βαθέος
1462 3767 1754 3839 ἐξηγέρθη,
1789 3769 1930 3821 κατὰ

281 3910 302 3923 ι
353 3870 449 3920 τ“›ν
481 3867 716 3920 Λουκᾶν.
737 3864 871 3927 Δόξα
901 3863 956 3915 δὲ
977 3859 1144 3915 αὐτοῦ
1171 3861 1199 3913 ὁ
1222 3859 1475 3930 Χριστὸς,
1493 3857 1567 3922 ὡς
1593 3860 1657 3912 ὲκ
1685 3858 1935 3930 σπέρμα-

353 3975 449 4022 τος
475 3956 639 4009 αὑτοῦ
669 3954 969 4025 γεννηθείς.

435 4140 637 4200 Ὅπως
664 4137 739 4188 ἂν
762 4134 1078 4204 ρυσθῶσιν
1126 4136 1180 4188 ot
1217 4133 1516 4202 ἀγαπητοί
1547 4145 1681 4187 σου.
1719 4132 1779 4186 Ὀ
1816 4131 1933 4194 νέος

2037 3121 2162 3176 ﬁcat
2199 3141 2213 3177 :
2239 3122 2432 3193 Magna
2455 3134 2532 3178 est
2553 3139 2714 3192 supra
2747 3125 2923 3191 oculos,
2959 3129 3131 3198 quod,
3161 3129 3503 3201 Magnificam
3527 3145 3607 3188 est

2035 3227 2201 3282 usque
2245 3213 2313 3266 ad
2340 3215 2520 3269 caelos.
2546 3215 2641 3270 Illa
2674 3225 2856 3272 autem
2891 3219 3057 3274 verba
3094 3237 3108 3274 :
3151 3219 3392 3294 Exsurge
3431 3226 3604 3296 gloria

2035 3319 2173 3368 mea,
2208 3304 2338 3359 item
2364 3306 2451 3360 illa
2491 3326 2505 3362 :
2550 3306 2853 3380 Exsurgam
2889 3310 3146 3378 diluculo,
3207 3316 3430 3386 intelligi
3479 3334 3608 3388 pos-

2035 3403 2167 3452 sunt
2204 3395 2271 3450 de
2306 3400 2714 3454 resurrectione
2746 3399 2985 3466 Domini,
3031 3402 3150 3473 ipso
3191 3407 3402 3463 scilicet
3436 3407 3604 3464 David

2044 3489 2196 3541 aliud
2234 3492 2600 3558 supplicante,
2634 3500 2688 3546 et
2719 3491 2938 3548 Christo
2969 3495 3116 3550 aliud
3150 3501 3520 3566 promittente,
3553 3513 3609 3556 ct

2037 3588 2250 3633 certum
2306 3580 2466 3634 etiam
2523 3583 2944 3640 resurrectionis
2997 3600 3110 3640 suae
3151 3596 3367 3659 tempus
3419 3594 3609 3661 praesi-

2033 3683 2262 3743 guante.
2295 3671 2578 3726 Profundo
2610 3673 2813 3743 quippe
2847 3674 3089 3731 diluculo
3118 3681 3381 3747 surrexit,
3409 3691 3468 3736 ut
3497 3681 3607 3735 Lu-

2034 3779 2131 3818 cas
2187 3762 2357 3817 tradit
2386 3764 2451 3817 “9.
2495 3763 2736 3819 Gloriam
2795 3781 2926 3821 vero
2983 3782 3136 3822 suam
3189 3773 3382 3827 beatus
3438 3772 3605 3828 David

2039 3856 2317 3911 Christum
2356 3855 2620 3924 appellat,
2689 3857 2887 3924 veluti,
2950 3858 3043 3928 qui
3094 3873 3158 3914 ex
3207 3860 3327 3929 ejus
3395 3865 3608 3921 semine

2037 3947 2358 4004 nasciturus
2412 3955 2551 4013 erat,
2608 3956 2663 4002 et
2719 3963 2992 4003 summam
3027 3948 3076 4004 ei
3111 3950 3342 4020 gloriam
3378 3965 3607 4024 paratu-

2036 4059 2152 4098 I‘US.

2112 4136 2181 4190 Ut
2209 4137 2493 4192 liberentur
2512 4137 2691 4192 dilecti
2714 4137 2810 4190 tui.
2834 4134 3020 4193 Novus
3046 4137 3278 4208 populus
3306 4137 3560 4193 nimirum
3586 4157 3601 4194 :

357 4234 506 4295 λαός.
565 4228 908 4297 Ἀταπήσας
966 4227 1096 4296 γὰρ,
1131 4226 1286 4296 φησι,
1343 4225 1485 4290 τοὺς
1541 4224 1756 4290 ίδίους,
1791 4224 1929 4289 τοὺς

2050 4228 2180 4284 Cum
2222 4229 2497 4284 dilexisset
2526 4229 2696 4292 enim,
2729 4228 2931 4298 inquit,
2963 4245 3088 4284 suos
3113 4227 3276 4286 Jesus
3304 4229 3360 4284 in
3384 4232 3603 4298 mundo,

355 4327 428 4379 ἐν
459 4326 674 4392 κόσμῳ,
708 4323 794 4385 εἰς
833 4320 1006 4384 τέλος
1038 4319 1354 4387 ἠγάπησεν
1384 4317 1624 4382 αὐτούς.

2039 4321 2094 4375 in
2122 4322 2281 4391 ﬁnem
2320 4322 2508 4376 dilexit
2538 4338 2624 4375 eos
2656 4322 2723 4374 ⁷⁸.

430 4391 644 4469 Σῶσον
672 4413 745 4481 τῇ
781 4411 951 4480 δεξιᾷ
988 4428 1126 4476 σου,
1166 4411 1266 4464 καὶ
1291 4411 1643 4464 ἐπάκουσόν
1676 4428 1815 4480 μου.
1871 4411 1929 4464 Ὀ

2111 4413 2279 4469 Vens.
2306 4414 2456 4470 7-14.
2497 4411 2713 4469 Salvum
2744 4414 2832 4483 {ac
2884 4413 3102 4468 dextera
3152 4424 3267 4486 tua,
3325 4424 3375 4470 et
3417 4416 3609 4470 exaudi

359 4507 505 4572 Θεὸς
534 4505 846 4571 ἐλάλησεν
891 4504 962 4558 ἐν
1017 4501 1096 4567 τῷ
1166 4504 1311 4572 ἁγίῳ
1384 4501 1609 4556 αὐτοῦ·
1669 4503 1929 4572 Tum“.

2038 4520 2139 4560 me.
2188 4503 2329 4559 Deus
2370 4505 2577 4561 locutus
2609 4516 2686 4560 est
2731 4506 2785 4559 in
2815 4515 3001 4560 sancto
3053 4523 3168 4561 suo.
3206 4506 3524 4574 Ezaltabor,
3558 4517 3610 4564 et

357 4617 543 4670 σομαι
576 4599 673 4652 καὶ
711 4594 989 4665 διαμεριῶ
1019 4596 1251 4663 Σίκιμα,
1283 4595 1378 4648 καί
1410 4593 1522 4662 τὴν
1546 4593 1800 4649 κοιλάδα
1819 4594 1929 4649 τῶν

2043 4596 2278 4653 dividam
2307 4597 2533 4661 Sicinio,
2562 4608 2611 4653 et
2644 4597 2832 4654 vallem
2857 4598 3313 4653 tabernaculorum
3339 4598 3606 4655 dimetiar.

357 4691 608 4758 σκηνῶν
647 4687 1042 4756 διαμετρήσω.
1104 4687 1274 4756 Ἑμός
1326 4686 1457 4739 ἐστι
1512 4686 1778 4752 Γαλαὰδ,
1833 4687 1929 4742 καὶ

2037 4690 2189 4746 Meus
2217 4701 2290 4746 est
2320 4690 2550 4758 Galaad,
2583 4701 2631 4746 et
2664 4710 2808 4748 meus
2836 4701 2915 4747 est
2958 4693 3248 4758 Manasses,
3275 4700 3324 4746 et
3354 4692 3610 4762 Ephraim

357 4784 502 4854 ἐμὸς
551 4779 910 4847 Μανασσῆς,
969 4779 1065 4832 καὶ
1133 4777 1384 4847 Ἐφραῒμ
1439 4778 1766 4845 ἀντίληψις
1823 4776 1929 4844 τῆς

2036 4781 2277 4850 defensio
2319 4783 2512 4847 capitis
2560 4783 2661 4837 mei
2690 4799 2708 4836 :
2747 4781 2921 4838 Judas
2962 4800 3054 4837 rea:
3088 4800 3254 4846 meus,
3289 4781 3451 4838 Moab
3479 4785 3610 4838 lebes

357 4874 630 4944 κεφαλῆς
648 4890 787 4941 μου.
830 4870 1053 4934 Ἰούδας
1071 4870 1371 4934 ,ϐασιλεύς
1388 4886 1530 4938 μου,
1558 4868 1736 4922 Μωὰό
1761 4867 1929 4935 λέϐης

2043 4874 2152 4942 spei
2190 4888 2338 4929 mete.
2376 4872 2446 4927 In
2507 4872 2802 4929 Idumteam
2867 4876 3153 4929 immittam
3203 4876 3611 4929 calceamentum

303 5014 318 5026 .
358 4968 473 5037 τῆς
498 4967 747 5031 ἐλπίδος·
769 4982 910 5033 μου.
927 4962 1052 5016 Ἐπὶ
1086 4961 1202 5030 τὴν
1225 4961 1571 5028 Ἰδουμαίαν
1591 4959 1852 5014 ἐπιϐαλῶ
1876 4961 1929 5014 τὲ

2044 4980 2237 5018 nteant.
2274 4962 2416 5018 Nili:
2447 4963 2760 5035 alienigenae
2813 4967 3012 5020 subditi
3043 4978 3189 5021 sunt.
3223 4967 3355 5032 Quis
3397 4965 3612 5018 deducet

359 5059 642 5128 ὑπόδημά
655 5077 798 5128 μου,
839 5055 968 5125 ἐμοὶ
997 5055 1340 5123 ἀλλόφυλοι
1390 5053 1780 5121 ὑπετάγησαν
1800 5069 1812 5084 ·
1851 5053 1929 5117 τίς

2041 5071 2122 5110 me
2155 5057 2209 5110 in
2234 5056 2500 5110 civitatem
2534 5056 2794 5109 munitam
2817 5057 2842 5110 ?
2872 5057 2990 5126 quis
3012 5056 3229 5111 deducet
3257 5071 3338 5109 me
3362 5069 3525 5117 usque
3558 5055 3612 5104 in

363 5151 584 5216 ἀπάξει
632 5168 709 5219 με
738 5152 826 5215 εις
874 5149 1058 5202 πόλιν
1088 5145 1376 5215 περιοχῆς
1401 5162 1420 5210 ;
1459 5146 1498 5214 ἢ
1532 5145 1622 5211 τίς
1655 5143 1929 5215 ὁδηγήσει

2042 5143 2333 5199 Ιιίιιιιιωιιιιι
2353 5151 2378 5202 7
2400 5147 2590 5202 Nonne
2619 5158 2697 5210 tu,
2719 5147 2881 5212 Deus,
2903 5150 2992 5218 qui
3018 5149 3252 5216 repulisti
3273 5147 3404 5200 nos?
3423 5144 3493 5200 Et
3511 5160 3613 5198 non

359 5263 436 5314 με
467 5244 578 5309 ἕως
613 5240 1125 5312 τῆς’1δουμαίας;
1177 5238 1324 5307 Οὐχὶ
1371 5237 1453 5292 σὺ
1493 5240 1526 5292 ό
1556 5239 1752 5303 Θεὸςό
1783 5238 1929 5292 ἀπω-

2039 5237 2316 5308 egredieris
2367 5242 2418 5295 in
2457 5241 2741 5296 virtutibus
2766 5243 3011 5296 nostris?
3048 5241 3129 5294 Da
3163 5239 3310 5293 nobis
3353 5238 3612 5291 auxilium

473 5423 518 5456 “
558 5422 715 5477 Joan.
777 5436 832 5485 ι,
899 5418 988 5483 14,
1043 5416 1131 5471 15.
1207 5415 1252 5447 ⁶⁹
1291 5414 1424 5471 Luc.
1469 5431 1618 5482 xxxv,
1674 5417 1724 5470 1.
1802 5416 1849 5447 ⁷⁸
1880 5413 2039 5471 Joan.
2070 5432 2189 5483 xm,
2235 5419 2288 5474 1.

1710 5535 1910 5596 Varia:
1944 5533 2277 5599 lectiones.

437 5643 550 5716 (l8)
588 5642 702 5697 lmo
730 5657 882 5707 vero,
915 5641 1056 5716 idem
1085 5640 1494 5716 Dasjdorabal,
1526 5647 1579 5696 et
1601 5638 1741 5694 idem
1769 5635 2025 5693 Christus
2089 5638 2473 5707 pollicebatur.
2525 5636 2899 5708 Expungenda
2968 5634 3152 5706 itaque
3212 5634 3384 5690 dictio
3443 5633 3615 5700 aliud,

370 5709 490 5772 aute
517 5709 736 5770 sensum
759 5712 1096 5770 contrarium
1128 5709 1308 5764 edicit.
