4076 6204
326 386 466 452 ἶοτ3

1457 380 1847 443 COMMENT.
1888 380 1968 438 ΙΝ
2022 378 2377 440 PSALMOS.

3435 373 3575 441 1075.

394 496 557 553 Ἀντι
613 497 720 551 τοῦ
773 477 1016 563 ἀγαπᾷν
1064 511 1159 564 με,
1217 491 1610 547 ιι-διέεαιλόν
1648 508 1739 558 με.
1776 490 1904 543 Δέον

2080 487 2246 543 Vens.
2284 489 2336 543 δ.
2372 488 2477 543 Pro
2518 507 2598 551 eo,
2636 497 2691 564 ut
2750 505 2829 541 me
2885 488 3178 556 diligerent,
3226 486 3575 541 detrahebant

325 590 547 660 ἀγαπᾷν
600 605 690 659 με,
747 588 1095 654 καθεκάστην
1140 584 1338 647 αὐτοὺς
1362 580 1758 654 εὐεργετοῦντα
1807 581 1902 633 καὶ

324 682 469 751 λόγῳ
503 680 599 734 καὶ
637 679 786 750 ἔργῳ
811 696 825 711 ’
864 679 915 731 οἱ
948 678 1003 731 δὲ
1029 675 1341 730 τούναντίον
1374 671 1761 743 διεκωμῲδούν
1809 685 1901 740 με,

326 774 551 837 ⁸πλάνον,
606 772 702 825 καὶ
752 770 1089 840 παράνομον,
1139 766 1235 821 καλ⁵
1274 765 1523 820 ἀντίθεον
1558 760 1902 817 ἀποκαλοῦνο

331 864 425 925 τές
463 878 554 931 με.

410 953 560 1022 Ἐγὼ
603 952 672 1006 δὲ
708 952 1171 1023 προσηυχόμην.
1204 947 1607 1020 Προσηυχόμην
1638 945 1779 1016 ὑπὲρ
1804 944 1905 998 αύ-

326 1048 456 1099 τῶν·
490 1047 583 1099 καὶ
634 1045 746 1117 γὰρ
806 1048 865 1097 ὲν
921 1047 1034 1107 τοῖς
1094 1041 1451 1112 Εὖαγγελίοις
1507 1037 1905 1111 προσεύχεσθαι

326 1136 359 1187 ὖ
372 1136 471 1206 πὲρ
498 1135 604 1188 τῶν
622 1133 1042 1203 ἐπηρεαζόντων
1059 1132 1471 1202 ἐνομοθέτησεν.
1505 1129 1575 1183 Ἦ
1594 1127 1903 1199 προσηυχό-

304 1245 441 1298 ,μην
498 1226 932 1296 ἐπικαλούμενος
963 1225 1064 1295 τὴν
1092 1224 1244 1296 παρά
1279 1222 1374 1277 σοῦ
1410 1220 1685 1292 βοήθειαν*
1718 1218 1907 1289 διαφό-

340 1337 447 1389 ρως
497 1320 608 1390 γὰρ
661 1322 802 1390 πρὸς
854 1319 949 1372 τὸν
997 1317 1218 1389 Πατέρα
1270 1314 1719 1391 προσευχόμενον
1743 1313 1905 1367 αὐτὸν

331 1410 589 1480 δηλοῦσιν
620 1411 672 1463 οι
706 1398 1117 1478 εύάγγελισταε.

402 1503 506 1557 Καὶ
531 1504 737 1557 ἔθεντο
756 1505 884 1556 κατ’
910 1501 1059 1571 ἐμοῦ
1082 1498 1236 1555 κακὰ
1256 1500 1389 1554 ἀντὶ
1422 1498 1679 1570 ἀγαθῶν.
1699 1495 1874 1567 Εἶργά
1888 1525 1904 1536 -

330 1609 493 1647 σαντο
522 1592 644 1647 κατ’
672 1593 807 1664 ἐμοῦ
834 1592 1005 1659 κακὰ,
1046 1593 1164 1646 ἀνθ’
1185 1586 1259 1647 ὧν
1283 1590 1762 1663 εύηργετήθησαν.

404 1770 506 1824 Kal
542 1770 726 1840 μῖσος
743 1771 880 1826 ἀντὶ
910 1772 1021 1840 τῆς
1050 1771 1413 1844 ἀγαπήσεώς
1435 1789 1577 1842 μου.
1619 1770 1765 1823 Ἀντὶ
1810 1769 1905 1837 τῆς

332 1865 580 1934 ἀγάπης,
608 1863 677 1934 ἢν
706 1863 941 1935 ⁴ἠγάπων
966 1865 1188 1928 αὐτούς.

399 1953 797 2021 Κατὰστησον
808 1953 902 2007 ἐπ’
915 1954 1109 2007 αὐτὸν
1133 1952 1595 2022 ἀμαρτωλόνΧδ
1615 1952 1908 2019 κατάστη-

330 2061 450 2099 σον·
503 2045 599 2099 καὶ
649 2046 719 2117 τὰ
759 2046 911 2116 ἑξῆς,
961 2046 1343 2117 προστακτικά
1390 2063 1451 2099 τε
1501 2048 1597 2100 καὶ
1658 2046 1908 2107 εὐκτικὰ.

332 2139 517 2206 ἔχουσι
551 2137 651 2206 μὲν
684 2137 871 2209 σχῆμα
898 2138 1164 2201 τοιοῦτον,
1202 2136 1482 2207 σημασεαν
1506 2137 1563 2190 δὲ
1596 2136 1905 2206 μέλλοντος,

333 2229 453 2281 ἀντὶ
478 2228 571 2281 τοῦ
591 2229 1065 2297 Καταστήσεται,
1094 2230 1187 2282 καὶ
1217 2229 1533 2295 στήσεται,
1552 2228 1648 2282 καὶ
1669 2228 1909 2294 ἐξελεύ-

332 2337 524 2382 σεται,
561 2322 656 2374 καὶ
683 2322 755 2377 τὰ
801 2321 1049 2376 τοιαῦτα.
1083 2322 1278 2385 Τάξον,
1306 2322 1476 2392 φησιν
1516 2323 1610 2374 ἐπὶ
1633 2320 1733 2392 τὴν
1777 2322 1910 2374 Ἰου-

332 2412 489 2464 διίαν
506 2410 597 2465 τὸν
618 2411 889 2466 διάδολον.
908 2410 1178 2479 Εἱσῆλθε
1189 2413 1318 2484 γὰρ,
1348 2414 1535 2483 φησὶν,
1559 2415 1647 2477 εἰς
1666 2412 1854 2468 αὑτὸνρ
1877 2415 1909 2467 ὀ

334 2499 626 2567 Σατανᾶς.
674 2501 749 2554 Τὸ
788 2501 844 2554 δὲ
875 2504 1294 2567 Κατάστησον,
1330 2503 1454 2555 ἀντὶ
1480 2501 1576 2554 τοῦ
1627 2502 1908 2571 Παραχώ-

326 2610 525 2661 ρησον
576 2593 966 2661 καταστῆναι,
1016 2594 1241 2647 κατὰτὸ
1285 2594 1384 2663 τῆς
1423 2595 1646 2664 Γραφῆς
1687 2592 1903 2664 ἰδίωμα.

339 2686 465 2757 περὶ
491 2679 551 2739 οὗ
584 2683 851 2748 πολλάκις
889 2684 1219 2756 εἰρήκαμεν.

406 2859 517 2914 Kal
547 2860 831 2926 διάϐολος
862 2858 1065 2929 στήτω
1100 2859 1424 2925 ἐκκδπξιῶν
1455 2859 1666 2915 αὐτοῦ.
1708 2861 1911 2930 Στήσε-

336 2970 424 3006 ται
448 2954 514 3005 ἐκ
541 2952 733 3018 δεξιῶν
759 2951 948 3016 αὑτοῦ,
976 2951 1279 3016 τουτέστιν,
1310 2952 1727 3021 οἱκειωθήσεται
1752 2953 1782 3006 ὀ
1805 2953 1909 3004 Σα-

335 3045 509 3107 τανᾶς
535 3043 707 3113 αύτῷ.
745 3043 868 3097 Τῶν
915 3043 1137 3096 οἰκείων
1169 3042 1280 3112 γὰρ
1310 3044 1344 3114 ἡ
1380 3042 1536 3108 δεξιὰ
1577 3042 1792 3106 στάσις.
1818 3042 1910 3097 Διὸ

2005 580 2154 635 mihi.
2212 580 2347 635 Cum
2405 563 2647 652 diligere
2684 596 2770 636 me
2819 581 3159 644 debuissent,
3210 580 3303 648 qui
3356 580 3577 634 assidue

2004 672 2172 726 verbo
2200 678 2255 727 et
2291 687 2454 741 opere
2487 673 2751 729 benelicia
2774 673 2827 728 in
2852 688 2947 728 eos
2981 673 3339 737 contuleram,
3368 672 3422 725 hi
3452 687 3579 725 cou-

2005 770 2089 817 tra
2118 763 2440 819 deridebant
2472 780 2581 827 me,
2615 764 2986 829 seductorem,
3037 762 3310 833 iniquum,
3361 770 3416 817 et
3471 763 3579 817 Deo

2006 855 2381 911 adversarium
2416 856 2756 926 appellantes
2776 856 2849 910 ".

2071 951 2182 1019 Ego
2213 959 2387 1003 autem
2412 948 2651 1004 orabam.
2681 949 2917 1003 Orabam
2943 964 3040 1019 pro
3060 949 3163 1003 eis.
3189 947 3245 1002 In
3276 946 3582 1016 Evangeliis

2007 1043 2205 1113 quippe
2246 1040 2392 1097 orari
2446 1041 2616 1111 jussit
2665 1041 2916 1098 Christus
2946 1057 3045 1111 pro
3092 1042 3579 1097 calumniantibus.

2013 1132 2104 1188 Vel
2130 1133 2399 1188 :Orabam
2422 1134 2685 1189 invocans
2709 1131 2972 1187 auxilium
2992 1142 3169 1188 tuum.
3191 1132 3579 1203 Satpeuutnero

2006 1227 2150 1281 enim
2182 1239 2370 1281 crasse
2399 1239 2523 1280 eum
2550 1226 2613 1279 ad
2645 1224 2884 1292 Patrem,
2919 1225 3119 1282 ibidem
3150 1224 3403 1297 legimus.

2079 1494 2244 1549 Vens.
2275 1494 2327 1551 ὅ.
2367 1494 2438 1550 Et
2465 1507 2753 1566 posuerunt
2782 1498 3059 1554 adversum
3089 1517 3168 1555 me
3197 1501 3339 1555 mala
3369 1518 3464 1571 pro
3491 1501 3584 1556 bo-

2009 1590 2112 1643 nis.
2145 1587 2272 1657 Ipsi,
2313 1589 2511 1660 inquit,
2542 1598 2740 1645 contra
2801 1593 3010 1661 operati
3041 1602 3170 1649 sunt
3199 1595 3254 1648 in
3284 1609 3369 1648 me
3421 1594 3585 1653 mala,

2011 1696 2107 1750 pro
2147 1681 2416 1736 benticiiis
2440 1696 2469 1735 a
2502 1697 2588 1738 me
2628 1683 2681 1738 in
2710 1699 2807 1739 eos
2838 1685 3077 1742 collatis.

2085 1770 2150 1824 Et
2187 1773 2364 1827 odium
2386 1789 2483 1841 pro
2512 1774 2792 1830 dilectione
2822 1793 2959 1831 mea.
2994 1776 3097 1833 Pro
3134 1777 3449 1843 dilectione,
3483 1794 3588 1847 qua

2011 1880 2108 1920 eos
2137 1868 2535 1936 prosequebar.

2083 1955 2252 2011 Vens.
2285 1957 2339 2012 6.
2359 1956 2632 2013 Constitue
2652 1974 2808 2027 super
2832 1976 2947 2013 eam
2970 1969 3317 2028 peccatorem.
3344 1960 3583 2016 Verbum

2011 2047 2376 2109 Constitue.et
2397 2048 2502 2102 alia
2530 2048 2694 2103 verba
2726 2049 3058 2118 impetrativi
3089 2058 3144 2105 et
3168 2047 3393 2118 optativi
3415 2049 3586 2111 modi,

2011 2153 2133 2207 quae
2156 2149 2482 2209 sequuntur,
2514 2153 2830 2209 quanquam
2855 2138 2959 2194 sub
2988 2138 3262 2210 ejusmodi
3303 2138 3469 2208 figura
3504 2144 3585 2191 lo-

2012 2230 2214 2299 quendi
2264 2231 2373 2285 sint
2423 2230 2621 2301 posita,
2672 2230 2874 2286 habent
2914 2238 3097 2284 tamen
3134 2214 3588 2300 significationem

2016 2320 2189 2375 futuri
2225 2322 2513 2392 temporis,
2551 2336 2616 2376 ac
2656 2322 2702 2377 si
2742 2321 2973 2376 dixisset
3005 2340 3018 2375 :
3051 2320 3371 2384 Constituet,
3405 2323 3586 2385 stabit,

2011 2414 2198 2476 exibit,
2246 2420 2301 2468 et
2340 2418 2421 2468 sic
2481 2415 2547 2466 de
2578 2412 2814 2481 singulis
2859 2430 2871 2464 :
2908 2411 3213 2478 Constituc,
3248 2413 3447 2482 inquit,
3478 2414 3593 2467 dia-

2011 2503 2194 2559 bolum
2232 2517 2398 2572 super
2438 2501 2631 2556 Judam
2668 2522 2681 2556 :
2710 2503 2929 2556 intravit
2958 2503 3125 2568 enim,
3157 2510 3220 2558 ut
3249 2503 3477 2574 legimus
3537 2505 3589 2557 in

2011 2595 2329 2664 Evangelia,
2349 2595 2405 2647 in
2428 2609 2545 2647 eum
2563 2592 2797 2648 Satanas
2828 2593 2892 2648 ⁷⁸.
2925 2592 3199 2650 Constitue
3228 2608 3359 2649 vero
3387 2596 3590 2663 posuit,

2013 2703 2111 2757 pro
2133 2685 2390 2740 Permitte
2422 2685 2706 2748 constitui,
2745 2685 2901 2754 juxta
2954 2686 3233 2757 peculiare
3272 2685 3406 2740 illud
3439 2685 3591 2740 Scri-

2014 2790 2185 2851 ptura:
2217 2779 2443 2846 idioma,
2474 2779 2541 2833 de
2573 2792 2682 2848 quo
2710 2790 2853 2847 ειυρο
2883 2777 3144 2831 diximus.

2087 2872 2154 2925 Et
2191 2871 2436 2925 diabolus
2469 2880 2570 2925 stet
2623 2887 2654 2923 a
2695 2870 2927 2924 dexteris
2955 2869 3090 2938 ejus.
3129 2868 3241 2923 lloc
3281 2877 3390 2934 est,
3420 2869 3513 2924 [let
3540 2869 3589 2923 ei

2015 2965 2249 3019 Satanas
2286 2961 2823 3018 familiarisnolent
2848 2962 2993 3017 enim
3030 2960 3334 3016 familiares
3371 2974 3439 3029 ac
3489 2959 3589 3013 do-

2012 3056 2227 3111 mestici
2261 3054 2493 3125 alicujus
2525 3064 2674 3111 stare
2700 3054 2749 3108 ei
2771 3068 2798 3107 a
2825 3052 3052 3108 dextris.
3082 3054 3256 3122 Atque
3287 3051 3593 3121 ideojustis

338 3136 434 3189 καὶ
496 3136 547 3188 oi
601 3135 804 3190 δίκαιοι
854 3135 1006 3206 παρά
1033 3134 1109 3204 τῷ
1143 3135 1262 3204 Θεῷ
1290 3134 1394 3204 τῆς
1419 3134 1603 3202 δεξιᾶς
1629 3134 1908 3201 ἀξιοῦνται

2022 3148 2165 3203 Deus
2204 3149 2452 3203 dextram
2480 3148 2761 3219 regionem
2796 3147 2850 3200 in
2890 3145 3073 3199 futuro
3101 3145 3313 3213 judicio
3344 3145 3594 3214 assigna-

338 3227 584 3290 στάσεως
602 3245 616 3258 ’
648 3228 742 3280 καὶ
775 3228 982 3297 ἑτέρως
1011 3226 1088 3290 δὲ,
1123 3224 1393 3296 Στήσεται
1422 3227 1489 3279 εκ
1510 3224 1702 3290 δεξιῶν
1722 3223 1912 3287 αὐτοῦ,

338 3316 594 3370 τουτέστι
628 3315 810 3382 δεξιάς
848 3316 1077 3385 πράξεις
1127 3315 1428 3369 ἀποτελῶν.
1456 3316 1522 3369 Ei
1560 3316 1618 3369 δὲ
1650 3315 1745 3369 καὶ
1785 3315 1918 3386 περὶ

350 3407 531 3475 Ἰησοῦ
552 3407 646 3461 τοῦ
679 3408 925 3478 μεγάλου
957 3406 1265 3477 ἀρχιερέως
1311 3406 1653 3477 γέγραπται,
1700 3408 1783 3461 ὃτι
1822 3408 1917 3461 καὶ

341 3504 375 3556 ὁ
399 3499 677 3568 διάϐολος
722 3499 988 3569 εἱστήκει
1039 3499 1111 3555 ἐκ
1140 3499 1357 3563 δεξιῶν
1380 3500 1570 3555 αὑτοῦ
1592 3514 1604 3528 ⁸
1634 3500 1749 3554 ἀλλ’
1800 3501 1920 3553 ἐκεῖ

344 3594 635 3662 πρόκειται
686 3580 769 3648 δτι
819 3594 913 3647 τοῦ
951 3593 1271 3663 ἀντιστῆναι
1317 3592 1466 3664 αύτῷ
1498 3612 1513 3626 ’
1542 3592 1672 3665 ἔστη
1717 3591 1827 3665 γὰρ
1851 3593 1917 3648 ὲκ

342 3683 456 3735 τῶν
503 3682 698 3748 δεξιῶν
765 3681 932 3737 αὑτοῦ
994 3685 1308 3756 μαχόμενος
1356 3685 1477 3748 ταῖς
1516 3684 1717 3750 δεξιαῖς
1749 3683 1915 3738 αὐτοῦ

345 3775 631 3845 πράξεσιν.

418 3956 522 4013 Ἐν
550 3957 629 4025 τῷ
664 3959 976 4027 κρίνεσθαι
1027 3958 1235 4026 αὐτὸν,
1265 3958 1501 4024 ἐξέλθοι
1527 3959 1917 4017 καταδεδικα-

340 4051 587 4120 σμένος.
670 4053 761 4106 Ἐν
806 4052 885 4124 τῷ
936 4054 1224 4124 κρίνεσθαι
1277 4053 1444 4107 αὐτὸν
1498 4051 1605 4106 ὑπὸ
1634 4053 1730 4107 τοῦ
1784 4053 1916 4108 ἰδίου

347 4146 671 4211 συνειδότος,
713 4145 1064 4211 ἐξελεύσεται
1115 4146 1224 4200 ἀπὸ
1280 4146 1373 4200 τοῦ
1431 4145 1707 4217 συνεδρίου
1748 4165 1916 4201 κατα-

347 4238 674 4307 κεκριμένος
698 4254 714 4270 ⁸
754 4239 851 4291 καὶ
885 4242 1329 4310 Μεταμε.1ηθεές
1369 4239 1500 4311 γὰρ,
1537 4241 1721 4309 φησὶν,
1744 4226 1750 4233 ’
1772 4241 1919 4298 ἀπέ-

344 4333 574 4399 στρεψε
621 4331 693 4386 τὰ
750 4331 1067 4399 τριάκοντα
1132 4333 1380 4401 ἀργύρια
1417 4332 1543 4397 τοῖς
1575 4333 1919 4403 ἀρχιερεῦσι

346 4420 443 4474 καὶ
464 4422 577 4483 τοῖς
608 4421 1025 4492 πρεσϐυτέροις,
1058 4422 1259 4491 λέγων·
1293 4424 1591 4493 Ἥμαρτον
1610 4425 1918 4493 παραδοὺς

2021 3240 2117 3295 vit.
2146 3238 2212 3293 Et
2239 3238 2396 3294 aliter
2423 3256 2439 3295 :
2477 3237 2736 3293 Diabolus
2793 3236 2963 3292 stabit
2987 3251 3015 3290 a
3046 3236 3257 3291 dextris
3286 3235 3426 3302 ejus,
3461 3233 3596 3287 dex-

2022 3342 2134 3387 tras
2163 3332 2311 3387 illius
2342 3330 2692 3403 operationes
2744 3331 2989 3400 rapiens.
3043 3328 3199 3395 Quod
3233 3327 3280 3383 si
3328 3326 3470 3397 apud
3497 3325 3598 3380 Za-

2019 3425 2264 3479 chariam
2347 3424 2670 3495 prophetam
2717 3424 2984 3493 scriptum
3052 3422 3287 3492 legimus
3336 3419 3409 3475 de
3468 3418 3596 3475 Jesu

2019 3515 2215 3586 Magno
2276 3515 2559 3583 pontiﬁce,
2615 3513 2762 3583 quod
2824 3512 3069 3566 diabolus
3123 3512 3329 3565 steterit
3383 3528 3414 3563 a
3463 3509 3597 3563 des:-

2020 3604 2118 3658 tris
2148 3602 2262 3672 ejus
2295 3602 2363 3669 ⁷³,
2395 3600 2949 3657 animadvertendum
2996 3607 3101 3661 est,
3137 3600 3251 3655 illic
3299 3597 3425 3652 addi
3462 3613 3597 3651 cau-

2018 3711 2158 3759 sam,
2211 3702 2270 3750 ut
2325 3695 2711 3750 adversaretur
2766 3694 2846 3747 ei.
2905 3693 3067 3747 Stetit
3125 3693 3268 3746 enim
3316 3707 3345 3744 a
3392 3692 3598 3744 dextris

2017 3785 2184 3856 ejus,
2228 3793 2287 3840 ut
2325 3784 2491 3851 bona,
2526 3800 2589 3840 at:
2637 3783 2860 3840 dextera
2915 3782 3061 3837 illius
3110 3797 3276 3853 Opera
3310 3781 3599 3852 impugna-

2020 3887 2126 3933 Υθῑ.

2089 3968 2259 4025 Vens.
2289 3969 2343 4023 7.
2379 3969 2511 4024 Cum
2529 3966 2823 4037 judicetur,
2851 3973 3003 4020 exeat
3031 3963 3429 4019 condemnatus.
3460 3963 3595 4017 Cum

2025 4078 2055 4119 a
2082 4077 2269 4119 morsu
2322 4061 2559 4132 prOpria‘:
2594 4058 2947 4116 conscientiae
2980 4056 3381 4111 condemnatus
3413 4053 3599 4116 fuerit.

2017 4154 2192 4212 exibit
2227 4154 2294 4210 ds
2322 4151 2632 4209 Iudaeorum
2667 4148 2905 4205 concilio
2931 4147 3323 4203 condemnatus
3366 4163 3380 4200 :
3425 4145 3602 4199 Poeni-

2023 4250 2188 4304 tentia
2218 4247 2364 4305 enim
2388 4246 2577 4300 ductus
2642 4241 2822 4297 retulit
2876 4241 3093 4311 triginta
3135 4249 3408 4310 argenteos
3456 4240 3603 4309 prin-

2020 4344 2219 4409 cipibus
2238 4342 2595 4402 sacerdotum,
2635 4345 2689 4392 et
2717 4333 3052 4395 senioribus,
3088 4332 3280 4388 dicens
3323 4349 3337 4387 :
3381 4330 3602 4386 Peccavi

2022 4431 2236 4487 tradens
2269 4433 2582 4500 sanguinem
2615 4428 2970 4482 innocentem.
3000 4423 3092 4478 Illi
3118 4435 3294 4477 autem
3326 4423 3600 4484 dixerunt,

344 4510 491 4581 αἷμα
534 4513 750 4569 ἀθῶον.
808 4518 873 4568 Ol
920 4513 990 4568 δᾶ
1042 4510 1216 4569 εἷπον
1243 4532 1256 4547 ·
1293 4517 1355 4569 TI
1386 4517 1539 4585 πρὸς
1586 4514 1788 4587 ἠμᾶς;
1833 4518 1913 4574 σὺ

2026 4522 2169 4590 Quid
2189 4521 2258 4576 ad
2279 4520 2411 4575 nos?
2444 4529 2500 4572 tu
2517 4517 2713 4573 videbis
2732 4514 2801 4571 ".
2832 4516 2873 4569 Δ
2902 4514 3087 4583 seipso
3126 4513 3311 4582 itaque
3344 4520 3506 4581 atque
3538 4512 3607 4565 ab

349 4606 486 4674 ὄψει
509 4621 524 4637 ’
545 4606 639 4676 ὑφ’
667 4607 866 4661 ἑαυτοῦ
911 4607 1379 4680 γὰρ’κατεκριθη,
1412 4610 1507 4664 καὶ
1527 4609 1622 4664 ὑπ’
1648 4609 1878 4665 ἐκείνων
1901 4627 1917 4643 ·

348 4698 745 4767 καταγνώσεως
765 4698 875 4771 γὰρ
898 4700 981 4763 τὺ,
1012 4698 1096 4753 Σὺ
1124 4700 1282 4767 ὄψει.

420 4792 529 4846 Kal
557 4794 596 4861 ἠ
618 4792 936 4862 προσευχὴ
964 4791 1153 4847 αὐτοῦ
1181 4793 1446 4861 γενέσθω
1486 4795 1576 4860 sic
1604 4795 1923 4864 ἁμαρτίαν.

353 4884 785 4955 Εξςὰποτυχίαν.
811 4885 942 4939 Ὅτε
965 4885 1072 4956 γὰρ
1095 4884 1360 4938 ἀπέκλινε
1389 4884 1524 4954 πρὸς
1547 4886 1675 4950 τοὺς
1702 4886 1929 4956 ἐχθροὺς

350 4976 447 5030 τοῦ
478 4978 735 5049 Χριστοῦ,
763 4976 1102 5048 προσηύχετο
1127 4978 1242 5047 μετ’
1272 4977 1450 5031 αὐτῶν
1480 4973 1931 5049 ὲξολοθρευθῆναι

353 5070 446 5123 καὶ
466 5070 556 5123 τὸν
577 5070 833 5141 Χριστὸν,
860 5072 956 5125 καὶ
980 5071 1043 5124 τὸ
1067 5070 1417 5143 μνημόσυνον
1441 5071 1612 5126 αὐτοῦ
1637 5087 1652 5103 °
1676 5073 1709 5143 ἢ
1739 5071 1930 5136 ἁπλῶς

354 5163 715 5229 ἀποτεύξεται
760 5158 837 5218 ὧν
875 5164 1036 5225 αἰτεῖ,
1065 5163 1156 5218 διά
1197 5164 1298 5233 τὴν
1335 5163 1672 5235 δυστροπίαν
1722 5163 1927 5217 αὐτῶν.

2029 4614 2139 4670 illis
2168 4614 2371 4684 pariter
2392 4611 2789 4667 condemnatus
2814 4619 2928 4664 est:
2955 4605 3440 4662 condemnandum
3459 4603 3603 4658 enim

2032 4706 2193 4762 verba
2218 4712 2385 4760 sunt:
2425 4698 2504 4757 Tu
2543 4700 2765 4757 videbis.

2104 4795 2175 4850 Et
2206 4795 2381 4850 oratio
2426 4794 2542 4864 ejus
2567 4793 2667 4862 ﬁat
2715 4793 2772 4845 in
2803 4805 3056 4846 errorem.
3100 4790 3354 4855 Aberret,
3407 4789 3605 4859 inquit,

2036 4889 2158 4962 ejus
2192 4890 2372 4946 oratio
2432 4896 2486 4944 ct
2541 4903 2651 4942 non
2719 4895 3110 4957 consequatur,
3158 4883 3302 4956 quod
3347 4882 3604 4955 postulat.

2036 4980 2274 5051 Optabat
2305 4981 2450 5037 enim
2477 4974 2673 5045 ludas,
2706 4979 2959 5048 votisque
2993 4992 3057 5033 ac
3082 4977 3337 5049 precibus
3370 4976 3487 5045 ipse
3514 4989 3607 5049 pa-

2036 5073 2193 5136 riter,
2222 5087 2288 5127 ac
2309 5071 2514 5126 Christi
2554 5068 2787 5136 inimici,
2814 5069 3018 5140 quibus
3049 5084 3108 5123 se
3134 5069 3519 5136 coniunxerat,
3553 5064 3603 5115 id
3689 5141 3694 5145 _

2035 5179 2207 5217 unum
2260 5163 2540 5232 petebant,
2602 5172 2664 5216 ut
2718 5161 3181 5216 exterminaretur
3240 5155 3516 5216 Christus.
3553 5161 3607 5206 et

352 5263 475 5333 ejus
496 5263 756 5319 memoria
771 5262 1270 5320 delereturJnanis
1292 5263 1457 5334 igitur
1489 5261 1923 5332 fuithujusmodi
1961 5279 2152 5319 eorum
2184 5265 2384 5329 oratio,
2418 5269 2474 5322 et
2516 5272 2721 5319 votum.
2753 5257 2870 5322 Vel,
2900 5254 3231 5326 generaliter
3292 5251 3459 5305 etiam
3522 5250 3609 5304 di.

356 5360 454 5423 cit,
488 5358 634 5429 quod
673 5358 853 5413 omnis
881 5358 1002 5428 ejus
1035 5357 1211 5413 oratio
1265 5356 1561 5422 aberrabit,
1594 5355 1742 5427 quod
1793 5371 1903 5411 non
1938 5356 2154 5414 fruetur
2192 5359 2398 5433 optatis
2422 5359 2611 5424 rebus,
2644 5354 2716 5410 ob
2760 5361 2959 5422 pravos
3007 5360 3072 5401 ac
3138 5357 3431 5416 perversos
3502 5342 3610 5398 sci-

358 5452 487 5509 licet
517 5456 635 5524 ejus
673 5466 873 5508 mores.

430 5549 875 5618 Γενηθήτωσαν
885 5550 945 5602 al
970 5546 1175 5618 ἡμέραι
1198 5548 1384 5603 αὐτοῦ
1407 5548 1624 5618 ὀλίγαι.
1655 5548 1926 5621 Τελευτή-

364 5659 445 5696 σει
470 5641 700 5711 ταχέως.
724 5640 877 5695 Μετά
903 5639 1010 5710 γὰρ
1029 5639 1128 5711 τὴν
1154 5638 1445 5708 προδοσίαν
1460 5639 1641 5710 ὀλίγον
1663 5640 1923 5712 ἐπέζησε,

365 5740 460 5794 καὶ
490 5737 653 5801 εὐθὺς
683 5735 989 5806 ἀπήγξατο.

2102 5545 2272 5602 Vens.
2304 5546 2358 5601 8.
2392 5544 2555 5598 Fiant
2578 5541 2691 5595 dies
2715 5538 2830 5608 ejus
2853 5533 3028 5605 pauci.
3063 5530 3181 5586 Cito
3198 5538 3321 5602 post
3342 5526 3609 5599 proditio-

2035 5655 2160 5694 nem
2196 5638 2486 5693 morietur.
2525 5632 2741 5689 Modico
2769 5628 2916 5684 enim
2968 5632 3224 5694 tempore
3274 5619 3601 5693 supervixit.

2035 5744 2161 5784 cum
2197 5728 2360 5800 paulo
2385 5735 2510 5796 post
2546 5722 2851 5781 suﬂ'ocatus
2873 5717 2961 5775 sit.

443 5854 483 5886 "
532 5849 723 5906 Matth.
759 5868 808 5922 ν,
843 5850 933 5906 Η.
1008 5848 1056 5882 ⁷³
1108 5845 1268 5905 Joan.
1318 5862 1436 5904 xm.
1490 5848 1580 5906 27.
1660 5849 1711 5919 τις
1742 5846 1913 5903 Zach:

2038 5859 2117 5909 Ill,
2160 5844 2209 5897 ί.
2287 5843 2332 5875 ⁷⁸
2354 5841 2550 5897 Matth.
2604 5852 2776 5903 χχιιι,
2815 5834 2870 5903 5,
2908 5834 2961 5890 ὁ.
