  <div class='ocr_page' id='page_1' title='image "/cluster/home/n/w/nwhite01/storage/ocr_20150623/128/hvd.32044073502403/543.png"; bbox 0 0 4076 6204; ppageno 0'>
   <div class='ocr_carea' id='block_1_1' title="bbox 513 325 658 390">
    <p class='ocr_par' dir='ltr' id='par_1_1' title="bbox 513 325 658 390">
     <span class='ocr_line' id='line_1_1' title="bbox 513 325 658 390; baseline 0 0"><span class='ocrx_word' id='word_1_1' title='bbox 513 325 658 390; x_wconf 81' lang='grc' dir='ltr'><strong>1θ75</strong></span> 
     </span>
    </p>
   </div>
   <div class='ocr_carea' id='block_1_2' title="bbox 1707 326 2491 388">
    <p class='ocr_par' dir='ltr' id='par_1_2' title="bbox 1707 326 2491 388">
     <span class='ocr_line' id='line_1_2' title="bbox 1707 326 2491 388; baseline 0.001 -1"><span class='ocrx_word' id='word_1_2' title='bbox 1707 327 2090 388; x_wconf 75' lang='lat' dir='ltr'><strong>EUTIIYMII</strong></span> <span class='ocrx_word' id='word_1_3' title='bbox 2130 326 2491 388; x_wconf 71' lang='lat' dir='ltr'><strong>ZIGABENI</strong></span> 
     </span>
    </p>
   </div>
   <div class='ocr_carea' id='block_1_3' title="bbox 3630 329 3781 397">
    <p class='ocr_par' dir='ltr' id='par_1_3' title="bbox 3630 329 3781 397">
     <span class='ocr_line' id='line_1_3' title="bbox 3630 329 3781 397; baseline -0.02 0"><span class='ocrx_word' id='word_1_4' title='bbox 3630 329 3781 397; x_wconf 79' lang='grc'><strong>1076</strong></span> 
     </span>
    </p>
   </div>
   <div class='ocr_carea' id='block_1_4' title="bbox 581 441 2093 515">
    <p class='ocr_par' dir='ltr' id='par_1_4' title="bbox 581 441 2074 514">
     <span class='ocr_line' id='line_1_4' title="bbox 581 441 2074 514; baseline -0.003 -17"><span class='ocrx_word' id='word_1_5' title='bbox 581 441 648 497; x_wconf 81' lang='lat' dir='ltr'><strong>Et</strong></span> <span class='ocrx_word' id='word_1_6' title='bbox 687 444 1040 514; x_wconf 80' lang='lat' dir='ltr'><strong>episcOpatum</strong></span> <span class='ocrx_word' id='word_1_7' title='bbox 1073 443 1190 512; x_wconf 83' lang='lat' dir='ltr'><strong>ejus</strong></span> <span class='ocrx_word' id='word_1_8' title='bbox 1215 443 1442 512; x_wconf 83' lang='lat' dir='ltr'><strong>accipiat</strong></span> <span class='ocrx_word' id='word_1_9' title='bbox 1477 444 1634 497; x_wconf 87' lang='lat' dir='ltr'><strong>alter.</strong></span> <span class='ocrx_word' id='word_1_10' title='bbox 1672 443 1930 496; x_wconf 79' lang='lat' dir='ltr'><strong>Mattltias</strong></span> <span class='ocrx_word' id='word_1_11' title='bbox 1961 444 2074 496; x_wconf 74' lang='lat' dir='ltr'><strong>sci-</strong></span> 
     </span>
    </p>
   </div>
   <div class='ocr_carea' id='block_1_5' title="bbox 2201 441 3778 515">
    <p class='ocr_par' dir='ltr' id='par_1_5' title="bbox 2253 443 3778 515">
     <span class='ocr_line' id='line_1_5' title="bbox 2253 443 3778 515; baseline -0.001 -19"><span class='ocrx_word' id='word_1_12' title='bbox 2253 445 2366 498; x_wconf 81' lang='grc' dir='ltr'><strong>Καὶ</strong></span> <span class='ocrx_word' id='word_1_13' title='bbox 2417 445 2532 510; x_wconf 79' lang='grc' dir='ltr'><strong>τὴν</strong></span> <span class='ocrx_word' id='word_1_14' title='bbox 2563 443 2910 513; x_wconf 74' lang='grc' dir='ltr'><strong>ἐπισκοπὴν</strong></span> <span class='ocrx_word' id='word_1_15' title='bbox 2943 446 3132 500; x_wconf 84' lang='grc' dir='ltr'><strong>αὐτοῦ</strong></span> <span class='ocrx_word' id='word_1_16' title='bbox 3185 446 3360 500; x_wconf 71' lang='grc' dir='ltr'><strong>λάϐοι</strong></span> <span class='ocrx_word' id='word_1_17' title='bbox 3388 444 3618 514; x_wconf 75' lang='grc' dir='ltr'><strong>ἔτερος.</strong></span> <span class='ocrx_word' id='word_1_18' title='bbox 3652 448 3778 515; x_wconf 74' lang='grc' dir='ltr'><strong>Τη..</strong></span> 
     </span>
    </p>
   </div>
   <div class='ocr_carea' id='block_1_6' title="bbox 511 534 2083 604">
    <p class='ocr_par' dir='ltr' id='par_1_6' title="bbox 511 534 2083 604">
     <span class='ocr_line' id='line_1_6' title="bbox 511 534 2083 604; baseline -0.001 -15"><span class='ocrx_word' id='word_1_19' title='bbox 511 534 660 598; x_wconf 86' lang='lat' dir='ltr'><strong>licet,</strong></span> <span class='ocrx_word' id='word_1_20' title='bbox 705 535 797 604; x_wconf 87' lang='lat' dir='ltr'><strong>qui</strong></span> <span class='ocrx_word' id='word_1_21' title='bbox 834 534 982 588; x_wconf 91' lang='lat' dir='ltr'><strong>illius</strong></span> <span class='ocrx_word' id='word_1_22' title='bbox 1019 535 1383 602; x_wconf 77' lang='lat' dir='ltr'><strong>apostolatum</strong></span> <span class='ocrx_word' id='word_1_23' title='bbox 1419 536 1649 591; x_wconf 88' lang='lat' dir='ltr'><strong>sortitus</strong></span> <span class='ocrx_word' id='word_1_24' title='bbox 1695 543 1781 590; x_wconf 86' lang='lat' dir='ltr'><strong>est</strong></span> <span class='ocrx_word' id='word_1_25' title='bbox 1835 535 2083 604; x_wconf 78' lang='lat' dir='ltr'><strong>Apostoli</strong></span> 
     </span>
    </p>
   </div>
   <div class='ocr_carea' id='block_1_7' title="bbox 511 627 2086 698">
    <p class='ocr_par' dir='ltr' id='par_1_7' title="bbox 511 627 2086 698">
     <span class='ocr_line' id='line_1_7' title="bbox 511 627 2086 698; baseline -0.001 -15"><span class='ocrx_word' id='word_1_26' title='bbox 511 629 729 698; x_wconf 77' lang='lat' dir='ltr'><strong>quippe,</strong></span> <span class='ocrx_word' id='word_1_27' title='bbox 754 627 1021 694; x_wconf 81' lang='lat' dir='ltr'><strong>episcopi,</strong></span> <span class='ocrx_word' id='word_1_28' title='bbox 1049 627 1153 681; x_wconf 87' lang='lat' dir='ltr'><strong>hoc</strong></span> <span class='ocrx_word' id='word_1_29' title='bbox 1177 638 1281 692; x_wconf 89' lang='lat' dir='ltr'><strong>est,</strong></span> <span class='ocrx_word' id='word_1_30' title='bbox 1317 628 1578 683; x_wconf 79' lang='lat' dir='ltr'><strong>custodes</strong></span> <span class='ocrx_word' id='word_1_31' title='bbox 1615 636 1774 683; x_wconf 85' lang='lat' dir='ltr'><strong>erant</strong></span> <span class='ocrx_word' id='word_1_32' title='bbox 1813 636 1868 682; x_wconf 89' lang='lat' dir='ltr'><strong>et</strong></span> <span class='ocrx_word' id='word_1_33' title='bbox 1903 637 2086 697; x_wconf 82' lang='lat' dir='ltr'><strong>pasto-</strong></span> 
     </span>
    </p>
   </div>
   <div class='ocr_carea' id='block_1_8' title="bbox 513 719 992 773">
    <p class='ocr_par' dir='ltr' id='par_1_8' title="bbox 513 719 992 773">
     <span class='ocr_line' id='line_1_8' title="bbox 513 719 992 773; baseline -0.004 0"><span class='ocrx_word' id='word_1_34' title='bbox 513 736 596 773; x_wconf 83' lang='lat' dir='ltr'><strong>res</strong></span> <span class='ocrx_word' id='word_1_35' title='bbox 632 719 992 773; x_wconf 78' lang='lat' dir='ltr'><strong>credentium.</strong></span> 
     </span>
    </p>
   </div>
   <div class='ocr_carea' id='block_1_9' title="bbox 581 895 2084 970">
    <p class='ocr_par' dir='ltr' id='par_1_9' title="bbox 581 895 2084 970">
     <span class='ocr_line' id='line_1_9' title="bbox 581 895 2084 970; baseline 0.004 -24"><span class='ocrx_word' id='word_1_36' title='bbox 581 895 748 951; x_wconf 78' lang='lat' dir='ltr'><strong>Vens.</strong></span> <span class='ocrx_word' id='word_1_37' title='bbox 777 897 828 954; x_wconf 90' lang='lat'><strong>9.</strong></span> <span class='ocrx_word' id='word_1_38' title='bbox 870 897 1030 952; x_wconf 84' lang='lat' dir='ltr'><strong>Fiant</strong></span> <span class='ocrx_word' id='word_1_39' title='bbox 1058 898 1160 967; x_wconf 79' lang='lat' dir='ltr'><strong>ﬁlii</strong></span> <span class='ocrx_word' id='word_1_40' title='bbox 1189 899 1304 968; x_wconf 85' lang='lat' dir='ltr'><strong>ejus</strong></span> <span class='ocrx_word' id='word_1_41' title='bbox 1337 898 1580 970; x_wconf 83' lang='lat' dir='ltr'><strong>orphani,</strong></span> <span class='ocrx_word' id='word_1_42' title='bbox 1613 907 1662 953; x_wconf 90' lang='lat' dir='ltr'><strong>et</strong></span> <span class='ocrx_word' id='word_1_43' title='bbox 1692 915 1825 952; x_wconf 71' lang='lat' dir='ltr'><strong>uxor</strong></span> <span class='ocrx_word' id='word_1_44' title='bbox 1859 899 1974 966; x_wconf 88' lang='lat' dir='ltr'><strong>ejus</strong></span> <span class='ocrx_word' id='word_1_45' title='bbox 2006 899 2084 952; x_wconf 83' lang='lat' dir='ltr'><strong>vi-</strong></span> 
     </span>
    </p>
   </div>
   <div class='ocr_carea' id='block_1_10' title="bbox 508 987 2087 1063">
    <p class='ocr_par' dir='ltr' id='par_1_10' title="bbox 508 987 2087 1063">
     <span class='ocr_line' id='line_1_10' title="bbox 508 987 2087 1063; baseline 0.002 -20"><span class='ocrx_word' id='word_1_46' title='bbox 508 991 637 1046; x_wconf 86' lang='lat' dir='ltr'><strong>dua.</strong></span> <span class='ocrx_word' id='word_1_47' title='bbox 677 987 824 1052; x_wconf 64' lang='lat' dir='ltr'><strong>Haec,</strong></span> <span class='ocrx_word' id='word_1_48' title='bbox 851 999 906 1044; x_wconf 88' lang='lat' dir='ltr'><strong>ct</strong></span> <span class='ocrx_word' id='word_1_49' title='bbox 957 1006 1079 1061; x_wconf 76' lang='lat' dir='ltr'><strong>qua:</strong></span> <span class='ocrx_word' id='word_1_50' title='bbox 1130 999 1439 1062; x_wconf 89' lang='lat' dir='ltr'><strong>sequuntur</strong></span> <span class='ocrx_word' id='word_1_51' title='bbox 1472 993 1537 1047; x_wconf 92' lang='lat' dir='ltr'><strong>ad</strong></span> <span class='ocrx_word' id='word_1_52' title='bbox 1571 990 1768 1047; x_wconf 85' lang='lat' dir='ltr'><strong>Judam</strong></span> <span class='ocrx_word' id='word_1_53' title='bbox 1814 993 2087 1063; x_wconf 88' lang='lat' dir='ltr'><strong>pertinere</strong></span> 
     </span>
    </p>
   </div>
   <div class='ocr_carea' id='block_1_11' title="bbox 511 1083 2086 1151">
    <p class='ocr_par' dir='ltr' id='par_1_11' title="bbox 511 1083 2086 1151">
     <span class='ocr_line' id='line_1_11' title="bbox 511 1083 2086 1151; baseline -0.001 -15"><span class='ocrx_word' id='word_1_54' title='bbox 511 1099 617 1136; x_wconf 86' lang='lat' dir='ltr'><strong>non</strong></span> <span class='ocrx_word' id='word_1_55' title='bbox 657 1083 930 1146; x_wconf 71' lang='lat' dir='ltr'><strong>ridentur,</strong></span> <span class='ocrx_word' id='word_1_56' title='bbox 963 1098 1087 1137; x_wconf 89' lang='lat' dir='ltr'><strong>cum</strong></span> <span class='ocrx_word' id='word_1_57' title='bbox 1124 1083 1192 1138; x_wconf 86' lang='lat' dir='ltr'><strong>de</strong></span> <span class='ocrx_word' id='word_1_58' title='bbox 1223 1099 1414 1147; x_wconf 84' lang='lat' dir='ltr'><strong>uxore,</strong></span> <span class='ocrx_word' id='word_1_59' title='bbox 1441 1092 1534 1138; x_wconf 90' lang='lat' dir='ltr'><strong>aut</strong></span> <span class='ocrx_word' id='word_1_60' title='bbox 1570 1083 1636 1138; x_wconf 89' lang='lat' dir='ltr'><strong>de</strong></span> <span class='ocrx_word' id='word_1_61' title='bbox 1668 1083 1793 1139; x_wconf 88' lang='lat' dir='ltr'><strong>ﬁliis</strong></span> <span class='ocrx_word' id='word_1_62' title='bbox 1820 1084 1961 1151; x_wconf 84' lang='lat' dir='ltr'><strong>eius,</strong></span> <span class='ocrx_word' id='word_1_63' title='bbox 1994 1098 2086 1138; x_wconf 87' lang='lat' dir='ltr'><strong>sa-</strong></span> 
     </span>
    </p>
   </div>
   <div class='ocr_carea' id='block_1_12' title="bbox 509 1174 2086 1246">
    <p class='ocr_par' dir='ltr' id='par_1_12' title="bbox 509 1174 2086 1246">
     <span class='ocr_line' id='line_1_12' title="bbox 509 1174 2086 1246; baseline -0.001 -18"><span class='ocrx_word' id='word_1_64' title='bbox 509 1190 601 1228; x_wconf 88' lang='lat' dir='ltr'><strong>cra</strong></span> <span class='ocrx_word' id='word_1_65' title='bbox 642 1174 882 1230; x_wconf 77' lang='lat' dir='ltr'><strong>Historia</strong></span> <span class='ocrx_word' id='word_1_66' title='bbox 945 1175 1106 1231; x_wconf 89' lang='lat' dir='ltr'><strong>nobis</strong></span> <span class='ocrx_word' id='word_1_67' title='bbox 1164 1176 1305 1231; x_wconf 88' lang='lat' dir='ltr'><strong>nihil</strong></span> <span class='ocrx_word' id='word_1_68' title='bbox 1369 1177 1676 1231; x_wconf 87' lang='lat' dir='ltr'><strong>tradiderit.</strong></span> <span class='ocrx_word' id='word_1_69' title='bbox 1735 1178 1912 1246; x_wconf 82' lang='lat' dir='ltr'><strong>Atque</strong></span> <span class='ocrx_word' id='word_1_70' title='bbox 1963 1175 2086 1229; x_wconf 89' lang='lat' dir='ltr'><strong>ideo</strong></span> 
     </span>
    </p>
   </div>
   <div class='ocr_carea' id='block_1_13' title="bbox 508 1268 2086 1340">
    <p class='ocr_par' dir='ltr' id='par_1_13' title="bbox 508 1268 2086 1340">
     <span class='ocr_line' id='line_1_13' title="bbox 508 1268 2086 1340; baseline 0.001 -19"><span class='ocrx_word' id='word_1_71' title='bbox 508 1268 938 1337; x_wconf 81' lang='lat' dir='ltr'><strong>Chrysostomus</strong></span> <span class='ocrx_word' id='word_1_72' title='bbox 966 1268 1100 1324; x_wconf 84' lang='lat' dir='ltr'><strong>dicit</strong></span> <span class='ocrx_word' id='word_1_73' title='bbox 1125 1269 1238 1324; x_wconf 59' lang='lat' dir='ltr'><strong>hinc</strong></span> <span class='ocrx_word' id='word_1_74' title='bbox 1265 1268 1525 1340; x_wconf 86' lang='lat' dir='ltr'><strong>praedicta</strong></span> <span class='ocrx_word' id='word_1_75' title='bbox 1556 1284 1678 1324; x_wconf 89' lang='lat' dir='ltr'><strong>esse</strong></span> <span class='ocrx_word' id='word_1_76' title='bbox 1709 1269 1776 1323; x_wconf 88' lang='lat' dir='ltr'><strong>de</strong></span> <span class='ocrx_word' id='word_1_77' title='bbox 1807 1269 1916 1323; x_wconf 90' lang='lat' dir='ltr'><strong>alio</strong></span> <span class='ocrx_word' id='word_1_78' title='bbox 1949 1284 2086 1338; x_wconf 89' lang='lat' dir='ltr'><strong>quo-</strong></span> 
     </span>
    </p>
   </div>
   <div class='ocr_carea' id='block_1_14' title="bbox 510 1362 2077 1434">
    <p class='ocr_par' dir='ltr' id='par_1_14' title="bbox 510 1362 2077 1434">
     <span class='ocr_line' id='line_1_14' title="bbox 510 1362 2077 1434; baseline 0 -20"><span class='ocrx_word' id='word_1_79' title='bbox 510 1362 658 1423; x_wconf 80' lang='lat' dir='ltr'><strong>dam,</strong></span> <span class='ocrx_word' id='word_1_80' title='bbox 693 1363 782 1432; x_wconf 85' lang='lat' dir='ltr'><strong>qui</strong></span> <span class='ocrx_word' id='word_1_81' title='bbox 817 1371 939 1432; x_wconf 90' lang='lat' dir='ltr'><strong>post</strong></span> <span class='ocrx_word' id='word_1_82' title='bbox 973 1363 1210 1418; x_wconf 80' lang='lat' dir='ltr'><strong>reditum</strong></span> <span class='ocrx_word' id='word_1_83' title='bbox 1247 1363 1438 1434; x_wconf 85' lang='lat' dir='ltr'><strong>populi</strong></span> <span class='ocrx_word' id='word_1_84' title='bbox 1463 1379 1491 1417; x_wconf 88' lang='lat' dir='ltr'><strong>e</strong></span> <span class='ocrx_word' id='word_1_85' title='bbox 1528 1363 1832 1432; x_wconf 87' lang='lat' dir='ltr'><strong>Babylone,</strong></span> <span class='ocrx_word' id='word_1_86' title='bbox 1888 1377 2077 1417; x_wconf 88' lang='lat' dir='ltr'><strong>sacer-</strong></span> 
     </span>
    </p>
   </div>
   <div class='ocr_carea' id='block_1_15' title="bbox 511 1454 2085 1524">
    <p class='ocr_par' dir='ltr' id='par_1_15' title="bbox 511 1454 2085 1524">
     <span class='ocr_line' id='line_1_15' title="bbox 511 1454 2085 1524; baseline 0.001 -17"><span class='ocrx_word' id='word_1_87' title='bbox 511 1454 720 1508; x_wconf 80' lang='lat' dir='ltr'><strong>dotium</strong></span> <span class='ocrx_word' id='word_1_88' title='bbox 773 1456 1033 1508; x_wconf 75' lang='lat' dir='ltr'><strong>invadere</strong></span> <span class='ocrx_word' id='word_1_89' title='bbox 1075 1464 1310 1510; x_wconf 79' lang='lat' dir='ltr'><strong>conatus</strong></span> <span class='ocrx_word' id='word_1_90' title='bbox 1345 1465 1451 1521; x_wconf 86' lang='lat' dir='ltr'><strong>est,</strong></span> <span class='ocrx_word' id='word_1_91' title='bbox 1506 1455 1557 1508; x_wconf 81' lang='lat' dir='ltr'><strong>in</strong></span> <span class='ocrx_word' id='word_1_92' title='bbox 1611 1469 1719 1524; x_wconf 89' lang='lat' dir='ltr'><strong>quo</strong></span> <span class='ocrx_word' id='word_1_93' title='bbox 1799 1454 2085 1509; x_wconf 77' lang='lat' dir='ltr'><strong>manifeste</strong></span> 
     </span>
    </p>
   </div>
   <div class='ocr_carea' id='block_1_16' title="bbox 514 1547 1654 1617">
    <p class='ocr_par' dir='ltr' id='par_1_16' title="bbox 514 1547 1654 1617">
     <span class='ocr_line' id='line_1_16' title="bbox 514 1547 1654 1617; baseline 0.001 -18"><span class='ocrx_word' id='word_1_94' title='bbox 514 1547 628 1599; x_wconf 71' lang='lat' dir='ltr'><strong>hare</strong></span> <span class='ocrx_word' id='word_1_95' title='bbox 661 1547 841 1600; x_wconf 82' lang='lat' dir='ltr'><strong>omnia</strong></span> <span class='ocrx_word' id='word_1_96' title='bbox 865 1547 1158 1617; x_wconf 88' lang='lat' dir='ltr'><strong>adimpleta</strong></span> <span class='ocrx_word' id='word_1_97' title='bbox 1181 1562 1303 1601; x_wconf 89' lang='lat' dir='ltr'><strong>esse</strong></span> <span class='ocrx_word' id='word_1_98' title='bbox 1338 1549 1654 1600; x_wconf 89' lang='lat' dir='ltr'><strong>traduntur.</strong></span> 
     </span>
    </p>
   </div>
   <div class='ocr_carea' id='block_1_17' title="bbox 584 1635 2083 1707">
    <p class='ocr_par' dir='ltr' id='par_1_17' title="bbox 584 1635 2083 1707">
     <span class='ocr_line' id='line_1_17' title="bbox 584 1635 2083 1707; baseline 0.001 -20"><span class='ocrx_word' id='word_1_99' title='bbox 584 1635 753 1691; x_wconf 69' lang='lat' dir='ltr'><strong>Vens.</strong></span> <span class='ocrx_word' id='word_1_100' title='bbox 799 1638 884 1691; x_wconf 76' lang='grc'><strong>10.</strong></span> <span class='ocrx_word' id='word_1_101' title='bbox 924 1636 1276 1691; x_wconf 82' lang='lat' dir='ltr'><strong>Fluctuantes</strong></span> <span class='ocrx_word' id='word_1_102' title='bbox 1311 1637 1709 1707; x_wconf 82' lang='lat' dir='ltr'><strong>transferantur</strong></span> <span class='ocrx_word' id='word_1_103' title='bbox 1733 1636 1834 1707; x_wconf 81' lang='lat' dir='ltr'><strong>ﬁlii</strong></span> <span class='ocrx_word' id='word_1_104' title='bbox 1864 1636 2000 1706; x_wconf 87' lang='lat' dir='ltr'><strong>ejus,</strong></span> <span class='ocrx_word' id='word_1_105' title='bbox 2033 1645 2083 1688; x_wconf 86' lang='lat' dir='ltr'><strong>et</strong></span> 
     </span>
    </p>
   </div>
   <div class='ocr_carea' id='block_1_18' title="bbox 512 1727 2086 1799">
    <p class='ocr_par' dir='ltr' id='par_1_18' title="bbox 512 1727 2086 1799">
     <span class='ocr_line' id='line_1_18' title="bbox 512 1727 2086 1799; baseline 0.002 -19"><span class='ocrx_word' id='word_1_106' title='bbox 512 1728 829 1781; x_wconf 83' lang='lat' dir='ltr'><strong>mendicent.</strong></span> <span class='ocrx_word' id='word_1_107' title='bbox 888 1727 1065 1782; x_wconf 79' lang='lat' dir='ltr'><strong>Veluti</strong></span> <span class='ocrx_word' id='word_1_108' title='bbox 1099 1737 1424 1798; x_wconf 78' lang='lat' dir='ltr'><strong>tempestate</strong></span> <span class='ocrx_word' id='word_1_109' title='bbox 1457 1730 1712 1784; x_wconf 83' lang='lat' dir='ltr'><strong>concussi</strong></span> <span class='ocrx_word' id='word_1_110' title='bbox 1749 1745 1814 1784; x_wconf 70' lang='lat' dir='ltr'><strong>es</strong></span> <span class='ocrx_word' id='word_1_111' title='bbox 1849 1730 2086 1799; x_wconf 77' lang='lat' dir='ltr'><strong>propriae</strong></span> 
     </span>
    </p>
   </div>
   <div class='ocr_carea' id='block_1_19' title="bbox 515 1820 2086 1891">
    <p class='ocr_par' dir='ltr' id='par_1_19' title="bbox 515 1820 2086 1891">
     <span class='ocr_line' id='line_1_19' title="bbox 515 1820 2086 1891; baseline 0.003 -20"><span class='ocrx_word' id='word_1_112' title='bbox 515 1820 712 1874; x_wconf 89' lang='lat' dir='ltr'><strong>domus</strong></span> <span class='ocrx_word' id='word_1_113' title='bbox 746 1821 873 1875; x_wconf 90' lang='lat' dir='ltr'><strong>sede</strong></span> <span class='ocrx_word' id='word_1_114' title='bbox 915 1821 1342 1886; x_wconf 73' lang='lat' dir='ltr'><strong>transferentur,</strong></span> <span class='ocrx_word' id='word_1_115' title='bbox 1399 1829 1453 1875; x_wconf 90' lang='lat' dir='ltr'><strong>et</strong></span> <span class='ocrx_word' id='word_1_116' title='bbox 1492 1822 1908 1884; x_wconf 85' lang='lat' dir='ltr'><strong>mendicabunt,</strong></span> <span class='ocrx_word' id='word_1_117' title='bbox 1947 1838 2086 1891; x_wconf 82' lang='lat' dir='ltr'><strong>pau-</strong></span> 
     </span>
    </p>
   </div>
   <div class='ocr_carea' id='block_1_20' title="bbox 515 1913 2092 1980">
    <p class='ocr_par' dir='ltr' id='par_1_20' title="bbox 515 1913 2092 1980">
     <span class='ocr_line' id='line_1_20' title="bbox 515 1913 2092 1980; baseline 0.001 -15"><span class='ocrx_word' id='word_1_118' title='bbox 515 1919 782 1980; x_wconf 87' lang='lat' dir='ltr'><strong>pertatem</strong></span> <span class='ocrx_word' id='word_1_119' title='bbox 841 1927 948 1966; x_wconf 88' lang='lat' dir='ltr'><strong>una</strong></span> <span class='ocrx_word' id='word_1_120' title='bbox 1000 1929 1123 1966; x_wconf 90' lang='lat' dir='ltr'><strong>cum</strong></span> <span class='ocrx_word' id='word_1_121' title='bbox 1187 1914 1400 1968; x_wconf 58' lang='lat' dir='ltr'><strong>caeteris</strong></span> <span class='ocrx_word' id='word_1_122' title='bbox 1460 1914 1865 1969; x_wconf 75' lang='lat' dir='ltr'><strong>calamitatibus</strong></span> <span class='ocrx_word' id='word_1_123' title='bbox 1920 1913 2092 1969; x_wconf 81' lang='lat' dir='ltr'><strong>susti—</strong></span> 
     </span>
    </p>
   </div>
   <div class='ocr_carea' id='block_1_21' title="bbox 517 2013 729 2058">
    <p class='ocr_par' dir='ltr' id='par_1_21' title="bbox 517 2013 729 2058">
     <span class='ocr_line' id='line_1_21' title="bbox 517 2013 729 2058; baseline 0.005 -2"><span class='ocrx_word' id='word_1_124' title='bbox 517 2013 729 2058; x_wconf 87' lang='lat' dir='ltr'><strong>nentes.</strong></span> 
     </span>
    </p>
   </div>
   <div class='ocr_carea' id='block_1_22' title="bbox 589 2095 2088 2170">
    <p class='ocr_par' dir='ltr' id='par_1_22' title="bbox 589 2095 2088 2170">
     <span class='ocr_line' id='line_1_22' title="bbox 589 2095 2088 2170; baseline 0.003 -22"><span class='ocrx_word' id='word_1_125' title='bbox 589 2095 893 2163; x_wconf 85' lang='lat' dir='ltr'><strong>Ejiciantur</strong></span> <span class='ocrx_word' id='word_1_126' title='bbox 929 2099 992 2152; x_wconf 84' lang='lat' dir='ltr'><strong>de</strong></span> <span class='ocrx_word' id='word_1_127' title='bbox 1052 2099 1374 2152; x_wconf 74' lang='lat' dir='ltr'><strong>habitaculis</strong></span> <span class='ocrx_word' id='word_1_128' title='bbox 1423 2101 1556 2154; x_wconf 84' lang='lat' dir='ltr'><strong>suis.</strong></span> <span class='ocrx_word' id='word_1_129' title='bbox 1622 2099 1697 2154; x_wconf 80' lang='lat' dir='ltr'><strong>Ex</strong></span> <span class='ocrx_word' id='word_1_130' title='bbox 1738 2100 1870 2170; x_wconf 86' lang='lat' dir='ltr'><strong>ipsis</strong></span> <span class='ocrx_word' id='word_1_131' title='bbox 1923 2099 2088 2154; x_wconf 84' lang='lat' dir='ltr'><strong>etiam</strong></span> 
     </span>
    </p>
   </div>
   <div class='ocr_carea' id='block_1_23' title="bbox 518 2187 2092 2258">
    <p class='ocr_par' dir='ltr' id='par_1_23' title="bbox 518 2187 2092 2258">
     <span class='ocr_line' id='line_1_23' title="bbox 518 2187 2092 2258; baseline 0.003 -20"><span class='ocrx_word' id='word_1_132' title='bbox 518 2187 846 2242; x_wconf 76' lang='lat' dir='ltr'><strong>habitaculis</strong></span> <span class='ocrx_word' id='word_1_133' title='bbox 871 2188 1184 2258; x_wconf 67' lang='lat' dir='ltr'><strong>ejit-ientur,</strong></span> <span class='ocrx_word' id='word_1_134' title='bbox 1221 2205 1322 2244; x_wconf 90' lang='lat' dir='ltr'><strong>nec</strong></span> <span class='ocrx_word' id='word_1_135' title='bbox 1357 2189 1409 2244; x_wconf 91' lang='lat' dir='ltr'><strong>in</strong></span> <span class='ocrx_word' id='word_1_136' title='bbox 1452 2191 1532 2245; x_wconf 89' lang='lat' dir='ltr'><strong>eis</strong></span> <span class='ocrx_word' id='word_1_137' title='bbox 1556 2189 1778 2244; x_wconf 88' lang='lat' dir='ltr'><strong>dabitur</strong></span> <span class='ocrx_word' id='word_1_138' title='bbox 1811 2188 2092 2244; x_wconf 79' lang='lat' dir='ltr'><strong>habitandi</strong></span> 
     </span>
    </p>
   </div>
   <div class='ocr_carea' id='block_1_24' title="bbox 517 2277 2096 2354">
    <p class='ocr_par' dir='ltr' id='par_1_24' title="bbox 517 2277 2096 2354">
     <span class='ocr_line' id='line_1_24' title="bbox 517 2277 2096 2354; baseline 0 -22"><span class='ocrx_word' id='word_1_139' title='bbox 517 2277 773 2334; x_wconf 78' lang='lat' dir='ltr'><strong>facultas.</strong></span> <span class='ocrx_word' id='word_1_140' title='bbox 794 2282 904 2334; x_wconf 88' lang='lat' dir='ltr'><strong>Per</strong></span> <span class='ocrx_word' id='word_1_141' title='bbox 924 2281 1238 2336; x_wconf 82' lang='lat' dir='ltr'><strong>habitacula</strong></span> <span class='ocrx_word' id='word_1_142' title='bbox 1261 2293 1442 2336; x_wconf 86' lang='lat' dir='ltr'><strong>autem</strong></span> <span class='ocrx_word' id='word_1_143' title='bbox 1472 2282 1555 2354; x_wconf 91' lang='lat' dir='ltr'><strong>(ut</strong></span> <span class='ocrx_word' id='word_1_144' title='bbox 1573 2281 1760 2337; x_wconf 66' lang='lat' dir='ltr'><strong>Grates</strong></span> <span class='ocrx_word' id='word_1_145' title='bbox 1786 2281 1979 2342; x_wconf 85' lang='lat' dir='ltr'><strong>dictio,</strong></span> <span class='ocrx_word' id='word_1_146' title='bbox 2015 2279 2096 2331; x_wconf 78' lang='grc' dir='ltr'><strong>οἱ·</strong></span> 
     </span>
    </p>
   </div>
   <div class='ocr_carea' id='block_1_25' title="bbox 518 2372 2096 2442">
    <p class='ocr_par' dir='ltr' id='par_1_25' title="bbox 518 2372 2096 2442">
     <span class='ocr_line' id='line_1_25' title="bbox 518 2372 2096 2442; baseline 0.001 -19"><span class='ocrx_word' id='word_1_147' title='bbox 518 2372 744 2436; x_wconf 81' lang='grc' dir='ltr'><strong>κόπεδα,</strong></span> <span class='ocrx_word' id='word_1_148' title='bbox 806 2373 1211 2442; x_wconf 85' lang='lat' dir='ltr'><strong>signiﬁcantius</strong></span> <span class='ocrx_word' id='word_1_149' title='bbox 1251 2375 1520 2440; x_wconf 82' lang='lat' dir='ltr'><strong>denotat),</strong></span> <span class='ocrx_word' id='word_1_150' title='bbox 1561 2375 1748 2429; x_wconf 86' lang='lat' dir='ltr'><strong>ruinas</strong></span> <span class='ocrx_word' id='word_1_151' title='bbox 1809 2376 2096 2429; x_wconf 85' lang='lat' dir='ltr'><strong>domorum</strong></span> 
     </span>
    </p>
   </div>
   <div class='ocr_carea' id='block_1_26' title="bbox 517 2464 2097 2537">
    <p class='ocr_par' dir='ltr' id='par_1_26' title="bbox 517 2464 2097 2537">
     <span class='ocr_line' id='line_1_26' title="bbox 517 2464 2097 2537; baseline 0.001 -19"><span class='ocrx_word' id='word_1_152' title='bbox 517 2464 792 2536; x_wconf 81' lang='lat' dir='ltr'><strong>intelligit.</strong></span> <span class='ocrx_word' id='word_1_153' title='bbox 823 2465 1148 2532; x_wconf 79' lang='lat' dir='ltr'><strong>llujusmodi</strong></span> <span class='ocrx_word' id='word_1_154' title='bbox 1182 2482 1314 2522; x_wconf 86' lang='lat' dir='ltr'><strong>vero</strong></span> <span class='ocrx_word' id='word_1_155' title='bbox 1345 2483 1538 2536; x_wconf 76' lang='lat' dir='ltr'><strong>ptenas</strong></span> <span class='ocrx_word' id='word_1_156' title='bbox 1577 2469 1815 2530; x_wconf 79' lang='lat' dir='ltr'><strong>dabunt,</strong></span> <span class='ocrx_word' id='word_1_157' title='bbox 1845 2468 1972 2537; x_wconf 85' lang='lat' dir='ltr'><strong>quia</strong></span> <span class='ocrx_word' id='word_1_158' title='bbox 2005 2480 2097 2534; x_wconf 83' lang='lat' dir='ltr'><strong>pa-</strong></span> 
     </span>
    </p>
   </div>
   <div class='ocr_carea' id='block_1_27' title="bbox 519 2556 1578 2628">
    <p class='ocr_par' dir='ltr' id='par_1_27' title="bbox 519 2556 1578 2628">
     <span class='ocr_line' id='line_1_27' title="bbox 519 2556 1578 2628; baseline 0.006 -21"><span class='ocrx_word' id='word_1_159' title='bbox 519 2562 690 2610; x_wconf 70' lang='lat' dir='ltr'><strong>terna:</strong></span> <span class='ocrx_word' id='word_1_160' title='bbox 728 2556 1042 2624; x_wconf 73' lang='lat' dir='ltr'><strong>iniquitatis</strong></span> <span class='ocrx_word' id='word_1_161' title='bbox 1076 2556 1228 2612; x_wconf 81' lang='lat' dir='ltr'><strong>luere</strong></span> <span class='ocrx_word' id='word_1_162' title='bbox 1256 2558 1578 2628; x_wconf 81' lang='lat' dir='ltr'><strong>participes.</strong></span> 
     </span>
    </p>
   </div>
   <div class='ocr_carea' id='block_1_28' title="bbox 590 2646 2098 2718">
    <p class='ocr_par' dir='ltr' id='par_1_28' title="bbox 590 2646 2098 2718">
     <span class='ocr_line' id='line_1_28' title="bbox 590 2646 2098 2718; baseline 0.007 -21"><span class='ocrx_word' id='word_1_163' title='bbox 590 2646 758 2701; x_wconf 73' lang='lat' dir='ltr'><strong>Vens.</strong></span> <span class='ocrx_word' id='word_1_164' title='bbox 793 2647 878 2702; x_wconf 84' lang='grc'><strong>11.</strong></span> <span class='ocrx_word' id='word_1_165' title='bbox 901 2646 1185 2703; x_wconf 73' lang='lat' dir='ltr'><strong>Scrutatur</strong></span> <span class='ocrx_word' id='word_1_166' title='bbox 1221 2648 1488 2718; x_wconf 75' lang='lat' dir='ltr'><strong>fenerator</strong></span> <span class='ocrx_word' id='word_1_167' title='bbox 1512 2667 1715 2704; x_wconf 88' lang='lat' dir='ltr'><strong>omnem</strong></span> <span class='ocrx_word' id='word_1_168' title='bbox 1740 2651 2098 2707; x_wconf 78' lang='lat' dir='ltr'><strong>substantiam</strong></span> 
     </span>
    </p>
   </div>
   <div class='ocr_carea' id='block_1_29' title="bbox 515 2740 2095 2819">
    <p class='ocr_par' dir='ltr' id='par_1_29' title="bbox 515 2740 2095 2819">
     <span class='ocr_line' id='line_1_29' title="bbox 515 2740 2095 2819; baseline 0.006 -25"><span class='ocrx_word' id='word_1_169' title='bbox 515 2740 654 2807; x_wconf 86' lang='lat' dir='ltr'><strong>ejus.</strong></span> <span class='ocrx_word' id='word_1_170' title='bbox 731 2741 1086 2798; x_wconf 87' lang='lat' dir='ltr'><strong>Scrutabitur</strong></span> <span class='ocrx_word' id='word_1_171' title='bbox 1148 2759 1270 2798; x_wconf 89' lang='lat' dir='ltr'><strong>eam</strong></span> <span class='ocrx_word' id='word_1_172' title='bbox 1315 2743 1617 2814; x_wconf 74' lang='lat' dir='ltr'><strong>fenerator,</strong></span> <span class='ocrx_word' id='word_1_173' title='bbox 1683 2761 1935 2819; x_wconf 67' lang='lat' dir='ltr'><strong>quaerens</strong></span> <span class='ocrx_word' id='word_1_174' title='bbox 1993 2748 2095 2805; x_wconf 82' lang='lat' dir='ltr'><strong>sibi</strong></span> 
     </span>
    </p>
   </div>
   <div class='ocr_carea' id='block_1_30' title="bbox 519 2833 1174 2902">
    <p class='ocr_par' dir='ltr' id='par_1_30' title="bbox 519 2833 1174 2902">
     <span class='ocr_line' id='line_1_30' title="bbox 519 2833 1174 2902; baseline 0.014 -17"><span class='ocrx_word' id='word_1_175' title='bbox 519 2848 561 2884; x_wconf 79' lang='lat' dir='ltr'><strong>r.</strong></span> <span class='ocrx_word' id='word_1_176' title='bbox 582 2833 671 2888; x_wconf 86' lang='lat' dir='ltr'><strong>ddi</strong></span> <span class='ocrx_word' id='word_1_177' title='bbox 699 2851 819 2902; x_wconf 73' lang='lat' dir='ltr'><strong>qua!</strong></span> <span class='ocrx_word' id='word_1_178' title='bbox 844 2836 1174 2894; x_wconf 85' lang='lat' dir='ltr'><strong>crediderat.</strong></span> 
     </span>
    </p>
   </div>
   <div class='ocr_carea' id='block_1_31' title="bbox 590 2925 2098 3000">
    <p class='ocr_par' dir='ltr' id='par_1_31' title="bbox 590 2925 2098 3000">
     <span class='ocr_line' id='line_1_31' title="bbox 590 2925 2098 3000; baseline 0.007 -22"><span class='ocrx_word' id='word_1_179' title='bbox 590 2925 659 2979; x_wconf 88' lang='lat' dir='ltr'><strong>Et</strong></span> <span class='ocrx_word' id='word_1_180' title='bbox 697 2927 953 2997; x_wconf 79' lang='lat' dir='ltr'><strong>diripiant</strong></span> <span class='ocrx_word' id='word_1_181' title='bbox 1013 2929 1174 2984; x_wconf 88' lang='lat' dir='ltr'><strong>alieni</strong></span> <span class='ocrx_word' id='word_1_182' title='bbox 1209 2929 1413 2985; x_wconf 84' lang='lat' dir='ltr'><strong>labores</strong></span> <span class='ocrx_word' id='word_1_183' title='bbox 1457 2929 1593 3000; x_wconf 82' lang='lat' dir='ltr'><strong>ejus.</strong></span> <span class='ocrx_word' id='word_1_184' title='bbox 1641 2933 1791 2988; x_wconf 68' lang='lat' dir='ltr'><strong>Post.</strong></span> <span class='ocrx_word' id='word_1_185' title='bbox 1820 2930 2098 2988; x_wconf 79' lang='lat' dir='ltr'><strong>fenerato-</strong></span> 
     </span>
    </p>
   </div>
   <div class='ocr_carea' id='block_1_32' title="bbox 519 3018 1879 3096">
    <p class='ocr_par' dir='ltr' id='par_1_32' title="bbox 519 3018 1879 3096">
     <span class='ocr_line' id='line_1_32' title="bbox 519 3018 1879 3096; baseline 0.007 -23"><span class='ocrx_word' id='word_1_186' title='bbox 519 3033 658 3086; x_wconf 87' lang='lat' dir='ltr'><strong>rem,</strong></span> <span class='ocrx_word' id='word_1_187' title='bbox 696 3018 788 3076; x_wconf 90' lang='lat' dir='ltr'><strong>isti</strong></span> <span class='ocrx_word' id='word_1_188' title='bbox 824 3027 1037 3092; x_wconf 89' lang='lat' dir='ltr'><strong>rapient</strong></span> <span class='ocrx_word' id='word_1_189' title='bbox 1064 3039 1407 3096; x_wconf 58' lang='lat' dir='ltr'><strong>quacunque</strong></span> <span class='ocrx_word' id='word_1_190' title='bbox 1432 3025 1639 3081; x_wconf 82' lang='lat' dir='ltr'><strong>fuerint</strong></span> <span class='ocrx_word' id='word_1_191' title='bbox 1665 3027 1879 3082; x_wconf 87' lang='lat' dir='ltr'><strong>relicta.</strong></span> 
     </span>
    </p>
   </div>
   <div class='ocr_carea' id='block_1_33' title="bbox 595 3195 2093 3274">
    <p class='ocr_par' dir='ltr' id='par_1_33' title="bbox 595 3195 2093 3274">
     <span class='ocr_line' id='line_1_33' title="bbox 595 3195 2093 3274; baseline 0.008 -27"><span class='ocrx_word' id='word_1_192' title='bbox 595 3195 757 3252; x_wconf 71' lang='lat' dir='ltr'><strong>Vens.</strong></span> <span class='ocrx_word' id='word_1_193' title='bbox 796 3199 880 3252; x_wconf 75' lang='grc'><strong>12.</strong></span> <span class='ocrx_word' id='word_1_194' title='bbox 914 3202 1029 3253; x_wconf 86' lang='lat' dir='ltr'><strong>Non</strong></span> <span class='ocrx_word' id='word_1_195' title='bbox 1060 3201 1128 3254; x_wconf 88' lang='lat' dir='ltr'><strong>sit</strong></span> <span class='ocrx_word' id='word_1_196' title='bbox 1157 3201 1238 3254; x_wconf 84' lang='lat' dir='ltr'><strong>illi</strong></span> <span class='ocrx_word' id='word_1_197' title='bbox 1270 3202 1510 3270; x_wconf 85' lang='lat' dir='ltr'><strong>adjutor.</strong></span> <span class='ocrx_word' id='word_1_198' title='bbox 1535 3203 1704 3257; x_wconf 85' lang='lat' dir='ltr'><strong>Nemo</strong></span> <span class='ocrx_word' id='word_1_199' title='bbox 1729 3204 1777 3259; x_wconf 89' lang='lat' dir='ltr'><strong>ei</strong></span> <span class='ocrx_word' id='word_1_200' title='bbox 1807 3219 1964 3274; x_wconf 86' lang='lat' dir='ltr'><strong>opem</strong></span> <span class='ocrx_word' id='word_1_201' title='bbox 1990 3204 2093 3258; x_wconf 79' lang='lat' dir='ltr'><strong>ali-</strong></span> 
     </span>
    </p>
   </div>
   <div class='ocr_carea' id='block_1_34' title="bbox 522 3287 1593 3355">
    <p class='ocr_par' dir='ltr' id='par_1_34' title="bbox 522 3287 1593 3355">
     <span class='ocr_line' id='line_1_34' title="bbox 522 3287 1593 3355; baseline 0.007 -15"><span class='ocrx_word' id='word_1_202' title='bbox 522 3303 683 3355; x_wconf 82' lang='lat' dir='ltr'><strong>quam</strong></span> <span class='ocrx_word' id='word_1_203' title='bbox 720 3287 865 3341; x_wconf 80' lang='lat' dir='ltr'><strong>ierat</strong></span> <span class='ocrx_word' id='word_1_204' title='bbox 898 3306 912 3342; x_wconf 89' lang='lat'>:</span> <span class='ocrx_word' id='word_1_205' title='bbox 951 3298 1072 3354; x_wconf 87' lang='lat' dir='ltr'><strong>post</strong></span> <span class='ocrx_word' id='word_1_206' title='bbox 1096 3300 1326 3344; x_wconf 90' lang='lat' dir='ltr'><strong>mortem</strong></span> <span class='ocrx_word' id='word_1_207' title='bbox 1360 3294 1593 3348; x_wconf 87' lang='lat' dir='ltr'><strong>scilicet.</strong></span> 
     </span>
    </p>
   </div>
   <div class='ocr_carea' id='block_1_35' title="bbox 598 3377 2096 3454">
    <p class='ocr_par' dir='ltr' id='par_1_35' title="bbox 598 3377 2096 3454">
     <span class='ocr_line' id='line_1_35' title="bbox 598 3377 2096 3454; baseline 0.007 -23"><span class='ocrx_word' id='word_1_208' title='bbox 598 3377 708 3432; x_wconf 78' lang='lat' dir='ltr'><strong>Nec</strong></span> <span class='ocrx_word' id='word_1_209' title='bbox 741 3381 832 3445; x_wconf 86' lang='lat' dir='ltr'><strong>sit,</strong></span> <span class='ocrx_word' id='word_1_210' title='bbox 857 3381 946 3450; x_wconf 86' lang='lat' dir='ltr'><strong>qui</strong></span> <span class='ocrx_word' id='word_1_211' title='bbox 987 3382 1302 3436; x_wconf 81' lang='lat' dir='ltr'><strong>misereatur</strong></span> <span class='ocrx_word' id='word_1_212' title='bbox 1322 3384 1540 3452; x_wconf 82' lang='lat' dir='ltr'><strong>pupillis</strong></span> <span class='ocrx_word' id='word_1_213' title='bbox 1560 3386 1699 3454; x_wconf 89' lang='lat' dir='ltr'><strong>ejus.</strong></span> <span class='ocrx_word' id='word_1_214' title='bbox 1734 3385 1840 3441; x_wconf 77' lang='lat' dir='ltr'><strong>Nec</strong></span> <span class='ocrx_word' id='word_1_215' title='bbox 1868 3387 1971 3442; x_wconf 85' lang='lat' dir='ltr'><strong>erit</strong></span> <span class='ocrx_word' id='word_1_216' title='bbox 1995 3387 2096 3442; x_wconf 84' lang='lat' dir='ltr'><strong>ali-</strong></span> 
     </span>
    </p>
   </div>
   <div class='ocr_carea' id='block_1_36' title="bbox 523 3472 2097 3550">
    <p class='ocr_par' dir='ltr' id='par_1_36' title="bbox 523 3472 2097 3550">
     <span class='ocr_line' id='line_1_36' title="bbox 523 3472 2097 3550; baseline 0.006 -24"><span class='ocrx_word' id='word_1_217' title='bbox 523 3475 668 3540; x_wconf 86' lang='lat' dir='ltr'><strong>quis,</strong></span> <span class='ocrx_word' id='word_1_218' title='bbox 707 3472 798 3543; x_wconf 88' lang='lat' dir='ltr'><strong>qui</strong></span> <span class='ocrx_word' id='word_1_219' title='bbox 828 3472 1018 3527; x_wconf 84' lang='lat' dir='ltr'><strong>eorutn</strong></span> <span class='ocrx_word' id='word_1_220' title='bbox 1057 3474 1404 3541; x_wconf 86' lang='lat' dir='ltr'><strong>misereatur,</strong></span> <span class='ocrx_word' id='word_1_221' title='bbox 1435 3477 1504 3532; x_wconf 87' lang='lat' dir='ltr'><strong>ob</strong></span> <span class='ocrx_word' id='word_1_222' title='bbox 1541 3479 1808 3534; x_wconf 89' lang='lat' dir='ltr'><strong>rationem</strong></span> <span class='ocrx_word' id='word_1_223' title='bbox 1837 3481 2097 3550; x_wconf 84' lang='lat' dir='ltr'><strong>superius</strong></span> 
     </span>
    </p>
   </div>
   <div class='ocr_carea' id='block_1_37' title="bbox 522 3563 746 3619">
    <p class='ocr_par' dir='ltr' id='par_1_37' title="bbox 522 3563 746 3619">
     <span class='ocr_line' id='line_1_37' title="bbox 522 3563 746 3619; baseline 0.009 -2"><span class='ocrx_word' id='word_1_224' title='bbox 522 3563 746 3619; x_wconf 80' lang='lat' dir='ltr'><strong>dictam.</strong></span> 
     </span>
    </p>
   </div>
   <div class='ocr_carea' id='block_1_38' title="bbox 594 3654 2094 3729">
    <p class='ocr_par' dir='ltr' id='par_1_38' title="bbox 594 3654 2094 3729">
     <span class='ocr_line' id='line_1_38' title="bbox 594 3654 2094 3729; baseline 0.006 -22"><span class='ocrx_word' id='word_1_225' title='bbox 594 3654 885 3711; x_wconf 69' lang='lat' dir='ltr'><strong>Vens.15.</strong></span> <span class='ocrx_word' id='word_1_226' title='bbox 948 3656 1105 3712; x_wconf 84' lang='lat' dir='ltr'><strong>Fiant</strong></span> <span class='ocrx_word' id='word_1_227' title='bbox 1156 3659 1258 3727; x_wconf 77' lang='lat' dir='ltr'><strong>lilii</strong></span> <span class='ocrx_word' id='word_1_228' title='bbox 1315 3660 1430 3729; x_wconf 87' lang='lat' dir='ltr'><strong>ejus</strong></span> <span class='ocrx_word' id='word_1_229' title='bbox 1485 3661 1536 3713; x_wconf 90' lang='lat' dir='ltr'><strong>in</strong></span> <span class='ocrx_word' id='word_1_230' title='bbox 1579 3663 2094 3717; x_wconf 70' lang='lat' dir='ltr'><strong>arterminationem.</strong></span> 
     </span>
    </p>
   </div>
   <div class='ocr_carea' id='block_1_39' title="bbox 523 3747 2089 3823">
    <p class='ocr_par' dir='ltr' id='par_1_39' title="bbox 523 3747 2089 3823">
     <span class='ocr_line' id='line_1_39' title="bbox 523 3747 2089 3823; baseline 0.005 -21"><span class='ocrx_word' id='word_1_231' title='bbox 523 3747 626 3803; x_wconf 88' lang='lat' dir='ltr'><strong>Sed</strong></span> <span class='ocrx_word' id='word_1_232' title='bbox 689 3764 788 3803; x_wconf 86' lang='lat' dir='ltr'><strong>nec</strong></span> <span class='ocrx_word' id='word_1_233' title='bbox 836 3750 1162 3818; x_wconf 82' lang='lat' dir='ltr'><strong>simpliciter</strong></span> <span class='ocrx_word' id='word_1_234' title='bbox 1218 3753 1734 3807; x_wconf 72' lang='lat' dir='ltr'><strong>exterminabtmtnr</strong></span> <span class='ocrx_word' id='word_1_235' title='bbox 1781 3772 1795 3807; x_wconf 85' lang='lat'>:</span> <span class='ocrx_word' id='word_1_236' title='bbox 1841 3755 2089 3823; x_wconf 89' lang='lat' dir='ltr'><strong>quinimo</strong></span> 
     </span>
    </p>
   </div>
   <div class='ocr_carea' id='block_1_40' title="bbox 521 3842 2084 3916">
    <p class='ocr_par' dir='ltr' id='par_1_40' title="bbox 521 3842 2084 3916">
     <span class='ocr_line' id='line_1_40' title="bbox 521 3842 2084 3916; baseline 0.004 -20"><span class='ocrx_word' id='word_1_237' title='bbox 521 3853 576 3896; x_wconf 89' lang='lat' dir='ltr'><strong>et</strong></span> <span class='ocrx_word' id='word_1_238' title='bbox 603 3842 706 3911; x_wconf 87' lang='lat' dir='ltr'><strong>ipsi</strong></span> <span class='ocrx_word' id='word_1_239' title='bbox 739 3853 898 3898; x_wconf 88' lang='lat' dir='ltr'><strong>erunt</strong></span> <span class='ocrx_word' id='word_1_240' title='bbox 919 3843 1037 3896; x_wconf 89' lang='lat' dir='ltr'><strong>siue</strong></span> <span class='ocrx_word' id='word_1_241' title='bbox 1067 3843 1240 3912; x_wconf 87' lang='lat' dir='ltr'><strong>prole.</strong></span> <span class='ocrx_word' id='word_1_242' title='bbox 1271 3843 1496 3899; x_wconf 80' lang='lat' dir='ltr'><strong>Addidit</strong></span> <span class='ocrx_word' id='word_1_243' title='bbox 1523 3846 1666 3899; x_wconf 85' lang='lat' dir='ltr'><strong>enim</strong></span> <span class='ocrx_word' id='word_1_244' title='bbox 1698 3845 1967 3916; x_wconf 81' lang='lat' dir='ltr'><strong>Propheta</strong></span> <span class='ocrx_word' id='word_1_245' title='bbox 1998 3847 2084 3902; x_wconf 84' lang='lat' dir='ltr'><strong>di-</strong></span> 
     </span>
    </p>
   </div>
   <div class='ocr_carea' id='block_1_41' title="bbox 503 3952 690 4002">
    <p class='ocr_par' dir='ltr' id='par_1_41' title="bbox 503 3952 690 4002">
     <span class='ocr_line' id='line_1_41' title="bbox 503 3952 690 4002; baseline 0 -12"><span class='ocrx_word' id='word_1_246' title='bbox 503 3952 690 4002; x_wconf 28' lang='lat' dir='ltr'><strong>,cctts:</strong></span> 
     </span>
    </p>
   </div>
   <div class='ocr_carea' id='block_1_42' title="bbox 597 4029 2100 4102">
    <p class='ocr_par' dir='ltr' id='par_1_42' title="bbox 597 4029 2100 4102">
     <span class='ocr_line' id='line_1_42' title="bbox 597 4029 2100 4102; baseline 0.003 -19"><span class='ocrx_word' id='word_1_247' title='bbox 597 4030 662 4085; x_wconf 87' lang='lat' dir='ltr'><strong>In</strong></span> <span class='ocrx_word' id='word_1_248' title='bbox 689 4033 1025 4102; x_wconf 82' lang='lat' dir='ltr'><strong>generatione</strong></span> <span class='ocrx_word' id='word_1_249' title='bbox 1053 4047 1158 4084; x_wconf 85' lang='lat' dir='ltr'><strong>una</strong></span> <span class='ocrx_word' id='word_1_250' title='bbox 1184 4029 1425 4084; x_wconf 84' lang='lat' dir='ltr'><strong>deleatur</strong></span> <span class='ocrx_word' id='word_1_251' title='bbox 1455 4047 1640 4085; x_wconf 89' lang='lat' dir='ltr'><strong>nomen</strong></span> <span class='ocrx_word' id='word_1_252' title='bbox 1665 4032 1799 4098; x_wconf 83' lang='lat' dir='ltr'><strong>ejus.</strong></span> <span class='ocrx_word' id='word_1_253' title='bbox 1825 4031 2100 4088; x_wconf 74' lang='lat' dir='ltr'><strong>Delabitur</strong></span> 
     </span>
    </p>
   </div>
   <div class='ocr_carea' id='block_1_43' title="bbox 524 4124 2101 4196">
    <p class='ocr_par' dir='ltr' id='par_1_43' title="bbox 524 4124 2101 4196">
     <span class='ocr_line' id='line_1_43' title="bbox 524 4124 2101 4196; baseline 0.003 -18"><span class='ocrx_word' id='word_1_254' title='bbox 524 4125 647 4193; x_wconf 85' lang='lat' dir='ltr'><strong>ejus</strong></span> <span class='ocrx_word' id='word_1_255' title='bbox 719 4125 980 4179; x_wconf 89' lang='lat' dir='ltr'><strong>memoria</strong></span> <span class='ocrx_word' id='word_1_256' title='bbox 1034 4126 1301 4180; x_wconf 84' lang='lat' dir='ltr'><strong>conclusa</strong></span> <span class='ocrx_word' id='word_1_257' title='bbox 1349 4124 1401 4178; x_wconf 92' lang='lat' dir='ltr'><strong>in</strong></span> <span class='ocrx_word' id='word_1_258' title='bbox 1461 4141 1567 4180; x_wconf 89' lang='lat' dir='ltr'><strong>una</strong></span> <span class='ocrx_word' id='word_1_259' title='bbox 1617 4127 1969 4196; x_wconf 77' lang='lat' dir='ltr'><strong>generatione</strong></span> <span class='ocrx_word' id='word_1_260' title='bbox 2001 4146 2014 4182; x_wconf 90' lang='lat'>:</span> <span class='ocrx_word' id='word_1_261' title='bbox 2045 4130 2101 4182; x_wconf 92' lang='lat' dir='ltr'><strong>in</strong></span> 
     </span>
    </p>
   </div>
   <div class='ocr_carea' id='block_1_44' title="bbox 523 4217 2101 4288">
    <p class='ocr_par' dir='ltr' id='par_1_44' title="bbox 523 4217 2101 4288">
     <span class='ocr_line' id='line_1_44' title="bbox 523 4217 2101 4288; baseline 0.003 -18"><span class='ocrx_word' id='word_1_262' title='bbox 523 4219 712 4282; x_wconf 86' lang='lat' dir='ltr'><strong>unica,</strong></span> <span class='ocrx_word' id='word_1_263' title='bbox 755 4219 999 4288; x_wconf 85' lang='lat' dir='ltr'><strong>inquam,</strong></span> <span class='ocrx_word' id='word_1_264' title='bbox 1033 4217 1393 4286; x_wconf 80' lang='lat' dir='ltr'><strong>generatione</strong></span> <span class='ocrx_word' id='word_1_265' title='bbox 1417 4218 1666 4288; x_wconf 86' lang='lat' dir='ltr'><strong>ipsorum</strong></span> <span class='ocrx_word' id='word_1_266' title='bbox 1694 4219 1955 4284; x_wconf 87' lang='lat' dir='ltr'><strong>ﬁliorum,</strong></span> <span class='ocrx_word' id='word_1_267' title='bbox 1983 4221 2101 4274; x_wconf 90' lang='lat' dir='ltr'><strong>nul-</strong></span> 
     </span>
    </p>
   </div>
   <div class='ocr_carea' id='block_1_45' title="bbox 525 4307 1473 4377">
    <p class='ocr_par' dir='ltr' id='par_1_45' title="bbox 525 4307 1473 4377">
     <span class='ocr_line' id='line_1_45' title="bbox 525 4307 1473 4377; baseline 0.004 -18"><span class='ocrx_word' id='word_1_268' title='bbox 525 4307 594 4361; x_wconf 89' lang='lat' dir='ltr'><strong>lis</strong></span> <span class='ocrx_word' id='word_1_269' title='bbox 627 4309 750 4363; x_wconf 86' lang='lat' dir='ltr'><strong>aliis</strong></span> <span class='ocrx_word' id='word_1_270' title='bbox 782 4314 903 4377; x_wconf 92' lang='lat' dir='ltr'><strong>post</strong></span> <span class='ocrx_word' id='word_1_271' title='bbox 935 4323 994 4360; x_wconf 88' lang='lat' dir='ltr'><strong>se</strong></span> <span class='ocrx_word' id='word_1_272' title='bbox 1027 4308 1216 4362; x_wconf 88' lang='lat' dir='ltr'><strong>liberis</strong></span> <span class='ocrx_word' id='word_1_273' title='bbox 1243 4308 1473 4363; x_wconf 87' lang='lat' dir='ltr'><strong>relictis.</strong></span> 
     </span>
    </p>
   </div>
   <div class='ocr_carea' id='block_1_46' title="bbox 596 4397 2101 4471">
    <p class='ocr_par' dir='ltr' id='par_1_46' title="bbox 596 4397 2101 4471">
     <span class='ocr_line' id='line_1_46' title="bbox 596 4397 2101 4471; baseline 0.004 -22"><span class='ocrx_word' id='word_1_274' title='bbox 596 4397 764 4454; x_wconf 74' lang='lat' dir='ltr'><strong>Vens.</strong></span> <span class='ocrx_word' id='word_1_275' title='bbox 809 4400 897 4452; x_wconf 77' lang='grc' dir='ltr'><strong>Μ.</strong></span> <span class='ocrx_word' id='word_1_276' title='bbox 931 4399 996 4452; x_wconf 86' lang='lat' dir='ltr'><strong>In</strong></span> <span class='ocrx_word' id='word_1_277' title='bbox 1041 4402 1350 4454; x_wconf 85' lang='lat' dir='ltr'><strong>memoriam</strong></span> <span class='ocrx_word' id='word_1_278' title='bbox 1398 4403 1577 4455; x_wconf 84' lang='lat' dir='ltr'><strong>redeat</strong></span> <span class='ocrx_word' id='word_1_279' title='bbox 1626 4401 1881 4471; x_wconf 80' lang='lat' dir='ltr'><strong>iniquitas</strong></span> <span class='ocrx_word' id='word_1_280' title='bbox 1911 4417 2101 4470; x_wconf 85' lang='lat' dir='ltr'><strong>paren-</strong></span> 
     </span>
    </p>
   </div>
   <div class='ocr_carea' id='block_1_47' title="bbox 2191 537 3779 610">
    <p class='ocr_par' dir='ltr' id='par_1_47' title="bbox 2191 537 3779 610">
     <span class='ocr_line' id='line_1_47' title="bbox 2191 537 3779 610; baseline 0 -20"><span class='ocrx_word' id='word_1_281' title='bbox 2191 537 2558 607; x_wconf 80' lang='grc' dir='ltr'><strong>ἀποστολικὴν</strong></span> <span class='ocrx_word' id='word_1_282' title='bbox 2613 537 2780 591; x_wconf 81' lang='grc' dir='ltr'><strong>αὐτοῦ</strong></span> <span class='ocrx_word' id='word_1_283' title='bbox 2837 537 3147 608; x_wconf 79' lang='grc' dir='ltr'><strong>ἐπισκοπὴν</strong></span> <span class='ocrx_word' id='word_1_284' title='bbox 3187 537 3423 610; x_wconf 72' lang='grc' dir='ltr'><strong>λήψεται</strong></span> <span class='ocrx_word' id='word_1_285' title='bbox 3454 538 3667 604; x_wconf 72' lang='grc' dir='ltr'><strong>ἕτερος.</strong></span> <span class='ocrx_word' id='word_1_286' title='bbox 3714 539 3779 590; x_wconf 83' lang='grc' dir='ltr'><strong>Ὀ</strong></span> 
     </span>
    </p>
   </div>
   <div class='ocr_carea' id='block_1_48' title="bbox 2188 629 3780 701">
    <p class='ocr_par' dir='ltr' id='par_1_48' title="bbox 2188 629 3780 701">
     <span class='ocr_line' id='line_1_48' title="bbox 2188 629 3780 701; baseline -0.001 -17"><span class='ocrx_word' id='word_1_287' title='bbox 2188 629 2442 692; x_wconf 80' lang='grc' dir='ltr'><strong>Ματθίας</strong></span> <span class='ocrx_word' id='word_1_288' title='bbox 2472 630 2720 700; x_wconf 83' lang='grc' dir='ltr'><strong>δηλονότι</strong></span> <span class='ocrx_word' id='word_1_289' title='bbox 2748 632 2776 684; x_wconf 88' lang='grc' dir='ltr'><em>ὀ</em></span> <span class='ocrx_word' id='word_1_290' title='bbox 2807 631 2928 684; x_wconf 75' lang='grc' dir='ltr'><strong>ἀντὶ</strong></span> <span class='ocrx_word' id='word_1_291' title='bbox 2963 631 3130 685; x_wconf 74' lang='grc' dir='ltr'><strong>αὐτοῦ</strong></span> <span class='ocrx_word' id='word_1_292' title='bbox 3163 631 3472 701; x_wconf 83' lang='grc' dir='ltr'><strong>κληρωθείς</strong></span> <span class='ocrx_word' id='word_1_293' title='bbox 3502 648 3517 663; x_wconf 79' lang='lat'><strong><em>°</em></strong></span> <span class='ocrx_word' id='word_1_294' title='bbox 3549 632 3601 684; x_wconf 79' lang='grc' dir='ltr'><strong>οἱ</strong></span> <span class='ocrx_word' id='word_1_295' title='bbox 3635 632 3780 684; x_wconf 72' lang='grc' dir='ltr'><strong>ἁπόσ</strong></span> 
     </span>
    </p>
   </div>
   <div class='ocr_carea' id='block_1_49' title="bbox 2191 715 3780 792">
    <p class='ocr_par' dir='ltr' id='par_1_49' title="bbox 2191 715 3780 792">
     <span class='ocr_line' id='line_1_49' title="bbox 2191 715 3780 792; baseline 0 -19"><span class='ocrx_word' id='word_1_296' title='bbox 2191 721 2369 773; x_wconf 90' lang='grc' dir='ltr'><strong>στολοι</strong></span> <span class='ocrx_word' id='word_1_297' title='bbox 2400 721 2510 792; x_wconf 86' lang='grc' dir='ltr'><strong>γὰρ</strong></span> <span class='ocrx_word' id='word_1_298' title='bbox 2540 722 2651 775; x_wconf 86' lang='grc' dir='ltr'><strong>τῶν</strong></span> <span class='ocrx_word' id='word_1_299' title='bbox 2694 722 3064 775; x_wconf 83' lang='grc' dir='ltr'><strong>πιστευόντων</strong></span> <span class='ocrx_word' id='word_1_300' title='bbox 3092 722 3332 792; x_wconf 73' lang='grc' dir='ltr'><strong>φύλακες</strong></span> <span class='ocrx_word' id='word_1_301' title='bbox 3360 717 3503 792; x_wconf 73' lang='grc' dir='ltr'><strong>ἦσαν</strong></span> <span class='ocrx_word' id='word_1_302' title='bbox 3538 715 3636 775; x_wconf 76' lang='grc' dir='ltr'><strong>καὶ</strong></span> <span class='ocrx_word' id='word_1_303' title='bbox 3657 740 3780 773; x_wconf 79' lang='grc' dir='ltr'><strong>ποι-</strong></span> 
     </span>
    </p>
   </div>
   <div class='ocr_carea' id='block_1_50' title="bbox 2193 811 2378 880">
    <p class='ocr_par' dir='ltr' id='par_1_50' title="bbox 2193 811 2378 880">
     <span class='ocr_line' id='line_1_50' title="bbox 2193 811 2378 880; baseline 0.016 -18"><span class='ocrx_word' id='word_1_304' title='bbox 2193 811 2378 880; x_wconf 79' lang='grc' dir='ltr'><strong>μένες.</strong></span> 
     </span>
    </p>
   </div>
   <div class='ocr_carea' id='block_1_51' title="bbox 2263 903 3779 972">
    <p class='ocr_par' dir='ltr' id='par_1_51' title="bbox 2263 903 3779 972">
     <span class='ocr_line' id='line_1_51' title="bbox 2263 903 3779 972; baseline -0.001 -17"><span class='ocrx_word' id='word_1_305' title='bbox 2263 903 2705 970; x_wconf 82' lang='grc' dir='ltr'><strong>Γενηθήτωσαν</strong></span> <span class='ocrx_word' id='word_1_306' title='bbox 2751 907 2807 958; x_wconf 86' lang='lat' dir='ltr'><strong>ol</strong></span> <span class='ocrx_word' id='word_1_307' title='bbox 2860 904 2978 958; x_wconf 78' lang='grc' dir='ltr'><strong>υἱοὶ</strong></span> <span class='ocrx_word' id='word_1_308' title='bbox 3029 904 3218 959; x_wconf 81' lang='grc' dir='ltr'><strong>αὐτοῦ</strong></span> <span class='ocrx_word' id='word_1_309' title='bbox 3273 904 3550 972; x_wconf 70' lang='grc' dir='ltr'><strong>ὀρφανοί,</strong></span> <span class='ocrx_word' id='word_1_310' title='bbox 3587 903 3686 956; x_wconf 76' lang='grc' dir='ltr'><strong>καὶ</strong></span> <span class='ocrx_word' id='word_1_311' title='bbox 3737 904 3779 968; x_wconf 80' lang='grc' dir='ltr'>ἡ</span> 
     </span>
    </p>
   </div>
   <div class='ocr_carea' id='block_1_52' title="bbox 2190 995 3771 1065">
    <p class='ocr_par' dir='ltr' id='par_1_52' title="bbox 2190 995 3771 1065">
     <span class='ocr_line' id='line_1_52' title="bbox 2190 995 3771 1065; baseline 0.001 -18"><span class='ocrx_word' id='word_1_312' title='bbox 2190 996 2344 1064; x_wconf 77' lang='grc' dir='ltr'><strong>γυνὴ</strong></span> <span class='ocrx_word' id='word_1_313' title='bbox 2382 995 2571 1050; x_wconf 80' lang='grc' dir='ltr'><strong>αὐτοῦ</strong></span> <span class='ocrx_word' id='word_1_314' title='bbox 2622 995 2797 1064; x_wconf 80' lang='grc' dir='ltr'><strong>χήρα.</strong></span> <span class='ocrx_word' id='word_1_315' title='bbox 2853 995 3025 1048; x_wconf 78' lang='grc' dir='ltr'><strong>Τοῦτο</strong></span> <span class='ocrx_word' id='word_1_316' title='bbox 3078 997 3174 1049; x_wconf 75' lang='grc' dir='ltr'><strong>καὶ</strong></span> <span class='ocrx_word' id='word_1_317' title='bbox 3233 999 3302 1048; x_wconf 76' lang='grc' dir='ltr'><strong>τὰ</strong></span> <span class='ocrx_word' id='word_1_318' title='bbox 3335 995 3462 1065; x_wconf 75' lang='grc' dir='ltr'><strong>ἑξῆς</strong></span> <span class='ocrx_word' id='word_1_319' title='bbox 3503 997 3605 1048; x_wconf 81' lang='grc' dir='ltr'>οὐκ</span> <span class='ocrx_word' id='word_1_320' title='bbox 3637 997 3771 1064; x_wconf 50' lang='lat' dir='ltr'><strong>agro.</strong></span> 
     </span>
    </p>
   </div>
   <div class='ocr_carea' id='block_1_53' title="bbox 2193 1087 3780 1158">
    <p class='ocr_par' dir='ltr' id='par_1_53' title="bbox 2193 1087 3780 1158">
     <span class='ocr_line' id='line_1_53' title="bbox 2193 1087 3780 1158; baseline 0 -18"><span class='ocrx_word' id='word_1_321' title='bbox 2193 1088 2332 1155; x_wconf 86' lang='grc' dir='ltr'><strong>ρῶσι</strong></span> <span class='ocrx_word' id='word_1_322' title='bbox 2389 1087 2526 1158; x_wconf 75' lang='grc' dir='ltr'><strong>πρὸς</strong></span> <span class='ocrx_word' id='word_1_323' title='bbox 2560 1087 2653 1141; x_wconf 76' lang='grc' dir='ltr'><strong>τὸν</strong></span> <span class='ocrx_word' id='word_1_324' title='bbox 2720 1087 2927 1142; x_wconf 83' lang='grc' dir='ltr'><strong>Ἰούδαν</strong></span> <span class='ocrx_word' id='word_1_325' title='bbox 2958 1104 2971 1118; x_wconf 83' lang='grc'><em>’</em></span> <span class='ocrx_word' id='word_1_326' title='bbox 3006 1089 3158 1141; x_wconf 78' lang='grc' dir='ltr'><strong>οὐδὲν</strong></span> <span class='ocrx_word' id='word_1_327' title='bbox 3189 1088 3299 1158; x_wconf 78' lang='grc' dir='ltr'><strong>γὰρ</strong></span> <span class='ocrx_word' id='word_1_328' title='bbox 3339 1089 3472 1158; x_wconf 75' lang='grc' dir='ltr'><strong>περὶ</strong></span> <span class='ocrx_word' id='word_1_329' title='bbox 3509 1089 3780 1155; x_wconf 66' lang='grc' dir='ltr'><strong>γυναικὸς</strong></span> 
     </span>
    </p>
   </div>
   <div class='ocr_carea' id='block_1_54' title="bbox 2190 1181 3780 1250">
    <p class='ocr_par' dir='ltr' id='par_1_54' title="bbox 2190 1181 3780 1250">
     <span class='ocr_line' id='line_1_54' title="bbox 2190 1181 3780 1250; baseline -0.001 -16"><span class='ocrx_word' id='word_1_330' title='bbox 2190 1181 2358 1234; x_wconf 74' lang='grc' dir='ltr'><strong>αὑτοῦ</strong></span> <span class='ocrx_word' id='word_1_331' title='bbox 2413 1182 2510 1233; x_wconf 71' lang='grc' dir='ltr'>καὶ</span> <span class='ocrx_word' id='word_1_332' title='bbox 2533 1183 2739 1232; x_wconf 81' lang='grc' dir='ltr'><strong>τέκνων</strong></span> <span class='ocrx_word' id='word_1_333' title='bbox 2766 1181 3076 1250; x_wconf 82' lang='grc' dir='ltr'><strong>ἱστόρηται.</strong></span> <span class='ocrx_word' id='word_1_334' title='bbox 3103 1182 3196 1234; x_wconf 89' lang='grc' dir='ltr'><strong>Διό</strong></span> <span class='ocrx_word' id='word_1_335' title='bbox 3223 1197 3386 1250; x_wconf 80' lang='grc' dir='ltr'><strong>φησιν</strong></span> <span class='ocrx_word' id='word_1_336' title='bbox 3411 1182 3437 1232; x_wconf 84' lang='grc' dir='ltr'>ὁ</span> <span class='ocrx_word' id='word_1_337' title='bbox 3462 1181 3780 1247; x_wconf 81' lang='grc' dir='ltr'><strong>Χρυσόστο-</strong></span> 
     </span>
    </p>
   </div>
   <div class='ocr_carea' id='block_1_55' title="bbox 2191 1271 3777 1343">
    <p class='ocr_par' dir='ltr' id='par_1_55' title="bbox 2191 1271 3777 1343">
     <span class='ocr_line' id='line_1_55' title="bbox 2191 1271 3777 1343; baseline 0 -19"><span class='ocrx_word' id='word_1_338' title='bbox 2191 1289 2291 1340; x_wconf 83' lang='grc' dir='ltr'><strong>μος</strong></span> <span class='ocrx_word' id='word_1_339' title='bbox 2320 1273 2450 1341; x_wconf 74' lang='grc' dir='ltr'><strong>περὶ</strong></span> <span class='ocrx_word' id='word_1_340' title='bbox 2475 1271 2664 1340; x_wconf 81' lang='grc' dir='ltr'><strong>ἐτέρου</strong></span> <span class='ocrx_word' id='word_1_341' title='bbox 2695 1271 2866 1326; x_wconf 78' lang='grc' dir='ltr'><strong>ταῦτα</strong></span> <span class='ocrx_word' id='word_1_342' title='bbox 2899 1271 3282 1343; x_wconf 76' lang='grc' dir='ltr'><strong>προφητεῦσαι</strong></span> <span class='ocrx_word' id='word_1_343' title='bbox 3307 1271 3396 1324; x_wconf 75' lang='grc' dir='ltr'><strong>τὸν</strong></span> <span class='ocrx_word' id='word_1_344' title='bbox 3425 1271 3612 1333; x_wconf 72' lang='grc' dir='ltr'><strong>Δαδὶδ,</strong></span> <span class='ocrx_word' id='word_1_345' title='bbox 3651 1274 3777 1324; x_wconf 78' lang='grc' dir='ltr'><strong>ἐπι-</strong></span> 
     </span>
    </p>
   </div>
   <div class='ocr_carea' id='block_1_56' title="bbox 2189 1361 3778 1432">
    <p class='ocr_par' dir='ltr' id='par_1_56' title="bbox 2189 1361 3778 1432">
     <span class='ocr_line' id='line_1_56' title="bbox 2189 1361 3778 1432; baseline -0.001 -18"><span class='ocrx_word' id='word_1_346' title='bbox 2189 1362 2586 1424; x_wconf 73' lang='grc' dir='ltr'><strong>ϐουλεύσαντος</strong></span> <span class='ocrx_word' id='word_1_347' title='bbox 2620 1363 2721 1432; x_wconf 76' lang='grc' dir='ltr'><strong>τὴν</strong></span> <span class='ocrx_word' id='word_1_348' title='bbox 2755 1363 3064 1432; x_wconf 78' lang='grc' dir='ltr'><strong>ἱερωσύνην</strong></span> <span class='ocrx_word' id='word_1_349' title='bbox 3101 1363 3241 1430; x_wconf 78' lang='grc' dir='ltr'><strong>μετὰ</strong></span> <span class='ocrx_word' id='word_1_350' title='bbox 3261 1361 3390 1424; x_wconf 72' lang='grc' dir='ltr'><strong>τοὺς</strong></span> <span class='ocrx_word' id='word_1_351' title='bbox 3415 1362 3644 1430; x_wconf 80' lang='grc' dir='ltr'><strong>χρόνους</strong></span> <span class='ocrx_word' id='word_1_352' title='bbox 3675 1362 3778 1429; x_wconf 69' lang='grc' dir='ltr'><strong>τῆς</strong></span> 
     </span>
    </p>
   </div>
   <div class='ocr_carea' id='block_1_57' title="bbox 2189 1451 3777 1523">
    <p class='ocr_par' dir='ltr' id='par_1_57' title="bbox 2189 1451 3777 1523">
     <span class='ocr_line' id='line_1_57' title="bbox 2189 1451 3777 1523; baseline -0.001 -18"><span class='ocrx_word' id='word_1_353' title='bbox 2189 1454 2254 1506; x_wconf 78' lang='grc' dir='ltr'>ἐκ</span> <span class='ocrx_word' id='word_1_354' title='bbox 2309 1453 2633 1516; x_wconf 78' lang='grc' dir='ltr'><strong>Βαϐυλῶνος</strong></span> <span class='ocrx_word' id='word_1_355' title='bbox 2670 1455 2956 1519; x_wconf 82' lang='grc' dir='ltr'><strong>ἐπανόδου,</strong></span> <span class='ocrx_word' id='word_1_356' title='bbox 2989 1456 3070 1517; x_wconf 82' lang='grc' dir='ltr'><strong>εἰς</strong></span> <span class='ocrx_word' id='word_1_357' title='bbox 3122 1453 3181 1505; x_wconf 80' lang='grc' dir='ltr'><strong>ὃν</strong></span> <span class='ocrx_word' id='word_1_358' title='bbox 3236 1453 3328 1505; x_wconf 78' lang='grc' dir='ltr'><strong>καὶ</strong></span> <span class='ocrx_word' id='word_1_359' title='bbox 3364 1451 3647 1523; x_wconf 75' lang='grc' dir='ltr'><strong>προδήλως</strong></span> <span class='ocrx_word' id='word_1_360' title='bbox 3678 1470 3777 1504; x_wconf 78' lang='grc' dir='ltr'><strong>πε-</strong></span> 
     </span>
    </p>
   </div>
   <div class='ocr_carea' id='block_1_58' title="bbox 2189 1547 2748 1616">
    <p class='ocr_par' dir='ltr' id='par_1_58' title="bbox 2189 1547 2748 1616">
     <span class='ocr_line' id='line_1_58' title="bbox 2189 1547 2748 1616; baseline 0.004 -16"><span class='ocrx_word' id='word_1_361' title='bbox 2189 1549 2296 1616; x_wconf 83' lang='grc' dir='ltr'><strong>πλη</strong></span> <span class='ocrx_word' id='word_1_362' title='bbox 2305 1547 2516 1616; x_wconf 85' lang='grc' dir='ltr'><strong>ρῶσθαι</strong></span> <span class='ocrx_word' id='word_1_363' title='bbox 2545 1547 2748 1602; x_wconf 67' lang='grc' dir='ltr'><strong>πάντα.</strong></span> 
     </span>
    </p>
   </div>
   <div class='ocr_carea' id='block_1_59' title="bbox 2258 1635 3775 1709">
    <p class='ocr_par' dir='ltr' id='par_1_59' title="bbox 2258 1635 3775 1709">
     <span class='ocr_line' id='line_1_59' title="bbox 2258 1635 3775 1709; baseline -0.004 -16"><span class='ocrx_word' id='word_1_364' title='bbox 2258 1639 2664 1708; x_wconf 86' lang='grc' dir='ltr'><strong>Σαλευόμενοι</strong></span> <span class='ocrx_word' id='word_1_365' title='bbox 2716 1637 3278 1709; x_wconf 81' lang='grc' dir='ltr'><strong>μεταναστήτωσιιν</strong></span> <span class='ocrx_word' id='word_1_366' title='bbox 3315 1638 3370 1690; x_wconf 83' lang='grc' dir='ltr'><strong>οι</strong></span> <span class='ocrx_word' id='word_1_367' title='bbox 3409 1636 3527 1691; x_wconf 77' lang='lat' dir='ltr'><strong>viai</strong></span> <span class='ocrx_word' id='word_1_368' title='bbox 3560 1635 3775 1698; x_wconf 67' lang='grc' dir='ltr'><strong>αὐτοῦ,</strong></span> 
     </span>
    </p>
   </div>
   <div class='ocr_carea' id='block_1_60' title="bbox 2190 1728 3778 1801">
    <p class='ocr_par' dir='ltr' id='par_1_60' title="bbox 2190 1728 3778 1801">
     <span class='ocr_line' id='line_1_60' title="bbox 2190 1728 3778 1801; baseline -0.003 -17"><span class='ocrx_word' id='word_1_369' title='bbox 2190 1731 2286 1784; x_wconf 78' lang='grc' dir='ltr'><strong>καὶ</strong></span> <span class='ocrx_word' id='word_1_370' title='bbox 2316 1728 2846 1799; x_wconf 77' lang='grc' dir='ltr'><strong>ἐπαιτησάτωσαν.</strong></span> <span class='ocrx_word' id='word_1_371' title='bbox 2871 1732 3251 1801; x_wconf 79' lang='grc' dir='ltr'><strong>Διασειόμενοι</strong></span> <span class='ocrx_word' id='word_1_372' title='bbox 3267 1730 3778 1799; x_wconf 75' lang='grc' dir='ltr'><strong>μεταναστησονται</strong></span> 
     </span>
    </p>
   </div>
   <div class='ocr_carea' id='block_1_61' title="bbox 2193 1823 3778 1894">
    <p class='ocr_par' dir='ltr' id='par_1_61' title="bbox 2193 1823 3778 1894">
     <span class='ocr_line' id='line_1_61' title="bbox 2193 1823 3778 1894; baseline -0.003 -18"><span class='ocrx_word' id='word_1_373' title='bbox 2193 1825 2302 1878; x_wconf 82' lang='grc' dir='ltr'><strong>ἀπὸ</strong></span> <span class='ocrx_word' id='word_1_374' title='bbox 2326 1824 2420 1878; x_wconf 79' lang='grc' dir='ltr'><strong>τοῦ</strong></span> <span class='ocrx_word' id='word_1_375' title='bbox 2455 1824 2587 1877; x_wconf 80' lang='grc' dir='ltr'>ἰδίου</span> <span class='ocrx_word' id='word_1_376' title='bbox 2619 1825 2796 1887; x_wconf 81' lang='grc' dir='ltr'>οἴκου,</span> <span class='ocrx_word' id='word_1_377' title='bbox 2829 1823 2926 1876; x_wconf 69' lang='grc' dir='ltr'><strong>καὶ</strong></span> <span class='ocrx_word' id='word_1_378' title='bbox 2957 1825 3342 1894; x_wconf 80' lang='grc' dir='ltr'><strong>ἐπαιτήσουσι,</strong></span> <span class='ocrx_word' id='word_1_379' title='bbox 3362 1823 3497 1890; x_wconf 73' lang='grc' dir='ltr'><strong>πρὸς</strong></span> <span class='ocrx_word' id='word_1_380' title='bbox 3521 1826 3585 1892; x_wconf 84' lang='grc' dir='ltr'><strong>τῇ</strong></span> <span class='ocrx_word' id='word_1_381' title='bbox 3611 1824 3778 1890; x_wconf 53' lang='lat' dir='ltr'><strong>deet:-</strong></span> 
     </span>
    </p>
   </div>
   <div class='ocr_carea' id='block_1_62' title="bbox 2195 1903 3775 1989">
    <p class='ocr_par' dir='ltr' id='par_1_62' title="bbox 2195 1903 3775 1989">
     <span class='ocr_line' id='line_1_62' title="bbox 2195 1903 3775 1989; baseline -0.004 -17"><span class='ocrx_word' id='word_1_382' title='bbox 2195 1918 2285 1989; x_wconf 76' lang='grc' dir='ltr'><strong>νίᾳ</strong></span> <span class='ocrx_word' id='word_1_383' title='bbox 2343 1918 2440 1972; x_wconf 69' lang='grc' dir='ltr'><strong>καὶ</strong></span> <span class='ocrx_word' id='word_1_384' title='bbox 2494 1918 2900 1987; x_wconf 81' lang='grc' dir='ltr'><strong>μετανάστασιν</strong></span> <span class='ocrx_word' id='word_1_385' title='bbox 2982 1916 3078 1969; x_wconf 80' lang='grc' dir='ltr'><strong>καὶ</strong></span> <span class='ocrx_word' id='word_1_386' title='bbox 3137 1917 3330 1969; x_wconf 82' lang='grc' dir='ltr'><strong>πενίαν</strong></span> <span class='ocrx_word' id='word_1_387' title='bbox 3388 1903 3775 1983; x_wconf 75' lang='grc' dir='ltr'><strong>ὑφιστάμενοι.</strong></span> 
     </span>
    </p>
   </div>
   <div class='ocr_carea' id='block_1_63' title="bbox 2278 2091 3771 2168">
    <p class='ocr_par' dir='ltr' id='par_1_63' title="bbox 2278 2091 3771 2168">
     <span class='ocr_line' id='line_1_63' title="bbox 2278 2091 3771 2168; baseline -0.007 -12"><span class='ocrx_word' id='word_1_388' title='bbox 2278 2101 2786 2168; x_wconf 77' lang='grc' dir='ltr'><strong>Ἐκϐληθήτωσαν</strong></span> <span class='ocrx_word' id='word_1_389' title='bbox 2840 2098 2909 2151; x_wconf 76' lang='grc' dir='ltr'><strong><em>ἐκ</em></strong></span> <span class='ocrx_word' id='word_1_390' title='bbox 2972 2095 3090 2150; x_wconf 84' lang='grc' dir='ltr'><strong>τῶν</strong></span> <span class='ocrx_word' id='word_1_391' title='bbox 3153 2094 3485 2151; x_wconf 70' lang='grc' dir='ltr'><strong>οἰκοπέδων</strong></span> <span class='ocrx_word' id='word_1_392' title='bbox 3549 2091 3771 2145; x_wconf 73' lang='grc' dir='ltr'><strong>αὐτῶν.</strong></span> 
     </span>
    </p>
   </div>
   <div class='ocr_carea' id='block_1_64' title="bbox 2209 2187 3775 2267">
    <p class='ocr_par' dir='ltr' id='par_1_64' title="bbox 2209 2187 3775 2267">
     <span class='ocr_line' id='line_1_64' title="bbox 2209 2187 3775 2267; baseline -0.01 -16"><span class='ocrx_word' id='word_1_393' title='bbox 2209 2196 2679 2267; x_wconf 73' lang='grc' dir='ltr'><strong>Ἐκϐληθὴσονται</strong></span> <span class='ocrx_word' id='word_1_394' title='bbox 2701 2192 2796 2245; x_wconf 80' lang='grc' dir='ltr'><strong>καὶ</strong></span> <span class='ocrx_word' id='word_1_395' title='bbox 2828 2191 3110 2256; x_wconf 77' lang='grc' dir='ltr'><strong>ἐξαύτῶν,</strong></span> <span class='ocrx_word' id='word_1_396' title='bbox 3151 2191 3284 2260; x_wconf 79' lang='grc' dir='ltr'><strong>μηδὲ</strong></span> <span class='ocrx_word' id='word_1_397' title='bbox 3311 2191 3369 2242; x_wconf 83' lang='grc' dir='ltr'><strong>ὲν</strong></span> <span class='ocrx_word' id='word_1_398' title='bbox 3396 2188 3578 2249; x_wconf 81' lang='grc' dir='ltr'><strong>αὐτοῖς</strong></span> <span class='ocrx_word' id='word_1_399' title='bbox 3603 2187 3775 2238; x_wconf 78' lang='grc' dir='ltr'><strong>οἰκεῖν</strong></span> 
     </span>
    </p>
   </div>
   <div class='ocr_carea' id='block_1_65' title="bbox 2197 2277 3770 2359">
    <p class='ocr_par' dir='ltr' id='par_1_65' title="bbox 2197 2277 3770 2359">
     <span class='ocr_line' id='line_1_65' title="bbox 2197 2277 3770 2359; baseline -0.012 -16"><span class='ocrx_word' id='word_1_400' title='bbox 2197 2287 2662 2359; x_wconf 65' lang='grc' dir='ltr'><strong>συγχωρούμενα.</strong></span> <span class='ocrx_word' id='word_1_401' title='bbox 2687 2282 2960 2337; x_wconf 85' lang='grc' dir='ltr'><strong>Οίκὸπεδα</strong></span> <span class='ocrx_word' id='word_1_402' title='bbox 2987 2283 3042 2335; x_wconf 82' lang='grc' dir='ltr'><strong>δὲ</strong></span> <span class='ocrx_word' id='word_1_403' title='bbox 3093 2282 3160 2334; x_wconf 82' lang='grc' dir='ltr'><strong>τὰ</strong></span> <span class='ocrx_word' id='word_1_404' title='bbox 3185 2281 3404 2350; x_wconf 79' lang='grc' dir='ltr'><strong>ἐρείπια</strong></span> <span class='ocrx_word' id='word_1_405' title='bbox 3426 2278 3535 2330; x_wconf 81' lang='grc' dir='ltr'><strong>τῶν</strong></span> <span class='ocrx_word' id='word_1_406' title='bbox 3559 2277 3770 2335; x_wconf 69' lang='grc' dir='ltr'><strong>οἰκιῶν,</strong></span> 
     </span>
    </p>
   </div>
   <div class='ocr_carea' id='block_1_66' title="bbox 2198 2371 3776 2452">
    <p class='ocr_par' dir='ltr' id='par_1_66' title="bbox 2198 2371 3776 2452">
     <span class='ocr_line' id='line_1_66' title="bbox 2198 2371 3776 2452; baseline -0.01 -17"><span class='ocrx_word' id='word_1_407' title='bbox 2198 2382 2468 2451; x_wconf 80' lang='grc' dir='ltr'><strong>Τοιαύτην</strong></span> <span class='ocrx_word' id='word_1_408' title='bbox 2487 2380 2618 2452; x_wconf 74' lang='grc' dir='ltr'><strong>γὰρ,</strong></span> <span class='ocrx_word' id='word_1_409' title='bbox 2669 2377 2764 2431; x_wconf 68' lang='grc' dir='ltr'><strong>καὶ</strong></span> <span class='ocrx_word' id='word_1_410' title='bbox 2791 2371 2940 2429; x_wconf 73' lang='grc' dir='ltr'><strong>οὗτοι</strong></span> <span class='ocrx_word' id='word_1_411' title='bbox 2987 2374 3222 2427; x_wconf 82' lang='grc' dir='ltr'><strong>δώσουσι</strong></span> <span class='ocrx_word' id='word_1_412' title='bbox 3251 2373 3426 2441; x_wconf 80' lang='grc' dir='ltr'><strong>δίκην,</strong></span> <span class='ocrx_word' id='word_1_413' title='bbox 3457 2374 3532 2434; x_wconf 80' lang='grc' dir='ltr'><strong>ὡς</strong></span> <span class='ocrx_word' id='word_1_414' title='bbox 3587 2386 3776 2422; x_wconf 83' lang='grc' dir='ltr'><strong>κοινω-</strong></span> 
     </span>
    </p>
   </div>
   <div class='ocr_carea' id='block_1_67' title="bbox 2196 2466 3315 2545">
    <p class='ocr_par' dir='ltr' id='par_1_67' title="bbox 2196 2466 3315 2545">
     <span class='ocr_line' id='line_1_67' title="bbox 2196 2466 3315 2545; baseline -0.009 -15"><span class='ocrx_word' id='word_1_415' title='bbox 2196 2478 2457 2545; x_wconf 76' lang='grc' dir='ltr'><strong>νήσαντες</strong></span> <span class='ocrx_word' id='word_1_416' title='bbox 2495 2478 2594 2541; x_wconf 76' lang='grc' dir='ltr'><strong>τῆς</strong></span> <span class='ocrx_word' id='word_1_417' title='bbox 2627 2474 2719 2525; x_wconf 72' lang='grc' dir='ltr'><strong>τοῦ</strong></span> <span class='ocrx_word' id='word_1_418' title='bbox 2753 2471 2957 2540; x_wconf 71' lang='grc' dir='ltr'><strong>πατρὸς</strong></span> <span class='ocrx_word' id='word_1_419' title='bbox 2990 2466 3315 2539; x_wconf 76' lang='grc' dir='ltr'><strong>μοχθηρίας.</strong></span> 
     </span>
    </p>
   </div>
   <div class='ocr_carea' id='block_1_68' title="bbox 2280 2643 3774 2722">
    <p class='ocr_par' dir='ltr' id='par_1_68' title="bbox 2280 2643 3774 2722">
     <span class='ocr_line' id='line_1_68' title="bbox 2280 2643 3774 2722; baseline -0.009 -12"><span class='ocrx_word' id='word_1_420' title='bbox 2280 2651 2769 2722; x_wconf 73' lang='grc' dir='ltr'><strong>Ἐξερευνησὰτω</strong></span> <span class='ocrx_word' id='word_1_421' title='bbox 2815 2647 3144 2716; x_wconf 79' lang='grc' dir='ltr'><strong>δανειστὴς</strong></span> <span class='ocrx_word' id='word_1_422' title='bbox 3199 2645 3398 2701; x_wconf 80' lang='grc' dir='ltr'><strong>πάντα</strong></span> <span class='ocrx_word' id='word_1_423' title='bbox 3429 2644 3550 2699; x_wconf 82' lang='grc' dir='ltr'><strong>ὅσα</strong></span> <span class='ocrx_word' id='word_1_424' title='bbox 3587 2643 3774 2710; x_wconf 76' lang='grc' dir='ltr'><strong>ὑπάρ-</strong></span> 
     </span>
    </p>
   </div>
   <div class='ocr_carea' id='block_1_69' title="bbox 2196 2736 3770 2825">
    <p class='ocr_par' dir='ltr' id='par_1_69' title="bbox 2196 2736 3770 2825">
     <span class='ocr_line' id='line_1_69' title="bbox 2196 2736 3770 2825; baseline -0.013 -16"><span class='ocrx_word' id='word_1_425' title='bbox 2196 2770 2288 2825; x_wconf 86' lang='grc' dir='ltr'><strong>χει</strong></span> <span class='ocrx_word' id='word_1_426' title='bbox 2313 2750 2492 2815; x_wconf 81' lang='grc' dir='ltr'><strong>αὐτῷ.</strong></span> <span class='ocrx_word' id='word_1_427' title='bbox 2529 2745 2914 2818; x_wconf 80' lang='grc' dir='ltr'><strong>Ἐξερευνήσει</strong></span> <span class='ocrx_word' id='word_1_428' title='bbox 2945 2741 3126 2814; x_wconf 83' lang='grc' dir='ltr'><strong>ζητῶν</strong></span> <span class='ocrx_word' id='word_1_429' title='bbox 3152 2739 3416 2797; x_wconf 79' lang='grc' dir='ltr'><strong>ἱκάνωσιν</strong></span> <span class='ocrx_word' id='word_1_430' title='bbox 3439 2737 3547 2792; x_wconf 84' lang='grc' dir='ltr'><strong>τῶν</strong></span> <span class='ocrx_word' id='word_1_431' title='bbox 3570 2736 3770 2808; x_wconf 77' lang='grc' dir='ltr'><strong>χρεῶν,</strong></span> 
     </span>
    </p>
   </div>
   <div class='ocr_carea' id='block_1_70' title="bbox 2195 2837 3009 2910">
    <p class='ocr_par' dir='ltr' id='par_1_70' title="bbox 2195 2837 3009 2910">
     <span class='ocr_line' id='line_1_70' title="bbox 2195 2837 3009 2910; baseline -0.015 -10"><span class='ocrx_word' id='word_1_432' title='bbox 2195 2843 2278 2908; x_wconf 78' lang='grc' dir='ltr'><strong>οἷς</strong></span> <span class='ocrx_word' id='word_1_433' title='bbox 2319 2844 2402 2898; x_wconf 76' lang='grc' dir='ltr'><strong>ἔτι</strong></span> <span class='ocrx_word' id='word_1_434' title='bbox 2441 2841 2550 2905; x_wconf 80' lang='grc' dir='ltr'><strong>ζῶν</strong></span> <span class='ocrx_word' id='word_1_435' title='bbox 2591 2837 3009 2910; x_wconf 82' lang='grc' dir='ltr'><strong>περιπέπτωκε.</strong></span> 
     </span>
    </p>
   </div>
   <div class='ocr_carea' id='block_1_71' title="bbox 2267 2919 3773 3003">
    <p class='ocr_par' dir='ltr' id='par_1_71' title="bbox 2267 2919 3773 3003">
     <span class='ocr_line' id='line_1_71' title="bbox 2267 2919 3773 3003; baseline -0.014 -11"><span class='ocrx_word' id='word_1_436' title='bbox 2267 2936 2378 2992; x_wconf 75' lang='grc' dir='ltr'><strong>Καὶ</strong></span> <span class='ocrx_word' id='word_1_437' title='bbox 2405 2929 2918 3003; x_wconf 75' lang='grc' dir='ltr'><strong>δωρπασὰτωσαν</strong></span> <span class='ocrx_word' id='word_1_438' title='bbox 2937 2926 3246 2994; x_wconf 74' lang='grc' dir='ltr'><strong>ἀλλότριοι</strong></span> <span class='ocrx_word' id='word_1_439' title='bbox 3271 2921 3413 2988; x_wconf 84' lang='grc' dir='ltr'><strong>τοὺς</strong></span> <span class='ocrx_word' id='word_1_440' title='bbox 3428 2921 3656 2986; x_wconf 81' lang='grc' dir='ltr'><strong>πόνους</strong></span> <span class='ocrx_word' id='word_1_441' title='bbox 3670 2919 3773 2972; x_wconf 69' lang='lat' dir='ltr'><strong>ai:-</strong></span> 
     </span>
    </p>
   </div>
   <div class='ocr_carea' id='block_1_72' title="bbox 2198 3011 3774 3097">
    <p class='ocr_par' dir='ltr' id='par_1_72' title="bbox 2198 3011 3774 3097">
     <span class='ocr_line' id='line_1_72' title="bbox 2198 3011 3774 3097; baseline -0.015 -12"><span class='ocrx_word' id='word_1_442' title='bbox 2198 3027 2334 3086; x_wconf 80' lang='grc' dir='ltr'><strong>τοῦ.</strong></span> <span class='ocrx_word' id='word_1_443' title='bbox 2389 3023 2770 3097; x_wconf 75' lang='grc' dir='ltr'><strong>Διαρπάσουοι</strong></span> <span class='ocrx_word' id='word_1_444' title='bbox 2821 3020 2963 3093; x_wconf 82' lang='grc' dir='ltr'><strong>μετὰ</strong></span> <span class='ocrx_word' id='word_1_445' title='bbox 2999 3019 3092 3074; x_wconf 76' lang='grc' dir='ltr'><strong>τὸν</strong></span> <span class='ocrx_word' id='word_1_446' title='bbox 3146 3015 3434 3086; x_wconf 77' lang='grc' dir='ltr'><strong>δανειστὴν</strong></span> <span class='ocrx_word' id='word_1_447' title='bbox 3462 3014 3530 3067; x_wconf 82' lang='grc' dir='ltr'><strong>τὰ</strong></span> <span class='ocrx_word' id='word_1_448' title='bbox 3561 3011 3774 3066; x_wconf 80' lang='grc' dir='ltr'><strong>ὑπολει-</strong></span> 
     </span>
    </p>
   </div>
   <div class='ocr_carea' id='block_1_73' title="bbox 2125 3115 2432 3193">
    <p class='ocr_par' dir='ltr' id='par_1_73' title="bbox 2125 3115 2432 3193">
     <span class='ocr_line' id='line_1_73' title="bbox 2125 3115 2432 3193; baseline -0.013 -14"><span class='ocrx_word' id='word_1_449' title='bbox 2125 3115 2172 3179; x_wconf 85' lang='lat' dir='ltr'>C</span> <span class='ocrx_word' id='word_1_450' title='bbox 2203 3122 2432 3193; x_wconf 80' lang='grc' dir='ltr'><strong>φθέντα.</strong></span> 
     </span>
    </p>
   </div>
   <div class='ocr_carea' id='block_1_74' title="bbox 2276 3191 3770 3278">
    <p class='ocr_par' dir='ltr' id='par_1_74' title="bbox 2276 3191 3770 3278">
     <span class='ocr_line' id='line_1_74' title="bbox 2276 3191 3770 3278; baseline -0.017 -12"><span class='ocrx_word' id='word_1_451' title='bbox 2276 3211 2374 3278; x_wconf 77' lang='grc' dir='ltr'><strong>Μὴ</strong></span> <span class='ocrx_word' id='word_1_452' title='bbox 2395 3207 2719 3276; x_wconf 81' lang='grc' dir='ltr'><strong>ὐπαρξὰτω</strong></span> <span class='ocrx_word' id='word_1_453' title='bbox 2743 3203 2903 3270; x_wconf 85' lang='grc' dir='ltr'><strong>αὐτῷ</strong></span> <span class='ocrx_word' id='word_1_454' title='bbox 2938 3199 3340 3265; x_wconf 74' lang='grc' dir='ltr'><strong>ἀντιλήπτωρ.</strong></span> <span class='ocrx_word' id='word_1_455' title='bbox 3369 3193 3483 3262; x_wconf 79' lang='grc' dir='ltr'><strong>Οὐχ</strong></span> <span class='ocrx_word' id='word_1_456' title='bbox 3510 3191 3770 3262; x_wconf 74' lang='grc' dir='ltr'><strong>ὑπάρξει·</strong></span> 
     </span>
    </p>
   </div>
   <div class='ocr_carea' id='block_1_75' title="bbox 2210 3296 3746 3380">
    <p class='ocr_par' dir='ltr' id='par_1_75' title="bbox 2210 3296 3746 3380">
     <span class='ocr_line' id='line_1_75' title="bbox 2210 3296 3746 3380; baseline 0.005 -24"><span class='ocrx_word' id='word_1_457' title='bbox 2210 3304 2349 3376; x_wconf 78' lang='grc' dir='ltr'><strong>μετὰ</strong></span> <span class='ocrx_word' id='word_1_458' title='bbox 2376 3302 2609 3355; x_wconf 82' lang='grc' dir='ltr'><strong>θάνατον</strong></span> <span class='ocrx_word' id='word_1_459' title='bbox 2637 3296 2906 3367; x_wconf 84' lang='grc' dir='ltr'><strong>δηλονότι,</strong></span> <span class='ocrx_word' id='word_1_460' title='bbox 3294 3378 3301 3380; x_wconf 65' lang='lat'><strong><em>_</em></strong></span> <span class='ocrx_word' id='word_1_461' title='bbox 3503 3373 3528 3380; x_wconf 79' lang='lat'>_</span> <span class='ocrx_word' id='word_1_462' title='bbox 3627 3374 3636 3380; x_wconf 84' lang='lat'><strong>_</strong></span> <span class='ocrx_word' id='word_1_463' title='bbox 3723 3369 3746 3380; x_wconf 82' lang='lat'><strong>_</strong></span> 
     </span>
    </p>
   </div>
   <div class='ocr_carea' id='block_1_76' title="bbox 2277 3373 3768 3460">
    <p class='ocr_par' dir='ltr' id='par_1_76' title="bbox 2277 3373 3768 3460">
     <span class='ocr_line' id='line_1_76' title="bbox 2277 3373 3768 3460; baseline -0.017 -13"><span class='ocrx_word' id='word_1_464' title='bbox 2277 3392 2446 3460; x_wconf 79' lang='grc' dir='ltr'><strong>Μηδὲ</strong></span> <span class='ocrx_word' id='word_1_465' title='bbox 2468 3388 2775 3459; x_wconf 75' lang='grc' dir='ltr'><strong>γενηθήτω</strong></span> <span class='ocrx_word' id='word_1_466' title='bbox 2798 3384 3115 3453; x_wconf 74' lang='grc' dir='ltr'><strong>οἰκτίρμων</strong></span> <span class='ocrx_word' id='word_1_467' title='bbox 3131 3380 3256 3445; x_wconf 86' lang='grc' dir='ltr'><strong>τοῖς</strong></span> <span class='ocrx_word' id='word_1_468' title='bbox 3273 3373 3558 3446; x_wconf 68' lang='grc' dir='ltr'><strong>ὀρφανοῖς</strong></span> <span class='ocrx_word' id='word_1_469' title='bbox 3573 3373 3768 3426; x_wconf 76' lang='grc' dir='ltr'><strong>αὑτοῦ.</strong></span> 
     </span>
    </p>
   </div>
   <div class='ocr_carea' id='block_1_77' title="bbox 2209 3463 3768 3554">
    <p class='ocr_par' dir='ltr' id='par_1_77' title="bbox 2209 3463 3768 3554">
     <span class='ocr_line' id='line_1_77' title="bbox 2209 3463 3768 3554; baseline -0.019 -12"><span class='ocrx_word' id='word_1_470' title='bbox 2209 3488 2282 3542; x_wconf 78' lang='grc' dir='ltr'><strong>Οὐ</strong></span> <span class='ocrx_word' id='word_1_471' title='bbox 2324 3482 2693 3554; x_wconf 82' lang='grc' dir='ltr'><strong>γενηθήσεται</strong></span> <span class='ocrx_word' id='word_1_472' title='bbox 2729 3479 2817 3532; x_wconf 74' lang='grc' dir='ltr'><strong>διὰ</strong></span> <span class='ocrx_word' id='word_1_473' title='bbox 2859 3475 2959 3546; x_wconf 82' lang='grc' dir='ltr'><strong>τὴν</strong></span> <span class='ocrx_word' id='word_1_474' title='bbox 2987 3472 3251 3542; x_wconf 78' lang='grc' dir='ltr'><strong>ἀνωτέρω</strong></span> <span class='ocrx_word' id='word_1_475' title='bbox 3284 3469 3549 3541; x_wconf 75' lang='grc' dir='ltr'><strong>ῥηθεῖσαν</strong></span> <span class='ocrx_word' id='word_1_476' title='bbox 3574 3463 3768 3518; x_wconf 68' lang='grc' dir='ltr'><strong>αἰτίαν.</strong></span> 
     </span>
    </p>
   </div>
   <div class='ocr_carea' id='block_1_78' title="bbox 2280 3647 3769 3735">
    <p class='ocr_par' dir='ltr' id='par_1_78' title="bbox 2280 3647 3769 3735">
     <span class='ocr_line' id='line_1_78' title="bbox 2280 3647 3769 3735; baseline -0.021 -12"><span class='ocrx_word' id='word_1_477' title='bbox 2280 3667 2603 3735; x_wconf 70' lang='grc' dir='ltr'><strong>Γενηθήτω</strong></span> <span class='ocrx_word' id='word_1_478' title='bbox 2655 3662 2728 3714; x_wconf 79' lang='grc' dir='ltr'><strong>τὰ</strong></span> <span class='ocrx_word' id='word_1_479' title='bbox 2773 3659 2956 3713; x_wconf 78' lang='grc' dir='ltr'><strong>τέκνα</strong></span> <span class='ocrx_word' id='word_1_480' title='bbox 2981 3653 3168 3710; x_wconf 76' lang='grc' dir='ltr'><strong>αὑτοῦ</strong></span> <span class='ocrx_word' id='word_1_481' title='bbox 3217 3653 3300 3712; x_wconf 79' lang='grc' dir='ltr'><strong>εὶς</strong></span> <span class='ocrx_word' id='word_1_482' title='bbox 3330 3647 3769 3712; x_wconf 59' lang='grc' dir='ltr'><strong>ἐξολῶρευσιν.</strong></span> 
     </span>
    </p>
   </div>
   <div class='ocr_carea' id='block_1_79' title="bbox 2222 3735 3772 3828">
    <p class='ocr_par' dir='ltr' id='par_1_79' title="bbox 2222 3735 3772 3828">
     <span class='ocr_line' id='line_1_79' title="bbox 2222 3735 3772 3828; baseline -0.021 -14"><span class='ocrx_word' id='word_1_483' title='bbox 2222 3755 2829 3828; x_wconf 79' lang='grc' dir='ltr'><strong>Ἐξολοθρευθήσονται,</strong></span> <span class='ocrx_word' id='word_1_484' title='bbox 2863 3749 2958 3802; x_wconf 73' lang='grc' dir='ltr'><strong>καὶ</strong></span> <span class='ocrx_word' id='word_1_485' title='bbox 2996 3747 3096 3817; x_wconf 86' lang='grc' dir='ltr'><strong>οὐχ</strong></span> <span class='ocrx_word' id='word_1_486' title='bbox 3143 3741 3352 3807; x_wconf 84' lang='grc' dir='ltr'><strong>ἁπλῶς,</strong></span> <span class='ocrx_word' id='word_1_487' title='bbox 3383 3737 3524 3792; x_wconf 78' lang='grc' dir='ltr'><strong>ἀλλὰ</strong></span> <span class='ocrx_word' id='word_1_488' title='bbox 3576 3735 3772 3801; x_wconf 76' lang='grc' dir='ltr'><strong>ἄγονα·</strong></span> 
     </span>
    </p>
   </div>
   <div class='ocr_carea' id='block_1_80' title="bbox 2211 3848 2640 3920">
    <p class='ocr_par' dir='ltr' id='par_1_80' title="bbox 2211 3848 2640 3920">
     <span class='ocr_line' id='line_1_80' title="bbox 2211 3848 2640 3920; baseline -0.014 -15"><span class='ocrx_word' id='word_1_489' title='bbox 2211 3855 2461 3920; x_wconf 76' lang='grc' dir='ltr'><strong>ἐπήγαγε</strong></span> <span class='ocrx_word' id='word_1_490' title='bbox 2497 3848 2604 3917; x_wconf 87' lang='grc' dir='ltr'><strong>γάρ</strong></span> <span class='ocrx_word' id='word_1_491' title='bbox 2626 3862 2640 3876; x_wconf 80' lang='grc'><em>’</em></span> 
     </span>
    </p>
   </div>
   <div class='ocr_carea' id='block_1_81' title="bbox 2287 4007 3780 4096">
    <p class='ocr_par' dir='ltr' id='par_1_81' title="bbox 2287 4007 3780 4096">
     <span class='ocr_line' id='line_1_81' title="bbox 2287 4007 3780 4096; baseline -0.015 -13"><span class='ocrx_word' id='word_1_492' title='bbox 2287 4031 2390 4083; x_wconf 84' lang='grc' dir='ltr'><strong>Ἐν</strong></span> <span class='ocrx_word' id='word_1_493' title='bbox 2445 4023 2620 4096; x_wconf 79' lang='grc' dir='ltr'><strong>γενεᾷ</strong></span> <span class='ocrx_word' id='word_1_494' title='bbox 2663 4020 2770 4092; x_wconf 81' lang='grc' dir='ltr'><strong>μιᾷ</strong></span> <span class='ocrx_word' id='word_1_495' title='bbox 2835 4018 3215 4088; x_wconf 67' lang='grc' dir='ltr'><strong>ἐξαλειφθείη</strong></span> <span class='ocrx_word' id='word_1_496' title='bbox 3260 4014 3326 4069; x_wconf 87' lang='grc' dir='ltr'><strong>τὸ</strong></span> <span class='ocrx_word' id='word_1_497' title='bbox 3362 4013 3549 4080; x_wconf 77' lang='grc' dir='ltr'><strong>ὄνομα</strong></span> <span class='ocrx_word' id='word_1_498' title='bbox 3575 4007 3780 4064; x_wconf 80' lang='grc' dir='ltr'><strong>αὑτοῦ.</strong></span> 
     </span>
    </p>
   </div>
   <div class='ocr_carea' id='block_1_82' title="bbox 2226 4100 3784 4184">
    <p class='ocr_par' dir='ltr' id='par_1_82' title="bbox 2226 4100 3784 4184">
     <span class='ocr_line' id='line_1_82' title="bbox 2226 4100 3784 4184; baseline -0.015 -13"><span class='ocrx_word' id='word_1_499' title='bbox 2226 4114 2715 4184; x_wconf 74' lang='grc' dir='ltr'><strong>Ἐξαλειφθήσεται</strong></span> <span class='ocrx_word' id='word_1_500' title='bbox 2765 4112 2826 4162; x_wconf 68' lang='grc' dir='ltr'><strong>τὸ</strong></span> <span class='ocrx_word' id='word_1_501' title='bbox 2896 4109 3245 4178; x_wconf 82' lang='grc' dir='ltr'><strong>μνημόσυνον</strong></span> <span class='ocrx_word' id='word_1_502' title='bbox 3293 4101 3482 4166; x_wconf 79' lang='grc' dir='ltr'><strong>αὑτοῦ,</strong></span> <span class='ocrx_word' id='word_1_503' title='bbox 3519 4105 3579 4154; x_wconf 78' lang='grc' dir='ltr'><strong>ὲν</strong></span> <span class='ocrx_word' id='word_1_504' title='bbox 3627 4100 3784 4167; x_wconf 76' lang='grc' dir='ltr'><strong>γενεᾲ</strong></span> 
     </span>
    </p>
   </div>
   <div class='ocr_carea' id='block_1_83' title="bbox 2219 4192 3786 4282">
    <p class='ocr_par' dir='ltr' id='par_1_83' title="bbox 2219 4192 3786 4282">
     <span class='ocr_line' id='line_1_83' title="bbox 2219 4192 3786 4282; baseline -0.014 -17"><span class='ocrx_word' id='word_1_505' title='bbox 2219 4211 2322 4282; x_wconf 80' lang='grc' dir='ltr'><strong>μιᾷ</strong></span> <span class='ocrx_word' id='word_1_506' title='bbox 2383 4206 2831 4278; x_wconf 80' lang='grc' dir='ltr'><strong>συγκλειόμενον,</strong></span> <span class='ocrx_word' id='word_1_507' title='bbox 2875 4205 2942 4272; x_wconf 79' lang='grc' dir='ltr'><strong>τῇ</strong></span> <span class='ocrx_word' id='word_1_508' title='bbox 3009 4202 3120 4254; x_wconf 84' lang='grc' dir='ltr'><strong>τῶν</strong></span> <span class='ocrx_word' id='word_1_509' title='bbox 3179 4198 3387 4251; x_wconf 83' lang='grc' dir='ltr'><strong>τέκνων</strong></span> <span class='ocrx_word' id='word_1_510' title='bbox 3446 4194 3650 4264; x_wconf 84' lang='grc' dir='ltr'><strong>μόνων,</strong></span> <span class='ocrx_word' id='word_1_511' title='bbox 3710 4192 3786 4261; x_wconf 74' lang='grc' dir='ltr'><strong>μὴ</strong></span> 
     </span>
    </p>
   </div>
   <div class='ocr_carea' id='block_1_84' title="bbox 2216 4293 3055 4372">
    <p class='ocr_par' dir='ltr' id='par_1_84' title="bbox 2216 4293 3055 4372">
     <span class='ocr_line' id='line_1_84' title="bbox 2216 4293 3055 4372; baseline -0.014 -16"><span class='ocrx_word' id='word_1_512' title='bbox 2216 4299 2753 4372; x_wconf 80' lang='grc' dir='ltr'><strong>ὑπολιμπανομένων</strong></span> <span class='ocrx_word' id='word_1_513' title='bbox 2791 4293 3055 4362; x_wconf 74' lang='grc' dir='ltr'><strong>ἐκγόνων.</strong></span> 
     </span>
    </p>
   </div>
   <div class='ocr_carea' id='block_1_85' title="bbox 2284 4381 3790 4466">
    <p class='ocr_par' dir='ltr' id='par_1_85' title="bbox 2284 4381 3790 4466">
     <span class='ocr_line' id='line_1_85' title="bbox 2284 4381 3790 4466; baseline -0.015 -15"><span class='ocrx_word' id='word_1_514' title='bbox 2284 4393 2729 4466; x_wconf 83' lang='grc' dir='ltr'><strong>Ἀναμνησθείη</strong></span> <span class='ocrx_word' id='word_1_515' title='bbox 2765 4392 2804 4460; x_wconf 78' lang='grc' dir='ltr'><strong><em>ἠ</em></strong></span> <span class='ocrx_word' id='word_1_516' title='bbox 2851 4387 3072 4458; x_wconf 81' lang='grc' dir='ltr'><strong>ἀνομία</strong></span> <span class='ocrx_word' id='word_1_517' title='bbox 3125 4386 3247 4441; x_wconf 78' lang='grc' dir='ltr'><strong>τῶν</strong></span> <span class='ocrx_word' id='word_1_518' title='bbox 3279 4383 3552 4452; x_wconf 74' lang='grc' dir='ltr'><strong>πατέρων</strong></span> <span class='ocrx_word' id='word_1_519' title='bbox 3582 4381 3790 4434; x_wconf 75' lang='grc' dir='ltr'><strong>ἔναντι</strong></span> 
     </span>
    </p>
   </div>
   <div class='ocr_carea' id='block_1_86' title="bbox 529 4467 2093 4560">
    <p class='ocr_par' dir='ltr' id='par_1_86' title="bbox 529 4491 2093 4560">
     <span class='ocr_line' id='line_1_86' title="bbox 529 4491 2093 4560; baseline 0.003 -18"><span class='ocrx_word' id='word_1_520' title='bbox 529 4502 641 4543; x_wconf 88' lang='lat' dir='ltr'><strong>tum</strong></span> <span class='ocrx_word' id='word_1_521' title='bbox 665 4493 779 4560; x_wconf 89' lang='lat' dir='ltr'><strong>ejus</strong></span> <span class='ocrx_word' id='word_1_522' title='bbox 819 4491 874 4544; x_wconf 87' lang='lat' dir='ltr'><strong>in</strong></span> <span class='ocrx_word' id='word_1_523' title='bbox 908 4501 1185 4558; x_wconf 83' lang='lat' dir='ltr'><strong>conspectu</strong></span> <span class='ocrx_word' id='word_1_524' title='bbox 1219 4492 1456 4546; x_wconf 86' lang='lat' dir='ltr'><strong>Domini.</strong></span> <span class='ocrx_word' id='word_1_525' title='bbox 1497 4492 1815 4560; x_wconf 83' lang='lat' dir='ltr'><strong>Parentum,</strong></span> <span class='ocrx_word' id='word_1_526' title='bbox 1848 4496 1949 4549; x_wconf 88' lang='lat' dir='ltr'><strong>hoc</strong></span> <span class='ocrx_word' id='word_1_527' title='bbox 1992 4503 2093 4558; x_wconf 90' lang='lat' dir='ltr'><strong>est,</strong></span> 
     </span>
    </p>
   </div>
   <div class='ocr_carea' id='block_1_87' title="bbox 2201 4467 3790 4560">
    <p class='ocr_par' dir='ltr' id='par_1_87' title="bbox 2208 4470 3790 4558">
     <span class='ocr_line' id='line_1_87' title="bbox 2208 4470 3790 4558; baseline -0.013 -14"><span class='ocrx_word' id='word_1_528' title='bbox 2208 4489 2456 4558; x_wconf 83' lang='lat' dir='ltr'><strong>Kvplov.</strong></span> <span class='ocrx_word' id='word_1_529' title='bbox 2473 4486 2582 4540; x_wconf 82' lang='grc' dir='ltr'>Τοῦ</span> <span class='ocrx_word' id='word_1_530' title='bbox 2595 4483 2822 4556; x_wconf 80' lang='grc' dir='ltr'><strong>πατρὸς,</strong></span> <span class='ocrx_word' id='word_1_531' title='bbox 2841 4482 2938 4536; x_wconf 76' lang='grc' dir='ltr'><strong>καὶ</strong></span> <span class='ocrx_word' id='word_1_532' title='bbox 2964 4479 3060 4534; x_wconf 82' lang='grc' dir='ltr'><strong>τοῦ</strong></span> <span class='ocrx_word' id='word_1_533' title='bbox 3089 4481 3341 4540; x_wconf 81' lang='grc' dir='ltr'><strong>πάππου,</strong></span> <span class='ocrx_word' id='word_1_534' title='bbox 3361 4477 3437 4539; x_wconf 81' lang='grc' dir='ltr'><strong>ὡς</strong></span> <span class='ocrx_word' id='word_1_535' title='bbox 3459 4474 3730 4528; x_wconf 80' lang='grc' dir='ltr'><strong>κάκείνων</strong></span> <span class='ocrx_word' id='word_1_536' title='bbox 3759 4470 3790 4538; x_wconf 79' lang='grc' dir='ltr'>ἢ</span> 
     </span>
    </p>
   </div>
   <div class='ocr_carea' id='block_1_88' title="bbox 526 4579 2101 4650">
    <p class='ocr_par' dir='ltr' id='par_1_88' title="bbox 526 4579 2101 4650">
     <span class='ocr_line' id='line_1_88' title="bbox 526 4579 2101 4650; baseline 0.006 -22"><span class='ocrx_word' id='word_1_537' title='bbox 526 4579 719 4645; x_wconf 79' lang='lat' dir='ltr'><strong>patris,</strong></span> <span class='ocrx_word' id='word_1_538' title='bbox 751 4589 804 4633; x_wconf 91' lang='lat' dir='ltr'><strong>et</strong></span> <span class='ocrx_word' id='word_1_539' title='bbox 833 4579 941 4644; x_wconf 86' lang='lat' dir='ltr'><strong>avi,</strong></span> <span class='ocrx_word' id='word_1_540' title='bbox 985 4587 1039 4632; x_wconf 89' lang='lat' dir='ltr'><strong>et</strong></span> <span class='ocrx_word' id='word_1_541' title='bbox 1071 4580 1306 4634; x_wconf 88' lang='lat' dir='ltr'><strong>aliorum</strong></span> <span class='ocrx_word' id='word_1_542' title='bbox 1335 4581 1628 4650; x_wconf 86' lang='lat' dir='ltr'><strong>majorum.</strong></span> <span class='ocrx_word' id='word_1_543' title='bbox 1662 4582 1793 4638; x_wconf 78' lang='lat' dir='ltr'><strong>Nam</strong></span> <span class='ocrx_word' id='word_1_544' title='bbox 1827 4584 1894 4638; x_wconf 92' lang='lat' dir='ltr'><strong>dc</strong></span> <span class='ocrx_word' id='word_1_545' title='bbox 1926 4596 2101 4639; x_wconf 86' lang='lat' dir='ltr'><strong>matre</strong></span> 
     </span>
    </p>
   </div>
   <div class='ocr_carea' id='block_1_89' title="bbox 527 4670 2104 4746">
    <p class='ocr_par' dir='ltr' id='par_1_89' title="bbox 527 4670 2104 4746">
     <span class='ocr_line' id='line_1_89' title="bbox 527 4670 2104 4746; baseline 0.006 -25"><span class='ocrx_word' id='word_1_546' title='bbox 527 4670 933 4738; x_wconf 71' lang='lat' dir='ltr'><strong>panticulariter</strong></span> <span class='ocrx_word' id='word_1_547' title='bbox 973 4670 1203 4726; x_wconf 81' lang='lat' dir='ltr'><strong>inferius</strong></span> <span class='ocrx_word' id='word_1_548' title='bbox 1250 4672 1403 4727; x_wconf 91' lang='lat' dir='ltr'><strong>dicit.</strong></span> <span class='ocrx_word' id='word_1_549' title='bbox 1439 4672 1646 4728; x_wconf 83' lang='lat' dir='ltr'><strong>Horum</strong></span> <span class='ocrx_word' id='word_1_550' title='bbox 1675 4691 1802 4730; x_wconf 79' lang='lat' dir='ltr'><strong>vero</strong></span> <span class='ocrx_word' id='word_1_551' title='bbox 1834 4677 2104 4746; x_wconf 82' lang='lat' dir='ltr'><strong>iniquitas</strong></span> 
     </span>
    </p>
   </div>
   <div class='ocr_carea' id='block_1_90' title="bbox 522 4762 2104 4837">
    <p class='ocr_par' dir='ltr' id='par_1_90' title="bbox 522 4762 2104 4837">
     <span class='ocr_line' id='line_1_90' title="bbox 522 4762 2104 4837; baseline 0.004 -19"><span class='ocrx_word' id='word_1_552' title='bbox 522 4762 727 4818; x_wconf 82' lang='lat' dir='ltr'><strong>redibit</strong></span> <span class='ocrx_word' id='word_1_553' title='bbox 749 4763 802 4816; x_wconf 92' lang='lat' dir='ltr'><strong>in</strong></span> <span class='ocrx_word' id='word_1_554' title='bbox 842 4766 1159 4818; x_wconf 85' lang='lat' dir='ltr'><strong>memoriam</strong></span> <span class='ocrx_word' id='word_1_555' title='bbox 1194 4766 1359 4835; x_wconf 84' lang='lat' dir='ltr'><strong>:quia</strong></span> <span class='ocrx_word' id='word_1_556' title='bbox 1398 4782 1502 4820; x_wconf 90' lang='lat' dir='ltr'><strong>una</strong></span> <span class='ocrx_word' id='word_1_557' title='bbox 1533 4766 1813 4837; x_wconf 85' lang='lat' dir='ltr'><strong>adjutores</strong></span> <span class='ocrx_word' id='word_1_558' title='bbox 1845 4768 1892 4822; x_wconf 89' lang='lat' dir='ltr'><strong>ei</strong></span> <span class='ocrx_word' id='word_1_559' title='bbox 1931 4768 2104 4834; x_wconf 81' lang='lat' dir='ltr'><strong>fuere,</strong></span> 
     </span>
    </p>
   </div>
   <div class='ocr_carea' id='block_1_91' title="bbox 2213 4565 3792 4652">
    <p class='ocr_par' dir='ltr' id='par_1_91' title="bbox 2213 4565 3792 4652">
     <span class='ocr_line' id='line_1_91' title="bbox 2213 4565 3792 4652; baseline -0.015 -16"><span class='ocrx_word' id='word_1_560' title='bbox 2213 4578 2657 4652; x_wconf 80' lang='grc' dir='ltr'><strong>συμπραξάντων</strong></span> <span class='ocrx_word' id='word_1_561' title='bbox 2699 4573 2874 4644; x_wconf 82' lang='grc' dir='ltr'><strong>αὐτῷ,</strong></span> <span class='ocrx_word' id='word_1_562' title='bbox 2911 4572 2944 4643; x_wconf 81' lang='grc' dir='ltr'><strong>ἥ</strong></span> <span class='ocrx_word' id='word_1_563' title='bbox 2991 4567 3536 4639; x_wconf 79' lang='grc' dir='ltr'><strong>παιδοτριϐησάντων</strong></span> <span class='ocrx_word' id='word_1_564' title='bbox 3574 4565 3654 4626; x_wconf 77' lang='grc' dir='ltr'><strong>εἰς</strong></span> <span class='ocrx_word' id='word_1_565' title='bbox 3697 4577 3792 4613; x_wconf 79' lang='grc' dir='ltr'><strong>κα-</strong></span> 
     </span>
    </p>
   </div>
   <div class='ocr_carea' id='block_1_92' title="bbox 2214 4655 3792 4740">
    <p class='ocr_par' dir='ltr' id='par_1_92' title="bbox 2214 4655 3792 4740">
     <span class='ocr_line' id='line_1_92' title="bbox 2214 4655 3792 4740; baseline -0.017 -10"><span class='ocrx_word' id='word_1_566' title='bbox 2214 4676 2363 4730; x_wconf 83' lang='grc' dir='ltr'><strong>κίαν.</strong></span> <span class='ocrx_word' id='word_1_567' title='bbox 2391 4667 2907 4740; x_wconf 83' lang='grc' dir='ltr'><strong>Ἀναμνησθήσεται</strong></span> <span class='ocrx_word' id='word_1_568' title='bbox 2927 4665 3006 4730; x_wconf 75' lang='grc' dir='ltr'><strong>δὲ,</strong></span> <span class='ocrx_word' id='word_1_569' title='bbox 3034 4663 3157 4718; x_wconf 71' lang='grc' dir='ltr'><strong>ἀντὶ</strong></span> <span class='ocrx_word' id='word_1_570' title='bbox 3186 4661 3282 4716; x_wconf 81' lang='grc' dir='ltr'><strong>τοῦ</strong></span> <span class='ocrx_word' id='word_1_571' title='bbox 3303 4660 3379 4715; x_wconf 82' lang='grc' dir='ltr'><strong>Οὐ</strong></span> <span class='ocrx_word' id='word_1_572' title='bbox 3405 4655 3792 4728; x_wconf 75' lang='grc' dir='ltr'><strong>παροραθήσε-</strong></span> 
     </span>
    </p>
   </div>
   <div class='ocr_carea' id='block_1_93' title="bbox 2218 4755 3290 4830">
    <p class='ocr_par' dir='ltr' id='par_1_93' title="bbox 2218 4755 3290 4830">
     <span class='ocr_line' id='line_1_93' title="bbox 2218 4755 3290 4830; baseline -0.016 -6"><span class='ocrx_word' id='word_1_573' title='bbox 2218 4786 2311 4825; x_wconf 82' lang='grc' dir='ltr'><strong>ται</strong></span> <span class='ocrx_word' id='word_1_574' title='bbox 2337 4765 2434 4820; x_wconf 58' lang='grc' dir='ltr'><strong>καὶ¹</strong></span> <span class='ocrx_word' id='word_1_575' title='bbox 2468 4763 2530 4817; x_wconf 87' lang='grc' dir='ltr'><strong>οὺ</strong></span> <span class='ocrx_word' id='word_1_576' title='bbox 2555 4757 3052 4830; x_wconf 82' lang='grc' dir='ltr'><strong>συγχωρηθήσεται</strong></span> <span class='ocrx_word' id='word_1_577' title='bbox 3079 4755 3290 4816; x_wconf 81' lang='grc' dir='ltr'><strong>αὐτοῖς.</strong></span> 
     </span>
    </p>
   </div>
   <div class='ocr_carea' id='block_1_94' title="bbox 525 4839 3790 4934">
    <p class='ocr_par' dir='ltr' id='par_1_94' title="bbox 525 4839 3790 4934">
     <span class='ocr_line' id='line_1_94' title="bbox 525 4839 3790 4934; baseline -0.005 -22"><span class='ocrx_word' id='word_1_578' title='bbox 525 4858 610 4913; x_wconf 84' lang='lat' dir='ltr'><strong>vel</strong></span> <span class='ocrx_word' id='word_1_579' title='bbox 646 4859 771 4928; x_wconf 85' lang='lat' dir='ltr'><strong>quia</strong></span> <span class='ocrx_word' id='word_1_580' title='bbox 799 4859 938 4914; x_wconf 86' lang='lat' dir='ltr'><strong>ﬁlios</strong></span> <span class='ocrx_word' id='word_1_581' title='bbox 968 4862 1324 4918; x_wconf 86' lang='lat' dir='ltr'><strong>restituerunt</strong></span> <span class='ocrx_word' id='word_1_582' title='bbox 1381 4863 1448 4916; x_wconf 89' lang='lat' dir='ltr'><strong>ad</strong></span> <span class='ocrx_word' id='word_1_583' title='bbox 1492 4863 1642 4919; x_wconf 76' lang='lat' dir='ltr'><strong>vitia.</strong></span> <span class='ocrx_word' id='word_1_584' title='bbox 1695 4860 2010 4918; x_wconf 81' lang='lat' dir='ltr'><strong>Redituram</strong></span> <span class='ocrx_word' id='word_1_585' title='bbox 2049 4875 2228 4922; x_wconf 84' lang='lat' dir='ltr'><strong>autem</strong></span> <span class='ocrx_word' id='word_1_586' title='bbox 2265 4862 2610 4934; x_wconf 86' lang='lat' dir='ltr'><strong>iniquitatem</strong></span> <span class='ocrx_word' id='word_1_587' title='bbox 2638 4869 2830 4913; x_wconf 90' lang='lat' dir='ltr'><strong>eorum</strong></span> <span class='ocrx_word' id='word_1_588' title='bbox 2859 4853 2914 4907; x_wconf 92' lang='lat' dir='ltr'><strong>in</strong></span> <span class='ocrx_word' id='word_1_589' title='bbox 2943 4849 3281 4909; x_wconf 84' lang='lat' dir='ltr'><strong>memoriam,</strong></span> <span class='ocrx_word' id='word_1_590' title='bbox 3327 4845 3449 4900; x_wconf 88' lang='lat' dir='ltr'><strong>ideo</strong></span> <span class='ocrx_word' id='word_1_591' title='bbox 3475 4843 3629 4904; x_wconf 85' lang='lat' dir='ltr'><strong>dicit,</strong></span> <span class='ocrx_word' id='word_1_592' title='bbox 3666 4839 3790 4910; x_wconf 79' lang='lat' dir='ltr'><strong>quia</strong></span> 
     </span>
    </p>
   </div>
   <div class='ocr_carea' id='block_1_95' title="bbox 525 4953 2714 5026">
    <p class='ocr_par' dir='ltr' id='par_1_95' title="bbox 525 4953 2714 5026">
     <span class='ocr_line' id='line_1_95' title="bbox 525 4953 2714 5026; baseline -0.001 -19"><span class='ocrx_word' id='word_1_593' title='bbox 525 4969 635 5010; x_wconf 87' lang='lat' dir='ltr'><strong>non</strong></span> <span class='ocrx_word' id='word_1_594' title='bbox 667 4956 970 5012; x_wconf 88' lang='lat' dir='ltr'><strong>dimittetur</strong></span> <span class='ocrx_word' id='word_1_595' title='bbox 995 4959 1073 5014; x_wconf 92' lang='lat' dir='ltr'><strong>eis</strong></span> <span class='ocrx_word' id='word_1_596' title='bbox 1099 4957 1356 5014; x_wconf 84' lang='lat' dir='ltr'><strong>delictum</strong></span> <span class='ocrx_word' id='word_1_597' title='bbox 1390 4975 1491 5014; x_wconf 89' lang='lat' dir='ltr'><strong>nec</strong></span> <span class='ocrx_word' id='word_1_598' title='bbox 1519 4959 1954 5026; x_wconf 84' lang='lat' dir='ltr'><strong>oblitterabitur,</strong></span> <span class='ocrx_word' id='word_1_599' title='bbox 1985 4968 2079 5014; x_wconf 90' lang='lat' dir='ltr'><strong>aut</strong></span> <span class='ocrx_word' id='word_1_600' title='bbox 2121 4961 2256 5016; x_wconf 87' lang='lat' dir='ltr'><strong>nihil</strong></span> <span class='ocrx_word' id='word_1_601' title='bbox 2286 4953 2714 5014; x_wconf 84' lang='lat' dir='ltr'><strong>existimabitur.</strong></span> 
     </span>
    </p>
   </div>
   <div class='ocr_carea' id='block_1_96' title="bbox 598 5050 2111 5122">
    <p class='ocr_par' dir='ltr' id='par_1_96' title="bbox 598 5050 2111 5122">
     <span class='ocr_line' id='line_1_96' title="bbox 598 5050 2111 5122; baseline 0.001 -18"><span class='ocrx_word' id='word_1_602' title='bbox 598 5050 666 5104; x_wconf 87' lang='lat' dir='ltr'><strong>Et</strong></span> <span class='ocrx_word' id='word_1_603' title='bbox 698 5062 970 5119; x_wconf 87' lang='lat' dir='ltr'><strong>peccatum</strong></span> <span class='ocrx_word' id='word_1_604' title='bbox 1003 5053 1190 5107; x_wconf 89' lang='lat' dir='ltr'><strong>matris</strong></span> <span class='ocrx_word' id='word_1_605' title='bbox 1213 5053 1327 5122; x_wconf 87' lang='lat' dir='ltr'><strong>ejus</strong></span> <span class='ocrx_word' id='word_1_606' title='bbox 1365 5069 1469 5106; x_wconf 88' lang='lat' dir='ltr'><strong>non</strong></span> <span class='ocrx_word' id='word_1_607' title='bbox 1503 5052 1762 5106; x_wconf 76' lang='lat' dir='ltr'><strong>deleatur.</strong></span> <span class='ocrx_word' id='word_1_608' title='bbox 1802 5051 1922 5105; x_wconf 80' lang='lat' dir='ltr'><strong>Non</strong></span> <span class='ocrx_word' id='word_1_609' title='bbox 1954 5053 2111 5108; x_wconf 86' lang='lat' dir='ltr'><strong>dele-</strong></span> 
     </span>
    </p>
   </div>
   <div class='ocr_carea' id='block_1_97' title="bbox 524 5144 2108 5215">
    <p class='ocr_par' dir='ltr' id='par_1_97' title="bbox 524 5144 2108 5215">
     <span class='ocr_line' id='line_1_97' title="bbox 524 5144 2108 5215; baseline 0 -17"><span class='ocrx_word' id='word_1_610' title='bbox 524 5144 675 5199; x_wconf 88' lang='lat' dir='ltr'><strong>bitur</strong></span> <span class='ocrx_word' id='word_1_611' title='bbox 711 5163 724 5199; x_wconf 89' lang='lat'><strong>:</strong></span> <span class='ocrx_word' id='word_1_612' title='bbox 758 5145 886 5215; x_wconf 85' lang='lat' dir='ltr'><strong>quia</strong></span> <span class='ocrx_word' id='word_1_613' title='bbox 922 5144 1088 5199; x_wconf 88' lang='lat' dir='ltr'><strong>simul</strong></span> <span class='ocrx_word' id='word_1_614' title='bbox 1128 5161 1250 5200; x_wconf 92' lang='lat' dir='ltr'><strong>cum</strong></span> <span class='ocrx_word' id='word_1_615' title='bbox 1280 5154 1564 5214; x_wconf 90' lang='lat' dir='ltr'><strong>parentum</strong></span> <span class='ocrx_word' id='word_1_616' title='bbox 1596 5145 1884 5214; x_wconf 88' lang='lat' dir='ltr'><strong>iniquitate</strong></span> <span class='ocrx_word' id='word_1_617' title='bbox 1914 5159 2108 5214; x_wconf 82' lang='lat' dir='ltr'><strong>pecca-</strong></span> 
     </span>
    </p>
   </div>
   <div class='ocr_carea' id='block_1_98' title="bbox 529 5237 2100 5306">
    <p class='ocr_par' dir='ltr' id='par_1_98' title="bbox 529 5237 2100 5306">
     <span class='ocr_line' id='line_1_98' title="bbox 529 5237 2100 5306; baseline -0.003 -13"><span class='ocrx_word' id='word_1_618' title='bbox 529 5249 643 5294; x_wconf 92' lang='lat' dir='ltr'><strong>tum</strong></span> <span class='ocrx_word' id='word_1_619' title='bbox 683 5237 876 5296; x_wconf 87' lang='lat' dir='ltr'><strong>matris</strong></span> <span class='ocrx_word' id='word_1_620' title='bbox 909 5238 1385 5294; x_wconf 89' lang='lat' dir='ltr'><strong>condemnabitur.</strong></span> <span class='ocrx_word' id='word_1_621' title='bbox 1414 5239 1518 5292; x_wconf 90' lang='lat' dir='ltr'><strong>Per</strong></span> <span class='ocrx_word' id='word_1_622' title='bbox 1547 5237 1889 5306; x_wconf 84' lang='lat' dir='ltr'><strong>iniquitatem</strong></span> <span class='ocrx_word' id='word_1_623' title='bbox 1917 5247 2100 5292; x_wconf 85' lang='lat' dir='ltr'><strong>autem</strong></span> 
     </span>
    </p>
   </div>
   <div class='ocr_carea' id='block_1_99' title="bbox 529 5327 2104 5401">
    <p class='ocr_par' dir='ltr' id='par_1_99' title="bbox 529 5327 2104 5401">
     <span class='ocr_line' id='line_1_99' title="bbox 529 5327 2104 5401; baseline -0.004 -14"><span class='ocrx_word' id='word_1_624' title='bbox 529 5341 584 5387; x_wconf 86' lang='lat' dir='ltr'><strong>et</strong></span> <span class='ocrx_word' id='word_1_625' title='bbox 626 5348 721 5401; x_wconf 88' lang='lat' dir='ltr'><strong>per</strong></span> <span class='ocrx_word' id='word_1_626' title='bbox 766 5344 1050 5401; x_wconf 87' lang='lat' dir='ltr'><strong>peccatum</strong></span> <span class='ocrx_word' id='word_1_627' title='bbox 1101 5331 1364 5393; x_wconf 89' lang='lat' dir='ltr'><strong>istorum,</strong></span> <span class='ocrx_word' id='word_1_628' title='bbox 1415 5328 1817 5383; x_wconf 88' lang='lat' dir='ltr'><strong>institutionem</strong></span> <span class='ocrx_word' id='word_1_629' title='bbox 1867 5327 2104 5381; x_wconf 86' lang='lat' dir='ltr'><strong>ﬁliorum</strong></span> 
     </span>
    </p>
   </div>
   <div class='ocr_carea' id='block_1_100' title="bbox 530 5421 2105 5494">
    <p class='ocr_par' dir='ltr' id='par_1_100' title="bbox 530 5421 2105 5494">
     <span class='ocr_line' id='line_1_100' title="bbox 530 5421 2105 5494; baseline -0.002 -17"><span class='ocrx_word' id='word_1_630' title='bbox 530 5426 784 5494; x_wconf 76' lang='lat' dir='ltr'><strong>intelligit</strong></span> <span class='ocrx_word' id='word_1_631' title='bbox 825 5425 890 5478; x_wconf 87' lang='lat' dir='ltr'><strong>ad</strong></span> <span class='ocrx_word' id='word_1_632' title='bbox 936 5424 1092 5488; x_wconf 81' lang='lat' dir='ltr'><strong>vitia,</strong></span> <span class='ocrx_word' id='word_1_633' title='bbox 1144 5423 1224 5476; x_wconf 83' lang='lat' dir='ltr'><strong>vel</strong></span> <span class='ocrx_word' id='word_1_634' title='bbox 1278 5435 1637 5482; x_wconf 88' lang='lat' dir='ltr'><strong>consensum,</strong></span> <span class='ocrx_word' id='word_1_635' title='bbox 1696 5433 1790 5475; x_wconf 90' lang='lat' dir='ltr'><strong>aut</strong></span> <span class='ocrx_word' id='word_1_636' title='bbox 1837 5421 2105 5481; x_wconf 83' lang='lat' dir='ltr'><strong>auxilium</strong></span> 
     </span>
    </p>
   </div>
   <div class='ocr_carea' id='block_1_101' title="bbox 473 5514 1329 5588">
    <p class='ocr_par' dir='ltr' id='par_1_101' title="bbox 473 5514 1329 5588">
     <span class='ocr_line' id='line_1_101' title="bbox 473 5514 1329 5588; baseline -0.002 -18"><span class='ocrx_word' id='word_1_637' title='bbox 473 5552 482 5559; x_wconf 83' lang='lat'><em>-</em></span> <span class='ocrx_word' id='word_1_638' title='bbox 533 5519 836 5588; x_wconf 80' lang='lat' dir='ltr'><strong>praesﬁtum</strong></span> <span class='ocrx_word' id='word_1_639' title='bbox 868 5530 1060 5571; x_wconf 88' lang='lat' dir='ltr'><strong>eorum</strong></span> <span class='ocrx_word' id='word_1_640' title='bbox 1093 5514 1329 5570; x_wconf 83' lang='lat' dir='ltr'><strong>delictis.</strong></span> 
     </span>
    </p>
   </div>
   <div class='ocr_carea' id='block_1_102' title="bbox 604 5597 2104 5672">
    <p class='ocr_par' dir='ltr' id='par_1_102' title="bbox 604 5597 2104 5672">
     <span class='ocr_line' id='line_1_102' title="bbox 604 5597 2104 5672; baseline -0.003 -11"><span class='ocrx_word' id='word_1_641' title='bbox 604 5607 774 5661; x_wconf 73' lang='lat' dir='ltr'><strong>Vens.</strong></span> <span class='ocrx_word' id='word_1_642' title='bbox 807 5607 898 5662; x_wconf 79' lang='grc'><strong>15.</strong></span> <span class='ocrx_word' id='word_1_643' title='bbox 931 5605 1100 5660; x_wconf 85' lang='lat' dir='ltr'><strong>Fiant</strong></span> <span class='ocrx_word' id='word_1_644' title='bbox 1143 5622 1325 5660; x_wconf 84' lang='lat' dir='ltr'><strong>coram</strong></span> <span class='ocrx_word' id='word_1_645' title='bbox 1371 5605 1597 5659; x_wconf 87' lang='lat' dir='ltr'><strong>Domino</strong></span> <span class='ocrx_word' id='word_1_646' title='bbox 1639 5620 1859 5672; x_wconf 85' lang='lat' dir='ltr'><strong>semper.</strong></span> <span class='ocrx_word' id='word_1_647' title='bbox 1905 5597 2104 5658; x_wconf 81' lang='lat' dir='ltr'><strong>Eorum</strong></span> 
     </span>
    </p>
   </div>
   <div class='ocr_carea' id='block_1_103' title="bbox 534 5695 2106 5767">
    <p class='ocr_par' dir='ltr' id='par_1_103' title="bbox 534 5695 2106 5767">
     <span class='ocr_line' id='line_1_103' title="bbox 534 5695 2106 5767; baseline 0.001 -19"><span class='ocrx_word' id='word_1_648' title='bbox 534 5706 758 5767; x_wconf 78' lang='lat' dir='ltr'><strong>peccata</strong></span> <span class='ocrx_word' id='word_1_649' title='bbox 787 5706 842 5751; x_wconf 87' lang='lat' dir='ltr'><strong>et</strong></span> <span class='ocrx_word' id='word_1_650' title='bbox 869 5697 1186 5766; x_wconf 86' lang='lat' dir='ltr'><strong>iniquitates</strong></span> <span class='ocrx_word' id='word_1_651' title='bbox 1225 5705 1386 5753; x_wconf 89' lang='lat' dir='ltr'><strong>erunt</strong></span> <span class='ocrx_word' id='word_1_652' title='bbox 1421 5711 1634 5767; x_wconf 88' lang='lat' dir='ltr'><strong>semper</strong></span> <span class='ocrx_word' id='word_1_653' title='bbox 1666 5711 1850 5750; x_wconf 87' lang='lat' dir='ltr'><strong>coram</strong></span> <span class='ocrx_word' id='word_1_654' title='bbox 1887 5695 2016 5760; x_wconf 88' lang='lat' dir='ltr'><strong>Deo,</strong></span> <span class='ocrx_word' id='word_1_655' title='bbox 2055 5695 2106 5750; x_wconf 86' lang='lat' dir='ltr'><strong>id</strong></span> 
     </span>
    </p>
   </div>
   <div class='ocr_carea' id='block_1_104' title="bbox 537 5787 1786 5855">
    <p class='ocr_par' dir='ltr' id='par_1_104' title="bbox 537 5787 1786 5855">
     <span class='ocr_line' id='line_1_104' title="bbox 537 5787 1786 5855; baseline 0.002 -15"><span class='ocrx_word' id='word_1_656' title='bbox 537 5794 646 5850; x_wconf 84' lang='lat' dir='ltr'><strong>est,</strong></span> <span class='ocrx_word' id='word_1_657' title='bbox 683 5800 962 5855; x_wconf 87' lang='lat' dir='ltr'><strong>nunquam</strong></span> <span class='ocrx_word' id='word_1_658' title='bbox 997 5801 1187 5842; x_wconf 88' lang='lat' dir='ltr'><strong>eorum</strong></span> <span class='ocrx_word' id='word_1_659' title='bbox 1224 5788 1580 5844; x_wconf 85' lang='lat' dir='ltr'><strong>obliviscetur</strong></span> <span class='ocrx_word' id='word_1_660' title='bbox 1620 5787 1786 5843; x_wconf 88' lang='lat' dir='ltr'><strong>Deus.</strong></span> 
     </span>
    </p>
   </div>
   <div class='ocr_carea' id='block_1_105' title="bbox 536 5983 578 6020">
    <p class='ocr_par' dir='ltr' id='par_1_105' title="bbox 536 5983 578 6020">
     <span class='ocr_line' id='line_1_105' title="bbox 536 5983 578 6020; baseline 0 -35"><span class='ocrx_word' id='word_1_661' title='bbox 536 5983 578 6020; x_wconf 47' lang='lat'><strong>‘-</strong></span> 
     </span>
    </p>
   </div>
   <div class='ocr_carea' id='block_1_106' title="bbox 2269 5033 3787 5118">
    <p class='ocr_par' dir='ltr' id='par_1_106' title="bbox 2269 5033 3787 5118">
     <span class='ocr_line' id='line_1_106' title="bbox 2269 5033 3787 5118; baseline -0.016 -11"><span class='ocrx_word' id='word_1_662' title='bbox 2269 5050 2374 5108; x_wconf 80' lang='grc' dir='ltr'><strong>Καὶ</strong></span> <span class='ocrx_word' id='word_1_663' title='bbox 2394 5050 2432 5118; x_wconf 71' lang='grc' dir='ltr'>ἡ</span> <span class='ocrx_word' id='word_1_664' title='bbox 2451 5045 2704 5118; x_wconf 75' lang='grc' dir='ltr'><strong>ἁμαρτία</strong></span> <span class='ocrx_word' id='word_1_665' title='bbox 2717 5040 2828 5109; x_wconf 85' lang='grc' dir='ltr'><strong>τῆς</strong></span> <span class='ocrx_word' id='word_1_666' title='bbox 2841 5038 3065 5110; x_wconf 83' lang='grc' dir='ltr'><strong>μητρὸς</strong></span> <span class='ocrx_word' id='word_1_667' title='bbox 3081 5035 3268 5091; x_wconf 83' lang='grc' dir='ltr'><strong>αὐτοῦ</strong></span> <span class='ocrx_word' id='word_1_668' title='bbox 3280 5033 3367 5104; x_wconf 76' lang='grc' dir='ltr'><strong>μὴ</strong></span> <span class='ocrx_word' id='word_1_669' title='bbox 3385 5033 3787 5102; x_wconf 67' lang='grc' dir='ltr'><strong>ἐξαλειφθείη.</strong></span> 
     </span>
    </p>
   </div>
   <div class='ocr_carea' id='block_1_107' title="bbox 2213 5125 3786 5208">
    <p class='ocr_par' dir='ltr' id='par_1_107' title="bbox 2213 5125 3786 5208">
     <span class='ocr_line' id='line_1_107' title="bbox 2213 5125 3786 5208; baseline -0.013 -12"><span class='ocrx_word' id='word_1_670' title='bbox 2213 5143 2327 5197; x_wconf 81' lang='grc' dir='ltr'><strong>Οὐκ</strong></span> <span class='ocrx_word' id='word_1_671' title='bbox 2350 5137 2828 5208; x_wconf 75' lang='grc' dir='ltr'><strong>ἐξαλειφθήσεται,</strong></span> <span class='ocrx_word' id='word_1_672' title='bbox 2853 5132 3115 5202; x_wconf 82' lang='grc' dir='ltr'><strong>κάκείνης</strong></span> <span class='ocrx_word' id='word_1_673' title='bbox 3139 5129 3348 5198; x_wconf 81' lang='grc' dir='ltr'><strong>ὁμοίως</strong></span> <span class='ocrx_word' id='word_1_674' title='bbox 3375 5129 3491 5189; x_wconf 87' lang='grc' dir='ltr'><strong>τοῖς</strong></span> <span class='ocrx_word' id='word_1_675' title='bbox 3517 5125 3786 5198; x_wconf 73' lang='grc' dir='ltr'><strong>πατράσιν</strong></span> 
     </span>
    </p>
   </div>
   <div class='ocr_carea' id='block_1_108' title="bbox 2212 5214 3790 5300">
    <p class='ocr_par' dir='ltr' id='par_1_108' title="bbox 2212 5214 3790 5300">
     <span class='ocr_line' id='line_1_108' title="bbox 2212 5214 3790 5300; baseline -0.015 -12"><span class='ocrx_word' id='word_1_676' title='bbox 2212 5231 2381 5288; x_wconf 76' lang='grc' dir='ltr'><strong>αὐτοῦ</strong></span> <span class='ocrx_word' id='word_1_677' title='bbox 2439 5225 2938 5300; x_wconf 80' lang='grc' dir='ltr'><strong>κατακρινομένης.</strong></span> <span class='ocrx_word' id='word_1_678' title='bbox 3000 5219 3262 5290; x_wconf 84' lang='grc' dir='ltr'><strong>Ἀνομίαν</strong></span> <span class='ocrx_word' id='word_1_679' title='bbox 3288 5217 3346 5271; x_wconf 77' lang='grc' dir='ltr'><strong>δὲ</strong></span> <span class='ocrx_word' id='word_1_680' title='bbox 3377 5217 3475 5269; x_wconf 68' lang='grc' dir='ltr'><strong>καὶ</strong></span> <span class='ocrx_word' id='word_1_681' title='bbox 3515 5214 3790 5285; x_wconf 85' lang='grc' dir='ltr'><strong>ἁμαρτίαν</strong></span> 
     </span>
    </p>
   </div>
   <div class='ocr_carea' id='block_1_109' title="bbox 2212 5306 3790 5395">
    <p class='ocr_par' dir='ltr' id='par_1_109' title="bbox 2212 5306 3790 5395">
     <span class='ocr_line' id='line_1_109' title="bbox 2212 5306 3790 5395; baseline -0.015 -16"><span class='ocrx_word' id='word_1_682' title='bbox 2212 5326 2384 5394; x_wconf 80' lang='grc' dir='ltr'><strong>λέγει,</strong></span> <span class='ocrx_word' id='word_1_683' title='bbox 2424 5322 2522 5395; x_wconf 80' lang='grc' dir='ltr'><strong>τὴν</strong></span> <span class='ocrx_word' id='word_1_684' title='bbox 2581 5320 2674 5374; x_wconf 71' lang='grc' dir='ltr'><strong>ἐπὶ</strong></span> <span class='ocrx_word' id='word_1_685' title='bbox 2697 5316 2774 5388; x_wconf 83' lang='grc' dir='ltr'><strong>τῷ</strong></span> <span class='ocrx_word' id='word_1_686' title='bbox 2799 5313 3119 5386; x_wconf 82' lang='grc' dir='ltr'><strong>συμπρᾶξαι</strong></span> <span class='ocrx_word' id='word_1_687' title='bbox 3169 5311 3204 5383; x_wconf 77' lang='grc' dir='ltr'><strong>ἢ</strong></span> <span class='ocrx_word' id='word_1_688' title='bbox 3245 5306 3666 5378; x_wconf 68' lang='grc' dir='ltr'><strong>παιδοτριθῆσαι</strong></span> <span class='ocrx_word' id='word_1_689' title='bbox 3713 5307 3790 5367; x_wconf 71' lang='grc' dir='ltr'><strong>εἰς</strong></span> 
     </span>
    </p>
   </div>
   <div class='ocr_carea' id='block_1_110' title="bbox 2216 5413 2809 5482">
    <p class='ocr_par' dir='ltr' id='par_1_110' title="bbox 2216 5413 2809 5482">
     <span class='ocr_line' id='line_1_110' title="bbox 2216 5413 2809 5482; baseline -0.012 -11"><span class='ocrx_word' id='word_1_690' title='bbox 2216 5416 2437 5480; x_wconf 83' lang='grc' dir='ltr'><strong>κακίαν,</strong></span> <span class='ocrx_word' id='word_1_691' title='bbox 2469 5414 2544 5476; x_wconf 84' lang='grc' dir='ltr'>ὡς</span> <span class='ocrx_word' id='word_1_692' title='bbox 2572 5413 2809 5482; x_wconf 83' lang='grc' dir='ltr'><strong>εἴρηται.</strong></span> 
     </span>
    </p>
   </div>
   <div class='ocr_carea' id='block_1_111' title="bbox 2286 5579 3782 5668">
    <p class='ocr_par' dir='ltr' id='par_1_111' title="bbox 2286 5579 3782 5668">
     <span class='ocr_line' id='line_1_111' title="bbox 2286 5579 3782 5668; baseline -0.017 -12"><span class='ocrx_word' id='word_1_693' title='bbox 2286 5598 2729 5668; x_wconf 77' lang='grc' dir='ltr'><strong>Γενηθήτωσαν</strong></span> <span class='ocrx_word' id='word_1_694' title='bbox 2777 5590 3056 5646; x_wconf 83' lang='grc' dir='ltr'><strong>ἐναντίον</strong></span> <span class='ocrx_word' id='word_1_695' title='bbox 3120 5586 3344 5654; x_wconf 82' lang='grc' dir='ltr'><strong>Κυρίου</strong></span> <span class='ocrx_word' id='word_1_696' title='bbox 3383 5582 3481 5637; x_wconf 83' lang='grc' dir='ltr'><strong>διὰ</strong></span> <span class='ocrx_word' id='word_1_697' title='bbox 3540 5579 3782 5668; x_wconf 72' lang='grc' dir='ltr'><strong>παντός.</strong></span> 
     </span>
    </p>
   </div>
   <div class='ocr_carea' id='block_1_112' title="bbox 2217 5666 3788 5759">
    <p class='ocr_par' dir='ltr' id='par_1_112' title="bbox 2217 5666 3788 5759">
     <span class='ocr_line' id='line_1_112' title="bbox 2217 5666 3788 5759; baseline -0.017 -14"><span class='ocrx_word' id='word_1_698' title='bbox 2217 5666 2544 5759; x_wconf 79' lang='grc' dir='ltr'><strong>Γενήσονται</strong></span> <span class='ocrx_word' id='word_1_699' title='bbox 2599 5688 2632 5752; x_wconf 88' lang='grc' dir='ltr'>ἡ</span> <span class='ocrx_word' id='word_1_700' title='bbox 2659 5684 2880 5754; x_wconf 81' lang='grc' dir='ltr'><strong>ἀνομία,</strong></span> <span class='ocrx_word' id='word_1_701' title='bbox 2916 5680 3070 5751; x_wconf 73' lang='grc' dir='ltr'><strong>καὶὴ</strong></span> <span class='ocrx_word' id='word_1_702' title='bbox 3106 5677 3350 5749; x_wconf 76' lang='grc' dir='ltr'><strong>ἁμαρτία</strong></span> <span class='ocrx_word' id='word_1_703' title='bbox 3386 5671 3570 5728; x_wconf 83' lang='grc' dir='ltr'><strong>αὐτῶν</strong></span> <span class='ocrx_word' id='word_1_704' title='bbox 3604 5666 3788 5727; x_wconf 64' lang='lat' dir='ltr'><strong>dveni-</strong></span> 
     </span>
    </p>
   </div>
   <div class='ocr_carea' id='block_1_113' title="bbox 2218 5773 3168 5854">
    <p class='ocr_par' dir='ltr' id='par_1_113' title="bbox 2218 5773 3168 5854">
     <span class='ocr_line' id='line_1_113' title="bbox 2218 5773 3168 5854; baseline -0.012 -18"><span class='ocrx_word' id='word_1_705' title='bbox 2218 5783 2426 5854; x_wconf 86' lang='grc' dir='ltr'><strong>ληστοι,</strong></span> <span class='ocrx_word' id='word_1_706' title='bbox 2470 5780 2554 5833; x_wconf 76' lang='grc' dir='ltr'><strong>ἀεὶ</strong></span> <span class='ocrx_word' id='word_1_707' title='bbox 2589 5779 2804 5834; x_wconf 70' lang='grc' dir='ltr'><strong>ἔσονται</strong></span> <span class='ocrx_word' id='word_1_708' title='bbox 2833 5773 2986 5845; x_wconf 83' lang='grc' dir='ltr'><strong>παρὰ</strong></span> <span class='ocrx_word' id='word_1_709' title='bbox 3012 5773 3168 5827; x_wconf 82' lang='grc' dir='ltr'><strong>Θεοῦ.</strong></span> 
     </span>
    </p>
   </div>
  </div>
