4102 6206
443 339 581 407 1077

1599 343 1989 408 COMMENT.
2023 340 2104 432 IVN
2129 342 2489 404 PSALMOS.

3546 344 3686 410 1078

507 457 618 511 Kal
666 456 1125 530 ἐξολοθρευθειη
1159 460 1228 514 ἐκ
1259 459 1371 528 τῆς
1437 459 1550 528 γῆς
1607 461 1674 514 τὸ
1707 459 1996 528 μνημόσυ

2195 455 2264 510 Et
2307 457 2685 511 exterminetur
2711 455 2777 510 de
2813 464 2955 510 terra
2992 457 3245 510 memoria
3287 457 3426 522 eius.
3475 455 3690 512 Rursus

435 567 548 603 νον
573 550 782 606 αὐτοῦ.
808 551 977 606 Πάλιν
1010 553 1091 615 εἰς
1145 551 1244 622 τὴν
1279 553 1408 624 περὶ
1441 552 1538 606 τοῦ
1582 553 1754 607 ’ἰούδα
1791 571 2008 624 προφη-

433 642 590 696 τείαν
624 642 899 713 ἀνέδραμε
926 660 940 675 ·
990 641 1133 709 εἶδος
1171 647 1281 716 γὰρ
1335 645 1430 700 καὶ
1465 643 1640 711 τοῦτο,
1671 647 2008 719 προφητείας

437 733 644 803 μεταξὺ
693 734 1031 801 διακόπτειν,
1103 738 1364 792 ὑπόθεσιν
1445 739 1640 809 ἑτέραν
1688 739 2004 808 ἐμὸἀλλειν,

434 820 556 878 εἶτα
588 825 750 878 πάλιν
778 827 872 880 ἐπὶ
901 829 1000 896 τὴν
1051 829 1327 900 προτέραν
1358 831 1685 900 ἀνάγεσθαι,
1721 833 1907 896 καθὼς
1941 833 2008 888 ἂν

434 916 779 984 ὑφηγήσεται
818 917 880 970 τὸ
934 919 1160 989 Πνεῦμα
1191 920 1252 973 τὸ
1282 920 1457 989 ἅγιον.
1519 922 2004 994 Ἐξολοορευθήσε-

432 1023 546 1071 ται,
580 1008 735 1076 φησὶ,
799 1011 936 1079 μήτε
973 1010 1221 1080 κτήσεώς
1265 1029 1433 1076 τινος,
1465 1016 1604 1085 μήτε
1636 1017 1834 1083 γενεᾶς
1863 1017 2006 1070 κατὰ

430 1099 680 1170 διαδοχὴν
711 1102 774 1154 τὸ
810 1104 1160 1171 μνημόσυνον
1187 1105 1356 1159 αὐτοῦ
1384 1107 1686 1178 σωζούσης.

433 1266 442 1275 ’
511 1279 658 1330 Ἀνθ⁹
703 1275 810 1344 ὧν,
838 1283 950 1334 οὐκ
1001 1283 1276 1352 ἐμνήσθη
1301 1284 1552 1353 ποιῆσαι
1596 1288 1786 1354 ἔλεος.
1833 1293 2002 1356 Διότι,

430 1370 615 1437 φησὶν,
645 1373 746 1424 οὐκ
792 1373 1030 1444 ἠθέλησε
1106 1379 1332 1448 ποιῆσαι
1365 1379 1536 1444 ἔλεος,
1571 1384 1650 1444 εἰς
1674 1381 1765 1435 τὸν
1801 1377 2005 1447 ἀδίκως

427 1460 917 1532 ἐπιϐουλευόμενον
938 1485 952 1499 ·
988 1468 1124 1520 ἀλλὰ
1149 1471 1244 1522 καὶ
1294 1472 1499 1538 μᾶλλον
1528 1473 1834 1542 συνέπραξε
1888 1479 2003 1540 τοῖς

425 1553 860 1610 ἐπιϐουλεύουσι.
919 1559 1087 1621 Διότι,
1146 1561 1246 1612 οὐκ
1278 1561 1524 1632 ἐμνήσθη
1553 1557 1629 1616 ὧν
1659 1565 2002 1639 εὐηργετήοη

425 1645 576 1713 παρὰ
601 1647 692 1699 τοῦ
723 1649 964 1719 Χριστοῦ
994 1665 1006 1678 ο
1031 1651 1175 1704 ὥστε
1202 1653 1469 1723 μνησθεὶς
1517 1655 1720 1720 αὐτῶν,
1779 1658 2001 1730 ποιῆσαι

423 1733 593 1800 ἔλεος,
628 1737 807 1792 εἷτουν
840 1740 1086 1810 ἐλεῆσαι.

489 2020 598 2114 Kal
617 2024 982 2091 κατεδίωξεν
1010 2029 1330 2100 ἄνθρωπον
1352 2037 1584 2108 πένητα
1611 2043 1708 2097 καὶ
1737 2047 1999 2114 πτωχὸν,

419 2111 515 2164 καὶ
551 2119 1080 2188 κατανενυπιένον
1103 2123 1178 2192 τῇ
1214 2127 1450 2195 καρδίᾳ,
1496 2131 1603 2186 τοῦ
1635 2111 1996 2194 θανατῶσαι.

420 2203 763 2297 Κατεδίωξεν
818 2210 984 2265 αὐτὸν
1038 2213 1128 2268 ὅτε
1188 2217 1368 2272 λαϐὼν
1399 2220 1557 2289 ὄχλον
1605 2224 1800 2280 πολλὸν
1859 2231 1998 2297 μετὰ

423 2296 704 2394 ἱιαχαιρῶν
739 2301 834 2394 καὶ
862 2302 1039 2369 ξύλων
1085 2309 1194 2362 ἀπὸ
1221 2312 1333 2366 τῶν
1357 2315 1666 2389 ἀρχιερέων
1700 2322 1796 2376 καὶ
1821 2341 1997 2394 πρεσ-

417 2386 665 2487 ϐυτέρων
691 2393 786 2487 του
812 2394 963 2460 λαοῦ,
991 2394 1123 2469 ἦλθε
1156 2403 1339 2474 ζητῶν
1389 2386 1575 2465 αὐτόν.
1617 2413 1792 2487 Πένης
1822 2386 1876 2470 aé
1905 2422 1997 2473 καὶ
2028 2443 2038 2454 -

418 2481 654 2580 πτωχὸς,
753 2485 1012 2580 Χριστὸς,
1044 2492 1130 2546 διὰ
1165 2497 1265 2566 τὴν
1317 2500 1595 2556 εὐτέλειαν
1632 2481 1994 2580 τῆσσαρκὸς,

417 2567 511 2620 καὶ
533 2569 620 2662 διὰ
653 2571 712 2624 τὸ
747 2575 820 2643 μὴ
851 2575 997 2646 ἔχειν
1031 2581 1134 2635 ποῦ
1197 2585 1295 2656 τὴν
1325 2591 1570 2662 κεφαλὴν
1605 2567 1995 2652 κλίνεινίόιναζ

415 2660 584 2760 nos;
619 2665 727 2760 καὶ
751 2665 849 2737 τὴν
879 2669 1145 2742 ἐξήγησιν
1167 2677 1258 2730 τοῦ
1291 2676 1340 2732 α’
1397 2660 1582 2752 στίχου
1642 2684 1737 2739 τοῦ
1769 2693 1822 2757 μ’
1854 2688 1991 2757 ψαλσ

2112 548 2177 603 ad
2222 549 2564 618 prophetiam
2613 547 2904 604 revertitur
2953 549 3021 604 de
3067 547 3228 612 Juda,
3273 558 3327 603 et
3361 559 3445 604 est
3477 550 3674 606 modus

2111 640 2201 696 hic
2235 641 2455 712 quidam
2481 685 2495 705 ,
2531 651 2828 697 consuetus
2858 640 3156 710 aliquando
3189 641 3330 708 apud
3369 642 3685 710 prophetas,

2109 746 2220 802 quo
2275 731 2594 802 prOphetias
2630 732 2989 795 intercidunt,
3029 741 3082 785 et
3121 732 3227 785 alia
3281 733 3333 785 in
3372 733 3552 787 medio
3589 751 3690 804 po-

2109 830 2267 886 nunt,
2303 835 2366 875 ac
2399 836 2592 876 rursus
2625 821 2690 874 ad
2739 823 2977 892 primum
3013 831 3395 890 argumentum
3435 822 3682 888 redeunt,

2108 909 2272 967 sicuti
2309 911 2814 966 subministraverit
2847 919 3074 966 sanctus
3107 911 3373 982 Spiritus.
3421 911 3685 966 Extermi-

2108 1005 2330 1060 nabitur
2368 1019 2500 1060 vero
2555 1004 2815 1060 memoria
2859 1003 3000 1074 ejus.
3034 1004 3159 1073 quia
3203 1020 3304 1059 nec
3351 1005 3494 1059 bona
3539 1006 3684 1074 ejus,

2108 1112 2209 1151 nec
2254 1097 2538 1167 generatio
2585 1111 2680 1166 per
2725 1095 3130 1158 successiones,
3178 1096 3324 1150 illius
3365 1098 3683 1152 memoriam

2109 1186 2429 1241 servabunt.

2181 1275 2344 1332 Vens.
2371 1279 2455 1331 16.
2476 1277 2554 1332 Eo
2569 1279 2820 1348 quodnon
2852 1279 3156 1332 recordatus
3188 1289 3264 1332 est
3278 1279 3452 1349 facere
3475 1280 3685 1364 miseri-

2106 1369 2365 1424 cordiam.
2396 1369 2694 1435 Quoniam,
2719 1370 2917 1440 inquit,
2953 1370 3130 1425 noluit
3161 1369 3342 1426 facere
3373 1371 3685 1427 misericor-

2105 1458 2250 1514 diam
2293 1475 2422 1530 erga
2452 1476 2599 1524 eum,
2632 1461 2723 1530 qui
2759 1461 2987 1516 summis
3033 1462 3314 1532 impetitus
3347 1464 3587 1533 injuriis,
3630 1473 3684 1518 ct

2105 1553 2502 1623 multiplicibus
2523 1569 2821 1623 oppressus
2857 1553 2959 1608 fuit
2989 1554 3238 1610 insidiis.
3269 1554 3530 1621 Quinimo
3555 1573 3678 1610 cum

2104 1643 2238 1713 ipsis
2262 1645 2426 1699 etiam
2451 1643 2872 1699 insidiatoribus
2900 1645 3262 1714 conspiravit,
3291 1647 3678 1701 heneiiciormn

2103 1736 2207 1791 sibi
2245 1751 2275 1790 a
2320 1737 2542 1794 Christo
2579 1737 2903 1793 collatorum
2941 1738 3253 1792 immemor.
3296 1737 3432 1792 Nam
3476 1741 3520 1794 si
3569 1755 3683 1794 mc-

2105 1825 2378 1890 minisset,
2403 1826 2704 1882 verisimile
2737 1837 2822 1882 est
2850 1827 3122 1882 facturum
3161 1844 3284 1884 eum
3315 1829 3483 1885 fuisse
3513 1830 3683 1886 mise—

2103 1915 2418 1981 ricordiam,
2451 1917 2554 1972 hoc
2584 1927 2691 1982 est,
2724 1919 2873 1973 illius
2906 1919 3256 1973 miserturnm
3291 1919 3482 1975 fuisse.

2175 2005 2344 2064 Vsus.
2375 1992 2464 2063 i7.
2498 2009 2566 2062 Et
2607 2020 2908 2078 persecutus
2941 2022 3022 2066 est
3059 2012 3318 2065 hominem
3354 2027 3676 2082 pauperem,

2101 2107 2152 2152 et
2192 2099 2432 2168 inopem,
2461 2109 2511 2154 et
2539 2111 2908 2169 compunctum
2961 2102 3136 2166 corde,
3195 2111 3253 2155 ut
3313 2105 3676 2172 mortiﬁcaret.

2104 2189 2432 2246 Persecutus
2467 2206 2595 2246 vero
2631 2211 2753 2246 eum
2810 2202 2934 2259 est,
2983 2194 3204 2262 quando
3243 2201 3468 2262 accepta
3521 2196 3678 2250 turba

2103 2283 2273 2337 multa
2310 2297 2339 2336 a
2379 2285 2722 2352 principibus
2757 2286 3108 2341 sacerdotum
3150 2296 3203 2340 et
3233 2287 3546 2342 senioribus
3579 2303 3678 2356 po-

2101 2374 2235 2444 puli,
2275 2390 2399 2429 cum
2449 2375 2647 2446 gladiis
2695 2388 2750 2433 et
2791 2378 2950 2448 lignis
2999 2379 3164 2441 venit,
3207 2387 3264 2432 ut
3293 2394 3419 2432 eum
3468 2393 3678 2448 quaere—

2098 2474 2203 2520 ret.
2261 2467 2428 2535 Inops
2469 2475 2652 2522 autem
2687 2478 2742 2523 et
2792 2485 3001 2538 pauper
3039 2469 3296 2525 Christus
3345 2470 3567 2535 dicitur,
3604 2469 3677 2525 ob

2099 2559 2423 2620 tenuitatem
2457 2570 2754 2629 assumpta:
2803 2565 3006 2627 carnis,
3053 2569 3107 2616 et
3150 2562 3278 2632 quia
3325 2563 3462 2617 adeo
3515 2563 3675 2632 inops

2096 2661 2237 2716 erat,
2270 2662 2328 2707 ut
2359 2668 2469 2707 non
2499 2653 2750 2718 haberet,
2782 2657 2871 2708 ubi
2901 2666 3064 2726 caput
3095 2656 3412 2722 reclinaret,
3442 2663 3503 2710 ut
3529 2656 3676 2710 dixi-

2097 2760 2217 2800 mus
2273 2747 2328 2800 in
2378 2747 2654 2817 principio
2701 2747 2892 2816 psalmi
2946 2764 3030 2801 ιι..
3083 2747 3470 2815 Compunctum
3549 2765 3671 2805 vero

1966 2822 1992 2914 ξ
2096 2840 2253 2892 corde
2278 2838 2454 2902 dixit,
2496 2839 2652 2907 juxta
2687 2840 2822 2893 illm]
2860 2858 2872 2892 :
2905 2839 3105 2895 Discite
3137 2859 3169 2894 a
3216 2859 3319 2909 me,
3370 2845 3496 2914 quia
3530 2845 3674 2900 mitis

2095 2943 2234 2994 sum,
2277 2938 2326 2982 et
2366 2929 2582 2983 Immitis
2615 2929 2772 2983 corde
2808 2932 2874 2985 ⁷⁸.

2165 3019 2337 3076 Vnus.
2371 3020 2457 3075 18.
2487 3021 2555 3074 Et
2585 3021 2772 3076 dilexit
2812 3022 3234 3080 maledictionem
3256 3064 3274 3090 ,
3321 3035 3368 3081 et
3400 3027 3566 3081 veniet
3600 3028 3671 3094 ei,

439 3083 442 3088 .
639 3083 678 3099 η
700 3083 846 3102 νη-.-
867 3083 893 3089 -
925 3083 1172 3108 νν--νννοιυυυ
1195 3084 1210 3108 ,
1247 3083 1343 3100 nm
1382 3083 1510 3115 ιιςσι
1547 3083 1726 3121 αυιψ,
1754 3083 1845 3112 και
1879 3083 1992 3114 ουκ

409 3118 716 3189 ἠθέλησεν
729 3129 1038 3198 εὐλογίαν,
1051 3135 1146 3189 καὶ
1159 3144 1648 3209 μακρυνθήσεται
1664 3147 1765 3202 ἀπ’
1779 3151 1988 3208 αὐτοῦ.

2099 3119 2148 3169 et
2177 3110 2350 3166 noluit
2379 3111 2816 3178 benedictionem,
2857 3123 2908 3167 et
2947 3083 3282 3186 elongabitur
3322 3119 3387 3172 ab
3421 3133 3503 3173 eo.
3536 3083 3673 3173 Pro;

411 3211 515 3312 aia
543 3213 655 3312 τῶν
694 3217 874 3287 ἔργων
924 3223 1059 3294 γὰρ,
1095 3226 1197 3296 τὴν
1222 3229 1324 3297 μὲν
1380 3234 1760 3304 ἐπεσπάσατο,
1801 3241 1903 3312 τὴν
1933 3242 1991 3296 δὲ

411 3302 818 3377 ἀπεκρούσατο·
854 3314 948 3368 καὶ
1000 3320 1354 3390 καταρῶνται
1403 3324 1506 3395 μὲν
1529 3328 1681 3402 αὖτῷ
1707 3302 1910 3398 πάντες
1938 3334 1990 3387 oi

411 3397 680 3468 εὐσεϐεῖς,
705 3404 920 3475 εὐλόγει
952 3408 1009 3464 δὲ
1038 3411 1239 3477 οὐδείς.

481 3489 619 3542 Kal.
651 3492 986 3552 ἐνεδύσατο
1035 3501 1325 3572 κατάραν,
1382 3507 1464 3574 ὡς
1518 3511 1774 3579 ἱμάτιον.
1825 3515 1989 3572 Ὅλον

410 3579 574 3682 aiist
596 3583 666 3636 δι’
708 3586 833 3682 ὁδου
886 3592 1254 3682 συνέχουσαν,
1288 3601 1382 3652 καὶ
1436 3603 1512 3674 μὴ
1565 3605 1983 3682 χωριζομένην·

408 3670 697 3729 ἐνεδύσατο
741 3677 797 3731 δὲ
835 3681 1030 3751 αὐτὴν,
1095 3685 1184 3740 διὰ
1216 3687 1311 3741 τοῦ
1372 3670 1727 3764 μίσουςητῆς
1778 3670 1990 3768 *προδο-

412 3768 555 3832 σίας.

480 3854 591 3909 Ral
622 3859 916 3927 ειιτῆλθεν
957 3866 1098 3921 ὡσεὶ
1119 3869 1276 3940 ὕδωρ
1301 3875 1389 3939 εις
1421 3875 1494 3930 τὰ
1524 3875 1748 3947 ἔγκατα
1775 3881 1985 3937 αὐτοῦ.

409 3945 526 4089 fine
581 3949 688 4015 ἔξω
727 3954 891 4022 μόνον
928 3959 1223 4030 περιέσχεν
1286 3965 1472 4032 αὐτὸν,
1535 3945 1674 4026 ἀλλὰ
1714 3973 1808 4027 καὶ
1835 3973 1988 4028 ἔνδον

442 4055 680 4089 mamma-

441 4055 680 4114 χωρησε.

481 4221 592 4276 Kal
614 4222 759 4280 ὡσεὶ
777 4226 988 4283 ἔλαιον
1009 4231 1081 4286 ἐν
1102 4233 1228 4302 τοῖς
1247 4236 1487 4304 ὀστέοις
1504 4240 1716 4296 αὐτοῦ.
1749 4243 1863 4299 Οὐκ
1898 4246 1988 4300 ἓν·

410 4311 501 4408 δον
526 4315 716 4408 Δμόνον,
741 4319 876 4373 ἀλλά
911 4324 1006 4376 καὶ
1037 4325 1325 4396 ἐνδοτέρω.
1361 4329 1524 4396 Αὔξει
1549 4331 1606 4385 δὲ
1638 4333 1701 4386 τὺ
1729 4339 1986 4408 πρᾶγμα,

2095 3204 2233 3274 priis
2262 3203 2409 3260 enim
2449 3205 2718 3274 operibus
2761 3206 2992 3261 alteram
3050 3209 3312 3275 attraxit,
3351 3215 3408 3263 et
3444 3208 3670 3263 alteram

2093 3295 2294 3366 repulit
2326 3313 2343 3350 :
2373 3305 2428 3353 et
2463 3297 2791 3354 maledicent
2817 3299 3038 3368 quidem
3063 3300 3111 3354 ei
3143 3299 3216 3368 pii
3247 3314 3311 3356 ac
3340 3299 3526 3357 ﬁdeles
3552 3315 3674 3354 om-

2092 3402 2216 3453 nes,
2247 3387 2540 3446 benedicct
2567 3402 2744 3446 autem
2783 3406 2964 3446 nemo.

2169 3478 2237 3534 Et
2286 3481 2503 3536 indutus
2555 3491 2635 3536 est
2691 3482 3082 3550 maledictione,
3133 3485 3302 3553 quasi
3338 3487 3668 3542 vestimento.

2093 3571 2512 3638 Maledictione,
2547 3573 2772 3644 inquam
2803 3615 2818 3640 ,
2855 3589 2961 3643 qua
2999 3591 3231 3645 prorsus
3269 3593 3492 3648 semper
3528 3580 3672 3636 deti-

2091 3661 2330 3717 nebatur
2351 3705 2367 3728 ,
2401 3678 2526 3734 qua:
2565 3680 2848 3735 nunquam
2880 3667 2950 3720 ab
2980 3682 3049 3723 eo
3077 3666 3286 3722 aberat.
3319 3669 3550 3726 lndutus
3587 3682 3671 3728 est

2092 3763 2273 3808 autem
2308 3771 2394 3820 ea,
2430 3755 2742 3825 proditione
2777 3758 3174 3812 intercedente.

2167 3844 2237 3899 Et
2269 3846 2512 3919 ingressa
2550 3857 2630 3902 est
2675 3851 2833 3918 quasi
2873 3864 3012 3916 aqua
3053 3849 3314 3903 interiora
3359 3851 3498 3918 ejus.
3547 3851 3666 3908 Non

2090 3939 2337 3995 exterius
2387 3947 2600 3995 tantum
2644 3941 2960 4008 hujusmodi
3017 3941 3330 3997 maledictio
3384 3958 3509 3999 eum
3564 3945 3670 4000 circ

2090 4033 2397 4098 cumdedit,
2443 4033 2538 4090 sed
2581 4048 2646 4088 ea
2688 4033 2874 4101 etiam,
2924 4050 3030 4089 non
3064 4051 3226 4091 secus
3275 4045 3437 4107 atque
3483 4053 3663 4108 aqua,

2092 4125 2427 4184 intrinsecus
2453 4125 2701 4183 imbutus
2731 4136 2837 4184 est.

2164 4214 2233 4270 Et
2262 4219 2418 4287 quasi
2450 4218 2624 4272 oleum
2653 4218 2708 4272 in
2732 4217 2934 4273 ossibus
2965 4219 3100 4288 ejus.
3129 4217 3236 4275 Nec
3279 4230 3488 4276 tantum
3522 4223 3667 4280 intro

2094 4309 2342 4380 ingressa
2375 4319 2480 4372 est,
2523 4311 2620 4364 sed
2653 4311 2790 4364 ultra
2828 4310 2990 4364 etiam
3026 4312 3259 4366 interius
3290 4313 3464 4383 magis
3498 4331 3665 4384 pene-

409 4405 588 4512 fqld’w
615 4410 676 4461 τὸ
709 4411 943 4512 pereo-oc
987 4416 1089 4486 τῆς
1134 4422 1382 4491 κατάρας
1414 4440 1429 4456 ο
1467 4426 1564 4478 καὶ
1596 4426 1685 4481 διὰ
1747 4403 1866 4498 μὲν
1888 4403 1986 4484 του

2099 4403 2282 4458 travit.
2312 4403 2486 4473 Auget
2513 4411 2698 4456 autem
2735 4417 2996 4458 sermone
3023 4418 3126 4457 suo
3157 4403 3260 4459 hoc
3293 4404 3496 4461 iactum
3530 4407 3666 4462 Pro.

411 4496 626 4589 ὓδατος,
679 4504 1054 4574 αἰνιττόμενος
1094 4508 1156 4562 τὸ
1184 4513 1412 4582 σφοδρὸν
1437 4517 1611 4589 αὐτῆς
1633 4533 1648 4549 ⁸
1696 4493 1784 4574 δια
1808 4520 1863 4574 δὲ
1889 4521 1983 4575 τοῦ

2099 4493 2276 4564 pheta,
2303 4494 2565 4564 grandem
2593 4509 2717 4549 esse
2748 4494 2998 4550 indicans
3026 4496 3424 4553 maledictionis
3474 4514 3668 4553 cumu-

409 4587 592 4644 ἐλαίου
623 4593 686 4646 τὸ
714 4593 1094 4667 δυσέκνιπτον,
1133 4601 1230 4655 καὶ
1255 4605 1502 4675 μόνιμον.

478 4865 798 4931 Γενηθήτω
865 4869 1025 4936 αὐτῷ
1065 4872 1146 4939 ὡς
1183 4873 1438 4944 ἱμάτιον,
1469 4877 1502 4929 ὃ
1530 4879 1978 4949 περιϐάλλεται,

407 4954 504 5006 καὶ
539 4956 679 5010 ὡσεὶ
706 4957 876 5025 ζώνη,
911 4959 990 5028 ῆν
1026 4963 1124 5018 διὰ
1146 4967 1374 5032 παντὸς
1408 4969 1857 5036 περιζώννυται.
1886 4974 1923 5026 Γ
1927 4993 1982 5027 ε-

408 5043 641 5112 νήσεται
669 5046 808 5101 ὥστε
837 5052 1107 5122 συνέχειν,
1137 5055 1227 5108 καὶ
1257 5057 1606 5128 διασφίγγειν
1648 5063 1833 5119 αὐτόν.

483 5226 661 5280 Τοῦτο
682 5228 750 5282 τὸ
776 5229 956 5298 ἔργον
1007 5231 1126 5285 τῶν
1183 5233 1702 5292 ἐτι-διαϐαλλόντων
1719 5257 1794 5309 με
1822 5243 1984 5309 παρὰ

408 5318 650 5385 Κυρίου.
684 5320 834 5390 Αὕτη
864 5323 1160 5393 ὴτιμωρία
1189 5327 1339 5396 παρὰ
1383 5330 1590 5400 Κυρίου
1623 5331 1732 5384 τῶν
1763 5334 1821 5386 ὲν
1850 5335 1981 5386 Ἰου-

406 5406 577 5469 δαίοις
599 5407 998 5465 διαϐαλλόντων
1047 5431 1138 5484 με,
1166 5416 1438 5480 τουτέστι,
1500 5419 1593 5473 τοῦ
1641 5421 1835 5488 Ἰούδα,
1887 5424 1983 5476 καὶ

406 5495 518 5551 τῶν
557 5498 679 5551 κατ’
709 5500 896 5556 αὐτόν.
929 5501 1102 5557 Τοῦτο
1140 5503 1203 5557 τὸ
1243 5505 1566 5564 κολαστικὸν
1634 5509 1815 5581 ἔργον,
1849 5513 1981 5584 περὶ

407 5584 470 5645 οὗ
503 5593 848 5664 προείρηται,
883 5595 964 5648 ὃτι
1027 5597 1274 5651 πείσεται
1338 5599 1476 5666 τάδε,
1513 5601 1608 5656 καὶ
1637 5603 1776 5657 τάδε’
1813 5603 1844 5674 ἢ
1876 5605 1983 5658 τῶν

483 5766 528 5798 ’⁸
558 5767 748 5824 Matth.
794 5786 872 5838 ιι,
907 5770 998 5826 29.

2093 4587 2230 4644 lum.
2264 4587 2332 4641 Et
2375 4603 2471 4658 per
2519 4601 2722 4657 aquam
2783 4587 3031 4656 quidem,
3085 4587 3204 4657 ejus
3263 4589 3664 4644 vehementiam

2091 4678 2353 4743 ostendit,
2387 4695 2483 4749 per
2518 4679 2696 4735 oleum
2729 4694 2862 4733 vero
2893 4678 3262 4736 diﬂicultatem
3289 4684 3341 4736 in
3370 4683 3663 4749 abluendo,

2091 4779 2144 4826 et
2187 4782 2588 4840 consequenter
2622 4770 2772 4826 illius
2803 4770 3242 4827 diuturnitatem.

2163 4861 2327 4917 Vens.
2364 4862 2448 4915 19.
2489 4860 2615 4915 Fiat
2639 4863 2687 4916 ei
2716 4863 2872 4933 quasi
2905 4863 3290 4928 vestimentum,
3316 4882 3417 4934 quo
3437 4867 3669 4919 cireum-

2090 4956 2269 5019 datur,
2305 4964 2355 5008 et
2401 4954 2552 5024 quasi
2607 4970 2767 5020 zona,
2820 4971 2923 5025 qua
2976 4970 3178 5021 semper
3233 4958 3545 5026 accingitur.
3588 4956 3663 5010 Ea

2093 5048 2306 5103 scilicet
2363 5046 2573 5102 ratione
2608 5085 2622 5110 .
2666 5053 2726 5101 ut
2783 5057 3052 5118 perpetuo
3097 5063 3220 5102 eum
3274 5051 3558 5104 contineat
3609 5061 3664 5103 et

2092 5141 2446 5211 pchIringatt

2163 5233 2328 5288 Vens.
2351 5231 2436 5285 20.
2471 5230 2583 5284 Hoc
2613 5245 2741 5298 opus
2767 5230 3153 5285 detrahentium
3181 5229 3310 5284 mihi
3344 5247 3375 5282 a
3411 5229 3660 5284 Domino.

2092 5327 2206 5381 Hoc
2235 5339 2397 5395 Opus,
2437 5323 2489 5378 id
2527 5329 2632 5387 est,
2665 5322 2780 5378 haec
2813 5336 2998 5392 paena,
3041 5337 3136 5377 seu
3171 5322 3275 5377 hoc
3301 5337 3440 5392 opus
3474 5337 3666 5392 poena-

2090 5429 2236 5481 rum,
2267 5428 2405 5484 quas
2433 5426 2601 5480 supra
2633 5411 3186 5467 commemoravimus
3208 5410 3402 5467 Judam
3431 5419 3485 5467 et
3511 5425 3664 5467 com-

2092 5505 2259 5576 plices
2293 5518 2558 5574 passuros
2588 5518 2713 5559 esse
2740 5521 2756 5558 :
2791 5503 2911 5558 haec
2932 5542 2947 5568 ,
2989 5501 3210 5572 inquam
3233 5544 3248 5571 ,
3278 5517 3438 5572 paena
3460 5545 3474 5569 ,
3511 5501 3663 5558 ludat

2091 5609 2144 5655 et
2171 5598 2448 5657 sociorum
2473 5637 2486 5651 .
2527 5595 2660 5652 mihi
2702 5595 3130 5663 detrahentium,
3181 5613 3210 5652 a
3255 5597 3488 5654 Domino
3532 5596 3657 5653 erit.
