4076 6204
493 307 639 375 1083

1693 303 2085 370 EUTHYMII
2130 308 2496 369 ZIGABENI

3604 308 3756 374 1084

488 428 582 481 sed
617 434 675 480 ut
713 440 808 481 eos
841 425 933 495 qui
970 425 1104 480 falso
1132 424 1207 479 dii
1244 423 1597 493 putabantur,
1628 437 1656 476 a
1688 438 1821 480 vero
1851 423 1961 480 Deo
1982 424 2062 479 die

2178 426 2329 489 Τίνες
2364 425 2495 497 γὰρ,
2524 424 2572 477 οἱ
2604 422 2697 477 δύο
2726 423 2903 495 κύριοι
2977 424 3071 479 τοῦ
3110 424 3299 491 Δαϐὶδ,
3337 419 3410 479 ὧν
3470 426 3660 498 ἔτερος
3689 430 3763 482 ὲκ

492 520 815 587 stingueret.
859 517 1068 573 Dixisse
1099 526 1278 571 autem
1304 531 1367 572 eo
1398 517 1560 571 modo
1597 514 1764 571 Deum
1802 516 2064 586 intellige,

487 628 599 681 quo
622 612 843 680 dignum
863 626 924 665 ac
946 624 1247 679 congruum
1267 618 1350 662 est
1379 609 1529 661 illum
1552 607 1717 677 loqui.
1740 606 2063 677 Hujusmodi

487 710 669 754 autem
696 701 874 755 verbis
902 700 1191 769 impiorum
1216 696 1528 752 Judmorum
1558 712 1653 750 ora
1679 696 2063 752 obstruuntur.

2179 517 2420 585 γαστρὸς
2489 515 2595 585 πρὸ
2654 516 2937 586 ἑωσφόρου
2983 518 3273 587 ἐγεννήθη,
3353 519 3447 571 καὶ
3484 520 3761 592 ἱερωσύνῃ

2174 607 2466 677 τετίμηται
2498 606 2642 660 κατά
2666 608 2765 677 τὴν
2793 607 2944 671 τάξιν
2969 608 3306 679 Μελχισεδὲκ
3335 626 3349 675 ;
3384 611 3485 662 οὐκ
3531 609 3759 679 ἔχουσιν

2174 699 2311 762 ὅλως
2344 700 2541 752 εἰπεῖν.

493 792 683 846 Dicant
719 793 887 859 enim,
920 810 1127 863 quaeso,
1173 794 1391 863 quinam
1445 792 1552 847 sint
1600 792 1649 845 hi
1701 794 1810 846 duo
1899 793 2112 847 Domini
2157 794 2301 864 regis
2365 795 2557 859 David,
2591 811 2822 865 quorum
2873 796 3011 851 alter
3057 812 3121 851 ex
3154 804 3342 851 ventre
3392 806 3519 852 ante
3560 798 3763 853 lucife-

489 901 609 939 rum
641 897 723 940 est
750 888 989 954 genitus,
1013 896 1066 943 et
1098 888 1405 943 sacerdotio
1436 887 1739 941 honoratus
1767 884 2063 940 secundum
2106 886 2351 941 ordinem
2384 886 2807 942 Melchisedech.

490 986 777 1049 poterunt.

559 1071 692 1126 Sede
722 1090 755 1125 a
803 1073 1002 1126 dextris
1049 1074 1199 1128 meis.
1237 1074 1707 1140 Quemadmodum
1742 1091 1836 1145 per
1868 1076 2069 1131 dictio-

491 1180 615 1219 nem
654 1166 931 1231 Dominus,
972 1167 1114 1220 Patri
1154 1183 1216 1222 ac
1239 1168 1378 1223 Filio
1403 1184 1555 1233 teque
1598 1169 1915 1224 attributam
1949 1212 1964 1234 ,
1996 1172 2067 1224 ita

488 1257 652 1310 etiam
688 1272 780 1323 per
814 1257 995 1311 sedem
1044 1257 1159 1311 Filii
1191 1274 1217 1309 a
1259 1260 1467 1313 dextris
1495 1258 1689 1320 Patris,
1712 1261 1937 1328 mqualis
1967 1261 2066 1315 ho-

492 1358 595 1395 nor
632 1342 752 1397 Filii
794 1360 918 1397 cum
960 1344 1121 1399 Patre
1174 1346 1574 1401 manifestatur.
1618 1347 1862 1413 Quorum
1920 1352 2066 1405 enim

488 1433 648 1489 sedes
677 1436 903 1506 aequalis
950 1444 1054 1499 est,
1110 1438 1425 1494 earumdem
1462 1455 1751 1495 commune
1789 1451 1871 1495 est
1902 1444 2064 1498 etiam

490 1526 799 1595 imperium.
841 1527 1052 1583 Silcant
1089 1530 1254 1599 igitur
1294 1532 1481 1593 Arius,
1533 1543 1587 1586 et
1618 1533 1939 1599 Eunomius,
1973 1536 2066 1605 qui

490 1621 752 1687 zequalem
784 1620 927 1675 Patri
966 1620 1161 1676 Filium
1199 1632 1421 1692 negant.
1456 1623 1723 1689 Quoniam
1762 1642 1888 1681 vero
1924 1626 2070 1681 Deus

2883 886 3071 957 Neque
3115 889 3261 942 enim
3316 888 3528 943 hiscere
3586 891 3758 943 etiam

2248 1070 2445 1127 Κάθου
2471 1072 2540 1126 ἐκ
2601 1070 2818 1136 δεξιῶν
2866 1088 3005 1137 μου.
3044 1058 3257 1141 Ὥσπερ
3284 1069 3371 1124 διά
3410 1071 3503 1124 τοῦ
3536 1075 3762 1141 Κύριος

2176 1167 2273 1219 καλ⁸
2304 1166 2537 1232 Κύριος,
2588 1166 2648 1217 τὸ
2684 1163 2928 1233 ἰσότιμον
2986 1162 3286 1227 δείκνυται,
3347 1162 3493 1217 οὕτω
3535 1167 3633 1218 καὶ
3665 1166 3761 1219 διὰ

2174 1259 2274 1326 τῆς
2304 1259 2367 1310 ἐκ
2402 1256 2595 1320 δεξιῶν
2621 1256 2915 1324 καθέδρας,
2944 1257 3037 1307 ἐπὶ
3060 1254 3154 1308 τοῦ
3204 1252 3491 1324 βασιλικοῦ
3535 1257 3753 1324 θρόνου·

2174 1341 2247 1399 ὧν
2277 1347 2442 1417 γὰρὴ
2478 1346 2717 1417 καθέδρα
2763 1348 2941 1418 κοινὴ,
2993 1346 3200 1400 τούτων
3249 1348 3344 1399 καὶ⁹
3409 1348 3441 1415 ἡ
3501 1347 3760 1415 βασιλεία

2175 1442 2351 1511 κοινή.
2395 1438 2931 1510 Ἐπιστομιζὲτωσαν
2954 1439 3064 1510 (21)
3087 1442 3133 1491 οἱ
3167 1439 3442 1509 ἀνισον”τῲ
3467 1441 3640 1510 Πατρὶ
3660 1442 3758 1494 τὸν

2179 1534 2308 1586 Υίὺν
2353 1533 2675 1603 ληροῦντες,
2717 1535 2975 1604 Ἀρρειος
3026 1534 3120 1586 καὶ
3168 1533 3459 1603 Εὑνόμιος.
3515 1534 3669 1589 Ἐπεὶ
3697 1538 3761 1590 δὲ.

2174 1625 2203 1675 ὁ
2233 1624 2366 1685 Θεὸς
2394 1624 2487 1675 καὶ
2513 1624 2701 1693 Πατὴρ
2746 1623 3041 1693 ἀσώματος
3069 1621 3144 1676 ὢν
3169 1623 3269 1675 οὐκ
3312 1624 3426 1694 ἔχει
3468 1624 3618 1687 δεξιά
3662 1626 3761 1677 καὶ

495 1706 657 1762 Pater
701 1708 1061 1779 incorporeus
1100 1722 1203 1776 est,
1241 1721 1293 1765 et
1324 1714 1600 1767 dexteram
1629 1730 1739 1769 non
1784 1715 1942 1769 habet
1971 1725 2063 1770 aut

2178 1714 2429 1785 Ξιριστερά
2484 1712 2616 1781 (τῶν
2683 1713 2956 1783 σωμάτων
3008 1713 3117 1783 γάρ
3166 1713 3417 1781 ταῦτα),
3467 1712 3650 1766 λοιπὸν
3694 1714 3762 1765 τὸ

490 1796 769 1850 sinistram
804 1798 1113 1869 (corporum
1141 1804 1289 1856 enim
1319 1801 1432 1858 haec
1471 1805 1645 1871 sunt),
1688 1813 1860 1860 restat
1890 1813 1949 1858 ut
1978 1821 2074 1876 per

492 1888 701 1953 sedem,
744 1892 990 1959 requiem
1021 1902 1076 1946 et
1113 1893 1427 1949 fruitionem
1462 1884 1636 1949 div-ini
1669 1897 1882 1967 imperii
1917 1899 2075 1953 intel-

494 1979 748 2050 ligamus,
774 1986 985 2052 utrique
1013 2000 1200 2039 eorum
1232 1988 1533 2055 propriam,
1554 1997 1606 2041 et
1627 1989 1834 2044 honore
1866 2005 2072 2058 parem.

568 2071 741 2127 Donec
770 2091 962 2141 ponam
992 2077 1234 2131 inimicos
1268 2089 1385 2133 tuos
1424 2080 1711 2134 scabellum
1734 2082 1922 2149 pedum
1954 2092 2075 2138 tuo-

493 2181 633 2218 rum.
682 2165 923 2231 Iudaeos,
988 2171 1237 2239 gentiles.
1292 2173 1606 2239 haereticos,
1666 2183 1718 2228 et
1777 2176 2073 2231 daemones.

495 2256 673 2312 Dictio
706 2268 921 2321 autem.
960 2262 1126 2316 donec
1152 2303 1165 2327 ,
1204 2279 1312 2317 non
1348 2266 1412 2318 ad
1456 2265 1865 2321 distinctionem
1906 2267 2074 2323 futuri

495 2348 762 2417 temporis
792 2350 971 2418 posita
999 2361 1104 2415 est,
1136 2354 1229 2408 sed
1260 2356 1727 2424 quemadmodum
1764 2372 1908 2428 saape
1945 2358 2071 2413 alibi

495 2439 774 2505 diximus,
812 2452 1022 2496 certum
1081 2452 1295 2513 tempus
1342 2446 1614 2517 designat,
1662 2458 1715 2503 et
1766 2465 2073 2520 usquequo,

494 2545 605 2585 non
632 2531 826 2586 tollens
860 2534 1005 2586 aliud
1029 2546 1215 2605 postea
1244 2535 1484 2592 futurum
1519 2547 1754 2609 tempus,
1776 2549 1833 2594 ut
1860 2543 2075 2613 egregie

497 2621 739 2675 declarat
773 2621 1069 2692 Gregorius
1090 2625 1403 2698 Theologus
1429 2630 1482 2682 in
1514 2630 1693 2700 primo
1724 2646 1978 2689 sermone
2011 2633 2076 2689 de

498 2710 668 2777 Filio;
702 2723 755 2769 et
780 2731 881 2771 nos
904 2716 1065 2771 etiam
1100 2720 1357 2790 antiquos
1398 2725 1570 2777 secuti
1616 2724 1825 2788 Patres,
1851 2728 2076 2797 scripsi-

497 2822 642 2872 mus,
686 2808 738 2861 in
775 2807 908 2863 illud
936 2811 1139 2866 dictum
1178 2814 1452 2885 Evangelii
1485 2834 1500 2871 :
1536 2817 1711 2872 Donec
1752 2824 1945 2888 peperit
1977 2820 2075 2875 Fi-

500 2898 630 2951 lium
668 2916 819 2953 suum
854 2904 1257 2974 primogenitum
1287 2908 1353 2961 ⁸².
1390 2907 1674 2973 Quomodo
1716 2912 1862 2965 enim
1897 2914 2071 2967 susti-

501 2990 614 3043 neri
651 3000 836 3060 posset
870 2993 1017 3049 aliud
1058 2995 1357 3067 Scriptura;
1386 3000 1803 3056 testimonium:
1840 3001 2073 3074 Regnum

497 3082 636 3150 ejus,
656 3084 793 3151 quod
807 3087 859 3137 in
880 3087 1131 3140 saeculum
1158 3105 1260 3143 non
1276 3090 1580 3145 destruetur
1596 3093 1641 3125 ⁸³
1658 3093 1680 3146 ?
1696 3103 1788 3146 aut
1813 3094 1944 3149 illud
1969 3113 1981 3147 :
2005 3095 2073 3149 Et

499 3175 646 3243 regni
693 3177 808 3244 ejus
860 3194 965 3230 non
1016 3183 1117 3232 erit
1150 3181 1275 3249 ﬁnis
1316 3182 1405 3235 9"?
1440 3185 1595 3248 Quod
1632 3187 1676 3237 si
1730 3185 1783 3239 in
1820 3188 2073 3255 praesenti

503 3266 717 3332 psalmo
745 3268 879 3335 legis
909 3268 1123 3323 Patrem
1162 3288 1363 3340 ponere
1413 3274 1535 3328 Filii
1577 3275 1831 3331 inimicos
1864 3280 2078 3334 scabel-

505 3357 615 3407 lum
647 3358 842 3426 pedum
876 3360 1020 3429 ejus,
1056 3368 1111 3414 et
1143 3361 1285 3432 apud
1317 3361 1546 3418 Paulum
1580 3365 1736 3435 legis.
1772 3367 1949 3436 ipsum
1983 3369 2072 3424 Fi-

503 3450 634 3503 lium
666 3450 717 3505 id
758 3450 936 3507 facere
965 3452 1206 3523 (Oportet
1237 3457 1406 3521 enim,
1446 3457 1623 3527 inquit
1666 3458 1891 3524 Paulus,
1923 3462 2074 3517 Chri—

499 3550 638 3593 stum
671 3557 907 3611 reguare,
940 3545 1101 3599 donec
1137 3557 1299 3616 ponat
1341 3565 1518 3603 omnes
1550 3551 1788 3605 inimicos
1817 3569 1938 3606 suos
1979 3554 2074 3607 sub

501 3634 719 3697 pedibus
752 3639 859 3691 suis
889 3639 980 3706 ⁸⁸),
1016 3654 1125 3694 non
1165 3639 1287 3695 ideo
1324 3650 1504 3696 tamen
1537 3643 1794 3699 turberis.
1818 3644 2077 3700 Commu-

505 3724 591 3777 nis
624 3726 824 3780 etenim
879 3729 1094 3797 utrique
1147 3736 1395 3801 operatio
1438 3741 1553 3799 est;
1608 3735 1769 3789 ambo
1825 3737 2071 3791 eamdem

505 3809 705 3873 habent
751 3819 1016 3875 ellieiendi
1065 3832 1412 3892 potestatem.
1446 3827 1650 3883 Omnes
1683 3836 1865 3883 autem
1906 3816 2076 3898 subji-

508 3907 747 3972 cientur,
792 3911 883 3962 alii
927 3914 1143 3980 quidem
1180 3913 1369 3977 inviti,
1414 3916 1506 3969 alii
1550 3932 1677 3970 vero
1708 3925 1943 3985 sponte:
1982 3918 2072 3972 ubi

503 3996 709 4051 scilicet
736 4014 857 4053 cum
894 4016 924 4054 e
953 4004 1093 4058 caelo
1128 4004 1547 4060 descendentem
1574 4007 1832 4073 viderint,
1869 4019 1928 4063 ut
1960 4024 2075 4063 ma-

503 4086 759 4143 nifestius
809 4092 999 4146 docuit
1050 4093 1274 4152 Paulus.
1306 4096 1516 4153 Ponere
1559 4100 1720 4152 etiam
1772 4101 2070 4154 scabellum

502 4177 660 4239 dixit.
694 4196 794 4250 pro
823 4180 1115 4253 Subjectos
1150 4187 1397 4255 reddere,
1431 4204 1526 4243 seu
1564 4189 1884 4260 subjugare.

574 4271 737 4327 Vens.
773 4274 830 4329 2.
873 4274 1088 4346 Virgam
1128 4280 1336 4333 virtutis
1375 4281 1572 4334 emittet
1603 4282 1695 4334 tibi
1721 4281 1980 4336 Dominus
2010 4301 2073 4337 ex

2176 1807 2274 1876 μὲν
2302 1805 2598 1874 καθῆσθαι,
2648 1806 2746 1875 τὴν
2779 1805 3093 1858 ἀνάπαυσιν
3119 1804 3272 1874 δηλοῖ
3304 1807 3399 1856 καὶ
3446 1804 3754 1857 ἀπόλαυσιν

2173 1898 2271 1967 τῆς
2298 1897 2449 1958 θείας
2474 1896 2777 1966 βασιλείας.
2808 1898 2881 1951 Τὸ
2907 1898 2962 1951 δὲ
3005 1899 3106 1951 Ἐκ
3140 1896 3376 1961 δεξιῶν,
3400 1897 3500 1966 τὴν
3533 1899 3757 1967 γνησιό-

2172 2004 2334 2056 τητα,
2360 1988 2453 2041 καὶ
2476 1989 2775 2051 οίκείωσιν,
2812 1987 2907 2039 καὶ
2938 1987 3256 2056 ὁμοτιμίαν.

2246 2079 2401 2144 Ἕως
2426 2077 2504 2133 ἂν
2530 2078 2611 2132 θῶ
2649 2078 2793 2146 τοὺς
2813 2078 3066 2147 ἐχθρούς
3084 2094 3202 2132 σου
3248 2077 3587 2132 ὑποπόδιον
3640 2078 3762 2132 τῶν

2174 2169 2377 2225 ποδῶν
2407 2188 2547 2226 σου.
2578 2171 2719 2234 Τοὺς
2767 2170 3081 2235 Ἰουδαίους,
3138 2172 3262 2232 τοὺς
3294 2170 3588 2237 Ἕλληνας,
3616 2171 3745 2233 τοὺς

2174 2262 2485 2332 αἱρετικοὺς
2509 2263 2606 2314 καὶ
2645 2262 2771 2324 τοὺς
2810 2261 3089 2329 δαίμονας.
3115 2261 3191 2313 Τὸ
3219 2262 3275 2314 δὲ
3322 2260 3495 2327 Ἕως,
3526 2262 3588 2313 οὐ
3618 2262 3759 2314 πᾶν·

2173 2371 2294 2407 τοτε
2325 2352 2827 2407 ἀντιδιαστέλλεται
2852 2352 2928 2422 τῷ
2954 2353 3231 2422 μέλλοντι.
3274 2352 3412 2406 ἀλλά
3468 2354 3757 2415 πολλάκις,

2172 2449 2236 2500 τὸ
2263 2448 2431 2518 μέχρι
2467 2448 2567 2517 μὲν
2595 2447 2751 2501 τοῦδε
2793 2445 2981 2515 δηλοῖ·
3017 2446 3077 2499 τὸ
3106 2446 3159 2499 δὲ
3187 2446 3405 2516 ἐφεξῆς,
3452 2448 3555 2498 οὐκ
3601 2447 3758 2498 ἀναίο

2176 2555 2362 2593 vetat“
2414 2540 2664 2609 καθάπερ
2724 2539 2819 2591 καὶ
2873 2537 2990 2601 νῦν,
3043 2538 3173 2607 περὶ
3215 2530 3277 2590 οὗ
3305 2538 3450 2589 καὶὸ
3490 2535 3760 2602 Θεολόγος

2175 2631 2478 2703 Γρηγόριος
2508 2633 2569 2684 ἐν
2625 2630 2702 2700 τῷ
2738 2630 2941 2701 πρώτῳ
2979 2629 3125 2700 λόγῳ
3152 2630 3283 2700 περὶ
3308 2629 3441 2681 Υἱοῦ
3472 2626 3757 2697 πεφιλοσο-

2176 2741 2342 2795 φηκε,
2372 2724 2468 2777 καὶ
2491 2724 2651 2793 ἡμεῖς
2684 2725 2742 2775 ἐν
2766 2722 2845 2793 τῷ
2874 2721 3241 2790 Εὑαγγελικῷ
3269 2720 3419 2791 ρητῷ
3452 2718 3587 2790 (‘22),
3608 2720 3761 2782 Ἕως

2178 2812 2251 2872 οὗ
2278 2816 2447 2869 ἔτεκε
2499 2816 2608 2868 τὸν
2660 2814 2798 2867 υἱὸν
2849 2812 3043 2881 αὐτῆς
3072 2811 3177 2865 τὸν
3214 2812 3612 2880 πρωτοτόκον,
3646 2812 3759 2870 τοῖς

2177 2906 2456 2974 Πατράσιν
2487 2904 2984 2974 ἀκολουθήσαντες,
3015 2900 3469 2973 ἡρμηνεύσαμεν.
3498 2899 3622 2961 Πῶς
3651 2898 3761 2967 γὰρ

2175 2996 2242 3050 ἂν
2274 2998 2370 3050 καὶ
2402 2995 2728 3067 φυλαχθείη,
2759 2996 2843 3056 τὸ,
2876 2995 2987 3049 Καὶ
3018 2995 3057 3062 ἠ
3087 2992 3381 3057 βασιλεία
3410 2990 3601 3045 αὑτοῦ
3646 2991 3760 3054 ,βα-

2178 3089 2401 3148 σιλεία,
2448 3088 2581 3155 ἥτις
2626 3091 2717 3151 εὶς
2755 3086 2862 3140 τὸν
2885 3085 3072 3140 αἰῶνα
3102 3084 3218 3155 (25)
3255 3085 3325 3138 οὐ
3355 3082 3759 3152 διαφθαρήσε-

2179 3195 2308 3241 tat;
2354 3181 2447 3233 καὶ
2469 3181 2553 3247 τὸ,
2606 3180 2715 3234 Καὶ
2744 3178 2854 3245 τῆς
2879 3178 3209 3244 βασιλείας
3236 3177 3420 3231 αὑτοῦ
3451 3178 3563 3230 οὐκ
3590 3176 3758 3230 ἔσται

2179 3273 2393 3338 τέλος;
2425 3271 2488 3325 Εἰ
2520 3273 2577 3326 δὲ
2606 3272 2840 3327 ἐνταῦθα
2875 3272 2975 3342 μὲν
3017 3270 3240 3334 ἀκούεις
3274 3270 3403 3323 ὅτιό
3442 3269 3634 3337 Πατὴρ
3671 3268 3750 3320 τίς

2179 3364 2304 3435 θησι
2350 3364 2481 3427 τοὺς
2510 3364 2743 3435 ἐχθροὺς
2772 3363 3090 3429 ὑποπόδιον,
3125 3363 3279 3433 παρὰ
3307 3361 3364 3414 δὲ
3390 3360 3591 3429 Παύλῳ
3618 3360 3703 3412 ὅτι
3730 3360 3755 3409 ὁ

2180 3456 2311 3521 Υἱός
2357 3458 2479 3525 (Δεῖ
2506 3456 2634 3527 γὰρ,
2666 3458 2853 3525 φησὶν,
2887 3455 3449 3519 αὺτὸνβαονιλεύειν
3479 3452 3651 3521 ἄχρις
3685 3449 3759 3505 ἂν

2178 3549 2255 3618 θῇ
2285 3550 2516 3615 πάντας
2542 3549 2684 3615 τοὺς
2719 3548 2974 3615 ἐχθροὺς
3023 3545 3208 3601 αὐτοῦ
3236 3544 3354 3600 ὑπὸ
3397 3543 3539 3609 τοὺς
3567 3542 3758 3604 πόδας

2178 3640 2386 3711 αὑτοῦ)
2420 3658 2435 3671 ⁸
2474 3641 2553 3711 μὴ
2581 3639 2890 3712 θορυϐηθῇς
2919 3655 2932 3668 ⁶
2962 3638 3116 3708 κοινὴ
3144 3637 3252 3707 γὰρ
3290 3638 3490 3706 ἀμφοῖν
3525 3636 3557 3704 ἡ
3611 3634 3758 3703 ἐνέρ-

2177 3750 2322 3800 γεια,
2362 3733 2453 3784 καὶ
2483 3732 2639 3785 κοινά
2676 3731 2744 3783 τὰ
2773 3730 3175 3799 κατορθώματα
3204 3743 3217 3756 °
3250 3727 3455 3789 πάντες
3484 3727 3592 3796 γὰρ
3623 3727 3755 3778 ὑπο-

2177 3828 2530 3895 ταγήσονται,
2560 3826 2609 3877 οἱ
2644 3826 2743 3893 μὲν
2773 3825 3014 3887 ἑκόντες,
3044 3822 3094 3874 οἱ
3118 3821 3175 3874 δὲ
3222 3823 3466 3883 ἀκοντες’
3487 3822 3614 3872 ὅταν
3659 3818 3754 3870 αὒ-

2177 3919 2266 3971 τὸν
2307 3919 2489 3971 ἴδωσιν
2519 3918 2577 3983 ἐξ
2609 3917 2845 3987 οὐρανοῦ
2888 3914 3312 3983 κατερχόμενον,
3342 3914 3471 3983 περὶ
3499 3908 3560 3965 οὗ
3593 3911 3755 3976 σαφές-

2180 4028 2369 4083 στερον
2390 4010 2593 4075 ἐδίδαξε
2625 4010 2853 4073 Παῦλος·
2899 4006 3266 4061 ’Υποπόδιον
3292 4005 3371 4072 δὲ,
3426 4004 3546 4057 ἀντὶ
3588 4004 3757 4055 Ύπο-

2176 4103 2566 4174 τεταγμένους.

2262 4280 2513 4335 Ῥἁϐδον
2539 4279 2847 4347 δυνάμεως
2888 4275 3289 4342 ἐξαποστελεῖ
3320 4289 3419 4327 σοι
3446 4273 3659 4340 Κύριος
3688 4272 3755 4325 ἐκ

502 4362 654 4419 Sion.
686 4362 851 4434 Virga
904 4365 1202 4436 aliquando
1236 4369 1289 4422 in
1338 4369 1555 4439 signum
1590 4387 1880 4441 pmnarum
1918 4376 2072 4444 poni-

2184 4370 2354 4425 Σιών.
2384 4366 2446 4420 Ἦ
2478 4368 2672 4438 ράδδος
2726 4367 2857 4420 ποτὲ
2899 4368 3000 4435 μὲν
3052 4367 3134 4428 είς
3167 4364 3436 4433 σύμὸολον
3482 4362 3755 4424 κολάσεως

506 4464 618 4519 tur,
650 4470 746 4509 seu
778 4457 1188 4525 castigationis,
1213 4459 1369 4528 juxta
1403 4461 1536 4515 illud
1561 4463 1802 4531 Apostoli
1840 4482 1853 4518 :
1890 4464 2031 4530 Quid
2054 4468 2079 4518 .’

504 4548 662 4601 vultis
702 4548 756 4602 in
792 4550 941 4619 virga
974 4552 1176 4604 veniam
1212 4553 1281 4603 ad
1329 4553 1464 4606 vos?
1502 4570 1569 4607 an
1600 4556 1655 4608 in
1693 4557 1973 4612 dilectione
1991 4559 2079 4612 “?

507 4641 848 4711 Quandoque
882 4657 981 4711 pro
1013 4643 1275 4712 pastorali
1306 4658 1460 4708 cura,
1486 4646 1640 4715 juxta
1674 4649 1807 4703 illud
1839 4667 1852 4703 :
1883 4649 2075 4705 Pasces

506 4747 594 4785 eos
622 4732 676 4784 in
705 4733 850 4802 uirga
882 4734 1053 4801 ferrea
1082 4735 1148 4788 "’.
1190 4736 1503 4807 Aliquando
1546 4754 1677 4793 vero
1726 4756 1824 4810 pro
1879 4756 2069 4810 regno,

512 4830 572 4876 ut
608 4823 740 4877 illud
776 4840 791 4878 :
824 4823 1007 4879 Exibit
1043 4827 1189 4897 virga
1218 4828 1283 4883 de
1316 4828 1496 4883 radice
1552 4830 1703 4885 Iesse
1732 4831 1799 4887 ⁸⁸.
1849 4832 2080 4887 Ponitur

508 4914 673 4969 etiam
718 4930 817 4985 pro
856 4919 1126 4986 petentia,
1165 4928 1222 4974 ut
1260 4920 1312 4974 in
1358 4923 1611 4989 praesenti
1657 4922 1889 4991 psalmo.
1934 4922 2078 4977 Misit

509 5005 652 5059 enim
688 5007 832 5062 Dcus
857 5007 1019 5064 Pater
1052 5008 1290 5075 Christo,
1340 5010 1488 5065 velut
1522 5012 1727 5067 homini
1775 5013 2076 5081 potentiam

578 5151 623 5180 ⁸⁸
658 5150 844 5205 Matth.
880 5169 920 5217 ι,
950 5154 1042 5209 25.
1067 5154 1114 5187 ⁸³
1145 5152 1278 5210 Dan.
1307 5169 1381 5211 vn
1405 5195 1421 5221 ,
1459 5154 1545 5212 Η.

507 5222 554 5253 ’κ
582 5221 686 5276 lsa.
714 5238 789 5288 xl,
824 5222 875 5278 1.

1659 5154 1703 5186 ⁸⁸
1730 5153 1864 5209 Luc.
1896 5168 1936 5218 ι,
1965 5152 2055 5209 55.

2162 5151 2208 5183 ⁸⁸
2237 5148 2257 5203 l
2293 5148 2422 5205 Cor.
2458 5164 2548 5214 xv,
2570 5146 2664 5202 25.

2186 4460 2702 4531 παραλαμϐάνεται,
2734 4459 2809 4521 ὡς
2838 4459 2900 4510 τὸ
2934 4458 2989 4512 Τί
3018 4456 3220 4511 θέλετε
3244 4473 3261 4519 ;
3289 4456 3358 4508 ὲν
3375 4454 3576 4523 ῥάϐδῳ
3604 4453 3759 4505 ἒ.1οω

2187 4554 2336 4621 πρὸς
2358 4551 2534 4622 ὑμᾶς,
2568 4550 2605 4619 ἢ
2623 4551 2691 4604 ἐν
2713 4551 2913 4619 ἀγάπῃ
2937 4567 2956 4613 ;
2992 4549 3130 4602 Ποτὲ
3157 4550 3213 4602 δὲ
3241 4550 3321 4610 είς
3362 4545 3756 4615 ποιμαντικὴν,

2182 4647 2255 4709 ὼς
2282 4644 2360 4711 τὸ,
2385 4642 2700 4711 Ποιμανεῖς
2744 4641 2966 4706 αὐτοὺς
3005 4640 3289 4708 ἐνράϐδῳ
3342 4636 3581 4705 σιδηρᾷ.
3620 4636 3759 4689 [latis

2182 4735 2239 4788 δὲ
2271 4736 2349 4795 εἰς
2372 4732 2672 4802 βασιλείαν,
2730 4730 2804 4794 ὡς
2848 4731 2929 4795 τὸ,
2975 4730 3397 4794 Ἐξελεύσεται
3439 4728 3665 4796 ῥάϐδος
3690 4726 3756 4778 ἐκ

2186 4825 2296 4893 τῆς
2329 4822 2497 4891 ῥίζης
2537 4822 2785 4876 Ἰεσσαί.
2856 4822 2992 4873 Ποτὲ
3024 4822 3080 4873 δὲ
3113 4823 3192 4882 είς
3250 4820 3503 4887 δύναμιν,
3564 4819 3639 4877 ὡς
3697 4816 3757 4865 τὸ

2188 4916 2547 4987 προκείμενον
2604 4913 2795 4984 ῥητόν·
2844 4912 3197 4977 ἐξαπέστειλε
3252 4912 3362 4981 γὰρ
3422 4910 3623 4979 Κύριος
3680 4905 3756 4972 τῷ

2186 5007 2423 5080 Χριστῷ,
2462 5007 2537 5070 ὼς
2568 5004 2865 5077 ἀνθρώπῳ,
2900 5004 3126 5074 δύναμιν
3156 5006 3219 5057 ὲκ
3267 5002 3425 5069 Σιὼν,
3450 5003 3545 5071 τῆς
3576 5003 3635 5051 ἐν
3664 5000 3756 5049 οὐ-

2768 5145 2813 5178 ⁶⁶
2848 5144 2868 5198 1
2897 5143 3024 5198 Cor.
3059 5158 3132 5210 ιν,
3164 5142 3253 5197 ΞΙ.
3342 5144 3390 5175 ⁸⁷
3432 5141 3575 5196 Psal.
3609 5157 3669 5206 ιι,
3701 5141 3753 5194 9.

1812 5342 2009 5406 Variae
2067 5342 2395 5405 lectiones.

591 5493 703 5573 (2!)
732 5494 1275 5565 ἒπιστομιζέσθωσαν
1315 5492 1437 5550 cod.
1481 5493 1797 5563 Mosquens.
1829 5507 1915 5563 ap.
1949 5489 2082 5545 Mat-

519 5564 667 5618 thaei.

2180 5494 2306 5548 thazi
2347 5509 2384 5556 ι,
2427 5494 2480 5548 5.
2516 5491 2692 5547 Simul
2744 5505 2968 5562 quoque
3020 5489 3349 5562 intelligitur
3404 5485 3755 5562 Commenta-

2184 5565 2327 5617 rium
2372 5553 2434 5617 in
2496 5553 2787 5632 Evangelia
2848 5553 3001 5631 prius
3058 5553 3323 5630 scriptum
3392 5570 3535 5612 esse.
3603 5553 3752 5608 Mn-

588 5634 699 5697 (22)
737 5634 813 5687 Ex
844 5634 927 5687 his
981 5644 1035 5689 et
1069 5636 1343 5691 similibus
1399 5636 1536 5689 locis
1588 5634 1978 5690 Commentarii
2028 5636 2083 5687 in
2186 5650 2345 5687 Tum.

522 5702 770 5776 Psalmos
800 5704 1048 5776 eﬂicitttr,
1087 5705 1437 5776 Euthymium
1468 5721 1592 5761 esse
1615 5713 1897 5776 auctorem
1924 5703 2086 5776 Com-

525 5774 775 5826 mentarii
810 5788 837 5825 a
871 5772 1030 5828 nobis
1070 5776 1200 5830 editi
1223 5772 1277 5830 i'n
1313 5776 1623 5848 Evangelia.
1656 5773 1791 5831 Vide
1835 5774 1902 5829 ad
1938 5775 2066 5829 Mat-

2264 5704 2376 5771 (23)
2420 5701 2725 5770 Utrumque
2757 5700 2964 5771 locum,
2995 5699 3233 5754 Danielis
3292 5706 3346 5753 et
3386 5696 3580 5771 iLucze,
3620 5694 3745 5764 jun-

2173 5770 2301 5828 etim
2333 5774 2497 5827 etiam
2529 5773 2718 5826 laudat
2750 5772 2803 5826 in
2838 5770 3229 5839 Panoplia,tit.
3260 5784 3349 5823 xx.
3384 5770 3465 5821 lo.
