4102 6206
424 286 489 348 10
504 284 567 347 b7
1692 279 2040 340 EUTUYMI

2142 279 2484 340 EIGABE‘NI
2572 282 2581 288 ’
3556 282 3703 349 1083

421 414 586 465 usque
629 394 698 450 ad
728 395 977 449 mentum
1034 401 1090 445 tu
1115 408 1169 446 es
1200 391 1269 458 “,
1331 389 1550 447 tametsi
1586 404 1686 444 nec
1719 404 1746 442 a
1804 390 2007 444 smeulo
2037 442 2040 450 ,

2142 389 2405 460 γέννησεν
2437 388 2790 462 ὴΠαρθένος,
2819 392 3035 464 εὐδοκία
3068 394 3304 463 Πατρὸς,
3365 396 3459 447 καὶ
3493 412 3690 464 συνερ-

425 501 662 552 tantum,
691 489 783 544 sed
815 496 869 541 et
900 495 1026 541 ante
1055 486 1310 540 saeculum
1345 499 1359 539 :
1403 498 1586 553 neque
1614 498 1789 551 usque
1821 483 1875 536 in
1909 497 2011 538 sa:-

2142 482 2243 553 'ai:_t
2274 483 2594 552 Πνεῦματος
2620 483 2797 553 ἁγίου,
2827 487 3015 550 κακῶς
3046 487 3153 556 ἄρα
3177 474 3405 539 νοοῦσὶν·
3442 488 3550 541 ἔδει
3577 494 3693 558 γὰρ

424 586 610 638 culum
641 590 877 643 tantum,
910 577 1005 632 sed
1058 578 1224 631 etiam
1258 576 1377 631 sine
1426 576 1531 628 fine
1582 590 1707 627 eum
1743 588 1889 637 esse,
1927 572 2015 627 dio

2149 574 2393 645 ἱρῆσθαι,
2439 577 2560 645 Πρὸ
2585 577 2904 632 ἀνατολῶν
2939 579 3292 649 ἑωσφόρον,
3335 582 3429 634 καὶ
3465 581 3540 651 μὴ
3580 585 3707 648 Πρὸ

424 676 552 727 vina
607 670 829 724 tradant
889 667 1141 736 Eloquia.
1198 665 1429 736 Oportet
1466 667 1634 736 igitur
1693 666 1859 721 verba
1902 666 2015 720 haec

2142 668 2429 735 λωσεεόρου
2470 670 2666 739 μόνον
2697 686 2710 699 ·
2763 670 2848 723 ἀεὶ
2873 670 2982 741 γὰρ
3021 672 3083 725 τὸ
3115 673 3228 742 Πρὸ
3276 672 3449 743 ἡλίου,
3486 673 3705 736 ἁπλῶς,

422 768 587 835 digne
618 762 732 815 Deo
757 760 1087 829 intelligere,
1119 768 1285 828 atque
1317 758 1451 813 illud
1475 757 1829 822 concludere,
1866 757 2012 827 quod

2142 759 2179 811 τὸ
2215 760 2321 829 πρὸ
2362 761 2460 831 τῆς
2524 762 2811 831 ὑπάρξεως
2876 764 3042 817 αὑτοῦ
3104 764 3355 833 βούλεται
3378 766 3697 834 σημαίνειν,

427 864 571 914 ποιῆθ’
595 856 803 917 omnia,
842 853 1006 907 etiam
1047 860 1174 906 ante
1211 853 1327 921 ipsa
1362 852 1585 915 saecula,
1608 866 1824 920 semper
1850 849 2017 904 fuerit

2142 851 2301 920 ὅσπερ
2334 853 2428 904 καὶ
2460 854 2540 917 τὸ,
2572 854 2687 924 Πρὸ
2708 854 2971 925 ἀνατολῆς
3001 855 3189 918 αὐτοῦ,
3213 856 3303 909 τὸν
3343 856 3539 927 ὄρθρον
3565 856 3709 926 (26).

428 954 541 1005 haec
596 952 780 1006 divina
813 949 1116 1021 generatio.
1175 947 1215 1001 li
1269 947 1457 1014 itaque
1509 941 1603 1011 qui
1644 941 1811 995 verba
1872 940 2010 993 illa:
2052 942 2185 994 Ante
2214 942 2519 1012 luciferum,
2585 946 2835 1001 referunt
2886 948 2952 1001 ad
2988 958 3204 1004 noctem
3258 965 3365 1021 qua
3447 949 3716 1003 Christus

420 1044 733 1098 secundum
796 1058 1021 1099 carnem
1076 1049 1245 1095 natus
1310 1046 1415 1103 est,
1478 1034 1657 1089 Patris
1687 1033 1943 1087 nimirum
1975 1036 2340 1102 beneplacito,
2379 1046 2435 1091 et
2471 1040 2862 1109 cooperatioue
2893 1042 3070 1096 sancti
3103 1043 3369 1114 Spiritus,
3404 1058 3516 1097 non
3554 1052 3716 1096 recte

426 1136 710 1205 PrOphet:e
748 1149 1059 1192 sermonem
1098 1132 1432 1202 intelligunt.
1488 1128 1841 1197 Oportuisset
1878 1127 2024 1179 enim
2061 1127 2244 1183 dicere
2288 1148 2302 1183 :
2353 1133 2493 1186 Ante
2525 1142 2705 1187 ortum
2743 1135 3001 1201 luciferi,
3052 1145 3107 1191 et
3141 1151 3248 1190 non
3311 1136 3447 1189 Ante
3513 1136 3718 1205 lucife-

426 1248 568 1286 rum.
603 1228 735 1283 Nam
791 1230 935 1300 quod
995 1227 1321 1297 simpliciter
1369 1226 1605 1286 dicitur,
1638 1222 1781 1277 Ante
1817 1222 2009 1287 solem,
2055 1232 2272 1291 tempus
2311 1225 2614 1293 significat,
2651 1229 2799 1297 quod
2843 1229 2945 1283 fuit
2986 1240 3114 1285 ante
3163 1231 3338 1300 ipsius
3405 1230 3542 1286 solis
3614 1246 3721 1283 na-

431 1336 633 1389 Iuram,
668 1322 1132 1394 quemadmodum
1167 1327 1380 1385 contra,
1413 1318 1484 1383 si,
1518 1318 1661 1371 Ante
1692 1316 1825 1372 solis
1855 1327 2062 1380 ortum,
2090 1315 2316 1383 dixeris,
2352 1328 2568 1388 tempus
2604 1320 2833 1377 diluculi
2868 1324 3227 1394 signiﬁcabis.
3273 1324 3524 1393 (Magnus
3606 1325 3723 1377 Ba-

427 1416 589 1473 silius
622 1416 678 1470 iu
719 1429 977 1471 sermone
1024 1414 1089 1468 de
1112 1411 1320 1481 Spiritu
1354 1418 1563 1476 sancto,
1601 1408 1699 1475 ait,
1729 1406 1899 1478 quod,
1940 1406 2144 1461 dicitur
2170 1407 2300 1478 quid
2338 1424 2405 1463 ex
2461 1410 2649 1479 aliquo
2696 1427 2841 1476 esse,
2912 1413 2998 1467 vel
3081 1414 3299 1467 ratione
3380 1413 3719 1476 creationis,

430 1512 587 1579 juxta
622 1511 754 1566 illud
789 1528 804 1566 :
844 1509 989 1565 Unus
1022 1519 1098 1565 est
1134 1509 1274 1564 Deus
1311 1506 1476 1562 Pater
1528 1521 1592 1560 ea:
1623 1521 1723 1575 quo
1758 1504 1935 1558 omnia
1958 1506 2046 1571 9‘;
2086 1506 2173 1561 vel
2231 1505 2445 1561 ratione
2479 1517 2709 1574 naturae,
2776 1508 2932 1576 juxta
3011 1510 3143 1565 illud
3174 1530 3188 1565 :
3225 1509 3477 1578 Operatio
3533 1519 3730 1564 nostra

434 1623 502 1663 ea:
540 1606 692 1663 nobis
741 1616 842 1668 est,
879 1616 934 1661 et
971 1603 1432 1676 quemadmodum
1524 1598 1782 1669 splendor
1829 1598 1965 1653 solis
2028 1613 2096 1653 ex
2135 1598 2283 1663 sole;
2328 1599 2409 1652 vel
2464 1599 2678 1655 ratione
2732 1600 3129 1671 generationis,
3186 1605 3342 1671 juxta
3377 1603 3509 1658 illud
3546 1621 3559 1658 :
3595 1601 3719 1671 Ego

424 1700 568 1753 exivi
594 1715 660 1753 ea;
697 1698 857 1753 Patre
882 1701 952 1755 θ’.
982 1699 1114 1753 Item
1150 1698 1295 1766 quod
1332 1697 1422 1750 hic
1449 1694 1683 1765 legimus
1712 1709 1724 1744 ε
1758 1691 1841 1746 Ea:
1873 1701 2021 1746 utero
2060 1702 2182 1747 ante
2215 1694 2493 1764 lttciferum
2516 1697 2673 1765 genui
2705 1706 2773 1760 te,
2802 1712 2907 1750 non
2939 1699 3085 1766 quod
3122 1697 3266 1752 Deus
3333 1707 3548 1753 uterum
3619 1700 3730 1752 ha-

432 1799 583 1862 beat,
622 1796 716 1853 sed
744 1799 870 1868 quia
906 1798 1020 1852 veri
1056 1806 1221 1865 atque
1277 1794 1501 1863 ingenui
1568 1791 1752 1855 liberi,
1823 1806 1890 1845 ex
1941 1800 2102 1845 utero
2136 1802 2422 1860 parentum
2464 1796 2618 1848 nasci
2672 1796 2872 1849 solent.
2909 1794 3019 1849 llac
3056 1795 3220 1866 igitur
3253 1795 3486 1859 ratione,
3528 1795 3633 1849 hoc
3667 1797 3729 1849 in

433 1890 554 1943 loco
588 1890 734 1944 Deus
767 1898 1013 1945 ventrem
1056 1889 1202 1943 sein
1259 1889 1615 1957 generatione
1648 1886 1773 1939 Filii
1811 1885 2017 1940 habere
2058 1884 2220 1951 dixit,
2274 1886 2340 1939 ad
2418 1888 2799 1944 confusionem
2879 1890 3171 1958 impiorum
3217 1905 3230 1941 :
3285 1898 3341 1942 ut
3392 1889 3447 1942 in
3501 1889 3713 1956 seipsis

435 1986 715 2057 propriam
750 1985 830 2042 illi
883 1985 1303 2040 considerantes
1363 1993 1639 2048 naturam,
1694 1984 1913 2039 discant
1945 1980 2169 2049 Filium,
2198 1999 2387 2038 verum
2438 1984 2682 2040 fructum
2714 2000 2837 2040 esse
2871 2000 2940 2038 ex
2996 1986 3179 2047 Patre,
3240 1983 3411 2038 veluti
3487 1983 3581 2051 qui
3650 1998 3723 2038 ex

435 2080 581 2134 illius
612 2085 807 2132 ventre
838 2075 1043 2130 dicitur
1080 2090 1203 2130 esse
1241 2074 1577 2144 generatus.)

505 2175 672 2230 Vens.
705 2174 759 2228 ὁ.
787 2171 1001 2225 Iuravit
1051 2171 1333 2226 Dominus.
1377 2169 1447 2224 Ut
1486 2170 1793 2241 indignatio
1828 2169 1880 2223 in
1918 2168 2027 2223 Deo
2059 2170 2105 2228 Β

438 2264 911 2335 perturbationem
950 2279 1057 2317 non
1087 2261 1387 2330 significat,
1439 2263 1533 2317 sed
1570 2269 1780 2315 motum
1832 2261 2034 2315 divinae

437 2358 727 2426 potestatis
774 2357 842 2409 ad
879 2355 1200 2420 vindictam,
1239 2354 1312 2407 ita
1360 2356 1732 2422 juramentum
1787 2354 1879 2407 Dei
1923 2368 2034 2407 non

441 2445 959 2513 humanosjurandi
1023 2446 1182 2507 ritus,
1227 2443 1324 2498 sed
1373 2443 1843 2498 confirmationem
1876 2454 2035 2514 atque

440 2535 900 2591 asseverationem
932 2536 1207 2601 significat
1240 2534 1442 2588 divina:
1475 2534 1782 2587 sententiae.

516 2624 584 2678 Et
613 2642 715 2680 non
744 2625 1016 2693 pwnitebit
1048 2641 1186 2677 eum.
1238 2622 1351 2677 lloc
1385 2631 1491 2683 est,
1530 2639 1638 2677 non
1674 2624 1909 2679 mutabit
1940 2627 2036 2679 tle-

442 2720 681 2779 cretum,
739 2711 1202 2782 quemadmodum
1269 2725 1649 2780 swpennmero
1702 2710 1844 2764 Deus
1905 2727 2038 2766 con-

445 2805 595 2860 sulto
628 2804 817 2858 multis
849 2803 902 2857 in
945 2804 1108 2858 rebus
1146 2803 1295 2856 facit.
1335 2802 1477 2868 Quid
1534 2813 1713 2857 autem
1742 2804 2035 2872 iuraverit.

446 2898 549 2950 hoc
573 2904 679 2957 est,
707 2896 839 2966 quid
868 2906 1253 2951 asscveranter
1280 2896 1614 2961 decreverit,
1655 2896 1779 2951 audi
1807 2913 1823 2950 :

520 2988 597 3042 Tu
648 3006 701 3044 es
760 2989 1011 3043 sacerdos
1051 2990 1103 3041 in
1135 2998 1411 3052 aztermtm,
1472 2989 1759 3042 secundum
1799 2990 2037 3044 ordinem

447 3080 849 3135 Melchisedech.
895 3079 1168 3133 Sacerdos
1209 3080 1429 3147 quidem
1486 3080 1656 3134 veluti
1708 3080 1798 3149 qui
1846 3085 2039 3153 mysti.

447 3188 573 3225 cum
611 3187 804 3238 panem
852 3180 908 3225 et
946 3172 1134 3235 vinum
1171 3169 1225 3222 in
1259 3169 1429 3223 Coma
1466 3172 1735 3238 apostolis
1784 3173 2038 3236 tradidit,

446 3260 905 3330 quemadmodum
968 3259 1373 3314 Melchisedech
1450 3260 1682 3315 Abrahae
1737 3269 1793 3316 et
1869 3262 2042 3317 sociis

446 3355 599 3408 dedit
631 3352 989 3409 redeuntibus
1019 3368 1049 3405 e
1083 3353 1244 3407 bello.
1279 3352 1567 3407 Eternum
1609 3361 1791 3408 autem
1825 3364 1907 3409 est
1936 3354 2040 3409 hoc

453 3446 850 3510 sacerdotium,
905 3446 1031 3512 quia
1067 3460 1165 3499 nec
1211 3445 1548 3515 principium
1590 3444 1828 3510 dierum,
1862 3462 2039 3516 neque

448 3540 577 3593 vitae
633 3538 795 3598 tinem
863 3538 1029 3592 habet
1080 3539 1349 3593 :ratione
1413 3538 1669 3593 nimirum
1729 3540 2037 3597 divinitatis

444 3631 682 3698 Christi,
719 3630 1184 3698 quemadmodum
1241 3645 1342 3685 nec
1374 3630 1542 3685 ullum
1579 3630 1839 3687 habuisse
1868 3633 2036 3702 prin-

448 3725 676 3792 cipiunt,
722 3732 817 3777 aut
876 3722 1038 3777 tinem
1100 3724 1278 3791 ipsum
1334 3722 1570 3793 legimus
1613 3722 2036 3781 Melchisedech.

448 3816 652 3870 Verum
712 3816 859 3871 hunc
900 3815 1299 3870 Melchisedech
1350 3816 1684 3885 principium
1726 3824 1819 3869 aut
1874 3816 2035 3871 finem

2209 2166 2433 2233 Ὄμοσε
2462 2164 2702 2231 Κύριος.
2736 2164 2947 2232 Ὥσπερ
2972 2163 2999 2215 ὁ
3024 2162 3193 2232 θυμὸς
3220 2163 3315 2216 ἐπὶ
3368 2161 3507 2214 Θεοῦ
3568 2161 3732 2228 λεγό·

2142 2274 2326 2326 μενος,
2359 2257 2419 2309 οὐ
2449 2255 2706 2326 σημαίνει
2778 2254 2973 2318 πάθος,
3025 2254 3165 2308 ἀλλά
3213 2255 3312 2325 τὴν
3382 2256 3601 2325 κίνησιν
3626 2258 3736 2318 τῆς

2139 2349 2520 2418 τιμωρητικῆς
2574 2347 2882 2414 δυνάμεως,
2960 2345 3105 2400 οὕτω
3133 2349 3228 2399 καὶ
3254 2348 3281 2399 ὁ
3317 2348 3483 2417 ὅρκος
3532 2347 3734 2410 αὑτοῦ,

2139 2442 2238 2510 τὴν
2272 2440 2567 2510 βεϐαίωσιν
2590 2440 2761 2509 δηλοῖ,
2788 2443 2882 2493 καὶ
2905 2440 2967 2494 οὐ
2989 2441 3081 2493 τὸν
3117 2443 3249 2511 παρ’
3283 2442 3419 2510 ἡμῖν
3441 2441 3735 2509 γινόμενον

2138 2533 2321 2601 ὅρκον.

2211 2624 2321 2678 Καὶ
2369 2626 2442 2679 οὐ
2502 2626 3088 2694 μεταμεληθήσεται.
3166 2628 3242 2678 Ou
3317 2624 3622 2694 μεταὸαὶξῖ
3675 2622 3737 2675 τὸ

2138 2717 2483 2788 δεδογμένον,
2513 2720 2615 2774 οὐκ
2643 2718 2952 2783 ἀλλοιώσει,
3000 2719 3255 2786 καθάπερ
3290 2720 3434 2769 ποιεῖ
3463 2717 3737 2777 πολλάκις

2140 2808 2228 2860 ἐπ’
2255 2808 2455 2872 ἄλλων,
2510 2808 2577 2863 δι’
2607 2811 2946 2880 οἰκονομίας.
3013 2812 3054 2862 Τ
3062 2812 3077 2861 ξ
3111 2810 3169 2862 δὲ
3214 2809 3423 2879 ὤμοσε,
3476 2807 3736 2861 τουτέστι

2142 2900 2376 2971 βεϐαίως
2409 2902 2753 2972 ἀπεφήνατο,
2794 2903 3053 2958 ἄκουσον.

2212 2994 2299 3049 Σὺ
2326 2989 2383 3049 εἷ
2420 2995 2609 3063 ἱερεὺς
2658 2998 2747 3061 εἰς
2806 2997 2913 3049 τὸν
2954 2996 3164 3063 αἰῶνα,
3208 2998 3358 3052 κατὰ
3402 2997 3520 3065 τὴν
3557 2997 3739 3061 τάξιν

2141 3086 2541 3155 Μελχισεδέκ.
2589 3088 2793 3157 Ίερεὺς
2826 3090 2945 3157 μὲν,
2979 3088 3055 3153 ὡς
3085 3089 3256 3159 ἄρτου
3307 3092 3402 3143 καὶ
3449 3090 3598 3142 οἴνου
3641 3107 3740 3160 με-

2140 3180 2335 3243 ταδοὺς
2381 3183 2496 3245 τοῖς
2540 3182 2888 3247 ἀποστόλοις,
2943 3183 3001 3235 ἐν
3058 3184 3138 3252 τῷ
3194 3182 3446 3253 μυστικῷ
3501 3184 3738 3258 δείπνῳ.

2141 3271 2455 3343 καθάπερὸ
2506 3274 2844 3344 Μελχισεδὲκ
2894 3278 3010 3338 τοῖς
3089 3278 3217 3348 περὶ
3294 3278 3570 3349 Ἀϐραὰμ,
3640 3283 3737 3334 Et:

2140 3363 2496 3433 ὑπέστρεψαν
2558 3366 2669 3418 ἀπὸ
2726 3367 2822 3419 τοῦ
2877 3369 3146 3437 πολέμου.
3190 3370 3281 3432 Εἰς
3340 3372 3514 3429 αἰῶνα
3542 3372 3625 3435 δὲ,
3659 3373 3738 3435 ὡς

2148 3454 2284 3521 μήτε
2324 3454 2503 3526 ἀρχὴν
2539 3458 2792 3528 ἡμερῶν,
2826 3461 2966 3529 μήτε
3008 3460 3154 3528 ζωῆς
3194 3463 3346 3525 τέλος
3371 3464 3534 3533 ἔχων,
3589 3465 3740 3516 κατὰ

2142 3544 2240 3614 τὴν
2264 3546 2525 3618 Θεὸτητα,
2558 3548 2749 3621 ὥσπερ
2788 3555 2815 3606 ὁ
2846 3553 3213 3623 Μελχισεδὲκ,
3275 3556 3416 3609 κατὰ
3449 3555 3547 3626 τὴν
3590 3557 3739 3608 ιστο-

2146 3637 2291 3706 ρίαν.
2334 3640 2495 3694 Ἀλλὰ
2521 3643 2861 3714 Μελχισεδὲκ
2900 3647 3021 3711 μὲν,
3046 3648 3145 3701 οὐκ
3179 3647 3290 3719 ἔχει
3328 3646 3522 3712 ταῦτα,
3553 3648 3646 3700 διὰ
3678 3648 3740 3700 τὸ

2147 3736 2657 3808 παρασιωπηοῆναι
2710 3742 2776 3808 τῇ
2828 3741 3043 3811 ἱστορίᾳ
3107 3742 3207 3811 τῆς
3258 3741 3525 3813 Γραφῆς·
3581 3744 3609 3794 ὁ
3681 3741 3738 3793 δὲ

2146 3823 2400 3892 Χριστὸς,
2430 3828 2519 3880 διὰ
2548 3830 2646 3899 τὴν
2677 3830 2960 3902 ἀλήθειαν.

449 3925 557 3964 non
623 3911 823 3966 habere
874 3911 1134 3975 dicimus,
1175 3911 1303 3980 quia
1366 3908 1595 3966 historia
1639 3908 1691 3962 id
1731 3909 1925 3963 tacuit.
2001 3912 2075 3967 At
2136 3914 2394 3974 Christus
2463 3920 2771 3980 divinitatis
2851 3941 2965 3981 sua:
3027 3927 3237 3981 nullum
3299 3942 3425 3983 vere
3486 3944 3737 3999 unquam

450 4003 778 4072 principium
810 4003 1021 4063 habuit.
1054 4017 1157 4056 nec
1185 4001 1346 4056 finem
1380 4002 1554 4055 ullum
1606 4000 1900 4055 habiturus
1928 4010 2037 4056 est.

521 4099 686 4157 Vens.
726 4100 778 4157 5.
838 4098 1092 4154 Dominus
1136 4116 1167 4151 a
1209 4097 1408 4153 dextris
1463 4098 1587 4151 tuis.
1646 4096 1928 4152 Auxilium
1983 4099 2034 4153 ei

451 4194 620 4248 veluti
675 4192 882 4247 homini
940 4192 1174 4246 laturus.
1214 4191 1349 4245 Nam
1390 4197 1445 4245 et
1497 4191 1550 4244 in
1590 4190 1806 4260 psalmo
1849 4206 1916 4244 xv
1969 4207 2033 4244 ex

451 4299 687 4354 persona
747 4284 958 4339 Christi
1019 4284 1285 4352 scriptum
1336 4283 1621 4349 legimus:

450 4376 737 4430 Dominum
780 4376 834 4431 in
861 4387 1141 4445 conspectu
1174 4391 1285 4429 meo
1312 4391 1536 4446 semper,
1566 4375 1818 4444 quoniam
1846 4392 1877 4428 a
1905 4375 2037 4430 demo

453 4472 549 4524 tris
581 4479 656 4524 est
686 4471 838 4536 mihi,
864 4487 926 4523 ne
949 4486 1298 4524 commoveor.

525 4560 795 4631 Confregit
830 4562 884 4615 in
920 4561 1005 4615 die
1057 4563 1151 4615 im
1204 4575 1314 4615 sua!
1347 4576 1511 4629 reges.
1574 4558 1648 4614 De
1707 4560 1795 4616 die
1845 4560 2038 4630 judicii

452 4668 638 4707 sermo
675 4662 783 4718 est,
831 4654 1055 4722 quando
1100 4653 1300 4723 impios
1358 4668 1513 4723 reges
1566 4662 1817 4707 conteret
1868 4654 2036 4718 Deus,

2204 4103 2419 4169 Κύριος
2444 4104 2513 4157 ἐκ
2540 4104 2758 4169 δεξιῶν
2777 4123 2913 4161 σου.
2946 4108 3166 4175 Βοηοῶν
3187 4109 3261 4172 ὡς
3292 4109 3585 4182 ἀνθρώπῳ,
3617 4113 3733 4167 Καὶ

2137 4195 2197 4246 ὲν
2228 4194 2306 4264 τῷ
2346 4195 2407 4248 ιε’
2434 4196 2633 4267 ψαλμῷ
2658 4198 2973 4269 γέγραπται
3006 4217 3021 4233 ο
3052 4202 3418 4270 Προωρὼμην
3458 4204 3566 4255 τὸν
3610 4207 3737 4258 Κύ-

1683 4281 2034 4336 Providebam

2142 4301 2269 4350 ριον
2294 4284 2550 4338 ἐνώπιόν
2574 4306 2693 4354 μου
2731 4290 2829 4344 διὰ
2860 4291 3109 4356 παντὸς,
3144 4290 3234 4344 ὅτι
3274 4292 3343 4345 ἐκ
3376 4292 3593 4357 δεξιῶν
3608 4313 3736 4362 μου

2140 4375 2334 4439 ἐστὶν,
2367 4378 2466 4433 ἵνα
2490 4377 2576 4447 μὴ
2605 4381 2906 4437 σαλευθῶ.

2209 4558 2599 4614 Συνέθλασεν
2630 4561 2701 4614 ἐν
2728 4560 2916 4630 ἡμέρᾳ
2939 4560 3123 4631 ὀργῆς
3170 4561 3361 4616 αὐτοῦ
3412 4562 3730 4629 βασιλεῖς.

2142 4652 2280 4723 Περὶ
2311 4652 2410 4721 τῆς
2463 4652 2679 4724 ἡμέρας
2705 4656 2804 4723 τῆς
2835 4654 3071 4724 κρίσεως
3113 4657 3141 4708 ὁ
3180 4656 3362 4723 λόγος,
3394 4657 3481 4709 ὅτι
3507 4656 3733 4725 συντρί-

453 4745 679 4796 statutis
712 4745 972 4799 nimirum
1010 4747 1077 4799 ab
1104 4760 1171 4798 eo
1208 4744 1407 4813 poenis.
1438 4744 1594 4811 Quod
1625 4744 1671 4800 si
1696 4759 1851 4815 reges
1885 4745 2037 4814 ipsos

2142 4744 2226 4814 ψει
2253 4744 2382 4807 τοὺς
2411 4745 2627 4807 ἀσεόεῖς
2660 4744 2925 4814 βασιλεῖς,
2974 4747 3034 4799 ὲν
3080 4750 3199 4809 ταῖς
3246 4748 3728 4815 ἁποτεταγμέναις

454 4833 796 4899 contriverit,
842 4836 1196 4904 perspicuum
1248 4847 1329 4891 est
1380 4836 1523 4904 quod
1583 4838 1759 4890 multo
1811 4835 2034 4890 facilius

2137 4838 2446 4892 κολάσεσιν.
2484 4837 2545 4891 Εἰ
2571 4836 2628 4890 δὲ
2655 4838 2784 4902 τοὺς
2810 4837 3072 4908 βασιλεῖς,
3116 4838 3276 4908 δῆλον
3312 4840 3406 4893 καὶ
3447 4841 3575 4903 τοὺς
3625 4838 3724 4892 ἄλ-

452 4936 680 4980 caeteros
720 4940 911 4983 omnes
942 4930 1154 4997 puniet,
1178 4929 1271 4996 qui
1304 4929 1568 4984 adversus
1602 4944 1729 4984 eum
1770 4928 2023 4998 delique-

2142 4936 2253 4997 λους
2287 4932 2518 4994 πάντας.

455 5017 589 5070 rint.

527 5254 574 5286 ’°
610 5251 755 5309 I‘sal.
802 5271 1025 5322 Lxxxrx,
1052 5256 1108 5311 2.
1182 5257 1225 5288 ⁹¹
1268 5257 1287 5332 i_
1319 5255 1444 5313 Cor.
1481 5273 1597 5323 vui,
1630 5258 1681 5312 ϐ.
1759 5258 1804 5289 ⁹¹
1852 5256 2012 5311 Joan.
2067 5267 2179 5319 xvi,
2208 5250 2299 5306 58.

1776 5373 1980 5436 Variae
2011 5370 2341 5433 lectiones.

461 5468 574 5544 γᾴρ
616 5468 766 5544 ἐστιν
795 5474 822 5526 ὁ
847 5475 962 5544 ,πρὸ
1007 5474 1316 5543 Ἑωσφόρου
1352 5472 1562 5544 καιρός)
1599 5474 1633 5544 ὁ,
1669 5469 2045 5544 Χριστὺςέτέέ

460 5540 588 5611 χ’)η.
622 5540 681 5611 ἰζ
730 5543 871 5595 κατὰ
900 5540 1819 5611 ’ΛουκᾶνίΕὺαγγέλίονδείκνυσι.
1900 5542 2040 5610 Φησὶ

462 5608 571 5674 γὰρ
592 5647 606 5669 ,
651 5608 732 5663 ὅτι
758 5612 862 5667 τῶν
882 5614 1155 5682 ποιμένων
1183 5608 1622 5686 ἀγραυλοῦντων,
1647 5632 1699 5668 κ.
1729 5630 1779 5669 τ.
1809 5613 1857 5669 λ.
1892 5608 2035 5667 nn.

462 5691 623 5736 τυτει.

2215 5469 2336 5543 (ἓϐλ
2361 5468 2541 5526 Locus
2576 5472 2763 5543 Basilii
2795 5472 2974 5543 Magni
3009 5472 3173 5543 quem
3206 5473 3370 5528 habet
3401 5470 3581 5543 versio
3608 5468 3710 5543 La-

2144 5541 2279 5604 tina,
2308 5542 2464 5595 deest
2517 5542 2682 5596 etiam
2720 5544 2771 5595 in
2822 5541 2963 5597 meis
3025 5541 3314 5597 codicibus
3376 5541 3707 5610 Mosqncnsi-

2150 5614 2271 5667 bus.
2308 5610 2381 5663 in.
2420 5642 2487 5651 -—
2523 5611 2656 5666 Cod.
2682 5611 3030 5681 Mosquensis
3069 5615 3102 5668 5
3148 5613 3298 5668 addit
3327 5629 3342 5666 :
3370 5609 3540 5665 Τοῦτο
3570 5612 3625 5663 δὲ
3648 5609 3706 5681 εδ

2152 5682 2314 5753 ῥητὸν
2340 5683 2646 5753 ἡρμήνευσε
2678 5678 2854 5753 σοφῶς
2879 5684 2986 5753 ἄρα
3013 5683 3103 5738 καὶ
3131 5684 3313 5752 σαφῶς
3330 5686 3357 5738 ὁ
3382 5684 3553 5754 μέγας
3573 5678 3707 5733 Παῦ-
