4102 6206
387 267 524 331 1080

1573 249 1962 313 COMMENT.
1994 249 2075 312 ΙΝ
2117 246 2473 307 PSMMOS.

3511 245 3655 310 1090

451 375 732 446 It'pire'iér
770 373 891 438 τοῖς
919 373 1142 425 ἔθνεσι.
1178 369 1371 438 Κρινεῖ
1398 366 1466 419 τὰ
1495 363 1622 432 ἔθνη
1649 380 1663 395 ο
1694 363 1726 433 ἦ
1783 363 1988 460 κρινεῖ.

2131 357 2298 414 Vens.
2339 356 2392 411 6.
2441 353 2710 408 Judicabit
2759 355 2811 406 in
2862 354 3184 411 nationibus.
3225 354 3336 412 Hoc
3374 367 3456 412 est
3491 360 3646 428 judi—

380 477 438 527 ἒν
469 475 581 532 τοῖς
616 470 815 532 ἔθνεσι,
838 467 963 528 τοὺς
995 464 1178 529 ἀξίους
1208 462 1463 531 κρίσεως.

453 652 764 720 Πληρὼσει
789 645 1086 715 πτώματα.
1124 642 1396 713 Πληθυνεῖ
1445 640 1704 698 πτώσεις,
1733 635 1961 696 πολλοὺς

385 743 734 808 καταϐαλὼν,
762 743 878 793 ὅσοι
909 736 1096 799 κακῶς
1125 736 1362 788 ἵσταντο.

459 918 794 976 Συνθ.1άσει
817 914 1078 984 κεφαλὰς
1112 911 1206 965 ἐπὶ
1236 907 1349 978 γῆς
1373 905 1639 961 πολλῶν.
1681 934 1751 945 -—
1781 907 1965 971 ngaa-

385 1016 502 1079 ,λὰς
535 1009 801 1075 πολλῶν,
865 1005 1108 1060 τουτέστι
1138 1001 1386 1064 πολλούς.
1435 1000 1502 1052 Ὃ
1541 998 1646 1067 γὰρ
1698 991 1852 1049 εἶπεν
1902 995 1967 1046 ἀ·

389 1104 613 1168 νωτέρω
648 1100 773 1167 περὶ
812 1096 918 1149 τῶν
952 1094 1246 1164 βασιλέων,
1289 1090 1474 1153 ἰδικῶς
1509 1090 1669 1142 τοῦτο
1698 1087 1847 1155 λέγει
1872 1083 1968 1138 νῦν

392 1193 827 1260 καθολικώτερον
875 1188 1131 1255 καὶπερὶ
1171 1185 1278 1239 τῶν
1326 1183 1522 1237 ἄλλων.
1576 1181 1652 1234 Οὐ
1697 1179 1856 1251 μόνον
1914 1177 1970 1228 δὲ

393 1283 570 1335 ταῦτα
593 1281 845 1332 νοοῦνται
892 1276 1147 1346 περὶτῆς
1181 1272 1482 1343 μελλούσης
1527 1270 1787 1340 κρίσεως,
1833 1266 1971 1321 ἀλλὰ

394 1377 487 1428 καὶ
513 1373 686 1435 ἄλλως
716 1371 1026 1425 διδάσκουσι
1067 1369 1164 1438 τὴν
1199 1367 1572 1420 ἀνυπόστατον
1609 1363 1762 1432 ἰσχὺν
1787 1357 1971 1421 αὑτοῦ,

393 1471 476 1520 ὃτι
506 1468 594 1520 ὅτε
624 1464 876 1536 ὀργισθῇ,
914 1459 1207 1516 συνθλάσει
1254 1458 1516 1530 βασιλεῖς,
1568 1455 1664 1509 καὶ
1724 1451 1774 1505 τ’
1839 1449 1975 1505 ἄλλα

396 1561 639 1630 ποιήσει.

477 1675 574 1726 Ἐκ
607 1671 1018 1742 χειμάρῤουέν
1071 1668 1189 1733 ὁδῷ
1232 1669 1447 1721 πίεται.
1495 1661 1762 1717 Ἐνταῦθα
1821 1657 1977 1711 εὐτέ-

2061 451 2208 505 cabit
2257 451 2530 513 nationes,
2590 447 2674 502 vel
2725 462 2822 502 eos
2884 449 2975 516 qui
3034 450 3086 501 in
3143 449 3460 506 nationibus
3498 454 3648 522 digni

2064 543 2291 605 fuerint,
2325 552 2378 595 ut
2401 541 2742 610 iudicentur.

2135 634 2376 702 Implebit
2409 634 2617 686 ruinas.
2657 632 3045 701 Multiplicabit
3093 634 3304 700 ruinas,
3329 637 3528 690 multos
3554 638 3652 692 de-

2067 738 2309 792 struens,
2338 733 2610 795 quotquot
2642 724 2856 779 scilicet
2887 739 3051 793 prave
3093 724 3148 778 in
3186 741 3309 779 eum
3343 727 3656 786 insurrexe-

2070 820 2195 873 tittl.

2141 909 2446 978 Confringet
2491 909 2668 978 capita
2719 908 2774 962 in
2823 917 2964 962 terra
3013 908 3322 963 multorum.
3351 939 3424 952 —
3464 912 3653 982 capita

2071 1003 2382 1068 mullorum,
2439 1001 2543 1056 hoc
2595 1010 2702 1066 est,
2753 1001 2975 1056 multos.
3039 999 3172 1056 Nam
3210 1005 3354 1071 quod
3393 1007 3654 1075 superius

2073 1093 2392 1164 singillatim
2427 1092 2566 1146 dixit
2600 1091 2667 1147 de
2693 1093 2938 1162 regibus,
2974 1095 3199 1149 nuncin
3245 1097 3556 1152 universum
3589 1101 3656 1154 de

2073 1185 2200 1238 aliis
2255 1183 2409 1240 dicit.
2473 1184 2797 1253 Quanquam
2839 1185 2924 1240 his
2980 1186 3207 1253 verbis,
3275 1203 3384 1242 non
3446 1198 3652 1244 tantum

2074 1276 2422 1330 contineatur
2447 1277 2737 1345 prophetia
2766 1275 2934 1330 futuri
2957 1277 3176 1345 judicii,
3210 1279 3306 1334 sed
3336 1279 3465 1333 illud
3492 1283 3657 1335 etiam

2075 1371 2393 1430 doceamur,
2422 1367 2800 1422 intolerandas
2833 1369 3131 1426 admodum
3174 1373 3334 1426 nobis
3365 1388 3490 1428 esse
3517 1376 3665 1428 vires

2082 1460 2321 1529 Dci,.qui
2369 1460 2588 1530 quoties
2622 1460 2795 1514 iratus
2835 1460 3023 1526 fuerit,
3059 1465 3370 1535 confringet
3406 1482 3577 1536 rcges,
3607 1477 3661 1521 et

2078 1553 2184 1606 alia
2219 1551 2402 1618 faciet,
2433 1568 2556 1623 quae
2587 1555 2844 1622 superius
2875 1555 3017 1610 dicta
3051 1565 3201 1612 sunt.

2147 1664 2316 1720 Vens.
2357 1665 2408 1721 'l.
2455 1665 2533 1720 De
2563 1675 2793 1722 torrente
2844 1667 2898 1721 in
2929 1668 3014 1720 via
3059 1666 3218 1722 bibet.
3281 1669 3392 1725 Hoc
3426 1671 3479 1724 in
3518 1653 3665 1733 luco,

397 1767 546 1819 λειαν
577 1737 940 1836 προαγορεύει
976 1762 1074 1829 τῆς
1127 1759 1335 1827 διαίτης
1361 1755 1547 1820 αὑτοῦ,
1573 1756 1656 1808 ὅτι
1684 1752 1829 1805 λιτὸν
1863 1749 1977 1818 βίον

2091 1757 2208 1812 vita:
2243 1771 2308 1811 ac
2374 1757 2811 1813 conversationis
2861 1758 3064 1814 Christi
3111 1760 3433 1815 tenuitatem
3463 1764 3663 1831 praedi-

413 1857 636 1927 μετιὼν,
696 1857 760 1908 ὲκ
799 1855 1099 1926 χειμάρρου
1142 1853 1350 1913 πίεται,
1378 1847 1472 1900 τοῦ
1507 1847 1564 1897 ὲν
1579 1844 1683 1908 ὁδῷ
1709 1843 1926 1914 ῥέοντος
1957 1853 1972 1869 ·

406 1949 440 2018 ἢ
470 1950 527 1998 ἐν
551 1947 658 2014 ὁδῷ
690 1945 889 1998 ὁδεύων
919 1945 1125 1998 πίεται.
1161 1938 1546 2009 Ἀναγωγικῶς
1566 1935 1620 1988 δὲ
1639 1934 1976 2006 χειμάρρουν

404 2041 503 2109 μὲν
523 2041 756 2109 νοήσεις,
775 2039 866 2092 τὸν
887 2038 1131 2108 χειμῶνα
1153 2038 1247 2088 καὶ
1261 2033 1358 2104 τὴν
1378 2032 1661 2102 σύρροιαν,
1684 2028 1777 2079 καὶ
1800 2025 1980 2092 πλημ-

404 2130 583 2198 μύραν
622 2129 728 2182 τῶν
765 2128 1120 2200 πειρασμῶν·
1155 2125 1271 2178 ὁδὸν
1307 2125 1385 2188 δὲ,
1422 2123 1514 2175 τὸν
1545 2115 1834 2188 παροδικδν
1856 2113 1980 2167 τοῦ-

401 2237 492 2272 τον
539 2220 674 2290 βίον,
716 2222 878 2274 πόσιν
898 2220 956 2273 δὲ
986 2221 1083 2290 τὴν
1117 2217 1354 2290 μέθεξιν,
1386 2218 1470 2270 ὅτι
1509 2211 1964 2282 πειρασθήσετιι.

405 2319 630 2379 potum,
684 2313 1157 2382 participationem
1212 2324 1227 2366 :

407 2400 521 2455 'um
561 2415 681 2458 erat
713 2403 935 2460 futurus
966 2400 1264 2471 particeps.

476 2533 579 2580 Διὰ
609 2524 785 2578 τοῦτο
837 2522 1070 2591 ὑψώσει
1105 2520 1401 2590 κεφαλήν.
1431 2517 1530 2570 Διὰ
1561 2516 1660 2585 τὴν
1708 2512 1984 2566 εὐτέλειαν

405 2620 498 2672 καὶ
525 2617 874 2679 ταπείνωσιν,
910 2615 1277 2684 ὑψωθήσεται.
1310 2612 1419 2664 Καὶ
1453 2608 1850 2676 δοξασθήσεται
1903 2607 1984 2666 εἰς

404 2710 668 2778 οὐρανοὺς
700 2706 959 2769 ἀνελθὼν,
998 2706 1094 2760 καὶ
1129 2705 1361 2766 καθίσας
1405 2704 1462 2754 ὲν
1502 2699 1649 2770 δεξιᾷ
1692 2697 1788 2751 τοῦ
1823 2695 1981 2749 Θεοῦ.

407 2801 482 2854 Οὐ
525 2801 684 2870 μόνον
713 2800 819 2868 γὰρ
848 2798 1004 2850 οὐδὲν
1031 2797 1194 2850 αὐτὸν
1222 2794 1398 2848 ταῦτα
1432 2789 1802 2862 παρέὸλαψεν,
1849 2786 1984 2842 ἀλλὰ

408 2894 502 2948 καὶ
528 2895 606 2956 είς
643 2893 774 2961 ὕψος
803 2894 1008 2960 ἄφατον
1037 2891 1336 2959 ἀνήγαγεν.

1030 3111 1404 3178 Lundonia.

996 3246 1286 3302 ΨΑΛΜΟΣ
1323 3242 1424 3298 Pl'.

485 3389 916 3462 Εὐχαριπτήριος
940 3387 1034 3441 καὶ
1064 3378 1216 3447 οὗτος
1241 3385 1269 3437 b
1295 3382 1528 3452 ψαλμός.

484 3478 1033 3552 Ἐξομολοτήσομαι
1083 3493 1204 3539 σοι,
1275 3476 1470 3542 Κύριε,
1518 3473 1588 3527 ἐν
1629 3473 1746 3540 ὅλῃ
1779 3469 1991 3539 καρδίᾳ

410 3593 552 3646 μου.
580 3571 976 3643 Εὑχαριστήσω
1005 3584 1110 3628 σοι,
1145 3568 1204 3619 οὑ
1230 3565 1394 3636 μόνον
1419 3565 1480 3618 ὲν
1546 3564 1812 3634 ῥήμασιν,
1881 3561 1990 3615 οὐδ’

417 3663 602 3729 ἁπλῶς
632 3667 690 3717 ὲν
713 3661 934 3732 γλώσσῃ
972 3659 1067 3712 καὶ
1110 3656 1364 3725 στόματι,
1401 3654 1519 3710 ἀλλ’
1563 3655 1624 3708 ὲν
1659 3653 1755 3724 ὅλῃ
1792 3651 1992 3723 καρδίᾳ

422 3775 550 3828 μου,
577 3757 636 3809 ὲν
668 3751 1078 3823 συντεταγμένῃ
1125 3749 1294 3819 ψυχῇ,
1358 3750 1416 3800 ὲν
1475 3746 1819 3816 προσεχούσῃ
1874 3745 1993 3798 δια·

418 3849 573 3919 νοίᾳ,
607 3848 791 3916 πάσης
841 3844 1102 3915 βιωτικῆς
1153 3837 1431 3909 φροντίδος
1482 3833 1838 3902 ἀπαλλαγεὶς,
1902 3835 1996 3888 καὶ

423 3941 714 4012 μετάρσιος
730 3937 839 4015 κήδη
869 3935 1008 4008 πρὸς
1041 3936 1100 3988 σὲ
1130 3933 1442 4002 γενόμενος.
1479 3929 1878 4000 Εὐχαριστήσω
1913 3926 1992 3992 δὲ,

421 4034 521 4086 ὑπέ
531 4050 563 4102 ρ
584 4048 642 4085 τε
675 4031 786 4083 τῶν
815 4030 893 4091 είς
921 4027 1022 4096 ἐμὲ
1048 4023 1350 4095 γινομένων
1377 4020 1707 4092 εὐεργεσιῶν
1742 4021 1850 4083 ἀεὶ,
1903 4019 1996 4070 καὶ

425 4125 560 4193 ὑπὲρ
589 4123 696 4175 τῶν
731 4122 809 4184 είς
832 4119 957 4182 τοὺς
990 4117 1184 4180 ἄλλους
1229 4113 1576 4184 ἀνθρώπους.
1623 4111 1795 4164 Τοῦτο
1836 4109 1996 4162 θυσία

423 4215 748 4283 πρόχειροςο
821 4208 979 4262 τοῦτο
1044 4207 1370 4275 εύπόριστος
1440 4201 1730 4274 προσφορά
1762 4213 1776 4227 ·
1841 4197 1998 4251 τοῦτο

423 4307 719 4373 ἀναγκαῖον
759 4303 942 4373 ἔργον,
975 4300 1069 4354 καὶ
1092 4297 1357 4367 διηνεκῶς
1402 4293 1824 4363 ἀπαιτούμενον.

509 4399 614 4451 Ἐν
628 4394 833 4463 βουλῇ
857 4391 1102 4456 εὐθέων,
1129 4389 1229 4445 καί
1261 4385 1607 4459 συναγωγῇ,
1635 4385 1869 4455 μεγάλα
1925 4382 1998 4436 τὰ

425 4493 567 4560 ἔργα
591 4487 696 4543 τοῦ
743 4487 989 4555 Κυρίου.
1049 4485 1138 4538 Ἐν
1185 4482 1348 4554 βουλῇ
1393 4481 1488 4534 καὶ
1540 4479 1832 4547 συναγωγῇ
1888 4475 2000 4530 τῶν

425 4583 562 4652 ὀρθὰ
585 4580 948 4651 φρονούντων,
988 4577 1201 4648 μεγάλα
1233 4575 1302 4630 τὰ
1340 4574 1479 4646 ἔργα
1518 4573 1748 4644 Κυρίου,
1801 4571 2001 4636 πάντα,

426 4676 529 4729 ὅσα
587 4689 648 4726 τε
706 4672 1135 4742 θαυματουργῶν
1185 4666 1499 4738 ἐργάζεται,
1545 4667 1641 4720 καὶ
1686 4665 1881 4730 πάλαι,
1912 4664 2008 4718 καὶ

425 4766 546 4830 νῦν,
587 4767 680 4818 καὶ
704 4764 1002 4833 μετέπειτα
1035 4779 1049 4791 '
1089 4762 1182 4813 καὶ
1215 4761 1314 4813 ὅσα
1348 4759 1616 4830 παράγων
1671 4757 1763 4811 τὸν
1796 4757 2004 4825 κόσμον

427 4858 665 4910 ἔκτισεν.
708 4855 828 4907 Ἐπὶ
857 4851 1152 4922 θαυμάτων
1196 4851 1304 4920 γὰρ
1350 4850 1444 4902 καὶ¹
1489 4847 1824 4918 κτισμάτων,
1887 4845 2004 4898 δια-

429 4948 766 5018 λαμϐάνεται
803 4947 863 4998 τὸ
892 4953 1055 5016 ρητον
1080 4959 1100 4978 ο
1125 4942 1464 5014 βουλομένων
1489 4941 1596 5010 γὰρ
1651 4941 1746 4994 καὶ
1778 4953 2005 5005 συναγο-

435 5043 613 5110 μένων
643 5039 751 5092 τῶν
797 5039 1128 5108 εἰρημένων,
1159 5035 1336 5089 εῐτουν
1367 5033 1843 5100 διασκεπτομένων
1873 5030 2006 5100 περὶ

430 5133 538 5184 τῶν
562 5131 820 5184 τοιούτων
851 5129 1049 5201 ἔργων,
1086 5126 1237 5182 οὐδὲν
1266 5128 1469 5180 τούτων
1501 5125 1750 5193 φαίνεται
1785 5124 2002 5194 μικρὸν,

431 5225 542 5277 οὐδ’
591 5222 810 5289 ἀνάξιον
855 5223 950 5275 τοῦ
1012 5223 1338 5291 ποιήσαντος
1365 5234 1377 5248 °
1427 5219 1607 5272 πάντα
1657 5216 1716 5270 δὲ
1763 5215 2000 5286 μεγάλα,

435 5321 532 5373 καὶ
559 5318 719 5386 λόγου
765 5317 908 5383 τινὸς
936 5317 1192 5388 ἐχόμενα,
1220 5314 1324 5370 κᾶν
1357 5312 1439 5385 μὴ
1461 5315 1571 5375 τοῖς
1599 5310 1780 5374 ἄλλοις
1809 5310 2006 5364 πολλά-

2075 1849 2150 1903 cit
2182 1865 2196 1902 :
2227 1848 2370 1916 quod
2409 1848 2622 1903 scilicet
2674 1856 2894 1904 tenuem
2929 1851 3095 1904 vitam
3139 1865 3460 1922 aggressus,
3515 1852 3664 1907 bibet

2078 1939 2146 1995 de
2180 1949 2423 1995 torrente
2454 1938 2656 1994 ﬂuente
2685 1941 2736 1993 in
2777 1941 2902 2005 via;
2935 1942 3019 1996 vel
3069 1940 3219 1997 bibet
3272 1943 3562 1997 ambulans
3608 1945 3668 1997 in

2079 2033 2188 2085 via.
2213 2029 2376 2085 Juxta
2398 2045 2678 2100 anagogen
2707 2047 2855 2098 vero,
2875 2048 2972 2102 per
3003 2043 3322 2100 torrentem,
3349 2034 3662 2090 redundan-

2082 2120 2154 2174 tia
2211 2122 2453 2192 intellige
2485 2122 2853 2178 tentationum
2898 2139 2961 2178 ac
2999 2125 3376 2180 calamitatum
3434 2127 3661 2190 ﬂuenta,

2081 2226 2178 2280 per
2210 2211 2352 2264 viam
2387 2227 2544 2276 vero,
2597 2214 2987 2280 temporariam
3048 2217 3189 2270 hanc
3236 2218 3428 2282 vitam,
3462 2228 3515 2271 et
3571 2236 3668 2286 per

1284 2316 1343 2362 ut
1408 2306 1482 2360 sit
1535 2317 1773 2366 sensus,
1831 2300 1977 2370 quod
2019 2299 2272 2356 Christus
2303 2302 2358 2356 in
2391 2303 2646 2372 praesenti
2679 2305 2790 2356 vita
2843 2305 3202 2360 tentationum
3271 2321 3336 2361 ac
3383 2309 3672 2363 calamita-

2152 2513 2438 2580 Propterea
2478 2512 2738 2565 exaltabit
2789 2522 2966 2581 caput.
3021 2512 3253 2583 Propter
3305 2516 3664 2572 humilitatem

2081 2621 2144 2660 ac
2173 2606 2494 2661 tenuitatem
2529 2607 2651 2661 vitae
2679 2622 2813 2668 suae,
2847 2607 3050 2676 inquit,
3083 2609 3436 2672 exaltabitur.
3479 2621 3532 2666 et
3575 2627 3667 2666 as-

2081 2696 2322 2750 cendens
2385 2697 2438 2749 in
2478 2697 2699 2761 coelum,
2749 2698 3147 2767 gloriﬁcabitur
3199 2718 3212 2754 :
3264 2703 3583 2771 sedebitque
3636 2718 3670 2755 a~

2082 2787 2291 2842 dextris
2321 2787 2437 2841 Dei.
2487 2789 2622 2853 Quia
2669 2791 2782 2842 htec
2828 2805 2937 2844 non
2972 2792 3136 2845 modo
3165 2807 3289 2846 eum
3328 2795 3460 2847 nihil
3511 2796 3667 2850 laese-

2093 2887 2242 2942 runt,
2278 2878 2372 2933 sed
2407 2878 2462 2932 in
2515 2879 2842 2934 incﬂabilem
2883 2896 3005 2936 eum
3037 2883 3431 2938 sublimitatem
3477 2900 3671 2940 erexe-

2091 2980 2240 3024 runt.

2754 3108 3005 3166 Alleluia.

2653 3244 2971 3303 PSALMUS
3011 3244 3121 3302 CX.

2237 3380 2336 3434 llic
2367 3382 2616 3450 psalmus
2647 3382 2951 3452 gratiarum
2980 3384 3228 3440 actiones
3263 3387 3522 3442 continet.

2164 3475 2330 3529 Vens.
2360 3475 2412 3539 l,
2443 3476 2498 3528 2.
2530 3474 2832 3542 Conﬁtebor
2863 3476 2978 3540 tibi,
3011 3476 3250 3544 Domine,
3296 3484 3348 3534 in
3383 3491 3491 3536 toto
3523 3487 3676 3539 corde

2094 3583 2234 3621 meo.
2266 3567 2481 3620 Gratias
2517 3582 2672 3637 agam
2711 3568 2806 3622 tibi
2862 3585 2966 3622 non
3007 3571 3190 3625 verbis
3223 3581 3456 3637 tantum,
3497 3592 3680 3646 neque

2095 3673 2189 3712 ore
2211 3657 2555 3725 simpliciter,
2585 3664 2679 3711 aut
2711 3658 2917 3728 lingua,
2947 3660 3042 3714 sed
3089 3662 3141 3715 in
3177 3671 3290 3718 toto
3331 3666 3496 3722 corde
3531 3683 3674 3735 meo,

2096 3749 2278 3802 anima
2325 3749 2585 3816 contrita,
2652 3751 2903 3805 oratione
2961 3753 3206 3819 assidua,
3259 3774 3323 3812 ac
3376 3769 3555 3815 mente
3607 3764 3676 3818 ab

2095 3841 2243 3895 onmi
2282 3841 2557 3895 mundana
2595 3856 2731 3896 cura
2778 3843 2892 3912 jam
2917 3845 3116 3911 libera,
3156 3851 3404 3919 atquein
3442 3861 3492 3908 te
3528 3861 3677 3911 totus

2097 3921 2366 4000 aspirans.
2394 3933 2612 3989 Gratias
2634 3950 2766 3990 vero
2803 3936 3120 4008 hujusmodi
3173 3957 3349 4010 agam,
3385 3957 3482 4012 pro
3513 3946 3682 4003 benc-

2099 4024 2258 4087 l‘triis,
2293 4039 2414 4091 qua:
2467 4034 2580 4080 tum
2637 4028 2690 4081 in
2744 4042 2850 4092 me,
2899 4040 3009 4084 tum
3061 4030 3113 4084 in
3148 4034 3284 4086 alios
3335 4036 3677 4105 amplissime

2097 4117 2401 4172 contulisti.
2445 4117 2555 4173 lloc
2609 4119 2754 4173 enim
2817 4123 3288 4191 promptissimum
3323 4137 3409 4182 est
3469 4131 3682 4185 sacriﬁ-

2099 4210 2267 4271 cium,
2319 4216 2371 4263 et
2433 4210 2612 4265 facilis
2659 4211 2900 4278 oblatio;
2958 4213 3062 4268 hoc
3115 4218 3489 4273 necessarium
3541 4236 3684 4291 Opus?

2098 4313 2200 4363 est.
2235 4301 2380 4371 quod
2410 4303 2632 4358 assidue
2665 4317 2696 4357 a
2724 4304 2882 4359 nobis
2911 4305 3080 4375 exigit
3117 4303 3279 4362 Deus.

2173 4391 2240 4446 In
2287 4392 2508 4447 consilio
2566 4402 2832 4448 rectorum
2883 4406 2934 4450 et
2996 4398 3432 4468 congregatione,
3489 4418 3680 4473 magna

2104 4502 2258 4555 opera
2296 4486 2529 4540 Domini.
2557 4485 2748 4540 Omnia
2780 4502 2943 4555 opera
2979 4486 3194 4542 Domini
3245 4505 3436 4562 magna
3465 4506 3591 4550 sunt
3623 4499 3683 4551 in

2110 4579 2366 4640 consilio,
2415 4588 2468 4632 et
2518 4580 2944 4650 congregatione
2985 4595 3172 4633 eorum
3216 4581 3306 4650 qui
3359 4593 3506 4640 recte
3554 4603 3680 4642 scn-

2111 4672 2269 4726 tiunt.
2298 4671 2648 4740 Quaecunque
2675 4672 2818 4726 enim
2847 4679 2941 4726 aut
2972 4673 3128 4728 initio
3165 4673 3363 4739 elTecit,
3399 4684 3494 4730 aut
3534 4693 3684 4735 nunc

2110 4765 2258 4829 facit,
2287 4773 2380 4819 aut
2421 4772 2685 4833 perpetuo
2713 4765 2766 4818 in
2799 4765 3042 4818 futurum
3088 4767 3302 4836 elﬁciet,
3340 4785 3552 4824 summa
3586 4773 3685 4824 ad-

2112 4855 2402 4910 miratione
2451 4855 2614 4924 digna
2671 4865 2821 4909 sunt.
2863 4855 3186 4913 Admirabili
3237 4860 3381 4915 enim
3412 4863 3685 4930 sapienta

2113 4948 2372 5001 mundum
2427 4948 2653 5009 creavit,
2717 4955 2771 5001 ct
2831 4957 3072 5003 creatum
3139 4951 3295 5022 regit.
3357 4951 3691 5022 intelligitur

2113 5054 2243 5094 vero
2270 5042 2544 5109 praecipuc
2571 5039 2674 5094 hoc
2711 5039 2943 5106 dictum,
2983 5041 3051 5095 de
3092 5042 3336 5096 miriﬁcis
3372 5041 3465 5097 Dei
3493 5045 3678 5111 operi-

2114 5133 2238 5198 bus,
2264 5146 2383 5201 quae
2417 5133 2470 5186 in
2521 5133 2776 5187 universa
2811 5142 3060 5188 creatura
3093 5133 3300 5204 liquido
3329 5135 3682 5202 conspiciun-

2115 5233 2203 5278 tur
2247 5239 2260 5276 :
2292 5238 2413 5294 qua:
2450 5222 2670 5292 quoties
2700 5223 2855 5292 probi
2885 5237 3038 5292 aeque
3060 5237 3122 5276 ac
3150 5223 3223 5292 pii
3269 5221 3540 5287 homines,
3574 5238 3683 5277 una

2112 5319 2322 5385 pariter
2346 5315 2684 5386 congregati,
2709 5315 3168 5384 contemplantur,
3194 5311 3332 5369 nihil
3359 5313 3413 5367 in
3444 5313 3525 5370 eis
3553 5327 3685 5384 per-

1789 5523 1985 5584 Varim
2015 5519 2345 5582 lectiones.

442 5719 532 5768 Ito;
564 5706 622 5757 ἐν
653 5705 720 5773 τῇ
747 5701 884 5772 πρὸς
920 5701 1207 5772 Ἐϐραίους
1235 5701 1542 5768 Ἐπιστολῇ,
1570 5697 1700 5751 ἔνθα
1726 5696 1820 5750 καὶ
1851 5694 2017 5759 ἄλλας
2051 5695 2304 5765 εὑρήσεις
2333 5698 2675 5762 ὁμοιότητας.
2709 5694 2992 5748 Murum.
