4076 6204
472 289 602 357 1091

1688 278 2009 340 EUTIIYM
2023 280 2043 337 l
2052 280 2078 339 Ι
2113 275 2472 338 ZIGABENI

3585 267 3607 330 1
3620 269 3731 333 092

469 420 653 478 peram
690 402 913 465 factum,
951 398 1085 453 nihil
1113 396 1292 450 minus
1323 406 1529 465 aptum,
1564 404 1657 446 aut
1706 408 1806 446 suo
1838 391 2046 461 Opiﬁce

2154 407 2230 451 κις
2263 387 2488 440 τοιαῦτα
2516 386 2681 450 δοκεῖ,
2718 383 2804 439 διὰ
2844 385 2903 437 τὸ
2945 385 3323 454 ἐστραμμένον
3367 384 3469 455 τῆς
3516 390 3728 456 φρονή-

469 501 749 568 indignum
783 494 1090 548 inveniunt.
1130 489 1332 542 Omnia
1364 487 1509 542 enim
1546 484 1878 539 adamussiin
1910 498 2040 551 pro-

2146 498 2281 544 σεως
2311 482 2510 535 αὐτῶν.

464 611 645 653 creata
673 604 820 658 sunt,
851 602 905 647 et
929 606 1024 646 sua
1081 590 1295 648 ratione
1344 586 1679 654 consistunt,
1752 584 1975 642 tametsi
2043 588 2421 654 sapenuinero
2470 582 2677 647 multis,
2730 581 2800 635 ob
2855 580 3178 650 depravatas
3227 594 3419 634 eorum
3488 591 3731 658 mentes,

465 705 627 745 secus
652 690 827 743 visum
860 683 1044 739 fuerit.

538 784 818 855 Exquisita
868 784 920 836 in
986 797 1165 835 omnes
1221 781 1514 833 voluntates
1562 778 1699 848 ejus.
1746 775 1861 830 Hoc
1913 783 2032 840 est,

464 886 655 932 exacte
682 890 745 928 ac
770 873 1065 942 diligenter
1096 870 1266 935 facta,
1315 880 1371 924 et
1405 868 1866 939 quemadmodum
1897 865 2039 922 alius

464 971 738 1037 interpres
778 962 1188 1035 signiﬁcantius
1236 960 1515 1025 reddidit,
1556 959 1816 1030 prmdicta
1872 972 2041 1028 opera

466 1060 712 1130 perfecta
739 1066 895 1121 sunt,
939 1063 994 1111 et
1035 1053 1450 1109 accommodata
1488 1051 1557 1106 ad
1588 1066 1780 1106 omnes
1811 1049 1905 1105 Dei
1949 1066 2045 1105 vo-

464 1156 725 1208 luntates.
780 1150 1088 1219 Ilisponunt
1143 1147 1347 1201 etenim
1398 1145 1600 1213 probos
1656 1158 1721 1198 ac
1770 1142 2048 1213 sapientes

468 1246 640 1306 viros,
678 1242 742 1296 ad
792 1239 1124 1310 implendam
1175 1238 1296 1305 ejus
1332 1236 1695 1291 voluntatem.
1746 1232 1881 1286 Nam
1926 1233 2050 1303 quis

464 1346 572 1398 est,
605 1336 696 1405 qui
749 1334 955 1396 videat,
1013 1338 1109 1386 aut
1160 1330 1349 1385 audiat
1404 1326 1724 1394 huiusmodi
1773 1340 1959 1394 opera,
1997 1334 2051 1379 et

466 1447 575 1485 non
606 1430 877 1483 excitetur
913 1426 980 1479 ad
1016 1423 1342 1481 sectandum
1378 1421 1746 1490 quodcunque
1792 1418 1901 1472 Deo
1929 1432 2052 1485 gra-

464 1530 580 1575 tum
614 1534 737 1575 esse
764 1515 1118 1587 indicaverit,
1174 1512 1485 1579 intelligens
1514 1524 1579 1563 ex
1605 1508 1690 1562 his
1722 1508 1890 1562 Deum
1926 1521 2053 1562 vere

464 1628 611 1677 esse,
640 1619 693 1665 et
725 1625 850 1662 vere
883 1604 1293 1660 misericordem
1320 1604 1487 1658 esse?
1515 1600 1837 1656 Voluntates
1866 1608 2049 1655 autem

466 1703 561 1758 Dei
592 1712 723 1758 sunt
748 1701 869 1769 ejus
904 1698 1185 1753 mandata.

2224 770 2648 839 Ἐξεζητημένα
2687 771 2775 835 εἷς
2810 769 3006 822 πάντα
3036 773 3107 821 τὰ
3148 769 3453 837 θελήματα
3507 767 3723 822 αὑτοῦ.

2143 860 2656 931 Ἐξηκριϐωμένως,
2676 858 2857 922 καθὼς
2879 859 2964 911 ἐτε
2974 876 3063 929 ρος
3082 859 3421 929 ἑρμηνευτὴς
3441 858 3734 922 ἐξέδωκεν,

2143 954 2527 1025 ἀπηρτισμένα
2580 952 2648 1005 τὰ
2703 950 2939 1021 ρηθέντα
2986 951 3146 1020 ἔργα,
3206 952 3487 1003 τουτέστιν
3527 952 3732 1019 ἐπιτή-

2143 1046 2263 1100 δεια
2285 1046 2363 1108 είς
2393 1045 2569 1099 πάντα
2588 1044 2656 1096 τὰ
2692 1042 2974 1112 θελήματα
3002 1041 3191 1104 αὑτοῦ,
3228 1042 3733 1111 παρασκευάζοντα

2147 1138 2275 1201 τοὺς
2306 1136 2558 1199 συνετοὺς
2581 1135 2751 1188 ποιεῖν
2776 1134 2937 1191 αὑτά.
2972 1133 3067 1197 Τίς
3093 1134 3199 1205 γὰρ
3222 1134 3363 1202 ὀρῶν
3384 1134 3473 1186 καὶ
3508 1134 3738 1186 ἀκούων

2148 1228 2218 1282 τὰ
2253 1226 2478 1282 τοιαῦτα
2521 1228 2682 1298 ἔργα,
2726 1227 2787 1279 οὐ
2834 1224 2903 1279 δι’
2934 1225 3114 1280 αὐτῶν
3174 1226 3543 1295 ἀναχθήσεται
3592 1228 3741 1294 7:943;

2148 1320 2545 1391 ἀποπλήρωσιν
2578 1319 2687 1371 τῶν
2718 1318 3042 1387 θελημάτων
3073 1316 3167 1370 τοῦ
3202 1319 3572 1387 ἐργασομένου
3632 1320 3743 1371 αὖε

2148 1411 2237 1479 τὰ,
2280 1413 2481 1474 συνιεὶς
2504 1412 2584 1465 ὅτι
2622 1411 2754 1475 Θεός
2783 1412 2929 1463 ἐστιν
2958 1411 3148 1475 ὅντως,
3192 1411 3285 1462 καὶ
3350 1410 3743 1481 φιλάνθρωπος

2149 1500 2350 1572 onum;
2383 1503 2677 1573 Θελήματα
2708 1502 2787 1567 δὲ,
2826 1503 2883 1557 αἱ
2916 1504 3129 1555 ἐντολαὶ
3165 1502 3354 1555 αὑτοῦ.

533 1816 697 1871 Vens.
729 1817 779 1868 5.
810 1812 1087 1881 Confessio
1114 1820 1164 1865 et
1187 1808 1577 1879 magniﬁcentia
1600 1824 1728 1877 opus
1752 1807 1885 1875 ejus.
1912 1806 2051 1861 Gra-

2226 1797 2695 1866 Ἐξομολόγησις
2718 1796 2813 1850 καὶ
2830 1795 3316 1865 μεγαλοπρέπεια
3346 1794 3413 1847 τὸ
3428 1795 3605 1863 ἔργον
3630 1797 3746 1849 at"-

467 1907 668 1959 tiarum
700 1905 865 1967 actio,
917 1912 968 1955 et
1012 1900 1299 1967 magniﬁca
1345 1900 1487 1964 laus,
1526 1908 1650 1953 sunt
1701 1898 1793 1952 Dei
1832 1911 1996 1968 opera
2035 1914 2049 1950 :

466 2012 573 2050 non
628 2003 838 2049 tantum
876 1996 999 2055 hoc,
1038 1996 1285 2062 inquam,
1329 2002 1424 2045 aut
1476 1992 1611 2045 illud
1645 2006 1806 2060 opus,
1861 1990 1957 2045 sed
1997 1990 2051 2043 in

465 2089 780 2142 universum
829 2087 1011 2141 omnia
1048 2085 1139 2139 Dei
1190 2100 1379 2154 opera,
1426 2092 1479 2137 et
1516 2083 1855 2152 conjunctim
1881 2092 1935 2137 et
1972 2082 2053 2135 di-

464 2179 621 2234 visim
665 2176 940 2247 ejusmodi
980 2184 1129 2239 sunt,
1162 2184 1221 2229 ut
1254 2174 1320 2228 ad
1366 2173 1665 2242 gratiarum
1697 2172 1967 2235 actiones,
1999 2180 2054 2225 et

466 2269 533 2324 ad
578 2267 898 2338 magniﬁcas
935 2265 1027 2320 Dei
1065 2264 1259 2319 laudes
1296 2278 1513 2317 movere
1549 2277 1644 2316 eos
1677 2262 1906 2330 possint,
1959 2262 2051 2331 qui

466 2375 526 2413 ea
552 2367 646 2414 aut
673 2358 934 2420 viderint,
975 2364 1072 2410 aut
1101 2355 1397 2409 audierint.
1444 2352 1631 2408 Potest
1666 2353 1832 2407 etiam
1863 2352 1969 2408 hoc
1996 2352 2051 2405 in

466 2452 587 2505 loco
619 2448 765 2504 istud
808 2462 946 2516 opus
972 2445 1381 2516 particulariter
1412 2446 1610 2515 accipi,
1646 2460 1745 2513 pro
1797 2444 2054 2499 incarna-

468 2540 614 2594 tione
639 2538 875 2591 Domini.

540 2651 606 2705 Et
631 2650 850 2720 justitia
883 2664 995 2717 ejus
1018 2655 1192 2701 manet
1224 2645 1276 2699 in
1299 2645 1549 2701 smculum
1581 2645 1786 2698 swculi.
1837 2644 1951 2701 lloc
1985 2646 2053 2700 ad

471 2743 719 2799 solamen
749 2756 936 2797 eorum
965 2740 1171 2794 dictum
1203 2746 1309 2804 est,
1342 2738 1435 2806 qui
1472 2736 1785 2793 aiiiciuntur
1807 2738 2051 2809 injuriis,

2154 1890 2282 1944 τοῦ.
2318 1887 2650 1958 Εὐχαριστία
2672 1889 2765 1941 καὶ
2796 1886 3222 1957 μεγαλοπρεπὴς
3253 1888 3456 1949 αἰνεσις
3502 1888 3569 1939 τὰ
3596 1888 3741 1958 ἔργα.

2155 1980 2319 2033 αὐτοῦ
2346 1999 2357 2010 ’
2388 1981 2507 2049 οὐχὶ
2538 1979 2654 2032 τόδε
2680 1978 2711 2048 ἢ
2746 1979 2889 2043 τόδε,
2925 1978 3042 2032 ἀλλ’
3076 1978 3261 2040 ἁπλῶς
3290 1980 3419 2041 πᾶν,
3446 1978 3522 2040 ὡς
3549 1981 3742 2031 ἱκανὸν

2155 2075 2326 2125 κινεῖν
2368 2074 2445 2133 είς
2497 2069 2887 2140 μεγαλοπρεπῆ
2953 2070 3180 2133 αῐνεσιν,
3237 2069 3331 2121 καὶ
3378 2069 3742 2138 εὐχαριστίαν

2154 2163 2247 2217 τοῦ
2314 2164 2599 2226 κτίσαντος
2653 2162 2794 2215 αὐτὰ
2853 2161 2945 2213 τον
3005 2159 3221 2231 όρῶντα
3290 2161 3384 2212 καὶ
3442 2160 3738 2212 ἀκούοντα.

2154 2256 2375 2309 Νοεῖται
2404 2254 2459 2307 δὲ
2484 2254 2578 2308 καὶ
2610 2254 2793 2317 ίδικῶς
2825 2252 2988 2323 ἔργον
3022 2251 3267 2306 τοιοῦτον
3314 2253 3346 2323 ἠ
3379 2250 3738 2322 ἐνανθρώπη-

2158 2364 2240 2412 σις
2262 2348 2448 2402 αὐτοῦ.
3249 2359 3252 2362 ’

2228 2634 2339 2689 Kal
2382 2636 2421 2703 ἡ
2476 2633 2829 2698 δικαιοσύνη
2860 2633 3047 2687 αὐτοῦ
3099 2633 3269 2703 μένει
3291 2634 3379 2698 εις
3410 2632 3518 2687 τὸν
3547 2632 3736 2688 ultima

2155 2726 2264 2781 τοῦ
2282 2727 2518 2792 αἰῶνος.
2558 2725 2751 2790 Τοῦτο,
2790 2726 2930 2797 πρὸς
2965 2726 3324 2797 παραμυθίαν
3375 2727 3483 2781 τῶν
3518 2728 3736 2781 ἀδικου-

467 2846 517 2889 et
553 2835 620 2889 ad
654 2831 1019 2888 eruditionem
1055 2831 1220 2885 etiam
1257 2844 1450 2885 eorum
1516 2829 1609 2900 qui
1644 2830 1878 2902 injurias
1918 2829 2051 2885 inie-

2159 2818 2364 2889 μένων,
2397 2817 2781 2888 σωφρονισμὸν
2820 2816 2877 2870 δὲ
2902 2816 3012 2870 τῶν
3041 2816 3377 2870 ἀδικούντων
3404 2832 3419 2847 ’
3464 2817 3545 2869 δτι
3579 2819 3613 2887 ὴ
3651 2817 3734 2869 δι-

466 2928 617 2984 runt,
669 2934 793 2975 cum
830 2918 1043 2988 justum
1121 2926 1284 2987 atque
1328 2929 1590 2995 aeternum
1641 2927 1905 2988 utrosque
1960 2918 2051 2974 Dei

2156 2911 2290 2967 καία
2316 2911 2492 2980 κρίσις
2520 2908 2706 2977 αὐτοῦ,
2742 2910 2893 2978 μένει
2921 2909 3115 2971 αὐτοὺς
3142 2948 3159 2975 ,
3210 2909 3379 2972 ἀΐδιος
3427 2908 3580 2974 οὖσα,
3639 2911 3730 2961 καὶ

466 3011 736 3082 judicium
777 3020 1019 3075 maneat,
1062 3025 1171 3079 quo
1222 3010 1377 3064 alteri
1414 3011 1679 3081 requiem,
1721 3012 1873 3065 alteri
1925 3025 2051 3067 vero

2157 3006 2269 3067 τοῖς
2326 3004 2425 3071 μὲν
2468 3003 2672 3066 ἄνεσιν,
2732 3003 2849 3064 τοῖς
2903 3000 2958 3054 δὲ
3002 3000 3223 3054 κόλασιν
3260 3000 3449 3066 ἐπάξει
3479 3018 3492 3032 ·
3519 3003 3550 3071 ἧ
3582 3003 3665 3055 ὅτι
3698 3004 3729 3073 ἠ

466 3104 733 3174 supplicia
765 3117 830 3157 ac
885 3117 1076 3171 pmnas
1108 3100 1505 3179 sustinebunt:
1551 3102 1633 3156 vel
1672 3102 1799 3171 quia
1836 3102 2050 3172 justiti:

2156 3097 2472 3163 δικαιοσύνη
2509 3094 2674 3147 αὑτοῦ
2708 3092 2965 3164 δ.ηνεκής
3024 3095 3193 3157 ἐστιν,
3217 3095 3414 3161 εῐτουν,
3464 3096 3732 3165 ἀμετακί-

467 3197 585 3266 ejus
614 3202 876 3265 perpetua
911 3200 1018 3253 est,
1047 3193 1151 3245 hoc
1184 3203 1289 3254 est,
1316 3192 1689 3245 immutabilis.

524 3308 694 3363 Vens.
729 3307 786 3360 4.
842 3303 1163 3358 Memoriam
1245 3303 1371 3372 fecit
1430 3305 1763 3357 niirabilium
1814 3322 2052 3359 suorum.

470 3401 735 3461 Verbum.
774 3396 1035 3462 Meminit,
1068 3410 1185 3459 seu,
1263 3393 1577 3449 Memoriam
1667 3396 1814 3464 fecit,
1854 3405 1908 3452 et
1949 3398 2055 3450 alia

470 3487 815 3559 lmjusmodi,
860 3486 1041 3542 solent
1091 3486 1366 3554 prOphette
1420 3501 1798 3555 sarpenumero
1856 3503 2058 3558 ponere

472 3598 572 3654 pro
618 3580 873 3653 Operari,
920 3578 1389 3650 quemadmodum
1452 3580 1583 3635 alibi
1637 3579 1900 3636 diximus.
1965 3583 2060 3635 Ait

474 3676 639 3747 igitur
696 3672 999 3742 Propheta,
1040 3670 1183 3739 quod
1243 3669 1388 3724 Deus
1444 3679 1701 3740 operatur
1759 3673 2054 3738 mirabilia,

471 3781 575 3821 nec
629 3764 925 3835 aliquando
979 3770 1165 3817 cessat
1226 3762 1293 3816 ab
1338 3763 1655 3830 lmjusmodi
1713 3768 2055 3836 operatione,

474 3868 536 3914 ut
571 3873 669 3928 per
704 3873 767 3912 ea
804 3857 1110 3912 crassiores
1157 3870 1222 3911 ac
1272 3856 1529 3913 rudiores
1570 3873 1819 3928 quosque
1880 3861 2060 3914 liouii-

471 3964 573 4004 nes
612 3949 677 4004 ad
737 3963 797 4002 se
848 3947 1117 4002 traducat.
1181 3947 1510 4016 llujusmodi
1590 3959 1774 4005 autem
1833 3950 2060 4005 fuerunt

471 4055 535 4095 ea
566 4056 689 4111 qua:
743 4039 873 4093 fecit
928 4048 1171 4109 tempore
1201 4039 1415 4104 diluvii,
1452 4051 1504 4095 et
1572 4057 1693 4110 quae
1755 4043 1808 4096 in
1861 4042 2059 4097 coniu-

472 4134 625 4188 sioue
656 4132 991 4202 linguarum,
1032 4140 1127 4184 aut
1164 4146 1284 4201 qua:
1337 4132 1751 4187 Sodomitarum
1784 4142 2056 4203 tempore,

471 4227 599 4281 item
654 4240 776 4294 qum
819 4225 873 4277 iu
928 4232 1173 4293 tempore
1219 4224 1517 4287 Abraham,
1552 4224 1702 4281 lsaac
1772 4235 1827 4279 et
1854 4224 2052 4281 Jacob.

2153 3204 2331 3258 νητος.

2227 3306 2457 3359 Μνείαν
2501 3304 2835 3370 ἐποιήσατο
2875 3302 2994 3359 τῶν
3027 3305 3378 3374 θαυμασίων
3406 3308 3615 3362 αὑτοῦ.
3660 3308 3732 3361 Τὸ

2169 3396 2505 3466 Ἐμνήσθη,
2534 3395 2629 3449 καὶ
2656 3395 2716 3448 τὸ
2741 3396 2972 3449 Μνείαν
3004 3396 3357 3463 ἐποιήσατο,
3393 3398 3486 3450 καὶ
3518 3400 3583 3451 τὰ
3620 3416 3732 3451 τοι·

2157 3490 2300 3544 αὔτα
2352 3491 2450 3543 tul.
2492 3490 2593 3560 τῆς
2632 3487 2915 3559 ἐνεργείας
2960 3488 3010 3541 oi
3060 3488 3341 3557 προφῆται
3395 3488 3730 3558 λαμϐάνουσι

2158 3583 2443 3647 πολλάκις,
2476 3583 2555 3646 ὡς
2582 3581 2681 3635 καὶ
2716 3583 2775 3635 ἐν
2814 3582 2996 3644 ἄλλοις
3024 3582 3351 3653 είρήκαμεν.
3385 3582 3549 3649 Λέγει
3598 3582 3734 3651 γοῦν

2158 3679 2241 3731 ὃτι
2295 3678 2512 3747 ἐνεργεῖ
2558 3675 2630 3728 τὰ
2685 3675 2965 3745 θαυμάσια
3029 3673 3217 3742 αὑτοῦ,
3262 3676 3356 3729 καὶ
3398 3677 3461 3729 οὐ
3501 3677 3729 3729 παύεται

2160 3767 2617 3838 θαυματουργῶν,
2662 3765 2750 3819 διὰ
2798 3766 2981 3836 πάσης
3011 3767 3225 3834 γενεᾶς,
3260 3766 3345 3819 ἵνα
3390 3768 3517 3830 τοὺς
3556 3785 3732 3837 παχυ-

2158 3862 2351 3927 τέρους
2384 3862 2682 3927 ἐπάγηται,
2710 3858 2799 3911 διὰ
2828 3857 2937 3910 τῶν
2959 3857 3280 3928 τεραστίων,
3311 3851 3398 3910 οἷα
3422 3858 3490 3911 τὰ
3518 3858 3612 3910 ἐπὶ
3639 3859 3731 3911 τοῦ

2160 3951 2576 4020 κατακλυσμοῦ,
2600 3948 2668 4003 τὰ
2698 3950 2792 4002 ἐπὶ
2823 3948 2920 4018 τῆς
2962 3948 3278 4019 συγχύσεως
3306 3950 3425 4002 τῶν.
3446 3950 3733 4018 γλωσσῶν,

2158 4044 2227 4096 τὰ
2270 4044 2364 4096 ἐπὶ
2396 4042 2665 4111 Σοδόμων,
2703 4040 2772 4093 τὰ
2812 4041 2905 4093 ἐπὶ
2946 4040 3220 4111 Ἀϐραὰμ,
3272 4042 3366 4094 καὶ
3402 4042 3607 4107 Ἰσαὰκ,
3640 4046 3736 4098 καὶ

2172 4136 2389 4203 Ἰακὼϐ,
2413 4137 2483 4190 τὰ
2515 4137 2573 4187 ἐν
2604 4133 2887 4203 Αἰγύπτῳ,
2930 4132 2997 4186 τὰ
3032 4135 3091 4187 ἐν
3131 4136 3197 4203 τῇ
3252 4132 3418 4205 ἐξόδῳ
3448 4135 3557 4187 τῶν
3607 4136 3738 4189 Ίουο

2158 4230 2347 4290 δαίων,
2386 4230 2454 4281 τὰ
2480 4230 2540 4280 ἐν
2569 4230 2634 4298 τῇ
2661 4228 2872 4297 ἐρήμῳ,
2897 4226 2965 4278 τὰ
2989 4227 3047 4279 ὲν
3074 4229 3136 4297 τῇ
3158 4229 3227 4296 γῇ
3243 4228 3338 4297 τῆς
3374 4229 3733 4294 ἐπαγγελίας,

471 4314 685 4388 thua:
718 4317 773 4371 in
823 4316 1085 4387 IEgypto,
1130 4328 1227 4371 aut
1292 4318 1349 4371 in
1411 4318 1558 4373 exitu
1615 4317 1929 4372 Judaaorum
1983 4318 2051 4373 ab

2158 4320 2227 4373 τὰ
2252 4319 2309 4370 ἐν
2344 4316 2648 4379 Βαϐυλῶνι,
2672 4316 2740 4369 τὰ
2773 4315 2916 4369 κατὰ
2945 4316 3043 4387 τὴν
3087 4315 3346 4369 ἐπάνοδον
3391 4318 3455 4368 ἐκ
3480 4315 3737 4369 Βαϐυλῶ-

472 4410 736 4482 Egypto,
769 4426 997 4479 quaeque
1033 4412 1087 4463 in
1105 4409 1345 4471 deserto,
1382 4410 1436 4462 in
1470 4422 1615 4464 terra
1644 4410 2056 4478 promissionis,

477 4505 531 4557 in
580 4502 877 4572 Babylone,
922 4509 1016 4553 aut
1073 4509 1319 4569 tempore
1363 4498 1820 4565 Maehabaeorum,
1852 4509 1905 4556 et
1936 4516 2058 4571 quae

472 4596 526 4649 in
557 4594 759 4649 Christi
812 4593 1073 4653 adventu,
1124 4599 1179 4644 et
1222 4598 1347 4659 post
1396 4590 1549 4643 illutn
1618 4591 1908 4658 hactenus,
1940 4592 2057 4661 pri-

468 4687 634 4739 vatim
698 4701 762 4740 ac
791 4685 1033 4755 publice,
1076 4683 1566 4754 apostolorumque
1613 4697 1677 4738 ac
1731 4694 2055 4754 martyrum,

471 4790 527 4831 et
563 4776 797 4830 aliorum
841 4777 1206 4846 temporibus,
1269 4776 1323 4829 in
1380 4775 1609 4844 privatis
1664 4775 1942 4838 domibus.
1993 4776 2050 4829 in

466 4869 805 4929 civitatibus,
841 4875 897 4923 et
970 4868 1173 4936 ubique
1235 4871 1476 4937 gentium
1511 4860 1652 4921 faeta
1686 4875 1834 4921 sunt.

542 4961 847 5016 Misericors
879 4969 927 5014 et
958 4960 1245 5011 miserator
1286 4958 1569 5013 Dominus.
1626 4957 1731 5024 Qui
1787 4958 2048 5028 praedicta

465 5054 653 5110 omnia
716 5052 868 5117 facit,
926 5065 1123 5120 magna
1158 5065 1283 5104 cum
1313 5049 1716 5115 misericordia,
1739 5056 1793 5104 et
1816 5048 2047 5103 salutem

468 5148 750 5202 hominum
807 5144 985 5214 cupit.

536 5259 702 5315 Vens.
738 5260 791 5314 5.
836 5257 1029 5313 Escam
1097 5257 1241 5311 dedit
1287 5254 1591 5310 timentibus
1654 5272 1730 5309 se.
1773 5256 1937 5325 Atqui
1992 5261 2047 5309 et

466 5367 576 5407 non
616 5351 942 5405 timentibus
976 5365 1037 5406 se
1082 5348 1265 5403 cibum
1314 5355 1557 5417 praestat.
1619 5345 1819 5411 Verum
1858 5347 2045 5400 hocin

465 5443 588 5495 loco
631 5441 956 5496 rationalem
1023 5454 1087 5494 ac
1138 5438 1439 5509 spiritalem
1476 5437 1672 5491 anima:
1715 5441 1893 5490 cibum
1962 5437 2047 5488 iii-

468 5533 686 5602 telligit,
745 5533 1052 5595 caelestem,
1126 5530 1374 5598 inquam,
1426 5544 1648 5600 panem.
1704 5542 1864 5597 quem
1911 5529 2043 5582 solis

465 5637 527 5676 se
571 5622 894 5678 timentibus
926 5622 1141 5677 tribuit.
1186 5620 1423 5675 Possunt
1456 5622 1619 5676 etiam
1654 5620 1883 5688 intelligi
1926 5620 2039 5673 haec

468 5711 632 5764 verba
688 5712 756 5765 de
812 5728 951 5781 pane
1021 5714 1297 5781 mystico;
1337 5713 1421 5767 vel
1474 5712 1603 5781 quia
1665 5726 2042 5781 saepenumero

2156 4428 2266 4476 νος,
2300 4412 2368 4464 τὰ
2425 4411 2518 4463 ἐπὶ
2568 4411 2677 4463 τῶν
2717 4409 3094 4481 Μακχαϐαίων
3129 4426 3143 4441 ο
3177 4408 3245 4462 τὰ
3269 4411 3329 4461 ἐν
3379 4409 3588 4461 ἐλεύσει
3636 4410 3733 4464 τοῦ

2154 4503 2415 4573 Χριστοῦ,
2447 4503 2516 4555 τὰ
2547 4502 2671 4569 μετ’
2700 4502 2875 4573 αὐτὴν
2906 4502 3036 4571 ἄχρι
3097 4501 3193 4554 καὶ
3228 4500 3321 4551 νῦν
3359 4500 3465 4553 tam
3512 4502 3605 4553 καὶ
3638 4501 3733 4570 δη-

2160 4596 2347 4666 μόσια,
2398 4595 2492 4648 ἐπί
2525 4612 2584 4647 τε
2616 4594 2726 4647 τῶν
2754 4592 3095 4655 ἀποστόλων,
3135 4592 3229 4644 καὶ
3266 4593 3378 4645 τῶν
3411 4592 3730 4663 μαρτύρων,

2157 4690 2253 4741 καὶ
2287 4688 2394 4740 τῶν
2420 4687 2599 4741 ἄλλων
2635 4686 2828 4754 ἁγίων,
2858 4686 2951 4739 καὶ
2977 4684 3287 4751 ἐνόἰκίαις,
3319 4685 3490 4738 καὶέν
3521 4686 3731 4750 ⁸πόλεσι,

2156 4781 2250 4834 καὶ
2278 4778 2556 4849 πανταχοῦ
2590 4777 3127 4849 τερατουργούμενα.

2237 4957 2538 5026 Ἐλεήμων
2564 4956 2661 5010 καὶ
2682 4956 3000 5025 οἰκτίρμων
3025 4957 3057 5009 ὀ
3081 4956 3318 5024 Κύριος.
3352 4956 3409 5009 '0
3432 4956 3499 5011 τὰ
3530 4957 3727 5027 ρηθέν-

2152 5067 2218 5103 τα
2251 5050 2444 5113 ποιῶν,
2469 5049 2636 5102 ἐλεῶν
2661 5050 2770 5117 γὰρ
2800 5048 2896 5101 καὶ
2924 5048 3210 5117 οἰκτείρων
3234 5048 3409 5101 ταῦτα
3433 5050 3595 5115 ποιεῖ,
3632 5050 3725 5102 καὶ

2152 5140 2322 5195 θέλων
2346 5141 2444 5211 τὴν
2473 5141 2749 5212 σωτηρίαν
2786 5139 2894 5194 τῶν
2921 5139 3249 5211 ἀνθρώπων.

2231 5254 2465 5323 Τροφὴν
2517 5254 2700 5307 ἔδωκε
2748 5254 2874 5320 τοῖς
2933 5254 3331 5323 φοϐουμένοις
3375 5255 3580 5308 αὐτόν.
3614 5256 3724 5308 Καὶ

2156 5348 2263 5416 μὴν
2293 5349 2525 5409 καὶτοῖς
2564 5347 2637 5415 μὴ
2681 5347 3044 5417 φοϐουμένοις
3079 5346 3243 5399 αὐτόν
3292 5363 3307 5377 ·
3348 5347 3486 5401 ἀλλὰ
3516 5350 3720 5417 τροφὴν

2152 5439 2408 5503 ἐνταῦθα,
2464 5440 2563 5509 τὴν
2613 5438 2851 5508 ψυχικὴν
2910 5439 3083 5507 λέγει,
3147 5437 3247 5509 τὴν
3316 5438 3563 5510 λογικὴν,
3622 5440 3717 5509 τὴν

2152 5531 2553 5600 πνευματικὴν,
2586 5530 2675 5583 τὸν
2701 5530 2950 5599 οὐράνιον
2988 5532 3155 5601 ἄρτον
3179 5572 3193 5595 ,
3224 5532 3291 5602 ἦν
3322 5532 3616 5603 ἐξαιρέτως
3642 5534 3717 5587 δί-

2146 5624 2277 5675 δωσι
2316 5622 2499 5691 μόνοις
2528 5624 2640 5683 τοῖς
2688 5622 3041 5694 φοϐουμένοις
3069 5624 3253 5677 αὐτόν.
3294 5624 3532 5695 Νοηϐείη
3561 5625 3604 5675 δ’
3630 5625 3714 5686 ἃν,

2152 5714 2245 5768 καὶ
2281 5717 2307 5766 ό
2340 5714 2605 5783 μυστικὸς
2638 5714 2875 5781 δεῖπνος,
2907 5716 2939 5786 ἢ
2975 5716 3067 5772 καὶ
3102 5718 3183 5770 ὅτι
3222 5717 3410 5787 τρέφει
3458 5717 3714 5776 πολλάκις
