4076 6204
356 249 486 312 1093

1514 238 1909 300 COMMENT.
1946 235 2029 295 ΙΝ
2068 231 2437 294 PSALMOS.

3477 228 3495 289 l
3507 223 3614 289 094

349 358 754 430 ἀπορουμένους
788 359 915 421 τοὺς
954 356 1172 420 ἐαυτοῦ,
1209 355 1284 418 ὡς
1318 354 1409 407 τὸν
1451 352 1663 416 Ἠλίαν,
1695 351 1792 404 καὶ
1831 351 1960 412 τὸν⁴

2066 359 2173 400 νευε
2208 359 2398 400 servos
2439 358 2570 397 suos
2615 341 2935 397 admiranda
2983 340 3300 403 admodum,
3334 347 3388 392 et
3418 349 3618 407 praeter

347 451 568 522 Δανιὴλ,
602 451 699 504 καὶ
725 449 919 513 ἄλλους
953 447 1210 511 πολλούς.

419 634 852 702 Μνησθήσεται
901 634 988 696 εὶς
1014 631 1124 684 τὸν
1167 629 1352 684 αἰῶνα
1397 625 1690 694 διαθήκης
1715 627 1928 682 αὐτοῦ.

366 729 612 782 Ἰουδαῖοι
663 727 761 796 μέν
829 741 992 794 φασιν
1023 740 1037 755 ο
1080 721 1354 792 Ἐμνήσθη
1421 719 1686 789 διαθήκης
1736 717 1932 780 αὑτοῦ,

2037 453 2190 506 spem
2253 435 2550 490 multorum
2625 436 2836 504 pascit,
2891 433 3348 502 quemadmodum
3422 432 3618 497 Eliam,

2035 528 2344 592 Dauielcm,
2371 538 2426 582 et
2464 527 2782 596 complures
2821 527 2982 581 alios.

2112 621 2320 675 Memor
2368 620 2467 673 erit
2532 620 2584 672 in
2639 618 2894 672 saxulum
2951 617 3246 670 testamenti
3299 617 3402 668 sui.
3449 613 3620 669 Judaei

2041 712 2232 766 dicunt
2270 725 2566 764 inertiorem
2595 709 2763 764 Deum
2798 708 2969 763 fuisse
2999 706 3314 762 testamenti
3347 706 3458 770 sui,
3491 707 3620 773 quia

354 821 661 888 ἐνήργησεν
689 814 1066 885 ἀμετάϐλητον
1115 811 1380 881 διαθήκην
1433 809 1621 874 αὑτοῦ,
1650 809 1751 878 τὴν
1807 807 1939 876 περὶ

2066 806 2171 859 ecit
2199 803 2331 857 illud
2362 817 2486 857 esse
2520 801 2861 855 immutabile
2890 818 2905 855 :
2959 801 3115 864 illud,
3179 800 3426 867 inquam,
3462 805 3623 851 testa-

353 911 449 965 τοῦ
469 907 793 978 πληθυσμοῦ
846 905 939 958 τοῦ
970 905 1283 974 σπέρματος
1358 899 1630 973 Ἀϐραὰμ,
1687 899 1778 953 καὶ
1839 898 1938 968 τὴν

2066 907 2287 952 uentum
2335 894 2484 964 quod
2517 895 2584 948 de
2645 892 3005 948 multitudine
3080 891 3307 946 seminis
3362 888 3622 951 Abrahae,

360 1005 488 1072 περὶ
528 1001 630 1070 τῆς
661 999 1100 1080 ἐπαγγελθείσης
1151 997 1254 1068 γῆς
1284 1011 1298 1026 ·
1358 997 1518 1064 ἡμεῖς
1577 993 1632 1045 δὲ
1677 991 1935 1061 λέγομεν,

359 1096 441 1148 ὅτι
473 1092 786 1165 προφητεία
819 1094 938 1144 ἐστὶ
962 1091 1090 1159 περὶ
1114 1089 1210 1142 τοῦ
1238 1087 1500 1159 Χριστοῦ.
1548 1083 1938 1153 Μνησθήσεται

359 1185 490 1254 γὰρ,
524 1183 711 1252 φησὶν,
742 1183 824 1244 εἰς
858 1181 949 1234 τὸν
997 1181 1171 1233 αἰῶνα
1198 1179 1290 1232 τὸν
1315 1178 1598 1249 πρέποντα
1659 1173 1759 1244 τῆς
1804 1174 1941 1243 πρὸς

364 1277 489 1337 τοὺς
522 1275 863 1344 πατριάρχας
893 1273 1181 1341 διαθήκης,
1209 1271 1291 1323 ὅτι
1312 1270 1378 1322 τὰ
1415 1268 1708 1337 σπέρματα
1737 1263 1939 1328 αὐτῶν,

367 1360 818 1432 εὐλογηθήσεται,
852 1360 1030 1414 πάντα
1061 1359 1127 1412 τὰ
1149 1358 1298 1428 ἔθνη,
1326 1358 1420 1410 καὶ
1443 1354 1721 1427 πληρώσει
1747 1353 1940 1423 αὐτήν.

451 1622 658 1692 Ἰσχὺν
682 1622 870 1692 ἔργων
894 1617 1082 1681 αὐτοῦ
1112 1619 1434 1691 ἀνήγγειλε
1467 1617 1548 1685 τῷ
1577 1619 1704 1684 λαῷ
1733 1617 1942 1674 αὑτοῦ.

366 1712 457 1782 Τῷ
489 1713 588 1782 μὲν
621 1714 841 1784 παλαιῷ
895 1714 1009 1783 λαῷ
1053 1714 1255 1780 ἔδειξεν
1322 1715 1474 1783 ἰσχὺν
1526 1712 1702 1782 ἔργων
1761 1709 1946 1774 αὐτοῦ,

363 1804 613 1856 τουτέστι
641 1804 876 1874 δύναμιν
903 1806 961 1856 ὲν
983 1804 1191 1874 ἔργοις,
1228 1806 1315 1858 διὰ
1342 1805 1451 1857 τῶν
1487 1805 1605 1857 τότε
1643 1803 1949 1871 γεγονότων

365 1897 669 1965 τεραστίων
702 1911 718 1926 ο
751 1896 828 1965 τῷ
848 1897 903 1948 δὲ
929 1896 1055 1966 νέῳ,
1085 1895 1176 1949 διὰ
1222 1898 1333 1951 τῶν
1383 1896 1522 1966 μετὰ
1548 1897 1648 1967 τὴν
1674 1893 1951 1964 ἐνανθρὼο

370 2003 536 2058 πησιν
575 1985 766 2054 αὑτοῦ,
799 1988 1143 2059 τελουμένων
1169 1988 1454 2042 ἑκάστοτε.

447 2255 557 2309 Τοῦ
589 2252 800 2309 δοῦναι
861 2255 1067 2322 αὐτοῖς
1111 2258 1523 2326 κληρονομίαν
1559 2258 1773 2314 ἐθνῶν.
1829 2259 1956 2324 Τοῖς

379 2347 476 2414 μὲν
516 2346 815 2410 Ἰουδαίοις,
868 2347 970 2418 τὴν
1000 2347 1105 2417 γῆν
1162 2349 1260 2418 τῆς
1295 2348 1653 2418 ἐπαγγελίας,
1713 2351 1781 2422 ἣν
1825 2350 1953 2421 ιθνη

376 2437 658 2506 κατῴκουν
692 2439 956 2508 πρότερον
985 2453 999 2469 ⁶
1021 2441 1151 2510 ἡμῖν
1182 2438 1239 2492 δὲ
1267 2439 1474 2509 ταύτην
1506 2453 1565 2493 τε
1598 2443 1691 2495 καὶ
1717 2443 1817 2512 τὴν
1846 2443 1954 2496 τῶν

373 2528 574 2592 ἄλλων,
603 2530 732 2597 ὅσης
771 2530 1100 2599 ἐκυρίευσαν
1122 2533 1171 2583 οἰ
1208 2533 1413 2586 πιστοί.

451 2617 629 2686 Ἔργα
696 2616 912 2686 χειρῶν
971 2619 1161 2673 αὐτοῦ
1218 2621 1470 2688 ἀλήθεια
1502 2660 1516 2685 ,
1581 2623 1680 2676 καί
1733 2626 1952 2692 κρίσις.

379 2709 576 2780 Χεῖρας
627 2709 720 2762 τοῦ
783 2711 993 2782 Πατρός
1049 2698 1333 2775 τινεςτὸν
1382 2713 1512 2768 Υίὸν
1555 2716 1650 2768 καὶ
1708 2715 1767 2768 τὸ
1801 2717 1957 2783 ἆγιον

2044 997 2098 1042 ct
2141 989 2208 1041 de
2248 988 2623 1056 promissione
2676 994 2837 1039 terra:
2905 983 3276 1054 disposuerat.
3336 982 3444 1036 Nos
3494 995 3625 1035 vero

2047 1079 2384 1134 aﬂirmamus
2413 1078 2579 1134 verba
2611 1078 2728 1132 haec
2757 1076 2826 1131 de
2859 1076 3081 1130 Christo
3115 1073 3454 1144 prophetiam
3495 1088 3628 1127 cou-

2045 1173 2241 1228 tinere.
2275 1170 2480 1224 Memor
2521 1169 2650 1235 erit,
2697 1170 2898 1238 inquit,
2937 1166 3082 1223 Deus
3115 1167 3169 1220 iu
3205 1166 3490 1226 saeculum,
3526 1164 3630 1217 hoc

2043 1269 2148 1324 est,
2210 1260 2263 1314 in
2313 1259 2498 1314 debito
2550 1268 2604 1314 et
2651 1258 2998 1314 convenieuti
3035 1243 3277 1327 tempore
3313 1253 3627 1311 testamenti

2046 1354 2156 1420 sui,
2181 1350 2327 1422 quod
2360 1351 2426 1406 ad
2447 1351 2789 1421 patriarchas
2806 1349 3094 1418 disposuit,
3136 1347 3459 1416 promittens
3483 1343 3628 1412 quod

2049 1446 2102 1500 in
2145 1442 2360 1498 semine
2405 1456 2597 1496 eorum
2635 1438 3026 1495 benedicendaa
3057 1445 3238 1494 essent
3269 1452 3462 1491 omnes
3492 1451 3629 1506 gen-

2051 1548 2150 1602 tcs,
2183 1545 2240 1591 et
2309 1535 2456 1606 quod
2517 1534 2622 1588 hoc
2684 1539 3070 1588 testamentum
3112 1529 3430 1600 adimplebit
3462 1528 3630 1583 Deus.

2123 1631 2287 1685 Vens.
2324 1628 2379 1683 6.
2440 1626 2695 1680 Virtutem
2751 1640 2968 1693 operum
3031 1639 3244 1677 suorum
3292 1618 3633 1674 annuntiabit

2051 1722 2245 1792 populo
2278 1737 2397 1775 suo.
2442 1721 2684 1790 Antiqua
2727 1717 2952 1787 quidem
2981 1714 3182 1786 populo
3219 1712 3460 1768 ostendit
3487 1710 3634 1766 Deus

2053 1817 2197 1870 vires
2247 1829 2470 1884 operum
2518 1827 2768 1876 suorum,
2804 1811 2908 1864 hoc
2960 1816 3064 1874 est,
3101 1806 3402 1878 potentiam
3439 1803 3493 1858 in
3519 1803 3636 1857 suis

2052 1907 2338 1978 Operibus,
2389 1919 2553 1975 quam
2615 1917 2806 1957 niunes
2863 1907 3243 1970 c0gnovcrunt
3299 1910 3396 1964 per
3434 1909 3498 1950 ea
3532 1894 3638 1948 mi—

2055 1999 2266 2062 racula,
2299 2012 2422 2066 quae
2461 2007 2592 2050 tunc
2625 1993 2768 2047 facta
2800 1999 2929 2046 sunt
2964 2008 2978 2044 :
3017 2004 3162 2044 novo
3197 1997 3381 2040 autem
3411 1985 3632 2055 populo,

2057 2100 2154 2156 per
2217 2099 2281 2140 ea
2342 2098 2465 2154 quas
2524 2089 2646 2152 post
2709 2077 3175 2136 resurrectionem
3239 2090 3395 2131 suam
3438 2075 3639 2144 ubique

2056 2186 2317 2247 operatus
2355 2185 2460 2232 est.

2130 2269 2295 2324 Vsus.
2346 2268 2397 2322 7.
2445 2267 2511 2322 Ut
2542 2268 2628 2322 det
2677 2267 2789 2321 illis
2845 2265 3212 2322 [nereditatem
3252 2264 3507 2333 gentium.
3543 2257 3642 2313 Ju-

2059 2361 2191 2418 dzeis
2241 2360 2460 2430 quidem
2523 2370 2728 2415 terram
2782 2359 3194 2428 promissionis.
3235 2370 3401 2426 quam
3450 2361 3642 2426 gentes

2059 2455 2188 2508 olim
2219 2452 2545 2506 habitabant
2583 2469 2595 2503 :
2641 2450 2802 2504 nobis
2843 2465 2972 2504 vero
3011 2448 3326 2502 universam
3359 2445 3507 2500 illam
3533 2456 3644 2501 ter-

2059 2559 2200 2605 ram,
2255 2543 2415 2610 cujus
2451 2542 2640 2597 ﬁdeles
2677 2541 2915 2596 etiicient
2965 2547 3124 2594 erant
3169 2538 3400 2594 domini.

2131 2635 2303 2703 Opera
2342 2651 2596 2688 manuum
2653 2635 2767 2694 eius
2826 2634 3044 2698 veritas,
3094 2640 3145 2686 et
3186 2629 3475 2700 judicium.
3539 2631 3647 2684 Per

2059 2743 2256 2784 manus
2287 2728 2467 2783 Patris
2499 2728 2669 2796 aliqui
2711 2725 2912 2780 Filium
2971 2736 3027 2779 et
3073 2723 3340 2794 Spiritum
3393 2732 3648 2778 sanctum

377 2800 603 2871 Πνεῦμα
630 2803 971 2871 νενοὴκασιν,
1001 2803 1074 2866 ὡς
1093 2803 1482 2873 δημιουργοὺς,
1515 2797 1590 2858 ὧν
1621 2822 1788 2874 φασιν
1821 2807 1958 2876 ἔργα

2066 2820 2392 2888 intelligunt,
2458 2829 2720 2887 tanquam
2786 2825 3179 2886 cooperatores
3210 2823 3376 2884 atque
3415 2827 3524 2868 una
3548 2827 3646 2884 pa-

374 2892 470 2946 τοῦ
508 2891 607 2961 μὲν
635 2892 790 2959 ἁγίου
829 2892 1149 2962 Πνεύματος
1187 2893 1435 2964 ἀλήθεια.
1491 2895 1752 2960 Ἐκεῖνος
1823 2897 1952 2966 γὰρ,

2060 2910 2196 2964 riter
2231 2909 2482 2978 Opiﬁces,
2524 2922 2762 2977 quorum
2814 2920 3004 2976 opera,
3077 2905 3363 2960 veritatem
3411 2918 3534 2960 esse
3560 2903 3649 2957 di-

378 2985 564 3052 φησὶν,
597 2983 887 3052 ὁδηγήσει
927 2982 1080 3052 ὑμᾶς
1110 2986 1195 3051 εις
1227 2983 1435 3040 πᾶσαν
1462 2986 1578 3054 τὴν
1627 2985 1920 3063 ἀλήθειαν
1941 3005 1953 3018 ·

2066 3008 2214 3066 euut,
2269 3010 2323 3055 et
2404 2999 2677 3070 judicium
2713 3015 2728 3054 :
2762 2998 3050 3054 veritatem
3136 2996 3380 3066 quidem,
3445 3002 3645 3052 sancto

379 3075 473 3129 τοῦ
503 3076 560 3128 δέ
595 3076 722 3129 Υἱοῦ
754 3077 934 3146 κρίσις
962 3092 976 3107 ο
1011 3075 1228 3132 Πᾶσαν
1262 3079 1394 3146 γὰρ,
1437 3079 1621 3148 φησὶν,
1675 3076 1791 3146 τὴν
1827 3081 1953 3147 κρί-

379 3183 487 3223 σιν
517 3167 740 3221 δέδωκε
761 3168 842 3246 τῷ
863 3168 990 3233 Υἰῷ.
1034 3169 1219 3222 Ταῦτα
1251 3170 1307 3223 δέ
1351 3170 1590 3240 μάλιστα
1648 3169 1860 3234 τούτοις
1919 3172 1953 3242 ή

381 3257 572 3330 Γραφὴ
610 3259 871 3323 πολλάκις
903 3260 1385 3331 προσανατίθησιν.
1418 3262 1490 3314 Ἥ
1518 3260 1587 3314 τὰ
1627 3261 1766 3332 ἔργα
1791 3262 1955 3331 φησὶν

382 3350 474 3402 τοῦ
502 3351 739 3422 Χριστοῦ
767 3351 1019 3423 ἀληθινὰ,
1045 3353 1140 3406 καὶ
1177 3353 1238 3405 ού
1290 3354 1431 3406 κατὰ
1495 3354 1820 3422 φαντασίαν,
1862 3355 1958 3409 καὶ

384 3441 590 3505 δίκαια,
631 3443 1023 3515 ῆδιακριτικὰ,
1055 3444 1152 3498 καὶ
1181 3445 1524 3515 οἰκονομικὰ.
1569 3445 1628 3499 ’0
1655 3445 1714 3499 δὲ
1739 3447 1781 3499 Χ
1793 3445 1956 3516 ρυσό-

389 3551 588 3603 στομος
617 3535 938 3606 ἑρμηνεύων
979 3536 1038 3589 τὸ
1061 3536 1424 3607 προκείμενον
1456 3536 1640 3606 ῥητὸν,
1669 3535 1820 3604 λέγει
1865 3536 1962 3604 τὴν

390 3625 610 3696 Γραφὴν
639 3627 902 3690 πολλάκις
957 3627 1221 3698 ἀλήθειαν
1279 3627 1571 3697 ὀνομάζειν
1629 3627 1730 3696 τὴν
1779 3625 1968 3694 φιλανο

389 3716 659 3789 θρωπίαν,
690 3717 814 3771 καθ’
839 3718 868 3771 ὃ
888 3717 1289 3789 σημαινόμενον
1312 3718 1418 3790 χρὴ
1441 3719 1605 3781 νοεῖν,
1637 3718 1720 3770 ὃτι
1743 3718 1811 3770 τὰ
1828 3718 1967 3786 ἔργα

389 3805 484 3859 τοῦ
539 3805 675 3859 Θεοῦ
723 3807 1139 3879 φιλανθρωπίας
1201 3806 1398 3878 μεστὰ,
1440 3805 1537 3859 καὶ
1592 3806 1966 3878 δικαιοσύνης,

392 3899 670 3970 πανταχοῦ
709 3899 1001 3970 μιγνύντος
1030 3900 1353 3970 ἀμφοτέρας
1385 3914 1399 3930 ο
1433 3899 1544 3952 εἴτε
1596 3899 1705 3969 γὰρ
1762 3898 1966 3966 φιλαν-

392 3990 610 4064 θρωπίᾳ
629 3994 788 4063 μόνον
816 3993 1106 4064 ἐκέχρητο.
1138 3993 1340 4055 πάντες
1369 3993 1436 4045 ἂν
1460 3990 1928 4061 ἐρρᾳθυμήσαμεν
1950 4007 1962 4019 ο

392 4086 503 4139 εἴτε
534 4086 850 4158 δικαιοσύνῃ
887 4086 1046 4156 μόνῃ,
1071 4084 1275 4148 πάντες
1304 4085 1372 4138 ἂν
1403 4082 1796 4137 ἀπολώλεισαν.

2065 3093 2297 3165 Spiritui
2348 3093 2678 3158 tribuentes,
2739 3091 2808 3146 de
2865 3105 2977 3162 quo
3033 3089 3306 3160 scriptum
3362 3097 3491 3144 est:
3545 3086 3648 3142 Ille

2062 3183 2272 3238 inducet
2299 3198 2388 3237 vos
2424 3184 2480 3236 in
2498 3198 2702 3237 omnem
2733 3182 3010 3236 ueritatem
3042 3179 3088 3212 ”
3118 3197 3132 3246 ;
3153 3178 3424 3250 judicium
3457 3185 3644 3234 autem

2064 3275 2228 3342 Filio,
2288 3277 2354 3331 de
2397 3290 2507 3345 quo
2568 3274 2698 3329 alibi
2754 3273 2987 3344 legimus
3028 3271 3238 3327 dictum
3300 3285 3331 3325 a
3393 3269 3648 3334 Domino,

2066 3369 2212 3436 quod
2272 3366 2440 3421 Pater
2499 3383 2651 3422 omne
2700 3366 2967 3434 judicium
3019 3362 3162 3420 dedit
3198 3362 3342 3418 Filio
3378 3364 3425 3426 υ
3460 3380 3474 3417 :
3507 3377 3650 3434 quo-

2065 3454 2210 3508 circa
2271 3453 2559 3522 Scriptura
2630 3468 3012 3522 sa'penumero
3081 3452 3340 3523 prmdicta
3378 3505 3382 3508 ,
3424 3452 3649 3506 nomina

2067 3544 2176 3598 illis
2208 3544 2514 3612 respective
2592 3544 2867 3597 attribuit.
2957 3543 3050 3598 Vel
3113 3545 3274 3599 aliter
3309 3563 3322 3600 :
3355 3543 3450 3598 Dic
3503 3542 3651 3613 quod

2067 3647 2234 3701 opera
2268 3632 2476 3686 Christi
2541 3646 2668 3686 vera
2733 3641 2885 3699 sunt,
2935 3643 2988 3687 ct
3043 3649 3151 3686 non
3216 3633 3565 3703 imaginaria,
3599 3643 3655 3688 et

2070 3720 2237 3774 simili
2277 3720 2461 3785 modo,
2491 3721 2642 3790 jusla
2702 3729 2869 3775 sunt:
2904 3722 2987 3776 vel
3019 3721 3166 3791 quod
3214 3731 3364 3776 recto
3416 3723 3652 3792 judicio,

2071 3818 2128 3863 et
2159 3824 2404 3880 congrua
2475 3810 2899 3866 administrandi
2975 3828 3189 3879 norma,
3225 3828 3255 3866 a
3304 3814 3414 3868 Deo
3469 3815 3656 3869 omnia

2071 3891 2486 3970 dispensantur.
2507 3901 2936 3973 Chrysostomus
2983 3918 3112 3958 vero
3146 3905 3478 3961 versiculum
3507 3906 3655 3961 hunc
3732 3898 3736 3903 ’

2077 4007 2359 4062 exponens
2410 3994 2562 4060 dicit,
2613 3994 2761 4064 quod
2802 3996 2943 4066 apud
3007 3995 3353 4066 Scripturam
3409 4013 3656 4067 saepenu-

2084 4101 2237 4140 mero
2288 4086 2534 4140 veritatis
2561 4101 2760 4140 nomen
2787 4088 3061 4156 reperitur
3097 4103 3195 4157 pro
3231 4087 3652 4144 misericordia:

392 4182 546 4251 juxta
573 4195 735 4251 quam
778 4178 1235 4251 signiﬁcationem
1268 4174 1426 4241 dicit,
1465 4174 1615 4244 quod
1653 4175 1746 4229 Dei
1790 4188 1956 4243 opera
1996 4175 2376 4231 misericordia
2413 4193 2476 4230 ac
2507 4176 2724 4245 justitia
2760 4178 2920 4247 plena
2988 4187 3120 4234 sunt
3165 4195 3290 4234 cum
3366 4190 3657 4250 utramque

395 4293 614 4349 semper
647 4292 756 4333 una
808 4276 955 4333 Deus
1021 4274 1396 4332 commisceat.
1447 4270 1582 4325 Nam
1639 4269 1685 4326 si
1746 4271 2122 4326 misericordia
2184 4282 2450 4342 perpetuo
2524 4283 2790 4340 uteretur,
2847 4275 3190 4347 negligentes
3254 4277 3481 4332 omnino
3532 4277 3655 4332 red-

397 4374 700 4428 deremur:
747 4384 940 4426 rursus
1014 4368 1063 4424 si
1129 4367 1246 4422 sola
1289 4364 1531 4435 justitia,
1575 4362 1792 4434 jamdiu
1844 4365 1974 4418 olim
2015 4379 2206 4420 Omnes
2247 4366 2544 4434 perissent.

467 4468 899 4536 Iha’talgzcio'at
943 4469 1004 4521 αἰ
1061 4463 1302 4520 ἐντολαί
1349 4461 1559 4517 αὑτοῦ.
1615 4460 1956 4516 Πιστεύεσθα

2156 4461 2392 4517 Vsus.8.
2431 4463 2641 4517 Fidelia
2676 4466 2854 4518 omnia
2884 4467 3138 4519 mandata
3158 4466 3295 4536 ejus.
3330 4496 3394 4507 —
3427 4465 3659 4530 Fidelia,

401 4563 573 4629 ἄξιαι.
604 4561 674 4614 Ἦ
698 4559 886 4630 ἐπειδὴ
913 4557 1102 4612 πᾶσαι
1144 4551 1289 4618 εἷπε,
1330 4554 1441 4607 νόει
1474 4570 1566 4623 μοι
1586 4551 1805 4620 πρῶτον
1847 4552 1968 4620 μὲν,

399 4655 468 4707 τὰ
497 4653 595 4724 τῆς
623 4651 875 4714 κτίσεως,
911 4649 977 4711 ἃς
1003 4647 1322 4719 διατηροῦσι
1352 4644 1620 4712 φυσικῶς,
1653 4645 1682 4696 ό
1705 4643 1934 4714 οὐρανὸς
1960 4681 1976 4701 .

402 4745 498 4800 καὶ
553 4747 580 4798 ό
634 4743 805 4813 ἥλιος,
857 4742 953 4794 καὶ
988 4741 1022 4811 ἠ
1078 4739 1298 4809 σελήνη,
1331 4738 1424 4790 καὶ
1471 4736 1539 4789 τὰ.
1566 4735 1763 4802 ἄστρα,
1795 4735 1890 4789 καὶ⁵
1944 4735 1977 4804 ή

404 4836 606 4907 ἡμέρα,
637 4836 732 4889 καὶ
763 4835 796 4904 ὴ
832 4831 949 4896 νὺξ,
969 4831 1065 4884 καὶ
1096 4830 1150 4882 αἰ
1181 4823 1346 4898 ὧραι,
1381 4828 1474 4880 καὶ
1497 4829 1531 4894 ὴ
1567 4829 1664 4896 γῆ,
1687 4829 1782 4881 καὶ
1815 4843 1981 4879 ποταο

411 4929 524 4997 μοὶ,
555 4928 650 4980 καὶ
682 4925 894 5002 λίμναι,
933 4922 1026 4976 καὶ
1060 4919 1260 4988 πηγαὶ,
1293 4920 1386 4971 καὶ
1417 4918 1583 4986 φυτὰ,
1608 4917 1702 4970 καὶ
1735 4917 1976 4988 βοτάναι,

407 5019 502 5070 καὶ
530 5015 715 5078 ἁπλῶς
745 5017 844 5069 ὅσα
865 5031 924 5066 τε
945 5011 1047 5080 τῆς
1077 5011 1286 5081 ἀψύχου
1312 5008 1547 5079 φύσεως,
1578 5008 1670 5061 καὶ
1729 5009 1828 5061 ὅσα
1880 5009 1980 5078 τῆς

409 5109 654 5180 ἐμψύχου
690 5108 810 5178 μὲν,
838 5107 1036 5174 ἀλόγου
1067 5105 1147 5159 δέ.
1180 5105 1412 5158 Ἔπειτα
1448 5101 1667 5165 καὶτὰς
1701 5116 1979 5169 συγκαταο

409 5199 711 5268 ληφθείσας
747 5198 808 5263 ἐξ
850 5200 1026 5270 ἀρχῆς
1071 5199 1138 5267 τῇ
1171 5195 1332 5264 φύσει
1385 5193 1495 5246 τῶν
1541 5191 1864 5264 ἀνθρώπων,
1913 5190 1980 5255 ἃς

411 5291 754 5361 φυλάττουσι,
787 5291 881 5344 καὶ
928 5290 978 5343 οἰ
1035 5290 1110 5359 μὴ
1157 5287 1320 5358 νόμον
1360 5285 1635 5356 ἔγγραφον
1661 5284 1938 5353 εἰληφότες
1965 5297 1979 5312 ⁶

411 5379 515 5437 εἷθ’
537 5383 710 5446 οὕτως
733 5384 828 5436 καὶ
883 5382 982 5446 τὰς
1004 5379 1259 5452 γραπτὰς
1306 5380 1548 5443 ἐντολὰς,
1571 5376 1666 5432 τοῦ
1713 5376 1804 5431 διὰ
1849 5377 1982 5431 Mm.

414 5474 551 5539 σέιυς
595 5473 841 5538 δοθέντος
873 5475 1038 5542 νόμου
1072 5487 1087 5502 °
1115 5473 1208 5526 καὶ
1231 5471 1563 5536 τελευταῖον,
1611 5469 1709 5536 τὰς
1750 5469 1985 5540 εὐαγγε-

522 5656 569 5687 ⁹³
604 5656 760 5712 Joan.
800 5669 909 5719 xw,
938 5653 1025 5707 i5.
1103 5653 1149 5687 “
1184 5653 1341 5710 Joan.
1376 5670 1428 5719 ν,
1468 5652 1561 5710 22.

2087 4552 2190 4608 hoc
2232 4561 2338 4616 est,
2397 4553 2500 4609 ﬁde
2551 4556 2736 4625 digna.
2808 4555 2871 4610 lit
2910 4556 3040 4626 quia
3079 4557 3264 4611 omnia
3317 4557 3455 4612 dixit
3504 4573 3658 4611 tuan-

2084 4647 2232 4713 data,
2284 4647 2461 4716 primo
2499 4663 2563 4702 ea
2605 4647 2871 4716 intellige,
2913 4665 3034 4719 qua:
3073 4648 3137 4702 ad
3170 4648 3507 4703 creationem
3539 4662 3664 4716 spe~

2085 4750 2255 4806 ctaut,
2307 4755 2537 4810 quaeque
2573 4750 2770 4795 natura
2803 4740 2966 4805 duce,
3000 4741 3188 4795 omnia
3223 4741 3523 4796 observant
3553 4741 3665 4793 ele-

2083 4842 2291 4897 menta,
2323 4832 2524 4886 caelum
2559 4833 2841 4895 nimirum,
2897 4831 3001 4896 sol,
3043 4833 3196 4897 luna,
3251 4832 3454 4896 sidera,
3519 4829 3663 4893 dies,

2086 4937 2218 4989 nox,
2252 4921 2424 4987 hora,
2477 4933 2643 4987 terra,
2672 4923 2919 4989 nuiiiina,
2957 4930 3174 4994 stagna,
3206 4923 3408 4984 fontes,
3439 4921 3657 4990 planta},

2090 5017 2296 5080 herbae,
2355 5024 2410 5071 et
2462 5017 2646 5070 omnia
2688 5017 2945 5085 denique,
2989 5030 3112 5086 quae
3153 5026 3261 5070 tam
3313 5015 3380 5067 ad
3409 5023 3664 5068 naturam

2091 5109 2288 5163 anima
2339 5123 2571 5178 prorsus
2620 5117 2900 5178 expertem
2988 5122 3151 5175 quam
3211 5105 3276 5158 ad
3339 5103 3662 5168 auimatam,

2094 5198 2189 5255 sed
2233 5199 2448 5255 ratione
2503 5208 2807 5266 carentem,
2853 5199 3151 5268 pertinent.
3218 5193 3423 5249 Deinde
3478 5194 3664 5249 omnia

2091 5293 2256 5348 etiam
2302 5291 2579 5355 mandata,
2642 5306 2766 5363 qua:
2839 5291 2908 5345 ab
2963 5289 3122 5346 initio
3181 5289 3420 5343 humano
3479 5289 3664 5357 generi

2091 5384 2220 5440 data
2253 5391 2405 5450 sunt,
2440 5399 2672 5455 quaeque
2697 5383 2852 5439 abiis
2874 5380 3336 5446 observabantur,
3370 5379 3460 5449 qui
3490 5378 3663 5450 legem

2091 5475 2350 5553 scriptam
2389 5490 2502 5535 non
2571 5475 2905 5533 habuerant.
2942 5471 3132 5531 Tertio
3184 5471 3311 5527 loco
3368 5486 3434 5527 ea
3471 5470 3663 5539 etiam,
