4076 6204
439 249 576 313 1095

1677 249 1997 310 EUTilYM
2016 252 2062 309 ll
2099 248 2460 309 ZiGABENI

3561 244 3727 308 1ιι96

434 382 558 438 qua:
606 380 700 437 per
728 366 898 435 legem
960 358 1127 433 Moysi
1181 362 1405 431 scriptis
1453 361 1652 415 tradita
1709 368 1859 415 sunt.
1912 362 2014 415 Po-

2132 359 2363 427 γε).ικὰ;,
2389 361 2446 412 αἲ
2481 362 2671 422 πᾶσαι,
2718 362 2874 431 φησι,
2910 359 3121 424 πισταὶ,
3182 358 3430 411 τουτέστι
3461 358 3721 428 βέϐαιοι,

438 467 647 513 stremo
680 471 807 509 vero
840 455 955 523 ipsa
1009 464 1279 522 [incoepta
1314 452 1648 521 evangelica,
1693 465 1815 520 quae
1854 466 2011 504 man-

436 551 563 602 data
620 546 805 601 omnia
857 544 1037 598 ﬁdelia
1086 553 1237 605 sunt,
1296 544 1397 597 hoc
1436 551 1540 602 est,
1615 543 1793 604 lirma,
1847 548 2013 609 atque

437 639 780 693 inconcussa.
806 618 964 697 Nam,
986 635 1089 687 etsi
1123 632 1371 702 quaedam
1400 631 1646 685 Mosaicae
1686 631 1820 699 legis
1853 646 2010 683 man-

2117 452 2534 522 ὰμετακίνητοι.
2567 453 2627 504 Εἰ
2661 451 2773 522 γὰρ
2794 451 2888 505 καί
2928 469 3050 504 τινα
3073 450 3167 503 τοῦ
3198 450 3497 503 Μωσαῖκοῦ
3528 451 3721 519 νόμον

2115 543 2552 612 κατεϐλήθησαν,
2590 542 2704 596 ἀλλ’
2740 544 2834 596 ἐπὶ
2860 543 2919 595 τὸ
2957 542 3190 613 βέλτιον,
3220 544 3311 595 ἐπὶ
3338 542 3400 594 τὸ
3436 543 3722 612 ὑψηλότεο

2118 651 2229 703 ρον.
2268 635 2458 698 Οὐδεὶς
2487 634 2581 689 οὖν
2612 634 2839 689 δύναται
2872 635 3076 696 ταύτας
3103 636 3438 703 ἀναφανίσαι
3460 650 3475 665 ο
3514 637 3582 686 '0
3603 635 3720 686 οὐο

436 730 561 783 data
611 731 793 781 soluta
830 726 962 789 sint,
1022 739 1207 779 verum
1269 738 1378 776 non
1431 732 1541 776 tam
1573 722 1775 785 soluta,
1844 712 2006 791 quam

2132 726 2293 790 >ανὸς
2326 726 2455 797 γὰρ,
2483 727 2637 797 φησὶ,
2670 728 2769 781 καὶ
2809 728 2845 794 ἡ
2883 726 2958 796 γῆ
2991 726 3503 793 παρελεύσονται*
3542 728 3601 780 οι
3638 725 3721 777 δὲ

440 821 492 873 ἰιι
525 821 720 873 melius
756 818 1047 887 disposita,
1106 825 1269 885 atque
1311 815 1586 869 intellecta
1622 815 1725 869 dici
1757 823 2009 884 possunt.

2109 818 2277 885 λόγοι
2317 838 2437 886 μου
2472 821 2542 873 οὑ
2560 819 2645 888 μὴ
2679 821 3077 888 παρέλθωσιν.

437 913 610 969 Nemo
657 911 828 982 igitur
861 926 925 966 ea
983 911 1186 979 poterit
1246 908 1478 965 delere:
1515 906 1715 962 Caium
1755 908 1931 973 cnim,
1967 908 2165 978 inquit,
2206 922 2256 964 ct
2304 923 2447 966 terra
2520 914 2853 977 transibunt,
2890 916 3045 968 rerba
3126 926 3304 968 autem
3397 930 3511 967 mea
3603 931 3718 969 non

440 1008 744 1062 transibunt
777 1008 845 1060 ⁸⁸.

508 1106 835 1165 Conﬁrmata
863 1105 916 1155 in
947 1103 1197 1157 strculum
1243 1100 1446 1156 stvculi.
1475 1098 1724 1166 Stabilia,
1758 1099 2006 1167 inquam,

440 1206 495 1249 Cl
535 1206 803 1263 perpetuo
858 1209 1115 1248 mansura
1131 1224 1143 1235 -

516 1284 685 1337 Facta
738 1285 789 1336 in
839 1288 1075 1343 veritate,
1132 1291 1181 1336 et
1241 1280 1578 1335 rectitudine.
1637 1278 1782 1334 Nihil
1846 1278 2013 1340 enim,

442 1377 642 1443 inquit,
686 1376 743 1428 in
813 1375 894 1428 eis
947 1375 1143 1428 falsum
1202 1385 1306 1436 ρει,
1351 1374 1486 1426 nihil
1554 1371 1861 1439 obliquum.
1920 1367 2015 1422 Vel

443 1470 622 1530 aliter,
665 1482 759 1534 per
795 1466 1107 1527 veritatem,
1154 1466 1458 1517 claritatem
1509 1462 1772 1531 intellige,
1806 1476 1903 1530 per
1933 1478 2017 1514 rc—

443 1558 766 1611 eti:nu’inem
806 1572 957 1619 vero,
999 1565 1209 1609 rectum
1265 1554 1560 1623 judicium.
1621 1552 1814 1606 Omnia
1868 1551 2012 1605 enim

440 1653 561 1716 eius
606 1649 859 1701 mandata
903 1663 1028 1700 vera
1088 1656 1239 1707 sunt,
1286 1658 1337 1701 et
1372 1646 1542 1711 clara,
1581 1659 1641 1699 ac
1681 1652 1829 1698 recte
1859 1643 2013 1698 incc-

442 1744 570 1794 dere
604 1754 702 1794 nos
742 1740 961 1793 docent.
2055 1751 2094 1807 Β

512 1855 677 1908 Vsus.
713 1854 766 1908 9.
810 1853 1234 1921 Redemptionem
1295 1852 1437 1906 misit
1487 1851 1677 1920 populo
1711 1869 1827 1903 suo.
1854 1849 2019 1906 Pater

446 1948 591 2001 misit
627 1945 822 1999 Filium
870 1961 1056 2008 suum,
1105 1943 1255 1997 Misit
1284 1946 1428 1997 enim
1458 1960 1555 2007 me,
1591 1945 1787 2013 inquit,
1821 1944 2018 2010 praedi-

443 2057 563 2093 care
588 2041 801 2107 captivis
848 2039 1206 2091 remissionem
1243 2037 1310 2092 ".
1350 2036 1413 2089 Et
1452 2026 1646 2090 rursus
1677 2038 1741 2089 de
1791 2052 1855 2087 eo
1880 2035 2019 2089 scri-

445 2146 592 2201 ptum
628 2144 709 2187 est
747 2152 760 2186 :
793 2130 913 2199 Ipse
975 2129 1178 2184 salvum
1245 2129 1401 2197 faciet
1458 2129 1708 2197 papulum
1764 2144 1920 2182 suum
1950 2128 2017 2182 ".

445 2226 575 2279 ltcm
618 2226 711 2294 qui
756 2225 919 2278 datus
965 2230 1050 2277 est
1085 2222 1246 2277 nobis
1275 2236 1305 2275 a
1348 2221 1459 2275 Deo
1496 2220 1799 2289 redemptio
1825 2220 1892 2282 ⁸⁸,
1932 2235 2020 2272 se-

445 2320 684 2375 cundum
714 2317 1058 2387 Apostolum.

514 2411 785 2466 Mandavit
816 2411 867 2462 in
916 2410 1169 2462 sa'culum
1219 2416 1585 2460 testamentum
1617 2423 1791 2459 suum.
1827 2406 1885 2458 ιιι
1918 2421 2021 2459 sa:-

448 2504 656 2568 eulum,
693 2503 935 2571 inquam,
969 2501 1323 2561 conveniens.
1362 2514 1423 2552 ac
1453 2498 1498 2552 si
1555 2498 1795 2551 diceret:
1825 2496 2021 2552 Testa-

451 2604 699 2648 mentum
733 2609 893 2648 snnm
926 2591 1064 2645 Deus
1097 2592 1150 2645 in
1189 2599 1318 2659 apto
1357 2599 1414 2644 et
1473 2588 1820 2643 convenienti
1881 2598 2022 2641 tem-

450 2703 582 2756 pore
628 2685 946 2739 lmrninibus
982 2683 1227 2737 tradidit.
1267 2682 1359 2738 Vel
1403 2683 1457 2736 in
1501 2680 1779 2744 saeculum,
1837 2693 1935 2749 pro
1968 2679 2019 2731 in

448 2788 735 2844 aeternum,
774 2776 953 2847 ipsum
1003 2776 1385 2843 Evangelium,
1439 2785 1705 2828 adernum
1738 2772 2023 2841 appellans

448 2870 882 2933 Testamentum,
968 2869 1167 2937 dequo
1204 2869 1332 2921 alibi
1406 2866 1674 2936 scriptum
1740 2864 2020 2934 legimus:

2206 1099 2648 1169 Ἐστηριῃιένιιι
2712 1103 2801 1165 εἰς
2860 1100 2967 1154 τὸν
3040 1098 3227 1153 αἰῶνα
3293 1099 3399 1155 τοῦ
3460 1100 3713 1166 αἰῶνος,

2131 1189 2393 1260 Ἐδραίαι,
2423 1190 2714 1259 διηνεκεῖς,
2748 1192 2987 1259 μόνιμοι.

2189 1284 2587 1351 Πεποιημέναι
2619 1284 2686 1336 ἐν
2719 1285 2990 1351 ἀληθείᾳ,
3026 1283 3121 1336 καὶ
3152 1286 3449 1352 sortema.
3508 1285 3713 1346 Οὐδὲν,

2118 1380 2306 1446 φησιν,
2337 1380 2396 1430 ἐν
2418 1379 2606 1441 αὐτοῖς
2629 1378 2847 1447 ψευδὲς,
2873 1379 2994 1432 οὐδὲ
3023 1378 3238 1431 σκολιόν
3267 1393 3280 1407 ⁸
3321 1379 3353 1448 ἢ
3378 1380 3471 1431 καὶ
3502 1380 3715 1443 ἄλλως,

2116 1470 2376 1539 ἀλήθειαν
2413 1471 2511 1540 μὲν
2550 1470 2769 1540 νόησον,
2797 1470 2895 1540 τὴν
2930 1473 3234 1541 σαφήνειαν
3269 1488 3283 1502 ·
3314 1471 3591 1541 εὐθύτητα
3629 1472 3711 1533 δὲ,

2115 1561 2214 1629 τὴν
2242 1560 2590 1630 ὀρθοτομίαν,
2631 1561 2717 1614 ὅτι
2754 1562 2927 1615 πᾶσαι
2955 1560 3196 1632 ἀληθεῖς,
3238 1563 3331 1615 καὶ
3365 1565 3573 1631 σαφεῖς,
3611 1564 3715 1616 καὶ

2116 1652 2252 1722 ὀρθὰ
2311 1651 2517 1721 βαίνειν
2546 1651 2918 1708 διδάσκουσαι.

2195 1857 2505 1924 Λύτρωσιν
2536 1856 2857 1911 ἀπέστειλε
2897 1858 2977 1922 τῷ
3019 1858 3147 1925 λαῷ
3173 1858 3380 1914 αὐτοῦ.
3431 1859 3489 1911 Ὁ
3515 1859 3714 1927 Πατὲρ

2125 1949 2217 2001 τὸν
2250 1948 2398 2010 Υὶὸν,
2429 1950 2547 2019 ἦτοι
2600 1949 2691 2001 τὸν
2724 1951 2962 2020 Χριστόν
2994 1967 3008 1982 ·
3062 1952 3404 2005 Ἀπέστειλε
3446 1952 3556 2021 γάρ
3605 1969 3711 2019 με,

2128 2042 2282 2110 φησι,
2317 2041 2571 2109 κηρύξαι
2617 2043 3012 2111 αἰχμαλώτοις
3066 2044 3292 2112 ἄφεσιν
3324 2061 3338 2075 ’
3375 2046 3469 2097 καὶ
3509 2046 3677 2097 πάλιν
3699 2061 3711 2073 ·

2124 2132 2319 2198 Αὐτὸς
2348 2134 2456 2204 γὰρ
2481 2134 2665 2187 σώσει
2688 2134 2793 2187 τὸν
2822 2135 2979 2189 latr
3018 2135 3226 2189 αὐτοῦ.
3275 2138 3386 2191 Καὶ
3436 2138 3495 2199 ὃς
3549 2138 3713 2206 ἐδόθη

2128 2225 2260 2293 ἡμῖν
2291 2224 2360 2279 τά
2387 2243 2447 2279 τε
2476 2226 2610 2280 ἄλλα
2653 2228 2762 2280 ἀπὸ
2810 2228 2947 2281 Θεοῦ
2985 2228 3079 2282 καὶ
3118 2230 3518 2301 ἀπολύτρωσις,
3566 2234 3717 2284 κατὰ

2126 2316 2217 2368 τὸν
2245 2316 2587 2371 Ἀπόστο).ον.

2210 2407 2584 2462 Ἕνετειλατό
2646 2412 2733 2476 εἱς
2798 2410 2905 2463 τὸν
2989 2412 3175 2465 αἰῶνα
3240 2413 3533 2479 διαθήκην
3598 2415 3715 2467 αὐ-

2132 2496 2237 2549 τοῦ
2264 2496 2500 2565 (‘27-28).
2543 2498 2875 2552 Ἐνετείλατο
2903 2500 2984 2561 εἰς
3011 2500 3104 2553 τὸν
3129 2501 3303 2553 αἰῶνα
3335 2501 3598 2571 διαθήκην
3617 2500 3717 2552 αὐ·

2130 2588 2246 2651 τοῦ,
2269 2590 2367 2657 τὴν
2394 2589 2539 2651 νέαν,
2574 2588 2606 2659 ἥ
2644 2589 2862 2642 αἰώνιον
2882 2590 3147 2658 διαθήκην
3186 2591 3374 2654 αὐτοῦ,
3408 2592 3505 2661 τὴν
3534 2591 3713 2657 εὐαγ-

2130 2676 2357 2745 γελικήν
2378 2692 2393 2708 ο
2420 2676 2595 2729 Δώσω
2617 2678 2745 2745 γὰρ,
2762 2683 2947 2749 φησὶν,
2968 2683 3108 2747 ὑμιν
3127 2679 3423 2748 διαθήκην
3447 2682 3711 2733 αἰώνιον.

2141 2767 2202 2820 ἸΙ
2272 2768 2380 2838 γὰρ
2427 2768 2696 2839 Μωσαῖκὴ
2757 2774 3089 2842 πρόσκαιρος
3127 2768 3196 2841 ἦν
3238 2772 3296 2824 τό
3346 2790 3405 2824 τε
3453 2773 3713 2840 φαινόμε-

2133 2877 2221 2914 νον
2267 2860 2404 2931 (29),
2436 2861 2627 2929 αὐτῆς,
2661 2863 2755 2916 καὶ
2779 2864 2903 2917 ὅσον
2933 2865 3163 2919 tumbe
3183 2866 3276 2919 καὶ
3307 2865 3556 2928 σκιιὶδες.

453 2966 598 3019 Dabo
643 2965 784 3020 vobis
820 2973 1191 3018 testamentum
1225 2973 1482 3018 retentum
1517 2963 1585 3015 θ’,
1611 2958 2027 3018 Testamentum
2057 2957 2206 3013 enim
2250 2947 2549 3012 Mosaicum
2612 2959 3005 3027 temporarium
3072 2960 3195 3025 fuit,
3273 2960 3320 3016 si
3374 2960 3711 3016 exteriorem

448 3060 569 3129 ejus
614 3076 860 3120 sensum.
896 3060 940 3113 si
976 3060 1201 3129 ﬁguras,
1253 3068 1308 3131 et
1345 3058 1569 3112 umbras
1600 3057 1746 3111 ineo
1804 3063 2104 3111 contentas
2147 3051 2487 3123 aspiciamus
2518 3063 2571 3107 et
2621 3055 2966 3109 occidentem
3024 3055 3310 3109 litteram:
3356 3070 3518 3112 secus
3578 3072 3713 3113 vero

450 3153 495 3206 si
526 3154 846 3205 interiorem
906 3161 1219 3218 spectemus
1266 3165 1493 3205 sensum
1528 3164 1591 3202 ac
1629 3163 1719 3202 res
1767 3150 1871 3204 sub
1926 3146 2249 3217 bujusmodi
2289 3146 2525 3213 umbris,
2577 3160 2640 3201 ac
2670 3147 2863 3217 ﬁguris
2897 3148 3237 3219 designatas.

522 3241 779 3296 Sanctum
820 3250 868 3295 et
906 3241 1137 3294 terribile
1184 3256 1373 3293 nomen
1422 3240 1557 3307 ejus.
1587 3237 1795 3293 Christi
1834 3254 2032 3294 nomen
2065 3235 2107 3291 C

450 3344 702 3389 sanctum
761 3334 981 3404 quidem
1037 3342 1146 3399 est,
1206 3333 1369 3387 veluti
1421 3349 1528 3402 quo
1604 3333 2028 3389 innumerabilia

450 3428 638 3484 eﬂ'eCIa
675 3437 802 3482 sunt
831 3425 1117 3489 miracula,
1154 3425 1400 3480 terribile
1432 3439 1563 3479 vero
1621 3425 1760 3494 (seu,
1814 3435 1867 3477 ιιι
1901 3439 2028 3493 pro-

454 3520 608 3587 prius
651 3518 831 3587 signat
862 3514 1049 3571 Grmca
1114 3516 1304 3579 dictio,
1360 3514 1611 3585 φοϐερὸν,
1685 3515 2021 3583 timendum),

2214 3238 2413 3306 Ἀγιον
2434 3237 2534 3291 καὶ
2558 3239 2818 3308 φοϐερὸν
2849 3240 2919 3293 τὸ
2954 3238 3143 3307 ὄνομα
3190 3240 3409 3295 αὑτοῦ.
3461 3239 3534 3292 Τὸ
3568 3242 3703 3305 Χρι-

2147 3330 2297 3395 στός
2328 3345 2345 3362 ·
2377 3332 2533 3399 ἅγιον
2567 3331 2687 3400 μὲν,
2719 3331 2793 3394 ὡς
2826 3334 2997 3401 μυρία
3035 3331 3671 3403 θαύματαὲργαζόμενον
3691 3350 3705 3363 υ

2138 3420 2370 3492 φοϐερὸν
2408 3422 2486 3487 δὲ,
2514 3423 2589 3486 ὡς
2614 3423 2843 3478 ὲλαῦνον
2871 3420 3156 3496 δαίμονας,
3194 3427 3290 3479 καὶ
3324 3427 3530 3489 νόσους.
3566 3427 3624 3479 Ei
3649 3426 3706 3478 δὲ

2136 3517 2304 3583 ἁγίων
2339 3514 2450 3585 ἄρα
2469 3517 2642 3569 δεῖται
2672 3519 2957 3587 στομάτων
2986 3521 3064 3581 εἰς
3098 3519 3445 3589 ὑμνολογίαν.

452 3611 579 3683 quia
623 3610 896 3664 dremones
938 3609 1184 3677 expellit,
1232 3617 1288 3662 et
1332 3606 1710 3676 aegritudines.
1758 3605 1915 3672 Quod
1980 3606 2028 3661 si
2062 3606 2267 3663 Christi
2301 3622 2503 3662 nomen
2530 3618 2783 3663 sanctum
2815 3620 2921 3676 est,
2955 3620 3173 3681 oportet
3232 3612 3349 3681 ipsa
3381 3612 3547 3665 etiam
3593 3626 3709 3673 ora,

453 3720 516 3760 ac
585 3706 822 3775 linguas,
884 3717 1006 3772 quae
1073 3701 1207 3755 illud
1270 3701 1558 3754 laudatura
1621 3702 1777 3763 sunt,
1839 3710 2033 3754 sancta
2065 3715 2223 3757 esse.

522 3799 690 3854 Vsus.
728 3798 815 3852 10.
853 3795 1080 3850 Initium
1131 3794 1406 3861 sapientia:
1434 3795 1594 3847 timor
1652 3792 1885 3846 Domini.
1931 3791 2029 3847 Est

452 3893 599 3948 enim
631 3888 945 3959 hujusmodi
986 3887 1150 3940 timor
1191 3886 1316 3941 ions
1378 3900 1443 3940 ac
1498 3886 1654 3940 radix
1720 3884 2025 3955 sapientiae.

455 3985 559 4041 Ubi
592 3984 737 4039 etiim
774 3993 859 4036 est
892 3984 1075 4044 timor,
1112 3978 1224 4033 illic
1258 3988 1314 4034 et
1343 3977 1731 4034 mandatorum
1764 3978 2029 4034 observa-

457 4083 578 4146 tio;
627 4077 719 4131 ubi
779 4086 963 4131 autem
1017 4072 1325 4128 observatio
1385 4072 1797 4137 mandatorum,
1847 4070 1964 4126 illic
2008 4076 2069 4124 et

456 4167 738 4240 splendor.

527 4259 823 4314 Prudentia
863 4266 1042 4311 autem
1083 4258 1219 4311 bona
1263 4258 1504 4311 omnibus
1532 4254 1852 4325 facientibus
1885 4268 2027 4307 eam.

458 4354 574 4408 lloc
626 4362 709 4407 est
735 4350 1097 4421 Operantibus
1139 4347 1446 4403 secundum
1487 4347 1859 4417 prudentiam,
1886 4344 2032 4400 bona

455 4444 723 4499 accrescit
755 4440 1067 4511 prudentia.
1122 4436 1218 4491 Est
1268 4438 1415 4492 enim
1457 4436 1705 4505 quaedam
1742 4434 2033 4507 prudentia

458 4537 620 4597 mala,
653 4536 719 4587 dc
751 4549 857 4603 qua
886 4518 1157 4600 scriptum
1202 4538 1286 4584 est
1319 4546 1333 4583 :
1366 4528 1661 4584 Prudentes
1695 4538 1751 4583 ut
1803 4528 2034 4599 malefa-

455 4626 620 4678 ciant.
690 4622 784 4676 Vel
834 4618 1362 4675 aliter:Prudentia
1420 4621 1562 4674 bona
1588 4628 1693 4685 est,
1774 4627 1829 4674 et
1883 4618 2037 4674 utilis

2217 3790 2388 3860 Ἀρχὴ
2413 3792 2637 3861 σοφίας
2716 3792 2901 3860 φόϐος
2972 3794 3213 3862 Κυρίου.
3287 3794 3445 3867 Πηγὴ
3486 3796 3710 3866 σοφίας,

2139 3884 2286 3954 ῥίζα,
2314 3885 2590 3947 ὑπόθεσις.
2623 3880 2702 3940 Οὗ
2732 3886 2844 3956 γὰρ
2874 3885 3041 3955 φόϐος
3084 3888 3316 3941 ἐντολῶν
3356 3890 3609 3961 τήρησις,
3652 3886 3710 3942 οὗ

2137 3976 2194 4029 δὲ
2227 3977 2389 4047 αὓτη,
2429 3976 2721 4047 κάθαρσις.
2751 3972 2825 4032 Οὖ
2847 3979 2903 4032 δὲ
2930 3981 3218 4052 κάθαρσις,
3258 3982 3545 4054 ἔλλαμψις.

2139 4070 2412 4124 munditia
2472 4087 2487 4136 ;
2565 4070 2659 4127 ubi
2729 4087 2859 4127 vero
2935 4074 3222 4140 munditia,
3276 4075 3350 4129 ibi
3435 4078 3595 4129 etiam
3658 4086 3714 4132 et

2211 4249 2468 4315 Σύνεσις
2496 4249 2565 4302 δὲ
2591 4251 2806 4320 ἀγαθὴ,
2836 4252 2988 4307 πᾶσι
3038 4255 3163 4321 τοῖς
3191 4256 3474 4329 ποιορσιν
3500 4259 3713 4327 αὐτήν.

2140 4342 2266 4405 Τοῖς
2290 4342 2507 4396 ποιοῦσι
2534 4342 2634 4414 τὴν
2661 4345 2875 4415 σοφίαν,
2918 4348 3030 4407 τοῖς
3061 4346 3455 4417 ἐργαζομένοις
3490 4350 3712 4422 ταύτην,

2138 4436 2255 4497 τοῖς
2291 4434 2623 4504 εὐποροῦσιν
2645 4437 2841 4505 αὐτῆς,
2873 4437 3091 4502 σύνεσις
3120 4439 3303 4510 ἀγαθὴ
3339 4443 3709 4511 προσγίνεται.

2143 4528 2301 4580 Ἔστι
2333 4528 2465 4597 γὰρ,
2508 4529 2601 4582 καὶ
2625 4530 2843 4593 σύνεσις
2868 4532 3111 4600 πονηρά·
3161 4533 3347 4603 Σοφοὶ
3392 4536 3524 4605 γὰρ,
3561 4540 3713 4606 φησὶ,

2144 4620 2254 4674 τοῦ
2282 4621 2708 4687 κακοποιῆσαι.
2745 4624 2816 4676 Ἦ
2851 4625 2946 4678 καὶ
2974 4625 3177 4696 ἑτέρως
3202 4642 3218 4656 ·
3251 4629 3285 4696 ἠ
3333 4627 3549 4690 σύνεσις
3582 4633 3716 4693 αγα-

458 4732 564 4770 non
620 4715 687 4769 iis
727 4714 1052 4785 simpliciter
1088 4716 1181 4785 qui
1229 4730 1349 4771 eam
1399 4714 1622 4777 habent,
1685 4712 1783 4767 sed
1823 4711 1893 4769 iis
1941 4711 2028 4781 qui

2145 4709 2213 4782 θή
2244 4713 2415 4774 ἐστιν,
2456 4714 2656 4778 εττουν,
2676 4714 2974 4784 ὠφέλιμος,
3006 4716 3067 4768 οὐ
3105 4719 3216 4781 τοῖς
3268 4715 3455 4780 ἁπλῶς
3505 4719 3712 4788 ἔχουσιν

456 4824 519 4862 ea
552 4816 781 4862 utuntur
811 4808 864 4861 in
929 4822 1211 4873 sermone,
1244 4818 1408 4879 atque
1437 4808 1491 4863 in
1533 4805 1818 4878 operibus.

533 4986 799 5043 Laudatio
836 4988 949 5058 eius
1000 4998 1176 5044 manet
1209 4990 1263 5043 in
1307 4989 1559 5045 sarculum
1590 4987 1795 5043 swculi.
1827 4985 2035 5042 ChriSti

463 5086 583 5138 laus
634 5085 752 5139 sine
790 5082 895 5139 ﬁne
943 5081 1085 5153 apud
1147 5083 1370 5150 angelos
1422 5091 1626 5148 manet,
1675 5089 1730 5135 et
1759 5078 1903 5149 apud
1931 5078 2035 5131 bo-

533 5269 578 5299 ⁸⁸
616 5268 800 5320 ilatth.
836 5281 984 5331 xxrv,
1026 5265 1119 5319 '55.
1197 5264 1246 5299 "
1288 5263 1421 5317 an.
1452 5280 1526 5328 iv,
1560 5264 1648 5315 19.
1726 5265 1772 5296 "
1813 5265 2011 5319 Matth.

2132 5262 2202 5317 24.
2278 5261 2367 5314 ’⁸1
2399 5263 2527 5318 Cor.
2554 5277 2615 5328 lt,
2656 5264 2745 5318 '50.

2146 4804 2499 4873 αὑτὴν,ὰλλὰ
2535 4806 2769 4870 καὶτοῖς
2817 4809 3123 4877 χρωμένοις
3172 4809 3333 4881 αὐτῇ,
3386 4808 3526 4879 πρὸς
3582 4811 3713 4880 ἔργα

2147 4894 2243 4948 καὶ
2270 4894 2463 4962 λόγους

2232 4983 2303 5040 Ἠ
2371 4987 2608 5054 αἵνεσις
2661 4990 2848 5045 αὐτοῦ
2905 4992 3074 5059 μένει
3124 4994 3213 5057 εἰς
3264 4992 3373 5046 τὸν
3403 4990 3587 5046 αὶλῖνα
3614 4992 3713 5045 τοῦ

2146 5077 2382 5143 αἰῶνος.
2430 5081 2492 5133 Ἦ
2515 5081 2721 5146 αῖνεσις
2768 5082 2863 5136 τοῦ
2918 5082 3158 5156 Χριστοῦ
3221 5086 3373 5155 μένει
3427 5083 3712 5154 ἀτελεύτη-

2837 5263 2881 5295 "
2914 5262 3130 5317 Baruch
3190 5279 3252 5331 ιι,
3303 5263 3392 5317 55.

1817 5419 2018 5482 Variae
2041 5418 2377 5483 lectiones.

538 5573 748 5642 (27-23)
773 5574 959 5630 Graec
982 5576 1049 5629 ad
1074 5576 1297 5629 verbum
1339 5592 1352 5627 ι
1389 5572 1661 5626 Mandavit
1688 5572 1742 5624 in
1775 5570 2031 5642 statutum

468 5653 837 5719 {testamentum
871 5662 1053 5719 suum.
1088 5646 1277 5719 Latina
1317 5644 1650 5719 gaplau‘atio
1685 5647 1797 5695 tota
1847 5649 1930 5694 est
1968 5641 2034 5695 ab

475 5716 771 5781 interprete
807 5716 933 5783 (nisi
957 5716 1094 5769 forte
1132 5717 1287 5772 deest
1317 5714 1547 5784 aliquid)
1577 5728 1749 5781 eaque
1780 5722 1923 5780 apta.

2221 5571 2335 5639 (29)
2372 5570 2436 5625 Et
2464 5571 2669 5635 laxius,
2727 5584 2777 5628 et
2815 5575 2999 5629 minus
3037 5573 3292 5629 ﬁdeliter.
3327 5572 3514 5627 Griece
3542 5590 3556 5625 :
3586 5570 3708 5625 Tum

2144 5642 2320 5709 quoad
2377 5643 2691 5695 exteriorem
2748 5644 2862 5711 eius
2921 5660 3169 5708 sensum;
3210 5654 3321 5696 tum
3360 5643 3500 5713 quod
3546 5644 3710 5711 ﬁgura

2147 5721 2260 5763 erat
2281 5723 2329 5765 et
2364 5713 2549 5765 umbra
2579 5713 2819 5766 alterius.
