4102 6206
429 282 564 338 ιωί

1617 276 1764 332 CUM
1779 279 1825 330 Μ
1839 280 1978 332 ΕΝἰ
1992 315 2007 330 .
2043 279 2119 331 1N
2158 273 2502 332 PSALMUS

3578 273 3715 338 1093

428 398 521 448 τος
555 381 708 453 παρά
763 399 821 434 τε
854 383 1107 450 ἀγγέλοις
1143 384 1236 434 καὶ
1287 381 1642 452 ἀνθρώποις·
1671 382 1753 434 δεῖ
1813 379 1905 435 οῦν
1941 381 2010 434 al-

2135 383 2333 437 mines.
2373 382 2723 450 Decetigitur
2752 391 2806 437 ut
2846 384 3118 442 nosiUttm
3155 399 3372 453 semper
3404 387 3711 452 laudemus,

431 482 544 532 νεῖν
578 476 741 530 αὐτὸν
770 476 864 530 καὶ
894 477 1262 546 εὐχαριστεῖν,
1300 476 1388 529 διὰ
1421 477 1646 538 παντός.

1033 572 1426 636 Ἀλλιῃλούϊα.

979 665 1271 716 ΨΑΛΜΟΣ
1302 665 1450 717 PlA'.

502 754 718 824 Σφόδρα
753 771 842 824 μοι
869 754 1016 807 δοκεῖ
1045 754 1120 824 τῷ
1167 754 1313 807 τέλει
1352 755 1446 809 τοῦ
1499 755 1604 825 πρὸ
1644 757 1834 809 τούτου
1879 757 2017 825 ψαλ-

437 847 540 919 μοῦ
576 847 806 901 ἕπεσθαι
837 847 898 900 τὺ
945 847 1042 899 τοῦ
1097 848 1368 914 παρόντος
1413 850 1701 919 προοίμιον
1727 865 1742 881 θ
1798 849 1878 902 διὸ
1916 851 2015 920 τὴν

430 939 601 1010 αὐτὴν
629 940 722 991 καὶ
748 933 906 1002 οὗτος
937 937 1082 1010 εἶχεν
1127 939 1462 1009 ἐπιγραφὴν,
1502 940 1579 1003 ὡς
1644 939 1854 995 ἐκείνου
1916 943 2016 1010 μέ-

430 1048 545 1102 ρος.
585 1032 736 1084 Ἐκεῖ
774 1030 872 1097 μὲν
903 1032 1013 1101 γάρ
1049 1047 1234 1100 φησιν,
1299 1031 1475 1099 Ἀρχὴ
1537 1034 1780 1102 σοφίας,
1831 1035 2017 1102 φόϐος

429 1126 668 1190 Κυρίουο
715 1122 942 1175 ἐνταῦθα
968 1121 1046 1187 δὲ,
1078 1121 1384 1192 Μακάριος
1408 1123 1565 1191 ἀνὴρ
1584 1128 1615 1178 ό
1647 1126 2018 1194 φοϐούμενος

428 1212 538 1266 τὸν
568 1214 814 1278 Κύριον.
869 1212 1007 1263 Φασὶ
1031 1211 1089 1264 δέ
1136 1229 1283 1276 τινες
1327 1215 1420 1268 τὸν
1462 1215 1822 1286 προκείμενον
1885 1215 2020 1285 ψαλ-

429 1303 550 1370 μὸν,
594 1301 688 1354 δύο
747 1318 806 1354 τε
869 1303 964 1354 καὶ
1019 1304 1196 1356 εἴκοσι
1256 1304 1473 1375 στίχους
1522 1306 1664 1377 ἔχειν
1731 1308 1876 1361 κατὰ
1924 1309 2015 1361 τὸν

425 1392 661 1463 ἀριθμὸν
710 1393 820 1446 τῶν
851 1393 1162 1464 Ἑϐραϊκῶν
1211 1397 1578 1468 γραμμάτων,
1641 1399 1731 1452 καὶ
1781 1401 1879 1461 τὰς
1915 1400 2015 1470 ἀρ-

426 1483 529 1552 χὰς
565 1482 675 1536 τῶν
714 1483 912 1554 στίχων
940 1486 998 1537 ὲν
1045 1485 1125 1555 τῷ
1175 1488 1473 1560 Ἐϐραῖκῷ,
1525 1492 1625 1554 τὰς
1683 1491 1858 1561 ἀρχὰς
1908 1490 2018 1544 τῶν

455 1574 766 1644 Ἑϐραϊκῶν
831 1577 1022 1648 φέρειν
1055 1579 1430 1650 γραμμάτων.

492 1756 796 1824 Μακάριος
822 1757 979 1826 ἀνὴρ
1009 1761 1042 1813 ὁ
1073 1763 1451 1831 φοϐούμενος
1490 1763 1599 1818 τὸν
1635 1767 1875 1835 Κύριον.
1920 1767 2008 1821 Ἐν

420 1850 498 1919 τῷ
528 1848 857 1920 προλαϐόντι
887 1851 1088 1923 ψαλμῷ
1104 1855 1197 1908 τὸν
1219 1855 1387 1924 φόϐον
1410 1857 1506 1911 τοῦ
1561 1859 1790 1930 Κυρίου,
1844 1863 2010 1931 σοφὸν

420 1939 547 1994 εἷπε
579 1945 791 1996 ποιεῖν’
845 1947 905 1998 ὲν
949 1946 1126 2018 τούτῳ
1173 1947 1252 2016 δὲ,
1295 1950 1591 2022 μακάριον.
1636 1954 1924 2024 Μακάριος
1983 1958 2011 2009 ὁ

422 2035 760 2106 φοὸούμενος
815 2038 904 2090 τὸν
957 2039 1184 2110 Κύριον,
1236 2044 1334 2112 οὐχ
1388 2044 1596 2108 ἁπλῶς,
1649 2049 1902 2119 καθάπερ
1961 2051 2010 2102 οἱ

417 2126 694 2196 δαίμονες,
737 2129 852 2181 ἀλλ’
883 2129 1024 2183 ὥστε
1079 2133 1371 2201 φυλάττειν
1414 2136 1514 2199 τὰς
1562 2138 1785 2201 ἐντολὰς
1818 2140 2009 2194 αὐτοῦ.

436 2217 645 2270 Ἐκεῖνο
687 2218 788 2288 μὲν
832 2219 962 2289 γὰρ,
1018 2223 1186 2290 φόϐος
1235 2224 1393 2295 ψιλός
1427 2243 1440 2258 ·
1500 2227 1658 2281 τοῦτο
1715 2230 1792 2295 δὲ,
1846 2231 2011 2299 φόϐος

420 2309 667 2379 ἐνεργός.

498 2487 602 2541 Ἐν
631 2489 764 2554 ταῖς
789 2491 1068 2555 ἐντολαῖς
1105 2495 1297 2549 αὐτοῦ
1329 2496 1574 2564 θελήσει
1622 2500 1880 2567 σφόδρα.
1951 2503 2010 2556 Ὀ

423 2576 666 2643 τοιοῦτος
705 2583 762 2632 ἐν
793 2584 918 2645 ταῖς
953 2584 1197 2650 ἐντολαῖς
1247 2587 1340 2640 τοῦ
1379 2591 1586 2660 Κυρίου
1646 2591 1813 2644 αὐτοῦ
1883 2611 2007 2662 χαι-

427 2670 606 2740 ρήσει,
666 2675 1106 2746 εὐφρανθήσεται
1145 2695 1160 2709 ο
1221 2687 1379 2733 τοῦτο
1437 2684 1566 2753 γὰρ,
1631 2685 1692 2736 τὸ
1753 2687 2012 2754 Θελήσει

419 2759 660 2828 σφόδρα
685 2778 700 2792 ·
738 2761 834 2815 καὶ
885 2764 1122 2834 ἀλλαχοῦ
1154 2767 1264 2837 γὰρ
1297 2769 1507 2834 δεικνὺς
1537 2773 1636 2842 τὴν
1672 2774 1886 2845 ἡδονὴν,
1943 2779 2010 2848 ἣν

420 2851 536 2920 ἔχει
587 2854 716 2924 περὶ
775 2856 843 2908 τὰ
899 2859 1300 2929 προστάγματα
1350 2863 1442 2916 τοῦ
1498 2865 1657 2930 Θεοῦ,
1680 2869 1876 2936 φησίνο
1915 2868 2014 2935 Ὠς

420 2945 649 3012 γλυκέα
671 2945 752 3012 τῷ
771 2947 1028 3019 λάρυγγί
1042 2968 1161 3020 μου
1191 2955 1262 3008 τὰ
1285 2956 1463 3025 λόγιά
1504 2971 1622 3012 σου
1646 2960 1668 3012 .l
1697 2960 1852 3027 ὑπὲρ
1867 2961 2010 3027 μέλι

415 3033 497 3099 τῷ
524 3038 776 3106 στόματί
791 3057 954 3110 μου..

488 3130 758 3183 Δυνατὸν
806 3133 878 3186 ἐν
939 3135 1014 3204 τῇ
1078 3135 1158 3205 γῇ
1185 3118 1357 3192 eam
1413 3140 1478 3192 τὸ
1526 3142 1765 3212 σπέρμα
1787 3147 1996 3202 αὐτοῦ.

417 3219 850 3292 Δυναμούμενον
887 3227 990 3279 ὐπὸ
1025 3229 1118 3281 τοῦ
1151 3229 1287 3284 Θεοῦ
1336 3234 1476 3285 κατὰ
1499 3235 1607 3287 τῶν
1661 3238 2002 3309 ὲπηρεαζόνυ

419 3327 548 3366 των.
610 3314 841 3386 Σπέρμα
894 3318 950 3371 δὲ
996 3321 1162 3374 αὐτοῦ
1220 3323 1268 3374 οί
1333 3325 1576 3395 μαθηταὶ
1613 3329 1708 3382 καὶ
1741 3332 2001 3400 μιμηταὶ,

419 3404 515 3456 καὶ
573 3405 672 3475 τὴν
724 3409 1021 3480 ὁμοιότητα
1055 3411 1149 3465 καὶ
1179 3413 1238 3464 τὸ
1272 3416 1514 3484 γνήσιον,
1562 3419 1669 3470 ἀπὸ
1699 3421 1808 3473 τῶν
1837 3438 2006 3492 χαρα-

420 3498 642 3567 κτήρων
679 3503 778 3568 τῆς
815 3502 1094 3566 πολιτείας
1131 3503 1417 3573 σώζοντες,
1446 3509 1540 3561 καὶ
1588 3511 1841 3583 καθάπερ
1880 3516 2002 3569 τινὰ

419 3588 628 3657 κλῆρον
657 3591 755 3654 τὰς
778 3593 976 3662 ἀρετάς
1003 3594 1098 3647 τοῦ
1119 3595 1443 3650 διδασκάλου
1473 3599 1780 3670 δεξάμενοι.

491 3851 682 3905 Γενεὰ
713 3853 943 3910 εὐθέων
974 3861 1468 3930 εύλογηθήσεται.
1518 3867 1655 3922 Ὑπὸ
1676 3869 1774 3941 τῆς
1811 3875 2004 3940 γενεᾶς

418 3938 532 3992 τῶν
557 3943 633 4012 μὴ
657 3944 1132 4018 διεστραμμένων,
1189 3952 1305 4005 ἀλλ’
1333 3955 1470 4025 ὀρθὰ
1522 3938 1871 4028 φρονούντων
1909 3965 2003 4018 εὐ-

419 4028 799 4103 λογηθήσεται.

493 4126 650 4190 Δόξα
703 4131 802 4182 καὶ
862 4133 1127 4200 πλοῦτος
1187 4135 1259 4188 ἐν
1303 4137 1383 4202 τῷ
1449 4139 1592 4207 οἴκῳ
1628 4144 1834 4198 αὐτοῦ.
1866 4146 2006 4212 Δόξα

419 4217 575 4286 παρὰ
603 4217 765 4284 Θεοῦ,
801 4223 896 4274 καὶ
929 4223 1160 4287 πλοῦτος
1193 4225 1251 4278 ὲν
1275 4228 1502 4296 ἀγαθοῖς
1555 4231 1770 4302 ἔργοις⁹
1825 4234 1857 4306 ἢ
1910 4239 2006 4292 καὶ

416 4308 544 4400 δόξα
575 4313 727 4381 παρὰ
766 4313 1074 4383 ἀνθρώπων
1111 4318 1396 4388 τιμώντων
1430 4322 1592 4376 αὐτὸν
1626 4324 1716 4378 διὰ
1747 4325 1845 4390 τὰς
1878 4329 2006 4400 ἀρε-

417 4399 516 4463 τὰς
548 4401 738 4466 αὐτοῦ,
787 4405 882 4458 καὶ
908 4406 1137 4472 πλοῦτος
1172 4410 1249 4480 τῷ
1286 4411 1540 4484 εὐπορεῖν
1597 4409 1672 4468 ὧν
1727 4416 1993 4489 βούλοιτο,
2030 4389 2084 4450 D

415 4493 504 4544 ὅτε
534 4494 628 4547 καὶ
659 4494 875 4567 θελήσει
907 4497 995 4552 διὰ
1019 4500 1120 4572 τὴν
1142 4504 1224 4565 είς
1266 4503 1400 4557 Θεὸν
1447 4505 1657 4572 πίστιν,
1693 4509 1788 4564 καὶ
1842 4517 1992 4585 παρο

413 4585 615 4653 ρησίαν
643 4589 834 4642 αὐτοῦ.

2133 484 2188 530 et
2221 490 2466 529 summas
2497 475 2570 528 illi
2608 491 2826 545 semper
2856 479 3062 545 gratias
3112 493 3356 548 agamus.

2791 569 3049 623 Alleluia.

2670 661 2991 716 PSALMUS
3018 661 3153 716 CXI.

2194 747 2530 818 Principium
2566 750 2732 819 hujus
2766 752 2959 821 psalmi
2998 753 3292 804 maximam
3325 753 3455 807 mihi
3489 755 3704 811 videtur

2121 841 2580 910 consequentiam
2643 842 2845 896 habere
2916 843 2982 896 ad
3029 845 3190 897 linem
3232 848 3568 914 superioris:
3597 864 3702 917 qua

2122 933 2336 986 ratione
2367 933 2615 986 eamdem
2671 949 2795 986 eum
2848 935 2941 988 illo
2994 934 3412 1005 inscriptionem
3448 941 3700 994 sortitum

2125 1034 2277 1092 puto.
2315 1023 2413 1078 Est
2447 1028 2648 1079 etenim
2729 1026 2894 1079 veluti
2950 1027 3201 1095 quaedam
3239 1029 3386 1084 illius
3443 1046 3591 1099 pars.
3625 1033 3702 1089 lbi

2121 1113 2264 1166 enim
2319 1113 2601 1183 legimus:
2642 1113 2865 1168 Initium
2926 1116 3206 1183 sapientia:
3260 1126 3337 1169 est
3369 1118 3528 1170 timor
3599 1120 3708 1173 Do-

2125 1205 2291 1269 mini,
2342 1205 2433 1260 hic
2491 1215 2722 1260 autem:
2769 1205 2966 1260 Beatus
3018 1208 3120 1269 vir,
3167 1208 3256 1276 qui
3313 1208 3460 1261 timet
3522 1209 3706 1264 Domi-

2123 1314 2286 1363 num;
2323 1296 2502 1350 ferunt
2566 1306 2750 1350 autem
2805 1298 2952 1352 hunc
3006 1299 3276 1368 psalmum
3328 1312 3584 1356 constare
3635 1320 3704 1359 ex

2121 1388 2338 1443 duobus
2375 1397 2430 1442 et
2498 1387 2688 1458 viginti
2747 1390 3037 1444 versiculis
3065 1430 3079 1455 ,
3111 1391 3268 1460 juxta
3305 1391 3702 1449 liebraicarum

2123 1479 2427 1532 litterarum
2464 1494 2776 1532 numerum.
2810 1477 3037 1547 Ipsaque
3077 1481 3472 1536 versiculorum
3505 1486 3706 1552 print-i-

2123 1571 2232 1641 pia,
2291 1571 2435 1640 apud
2473 1569 2729 1624 llebrmos
2799 1570 2982 1624 omnia
3035 1571 3356 1641 hujusmodi
3391 1575 3699 1630 litterarum

2121 1665 2341 1732 signare
2391 1665 2682 1717 elementa.

2189 1757 2433 1812 Vens.l.
2488 1756 2682 1811 Beatus
2741 1758 2823 1810 vir
2886 1757 2978 1827 qui
3054 1759 3198 1810 timet
3269 1758 3573 1816 Dominum.
3646 1763 3702 1818 lu

2119 1847 2453 1916 prmeedenti
2512 1849 2724 1917 psalmo
2757 1847 2964 1901 dictum
3020 1857 3105 1904 est
3135 1851 3278 1918 quod
3331 1851 3498 1906 timor
3522 1853 3706 1908 Dntni-

2113 1938 2167 1992 ni
2233 1939 2536 2008 sapientem
2573 1939 2850 1993 hominem
2908 1939 3109 2007 reddit,
3157 1941 3208 1995 in
3249 1945 3350 1997 hoc
3384 1949 3700 2016 vero,qn0tl

2111 2031 2277 2085 etiam
2315 2030 2534 2084 beatum
2573 2046 2585 2082 :
2624 2029 2824 2084 Beatus
2861 2033 2965 2094 vir,
3020 2033 3222 2101 inquit,
3259 2036 3352 2103 qni
3384 2037 3538 2092 timet
3593 2039 3702 2094 Do-

2114 2125 2348 2185 mittunt,
2399 2130 2718 2176 nontamen
2766 2124 2859 2192 qtti
2923 2124 3246 2192 simpliciter
3293 2126 3446 2179 timet
3476 2129 3620 2196 (nam
3645 2141 3704 2184 et

2113 2213 2389 2269 daemones
2435 2216 2599 2269 etiam
2680 2213 2844 2267 Deum
2895 2214 3134 2283 timent),
3168 2216 3262 2269 sed
3298 2218 3391 2284 qui
3429 2219 3604 2284 timet,
3639 2230 3698 2274 ut

2114 2313 2293 2358 servet
2337 2304 2614 2358 mandata.
2671 2304 2763 2358 Ille
2823 2303 2966 2357 enim
3020 2305 3184 2358 tinzor
3218 2305 3354 2360 levis
3387 2310 3700 2377 atqueina-

2117 2396 2204 2450 nis
2243 2403 2327 2448 est
2365 2413 2380 2448 :
2435 2396 2538 2450 iste
2569 2406 2746 2448 autem
2787 2393 2971 2447 (αἴρει
3024 2404 3076 2448 et
3099 2406 3316 2463 potens.

2189 2486 2252 2542 1η
2289 2487 2558 2542 mandatis
2586 2487 2697 2555 ejus
2735 2486 2867 2540 volet
2919 2485 3090 2540 valde.
3141 2486 3465 2556 Hujusmodi
3502 2491 3606 2553 vir,
3642 2492 3696 2544 in

2117 2581 2391 2654 mandatis
2442 2578 2656 2634 Domini
2691 2578 2777 2634 sui
2827 2579 3087 2648 gaudebit
3147 2587 3204 2633 ct
3260 2579 3554 2636 laetabitur.
3619 2584 3701 2637 Ita

2117 2673 2265 2730 enim
2315 2671 2631 2742 significant
2689 2671 2782 2725 illa
2836 2671 3052 2724 verba:
3120 2669 3265 2724 Volet
3321 2674 3492 2727 valde.
3550 2673 3702 2729 Hanc

2117 2773 2302 2820 autem
2355 2765 2802 2827 delectationem,
2849 2778 3013 2832 quam
3070 2778 3134 2817 ex
3173 2762 3376 2817 divinis
3426 2767 3703 2822 mandatis

2115 2857 2389 2928 Pmpbeta
2442 2856 2908 2925 consequebatur,
2961 2855 3091 2908 alibi
3132 2855 3295 2908 etiam
3348 2857 3697 2913 manifestius

2119 2950 2433 3018 exprimens
2460 2947 2535 3002 ait
2572 2964 2585 3000 :
2621 2946 2795 3011 Quam
2837 2946 3013 2999 dulcia
3053 2945 3299 3013 faucibus
3333 2948 3460 3000 meis
3489 2947 3699 3020 eloquia

2032 3044 2076 3106 α
2113 3051 2226 3104 tua,
2261 3055 2420 3109 super
2461 3038 2565 3092 mel
2588 3038 2670 3092 ori
2707 3053 2819 3092 meo
2850 3037 2888 3090 ⁸.

2177 3133 2344 3188 Vens.
2371 3133 2425 3186 ἓ.
2484 3131 2683 3186 Potens
2719 3131 2774 3184 in
2830 3141 2972 3184 terra
3021 3131 3123 3184 erit
3175 3146 3349 3185 semen
3386 3131 3519 3200 ejus.
3551 3133 3695 3188 Red-

2105 3224 2265 3280 detur
2300 3227 2447 3279 enim
2509 3233 2709 3293 potens
2739 3238 2804 3277 ac
2861 3222 3128 3283 validum,
3184 3222 3449 3279 adversus
3479 3240 3692 3290 omnes,

2107 3319 2200 3384 qui
2251 3316 2464 3371 laedere
2511 3329 2607 3370 eos
2653 3314 2952 3370 voluerint.
3013 3313 3211 3369 Semen
3289 3331 3418 3370 vero
3475 3318 3693 3372 DOtnini

2105 3409 2366 3479 discipuli
2409 3416 2560 3472 sunt,
2609 3414 2664 3463 et
2721 3407 3028 3462 imitatores
3081 3406 3309 3462 Christi.
3354 3409 3456 3474 Qui
3501 3411 3695 3464 simili-

2107 3501 2352 3556 tudinem
2392 3515 2457 3554 ac
2506 3500 2928 3570 germanitatem
2973 3499 3099 3551 vitae
3143 3514 3208 3553 ac
3251 3502 3693 3556 conversationis

2105 3591 2310 3646 Christi
2348 3597 2655 3654 servantes,
2695 3604 2926 3658 eamque
2965 3587 3132 3641 veluti
3170 3580 3450 3655 paternam
3496 3605 3692 3658 quam-

2107 3686 2230 3737 tlam
2283 3683 2660 3736 haereditatem
2710 3680 3097 3750 suscipientes,
3175 3683 3375 3736 robore
3433 3697 3496 3736 ac
3556 3687 3689 3738 viri-

2107 3775 2213 3829 bus
2237 3788 2456 3842 semper
2486 3781 2782 3842 augentur.

2183 3865 2471 3920 Generatio
2505 3874 2768 3918 rectorum
2823 3865 3178 3918 benedicetur.
3242 3863 3286 3916 A
3341 3864 3693 3930 generatione

2108 3958 2324 4014 scilicet
2369 3956 2738 4010 consimilium
2801 3956 3110 4022 hominum,
3143 3955 3235 4024 qui
3281 3971 3386 4008 non
3437 3970 3692 4024 perversa

2111 4050 2384 4114 sentiunt,
2416 4048 2508 4103 sed
2538 4059 2707 4103 recta.

2179 4140 2346 4196 Vens.
2380 4143 2436 4194 ὃ.
2464 4139 2648 4194 Gloria
2697 4149 2746 4194 et
2783 4141 2980 4194 divitia:
3017 4140 3072 4192 in
3127 4139 3283 4192 domo
3309 4139 3446 4207 ejus.
3482 4139 3688 4206 ϐίοι-ἕο,

2108 4235 2308 4305 inquit,
2357 4249 2386 4287 a
2432 4231 2542 4287 Deo
2597 4232 2701 4286 erit
2780 4232 2899 4284 viro
2966 4231 3179 4284 timenti
3241 4245 3387 4294 eum,
3449 4239 3503 4286 et
3563 4247 3688 4285 cunt

2108 4326 2285 4398 gloria
2332 4324 2498 4380 etiam
2546 4323 2797 4388 divitiae;
2841 4323 3065 4385 diviti-.r,
3117 4321 3362 4391 inquam,
3413 4321 3685 4376 bonorum

2109 4434 2363 4490 operum.
2412 4414 2509 4469 Vel
2571 4415 2745 4485 gloria
2800 4416 2848 4468 ei
2898 4416 3001 4469 erit
3033 4415 3102 4469 ab
3159 4414 3495 4480 hominibus,
3557 4417 3688 4484 quia

2100 4511 2172 4566 ob
2226 4507 2542 4576 huiusmodi
2582 4505 2841 4560 virtutem
2894 4521 3018 4560 eum
3079 4505 3450 4562 honorabunt.
3513 4508 3686 4562 Simili

2100 4601 2264 4657 modo
2306 4599 2470 4653 etiam
2519 4598 2568 4651 ei
2618 4596 2853 4652 aderunt
2897 4597 3136 4661 divitiae.
3181 4599 3311 4667 quia
3359 4600 3522 4654 rebus
3573 4617 3690 4653 om-

414 4679 576 4731 nibus
633 4678 839 4747 alﬂuet,
882 4697 1021 4751 quas
1074 4683 1330 4752 optabit;
1367 4687 1526 4754 juxta
1579 4705 1994 4760 qnemscnsum
2025 4693 2292 4760 intellige,
2334 4686 2479 4757 quod
2540 4687 2686 4741 volet
2749 4687 2907 4740 valde
2955 4687 3011 4740 in
3080 4687 3358 4743 mandatis
3427 4689 3557 4753 Dei,
3617 4690 3688 4742 ob

411 4786 568 4826 suam
629 4773 880 4830 videlicet
926 4792 1197 4833 summam
1253 4779 1308 4835 in
1361 4779 1528 4834 Deum
1591 4784 1870 4850 ﬁduciam,
1919 4801 1986 4840 ac
2027 4787 2212 4842 (idem.

486 4862 593 4915 Kal
628 4863 662 4930 ἡ
692 4863 1050 4934 δικαιοσύνη
1077 4868 1288 4933 αὑτοῦ,
1317 4868 1485 4939 μένει
1517 4873 1602 4936 είς
1631 4874 1738 4926 τὸν
1789 4874 1998 4929 αἰῶνα.

423 4955 490 5007 Ἡ
515 4956 683 5025 ἁρετὴ
712 4961 744 5026 ὴ
784 4957 1072 5010 δικαιοῦσα
1113 4961 1299 5022 αὐτὸν,
1345 4960 1496 5030 μένει
1553 4963 1864 5036 ἀνώλεθρος
1922 4969 2002 5029 είς

415 5046 507 5098 τὶν
539 5047 713 5099 αἰῶνα
748 5050 839 5102 τὸν
871 5050 1152 5119 μέλλοντα,
1188 5052 1647 5122 συναποδημοῦσαι
1681 5055 1874 5125 τούτῳ.

477 5223 890 5288 Ἔξανέτεαίεν
959 5231 1030 5284 ἐν
1082 5231 1288 5284 σκότει
1341 5231 1468 5300 φῶς
1529 5232 1654 5297 τοῖς
1719 5236 1984 5292 εὐθέσιν.

423 5315 794 5378 Ἐξανὲτειλεν
829 5321 857 5371 ὁ
883 5319 1014 5382 Θεὸς
1045 5325 1157 5384 τοῖς
1193 5323 1251 5374 ὲν
1287 5323 1472 5376 σκότει
1519 5327 1846 5396 πειρασμῶν
1897 5331 1992 5382 καὶ

409 5405 642 5475 θλίψεων
670 5408 785 5476 φῶς
820 5410 1176 5480 ἀπαλλαγῆς,
1220 5414 1312 5464 καὶ
1365 5413 1747 5484 ψυχαγωγίας.
1821 5419 1888 5470 Ἢ
1930 5421 1993 5471 ἐκ

409 5500 514 5567 γῆς
537 5498 812 5552 ἀνέτειλεν
844 5501 900 5553 ἐν
936 5502 1117 5555 σκότει
1139 5503 1237 5572 τῆς
1267 5505 1472 5578 πλάνης
1515 5507 1631 5575 φῶς
1679 5509 1934 5579 ἀληθείας
1967 5513 1994 5564 ό

518 5679 534 5710 ⁸
573 5679 725 5733 Psal.
754 5697 924 5747 cxvn,
955 5684 1008 5737 5.

665 5780 939 5843 Ριιτιιοι..
970 5788 1085 5848 Gn.
1121 5784 1217 5843 CX
1234 5782 1448 5846 XVIII.

2185 4873 2250 4923 Et
2278 4870 2499 4937 justitia
2545 4861 2660 4938 ejus
2695 4876 2872 4920 manet
2917 4868 2975 4921 in
3039 4869 3291 4926 saeculum
3333 4871 3536 4924 steculi.
3569 4873 3688 4925 Vir-

2109 4973 2217 5024 tus,
2267 4975 2390 5028 quaa
2434 4977 2558 5014 eum
2619 4959 2946 5028 justiﬁeavit
2983 4963 3297 5032 incorrupta
3343 4967 3687 5032 permanebit

2105 5055 2159 5108 in
2215 5054 2458 5107 futurum
2494 5054 2776 5106 saeculum.
2833 5053 3047 5124 Quippe
3090 5072 3210 5125 qua:
3248 5064 3371 5124 post
3420 5055 3563 5110 hanc
3607 5057 3678 5108 vi.

2104 5159 2238 5214 tam,
2276 5149 2430 5200 illtttn
2489 5162 2707 5217 semper
2738 5149 3114 5203 comitabitur.

2168 5239 2329 5294 \‘tzns.
2376 5239 2430 5292 4.
2466 5238 2724 5292 Exortum
2769 5248 2845 5291 est
2904 5241 2958 5292 in
2999 5239 3222 5292 tenebris
3265 5237 3439 5291 lumen
3499 5240 3682 5306 rectis,

2109 5329 2345 5384 Exortus
2377 5339 2482 5392 est,
2528 5331 2724 5399 inquit,
2773 5329 2920 5385 Deus
2962 5329 3297 5394 hominibus,
3348 5329 3440 5396 qui
3480 5328 3533 5381 in
3560 5338 3682 5382 len-

2105 5424 2402 5488 tationum,
2455 5431 2618 5492 atque
2688 5421 3043 5475 alﬂictionum
3109 5421 3352 5474 tenebris
3399 5421 3680 5490 iacebant.

2110 5515 2224 5579 ille,
2276 5517 2526 5586 inquam,
2585 5517 2752 5578 Dens,
2787 5515 2879 5584 qui
2935 5515 3140 5580 lumen,
3180 5529 3275 5569 seu
3315 5517 3404 5571 lux
3433 5523 3684 5572 estvem

3598 5795 3621 5823 Ω
3691 5835 3753 5875 -.3
