4102 6206
468 301 604 361 109

1693 286 2076 348 EUTHYMH
2121 280 2480 342 ZEGABENI

3583 269 3722 332 1100

464 407 824 470 iiberatioms,
879 419 941 458 ac
973 405 1086 458 veri
1149 400 1440 473 refrigerii,
1500 399 1585 454 vel
1647 397 1828 453 lumen
1891 397 2035 450 veri-

2161 392 2373 461 (ριστός
2401 409 2413 423 ⁸
2444 388 2592 460 Ἐγὼ
2619 389 2750 458 γὰρ,
2796 385 2982 456 φησὶν,
3038 383 3156 453 ειμι
3195 382 3260 437 τὸ
3307 381 3430 450 φῶς
3476 381 3578 434 τοῦ
3625 383 3730 433 κδ’

466 502 617 561 tatis,
661 500 805 568 quod
845 496 1102 566 apparuit
1161 495 1214 549 in
1272 493 1510 556 Christo,
1569 497 1818 546 exortum
1869 495 1952 542 est
2008 504 2037 540 e

468 601 614 646 terra
660 594 712 644 in
747 590 993 645 tenebris
1026 586 1274 643 erroris:
1314 584 1424 653 Ego
1477 581 1645 643 enim,
1686 579 1885 647 inquit,
1921 592 2036 629 sum

2149 500 2330 552 σμου.
2383 480 2719 545 Ἐξινέτειλε
2763 479 2819 532 δὲ
2854 481 2966 539 τοῖς
3000 475 3207 534 εύοέσι,
3244 475 3355 536 τοῖς
3400 473 3538 542 ὀροᾶ
3594 489 3732 542 φρο-

2149 576 2260 625 νεῖν
2295 572 2615 640 δυναμένοις
2650 583 2668 602 ⁶
2703 563 2848 620 οὗτοι
2891 568 2988 636 μὲν
3023 565 3131 635 γὰρ
3157 565 3298 617 εἶδον
3333 563 3482 616 αὐτό.

469 682 838 740 luxnruudi'.
897 680 1085 734 Rectis
1161 684 1344 730 autem
1410 680 1659 727 exortam
1713 685 1835 725 esse
1911 667 2046 721 dicit
2099 667 2239 719 hanc
2291 663 2560 726 lueeni,id
2600 671 2683 716 est
2735 662 2802 715 iis
2853 660 2944 728 qui
2998 667 3146 713 recta
3195 656 3402 711 sentire
3479 649 3738 725 possun‘,

465 782 761 848 lumenque
805 775 934 830 illud
1013 771 1190 826 oculis

540 867 861 929 Misericors,
897 863 1176 915 irriserator
1197 857 1454 925 eljustus.
1490 855 1605 908 Hoc
1635 855 1700 907 de
1726 853 1840 906 Deo
1877 851 2041 904 etiam

465 963 674 1015 dictum
723 966 822 1019 est,
854 954 944 1024 qni
1000 951 1318 1006 misericors
1346 957 1400 1001 et
1451 946 1742 1001 tniserator
1789 952 1895 1008 est,
1929 949 2050 994 tan-

466 1069 629 1122 quam
668 1053 758 1120 qni
796 1049 968 1102 bonus
1002 1054 1086 1097 est
1119 1061 1131 1096 :
1172 1052 1223 1096 et
1253 1042 1456 1111 justus,
1500 1048 1759 1107 tanquam
1791 1036 2038 1089 omnium

461 1145 652 1213 index.
693 1140 822 1194 Vide
893 1139 942 1188 in
987 1134 1196 1202 psalmo
1276 1146 1326 1192 (τ,
1382 1130 1452 1183 ibi
1489 1148 1501 1182 :
1542 1127 1963 1184 Misericordiam
2003 1132 2050 1175 ct

464 1234 721 1301 indicium
763 1227 986 1282 cantabo
1023 1225 1134 1287 tibi,
1169 1223 1407 1275 Domine.

539 1324 702 1377 Vens.
739 1323 793 1376 5.
830 1321 1096 1388 Benigntts
1145 1316 1298 1367 homo
1347 1315 1434 1383 qui
1475 1314 1750 1366 miseretur
1807 1318 1857 1362 et
1909 1324 2052 1362 com-

467 1417 670 1469 modat.
707 1413 1000 1466 Miseretnr
1031 1408 1250 1476 quidem
1287 1419 1478 1458 eorum
1525 1402 1616 1470 qui
1674 1402 1728 1454 in
1783 1398 2056 1468 angustiis

467 1521 618 1572 sunt,
669 1503 986 1559 commodat
1028 1509 1211 1553 autem
1257 1497 1324 1550 iis
1381 1496 1472 1564 qui
1531 1503 1724 1547 mutuo
1779 1492 2052 1557 indigent.

468 1601 749 1669 Scriptum
793 1607 878 1649 est
921 1595 1066 1666 enim
1111 1591 1238 1644 alibi
1276 1590 1328 1643 in
1366 1587 1576 1658 psalmo
1607 1600 1768 1638 xui:
1805 1581 1939 1636 Tota
1970 1581 2056 1634 die

468 1690 768 1747 misere'ttr,
804 1695 850 1737 et
885 1679 1183 1736 commodat
1213 1679 1416 1744 justus.

1292 768 1514 822 intueri.
1580 765 1735 836 (Nam
1799 760 2036 832 perversi
2079 774 2272 813 omnes
2325 758 2392 810 ad
2453 755 2769 825 huiusmodi
2811 755 2992 807 lucem
3023 753 3216 807 oculos
3243 750 3590 816 occludunt.)

2241 847 2549 915 Ἐλεήμων
2596 845 2695 898 καὶ
2754 845 3090 912 οἰκτίρμων,
3155 841 3254 894 καὶ
3287 841 3538 905 δίκαιος.
3572 840 3736 908 Παρὲ

2153 941 2250 994 τοῦ
2279 940 2415 993 Θεοῦ
2452 939 2544 992 καὶ
2575 938 2758 1000 τοῦτο,
2787 935 3036 1004 ἐλεήμων
3075 935 3174 1004 μὲν
3239 933 3350 1004 γὰρ
3388 932 3483 986 καὶ
3526 933 3740 1001 οἰκτίρ-

2159 1052 2276 1103 μων
2305 1033 2475 1096 ἐστὶν,
2509 1031 2583 1094 ὡς
2617 1029 2822 1098 ἀγαθός
2849 1045 2864 1060 ·
2903 1028 3114 1088 δίκαιος
3149 1025 3229 1092 δὲ,
3254 1027 3330 1088 ὡς
3357 1025 3570 1095 κριτής.
3627 1026 3738 1091 Ζή-

2153 1143 2319 1197 τησον
2341 1125 2434 1178 καὶ
2460 1125 2515 1176 ὲν
2550 1123 2625 1191 τῷ
2662 1121 2704 1193 ρ’
2733 1119 2936 1191 ψαλμῷ
2962 1121 3060 1188 τὴν
3080 1116 3344 1189 ἐξήγησιν
3365 1116 3479 1183 τοῦ,
3516 1118 3745 1170 Ἐλεων-

2157 1217 2256 1271 sca!
2301 1217 2507 1282 κρίσιν
2545 1213 2772 1283 ᾄσομαι
2801 1229 2920 1273 σοι,
2954 1211 3153 1278 Κύριε.

2223 1307 2490 1375 Χρηστὸς
2555 1306 2712 1370 ἀνὴρ
2769 1307 2802 1358 ὁ
2868 1303 3176 1368 οἰκτείρων
3233 1299 3333 1352 καὶ
3396 1297 3640 1367 πικρῶν.
3683 1297 3746 1351 Ὀ

2162 1401 2455 1470 οἰκτείρων
2504 1400 2604 1470 μὲν
2661 1399 2788 1461 τοὺς
2822 1399 2880 1449 ἐν
2935 1396 3230 1464 ἀνάγκαις,
3259 1393 3466 1461 κιχρῶν
3505 1390 3565 1444 δὲ
3623 1392 3744 1452 τοῖς

2154 1496 2374 1549 δανείου
2432 1492 2720 1563 χρῄζουσι.
2771 1491 3090 1558 Γέγραπται
3143 1486 3200 1538 δὲ
3247 1484 3345 1538 καὶ
3401 1484 3460 1536 ὲν
3519 1482 3600 1551 τῷ
3651 1480 3748 1546 λς’

2152 1587 2354 1656 ψαλμῷ
2382 1602 2396 1616 ·
2462 1587 2656 1650 Ὅλην
2686 1582 2800 1652 τὴν
2821 1579 3054 1650 ἡμέραν
3089 1577 3255 1633 ἐλεεῖ
3271 1576 3372 1633 καὶ
3414 1573 3667 1635 δανείζει
3714 1575 3749 1628 ὁ

2156 1679 2412 1742 δίκαιος.

537 1780 788 1846 οἱεροηει
837 1790 1100 1829 sermones
1161 1787 1285 1824 suos
1329 1771 1383 1822 in
1432 1767 1661 1836 judicio.
1727 1762 2050 1831 llnjusmodi

2232 1766 2625 1837 Οῑκυνομήσει
2683 1763 2826 1830 τοὺς
2887 1764 3115 1833 λόγους
3171 1759 3357 1815 αὑτοῦ
3409 1760 3480 1813 ἐν
3527 1757 3749 1826 κρίσει.

465 1875 550 1926 vir
580 1872 780 1925 timens
809 1869 1124 1926 Dominum,
1167 1865 1306 1917 bene
1365 1862 1524 1914 etiam
1565 1867 1749 1912 utetur
1785 1855 2054 1910 sermoni-

469 1968 574 2019 bns
616 1963 755 2025 suis,
783 1975 881 2012 nec
905 1959 1156 2019 fortuito,
1190 1963 1281 2006 ant
1317 1951 1720 2012 inconsiderate
1775 1949 2050 2017 loquetur,

471 2055 566 2110 sed
600 2069 721 2108 cum
755 2051 989 2118 judicio,
1021 2059 1074 2102 et
1105 2046 1442 2102 discretione
1480 2043 1643 2097 verba
1681 2056 1776 2096 sua
1821 2041 2051 2109 dispen-

468 2145 632 2207 sabit,
690 2142 779 2194 ubi
836 2155 974 2208 opus
1032 2135 1218 2190 fuerit.
1271 2131 1367 2186 Vel
1437 2132 1583 2200 (quia
1647 2129 1830 2184 Graeca
1886 2129 2052 2182 dictio

466 2231 666 2298 λόγους
706 2245 810 2280 non
853 2237 1064 2278 tantum
1099 2224 1283 2284 verba,
1330 2229 1384 2272 et
1450 2233 1757 2278 sermones,
1813 2215 1907 2269 sed
1961 2230 2050 2268 ra-

471 2325 648 2376 t'iooes
711 2323 876 2373 etiam
933 2316 1250 2384 signiﬁcat),
1314 2314 1403 2365 die
1453 2311 1598 2380 quod
1624 2310 1708 2362 vir
1781 2311 1901 2373 iste,
1954 2309 2046 2376 qui

469 2415 620 2467 timet
687 2413 1000 2470 Dimittunt,
1061 2418 1210 2459 recm
1249 2419 1311 2458 ac
1366 2419 1500 2456 sano
1539 2402 1767 2471 judicio,
1803 2401 2048 2454 rationes

2157 1856 2329 1923 Οὗτος
2369 1857 2838 1930 εὐχαριστήσεται
2869 1857 2985 1918 τοῖς
3032 1854 3219 1920 λόγοις
3273 1850 3466 1916 αὑτοῦ,
3534 1851 3593 1902 ὲν
3627 1848 3751 1901 δια-

2157 1957 2343 2025 κρίσει
2393 1954 2593 2021 λέγων,
2637 1951 2732 2005 καὶ
2793 1951 2893 2019 ούχ
2940 1948 3016 2010 ὼς
3046 1948 3261 2017 ἔτυχεν,
3303 1944 3414 1998 οὐδ’
3444 1942 3745 2011 ἀπερισκέ-

2156 2063 2328 2107 πτως.
2371 2038 2532 2096 Ἲιεῦ
2576 2041 2825 2110 διαθήσει
2881 2039 2951 2092 τὰ
2996 2037 3140 2092 atati
3191 2037 3356 2090 αύτδν
3411 2033 3751 2102 πράγματα,

2159 2134 2300 2203 μετὰ
2330 2132 2662 2201 διακρίσεως
2681 2145 2696 2160 ⁸
2724 2128 2870 2182 οὕτω
2906 2128 3014 2196 γὰρ
3047 2128 3076 2180 ὁ
3099 2127 3402 2196 Σύμμαχος
3429 2123 3702 2187 ἐξέδωκεν
3730 2137 3746 2151 ·

2159 2223 2191 2291 ἦ
2241 2219 2298 2276 εὖ
2325 2221 2577 2290 διαθήσει
2609 2225 2709 2282 τὰς
2742 2218 3047 2287 ἀπολογίας
3109 2216 3278 2271 αὑτοῦ
3328 2218 3388 2267 ἐν
3415 2215 3620 2284 κρίσει,
3679 2214 3750 2280 τῇ

2161 2313 2456 2386 μελλούσῃ,
2519 2311 2788 2373 τουτέστι,
2844 2310 3244 2378 συνηγορήσεις
3312 2306 3510 2360 ἑαυτοῦ
3561 2321 3754 2372 παρα-

2161 2404 2444 2468 σκευάσει,
2479 2403 2622 2455 κατὰ
2651 2402 2745 2454 τὸν
2777 2401 2971 2453 πιστὸν
3006 2401 3101 2452 καὶ
3157 2400 3422 2468 φρόνιμον
3445 2399 3753 2463 οἰκονόμον,

469 2517 526 2560 ot
581 2504 798 2573 negotia
869 2516 968 2554 sua
1011 2497 1194 2552 omnia
1223 2512 1440 2564 semper
1469 2497 1745 2563 disponet,
1771 2495 2233 2562 quemadmodum
2288 2497 2451 2551 etiam
2511 2495 2878 2566 Symmachus
2934 2493 3198 2548 reddidit.
3238 2490 3354 2557 Vel,
3409 2489 3554 2560 quod
3608 2490 3754 2542 bene

469 2599 724 2667 disponet
760 2593 1108 2658 defensiones
1141 2605 1270 2642 suas
1305 2589 1359 2640 in
1415 2589 1597 2640 futuro
1636 2585 1890 2656 judicio,“
1941 2603 2147 2656 easque
2212 2597 2372 2644 antea
2434 2603 2655 2643 summo
2679 2602 2805 2642 cum
2883 2586 3140 2640 examine
3165 2599 3231 2639 ac
3283 2583 3468 2638 studio
3534 2596 3752 2651 praepa-

473 2692 634 2756 rabit,
666 2703 772 2742 non
803 2701 962 2740 secus
995 2684 1259 2755 aczfacere
1296 2683 1582 2736 consuevit
1615 2681 1790 2734 iidelis
1817 2681 1941 2749 quis
1978 2698 2040 2736 ac
2071 2685 2290 2753 sapiens
2328 2683 2762 2738 administrator.

543 2782 708 2853 Vens.
733 2778 787 2835 6.
853 2777 992 2842 Quia
1014 2777 1066 2829 in
1090 2775 1337 2829 saxulum
1384 2791 1480 2827 non
1527 2771 1964 2845 commovebitur.
2000 2776 2055 2826 In

474 2876 579 2930 hoc
628 2870 830 2926 sarculo
901 2866 1451 2935 tentationesaliquze
1507 2881 1632 2919 eum
1659 2880 1767 2919 non
1803 2879 2053 2919 commo-

469 2965 698 3028 vebunt,
790 2959 961 3014 veluti
1032 2975 1156 3014 cum
1237 2957 1332 3026 qui
1408 2956 1716 3010 aediﬁcatus
1762 2965 1845 3009 est
1897 2969 2059 3024 supra

476 3055 706 3110 solidam
749 3052 894 3117 ﬁdei,
937 3049 1272 3113 dilectionis,
1316 3057 1371 3102 et
1410 3048 1526 3118 spei
1571 3059 1812 3118 petram;
1858 3049 2064 3117 quique

477 3147 756 3218 propriam
818 3142 1212 3197 conscientiam
1265 3141 1598 3193 tutissimam
1636 3139 1930 3192 anchoratn
1957 3139 2059 3192 ha-

475 3245 586 3293 bet.
633 3237 746 3289 Nec
793 3234 926 3286 dicit
954 3232 1224 3299 PrOphela
1283 3233 1427 3300 quod
1503 3229 1821 3298 huiusmodi
1895 3229 2059 3282 homo

476 3327 661 3382 nullas
692 3337 963 3393 passurus
992 3322 1064 3373 sit
1102 3319 1335 3375 insidias
1361 3357 1376 3382 ,
1411 3320 1592 3373 multa:
1638 3319 1780 3372 enim
1827 3318 2058 3371 tribula—

473 3421 644 3472 tloim
672 3415 945 3484 justorum
977 3411 1021 3466 ’ί
1054 3411 1147 3465 sed
1195 3411 1338 3478 quod
1379 3411 1446 3461 ah
1481 3411 1561 3464 eis
1595 3425 1702 3464 non
1739 3424 2058 3464 commove-

474 3508 643 3560 bitur.
675 3503 787 3558 lloc
853 3502 1052 3555 ctenim
1082 3499 1242 3552 valde
1295 3497 1677 3551 admirandum
1746 3505 1854 3563 est,
1905 3495 2054 3567 quod

477 3597 654 3653 sancti
709 3595 802 3664 qui
879 3589 1300 3645 innumerabilia
1375 3589 1519 3658 passi
1587 3599 1718 3642 sunt
1787 3588 2058 3658 pericula,

479 3690 618 3741 adeo
648 3693 969 3740 constantes
1018 3695 1180 3750 atque
1207 3680 1518 3735 immobiles
1550 3680 1816 3736 adversus
1846 3694 1909 3734 ea
1936 3695 2060 3749 per-

480 3779 804 3838 manserint,
871 3782 926 3827 et
995 3772 1327 3826 sententiam
1393 3785 1568 3840 usque
1617 3771 1682 3824 ad
1747 3779 2052 3825 extremum

480 3874 642 3924 linem
691 3867 901 3920 [irritam
961 3879 1026 3919 ac
1102 3864 1350 3918 stabilem
1415 3877 1628 3932 semper
1693 3863 2054 3917 servaverint.

480 3961 606 4015 “:80
632 3958 986 4014 celeberrima
1015 3966 1100 4010 est
1134 3970 1325 4010 eorum
1353 3955 1583 4009 victoria
1609 3953 1625 4007 ε’
1660 3955 1763 4008 hoc
1791 3955 2054 4024 dignissi-

2232 2776 2462 2840 ’Ότιεις
2485 2775 2592 2828 τὸν
2643 2773 2832 2828 αἰῶνα
2870 2774 2944 2829 οὐ
2989 2771 3458 2840 σαλευθήσεται.
3523 2767 3620 2830 Eb;
3654 2766 3752 2819 τὸν

2157 2868 2334 2921 αἰῶνα
2353 2867 2547 2920 τοῦτον
2579 2867 2639 2918 ού
2677 2864 3074 2936 σαλευθήσεται
3101 2865 3457 2934 πειρασμοῖς,
3479 2859 3746 2930 ἀσφαλῶς

2159 2959 2638 3030 τεθεμελιωμένος
2682 2959 2776 3012 ἐπὶ
2804 2957 2906 3030 τὴν
2951 2958 3160 3027 πέτραν
3208 2957 3308 3026 τῆς
3338 2956 3418 3018 εἰς
3466 2953 3602 3006 Θεὸν
3661 2953 3755 3006 πε-

2163 3071 2357 3118 στεως,
2414 3055 2511 3106 καὶ
2555 3053 2804 3121 ἀγάπης,
2833 3052 2928 3104 καὶ
2978 3051 3222 3116 ἐλπίδος,
3271 3051 3454 3105 καὶτὸ
3500 3047 3752 3106 συνειδὸς

2163 3143 2302 3212 ἔχων
2329 3143 2736 3213 ἀπερίτρεπτον
2771 3142 3044 3210 ἄγκυραν.
3085 3141 3200 3196 Ούκ
3232 3137 3352 3194 εἷπε
3399 3141 3476 3203 δὲ,
3509 3141 3594 3192 ὄτι
3651 3137 3756 3191 οὐκ

2166 3234 2690 3302 ὲπιϐουλευθήσεται
2729 3248 2746 3265 ⁸
2778 3233 3010 3287 Πολλαῑ
3041 3234 3171 3302 γὰρ,
3196 3233 3386 3302 φησὶν,
3423 3234 3481 3284 αι
3506 3231 3754 3299 θλίψεις

2169 3325 2295 3378 τῶν
2321 3326 2604 3378 δικαίωνο
2639 3327 2754 3378 ἀλλ’
2818 3327 2922 3392 ὅτι,
2974 3325 3036 3378 ού
3096 3316 3517 3394 σαλευθήσεται.
3579 3321 3755 3375 Τοῦτο

2167 3418 2277 3485 γὰρ
2320 3417 2382 3469 τὸ
2426 3417 2766 3486 Θαυμαστὸν,
2799 3417 2882 3470 ὃτι
2925 3417 3100 3487 μυρία
3132 3417 3434 3485 πάσχοντες
3470 3415 3520 3466 σι
3577 3415 3753 3480 ἅγιοι,

2165 3507 2228 3560 οὐ
2269 3508 2723 3578 περιετρέποντο,
2757 3507 2875 3561 ἀλλ’
2896 3507 3118 3570 ἀκλινὲς
3140 3508 3270 3576 ἄχρι
3298 3505 3491 3568 τέλους
3541 3504 3754 3568 ἔσωζον

2163 3599 2224 3650 τὸ
2253 3601 2534 3670 φρόνημα.
2563 3601 2736 3653 Τοῦτο
2771 3599 3082 3671 περιφανὴς
3113 3598 3264 3668 νίκη,
3303 3597 3463 3651 τοῦτο
3513 3594 3749 3665 λαμπρὰ

2163 3691 2272 3743 τῶν
2299 3692 2572 3762 ἀριστέων
2605 3693 2928 3764 ἀνάρρησις.
2958 3693 3028 3744 ’Ἡ
3065 3691 3160 3744 καὶ
3191 3693 3271 3754 εἰς
3294 3690 3384 3743 τὸν
3420 3689 3595 3744 αἰῶνι
3660 3688 3753 3740 τὸν

2165 3783 2429 3853 μέλλοντα
2447 3785 2508 3836 ού
2533 3786 2930 3854 σαλευθήσεται
2953 3798 2968 3812 °
3029 3784 3405 3852 Ἡτιμάσθην
3427 3784 3561 3854 γὰρ,
3589 3785 3752 3852 φησὶν

2161 3873 2261 3926 καὶ
2315 3876 2427 3930 οὐκ
2480 3875 2865 3944 ἐταράχθηνο
2899 3875 3051 3928 οὐδὲν
3105 3874 3286 3944 ἑαυτῷ
3350 3873 3559 3944 φαῦλον
3617 3891 3750 3927 συν.

2163 3964 2346 4026 ειδὼς.

487 4071 634 4112 mum
658 4051 1036 4123 prassmntium
1100 4051 1412 4120 hnjusmodi
1459 4052 1698 4104 virorum
1766 4052 2124 4119 prmconium.
2168 4053 2288 4122 Vel,
2356 4061 2408 4114 in
2473 4061 2716 4114 futurum
2785 4062 3044 4115 szeculum
3096 4076 3206 4115 non
3275 4058 3714 4114 commovebitur

487 4103 634 4112 ’“””“““
658 4103 794 4123 Ι⁷“⁷“’
827 4103 1003 4106 "h'f”
1101 4103 1126 4105 "
1173 4103 1190 4120 d
1244 4103 1256 4104 ί
1337 4103 1390 4105 "’
1496 4103 1522 4104 "
1553 4103 1561 4104 ί
1766 4103 1790 4119 r
1863 4103 1866 4104 '
2021 4103 2122 4106 ννηίν
2188 4103 2198 4108 ν
2219 4103 2288 4122 --ν
2356 4103 2408 4114 --σ
2473 4103 2716 4114 unus-un".
2785 4103 3044 4115 υιιυνυιυ...
3096 4103 3206 4115 ,,ν.,
3277 4103 3702 4114 νν,,.,..ν.-,,,-υ,,

482 4151 636 4216 juxta
665 4144 715 4196 id
749 4142 894 4212 quod
945 4141 1073 4195 alibi
1121 4141 1349 4212 legimus
1381 4158 1394 4194 :
1424 4139 1656 4195 Paratus
1704 4156 1822 4194 sum
1869 4152 1916 4194 et
1956 4158 2058 4194 non
2099 4159 2216 4200 sum
2267 4149 2577 4216 turbatus",
2609 4153 2734 4222 quia
2799 4153 3008 4207 scilicet
3061 4152 3260 4206 nullius
3344 4150 3473 4204 tnihi
3522 4103 3750 4204 sceferis
3809 4117 3811 4119 ι

481 4233 738 4294 conscius
765 4249 912 4292 sum.

537 4329 718 4384 --Vsns.
749 4330 802 4382 7.
840 4326 904 4381 In
938 4327 1190 4380 memoria
1219 4336 1420 4380 (eterna
1441 4326 1769 4393 eritjustus.
1816 4324 1896 4382 0h
1925 4342 2054 4397 pro-

2232 4330 2338 4394 Εἰς
2363 4329 2772 4397 μνημόσυνον
2823 4327 3062 4382 αἰώνιον
3121 4329 3293 4381 ἔσται
3345 4327 3598 4395 δίκαιος.
3648 4330 3751 4383 Διὰ

485 4424 633 4493 prias
680 4421 892 4476 scilicet
936 4419 1186 4482 virtutes,
1236 4433 1334 4472 nec
1367 4427 1576 4470 tantum
1621 4419 1808 4473 vivens
1854 4421 1960 4475 erit
2005 4422 2060 4476 in

485 4515 770 4574 memoria,
805 4519 898 4564 sed
931 4518 1052 4579 post
1076 4520 1326 4562 Illurlt‘lll.

483 4645 488 4648 .
556 4606 632 4658 Ab
664 4605 934 4657 auditione
959 4602 1104 4654 mala
1145 4618 1248 4653 non
1288 4601 1513 4653 timebit.
1556 4599 1672 4654 Non
1721 4601 2058 4667 I'orrnidabit,

483 4699 683 4765 inquit,
721 4697 846 4748 licet
875 4693 1144 4755 terribile,
1176 4702 1340 4760 atque
1364 4691 1696 4745 horrendum
1744 4692 1950 4762 aliquid
2002 4693 2056 4746 ei

489 4787 655 4840 fuerit
679 4785 1090 4838 annuntiatum.
1135 4781 1243 4836 Nec
1265 4783 1400 4837 dixit
1431 4783 1574 4852 quod
1601 4798 1707 4837 non
1741 4783 1942 4847 audiet,
1967 4784 2062 4838 sed

486 4877 632 4948 quod
691 4893 797 4931 non
856 4877 1089 4931 timebit.
1148 4875 1406 4944 Deposuit
1445 4876 1588 4927 enim
1622 4883 1782 4928 antea
1817 4876 2064 4935 .divitias

485 4987 617 5026 suas
675 4979 793 5023 tuto
846 4970 898 5021 in
961 4969 1101 5030 loco,
1154 4975 1316 5035 atque
1366 4967 1488 5019 ideo
1533 4967 1616 5020 cis
1650 4981 1864 5035 semper
1890 4969 2063 5037 magis

488 5062 711 5132 propior
757 5061 871 5115 ﬁeri
944 5059 1186 5113 festinat.
1234 5056 1327 5112 Ubi
1355 5058 1515 5121 enim,
1568 5059 1768 5126 inquit,
1800 5067 1880 5112 est
1944 5062 2057 5111 tlte-

486 5172 675 5208 saurus
708 5163 850 5215 tuus,
892 5153 1004 5204 illic
1045 5159 1093 5204 et
1121 5167 1210 5202 cor
1243 5159 1388 5202 tuum
1415 5149 1582 5204 erit‘.
1649 5151 1846 5206 Eadem
1910 5151 2056 5204 enim

486 5248 696 5302 ratione
719 5261 813 5299 eos
837 5260 943 5298 non
974 5244 1146 5307 timet,
1179 5242 1268 5308 qui
1298 5257 1494 5310 corpus
1523 5243 1800 5311 occidunt,
1825 5251 1880 5298 et
1943 5244 2060 5297 ani-

487 5354 627 5391 mam
661 5337 912 5391 occidere
943 5350 1051 5389 non
1095 5341 1341 5404 possunt.

557 5428 812 5482 Paratum
853 5443 944 5479 cor
997 5426 1110 5494 ejus
1163 5440 1375 5493 sperare
1406 5425 1460 5476 in
1517 5423 1760 5478 Domino.
1813 5425 1926 5477 Hoc
1950 5433 2054 5488 cst,

487 5521 680 5573 stabile
729 5529 894 5588 atque
953 5519 1342 5571 inconcussum
1377 5526 1658 5584 permanet
1688 5529 1782 5568 cor
1825 5515 1944 5584 ejus
1999 5515 2054 5568 in

562 5700 580 5727 ’
620 5699 776 5750 Joan.
823 5711 940 5753 viti.
978 5697 1058 5751 l2.
1131 5695 1150 5725 ³
1187 5693 1332 5750 Psal.
1369 5711 1560 5751 sunt.
1590 5696 1678 5748 ‘20.

1759 5698 1778 5728 ⁸
1802 5696 1950 5752 l'sal.
2000 5712 2197 5752 cum.
2239 5699 2330 5750 00.

2166 4421 2266 4483 τὰς
2316 4419 2518 4491 ἀρετὰς
2541 4421 2708 4474 αὐτοῦ
2771 4422 3249 4492 μνημονευόμενοι·
3269 4419 3330 4471 οὐ
3391 4421 3552 4490 μόνον
3614 4423 3751 4485 ζῶν,

2163 4511 2300 4563 ἀλλὰ
2328 4511 2423 4563 καὶ
2458 4512 2654 4565 Θανών.

2163 4619 2182 4646 ει
2247 4603 2580 4671 Ἆπὸρκοῆς
2602 4603 2870 4670 πονηρᾶς
2889 4605 2962 4658 οὐ
2981 4605 3409 4673 φοϐηθήσεται.
3435 4604 3568 4658 Ἀπὸ
3582 4604 3753 4672 ἀγγε-

2163 4692 2284 4754 λίας
2309 4693 2647 4763 φοϐερᾶς,ού
2676 4694 2961 4747 δειλιάσει.
2991 4697 3106 4747 υύκ
3134 4693 3260 4748 εἷπε
3285 4698 3342 4749 δὲ
3367 4697 3461 4747 καὶ
3487 4695 3608 4757 νῦν,
3634 4697 3743 4756 ὅτι,

2164 4784 2264 4835 ούκ
2326 4784 2657 4846 ἀκούσεται,
2691 4785 2808 4838 ἀλλ’
2871 4787 2994 4850 ὃτι,
3029 4787 3090 4838 ού
3142 4787 3548 4857 φοὸηθήσεται·
3616 4802 3752 4853 ⁸προ-

2163 4872 2400 4924 απέθετο
2445 4875 2554 4944 γὰρ
2608 4875 2777 4928 αὑτοῦ
2829 4876 2923 4930 τὸν
2976 4875 3204 4929 πλοῦτον
3265 4881 3324 4929 ὲν
3373 4876 3559 4946 ἀσύλῳ
3631 4894 3745 4944 χω-

2164 4963 2294 5032 ρίῳ·
2349 4964 2442 5015 καὶ
2499 4965 2718 5018 σπεύδει
2765 4968 2966 5036 μᾶλλον
3018 4967 3280 5021 ἀπελθεῖν
3349 4970 3487 5020 ἐκεῖ.
3543 4967 3744 5019 Ὅπου

2158 5055 2270 5124 γάρ
2293 5057 2445 5119 ἐστι,
2480 5058 2636 5126 φησὶ,
2668 5062 2976 5127 θησαυρὸς
3013 5060 3207 5128 ἡμῶν,
3235 5061 3362 5114 ἐκεῖ
3419 5061 3590 5115 ἔσται
3646 5058 3746 5113 και

2175 5150 2214 5216 ἠ
2235 5148 2446 5215 καρδία
2475 5149 2644 5217 ἡμῶν
2668 5169 2680 5181 δ
2711 5156 2805 5204 καὶ
2854 5153 2944 5205 διὰ
2978 5153 3136 5206 τοῦτο
3164 5155 3224 5206 ού
3261 5153 3508 5222 φοϐεῖται
3539 5192 3553 5215 ,
3621 5152 3742 5205 οὐδὲ

2165 5241 2289 5302 τοὺς
2323 5243 2745 5307 ἀποκτείνοντας
2766 5246 2826 5297 τὸ
2858 5247 3043 5316 σῶμα,
3067 5247 3167 5317 τὴν
3197 5246 3251 5298 δὲ
3270 5247 3447 5317 ψυχὴν
3485 5245 3562 5316 μὴ
3580 5246 3736 5298 δυνα·

2173 5333 2370 5403 μένους
2408 5335 2748 5390 ἀποκτεῖναι.

2247 5424 2486 5492 Ἑτοίμιι
2518 5426 2548 5492 ἡ
2585 5428 2797 5492 καρδία
2824 5429 3012 5483 αὐτοῦ
3073 5431 3335 5490 ἐλπίζειν
3361 5431 3456 5484 ἐπὶ
3493 5431 3736 5497 Κύριον.

2179 5515 2402 5586 Ἐδραία
2435 5519 2702 5584 ἐλπίζειν,
2735 5520 3164 5591 ἀμετακίνητος,
3208 5523 3315 5576 ἀπὸ
3348 5525 3446 5589 τῆς
3480 5523 3561 5586 εἰς
3622 5520 3737 5575 Κύ-

2410 5700 2429 5731 ³
2467 5699 2656 5748 Mattlt.
2709 5717 2783 5754 vt,
2831 5704 2918 5749 9|.
