4102 6206
467 352 606 415 1109

464 554 639 623 ὄνομά
673 573 765 608 σου
785 556 876 618 δὸς
898 556 1125 621 δοξάσαι
1147 596 1162 610 .

549 647 682 701 Ἐπὶ
715 646 794 713 τῷ
838 648 996 703 ἐλέει
1021 665 1142 704 σου
1207 651 1305 704 καὶ
1335 652 1412 718 τῇ
1441 651 1696 717 ἀληθείᾳ
1728 667 1865 706 σου.
1898 653 2064 719 Δόξα-

468 754 561 791 σον
622 739 756 793 αὐτό
810 741 869 792 ἰν
906 740 982 809 τῷ
1004 741 1144 795 ἐλέει
1180 758 1299 808 σου,
1330 741 1521 812 καὶτῷ
1551 742 1745 811 ἀληθεῖ
1769 761 1863 796 σου
1891 744 2057 810 ἐλέει,

466 828 770 892 τουτέστιν,
837 831 1072 901 ἐλεήσας
1127 836 1297 902 ἡμᾶς,
1365 834 1459 888 καὶ
1520 834 1740 905 ἀληθῶς
1799 835 2054 907 ἐλεήσας.

468 923 660 986 Ἔλεος
706 924 817 995 γὰρ
867 927 962 979 καὶ
989 926 1252 996 ἀλήθειαν
1301 926 1567 989 πολλάκις
1610 933 1702 979 ’τὸν
1754 927 1906 981 ἔλεον
1962 927 2054 980 τὸν

462 1012 641 1082 ἀληθῆ
665 1030 834 1083 φησιν
863 1017 891 1068 ὁ
919 1017 1228 1087 προφήτης,
1256 1016 1350 1070 τὸν
1376 1017 1582 1088 κυρίως
1629 1019 1755 1073 ὅσον
1788 1019 1925 1090 πρὸς
1960 1017 2055 1072 τὸν

463 1100 562 1154 ἀνθ
573 1101 829 1173 ρὼπινον.

1657 358 2049 417 CUMMENT.
2086 358 2161 416 IN
2201 357 2561 416 l’SALMOS.

537 461 700 516 Ἀλλ’
740 462 778 531 ἢ
814 462 893 529 τῷ
945 464 1193 533 ὀνόματί
1236 477 1358 520 σου
1384 465 1490 533 δὸς
1525 465 1737 531 δόξαν.
1783 466 1947 520 Ἀλλὰ
1980 466 2042 519 τδ
2070 476 2114 531 Α

2104 626 2108 630 Α
2161 576 2360 614 nomen
2396 570 2548 613 tuum
2581 559 2851 629 gloriﬁca.

3591 331 3730 398 lllO

2218 468 2325 521 Sed
2363 468 2567 521 nomini
2597 475 2686 519 tuo
2717 465 2786 519 da
2831 464 3085 536 gloriam.
3138 461 3221 516 Tu
3283 467 3491 521 tamen,
3524 452 3732 523 inquit,

2231 653 2398 708 Vens.
2445 654 2500 706 2.
2543 651 2608 705 1η
2670 647 3038 705 misericordia
3109 656 3200 698 tua
3247 652 3296 698 et
3336 642 3559 695 veritate
3618 648 3731 691 tua.

2159 742 2414 799 Gloritica
2447 744 2602 809 illud,
2635 743 2835 813 inquit,
2872 742 2923 794 in
2965 735 3346 793 misericordia
3387 744 3478 789 tua
3507 737 3562 787 et
3585 731 3733 784 veri-

2161 846 2269 891 tate
2298 847 2409 899 tua.
2446 837 2548 892 hoc
2570 845 2676 903 cst,
2699 836 2956 891 misertus
2985 830 3185 893 nostri,
3222 839 3276 883 et
3298 841 3423 881 vere
3456 823 3734 877 misertus.

2162 926 2601 982 Misericordiam
2679 929 2823 982 enim
2876 934 2930 980 et
2979 924 3305 983 veritatem.
3363 927 3739 984 δίνβθυιιηνθτο

2159 1017 2432 1088 PrOpheta
2463 1018 2805 1089 coniunctim
2834 1017 3008 1088 ponit,
3042 1030 3142 1085 pro
3176 1026 3301 1066 vera
3334 1002 3736 1063 misericordia.

2156 1109 2291 1163 Nam
2329 1112 2513 1165 divina
2542 1110 2925 1166 misericordia
2960 1107 3182 1179 proprie
3210 1118 3275 1161 ac
3299 1116 3428 1156 vere
3458 1106 3512 1152 et
3544 1104 3651 1156 est,
3682 1098 3738 1145 et

461 1195 670 1250 dicitur
698 1197 1116 1264 misericordia;
1150 1199 1393 1255 humana
1425 1208 1630 1269 autem,
1665 1202 1866 1258 divinae
1888 1210 2227 1272 comparata,
2263 1221 2372 1260 non
2416 1223 2543 1261 vera
2584 1216 2689 1273 est,
2758 1205 2853 1261 sed
2922 1204 3113 1258 umbra
3186 1197 3433 1270 quaedam
3509 1192 3734 1267 misert-

466 1287 689 1343 eordize.

526 1376 775 1442 Μήποτε
794 1379 1008 1434 εἴπωσι
1047 1382 1121 1435 τὰ
1144 1382 1290 1450 ἔθνη
1312 1398 1328 1415 ο
1353 1386 1478 1440 Ποῦ
1508 1385 1683 1439 ἐστιν
1710 1388 1743 1439 ὁ
1776 1386 1923 1451 Θεὸς
1948 1388 2055 1441 αὐ-

455 1467 609 1529 τῶν;
645 1466 736 1535 Μή
762 1484 915 1530 ποτε,
951 1471 1505 1541 κατακυριευοέντων
1536 1476 1566 1542 ἡ
1579 1472 1718 1541 μῶν,
1754 1472 2047 1526 ἀσθένειαν

453 1553 758 1607 ὀνειδίσωσι
789 1555 856 1609 τὰ
892 1556 1044 1624 ἔθνη.

535 1645 591 1698 '0
624 1645 684 1698 δὲ
708 1648 854 1712 Θεὸς
898 1648 1068 1718 ἡμῶν
1108 1651 1180 1704 ἐν
1222 1650 1302 1717 τῷ
1335 1654 1576 1720 οὐρανῷ
1619 1656 1718 1709 καὶ
1749 1656 1819 1711 ἐν
1848 1656 1925 1724 τῇ
1958 1655 2056 1726 τῇ,

455 1736 651 1791 πάντα
675 1737 793 1793 ὅσα
819 1740 1126 1808 ἠθέλησεν
1167 1743 1442 1811 ἐποίησε.
1483 1747 1565 1800 Τὰ
1616 1747 1742 1818 ἔθνη
1776 1748 1878 1818 μὲν
1919 1749 2048 1812 ἴσως

464 1826 680 1880 τοιαῦτα
721 1828 1101 1915 ληρήσουσινξ
1158 1835 1187 1887 ὁ
1225 1834 1283 1888 δὲ
1334 1836 1468 1899 Θεὸς
1510 1839 1693 1909 ήμῶν,
1739 1841 1917 1894 πάντα
1948 1820 2127 1894 ὃσοίΒ

459 1916 721 1989 ἠθέλησεν
774 1922 1044 1993 tuaique“
1091 1925 1443 1999 μακροθυμεῖ
1502 1930 1560 1983 δὲ
1617 1929 1903 1996 πολλάκις,
1956 1935 2049 1987 καὶ

458 2005 767 2071 ἂνεξικακεῖ
796 2011 920 2064 κατ’
953 2013 1296 2084 οἰκονομίαν.

2219 1382 2516 1453 Ner/nando
2543 1385 2727 1438 dicant
2754 1394 2931 1454 gentes
2952 1399 2973 1437 .'
3002 1382 3101 1436 Ubi
3127 1391 3204 1436 est
3231 1379 3369 1435 Deus
3398 1391 3576 1432 eorum
3596 1371 3736 1427 iNe-

2158 1476 2401 1545 quando,
2422 1464 2627 1545 inquit,
2661 1485 2853 1544 gentes
2886 1473 3059 1529 nostri
3092 1471 3469 1533 dominentur,
3502 1474 3558 1522 et
3585 1473 3733 1541 tuam

2158 1568 2316 1622 nobis
2350 1566 2705 1638 postmodum
2754 1565 3087 1633 exprobrent
3123 1561 3525 1616 inﬁrmitatem.

2236 1656 2400 1713 Vens.
2434 1658 2485 1710 5.
2522 1656 2664 1711 Deus
2691 1664 2868 1710 autem
2896 1664 3079 1709 noster
3127 1655 3180 1706 in
3209 1652 3365 1712 ccelo.
3401 1660 3451 1705 et
3482 1650 3536 1707 iu
3568 1658 3731 1703 terra.

2161 1750 2378 1815 Omnia,
2406 1765 2727 1819 quaecunque
2753 1747 2936 1809 voluit,
2968 1747 3116 1816 fecit.
3149 1744 3351 1805 Gentes
3382 1743 3606 1815 quidem
3629 1740 3735 1794 hu~

2149 1842 2393 1911 jusmodi
2430 1842 2683 1896 fortassis
2712 1841 2875 1895 verba
2911 1839 3288 1894 blatterabunt
3321 1854 3339 1894 :
3381 1846 3433 1891 at
3466 1849 3568 1890 nos
3602 1847 3736 1889 eou-

2157 1945 2241 1990 tra
2267 1932 2635 1987 clztinabimus
2679 1936 2826 2001 quod
2864 1932 2916 1986 iu
2943 1932 3084 1987 ωηο
3115 1939 3284 2000 atque
3315 1930 3371 1982 in
3414 1937 3559 1982 terra
3594 1924 3735 1978 Den‘s

2080 2076 2085 2083 .
2152 2032 2339 2081 uoster
2387 2026 2573 2080 omnia
2632 2031 2839 2093 potest,
2899 2032 3035 2094 quut
3084 2020 3365 2085 voluerit;
3418 2032 3733 2089 quanquam

456 2105 640 2167 Jertis,
673 2113 840 2175 atque
879 2107 931 2162 ei
962 2108 1066 2164 soli
1095 2109 1335 2181 cognitis
1393 2111 1731 2183 quibusdam
1780 2115 2117 2183 rationibus,
2190 2134 2256 2175 es
2334 2117 2750 2188 dispensatione
2808 2129 3189 2187 saepenumero
3258 2111 3591 2184 longanimis
3655 2111 3727 2166 sit

457 2202 506 2249 et
535 2199 770 2264 patiens.

527 2293 603 2346 Τὰ
645 2293 869 2348 εἴδωλα
899 2293 1021 2350 τῶν
1062 2293 1256 2351 ἐθνῶν
1288 2296 1577 2366 ἀργύριον
1627 2299 1728 2354 καὶ
1758 2302 2045 2370 χρυσίον,

455 2384 595 2451 ἔργα
640 2384 858 2453 χειρῶν
900 2385 1257 2455 ἀνθρώπων.
1334 2390 1534 2458 Στόμα
1560 2389 1799 2460 ἔχουσι,
1846 2394 1946 2447 καὶ
1980 2396 2052 2449 οὐ

461 2474 844 2543 λαλήσουσιν
879 2491 893 2506 ⁸
916 2477 1271 2548 ὀφθαλμοὺς
1311 2478 1552 2549 ἔχουσι.
1590 2483 1689 2537 καὶ
1719 2486 1830 2537 οὐκ
1861 2485 2051 2554 ὄψον-

454 2582 569 2619 ται.
617 2562 762 2619 Ὦτα
803 2568 1040 2636 έχουσι,
1114 2573 1216 2626 καὶ
1272 2574 1385 2625 οὐκ
1430 2573 1831 2629 ἀκούσονταν
1875 2575 2057 2645 ῥῖνας

455 2659 695 2727 ἔχουσι,
717 2659 818 2712 καὶ
845 2662 957 2714 οὐκ
978 2661 1537 2730 ὀσφρανθήσονταν
1590 2667 1796 2736 187130;-
1819 2667 2057 2737 ἔχουσι,

456 2752 559 2805 καὶ
585 2754 659 2806 οὐ
687 2753 1164 2821 ψηλαφήσουσι·
1188 2756 1386 2822 πόδας
1404 2757 1644 2825 ἔχουσι,
1664 2759 1763 2812 καὶ
1796 2762 1869 2814 οὐ
1892 2776 2058 2828 περιο

454 2845 863 2910 πατήσουσιν
886 2846 958 2899 οὐ
978 2845 1377 2914 φωνήσουσιν
1386 2848 1459 2902 ἐν
1476 2847 1555 2914 τῷ
1569 2848 2056 2919 λάρυγτιαὺτῶν.

460 2937 648 2991 Πάντα
680 2937 861 2990 αὐτῶν
888 2935 1070 2991 ἔπεισι
1098 2939 1171 2991 τὰ
1200 2940 1367 3012 μέρη,
1396 2940 1690 2995 πλατύνων
1718 2943 1823 3013 τὴν
1848 2960 2059 3014 κωμῳ-

454 3028 597 3083 δίαν.
629 3029 739 3084 Καὶ
770 3029 964 3101 πρῶτα
993 3031 1094 3101 μὲν
1126 3032 1256 3095 τοὺς
1294 3032 1502 3099 τύπους
1521 3033 1632 3088 τῶν
1660 3033 2058 3106 αἰσθητηρίων,

2223 2304 2392 2358 Vens.
2432 2300 2555 2355 4-7.
2587 2300 2747 2354 ldola
2804 2300 3039 2370 gentium
3083 2306 3381 2367 argentum,
3421 2306 3470 2349 et
3523 2308 3736 2357 aurum,

2156 2412 2316 2464 opera
2344 2409 2594 2447 manuum
2629 2393 2897 2445 hominum
2927 2406 2946 2445 :
2980 2407 3037 2445 os
3068 2390 3283 2451 habent,
3304 2397 3353 2440 et
3386 2402 3489 2439 non
3523 2386 3728 2454 loquen-

2159 2500 2247 2544 tur
2279 2506 2298 2544 :
2331 2487 2514 2541 oculos
2555 2485 2766 2546 habent,
2800 2492 2848 2537 et
2873 2499 2975 2537 non
2998 2479 3249 2534 videbunt
3283 2495 3301 2531 :
3337 2493 3492 2531 aures
3523 2475 3735 2536 habent,

2159 2591 2209 2635 et
2263 2594 2367 2633 non
2408 2578 2671 2632 audient:
2703 2590 2858 2630 nares
2903 2573 3117 2636 habent,
3153 2581 3203 2625 et
3251 2586 3354 2624 non
3402 2566 3737 2625 odorabunt:

2162 2688 2352 2726 manus
2388 2671 2602 2734 habent,
2640 2677 2690 2723 et
2721 2682 2825 2721 non
2857 2665 3151 2735 palpabunt
3188 2661 3386 2731 :podes
3449 2659 3658 2721 habent,
3689 2669 3738 2712 et

2159 2779 2264 2817 non
2291 2758 2640 2814 ambulabunt
2674 2772 2695 2813 :
2721 2774 2825 2811 non
2844 2757 3125 2819 loquentur
3148 2756 3200 2808 in
3225 2763 3438 2824 gutture
3461 2766 3578 2804 suo.
3609 2747 3739 2803 Om-

2157 2852 2249 2906 nia
2281 2849 2558 2905 idolorum
2589 2837 2859 2908 membra,
2897 2852 3065 2915 atque
3096 2857 3293 2898 omnes
3323 2856 3517 2898 eorum
3550 2847 3735 2909 partes

2160 2943 2457 3013 percurrit,
2484 2938 2694 3009 aliquid
2732 2951 2953 3008 semper
2983 2935 3223 3006 amplius
3253 2937 3307 2988 in
3340 2933 3420 2986 eis
3453 2945 3687 2999 carpens
3721 2947 3734 2982 :

2159 3044 2215 3091 et
2250 3033 2434 3105 primo
2474 3031 2702 3103 quidem
2735 3044 3006 3087 sensuum
3057 3039 3286 3097 organa,
3321 3022 3521 3078 dei-nde
3570 3021 3734 3075 etiam

461 3120 589 3174 εἶτα
619 3122 720 3185 τὰς
758 3126 951 3193 χεῖρας
980 3123 1228 3189 καὶτοὺς
1259 3125 1431 3190 πόδας
1461 3126 1645 3180 αὐτῶν
1707 3125 1955 3183 διέϐαλεν
1976 3132 2052 3193 εἰς

2159 3139 2381 3188 manus,
2408 3131 2463 3180 et
2491 3122 2657 3194 pedes
2688 3118 3137 3177 insensibilitatis
3162 3124 3414 3181 accusat,
3441 3112 3738 3168 ostendens

462 3212 851 3281 ἀναισθησίαν,
897 3213 973 3277 ὡς
1004 3213 1139 3285 ὕλην
1182 3214 1415 3287 ἄψυχον.
1451 3216 1695 3287 Ζητήσαι
1746 3217 1792 3270 δ’
1840 3218 1905 3272 ἄν
1939 3234 2047 3284 τις,

460 3305 578 3369 πῶς
618 3305 720 3358 οὐκ
751 3307 846 3357 ἐπὶ
872 3306 1147 3373 στόματος
1178 3309 1360 3363 αὐτῶν
1395 3302 1551 3364 εἶπεν
1577 3354 1581 3357 τ
1608 3310 1692 3364 ὃτι
1726 3311 1786 3364 οὐ
1819 3311 2047 3378 γεύσον-

455 3414 548 3449 ττι
567 3412 584 3428 ο
620 3398 708 3451 ἵνα
749 3397 1035 3452 κάνταῦθα
1059 3401 1161 3471 τῆς
1187 3403 1532 3473 καταλλήλου
1554 3404 1868 3475 αἰσθήσεως
1921 3406 2034 3459 ἐπι-

462 3488 695 3559 μνησοῇ.
722 3490 878 3543 Δοκεῖ
901 3507 991 3561 μοι
1012 3491 1140 3564 γὰρ,
1163 3492 1298 3546 διότι
1323 3494 1385 3548 τδ
1407 3494 1504 3564 μὲν
1534 3494 1690 3566 ὁρᾷν,
1717 3496 1812 3549 καὶ
1834 3496 2056 3550 ἀκούειν

467 3581 561 3633 καὶ
588 3580 1010 3650 ὀσφραίνεσθαι,
1041 3584 1139 3637 καὶ
1171 3584 1241 3638 τὰ
1283 3584 1470 3650 λοιπὰ,
1499 3585 1753 3653 λέγονται
1787 3586 2051 3650 πολλάκις

466 3670 559 3721 ἐπὶ
592 3670 764 3725 Θεοῦο
820 3673 883 3726 τὸ
922 3672 981 3727 δὲ
1027 3673 1255 3739 ἐσθιειν,
1292 3677 1355 3729 οὐ
1383 3675 1607 3745 λέγεται
1634 3691 1644 3703 ·
1669 3677 1749 3731 διὸ
1791 3677 1912 3732 ἀντὶ
1951 3678 2053 3746 τῆς

460 3760 706 3827 γεύσεως
768 3765 860 3819 τδν
929 3766 1088 3835 λόγον
1145 3768 1467 3839 παρέλαϐε·
1541 3773 1635 3824 καὶ
1689 3772 1907 3842 πρῶτον
1956 3772 2050 3824 καὶ

466 3849 717 3922 ὕστερον,
747 3855 821 3919 ὡς
843 3856 1120 3924 ἀπόδειξιν
1148 3859 1295 3930 ζωῆς
1329 3862 1761 3931 ἐναργεστάτην.

2159 3217 2295 3271 nihil
2319 3216 2467 3272 aliud
2485 3229 2609 3273 esse
2630 3230 2692 3271 ea
2728 3213 3045 3277 simulacra,
3060 3225 3222 3281 quam
3245 3206 3527 3264 materiam
3549 3204 3741 3274 quam.

2158 3308 2284 3363 dam
2309 3307 2493 3362 anima
2518 3321 2754 3377 prorsus
2778 3315 2944 3375 atque
2969 3303 3170 3373 spiritu
3201 3294 3737 3361 carentem.Quterct

2160 3400 2363 3470 aliquis
2398 3397 2656 3462 fortasse.
2681 3412 2781 3452 cur
2805 3395 3084 3466 Propheta
3111 3402 3342 3449 caeteros
3376 3404 3577 3448 sensus
3606 3401 3732 3442 cor-

2163 3494 2313 3563 poris
2352 3493 2544 3546 ordine
2570 3489 2970 3561 percensendo,
3000 3487 3067 3542 de
3089 3502 3256 3541 sensu
3288 3482 3404 3557 oris
3435 3496 3546 3538 non
3573 3479 3734 3544 dixit,

2160 3583 2442 3652 quod-ore
2474 3596 2577 3637 suo
2621 3596 2732 3635 non
2775 3579 3101 3649 gustabunt,
3134 3577 3230 3632 sed
3263 3574 3422 3637 dixit,
3460 3571 3604 3641 quod
3641 3584 3738 3623 ore

2156 3635 2260 3732 suo
2302 3635 2412 3729 tfon
2447 3635 2869 3745 loquentur.'Et
2899 3668 3115 3722 videtur
3164 3666 3297 3720 mihi
3344 3679 3408 3718 ea
3438 3664 3652 3718 ratione
3680 3660 3735 3715 id

2156 3766 2366 3821 dictum
2414 3780 2524 3819 non
2561 3763 2757 3825 fuisse.
2805 3760 2934 3830 quia
2984 3757 3181 3812 audire
3225 3754 3467 3825 quidem,
3524 3750 3732 3814 videre,

2154 3859 2412 3923 odorare,
2451 3864 2506 3912 et
2547 3857 2784 3923 reliqua,
2819 3853 2927 3906 diei
2964 3850 3219 3906 videmus
3254 3857 3632 3915 saepenumero
3662 3842 3731 3899 de

465 3944 597 4013 Dee.
619 3947 712 4001 sed
748 3948 892 4015 quod
945 3948 1091 4005 Deus
1120 3952 1397 4014 comedat,
1455 3967 1727 4021 nusquam
1777 3953 2026 4019 legimus.
2068 3949 2270 4004 Verum
2306 3950 2431 4004 loco
2483 3958 2698 4019 gustus,
2748 3947 2931 4016 ipsum
2966 3956 3276 3999 sermonem
3347 3938 3517 3993 semel
3571 3945 3735 4006 atque

462 4036 659 4113 iterum
690 4038 772 4092 ori
823 4040 1097 4109 attribuit,
1156 4058 1268 4112 quo
1300 4043 1427 4112 quis
1460 4043 1644 4098 vivere
1677 4044 2028 4113 potissimum
2070 4041 2357 4112 probatur.

536 4097 767 4195 ’δμοιοι
822 4131 1032 4202 αὐζοῑς
1081 4132 1358 4200 γένοιντο
1416 4137 1472 4188 al
1519 4136 1837 4199 ποιοῦντες
1869 4134 2042 4198 αὐτὰ,

465 4225 567 4279 καὶ
608 4226 825 4293 πάντες
878 4229 934 4280 ol
1001 4229 1360 4296 πεποιθότες
1399 4230 1493 4283 ἐπ’
1545 4230 1769 4297 αὐτοῖς.
1828 4229 2048 4299 Ὅμοιοι

465 4320 675 4382 αὐτοῖς,
731 4319 932 4389 κωφοὶ,
1006 4321 1103 4374 καὶ
1160 4320 1505 4394 ἀναίσθητοι,
1545 4325 1641 4379 καὶ
1672 4327 2045 4397 ἁνενέργητοι.

476 4411 639 4464 Ἀλλὰ
664 4411 734 4463 τὰ
768 4412 868 4482 μὲν
925 4413 1125 4467 εἴδωλα
1182 4415 1293 4469 τῶν
1341 4416 1514 4470 ὲονῶν
1573 4418 1824 4479 τοιαῦτα,
1856 4421 1951 4471 καὶ
1997 4418 2049 4470 οἱ

460 4503 728 4569 τιμῶντες
796 4502 869 4555 τὰ
925 4504 1062 4558 αὐτὰ
1102 4504 1275 4569 οὕτως
1332 4508 1572 4579 ἀνόητοι,
1612 4509 1881 4580 μηδεμιᾶς
1927 4511 2050 4563 ἐπι-

461 4594 686 4662 κουρίας
738 4594 916 4646 αὐτῶν
948 4595 1316 4661 ἀπολαύοντες
1343 4614 1357 4628 °
1410 4600 1575 4669 ἡμεῖς
1623 4600 1680 4653 δὲ
1713 4600 1811 4671 οὐχ
1854 4599 2045 4662 οὕτως.

533 4680 711 4748 Οἶκος
781 4686 1028 4755 Ἰσραὴλ
1076 4686 1344 4756 ἤλπισεν
1409 4691 1505 4744 ἐπὶ
1535 4692 1759 4759 Κύριον
1789 4691 2049 4758 ’,βοηθὸς

462 4777 561 4829 καὶ
625 4778 1094 4845 ὑπερασπιστὴς
1150 4780 1351 4836 αὐτῶν⁹
1381 4784 1572 4838 ἐστιν.
1616 4781 1791 4850 οἶκος
1834 4784 2048 4850 Ἀαρὼν

460 4867 734 4937 ἤλπισεν
781 4868 880 4927 ἐπὶ
912 4873 1146 4941 Κύριον·
1186 4874 1417 4941 ,βοηθὸς
1459 4876 1557 4930 καὶ
1582 4877 2047 4946 ὑπερασπιστὴς

458 4962 661 5016 αὐτῶν
691 4963 886 5019 ἐστιν.
924 4967 989 5019 οι
1014 4966 1375 5036 φοϐούμενοι
1402 4970 1510 5023 τὸν
1526 4971 1747 5038 Κύριον
1768 4969 2047 5039 ἤλπισαν

461 5054 559 5107 ἐπὶ
591 5054 813 5125 Κύριον
843 5072 860 5089 °
895 5058 1132 5127 ,Βοηθὸς
1181 5060 1279 5114 καὶ
1334 5062 1803 5131 ὑπερασπιστὴς
1846 5064 2046 5118 αὐτῶν

464 5143 620 5198 ἐστι.
668 5147 745 5199 Οὔ
808 5147 1010 5217 μάτην,
1070 5149 1262 5219 φησὶν,
1313 5150 1630 5220 ἠλπίσαμεν
1671 5152 1767 5204 ἐπὶ
1816 5154 2040 5222 Κύριον,

467 5235 657 5305 βοηθεῖ
684 5237 796 5307 γὰρ
826 5241 923 5292 καὶ
978 5242 1346 5312 ὕπερασπίζει
1389 5244 1566 5313 ἡμῶν.
1600 5245 1813 5313 Διαιρεί
1852 5244 1907 5297 δὲ
1951 5245 2043 5297 τὸν

465 5324 596 5379 λαὸν
624 5326 720 5380 τοῦ
749 5328 910 5391 Θεοῦ,
938 5330 1019 5393 εἷς
1050 5346 1109 5383 τε
1137 5331 1230 5385 τὸν
1260 5332 1451 5396 ἁπλῶς
1494 5332 1733 5402 Ἰσραὴλ,
1756 5335 1849 5386 καὶ
1876 5335 1955 5395 εἰς
1981 5334 2043 5387 τὸ

467 5417 740 5486 ἱερατικὸν
781 5418 959 5487 γένος,
1013 5422 1107 5475 καὶ
1139 5423 1220 5485 εἰς
1257 5423 1385 5487 τοὺς
1423 5424 1802 5496 προσηλύτους
1832 5440 1847 5457 ·
1893 5421 2042 5481 οἷκον

432 5476 575 5577 ’μέν
649 5476 868 5580 Ἰσραὴλ
915 5476 1220 5580 ονψᾱζωγζ
1275 5476 1401 5577 τοὺς
1436 5476 2039 5587 ἁιπλιῦςἸσρναηλίταςξ

467 5596 563 5661 οὓς
615 5599 712 5652 καὶ
756 5602 1071 5670 προτάττει,
1101 5604 1192 5659 διὰ
1221 5606 1282 5659 τὸ
1306 5606 1512 5676 πλῆθος
1548 5608 1732 5662 αὐτῶν
1753 5625 1766 5639 ο
1804 5605 1953 5663 οἷκον
1983 5610 2043 5665 δὲ

408 5768 413 5773 ⁸
466 5689 704 5758 Ἀαρὼν,
763 5692 824 5745 τὸ
857 5695 1136 5764 ἱερατικὸν
1157 5698 1314 5765 γένος
1336 5716 1349 5728 ·
1387 5699 1494 5770 πρὸ
1542 5699 1764 5754 πάντων
1797 5701 1904 5770 γὰρ
1939 5702 2043 5753 αὐ-

469 5779 559 5843 τὸς
617 5779 927 5853 ἱεράτενσε,
974 5786 1071 5840 καὶ
1129 5786 1324 5856 γέγονε
1382 5791 1508 5863 ῥίζα
1551 5790 1661 5846 τῶν
1695 5791 1814 5854 μετ’
1841 5792 2033 5848 αὐτόν·

2232 4130 2395 4185 Vnus.
2435 4130 2489 4183 8.
2521 4127 2735 4183 Similes
2758 4127 2893 4195 ﬁant
2923 4126 3021 4186 eis,
3051 4124 3140 4194 qui
3177 4122 3385 4191 faciunt
3416 4137 3501 4182 ea,
3533 4128 3582 4173 et
3619 4134 3731 4171 om-

2154 4241 2266 4289 nes,
2291 4224 2382 4293 qui
2409 4219 2685 4289 con/idum
2718 4219 2770 4271 in
2815 4218 2914 4271 eis.
2956 4215 3179 4271 Similes
3210 4216 3292 4268 eis
3341 4212 3474 4266 liant
3516 4227 3529 4265 :
3574 4208 3727 4263 surdi

2155 4315 2367 4370 scilicet
2394 4328 2459 4368 ac
2482 4312 2604 4368 sine
2633 4308 2895 4366 efﬁcacia.
2936 4306 3142 4361 Verum
3169 4303 3314 4360 idola
3342 4302 3565 4374 quidem
3593 4316 3731 4371 gen-

2158 4408 2294 4462 tium
2327 4403 2641 4475 huiusmodi
2667 4411 2819 4467 sunt,
2851 4409 2907 4456 et
2938 4402 3031 4471 qui
3060 4413 3122 4453 ea
3156 4398 3370 4461 colunt,
3407 4396 3511 4450 hoc
3544 4404 3729 4462 pacto,

2156 4507 2216 4552 ut
2243 4497 2505 4563 diximus,
2534 4506 2662 4551 sunt
2687 4494 2845 4557 fatui,
2894 4502 2951 4546 ut
2980 4506 3045 4547 ea
3071 4496 3424 4553 venerentur,
3470 4503 3499 4541 a
3527 4486 3730 4543 auibus

2153 4589 2287 4644 nihil
2313 4588 2433 4659 opis
2459 4589 2684 4657 capiunt
2711 4605 2726 4640 :
2760 4600 2862 4640 nos
2900 4600 3030 4640 vero
3061 4598 3169 4638 non
3201 4581 3306 4637 sic.

2224 4680 2392 4736 Vsus.
2433 4681 2595 4737 9-H.
2640 4678 2840 4732 Domus
2879 4676 3060 4732 Israel
3122 4674 3353 4744 speravit
3388 4672 3727 4733 in'Domino,

2148 4773 2387 4842 adjutor,
2415 4781 2464 4825 et
2501 4779 2766 4838 protector
2812 4783 2993 4824 eorum
3018 4774 3095 4821 est
3127 4781 3146 4820 :
3176 4766 3367 4818 domus
3393 4764 3576 4816 Aaron
3609 4775 3730 4826 spe-

2151 4867 2292 4920 ravit
2323 4868 2374 4918 in
2421 4864 2670 4929 Domino,
2722 4862 2966 4932 adjutor,
2998 4869 3049 4915 et
3075 4870 3342 4930 protector
3371 4873 3552 4912 eorum
3596 4863 3675 4908 est
3706 4868 3727 4909 :

2145 4961 2236 5030 qui
2270 4959 2451 5012 timent
2470 4957 2757 5011 Demittunt
2775 4965 3112 5026 speraverant
3136 4957 3189 5008 in
3214 4953 3461 5013 Domino,
3486 4950 3719 5018 adjutor,

2147 5062 2197 5107 et
2226 5060 2493 5121 protector
2542 5066 2725 5105 eorum
2752 5058 2857 5104 est.
2890 5048 3009 5103 Non
3040 5048 3267 5107 frustra,
3301 5044 3501 5113 inquit,
3536 5054 3726 5110 spera-

2146 5147 2328 5202 vimus
2358 5148 2412 5202 iu
2442 5146 2698 5210 Domino,
2754 5147 2846 5214 qui
2874 5160 3033 5213 opem
3072 5141 3297 5197 assidue
3348 5137 3509 5191 nobis
3565 5150 3722 5188 suam

2147 5248 2391 5309 praestat,
2431 5238 2527 5308 qui
2582 5238 2735 5293 fovet
2769 5254 2891 5292 nos.
2925 5238 2983 5290 In
3019 5235 3294 5304 triplicem
3353 5240 3538 5284 autem
3571 5226 3722 5280 ordi-

2145 5346 2270 5385 nem
2331 5331 2652 5386 universum
2685 5330 2777 5385 Dei
2835 5328 3093 5399 populum
3136 5322 3411 5381 distinxit.
3449 5320 3501 5372 in
3544 5319 3721 5387 ipsum

2145 5423 2359 5478 scilicet
2389 5424 2579 5487 Israel,
2624 5424 2679 5478 in
2712 5419 3066 5477 sacerdotale
3099 5430 3294 5486 genus,
3324 5411 3565 5483 atquein
3595 5426 3724 5482 pro-

2144 5516 2350 5587 selytos
2381 5532 2397 5571 :
2433 5532 2533 5587 per
2571 5517 2796 5570 domum
2830 5512 3051 5582 quidem
3085 5509 3252 5564 lsrael
3287 5508 3342 5561 in
3379 5506 3719 5571 universum,

2143 5608 2459 5665 Iudaeorum
2517 5609 2803 5678 pepulum‘
2833 5605 3159 5675 significans
3197 5617 3212 5654 :
3247 5610 3303 5655 et
3334 5598 3577 5659 Levius.
3626 5613 3722 5666 per

2147 5700 2370 5754 domum
2407 5699 2615 5762 Aaron,
2668 5699 2760 5767 qui
2798 5696 3014 5767 primus
3053 5692 3298 5749 omnium
3351 5687 3729 5745 sacerdotium

2150 5789 2578 5849 administravit.
2607 5796 2664 5844 et
2689 5796 3016 5843 caeterorum
3072 5796 3191 5844 eost
3255 5797 3318 5840 se
3368 5777 3723 5839 sacerdotum
