4102 6206
291 364 426 433 1113

1449 369 1834 431 CON‘INIENI‘.
1889 369 1968 429 IN
2015 364 2377 430 PSALMOS.

3400 349 3542 417 1118

288 485 464 556 prima
501 499 731 555 persona
767 484 902 540 d'xit
931 502 944 540 :
978 482 1094 541 Nos
1116 484 1207 556 qui
1236 485 1481 549 vivimus,
1532 485 1660 540 illas
1688 483 2001 552 signiﬁcare
2036 485 2230 547 voluit,
2256 481 2347 551 qui
2375 477 2459 534 sui
2490 477 2668 532 instar
2726 470 2895 529 claris
2935 475 3117 527 essent
3156 466 3372 541 praedi-ti
3422 466 3543 522 vir-

290 576 529 632 tutihns.

901 674 1282 741 Ἀλληλούΐα.

816 762 1116 817 ΨᾹΛΜΟΣ
1186 761 1331 817 ΡΙΔ’.

370 853 844 923 Εὐχαριστήριος
889 855 987 909 καὶ
1009 851 1189 921 οὗτος
1212 858 1245 909 ό
1273 855 1541 926 ψαλμός.

364 1035 704 1103 Ἦγάπησα,
731 1035 817 1089 ὅτι
835 1037 1257 1092 εἰσακούσεται
1278 1036 1494 1104 Κύριος
1524 1034 1638 1105 τῆς
1663 1002 1872 1105 φωνῆέ

297 1127 408 1196 τῆς
428 1126 693 1194 δεήσεὼς
727 1146 870 1197 μου.
906 1128 1236 1200 Εὐφράνθην
1266 1128 1325 1182 ἐν
1352 1126 1550 1196 τούτῳ.

367 1308 489 1361 Ὅτι
513 1307 716 1361 ἔκλινε
743 1308 809 1362 τὸ
845 1302 957 1375 οὖς
1006 1308 1193 1364 αὑτοῦ
1238 1308 1390 1380 ἐμοι.
1445 1307 1584 1379 Περὶ
1639 1306 1874 1372 κλίσεως

294 1401 434 1463 ὠτὸς
464 1401 771 1470 εἰρήκαμεν
829 1402 889 1456 ὲν
911 1400 988 1472 τῷ
1019 1400 1098 1468 ις’
1163 1401 1391 1475 ψαλμῷ,
1438 1402 1567 1457 ἔνθα
1611 1402 1694 1469 τὸ,
1729 1401 1875 1457 K1?-

293 1508 408 1546 νον
436 1492 504 1546 τὸ
536 1487 648 1560 οὖς
677 1507 797 1547 σου
820 1493 974 1563 ἐμοι.

366 1583 479 1639 Καὶ
504 1584 575 1638 ἐν
620 1585 749 1652 ταῖς
794 1585 1043 1654 ἡμέραις
1079 1604 1201 1655 μου
1249 1585 1704 1656 ἐπικαλέσομαι.
1761 1585 1873 1639 Καὶ

295 1676 356 1728 ὲν
387 1678 510 1739 ταῖς
537 1675 778 1746 ἡμέραις
808 1677 1016 1741 πάσαις
1045 1677 1146 1745 τῆς
1167 1676 1315 1746 ζωῆς
1346 1695 1471 1748 μου.

368 1768 703 1838 Περιέσχον
727 1784 805 1838 με
842 1768 1053 1834 ὠδῖνες
1078 1768 1360 1834 θανάτου,
1401 1769 1675 1824 κίνδυνοι
1720 1770 1871 1839 ᾅδου

2638 656 2889 714 Alleluia.

2485 749 2814 809 PSALMUS
2864 747 3048 805 CXIV.

2042 851 2143 907 Hic
2176 848 2425 921 psalmus
2458 845 2629 903 simili
2659 843 2821 899 modo
2857 843 2911 896 in
2940 840 3242 911 gratiarum
3272 836 3548 894 actionem

1971 942 2070 998 fuit
2109 940 2471 1011 compositus.

2040 1034 2208 1090 Vens.
2245 1032 2299 1088 l.
2326 1030 2508 1086 Dilexi
2533 1028 2791 1100 quoniam
2813 1025 3063 1081 exaudiet
3083 1023 3342 1079 Dominus
3373 1034 3551 1074 vocem

1972 1124 2237 1178 orationis
2269 1138 2419 1178 ntere.
2459 1120 2572 1176 Hac
2602 1121 2669 1176 de
2697 1133 2891 1185 causa,
2926 1116 3125 1189 inquit,
3160 1114 3373 1170 laetatus
3400 1126 3549 1178 sum,

1973 1215 2099 1288 quia
2129 1215 2406 1277 exaudiet.
2445 1221 2555 1269 etc.

2049 1310 2221 1367 Vens.
2244 1309 2301 1364 2.
2337 1305 2477 1374 Quia
2502 1303 2774 1360 inclinavit
2798 1317 2977 1356 aurem
3008 1315 3161 1355 suam
3185 1297 3334 1353 mihi.
3369 1294 3442 1349 De
3465 1293 3552 1348 in-

1976 1403 2279 1463 clinatione
2320 1399 2470 1454 auris
2504 1395 2624 1460 Dei,
2655 1394 2900 1449 diximus
2928 1394 2983 1447 in
3014 1391 3230 1462 psalmo
3279 1404 3395 1453 xvu,
3422 1386 3498 1442 ihi
3531 1402 3548 1440 :

1977 1498 2193 1554 Inellna
2230 1508 2415 1548 aurem
2453 1500 2600 1543 tuam
2629 1486 2784 1543 mihi.

2050 1591 2119 1644 Et
2157 1591 2210 1645 in
2238 1586 2421 1641 diebus
2456 1583 2584 1638 meis
2607 1578 2888 1635 inrorabo.
2922 1575 3154 1632 Cunctis
3192 1573 3402 1631 scilicet
3439 1571 3553 1626 dle-

1975 1684 2080 1740 bus
2117 1682 2244 1735 vitae
2277 1694 2430 1732 meae.

1970 1814 1973 1817 ι
2047 1775 2216 1832 Vens.
2256 1776 2310 1837 '5,
2337 1772 2389 1826 ι.
2425 1765 2898 1824 (.‘ircstmdedcrunt
2933 1779 3012 1816 me
3042 1761 3249 1813 dolores
3279 1757 3552 1819 mortis,“

294 1860 565 1930 εὕροσάν
594 1877 689 1929 με,
761 1863 975 1929 θλίψιν
998 1862 1101 1915 καὶ
1145 1861 1373 1930 ὀδύνην
1399 1858 1601 1931 εὗρον,
1658 1861 1758 1917 καὶ
1803 1863 1871 1917 τὸ

1986 1866 2211 1923 pericula
2232 1863 2424 1935 inferni
2451 1862 2758 1915 invenerunt
2790 1871 2872 1907 me
2893 1893 2907 1916 ,
2937 1850 3332 1905 tribulationem
3373 1857 3422 1900 et
3464 1848 3562 1897 llo-

298 1954 487 2023 ὕνομα
535 1953 758 2022 Κυρίου
789 1954 1287 2024 ἐπεκωεσάμην.
1321 1955 1728 2026 Ὑπολαμϐάνω
1749 1971 1866 2008 συν⁹

297 2044 409 2112 ιρδᾶ
467 2045 696 2099 τοιαῦτα
757 2040 1034 2110 εἶναιτοῖς
1061 2048 1119 2099 ιν
1168 2045 1337 2117 τῷιζ¹
1373 2046 1576 2118 ψαλμῷ
1633 2046 1871 2117 ῥηθεῖσι·

299 2137 433 2205 φησὶ
451 2135 563 2206 γὰρ
584 2138 703 2190 ἐκεῖ
743 2137 863 2206 μὲν,
903 2137 1228 2207 Ἀγαπήσω
1250 2154 1346 2203 σε,
1389 2140 1582 2206 Κύριε·
1619 2133 1740 2191 εἶτα
1779 2138 1874 2191 καὶ

295 2228 396 2296 τὴν
419 2228 600 2281 αἰτίαν
635 2227 967 2299 προστίθησι
998 2229 1070 2282 δι’
1098 2229 1167 2298 ἢν
1189 2228 1353 2282 αὐτὸν
1376 2229 1692 2299 ἀγαπήσει·
1727 2228 1874 2297 λέγει

300 2320 431 2390 γάρ’
456 2319 578 2372 Ὀτι
599 2319 910 2388 ἐνισχύεις
934 2338 1029 2391 με,
1057 2321 1146 2375 ὅτι
1169 2321 1439 2388 στερεοῖς
1456 2338 1554 2390 με,
1584 2321 1674 2375 ὅτι
1700 2336 1878 2375 κατα-

297 2409 463 2478 φυγή
488 2427 608 2480 μου
637 2407 711 2477 εἶ,
743 2412 837 2464 καὶ
857 2411 926 2466 τὰ
956 2412 1202 2466 τοιαῦτα.
1264 2412 1496 2465 Ἔπειτα
1542 2413 1763 2480 ἐπάγει.
1792 2413 1876 2467 ὅτι

299 2503 397 2557 καὶ
456 2505 540 2558 ἔτι
592 2504 1060 2573 Ἔπικαλέσομαι
1109 2502 1217 2557 τὸν
1260 2505 1502 2573 Κύριον.
1565 2500 1876 2566 Εἷθόὓτως

300 2596 574 2666 διηγεῖται
591 2597 691 2659 τὰς
730 2595 1047 2666 συμφορὰς,
1069 2589 1158 2659 αἷς
1188 2595 1506 2666 περιπεσὼν
1527 2596 1621 2648 καὶ
1648 2595 1874 2658 θλιὸεὶς,

304 2689 680 2743 ἐπεκαλέσατο
714 2689 805 2742 τδν
834 2688 1062 2759 Κύριον.
1090 2688 1187 2742 καὶ
1215 2687 1567 2759 εἰσηκούσθη.
1610 2686 1879 2742 Ἐνταῦθα

301 2780 361 2833 δὲ
417 2780 488 2833 τὰ
540 2781 680 2833 αὐτὰ
716 2781 879 2834 πάλιν
905 2798 919 2813 ·
972 2781 1283 2850 Ἠγάπησα
1317 2780 1407 2833 ὅτι
1432 2779 1877 2843 εἶσακούσεται,

305 2873 431 2927 ἀντὶ
450 2872 545 2925 τοῦ
579 2872 944 2939 Εισήκουσε,
972 2872 1255 2940 δεηθέντος
1290 2888 1390 2941 μου
1417 2870 1485 2940 ’ἢ
1516 2869 1599 2923 ὅτι
1622 2867 1879 2922 εἰσακούο

308 2980 462 3016 σεται
524 2964 622 3017 καὶ
667 2963 783 3017 ἔτι·
843 2965 1133 3034 εἱσήκουσε
1186 2963 1295 3032 γὰρ
1330 2961 1462 3015 νῦν
1510 2960 1660 3015 αἰτία
1689 2960 1745 3014 δὲ
1782 2960 1880 3025 τῆς

304 3055 554 3123 ἀγάπης,
584 3054 668 3120 τὸ,
689 3055 774 3108 ὅτι
810 3055 1215 3109 εῑσακούσεται.
1254 3054 1486 3106 Ἔπειτα
1509 3050 1710 3121 ὁμοίως
1740 3050 1878 3102 ἐπά-

305 3164 393 3216 γει
429 3146 513 3199 ὅτι
543 3144 653 3199 Kal
682 3147 750 3201 ἐν
776 3145 906 3213 ταῖς
928 3146 1336 3214 ἠμέραιδμου.
1355 3147 1480 3207 ταῖς
1501 3143 1655 3214 ἑξῆς,
1677 3143 1881 3197 ἐπικα-

300 3239 582 3309 λέσομαι.
606 3235 720 3292 Εἶθ’
740 3236 936 3301 οὕτως,
961 3236 1213 3307 καθάπερ
1238 3236 1494 3306 ἐποίησεν
1514 3237 1651 3301 ἐκεῖ,
1677 3235 1884 3305 διηγεῖ-

302 3350 394 3385 ται
416 3332 516 3395 τὰς
557 3331 868 3401 συμφορὰς,
892 3324 983 3394 αἷς
1020 3328 1333 3400 περιπεσὼν
1361 3331 1458 3382 καὶ
1491 3326 1720 3392 θλιϐεὶς,
1753 3330 1880 3380 ἐπε-

304 3425 577 3479 καλέσατο
607 3423 770 3476 πάλιν
813 3421 906 3474 τὸν
940 3420 1164 3490 Κύριον.
1196 3421 1291 3474 καὶ
1320 3419 1565 3491 ὲρῤύσθη
1597 3418 1845 3489 δηλονότι
1865 3433 1879 3447 ⁶

302 3519 393 3577 οιὰ
414 3517 577 3572 τοῦτο
605 3519 714 3587 γὰρ
754 3513 931 3580 εἶπεν,
993 3518 1077 3571 ὅτι
1110 3514 1428 3584 Ἦγάπησα
1451 3530 1464 3544 ·
1521 3512 1797 3580 ὀνομάσας
1825 3510 1887 3564 δὲ

300 3611 502 3675 ὠδῖνας
536 3611 767 3665 θανάτου
807 3612 899 3664 καὶ
942 3608 1223 3671 κινδύνους
1271 3606 1419 3677 ᾅδου,
1468 3604 1891 3674 ἑφηρμήνευσεν

307 3704 474 3768 αὐτὰ,
497 3704 720 3770 ἐπάγων
740 3720 756 3736 ο
790 3704 1013 3771 Θλίψιν
1075 3692 1171 3753 καὶ
1200 3698 1428 3762 ὀδύνην
1456 3693 1657 3763 εὗρον.
1724 3694 1892 3763 Εἴρη-

303 3813 399 3850 ται
426 3797 481 3848 δὲ
495 3796 625 3867 περὶ
649 3796 830 3848 αὐτῶν
856 3791 1187 3863 πλατύτερον
1213 3792 1271 3844 ὲν
1324 3790 1402 3861 τῷ
1422 3789 1644 3860 ῥηθέντι
1673 3784 1894 3857 ψαλμῷ.

1976 1937 2141 2015 larem
2183 1954 2393 2019 inveni,
2439 1962 2487 2007 et
2533 1964 2720 2004 nomen
2751 1943 2966 1999 Domini
3006 1939 3265 1994 invocavi.
3288 1937 3559 2014 Videntur

1983 2055 2098 2109 haec
2125 2057 2493 2105 consentanea
2542 2055 2664 2098 esse
2698 2040 2766 2093 iis
2797 2050 2918 2106 quas
2952 2022 3222 2087 habentur
3256 2028 3309 2082 in
3349 2027 3558 2097 psalmo

1982 2157 2129 2206 xvu,
2169 2140 2263 2195 uhi
2303 2138 2379 2191 ait
2416 2134 2686 2203 Propheta
2732 2148 2775 2207 ιη
2799 2127 3029 2195 Diligam
3081 2131 3165 2185 te,
3195 2120 3459 2183 Domine;
3506 2126 3561 2170 et

1983 2234 2177 2290 deinde
2225 2229 2381 2286 addit
2421 2240 2669 2287 causam,
2712 2236 2811 2276 cur
2846 2218 3152 2272 dilecturns
3182 2212 3274 2276 sit,
3319 2210 3510 2264 dicens
3544 2225 3558 2258 :

1984 2314 2249 2394 Quoniam
2274 2332 2329 2376 tu
2365 2318 2627 2390 fortiﬁcas
2659 2323 2706 2369 et
2732 2312 3015 2379 conﬁrmas
3044 2321 3123 2360 me
3149 2323 3166 2362 :
3190 2305 3265 2358 Tu
3292 2303 3455 2366 enim,
3476 2303 3562 2355 in-

1984 2417 2123 2486 nuit,
2161 2413 2421 2483 fortitudo
2453 2425 2590 2472 mea,
2621 2416 2669 2461 et
2700 2405 3094 2473 firmamentum
3122 2412 3316 2456 meum,
3337 2405 3386 2449 et
3416 2393 3564 2461 refu-

1982 2484 2125 2580 ninm
2148 2522 2341 2565 meum,
2367 2514 2422 2558 et
2455 2502 2560 2557 alia
2595 2494 2930 2568 huiusmodi.
2956 2492 3023 2545 Et
3055 2491 3217 2560 paulo
3244 2498 3363 2558 post
3387 2502 3402 2538 :
3422 2484 3569 2538 ιω.-

1984 2575 2119 2653 dans
2147 2594 2395 2650 invocabo
2435 2590 2741 2645 Dominum.
2775 2584 2842 2639 Et
2885 2589 3075 2637 narrat
3105 2578 3472 2640 calamitates,
3507 2575 3562 2628 in

1984 2704 2124 2760 quas
2152 2688 2281 2741 olim
2315 2684 2604 2746 inciderat,
2646 2688 2701 2733 et
2730 2688 2964 2746 quarum
3016 2672 3159 2728 mole
3190 2669 3447 2731 alﬂictus,
3479 2666 3567 2719 in~

1985 2757 2221 2836 vocasse
2254 2793 2315 2834 se
2353 2777 2643 2832 Dominum
2692 2771 2850 2832 dicit,
2883 2778 2940 2825 et
2980 2765 3296 2823 exauditum
3331 2757 3567 2836 essmla

1987 2872 2245 2944 precsenti
2283 2871 2451 2940 igitur
2493 2865 2709 2936 psalmo
2752 2860 3029 2930 Propheta
3065 2854 3339 2911 consimili
3397 2832 3570 2906 ullinr

1990 2962 2243 3034 loquendi
2279 2960 2461 3026 modo,
2493 2959 2687 3013 dicens
2716 2974 2731 3010 :
2767 2941 2942 3008 Dil‘ea'i
2990 2949 3253 3021 quoniam,
3280 2960 3363 3000 me
3404 2957 3571 2998 oran-

1989 3030 2096 3111 tem
2132 3054 2388 3109 Dominus
2435 3048 2705 3113 exaudiet,
2760 3059 2883 3116 pro,
2927 3039 3240 3104 exaudivit;
3289 3035 3394 3099 vel,
3443 3030 3572 3102 quia

1987 3147 2342 3216 imposternm
2363 3139 2640 3203 exaudiet,
2671 3149 2798 3191 nam
2829 3139 2886 3188 et
2902 3144 3053 3187 nunc
3073 3127 3237 3183 etiam
3262 3121 3568 3179 exaudivit.

1988 3214 2143 3294 lianc
2170 3237 2317 3292 enim
2350 3230 2665 3289 dilectionis
2700 3242 2815 3284 sua:
2863 3236 3089 3280 causam
3126 3219 3324 3275 reddit.
3367 3214 3574 3271 Deinde

1910 3358 1956 3419 ο
1990 3338 2114 3401 post
2148 3328 2313 3384 verba
2348 3326 2442 3380 illa
2474 3339 2490 3377 :
2522 3322 2594 3378 Et
2621 3323 2680 3376 in
2710 3319 2896 3375 diebus
2938 3316 3064 3371 meis
3084 3311 3357 3419 invocatio,
3381 3321 3576 3412 quem-

1985 3400 2282 3477 admodum
2312 3419 2368 3472 in
2406 3415 2672 3488 praedicto
2699 3411 2934 3482 psalmo,
2969 3412 3163 3461 narrat
3205 3400 3572 3463 calamitates,

1987 3515 2057 3568 oh
2089 3527 2226 3583 quas
2265 3510 2400 3565 dicit
2431 3524 2490 3563 se
2514 3507 2807 3562 invocasse
2835 3502 3152 3562 Dominum,
3185 3505 3241 3552 et
3268 3495 3565 3550 liberatum
3672 3546 3677 3552 _

1991 3604 2189 3666 fuisse,
2226 3610 2282 3657 et
2326 3601 2490 3670 cujus
2541 3595 2890 3653 liherationis
2932 3603 3109 3664 gratia
3158 3588 3342 3645 dixit:
3372 3583 3573 3647 Dilexi,

1995 3700 2131 3757 etc.,
2163 3699 2219 3746 et
2251 3689 2383 3759 quia
2412 3685 2705 3743 doloribus
2743 3681 2959 3746 mortis,
2991 3688 3046 3735 et
3073 3676 3272 3733 interni
3313 3670 3576 3744 periculis

1991 3785 2133 3840 dixit
2161 3797 2221 3839 se
2257 3782 2432 3838 fuisse
2460 3776 2891 3839 circumdatum,
2925 3771 2993 3827 ad
3023 3766 3347 3839 huiusmodi
3377 3763 3576 3818 verbo-

308 3905 432 3943 rum
465 3858 891 3944 declarationem
919 3858 1145 3948 addidit,
1177 3858 1406 3938 dicens:
1424 3858 1846 3935 iTribulationem
1889 3886 1936 3930 et
1996 3875 2233 3932 dolorem
2258 3872 2453 3929 inveni.
2481 3868 2589 3925 Sed
2618 3868 2686 3923 de
2713 3866 2799 3921 his
2831 3865 3049 3935 plenius
3084 3862 3139 3917 in
3213 3874 3356 3928 saepe
3410 3858 3563 3911 dicto

306 3979 522 4053 psalmo
548 3978 752 4034 dictum
793 3986 896 4032 est.

376 4073 452 4132 Ὦ
472 4076 671 4144 Κύριε,
695 4073 884 4143 ῥῦσαι
913 4072 1028 4139 τὴν
1056 4074 1271 4140 ψυχην
1291 4085 1434 4140 μου.
1478 4069 1599 4124 Ἐτι
1625 4069 1722 4123 καὶ
1773 4067 1880 4132 In,

307 4169 420 4223 ἀπὸ
447 4168 558 4222 τῶν
587 4165 897 4238 μελλόντων
934 4161 1144 4217 stantini.

380 4258 690 4328 Ἐλεήμων
729 4257 763 4310 ὁ
809 4256 1024 4322 Κύριος
1069 4253 1162 4307 καὶ
1221 4253 1474 4320 δίκαιος.
1520 4250 1616 4305 καὶ
1663 4254 1697 4306 ό
1742 4250 1887 4317 Θεὸς

308 4351 480 4422 ἡμῶν
498 4349 823 4419 ἐλεεῖ.⁶’ορα
841 4347 959 4407 πῶς
991 4345 1237 4401 παιδεύει
1267 4346 1358 4400 τὸν
1388 4344 1684 4416 ἀκροατήν.
1728 4344 1886 4397 Ἐλε-

310 4444 502 4513 ήμων,
538 4441 694 4511 φησι,
733 4440 810 4511 μὴ
839 4438 1090 4509 ἁπογνῷς
1114 4438 1461 4508 ἁμαρτήσαςο
1497 4435 1635 4488 ἀλλὰ
1673 4433 1766 4489 καὶ
1806 4432 1886 4486 δὶ-

311 4552 491 4600 καιος,
549 4534 647 4603 μὴ,
670 4532 748 4601 τῷ
816 4530 957 4583 nte:
1011 4529 1177 4583 αὐτοῦ
1231 4527 1532 4598 θαρρήσας.
1589 4526 1888 4597 ἀναπέσῃς.

312 4608 448 4680 Εἶτα
467 4626 682 4687 δεικνὺς
705 4624 795 4677 τὸν
810 4621 968 4686 Θεὸν,
994 4619 1357 4692 ἕπιρῤεπέστε
1368 4635 1461 4688 ρον
1479 4618 1558 4680 εἰς
1585 4615 1893 4687 φιλανθρω-

313 4720 468 4781 πίαν,
492 4715 856 4787 προσέθηκεν,
896 4716 980 4767 ὅτι
1029 4710 1136 4768 Καὶ
1168 4714 1200 4764 ό
1231 4710 1376 4775 Θεὸς
1413 4707 1587 4778 ἡμῶν
1608 4707 1786 4762 ἐλεεῖ.
1817 4706 1891 4759 Τὸ

314 4812 377 4864 δὶ
431 4808 494 4862 Ὀ
526 4807 672 4874 Θεὸς
710 4804 907 4875 ἡμῶν,
944 4802 1081 4874 πρὸς
1104 4801 1516 4872 ἁντιδιαστολὴν
1547 4796 1891 4870 εἴρηταιτῶν

316 4900 470 4972 παρὰ
502 4903 614 4963 τοῖς
639 4900 817 4952 ἔθνεσι
848 4894 1004 4950 θεῶν.

394 5156 743 5212 Φυ.1άσσων
772 5150 841 5205 τὰ
878 5152 1065 5218 νήπια
1114 5153 1147 5204 ό
1184 5151 1424 5219 Κύριος.
1465 5150 1893 5217 Συνεξακούεται

319 5253 382 5306 τὸ
400 5250 592 5304 ἐστίν.
645 5248 839 5318 Ὑμνεῖ
875 5245 984 5317 γὰρ
1013 5244 1107 5297 καὶ
1139 5245 1345 5314 ταύτην
1381 5246 1546 5298 αὐτοῦ
1604 5247 1702 5316 τὴν
1761 5247 1894 5316 πρό..

321 5362 490 5397 νοιαν.
520 5343 582 5395 Ei
613 5342 723 5413 γὰρ
751 5340 825 5412 μὴ
860 5338 997 5410 αὐτὴ
1024 5336 1291 5406 ἐφύλαξεν
1320 5338 1572 5404 ἕκαστον,
1606 5340 1805 5411 ῥαδίως
1832 5339 1897 5394 ἂν

323 5442 418 5492 καὶ
449 5436 573 5504 ὄφις
608 5435 810 5497 ἀνεῖλε,
844 5434 934 5485 καὶ
968 5431 1251 5503 σκορπίος,
1276 5432 1372 5486 καὶ
1396 5432 1563 5486 πολλὰ
1590 5433 1699 5485 τῶν
1727 5434 1894 5502 ἑρπεο

320 5531 433 5581 τῶν
463 5528 600 5582 ἰοσό)
613 5546 711 5592 ων,
734 5525 831 5580 καὶ
850 5526 1064 5596 ταχέως
1084 5525 1149 5579 ἂν
1170 5525 1548 5580 ἀπολώλεισαν
1578 5527 1658 5588 εἰς
1673 5525 1900 5596 βόθρους

323 5622 420 5673 καὶ
495 5619 777 5690 κρημνοὺς
858 5618 955 5670 καὶ⁵
1007 5616 1180 5670 πολλὰ
1223 5616 1446 5670 τοιαῦτα
1483 5617 1897 5688 κατενεχθέντα.

329 5711 488 5774 Τινὲς
532 5710 609 5762 ,δὲ
661 5708 790 5781 περὶ
815 5707 928 5763 τῶν
967 5708 1230 5780 ἐμϐρύων
1290 5708 1519 5779 ἐνύησαν
1584 5713 1677 5764 τὸν
1719 5710 1897 5779 λόγον,

334 5803 481 5875 ᾇπερ
506 5801 565 5856 ἐν
591 5801 888 5864 σκοτεινοῖς
918 5802 1013 5856 καὶ
1052 5801 1239 5872 ὑγροῖς
1265 5800 1470 5871 τόποις,
1495 5801 1653 5875 δίκην
1676 5803 1897 5875 ἰχθύων,

2053 4060 2224 4116 Vens.
2257 4059 2312 4114 5.
2365 4054 2410 4112 ο
2442 4052 2681 4121 Domine,
2716 4051 2885 4107 libera
2927 4047 3162 4102 animum
3202 4058 3394 4099 meum.
3444 4041 3577 4095 Am-

1986 4154 2135 4225 plius
2164 4168 2196 4208 a
2232 4150 2437 4206 futuris
2468 4146 2628 4201 malis
2659 4159 2778 4201 eam
2811 4142 3007 4198 libera.

2064 4245 2370 4301 Misericors
2403 4241 2658 4296 Dominus
2687 4246 2738 4291 et
2765 4240 2950 4305 justus
3011 4241 3113 4297 est,
3140 4239 3190 4285 et
3222 4228 3362 4283 Deus
3398 4236 3578 4281 noster

1992 4341 2296 4395 miseretur.
2334 4333 2469 4389 Vide
2512 4330 2789 4404 quomodo
2828 4327 3134 4383 auditorem
3183 4322 3433 4378 instruit.
3474 4318 3579 4374 Hi-

1996 4428 2250 4491 sericors,
2287 4424 2482 4493 inquit,
2514 4428 2595 4477 est
2622 4418 2920 4481 Dominus;
2949 4416 2996 4471 si
3032 4414 3298 4483 peccasti,
3351 4427 3459 4466 non
3495 4410 3579 4464 id-

1997 4520 2147 4572 circo
2176 4517 2457 4584 desperes,
2493 4526 2684 4568 verum
2716 4510 2843 4581 quia
2872 4509 3037 4563 etiam
3068 4507 3252 4575 justus
3277 4513 3384 4569 est,
3415 4517 3571 4567 cave,

2000 4626 2068 4665 ne
2103 4623 2316 4664 summa
2353 4607 2498 4662 illius
2522 4605 2699 4661 fretus
2724 4599 3125 4663 misericordia,
3160 4599 3360 4654 iterum
3385 4596 3553 4651 cadas

1997 4701 2306 4758 Ostendens
2341 4707 2528 4754 tamen
2563 4699 2632 4751 ad
2669 4694 3103 4751 misericordiam
3155 4691 3306 4745 illum
3366 4704 3581 4759 semper

1997 4791 2174 4862 magis
2211 4789 2508 4851 inclinare,
2563 4801 2729 4857 quam
2780 4785 2848 4840 ad
2897 4783 3192 4854 justitiam,
3220 4782 3472 4836 addidit:
3515 4779 3581 4834 Et

1918 4872 1973 4932 Β
2001 4883 2140 4939 Deus
2173 4890 2352 4936 noster
2377 4881 2675 4943 miseretur.
2705 4877 2860 4944 Quod
2888 4892 3015 4932 vero
3046 4875 3123 4931 ait
3159 4894 3173 4929 :
3212 4875 3352 4929 Deus
3380 4882 3582 4936 noster,

2001 4977 2069 5032 ad
2101 4976 2332 5032 deorum
2368 4973 2780 5030 distinctionem
2811 4969 3019 5025 dictum
3054 4971 3171 5035 estf,
3207 4984 3349 5037 quos
3395 4975 3584 5036 gentes

2002 5067 2141 5123 falso
2174 5066 2383 5123 colunt.

2076 5162 2243 5217 Vens.
2280 5162 2334 5215 6.
2370 5157 2685 5214 Custodiens
2708 5156 2956 5226 parvulos
2989 5151 3267 5205 Dominus.
3303 5147 3580 5203 thintel-

2001 5257 2109 5327 lige
2157 5253 2384 5326 verbum
2419 5259 2518 5304 est.
2555 5248 2769 5304 Laudat
2812 5248 2959 5302 enim
2992 5244 3267 5322 Propheta
3316 5254 3584 5295 snnunam

2002 5348 2214 5404 Domini
2247 5344 2678 5417 providentiam,
2709 5357 2817 5411 qua
2853 5339 2956 5395 nisi
2986 5338 3275 5391 universos
3303 5348 3366 5387 ac
3395 5331 3585 5400 singnc

2004 5441 2090 5496 los
2129 5438 2458 5501 custodiret,
2493 5436 2561 5492 de
2590 5435 2758 5499 facili,
2794 5442 2890 5487 aut
2930 5429 3147 5500 scorpio
3188 5424 3583 5490 interemisset,

2003 5537 2098 5583 aut
2124 5527 2269 5584 aliud
2310 5541 2643 5583 venenosum
2686 5521 2888 5577 animal
2920 5540 2933 5575 :
2961 5527 3057 5574 aut
3092 5518 3203 5573 alio
3242 5524 3403 5588 pacto
3438 5515 3585 5570 cele-

2006 5622 2140 5676 riter
2178 5635 2373 5675 omnes
2420 5620 2727 5689 perissent,
2763 5614 2817 5667 in
2856 5612 3065 5666 foveam
3116 5618 3211 5664 aut
3254 5610 3307 5663 in
3338 5622 3583 5679 pmceps

2005 5711 2224 5782 aliquod
2246 5752 2260 5773 ,
2295 5720 2388 5765 aut
2421 5711 2473 5764 in
2503 5709 2648 5764 aliud
2681 5704 2978 5777 quodpiam
3008 5703 3313 5774 perieulum
3346 5700 3578 5770 delapsi.

2007 5803 2243 5870 Quidam
2270 5814 2398 5856 vero
2439 5800 2746 5870 intelligunt
2779 5795 2927 5869 loqui
2956 5793 3285 5867 Prophetam
3310 5793 3377 5849 de
3404 5791 3582 5846 inlan-
