4076 6204
548 349 684 420 1115

1743 344 2128 406 ΕΠΤΗΥΜΙΙ
2168 341 2531 404 ZIGABENI

3688 329 3832 392 lilﬁ

544 464 690 515 tibus
726 461 904 515 adhuc
952 459 1008 515 in
1046 466 1202 515 utero
1227 459 1623 516 exsislentibus
1659 476 1672 512 :
1707 461 1800 529 qui
1834 462 1885 514 in
1919 461 2122 514 obscu-
2153 510 2158 522 η

2270 459 2532 526 ερόμενα,
2555 457 2653 512 καὶ
2689 455 2825 529 μηδέ
2852 455 3116 510 ἀναπνεῖν
3140 452 3262 507 κατ’
3277 451 3574 520 ἄνθρωπον
3597 447 3830 517 ἔχοντα·

546 555 622 618 rvis
657 552 782 614 illis,
819 560 984 620 atque
1008 550 1248 605 humidis
1278 551 1435 617 locis,
1468 553 1644 606 instar
1675 551 1906 620 piscium
1937 551 2122 604 ferun-

549 654 676 704 tur,
728 657 827 697 nec
878 652 1200 697 caeterorum
1264 644 1549 698 hominum
1625 658 1780 696 more
1849 643 2124 711 respirare

546 742 776 801 queunt,
806 734 1010 804 quique
1039 735 1106 788 ab
1149 735 1238 790 illo
1273 735 1489 790 demum
1524 734 1773 788 matricis
1803 734 1984 787 calore
2005 774 2018 796 ,
2057 733 2122 785 ad

550 825 805 892 frigidum
859 825 1028 888 hunc,
1062 832 1226 894 atque
1253 825 1335 880 eis
1369 825 1642 879 insuetum
1693 838 1873 878 aerem
1938 838 2128 891 prove-

551 916 784 980 nieates,
826 931 893 970 ne
928 916 1142 971 modico
1192 916 1413 985 quidem
1467 926 1713 984 tempore
1763 916 1816 969 in
1873 917 1975 970 bac
2024 915 2130 968 vita

551 1020 840 1074 superesse
869 1017 1113 1074 possent,
1150 1005 1253 1060 nisi
1286 1022 1318 1061 a
1345 1007 1527 1061 divina
1559 1017 1916 1063 servarentur
1956 1009 2134 1076 provi-

553 1096 756 1152 dentia.
793 1097 890 1153 Vel
913 1098 1092 1164 aliter,
1135 1099 1392 1168 parvulos
1421 1114 1516 1153 eos
1545 1099 1806 1168 intellige,
1843 1099 1934 1166 qui
1959 1112 2135 1166 nuper

2231 552 2349 604 εἶτα
2385 551 2492 603 ἀπὸ
2552 550 2652 617 τῆς
2704 550 2762 602 ἐν
2816 547 3000 618 μήτρᾳ
3041 544 3377 616 θερμότητος
3426 541 3526 593 ἐπὶ
3556 539 3663 592 τὸν
3698 538 3836 607 ἀέρα

2231 645 2324 696 τὸν
2388 642 2598 712 ψυχρὸν
2648 642 2742 693 καὶ
2811 638 3062 708 ἀσυνήθη
3110 637 3301 690 τοῦτον
3350 633 3835 698 ὲξολισθαίνοντα,

2235 737 2358 788 οὐδὲ
2409 735 2562 801 παρὰ
2608 733 2779 804 βραχὺ
2818 732 3118 802 διήρκεσαν
3157 728 3244 793 ἂν,
3283 729 3331 780 εἰ
3384 726 3461 796 μὴ
3509 722 3682 794 παρὰ
3742 723 3839 789 τῆς

2237 822 2386 884 θείας
2418 823 2680 892 προνοίας
2735 820 3106 888 ἐφυλάττετο·
3173 817 3332 887 ἦκα).
3374 816 3610 882 ἑτέρως,
3669 813 3841 880 νήπια

2237 916 2474 987 νοήσεις,
2511 915 2635 976 τοὺς
2663 913 2991 983 ἁρτιπαγεῖς
3034 909 3115 973 εἰς
3161 909 3385 979 ἀρετὴν,
3423 904 3521 968 οὓς
3551 904 3840 971 φυλάσσει

2237 1007 2328 1060 διὰ
2377 1008 2476 1076 τὴν
2511 1006 2692 1059 αὐτῶν
2727 1004 3012 1073 ἀπειρίαν,
3053 1002 3218 1072 μέχρι
3260 999 3328 1053 ἂν
3365 999 3649 1067 γένωνται
3702 996 3842 1064 πρὶς

2236 1100 2366 1162 τοὺς
2391 1098 2617 1168 ἐχθροὺς
2645 1097 2962 1167 ἀξιόμαχοι.

554 1189 608 1242 in
664 1189 864 1243 virtute
916 1189 1144 1244 stabiliri
1199 1198 1350 1255 sunt,
1393 1205 1535 1260 quos
1579 1191 1848 1244 Dominus
1932 1189 2325 1259 inexperientia
2389 1193 2567 1246 adhuc
2629 1191 2996 1246 circumdatos
3059 1194 3371 1248 conservat,
3435 1184 3618 1239 donec
3645 1179 3848 1236 adver—

557 1294 651 1332 sus
691 1277 945 1332 inimicos
987 1280 1160 1348 magis
1206 1279 1386 1334 idonei
1431 1280 1498 1335 ad
1542 1295 1779 1350 pugnam
1806 1279 2131 1336 efﬁciantur.

631 1391 956 1445 Humiliatus
1007 1406 1149 1454 sum,
1203 1400 1252 1447 et
1300 1392 1527 1446 saluauit
1569 1408 1668 1446 me.
1719 1392 1995 1449 Aﬂlictum
2049 1409 2137 1448 me

561 1483 730 1536 variis
775 1482 1184 1536 calamitatibus
1253 1483 1525 1538 liberavit.
1580 1483 1837 1538 Permisit
1909 1484 2127 1554 quidem

563 1573 716 1640 prius
749 1571 934 1639 alﬂigi,
968 1581 1026 1626 ut
1067 1573 1392 1641 prudentior
1420 1576 1602 1630 tierem
1628 1615 1644 1641 ,
1687 1576 1782 1631 sed
1826 1576 2139 1644 hujusmodi

2312 1390 2776 1457 Ἐταπειγώθην,
2817 1389 2917 1442 καὶ
2950 1384 3153 1442 ἔσωσέ
3184 1401 3283 1454 με.
3331 1379 3848 1450 Ἐταλαιπωρήθην

2241 1490 2355 1549 τοῖς
2410 1484 2761 1553 πειρασμοῖς,
2817 1481 2912 1533 καὶ
2955 1477 3130 1532 ἔσωσέ
3160 1495 3250 1547 με,
3282 1477 3402 1547 ἦτοι
3437 1473 3739 1547 ὲρρύσατό
3782 1489 3848 1540 με

2243 1579 2470 1636 τούτων.
2505 1577 2667 1630 Εἴασε
2709 1573 2807 1644 μὲν
2849 1573 2958 1641 γάρ
2996 1588 3063 1642 με
3097 1567 3509 1636 κακοπαθῆσαι,
3559 1565 3658 1617 ἵνα
3694 1563 3851 1632 φιλο-

567 1675 748 1732 postea
780 1663 1102 1718 amictiones
1130 1665 1382 1719 dissolvit
1412 1684 1426 1720 :
1461 1676 1519 1721 ut
1541 1668 1660 1738 ejus
1688 1669 1920 1739 gratiam
1954 1678 2008 1723 et
2037 1669 2140 1722 do-

2268 1672 2564 1740 ιοφὼτερος
2584 1669 2859 1738 γένωμαι’
2887 1666 3045 1719 ἔλυσε
3075 1663 3134 1716 δέ
3169 1679 3271 1733 μου
3300 1661 3427 1720 τοὺς
3460 1657 3850 1728 πειρασμοῖς,

565 1770 696 1807 ιιιιιιι
733 1763 1109 1822 agnoscerem,
1138 1764 1193 1809 et
1224 1755 1484 1824 utrinque
1511 1759 1564 1810 in
1601 1772 1687 1812 me
1708 1757 1987 1813 beneficus
2019 1757 2145 1814 fuit.

570 1844 631 1897 lit
667 1845 819 1898 aliter
856 1862 870 1898 :
915 1847 1058 1900 Deus
1094 1847 1308 1899 saltare
1345 1861 1439 1902 eos
1481 1847 1640 1914 solet,
1687 1849 1778 1917 qui
1817 1849 2146 1903 humilitatis

571 1938 826 1991 noverint
856 1937 1110 2006 amplecti
1145 1937 1400 1992 virtutem
1429 1976 1444 2001 ,
1479 1947 1535 1994 et
1581 1953 1678 2009 per
1725 1939 1874 1994 illam
1931 1955 2150 2012 semper

551 2030 743 2099 ,magis
777 2030 1067 2100 prolicere.

638 2138 807 2194 Vens.
844 2139 896 2204 7,
931 2141 982 2195 8.
1023 2139 1351 2205 Convertere,
1389 2142 1570 2196 anima
1627 2157 1764 2209 mea,
1799 2144 1854 2197 in
1917 2145 2149 2215 requiem

570 2244 716 2285 luam
738 2233 893 2301 ,quia
923 2231 1186 2287 Dominus
1223 2234 1472 2303 benefecit
1503 2236 1616 2301 tibi,
1634 2237 1759 2305 quia
1788 2237 1982 2306 eripuit
2033 2238 2154 2291 ani-

573 2339 711 2374 mant
763 2338 932 2376 meam
973 2323 1038 2378 de
1067 2332 1255 2387 morte,
1300 2325 1480 2379 oculos
1522 2341 1664 2381 meos
1703 2344 1736 2381 α
1782 2327 2057 2398 lacrymis,
2103 2338 2154 2383 et

571 2416 726 2481 pedes
769 2431 906 2470 meos
945 2432 978 2468 a
1027 2415 1202 2484 lapsu.
1242 2415 1475 2482 Quidam
1532 2418 1860 2488 Prophetam
1913 2428 2151 2490 putant,

580 2505 664 2558 his
696 2505 878 2560 verbis
910 2505 976 2560 ad
1012 2508 1249 2575 quietem
1281 2508 1524 2576 seipsum
1560 2509 1864 2575 exhortari,
1890 2518 2152 2580 tanquam

576 2596 668 2663 qui
711 2595 954 2649 divinum
1012 2597 1274 2650 auxilium
1307 2596 1418 2667 jam
1465 2600 1540 2653 sit
1585 2612 1942 2666 consecutus,
1989 2611 2158 2672 atque

576 2695 799 2756 ereptus
835 2687 902 2740 ab
932 2686 1338 2753 atﬂictionibus,
1378 2699 1431 2745 et
1467 2691 1536 2745 ab
1588 2699 1908 2760 exspectata
1956 2702 2154 2758 morte,

581 2781 682 2834 hoc
710 2787 814 2841 est,
832 2795 859 2834 a
881 2781 1254 2850 disiunctione
1277 2781 1474 2836 animm
1509 2793 1562 2838 et
1592 2787 1841 2853 corporis
1868 2785 2156 2842 liberatus:

579 2880 633 2924 et
666 2872 829 2926 simili
863 2873 1025 2928 modo
1055 2873 1318 2929 liberatus
1347 2889 1376 2928 a
1405 2875 1685 2946 lacrymis,
1715 2893 1851 2944 quas
1882 2887 2039 2933 antea
2075 2879 2161 2934 ef-

583 2963 878 3028 fundebat,
930 2965 1001 3019 ob
1053 2965 1283 3021 insidias
1335 2967 1593 3020 nimirum
1642 2977 1696 3023 et
1739 2971 1986 3040 laqueos,
2022 2985 2161 3040 quos

2252 1763 2338 1816 ἶνα
2365 1764 2478 1831 γνῶ
2501 1761 2600 1829 τὴν
2640 1760 2803 1828 χάριν
2841 1756 3035 1821 αὑτοῦ,
3075 1755 3170 1809 καὶ
3202 1751 3550 1822 ἑκατέρωθεν
3592 1749 3853 1818 εὐηργέ-

2247 1873 2381 1927 τησε
2406 1871 2422 1887 ·
2455 1856 2550 1908 καὶ
2574 1851 2751 1917 ἄλλως
2785 1852 2866 1915 δὲ,
2917 1849 3010 1903 τὸν
3039 1845 3468 1918 κατορθώσαντα
3496 1843 3604 1913 τὴν
3633 1839 3854 1911 ἀρετὴν

2249 1949 2349 2018 τῆς
2377 1946 2785 2009 ταπεινώσεως,
2817 1938 2927 1997 οἶδε
2952 1941 3151 2006 σώζειν
3179 1941 3206 1992 ὁ
3233 1938 3389 2000 Θεός.

2319 2148 2748 2216 Ἐπίστρεψον,
2775 2143 2949 2214 ψυχή
3000 2160 3142 2211 μου,
3177 2142 3267 2204 εις
3318 2139 3435 2206 τὴν
3477 2137 3851 2191 ἀνάπαυε-ἰν

2253 2257 2392 2302 σου,
2420 2239 2507 2293 ὅτι
2535 2238 2749 2305 Κύριος
2778 2230 3147 2301 εὐηργέτησέ
3169 2246 3263 2295 σε,
3313 2229 3400 2282 ὅτι
3421 2227 3702 2291 ἐξείλετο
3734 2227 3849 2293 τὴν

2253 2333 2467 2402 ψυχήν
2497 2349 2614 2400 μου
2669 2328 2787 2382 ἀπὸ
2833 2323 3117 2390 θανάτου,
3157 2322 3300 2386 τοὺς
3335 2322 3692 2390 ὀφθαλμούς
3730 2338 3849 2388 μου

2255 2425 2374 2480 ἀπὸ
2407 2421 2703 2491 δακρύων,
2759 2417 2859 2475 καὶ
2887 2417 3028 2482 τοὺς
3059 2414 3251 2480 πόδας
3275 2431 3392 2484 μου
3421 2411 3540 2466 ἀπὸ
3591 2413 3850 2479 6.11001}-

2252 2535 2460 2587 ματος.
2492 2516 2652 2566 Δοκεῖ
2685 2513 2784 2582 μέν
2814 2527 2923 2564 τισι
2950 2507 3284 2580 προτρέπειν
3340 2507 3530 2560 ἑαυτὸν
3562 2509 3648 2568 εἰς
3710 2505 3849 2558 ἀνά-

2263 2624 2465 2661 παυσιν
2499 2604 2598 2659 καὶ
2657 2601 2973 2673 ἐλευθερίαν
3011 2599 3118 2652 τῶν
3157 2599 3286 2667 ἄχρι
3325 2593 3446 2649 τότε
3486 2595 3848 2664 πειρασμῶν,

2257 2700 2333 2762 ὡς
2361 2696 2793 2769 εὐεργετηθέντα
2821 2695 2944 2764 ἤδη,
2977 2692 3069 2746 καὶ
3101 2689 3456 2760 ἑξαιρεθέντα
3482 2686 3578 2740 τοῦ
3610 2687 3852 2758 προσδο-

2265 2789 2513 2857 κωμένου
2551 2785 2806 2845 θανάτου,
2857 2783 2976 2852 ἦτοι
3028 2781 3128 2849 τῆς
3189 2777 3547 2842 διαζεύξεως,
3598 2777 3696 2828 καὶ
3740 2778 3851 2828 τῶν

2263 2881 2370 2933 ἀπὸ
2427 2880 2524 2947 τῆς
2573 2877 2805 2944 θλίψεως
2854 2873 3127 2941 δακρύων,
3175 2872 3271 2923 καὶ
3312 2870 3422 2923 τῶν
3475 2869 3732 2936 παγὶδων
3784 2869 3850 2930 ἃς

2267 2971 2509 3040 ἔπησσον
2541 2968 2689 3037 αὑτῷ
2719 2967 2768 3018 οἱ
2799 2966 3003 3036 ἐχθροὶ.
3039 2965 3120 3026 εἰς
3161 2963 3225 3024 ἃς
3263 2960 3526 3022 πολλάκις
3581 2959 3854 3012 ὠλίσθαι-

584 3057 787 3110 inimici
830 3057 1092 3112 adversus
1118 3075 1245 3113 eum
1282 3067 1620 3122 struxerant.
1648 3071 1703 3114 et
1746 3063 1797 3114 in
1825 3078 1966 3130 quos
1993 3077 2158 3131 saepe-

2268 3081 2374 3116 νεν.
2407 3062 2471 3114 Εἰ
2506 3060 2563 3113 δέ
2598 3077 2683 3122 τις
2737 3059 2877 3110 κατὰ
2907 3055 3202 3126 ἀναγωγὴν
3232 3052 3455 3107 ὲκλάὀοι
3477 3051 3681 3116 ταῦτα,
3717 3051 3853 3103 ἀκτὰ·

587 3162 816 3200 numero
845 3149 1026 3215 lapsus
1058 3148 1342 3202 inciderat.
1371 3147 1531 3202 Juxta
1565 3164 1846 3218 anagogen
1877 3165 2028 3217 vero,
2069 3165 2166 3220 per

587 3240 851 3304 requiem,
880 3240 1076 3293 anima:
1093 3240 1400 3293 discessum
1424 3239 1670 3309 intellige
1693 3255 1720 3292 a
1750 3242 2004 3309 praesenti
2032 3243 2161 3296 vita:

589 3325 804 3387 animas,
867 3327 1114 3395 inquam,
1174 3328 1410 3396 alicujus
1463 3329 1591 3394 viri,
1647 3331 1808 3399 cujus
1862 3332 2043 3387 anima
2101 3334 2168 3387 ab

586 3417 735 3468 omui
773 3417 1022 3471 molestia
1059 3418 1343 3472 liberatur.
1373 3419 1524 3475 Talis
1558 3423 1704 3476 enim
1736 3423 2038 3491 discessus,
2072 3423 2167 3478 be-

590 3505 786 3558 IIt'ﬁCiO
824 3505 915 3560 Dei
971 3509 1171 3561 ascribi
1212 3509 1394 3563 debet.
1437 3511 1768 3566 Liberautur
1798 3515 1942 3568 enim
1975 3515 2167 3583 hujus-

592 3597 734 3650 modi
762 3598 897 3666 justi
929 3600 1051 3661 viri,
1084 3608 1192 3654 tam
1228 3603 1296 3655 ab
1327 3602 1488 3670 lmjus
1519 3605 1766 3673 corporis
1789 3620 1978 3672 onere,
2003 3623 2169 3676 quam

589 3689 753 3742 ιιιὶειιη
787 3690 853 3743 ab
883 3690 1142 3745 omnibus
1172 3691 1291 3760 ejus
1321 3695 1510 3760 malis;
1543 3696 1693 3762 quia,
1733 3703 1790 3750 ut
1818 3699 1885 3750 ait
1920 3698 2123 3752 Paulus
2153 3716 2169 3755 :

594 3779 731 3845 Nos,
761 3784 849 3850 qui
881 3799 1061 3838 suntus‘
1114 3788 1165 3839 in
1194 3788 1288 3840 hoc
1342 3790 1706 3854 tabernaculo,
1735 3793 1988 3860 gemimus
2046 3811 2172 3862 gra-

594 3877 704 3928 ua-‘i
742 3875 818 3940 “’;
857 3878 1001 3932 unde
1019 3879 1148 3933 alibi
1185 3880 1323 3933 idem
1361 3881 1655 3947 Apostolus
1673 3899 1858 3951 cupere
1886 3899 1939 3936 se
1959 3885 2174 3938 dissolvi

594 3967 728 4020 dixit
761 3978 810 4021 et
847 3986 956 4023 esse
995 3987 1110 4023 cum
1148 3971 1358 4025 Christo
1387 3975 1451 4027 ίδ.
1491 3973 1594 4028 Sed
1629 3975 1799 4028 multo
1837 3977 2003 4029 etiam
2057 3993 2177 4031 ma-

598 4061 702 4127 gis,
761 4063 1044 4128 piamentis
1099 4063 1296 4130 psalmi
1350 4064 1514 4118 verba
1570 4079 1874 4134 congruere
1923 4069 2178 4123 videntur

599 4151 784 4217 probis
819 4167 879 4203 ac
917 4153 1187 4221 religiosis
1221 4153 1356 4207 viris
1379 4157 1666 4219 omnibus,
1695 4157 1786 4224 qui
1820 4172 1883 4211 ex
1920 4157 2024 4211 hoc
2051 4167 2176 4213 cor-

601 4258 731 4311 pore
759 4243 867 4310 jam
902 4247 1108 4310 egressi
1157 4254 1305 4300 sunt.
1339 4245 1404 4298 Et
1436 4262 1556 4297 cum
1587 4247 1822 4301 dixisset
1852 4247 2120 4317 Propheta
2160 4268 2173 4302 :

601 4333 862 4403 Benelecit
896 4337 1010 4398 tibi,
1050 4338 1254 4390 addidit
1302 4338 1462 4390 etiam
1497 4352 1512 4390 :
1547 4338 1686 4402 Quia
1719 4339 1912 4406 eripuit
1942 4341 2178 4393 animam

603 4443 772 4479 meum
815 4445 846 4480 a
885 4438 1115 4495 peccato.
1178 4429 1466 4482 Peccatum
1519 4430 1721 4498 quippe
1775 4445 1922 4484 mors
1975 4432 2174 4484 merito

601 4519 707 4571 dici
745 4529 922 4587 potest
955 4538 968 4573 :
1001 4522 1126 4587 quia
1160 4534 1354 4573 omnes
1394 4519 1590 4572 anima:
1626 4520 1694 4573 ad
1744 4520 2000 4574 virtutem
2043 4535 2175 4591 epe-

603 4615 847 4666 rationcs
877 4613 1187 4666 mortilicat.
1222 4611 1374 4675 Item,
1409 4613 1535 4679 quia
1574 4611 1773 4680 eripuit
1802 4612 1994 4666 oculos
2026 4628 2176 4667 meos

2267 3173 2471 3210 παυσιν
2505 3155 2604 3225 μὲν
2629 3155 2766 3223 ἐρεῖ,
2797 3151 2897 3219 τὴν
2929 3149 3182 3204 ἐντεῦθεν
3213 3149 3313 3218 τῆς
3340 3146 3434 3200 τοῦ
3473 3144 3694 3198 δικαίου
3749 3145 3853 3211 ψυ-

2267 3251 2370 3319 χῆς
2399 3246 2689 3318 ἐκδημίαν,
2727 3243 3181 3297 ἀπαλλάττουσαν
3217 3238 3421 3301 παντὸς
3442 3236 3676 3308 ἀνιαροῦ
3740 3238 3854 3288 λοε-

2271 3338 2452 3408 πδν,ἢ
2494 3334 2787 3403 εὐεργεσία
2819 3331 2956 3385 Θεοῦ
3003 3331 3215 3392 τούτοις
3246 3330 3422 3393 ἐστὶν,
3458 3325 3854 3394 ἐλευθερουμέ-

2271 3447 2380 3492 νοις
2423 3429 2517 3482 τοῦ
2574 3429 2776 3498 βάρους
2803 3425 2899 3478 τοῦ
2935 3423 3214 3493 σώματος,
3254 3422 3348 3474 καὶ
3395 3420 3504 3473 τῶν
3556 3419 3620 3470 ἐκ
3654 3417 3850 3469 τούτω

2272 3521 2493 3573 κακῶνο
2527 3521 2662 3586 φησὶ
2717 3518 2824 3588 γὰρ
2874 3519 2902 3570 ὁ
2955 3516 3189 3576 Παῦλος,
3245 3515 3325 3567 ὅτι
3382 3511 3635 3576 Οιόντες
3677 3510 3736 3561 ἐν
3771 3506 3851 3571 τῷ

2272 3615 2486 3683 σκήνει
2509 3614 2716 3677 τούτῳ,
2744 3610 3105 3677 στενάζομεν
3118 3607 3484 3673 βαρούμενοι
3509 3621 3523 3632 ·
3545 3603 3640 3656 καὶ
3657 3601 3844 3654 πάλιν

2279 3704 2363 3769 Τῷ
2397 3702 2698 3757 ἀναλῦσαι
2731 3702 2827 3754 καὶ
2857 3701 2978 3751 σὺν
3011 3697 3244 3765 Χριστῷ
3275 3693 3448 3748 εἶναι.
3482 3693 3674 3762 Πολλῷ
3717 3694 3855 3760 μᾶλ-

2273 3797 2365 3848 λον
2416 3796 2472 3848 δὲ
2532 3796 2782 3864 κρεῖσσον
2837 3792 3136 3862 ἁρμόζουσι
3187 3791 3362 3841 ταῦτα
3427 3789 3495 3839 τὰ
3551 3785 3696 3855 ῥητὰ
3739 3787 3853 3844 τοῖς

2277 3885 2660 3956 ἐξερχομένοις
2723 3885 2822 3954 ἤδη
2893 3883 2988 3936 τοῦ
3053 3881 3306 3950 σώματος
3364 3879 3619 3939 δικαίοις.
3675 3877 3852 3929 Εἰπὼν

2276 3979 2406 4047 γοῦν
2437 3979 2518 4030 ὅτι
2567 3977 2780 4043 Κύριος
2839 3973 3203 4042 εἰιηργέτησέ
3223 3988 3330 4035 σε,
3375 3971 3720 4039 προσέθηκεν
3774 3972 3853 4021 ὅτι

2293 4070 2588 4133 Ἐξείλετο
2626 4067 2812 4120 λοιπὴν
2850 4066 2964 4132 τὴν
3013 4064 3226 4133 ψυχήν
3249 4082 3370 4130 μου
3429 4062 3540 4129 τῆς
3566 4062 3856 4129 ἁμαρτίας

2273 4180 2414 4228 μιῖυν
2443 4161 2562 4230 ἥτις
2589 4161 2706 4212 ἐστὶ
2739 4159 2989 4223 θάνατος,
3053 4156 3326 4226 νεκροῦσι
3372 4157 3470 4216 τὰς
3507 4157 3589 4216 εἰς
3656 4153 3858 4221 ἀρετὴν

2282 4251 2568 4321 ἐνεργείας
2620 4253 2720 4316 τῆς
2773 4247 2975 4318 ψυχῆς,
3034 4247 3162 4308 τοὺς
3221 4243 3534 4313 ὀφθαλμούς
3591 4261 3698 4312 μου
3753 4242 3860 4295 ἀπο

2284 4341 2572 4411 δακρύων,
2631 4341 2831 4411 μηκέτι
2892 4340 3238 4409 δακρυόντων
3296 4337 3400 4390 ὑπὸ
3449 4336 3557 4388 τῶν
3613 4333 3857 4404 συνεχῶν

2283 4434 2539 4502 θλίψεων,
2569 4435 2665 4486 καὶ
2701 4433 2828 4494 τοὺς
2859 4431 3031 4493 πόδας
3077 4447 3181 4500 μου
3238 4429 3349 4482 ἀπὸ
3378 4427 3856 4494 ὕποσκελίσματος

2283 4522 2377 4576 τοῦ
2411 4523 2562 4591 παρὰ
2583 4523 2694 4574 τῶν
2711 4512 3172 4574 ἐπιϐουλευόντων
3205 4518 3417 4590 ὁρατῶν
3453 4534 3513 4569 τε
3575 4517 3673 4568 καὶ
3701 4516 3856 4586 ἀορά-

2282 4630 2390 4666 των
2420 4612 2510 4682 ὲχθ
2521 4612 2649 4682 ρῶν.

605 4722 633 4757 a
665 4706 941 4774 Iacryutis,
991 4712 1115 4759 nam
1169 4711 1392 4774 ereptus
1438 4704 1506 4759 ab
1552 4703 1872 4773 hujusmedi
1915 4706 2176 4759 aerumnis
2215 4705 2484 4775 lacrymas
2524 4706 2760 4775 amplius
2789 4720 2899 4761 non
2929 4703 3227 4760 effundam.
3297 4702 3454 4766 item,
3514 4702 3608 4769 qui
3653 4701 3849 4770 eripuit

605 4794 768 4865 pedes
799 4813 968 4859 meos,
997 4813 1105 4853 non
1135 4813 1164 4852 a
1203 4798 1498 4852 visibilium
1541 4797 1945 4865 tantummodo,
1974 4799 2071 4853 sed
2103 4799 2170 4853 ab
2202 4798 2562 4855 invisibilium
2627 4801 2790 4854 etiam
2840 4791 3196 4854 inimicorum
3227 4795 3467 4857 insidiis,
3491 4797 3585 4865 qui
3633 4808 3856 4865 gressus

607 4908 760 4954 lucus
801 4893 1150 4960 supplantare
1183 4893 1552 4948 conabantur.

681 5029 842 5082 Vnus.
875 5030 927 5082 9.
967 5029 1274 5082 Dclectabor
1312 5045 1491 5083 coram
1523 5027 1748 5082 Domino
1776 5030 1828 5082 in
1859 5031 2070 5098 regione
2103 5031 2182 5082 vi-

608 5124 856 5178 sentium.
891 5123 1058 5186 Regio
1096 5123 1389 5175 viventium
1412 5162 1426 5181 ,
1461 5121 1660 5174 caelum
1690 5128 1796 5183 est,
1835 5121 1916 5174 vel
1949 5119 2168 5174 futurus

609 5219 867 5279 mundus,
910 5216 1001 5269 ubi
1057 5216 1241 5269 nullus
1287 5222 1391 5277 est,
1441 5214 1533 5282 qui
1591 5212 1881 5266 moriatur.
1933 5210 2183 5266 Praesens

608 5309 752 5358 cnim
789 5306 1046 5372 mundus,
1075 5323 1182 5359 non
1226 5305 1549 5368 viventium,
1575 5303 1666 5356 sed
1702 5301 2052 5355 morientium
2103 5317 2187 5356 re-

611 5399 699 5467 git)
733 5397 965 5451 dicenda
996 5408 1102 5462 est,
1137 5397 1228 5450 ubi
1258 5397 1441 5450 nullus
1476 5403 1580 5458 est,
1608 5393 1697 5462 qui
1742 5408 1849 5447 non
1895 5392 2181 5446 moriatur.

617 5490 958 5550 liclcctabut',
995 5491 1200 5558 inquit,
1243 5490 1298 5543 in
1337 5488 1428 5541 illa
1465 5487 1707 5556 regione,
1757 5500 1984 5541 versans
2019 5487 2183 5540 simul

616 5599 739 5634 cum
775 5585 1002 5652 angelis,
1042 5591 1096 5636 et
1150 5583 1315 5637 Dcum
1348 5581 1534 5636 colens
1572 5580 1779 5650 absque
1813 5579 1926 5634 ullo
1960 5593 2188 5650 prorsus

697 5768 735 5797 υ
768 5765 808 5817 li
844 5765 966 5820 tier.
996 5783 1048 5821 ν.
1082 5767 1108 5820 ﬁ
1223 5764 1265 5794 ³⁵
1313 5763 1551 5831 Philipp.
1611 5779 1647 5816 ι.
1703 5761 1794 5815 ‘25.

2354 5029 2761 5099 Εὐαρεοντήσω
2788 5028 3051 5082 ἐνώπιον
3075 5025 3297 5093 Κυρίου
3314 5026 3386 5078 ἐν
3415 5025 3576 5093 χώρᾳ
3603 5023 3854 5084 ζώντων.

2288 5121 2455 5193 Χὼρα
2517 5119 2757 5183 ζώντων,
2807 5119 2836 5170 ὁ
2908 5115 3158 5186 οὐρανὸς,
3216 5115 3249 5185 ἢ
3303 5117 3331 5168 ὁ
3389 5113 3600 5184 μέλλων
3659 5114 3858 5182 κόσμος

2289 5213 2417 5265 ἔνθα
2451 5213 2626 5273 οὐδείς
2657 5212 2805 5262 ἐστιν
2831 5207 3195 5274 ἀποθνήσκων
3217 5245 3232 5266 ,
3266 5207 3294 5257 ὁ
3322 5205 3378 5256 δὲ
3407 5203 3602 5273 παρὼν
3634 5203 3858 5272 κόσμος,

2290 5301 2442 5373 χώρα
2489 5302 2637 5353 ἐστὶν
2667 5296 3142 5366 ἀποθνησκόντων.
3176 5292 3558 5360 Εὑαρεστήσω,
3582 5291 3774 5359 φησὶν,
3805 5291 3856 5342 ἰν

2292 5393 2474 5463 ἐκείνῃ
2501 5394 2568 5462 τῇ
2598 5391 2751 5461 χώρᾳ
2783 5388 2920 5459 μετὰ
2941 5386 3048 5439 τῶν
3068 5386 3337 5454 ἀγγέλων,
3362 5384 3640 5448 λατρεύων
3689 5383 3858 5450 ἁνεμο

2297 5485 2581 5549 ποδίστως,
2633 5481 2846 5541 οὐδενὸς
2915 5477 3322 5547 ὲνεδρεὺοντος·
3362 5478 3393 5546 ἢ
3432 5473 3855 5543 Εὐαρεστήσω,

2299 5577 2420 5631 ἀντὶ
2479 5575 2572 5628 τοῦ
2617 5575 2921 5643 Εὐάρεστος
2967 5569 3335 5641 κριθήσομαιο
3385 5571 3451 5622 τὰ
3516 5569 3764 5636 παρόντα
3806 5564 3857 5618 δὲ
