  <div class='ocr_page' id='page_1' title='image "/cluster/home/n/w/nwhite01/storage/ocr_20150623/128/hvd.32044073502403/565.png"; bbox 0 0 4076 6204; ppageno 0'>
   <div class='ocr_carea' id='block_1_1' title="bbox 498 388 635 448">
    <p class='ocr_par' dir='ltr' id='par_1_1' title="bbox 498 388 635 448">
     <span class='ocr_line' id='line_1_1' title="bbox 498 388 635 448; baseline 0.022 -2"><span class='ocrx_word' id='word_1_1' title='bbox 498 388 635 448; x_wconf 82' lang='lat'><strong>1119</strong></span> 
     </span>
    </p>
   </div>
   <div class='ocr_carea' id='block_1_2' title="bbox 1624 335 2396 448">
    <p class='ocr_par' dir='ltr' id='par_1_2' title="bbox 1624 335 2396 448">
     <span class='ocr_line' id='line_1_2' title="bbox 1624 335 2396 448; baseline -0.004 -3"><span class='ocrx_word' id='word_1_2' title='bbox 1624 335 2002 448; x_wconf 29' lang='lat' dir='ltr'><strong>E&#39;UTHYMII</strong></span> <span class='ocrx_word' id='word_1_3' title='bbox 2040 385 2396 444; x_wconf 72' lang='lat' dir='ltr'><strong>ZIGABENI</strong></span> 
     </span>
    </p>
   </div>
   <div class='ocr_carea' id='block_1_3' title="bbox 3634 392 3780 450">
    <p class='ocr_par' dir='ltr' id='par_1_3' title="bbox 3634 392 3780 450">
     <span class='ocr_line' id='line_1_3' title="bbox 3634 392 3780 450; baseline -0.007 0"><span class='ocrx_word' id='word_1_4' title='bbox 3634 392 3780 450; x_wconf 78' lang='grc' dir='ltr'><strong>11Ξο</strong></span> 
     </span>
    </p>
   </div>
   <div class='ocr_carea' id='block_1_4' title="bbox 495 497 2052 579">
    <p class='ocr_par' dir='ltr' id='par_1_4' title="bbox 495 499 2052 569">
     <span class='ocr_line' id='line_1_4' title="bbox 495 499 2052 569; baseline 0.001 -17"><span class='ocrx_word' id='word_1_5' title='bbox 495 499 728 554; x_wconf 77' lang='lat' dir='ltr'><strong>Proinde</strong></span> <span class='ocrx_word' id='word_1_6' title='bbox 781 499 826 552; x_wconf 98' lang='lat' dir='ltr'><strong>si</strong></span> <span class='ocrx_word' id='word_1_7' title='bbox 871 499 1206 569; x_wconf 89' lang='lat' dir='ltr'><strong>propositum</strong></span> <span class='ocrx_word' id='word_1_8' title='bbox 1252 509 1306 554; x_wconf 93' lang='lat' dir='ltr'><strong>ct</strong></span> <span class='ocrx_word' id='word_1_9' title='bbox 1360 509 1597 555; x_wconf 83' lang='lat' dir='ltr'><strong>mentem</strong></span> <span class='ocrx_word' id='word_1_10' title='bbox 1647 501 2052 556; x_wconf 74' lang='lat' dir='ltr'><strong>aiiirnndvertas</strong></span> 
     </span>
    </p>
   </div>
   <div class='ocr_carea' id='block_1_5' title="bbox 2168 497 3776 579">
    <p class='ocr_par' dir='ltr' id='par_1_5' title="bbox 2168 497 3776 579">
     <span class='ocr_line' id='line_1_5' title="bbox 2168 497 3776 579; baseline 0.004 -25"><span class='ocrx_word' id='word_1_11' title='bbox 2168 500 2277 567; x_wconf 75' lang='grc' dir='ltr'>οὖν,</span> <span class='ocrx_word' id='word_1_12' title='bbox 2310 501 2435 569; x_wconf 83' lang='grc' dir='ltr'><strong>τόγε</strong></span> <span class='ocrx_word' id='word_1_13' title='bbox 2475 503 2553 564; x_wconf 75' lang='grc' dir='ltr'>εἰς</span> <span class='ocrx_word' id='word_1_14' title='bbox 2583 501 2746 555; x_wconf 74' lang='grc' dir='ltr'>αὐτὸν</span> <span class='ocrx_word' id='word_1_15' title='bbox 2776 497 2913 573; x_wconf 76' lang='grc' dir='ltr'>ἧκον</span> <span class='ocrx_word' id='word_1_16' title='bbox 2940 541 2956 569; x_wconf 89' lang='grc'><strong>,</strong></span> <span class='ocrx_word' id='word_1_17' title='bbox 3011 503 3154 577; x_wconf 77' lang='grc' dir='ltr'>ὑπὲρ</span> <span class='ocrx_word' id='word_1_18' title='bbox 3188 506 3434 577; x_wconf 82' lang='grc' dir='ltr'>Χριστσῦ</span> <span class='ocrx_word' id='word_1_19' title='bbox 3465 506 3776 579; x_wconf 74' lang='grc' dir='ltr'><strong>τέθνηκεν,</strong></span> 
     </span>
    </p>
   </div>
   <div class='ocr_carea' id='block_1_6' title="bbox 497 590 2060 662">
    <p class='ocr_par' dir='ltr' id='par_1_6' title="bbox 497 590 2060 662">
     <span class='ocr_line' id='line_1_6' title="bbox 497 590 2060 662; baseline -0.002 -15"><span class='ocrx_word' id='word_1_20' title='bbox 497 594 636 648; x_wconf 82' lang='lat' dir='ltr'><strong>beati</strong></span> <span class='ocrx_word' id='word_1_21' title='bbox 679 591 865 653; x_wconf 81' lang='lat' dir='ltr'><strong>David,</strong></span> <span class='ocrx_word' id='word_1_22' title='bbox 907 590 1198 646; x_wconf 82' lang='lat' dir='ltr'><strong>manifeste</strong></span> <span class='ocrx_word' id='word_1_23' title='bbox 1234 593 1538 662; x_wconf 87' lang='lat' dir='ltr'><strong>perspicies</strong></span> <span class='ocrx_word' id='word_1_24' title='bbox 1586 593 1775 656; x_wconf 87' lang='lat' dir='ltr'><strong>illum,</strong></span> <span class='ocrx_word' id='word_1_25' title='bbox 1810 592 1956 661; x_wconf 88' lang='lat' dir='ltr'><strong>quod</strong></span> <span class='ocrx_word' id='word_1_26' title='bbox 2005 591 2060 644; x_wconf 90' lang='lat' dir='ltr'><strong>in</strong></span> 
     </span>
    </p>
   </div>
   <div class='ocr_carea' id='block_1_7' title="bbox 494 685 1988 752">
    <p class='ocr_par' dir='ltr' id='par_1_7' title="bbox 494 685 1988 752">
     <span class='ocr_line' id='line_1_7' title="bbox 494 685 1988 752; baseline -0.003 -12"><span class='ocrx_word' id='word_1_27' title='bbox 494 701 555 740; x_wconf 86' lang='lat' dir='ltr'><strong>se</strong></span> <span class='ocrx_word' id='word_1_28' title='bbox 596 685 714 742; x_wconf 89' lang='lat' dir='ltr'><strong>fuit.</strong></span> <span class='ocrx_word' id='word_1_29' title='bbox 747 698 1125 752; x_wconf 58' lang='lat' dir='ltr'><strong>sapennmero</strong></span> <span class='ocrx_word' id='word_1_30' title='bbox 1157 701 1252 751; x_wconf 82' lang='lat' dir='ltr'><strong>pro</strong></span> <span class='ocrx_word' id='word_1_31' title='bbox 1283 685 1501 740; x_wconf 84' lang='lat' dir='ltr'><strong>Christo</strong></span> <span class='ocrx_word' id='word_1_32' title='bbox 1539 695 1812 739; x_wconf 90' lang='lat' dir='ltr'><strong>mortuum</strong></span> <span class='ocrx_word' id='word_1_33' title='bbox 1846 701 1988 740; x_wconf 88' lang='lat' dir='ltr'><strong>esse.</strong></span> 
     </span>
    </p>
   </div>
   <div class='ocr_carea' id='block_1_8' title="bbox 561 775 2062 831">
    <p class='ocr_par' dir='ltr' id='par_1_8' title="bbox 561 775 2062 831">
     <span class='ocr_line' id='line_1_8' title="bbox 561 775 2062 831; baseline -0.001 -2"><span class='ocrx_word' id='word_1_34' title='bbox 561 776 720 829; x_wconf 72' lang='lat' dir='ltr'><strong>Vsus.</strong></span> <span class='ocrx_word' id='word_1_35' title='bbox 748 775 834 829; x_wconf 74' lang='grc' dir='ltr'>Η.</span> <span class='ocrx_word' id='word_1_36' title='bbox 881 775 1016 828; x_wconf 73' lang='lat' dir='ltr'><strong>l’ota</strong></span> <span class='ocrx_word' id='word_1_37' title='bbox 1052 793 1165 829; x_wconf 87' lang='lat' dir='ltr'><strong>mea</strong></span> <span class='ocrx_word' id='word_1_38' title='bbox 1198 776 1424 830; x_wconf 88' lang='lat' dir='ltr'><strong>Domino</strong></span> <span class='ocrx_word' id='word_1_39' title='bbox 1455 777 1671 831; x_wconf 80' lang='lat' dir='ltr'><strong>reddam</strong></span> <span class='ocrx_word' id='word_1_40' title='bbox 1698 794 1877 831; x_wconf 91' lang='lat' dir='ltr'><strong>coram</strong></span> <span class='ocrx_word' id='word_1_41' title='bbox 1916 777 2062 829; x_wconf 88' lang='lat' dir='ltr'><strong>omni</strong></span> 
     </span>
    </p>
   </div>
   <div class='ocr_carea' id='block_1_9' title="bbox 489 867 2061 939">
    <p class='ocr_par' dir='ltr' id='par_1_9' title="bbox 489 867 2061 939">
     <span class='ocr_line' id='line_1_9' title="bbox 489 867 2061 939; baseline 0.001 -19"><span class='ocrx_word' id='word_1_42' title='bbox 489 868 683 936; x_wconf 78' lang='lat' dir='ltr'><strong>populo</strong></span> <span class='ocrx_word' id='word_1_43' title='bbox 715 868 852 937; x_wconf 73' lang='lat' dir='ltr'><strong>ejus.</strong></span> <span class='ocrx_word' id='word_1_44' title='bbox 900 867 1166 929; x_wconf 80' lang='lat' dir='ltr'><strong>Reddam,</strong></span> <span class='ocrx_word' id='word_1_45' title='bbox 1203 870 1396 939; x_wconf 84' lang='lat' dir='ltr'><strong>inquit,</strong></span> <span class='ocrx_word' id='word_1_46' title='bbox 1447 870 1711 938; x_wconf 82' lang='lat' dir='ltr'><strong>quidquid</strong></span> <span class='ocrx_word' id='word_1_47' title='bbox 1761 869 1870 924; x_wconf 91' lang='lat' dir='ltr'><strong>Deo</strong></span> <span class='ocrx_word' id='word_1_48' title='bbox 1907 870 2061 938; x_wconf 90' lang='lat' dir='ltr'><strong>polli-</strong></span> 
     </span>
    </p>
   </div>
   <div class='ocr_carea' id='block_1_10' title="bbox 487 960 1950 1030">
    <p class='ocr_par' dir='ltr' id='par_1_10' title="bbox 487 960 1950 1030">
     <span class='ocr_line' id='line_1_10' title="bbox 487 960 1950 1030; baseline 0.002 -17"><span class='ocrx_word' id='word_1_49' title='bbox 487 960 628 1013; x_wconf 89' lang='lat' dir='ltr'><strong>citus</strong></span> <span class='ocrx_word' id='word_1_50' title='bbox 661 975 805 1024; x_wconf 90' lang='lat' dir='ltr'><strong>sum,</strong></span> <span class='ocrx_word' id='word_1_51' title='bbox 843 969 1134 1028; x_wconf 82' lang='lat' dir='ltr'><strong>antequam</strong></span> <span class='ocrx_word' id='word_1_52' title='bbox 1170 976 1200 1013; x_wconf 93' lang='lat' dir='ltr'><strong>e</strong></span> <span class='ocrx_word' id='word_1_53' title='bbox 1233 962 1490 1030; x_wconf 61' lang='lat' dir='ltr'><strong>prasenti</strong></span> <span class='ocrx_word' id='word_1_54' title='bbox 1528 962 1634 1015; x_wconf 86' lang='lat' dir='ltr'><strong>vita</strong></span> <span class='ocrx_word' id='word_1_55' title='bbox 1665 961 1950 1016; x_wconf 84' lang='lat' dir='ltr'><strong>excedam.</strong></span> 
     </span>
    </p>
   </div>
   <div class='ocr_carea' id='block_1_11' title="bbox 554 1137 2063 1207">
    <p class='ocr_par' dir='ltr' id='par_1_11' title="bbox 554 1137 2063 1207">
     <span class='ocr_line' id='line_1_11' title="bbox 554 1137 2063 1207; baseline 0.001 -16"><span class='ocrx_word' id='word_1_56' title='bbox 554 1137 719 1193; x_wconf 70' lang='lat' dir='ltr'><strong>Vens.</strong></span> <span class='ocrx_word' id='word_1_57' title='bbox 747 1138 834 1191; x_wconf 77' lang='grc'><strong>15.</strong></span> <span class='ocrx_word' id='word_1_58' title='bbox 859 1137 1105 1193; x_wconf 74' lang='lat' dir='ltr'><strong>Pretiosa</strong></span> <span class='ocrx_word' id='word_1_59' title='bbox 1134 1145 1186 1194; x_wconf 81' lang='lat' dir='ltr'><strong>in</strong></span> <span class='ocrx_word' id='word_1_60' title='bbox 1222 1148 1500 1207; x_wconf 86' lang='lat' dir='ltr'><strong>conspectu</strong></span> <span class='ocrx_word' id='word_1_61' title='bbox 1531 1140 1744 1194; x_wconf 79' lang='lat' dir='ltr'><strong>Domini</strong></span> <span class='ocrx_word' id='word_1_62' title='bbox 1775 1158 1913 1196; x_wconf 85' lang='lat' dir='ltr'><strong>mors</strong></span> <span class='ocrx_word' id='word_1_63' title='bbox 1936 1160 2063 1197; x_wconf 82' lang='lat' dir='ltr'><strong>san-</strong></span> 
     </span>
    </p>
   </div>
   <div class='ocr_carea' id='block_1_12' title="bbox 479 1231 2058 1301">
    <p class='ocr_par' dir='ltr' id='par_1_12' title="bbox 479 1231 2058 1301">
     <span class='ocr_line' id='line_1_12' title="bbox 479 1231 2058 1301; baseline 0.004 -19"><span class='ocrx_word' id='word_1_64' title='bbox 479 1240 684 1284; x_wconf 87' lang='lat' dir='ltr'><strong>ctorum</strong></span> <span class='ocrx_word' id='word_1_65' title='bbox 746 1233 882 1298; x_wconf 80' lang='lat' dir='ltr'><strong>ejus.</strong></span> <span class='ocrx_word' id='word_1_66' title='bbox 945 1231 1140 1293; x_wconf 71' lang='lat' dir='ltr'><strong>Laetor,</strong></span> <span class='ocrx_word' id='word_1_67' title='bbox 1192 1233 1392 1301; x_wconf 78' lang='lat' dir='ltr'><strong>inquit,</strong></span> <span class='ocrx_word' id='word_1_68' title='bbox 1463 1234 1723 1289; x_wconf 88' lang='lat' dir='ltr'><strong>moriens.</strong></span> <span class='ocrx_word' id='word_1_69' title='bbox 1779 1237 2058 1290; x_wconf 78' lang='lat' dir='ltr'><strong>Honor-ala</strong></span> 
     </span>
    </p>
   </div>
   <div class='ocr_carea' id='block_1_13' title="bbox 481 1321 2059 1395">
    <p class='ocr_par' dir='ltr' id='par_1_13' title="bbox 481 1321 2059 1395">
     <span class='ocr_line' id='line_1_13' title="bbox 481 1321 2059 1395; baseline 0.006 -23"><span class='ocrx_word' id='word_1_70' title='bbox 481 1321 628 1373; x_wconf 83' lang='lat' dir='ltr'><strong>enim</strong></span> <span class='ocrx_word' id='word_1_71' title='bbox 685 1331 770 1375; x_wconf 89' lang='lat' dir='ltr'><strong>est</strong></span> <span class='ocrx_word' id='word_1_72' title='bbox 816 1323 958 1388; x_wconf 90' lang='lat' dir='ltr'><strong>apud</strong></span> <span class='ocrx_word' id='word_1_73' title='bbox 1005 1322 1174 1376; x_wconf 85' lang='lat' dir='ltr'><strong>Deum</strong></span> <span class='ocrx_word' id='word_1_74' title='bbox 1211 1323 1429 1376; x_wconf 88' lang='lat' dir='ltr'><strong>illorum</strong></span> <span class='ocrx_word' id='word_1_75' title='bbox 1467 1339 1650 1389; x_wconf 88' lang='lat' dir='ltr'><strong>mors,</strong></span> <span class='ocrx_word' id='word_1_76' title='bbox 1679 1326 1773 1395; x_wconf 88' lang='lat' dir='ltr'><strong>qui</strong></span> <span class='ocrx_word' id='word_1_77' title='bbox 1810 1327 1858 1380; x_wconf 86' lang='lat' dir='ltr'><strong>ei</strong></span> <span class='ocrx_word' id='word_1_78' title='bbox 1895 1326 2059 1381; x_wconf 87' lang='lat' dir='ltr'><strong>dicati</strong></span> 
     </span>
    </p>
   </div>
   <div class='ocr_carea' id='block_1_14' title="bbox 481 1411 2061 1472">
    <p class='ocr_par' dir='ltr' id='par_1_14' title="bbox 481 1411 2061 1472">
     <span class='ocr_line' id='line_1_14' title="bbox 481 1411 2061 1472; baseline 0.005 -9"><span class='ocrx_word' id='word_1_79' title='bbox 481 1425 551 1464; x_wconf 83' lang='lat' dir='ltr'><strong>ac</strong></span> <span class='ocrx_word' id='word_1_80' title='bbox 584 1411 910 1465; x_wconf 83' lang='lat' dir='ltr'><strong>sanctificati</strong></span> <span class='ocrx_word' id='word_1_81' title='bbox 948 1412 1168 1467; x_wconf 87' lang='lat' dir='ltr'><strong>fuerint.</strong></span> <span class='ocrx_word' id='word_1_82' title='bbox 1201 1413 1336 1467; x_wconf 88' lang='lat' dir='ltr'><strong>Nam</strong></span> <span class='ocrx_word' id='word_1_83' title='bbox 1377 1414 1422 1467; x_wconf 91' lang='lat' dir='ltr'><strong>si</strong></span> <span class='ocrx_word' id='word_1_84' title='bbox 1461 1415 1678 1469; x_wconf 89' lang='lat' dir='ltr'><strong>illorum</strong></span> <span class='ocrx_word' id='word_1_85' title='bbox 1728 1417 1837 1472; x_wconf 85' lang='lat' dir='ltr'><strong>vita</strong></span> <span class='ocrx_word' id='word_1_86' title='bbox 1885 1417 2061 1471; x_wconf 87' lang='lat' dir='ltr'><strong>hono-</strong></span> 
     </span>
    </p>
   </div>
   <div class='ocr_carea' id='block_1_15' title="bbox 482 1504 2057 1577">
    <p class='ocr_par' dir='ltr' id='par_1_15' title="bbox 482 1504 2057 1577">
     <span class='ocr_line' id='line_1_15' title="bbox 482 1504 2057 1577; baseline 0.006 -23"><span class='ocrx_word' id='word_1_87' title='bbox 482 1511 601 1554; x_wconf 91' lang='lat' dir='ltr'><strong>rata</strong></span> <span class='ocrx_word' id='word_1_88' title='bbox 629 1511 732 1566; x_wconf 84' lang='lat' dir='ltr'><strong>est,</strong></span> <span class='ocrx_word' id='word_1_89' title='bbox 769 1504 937 1559; x_wconf 83' lang='lat' dir='ltr'><strong>multo</strong></span> <span class='ocrx_word' id='word_1_90' title='bbox 971 1506 1134 1558; x_wconf 84' lang='lat' dir='ltr'><strong>etiam</strong></span> <span class='ocrx_word' id='word_1_91' title='bbox 1173 1505 1346 1573; x_wconf 83' lang='lat' dir='ltr'><strong>magis</strong></span> <span class='ocrx_word' id='word_1_92' title='bbox 1379 1523 1545 1571; x_wconf 88' lang='lat' dir='ltr'><strong>mors,</strong></span> <span class='ocrx_word' id='word_1_93' title='bbox 1593 1524 1713 1576; x_wconf 77' lang='lat' dir='ltr'><strong>qua:</strong></span> <span class='ocrx_word' id='word_1_94' title='bbox 1764 1508 1830 1563; x_wconf 90' lang='lat' dir='ltr'><strong>ad</strong></span> <span class='ocrx_word' id='word_1_95' title='bbox 1882 1509 2057 1577; x_wconf 85' lang='lat' dir='ltr'><strong>ipsum</strong></span> 
     </span>
    </p>
   </div>
   <div class='ocr_carea' id='block_1_16' title="bbox 481 1587 2061 1667">
    <p class='ocr_par' dir='ltr' id='par_1_16' title="bbox 481 1587 2061 1667">
     <span class='ocr_line' id='line_1_16' title="bbox 481 1587 2061 1667; baseline 0.009 -28"><span class='ocrx_word' id='word_1_96' title='bbox 481 1587 774 1641; x_wconf 86' lang='lat' dir='ltr'><strong>Dominum</strong></span> <span class='ocrx_word' id='word_1_97' title='bbox 806 1605 898 1644; x_wconf 81' lang='lat' dir='ltr'><strong>eos</strong></span> <span class='ocrx_word' id='word_1_98' title='bbox 930 1593 1210 1661; x_wconf 83' lang='lat' dir='ltr'><strong>provehit,</strong></span> <span class='ocrx_word' id='word_1_99' title='bbox 1244 1606 1560 1650; x_wconf 91' lang='lat' dir='ltr'><strong>sanctorum</strong></span> <span class='ocrx_word' id='word_1_100' title='bbox 1605 1597 1923 1667; x_wconf 81' lang='lat' dir='ltr'><strong>angelorum</strong></span> <span class='ocrx_word' id='word_1_101' title='bbox 1971 1615 2061 1653; x_wconf 86' lang='lat' dir='ltr'><strong>co-</strong></span> 
     </span>
    </p>
   </div>
   <div class='ocr_carea' id='block_1_17' title="bbox 481 1663 1442 1742">
    <p class='ocr_par' dir='ltr' id='par_1_17' title="bbox 481 1663 1442 1742">
     <span class='ocr_line' id='line_1_17' title="bbox 481 1663 1442 1742; baseline 0.016 -15"><span class='ocrx_word' id='word_1_102' title='bbox 481 1663 679 1731; x_wconf 70' lang='lat' dir='ltr'><strong>mitatu</strong></span> <span class='ocrx_word' id='word_1_103' title='bbox 724 1695 787 1734; x_wconf 83' lang='lat' dir='ltr'><strong>ac</strong></span> <span class='ocrx_word' id='word_1_104' title='bbox 826 1682 1090 1735; x_wconf 82' lang='lat' dir='ltr'><strong>societate</strong></span> <span class='ocrx_word' id='word_1_105' title='bbox 1123 1684 1442 1742; x_wconf 80' lang='lat' dir='ltr'><strong>honoratos.</strong></span> 
     </span>
    </p>
   </div>
   <div class='ocr_carea' id='block_1_18' title="bbox 551 1767 2058 1844">
    <p class='ocr_par' dir='ltr' id='par_1_18' title="bbox 551 1767 2058 1844">
     <span class='ocr_line' id='line_1_18' title="bbox 551 1767 2058 1844; baseline 0.013 -24"><span class='ocrx_word' id='word_1_106' title='bbox 551 1767 712 1824; x_wconf 74' lang='lat' dir='ltr'><strong>Vens.</strong></span> <span class='ocrx_word' id='word_1_107' title='bbox 749 1773 832 1826; x_wconf 86' lang='lat' dir='ltr'><strong>l6.</strong></span> <span class='ocrx_word' id='word_1_108' title='bbox 865 1773 908 1827; x_wconf 93' lang='lat'><em>0</em></span> <span class='ocrx_word' id='word_1_109' title='bbox 949 1775 1188 1838; x_wconf 87' lang='lat' dir='ltr'><strong>Domine,</strong></span> <span class='ocrx_word' id='word_1_110' title='bbox 1218 1794 1309 1844; x_wconf 68' lang='lat' dir='ltr'><strong>ego</strong></span> <span class='ocrx_word' id='word_1_111' title='bbox 1343 1796 1520 1834; x_wconf 76' lang='lat' dir='ltr'><strong>servus</strong></span> <span class='ocrx_word' id='word_1_112' title='bbox 1556 1789 1699 1835; x_wconf 86' lang='lat' dir='ltr'><strong>tuus.</strong></span> <span class='ocrx_word' id='word_1_113' title='bbox 1765 1781 2058 1840; x_wconf 83' lang='lat' dir='ltr'><strong>Dedicatus</strong></span> 
     </span>
    </p>
   </div>
   <div class='ocr_carea' id='block_1_19' title="bbox 474 1859 1550 1938">
    <p class='ocr_par' dir='ltr' id='par_1_19' title="bbox 474 1859 1550 1938">
     <span class='ocr_line' id='line_1_19' title="bbox 474 1859 1550 1938; baseline 0.013 -27"><span class='ocrx_word' id='word_1_114' title='bbox 474 1859 685 1915; x_wconf 33' lang='lat' dir='ltr'><strong>s:‘ilicet</strong></span> <span class='ocrx_word' id='word_1_115' title='bbox 725 1875 888 1931; x_wconf 81' lang='lat' dir='ltr'><strong>atque</strong></span> <span class='ocrx_word' id='word_1_116' title='bbox 922 1866 1140 1921; x_wconf 87' lang='lat' dir='ltr'><strong>oblatus</strong></span> <span class='ocrx_word' id='word_1_117' title='bbox 1179 1876 1270 1920; x_wconf 83' lang='lat' dir='ltr'><strong>tuo</strong></span> <span class='ocrx_word' id='word_1_118' title='bbox 1301 1870 1550 1938; x_wconf 84' lang='lat' dir='ltr'><strong>imperio,</strong></span> 
     </span>
    </p>
   </div>
   <div class='ocr_carea' id='block_1_20' title="bbox 551 1951 2060 2036">
    <p class='ocr_par' dir='ltr' id='par_1_20' title="bbox 551 1951 2060 2036">
     <span class='ocr_line' id='line_1_20' title="bbox 551 1951 2060 2036; baseline 0.011 -31"><span class='ocrx_word' id='word_1_119' title='bbox 551 1951 661 2022; x_wconf 83' lang='lat' dir='ltr'><strong>Ego</strong></span> <span class='ocrx_word' id='word_1_120' title='bbox 689 1972 864 2009; x_wconf 80' lang='lat' dir='ltr'><strong>servus</strong></span> <span class='ocrx_word' id='word_1_121' title='bbox 913 1966 1057 2023; x_wconf 82' lang='lat' dir='ltr'><strong>tuus,</strong></span> <span class='ocrx_word' id='word_1_122' title='bbox 1119 1969 1168 2012; x_wconf 86' lang='lat' dir='ltr'><strong>et</strong></span> <span class='ocrx_word' id='word_1_123' title='bbox 1225 1961 1372 2029; x_wconf 81' lang='lat' dir='ltr'><strong>ﬁlius</strong></span> <span class='ocrx_word' id='word_1_124' title='bbox 1411 1965 1621 2021; x_wconf 75' lang='lat' dir='ltr'><strong>ancilla:</strong></span> <span class='ocrx_word' id='word_1_125' title='bbox 1678 1979 1803 2022; x_wconf 71' lang='lat' dir='ltr'><strong>true.</strong></span> <span class='ocrx_word' id='word_1_126' title='bbox 1842 1969 2060 2036; x_wconf 78' lang='lat' dir='ltr'><strong>Repetit</strong></span> 
     </span>
    </p>
   </div>
   <div class='ocr_carea' id='block_1_21' title="bbox 472 2049 2056 2128">
    <p class='ocr_par' dir='ltr' id='par_1_21' title="bbox 472 2049 2056 2128">
     <span class='ocr_line' id='line_1_21' title="bbox 472 2049 2056 2128; baseline 0.012 -32"><span class='ocrx_word' id='word_1_127' title='bbox 472 2059 673 2098; x_wconf 81' lang='lat' dir='ltr'><strong>nomen</strong></span> <span class='ocrx_word' id='word_1_128' title='bbox 708 2049 872 2113; x_wconf 80' lang='lat' dir='ltr'><strong>servi,</strong></span> <span class='ocrx_word' id='word_1_129' title='bbox 905 2051 1155 2118; x_wconf 82' lang='lat' dir='ltr'><strong>gaudens</strong></span> <span class='ocrx_word' id='word_1_130' title='bbox 1191 2051 1263 2107; x_wconf 91' lang='lat' dir='ltr'><strong>ita</strong></span> <span class='ocrx_word' id='word_1_131' title='bbox 1321 2056 1603 2124; x_wconf 85' lang='lat' dir='ltr'><strong>appellari.</strong></span> <span class='ocrx_word' id='word_1_132' title='bbox 1645 2059 1870 2128; x_wconf 82' lang='lat' dir='ltr'><strong>Rejecto</strong></span> <span class='ocrx_word' id='word_1_133' title='bbox 1911 2063 2056 2115; x_wconf 90' lang='lat' dir='ltr'><strong>enim</strong></span> 
     </span>
    </p>
   </div>
   <div class='ocr_carea' id='block_1_22' title="bbox 481 2135 2061 2206">
    <p class='ocr_par' dir='ltr' id='par_1_22' title="bbox 481 2135 2061 2206">
     <span class='ocr_line' id='line_1_22' title="bbox 481 2135 2061 2206; baseline 0.013 -20"><span class='ocrx_word' id='word_1_134' title='bbox 481 2135 632 2188; x_wconf 90' lang='lat' dir='ltr'><strong>omni</strong></span> <span class='ocrx_word' id='word_1_135' title='bbox 693 2138 924 2206; x_wconf 89' lang='lat' dir='ltr'><strong>pudore,</strong></span> <span class='ocrx_word' id='word_1_136' title='bbox 987 2142 1318 2198; x_wconf 88' lang='lat' dir='ltr'><strong>servitutem</strong></span> <span class='ocrx_word' id='word_1_137' title='bbox 1375 2146 1516 2200; x_wconf 89' lang='lat' dir='ltr'><strong>hanc</strong></span> <span class='ocrx_word' id='word_1_138' title='bbox 1557 2149 1728 2203; x_wconf 84' lang='lat' dir='ltr'><strong>libere</strong></span> <span class='ocrx_word' id='word_1_139' title='bbox 1763 2151 1962 2206; x_wconf 84' lang='lat' dir='ltr'><strong>fatetur</strong></span> <span class='ocrx_word' id='word_1_140' title='bbox 2007 2161 2061 2206; x_wconf 86' lang='lat' dir='ltr'><strong>et</strong></span> 
     </span>
    </p>
   </div>
   <div class='ocr_carea' id='block_1_23' title="bbox 473 2227 2058 2306">
    <p class='ocr_par' dir='ltr' id='par_1_23' title="bbox 473 2227 2058 2306">
     <span class='ocr_line' id='line_1_23' title="bbox 473 2227 2058 2306; baseline 0.014 -30"><span class='ocrx_word' id='word_1_141' title='bbox 473 2227 759 2292; x_wconf 64' lang='lat' dir='ltr'><strong>praedicat.</strong></span> <span class='ocrx_word' id='word_1_142' title='bbox 794 2228 992 2286; x_wconf 87' lang='lat' dir='ltr'><strong>Filium</strong></span> <span class='ocrx_word' id='word_1_143' title='bbox 1051 2243 1228 2287; x_wconf 84' lang='lat' dir='ltr'><strong>autem</strong></span> <span class='ocrx_word' id='word_1_144' title='bbox 1269 2237 1481 2290; x_wconf 71' lang='lat' dir='ltr'><strong>ancillw</strong></span> <span class='ocrx_word' id='word_1_145' title='bbox 1510 2247 1634 2304; x_wconf 71' lang='lat' dir='ltr'><strong>tum,</strong></span> <span class='ocrx_word' id='word_1_146' title='bbox 1677 2241 1834 2306; x_wconf 74' lang='lat' dir='ltr'><strong>dixit,</strong></span> <span class='ocrx_word' id='word_1_147' title='bbox 1873 2253 2058 2297; x_wconf 85' lang='lat' dir='ltr'><strong>osten-</strong></span> 
     </span>
    </p>
   </div>
   <div class='ocr_carea' id='block_1_24' title="bbox 472 2317 2058 2402">
    <p class='ocr_par' dir='ltr' id='par_1_24' title="bbox 472 2317 2058 2402">
     <span class='ocr_line' id='line_1_24' title="bbox 472 2317 2058 2402; baseline 0.012 -33"><span class='ocrx_word' id='word_1_148' title='bbox 472 2317 615 2374; x_wconf 87' lang='lat' dir='ltr'><strong>dens</strong></span> <span class='ocrx_word' id='word_1_149' title='bbox 641 2336 697 2374; x_wconf 90' lang='lat' dir='ltr'><strong>se</strong></span> <span class='ocrx_word' id='word_1_150' title='bbox 729 2338 950 2377; x_wconf 88' lang='lat' dir='ltr'><strong>servum</strong></span> <span class='ocrx_word' id='word_1_151' title='bbox 985 2325 1102 2392; x_wconf 88' lang='lat' dir='ltr'><strong>Dei,</strong></span> <span class='ocrx_word' id='word_1_152' title='bbox 1133 2326 1296 2381; x_wconf 88' lang='lat' dir='ltr'><strong>etiam</strong></span> <span class='ocrx_word' id='word_1_153' title='bbox 1329 2329 1398 2382; x_wconf 90' lang='lat' dir='ltr'><strong>ab</strong></span> <span class='ocrx_word' id='word_1_154' title='bbox 1432 2331 1564 2399; x_wconf 84' lang='lat' dir='ltr'><strong>ipsis</strong></span> <span class='ocrx_word' id='word_1_155' title='bbox 1595 2334 2058 2402; x_wconf 77' lang='lat' dir='ltr'><strong>progenitoribus.</strong></span> 
     </span>
    </p>
   </div>
   <div class='ocr_carea' id='block_1_25' title="bbox 473 2408 2060 2491">
    <p class='ocr_par' dir='ltr' id='par_1_25' title="bbox 473 2408 2060 2491">
     <span class='ocr_line' id='line_1_25' title="bbox 473 2408 2060 2491; baseline 0.013 -31"><span class='ocrx_word' id='word_1_156' title='bbox 473 2408 851 2468; x_wconf 79' lang='lat' dir='ltr'><strong>lndiﬂ‘erenter</strong></span> <span class='ocrx_word' id='word_1_157' title='bbox 907 2424 1090 2469; x_wconf 68' lang='lat' dir='ltr'><strong>alitem</strong></span> <span class='ocrx_word' id='word_1_158' title='bbox 1148 2419 1339 2474; x_wconf 86' lang='lat' dir='ltr'><strong>matris</strong></span> <span class='ocrx_word' id='word_1_159' title='bbox 1393 2428 1607 2475; x_wconf 87' lang='lat' dir='ltr'><strong>tantum</strong></span> <span class='ocrx_word' id='word_1_160' title='bbox 1641 2425 1918 2491; x_wconf 90' lang='lat' dir='ltr'><strong>meminit;</strong></span> <span class='ocrx_word' id='word_1_161' title='bbox 1977 2428 2060 2482; x_wconf 90' lang='lat' dir='ltr'><strong>vel</strong></span> 
     </span>
    </p>
   </div>
   <div class='ocr_carea' id='block_1_26' title="bbox 473 2501 2056 2582">
    <p class='ocr_par' dir='ltr' id='par_1_26' title="bbox 473 2501 2056 2582">
     <span class='ocr_line' id='line_1_26' title="bbox 473 2501 2056 2582; baseline 0.015 -33"><span class='ocrx_word' id='word_1_162' title='bbox 473 2501 618 2566; x_wconf 84' lang='lat' dir='ltr'><strong>quod</strong></span> <span class='ocrx_word' id='word_1_163' title='bbox 655 2504 800 2557; x_wconf 85' lang='lat' dir='ltr'><strong>servi</strong></span> <span class='ocrx_word' id='word_1_164' title='bbox 842 2506 935 2574; x_wconf 86' lang='lat' dir='ltr'><strong>qui</strong></span> <span class='ocrx_word' id='word_1_165' title='bbox 968 2522 1032 2560; x_wconf 78' lang='lat' dir='ltr'><strong>ex</strong></span> <span class='ocrx_word' id='word_1_166' title='bbox 1091 2509 1306 2564; x_wconf 87' lang='lat' dir='ltr'><strong>ancillis</strong></span> <span class='ocrx_word' id='word_1_167' title='bbox 1349 2512 1460 2564; x_wconf 89' lang='lat' dir='ltr'><strong>nati</strong></span> <span class='ocrx_word' id='word_1_168' title='bbox 1522 2523 1675 2568; x_wconf 87' lang='lat' dir='ltr'><strong>erant</strong></span> <span class='ocrx_word' id='word_1_169' title='bbox 1702 2556 1715 2576; x_wconf 93' lang='lat'><strong>,</strong></span> <span class='ocrx_word' id='word_1_170' title='bbox 1751 2517 1961 2582; x_wconf 82' lang='lat' dir='ltr'><strong>majore</strong></span> <span class='ocrx_word' id='word_1_171' title='bbox 2003 2520 2056 2573; x_wconf 89' lang='lat' dir='ltr'><strong>in</strong></span> 
     </span>
    </p>
   </div>
   <div class='ocr_carea' id='block_1_27' title="bbox 473 2592 1392 2659">
    <p class='ocr_par' dir='ltr' id='par_1_27' title="bbox 473 2592 1392 2659">
     <span class='ocr_line' id='line_1_27' title="bbox 473 2592 1392 2659; baseline 0.016 -18"><span class='ocrx_word' id='word_1_172' title='bbox 473 2592 650 2659; x_wconf 86' lang='lat' dir='ltr'><strong>pretio</strong></span> <span class='ocrx_word' id='word_1_173' title='bbox 683 2607 710 2644; x_wconf 88' lang='lat' dir='ltr'><strong>a</strong></span> <span class='ocrx_word' id='word_1_174' title='bbox 742 2593 982 2650; x_wconf 88' lang='lat' dir='ltr'><strong>dominis</strong></span> <span class='ocrx_word' id='word_1_175' title='bbox 1021 2597 1392 2656; x_wconf 83' lang='lat' dir='ltr'><strong>habebantur.</strong></span> 
     </span>
    </p>
   </div>
   <div class='ocr_carea' id='block_1_28' title="bbox 546 2682 2052 2764">
    <p class='ocr_par' dir='ltr' id='par_1_28' title="bbox 546 2682 2052 2764">
     <span class='ocr_line' id='line_1_28' title="bbox 546 2682 2052 2764; baseline 0.013 -28"><span class='ocrx_word' id='word_1_176' title='bbox 546 2682 708 2738; x_wconf 70' lang='lat' dir='ltr'><strong>Vens.</strong></span> <span class='ocrx_word' id='word_1_177' title='bbox 747 2685 834 2740; x_wconf 80' lang='grc'><strong>17.</strong></span> <span class='ocrx_word' id='word_1_178' title='bbox 868 2685 1132 2757; x_wconf 85' lang='lat' dir='ltr'><strong>Dirupisti</strong></span> <span class='ocrx_word' id='word_1_179' title='bbox 1164 2692 1375 2747; x_wconf 85' lang='lat' dir='ltr'><strong>vincula</strong></span> <span class='ocrx_word' id='word_1_180' title='bbox 1412 2711 1550 2750; x_wconf 84' lang='lat' dir='ltr'><strong>mea.</strong></span> <span class='ocrx_word' id='word_1_181' title='bbox 1588 2696 1668 2752; x_wconf 87' lang='lat' dir='ltr'><strong>Tu</strong></span> <span class='ocrx_word' id='word_1_182' title='bbox 1697 2697 1937 2764; x_wconf 71' lang='lat' dir='ltr'><strong>vincula,</strong></span> <span class='ocrx_word' id='word_1_183' title='bbox 1969 2702 2052 2755; x_wconf 90' lang='lat' dir='ltr'><strong>in-</strong></span> 
     </span>
    </p>
   </div>
   <div class='ocr_carea' id='block_1_29' title="bbox 480 2774 2059 2863">
    <p class='ocr_par' dir='ltr' id='par_1_29' title="bbox 480 2774 2059 2863">
     <span class='ocr_line' id='line_1_29' title="bbox 480 2774 2059 2863; baseline 0.016 -38"><span class='ocrx_word' id='word_1_184' title='bbox 480 2774 622 2840; x_wconf 92' lang='lat' dir='ltr'><strong>quit,</strong></span> <span class='ocrx_word' id='word_1_185' title='bbox 659 2785 1012 2845; x_wconf 85' lang='lat' dir='ltr'><strong>peccatorum</strong></span> <span class='ocrx_word' id='word_1_186' title='bbox 1054 2781 1336 2853; x_wconf 89' lang='lat' dir='ltr'><strong>dirupisti,</strong></span> <span class='ocrx_word' id='word_1_187' title='bbox 1372 2785 1553 2856; x_wconf 79' lang='lat' dir='ltr'><strong>gladio</strong></span> <span class='ocrx_word' id='word_1_188' title='bbox 1584 2789 1846 2845; x_wconf 88' lang='lat' dir='ltr'><strong>nimirum</strong></span> <span class='ocrx_word' id='word_1_189' title='bbox 1888 2795 2059 2863; x_wconf 60' lang='lat' dir='ltr'><strong>posui-</strong></span> 
     </span>
    </p>
   </div>
   <div class='ocr_carea' id='block_1_30' title="bbox 486 2865 690 2920">
    <p class='ocr_par' dir='ltr' id='par_1_30' title="bbox 486 2865 690 2920">
     <span class='ocr_line' id='line_1_30' title="bbox 486 2865 690 2920; baseline 0.015 -3"><span class='ocrx_word' id='word_1_190' title='bbox 486 2865 690 2920; x_wconf 63' lang='lat' dir='ltr'><strong>tentias.</strong></span> 
     </span>
    </p>
   </div>
   <div class='ocr_carea' id='block_1_31' title="bbox 546 2955 2058 3031">
    <p class='ocr_par' dir='ltr' id='par_1_31' title="bbox 546 2955 2058 3031">
     <span class='ocr_line' id='line_1_31' title="bbox 546 2955 2058 3031; baseline 0.014 -23"><span class='ocrx_word' id='word_1_191' title='bbox 546 2955 662 3010; x_wconf 87' lang='lat' dir='ltr'><strong>Tibi</strong></span> <span class='ocrx_word' id='word_1_192' title='bbox 702 2960 1018 3028; x_wconf 79' lang='lat' dir='ltr'><strong>sacrificabo</strong></span> <span class='ocrx_word' id='word_1_193' title='bbox 1063 2963 1294 3019; x_wconf 80' lang='lat' dir='ltr'><strong>hostiam</strong></span> <span class='ocrx_word' id='word_1_194' title='bbox 1335 2967 1536 3024; x_wconf 80' lang='lat' dir='ltr'><strong>laudis.</strong></span> <span class='ocrx_word' id='word_1_195' title='bbox 1580 2969 1827 3027; x_wconf 82' lang='lat' dir='ltr'><strong>Hostiam</strong></span> <span class='ocrx_word' id='word_1_196' title='bbox 1873 2983 1928 3029; x_wconf 86' lang='lat' dir='ltr'><strong>et</strong></span> <span class='ocrx_word' id='word_1_197' title='bbox 1970 2991 2058 3031; x_wconf 58' lang='lat' dir='ltr'><strong>sa.</strong></span> 
     </span>
    </p>
   </div>
   <div class='ocr_carea' id='block_1_32' title="bbox 470 3041 2055 3132">
    <p class='ocr_par' dir='ltr' id='par_1_32' title="bbox 470 3041 2055 3132">
     <span class='ocr_line' id='line_1_32' title="bbox 470 3041 2055 3132; baseline 0.016 -39"><span class='ocrx_word' id='word_1_198' title='bbox 470 3041 739 3097; x_wconf 83' lang='lat' dir='ltr'><strong>crificinm</strong></span> <span class='ocrx_word' id='word_1_199' title='bbox 772 3048 1064 3115; x_wconf 87' lang='lat' dir='ltr'><strong>rationale,</strong></span> <span class='ocrx_word' id='word_1_200' title='bbox 1093 3055 1240 3121; x_wconf 90' lang='lat' dir='ltr'><strong>quod</strong></span> <span class='ocrx_word' id='word_1_201' title='bbox 1283 3072 1472 3111; x_wconf 88' lang='lat' dir='ltr'><strong>verum</strong></span> <span class='ocrx_word' id='word_1_202' title='bbox 1537 3075 1601 3114; x_wconf 92' lang='lat' dir='ltr'><strong>ac</strong></span> <span class='ocrx_word' id='word_1_203' title='bbox 1654 3064 1934 3132; x_wconf 90' lang='lat' dir='ltr'><strong>proprium</strong></span> <span class='ocrx_word' id='word_1_204' title='bbox 1971 3076 2055 3122; x_wconf 88' lang='lat' dir='ltr'><strong>est</strong></span> 
     </span>
    </p>
   </div>
   <div class='ocr_carea' id='block_1_33' title="bbox 2166 592 2892 667">
    <p class='ocr_par' dir='ltr' id='par_1_33' title="bbox 2166 592 2892 667">
     <span class='ocr_line' id='line_1_33' title="bbox 2166 592 2892 667; baseline 0.007 -23"><span class='ocrx_word' id='word_1_205' title='bbox 2166 592 2290 645; x_wconf 82' lang='grc' dir='ltr'>ὅσον</span> <span class='ocrx_word' id='word_1_206' title='bbox 2320 593 2415 645; x_wconf 77' lang='grc' dir='ltr'>ὲπί</span> <span class='ocrx_word' id='word_1_207' title='bbox 2441 595 2508 664; x_wconf 82' lang='grc' dir='ltr'>τῇ</span> <span class='ocrx_word' id='word_1_208' title='bbox 2544 595 2892 667; x_wconf 71' lang='grc' dir='ltr'><strong>προαιρέσει.</strong></span> 
     </span>
    </p>
   </div>
   <div class='ocr_carea' id='block_1_34' title="bbox 2241 775 3775 849">
    <p class='ocr_par' dir='ltr' id='par_1_34' title="bbox 2241 775 3775 849">
     <span class='ocr_line' id='line_1_34' title="bbox 2241 775 3775 849; baseline 0.006 -21"><span class='ocrx_word' id='word_1_209' title='bbox 2241 775 2354 842; x_wconf 86' lang='grc' dir='ltr'><strong>Τὰς</strong></span> <span class='ocrx_word' id='word_1_210' title='bbox 2381 776 2569 845; x_wconf 80' lang='grc' dir='ltr'>εὐχάς</span> <span class='ocrx_word' id='word_1_211' title='bbox 2597 796 2718 846; x_wconf 82' lang='grc' dir='ltr'><strong>μου</strong></span> <span class='ocrx_word' id='word_1_212' title='bbox 2751 777 2831 844; x_wconf 81' lang='grc' dir='ltr'>τῷ</span> <span class='ocrx_word' id='word_1_213' title='bbox 2867 778 3065 849; x_wconf 78' lang='grc' dir='ltr'><strong>Κύρίφ</strong></span> <span class='ocrx_word' id='word_1_214' title='bbox 3088 782 3407 847; x_wconf 81' lang='grc' dir='ltr'>ἀποδώσω,</span> <span class='ocrx_word' id='word_1_215' title='bbox 3465 784 3775 839; x_wconf 72' lang='grc' dir='ltr'><strong>ἐναντίον</strong></span> 
     </span>
    </p>
   </div>
   <div class='ocr_carea' id='block_1_35' title="bbox 2163 869 3770 947">
    <p class='ocr_par' dir='ltr' id='par_1_35' title="bbox 2163 869 3770 947">
     <span class='ocr_line' id='line_1_35' title="bbox 2163 869 3770 947; baseline 0.006 -26"><span class='ocrx_word' id='word_1_216' title='bbox 2163 869 2390 934; x_wconf 76' lang='grc' dir='ltr'>παντὸς</span> <span class='ocrx_word' id='word_1_217' title='bbox 2429 869 2535 923; x_wconf 86' lang='grc' dir='ltr'>τοῦ</span> <span class='ocrx_word' id='word_1_218' title='bbox 2569 870 2746 926; x_wconf 75' lang='grc' dir='ltr'>λαοῦ.</span> <span class='ocrx_word' id='word_1_219' title='bbox 2786 872 2899 936; x_wconf 76' lang='grc' dir='ltr'>Τὰς</span> <span class='ocrx_word' id='word_1_220' title='bbox 2929 873 3273 943; x_wconf 78' lang='grc' dir='ltr'>ὑποσχέσεις,</span> <span class='ocrx_word' id='word_1_221' title='bbox 3302 875 3373 938; x_wconf 76' lang='grc' dir='ltr'>ἃς</span> <span class='ocrx_word' id='word_1_222' title='bbox 3401 875 3770 947; x_wconf 79' lang='grc' dir='ltr'>ὑπεσχόμην,</span> 
     </span>
    </p>
   </div>
   <div class='ocr_carea' id='block_1_36' title="bbox 2166 961 3776 1039">
    <p class='ocr_par' dir='ltr' id='par_1_36' title="bbox 2166 961 3776 1039">
     <span class='ocr_line' id='line_1_36' title="bbox 2166 961 3776 1039; baseline 0.005 -26"><span class='ocrx_word' id='word_1_223' title='bbox 2166 961 2368 1029; x_wconf 78' lang='grc' dir='ltr'>μᾶλλον</span> <span class='ocrx_word' id='word_1_224' title='bbox 2390 961 2467 1026; x_wconf 84' lang='grc' dir='ltr'>δὲ,</span> <span class='ocrx_word' id='word_1_225' title='bbox 2487 963 2615 1026; x_wconf 85' lang='grc' dir='ltr'>ὅσας</span> <span class='ocrx_word' id='word_1_226' title='bbox 2635 963 2976 1035; x_wconf 82' lang='grc' dir='ltr'>ὑπεσχόμην·</span> <span class='ocrx_word' id='word_1_227' title='bbox 3005 965 3126 1018; x_wconf 83' lang='grc' dir='ltr'>ὅσον</span> <span class='ocrx_word' id='word_1_228' title='bbox 3144 964 3300 1019; x_wconf 67' lang='grc' dir='ltr'>οὔπω</span> <span class='ocrx_word' id='word_1_229' title='bbox 3320 967 3392 1034; x_wconf 83' lang='grc' dir='ltr'><strong>γά</strong></span> <span class='ocrx_word' id='word_1_230' title='bbox 3399 985 3432 1038; x_wconf 86' lang='grc' dir='ltr'><strong>ρ</strong></span> <span class='ocrx_word' id='word_1_231' title='bbox 3451 968 3590 1039; x_wconf 81' lang='grc' dir='ltr'><strong>ὲκδη</strong></span> <span class='ocrx_word' id='word_1_232' title='bbox 3599 970 3685 1037; x_wconf 75' lang='grc' dir='ltr'><strong>μή</strong></span> <span class='ocrx_word' id='word_1_233' title='bbox 3697 985 3776 1020; x_wconf 86' lang='grc' dir='ltr'><strong>σω</strong></span> 
     </span>
    </p>
   </div>
   <div class='ocr_carea' id='block_1_37' title="bbox 2160 1053 2722 1125">
    <p class='ocr_par' dir='ltr' id='par_1_37' title="bbox 2160 1053 2722 1125">
     <span class='ocr_line' id='line_1_37' title="bbox 2160 1053 2722 1125; baseline 0.007 -20"><span class='ocrx_word' id='word_1_234' title='bbox 2160 1053 2255 1106; x_wconf 80' lang='grc' dir='ltr'>τοῦ</span> <span class='ocrx_word' id='word_1_235' title='bbox 2287 1053 2557 1125; x_wconf 75' lang='grc' dir='ltr'><strong>παρόντος</strong></span> <span class='ocrx_word' id='word_1_236' title='bbox 2584 1055 2722 1125; x_wconf 88' lang='grc' dir='ltr'>βίου.</span> 
     </span>
    </p>
   </div>
   <div class='ocr_carea' id='block_1_38' title="bbox 2239 1145 3778 1217">
    <p class='ocr_par' dir='ltr' id='par_1_38' title="bbox 2239 1145 3778 1217">
     <span class='ocr_line' id='line_1_38' title="bbox 2239 1145 3778 1217; baseline 0.003 -20"><span class='ocrx_word' id='word_1_237' title='bbox 2239 1145 2436 1213; x_wconf 81' lang='grc' dir='ltr'><strong>Τίμιος</strong></span> <span class='ocrx_word' id='word_1_238' title='bbox 2461 1145 2744 1200; x_wconf 76' lang='grc' dir='ltr'><strong>ἐναντίον</strong></span> <span class='ocrx_word' id='word_1_239' title='bbox 2768 1146 2999 1217; x_wconf 79' lang='grc' dir='ltr'><strong>Κυρίου</strong></span> <span class='ocrx_word' id='word_1_240' title='bbox 3032 1150 3065 1203; x_wconf 84' lang='grc' dir='ltr'><em>δ</em></span> <span class='ocrx_word' id='word_1_241' title='bbox 3101 1148 3365 1217; x_wconf 77' lang='grc' dir='ltr'>θάνατος</span> <span class='ocrx_word' id='word_1_242' title='bbox 3398 1149 3524 1202; x_wconf 75' lang='grc' dir='ltr'><strong>τῶν</strong></span> <span class='ocrx_word' id='word_1_243' title='bbox 3567 1149 3778 1203; x_wconf 74' lang='grc' dir='ltr'>ὁσίων</span> 
     </span>
    </p>
   </div>
   <div class='ocr_carea' id='block_1_39' title="bbox 2163 1235 3776 1312">
    <p class='ocr_par' dir='ltr' id='par_1_39' title="bbox 2163 1235 3776 1312">
     <span class='ocr_line' id='line_1_39' title="bbox 2163 1235 3776 1312; baseline 0.003 -25"><span class='ocrx_word' id='word_1_244' title='bbox 2163 1235 2373 1289; x_wconf 80' lang='grc' dir='ltr'>αὐτοῦ.</span> <span class='ocrx_word' id='word_1_245' title='bbox 2415 1238 2634 1310; x_wconf 88' lang='grc' dir='ltr'>Χαίρω,</span> <span class='ocrx_word' id='word_1_246' title='bbox 2682 1239 2871 1310; x_wconf 77' lang='grc' dir='ltr'>φησὶν,</span> <span class='ocrx_word' id='word_1_247' title='bbox 2932 1241 3336 1312; x_wconf 75' lang='grc' dir='ltr'>ἀποθνήσκωνο</span> <span class='ocrx_word' id='word_1_248' title='bbox 3399 1243 3588 1311; x_wconf 83' lang='grc' dir='ltr'>τίμιος</span> <span class='ocrx_word' id='word_1_249' title='bbox 3654 1243 3776 1310; x_wconf 72' lang='grc' dir='ltr'>γᾶρ</span> 
     </span>
    </p>
   </div>
   <div class='ocr_carea' id='block_1_40' title="bbox 2162 1327 3777 1404">
    <p class='ocr_par' dir='ltr' id='par_1_40' title="bbox 2162 1327 3777 1404">
     <span class='ocr_line' id='line_1_40' title="bbox 2162 1327 3777 1404; baseline 0.007 -26"><span class='ocrx_word' id='word_1_250' title='bbox 2162 1328 2314 1394; x_wconf 87' lang='grc' dir='ltr'><strong>παρά</strong></span> <span class='ocrx_word' id='word_1_251' title='bbox 2346 1327 2467 1399; x_wconf 82' lang='grc' dir='ltr'><strong>Θεῷ</strong></span> <span class='ocrx_word' id='word_1_252' title='bbox 2494 1331 2522 1382; x_wconf 85' lang='grc' dir='ltr'>ὁ</span> <span class='ocrx_word' id='word_1_253' title='bbox 2557 1329 2786 1394; x_wconf 79' lang='grc' dir='ltr'>θάνατος</span> <span class='ocrx_word' id='word_1_254' title='bbox 2817 1331 2929 1385; x_wconf 85' lang='grc' dir='ltr'>τῶν</span> <span class='ocrx_word' id='word_1_255' title='bbox 2965 1331 3302 1402; x_wconf 71' lang='grc' dir='ltr'>ὼσιωμένων</span> <span class='ocrx_word' id='word_1_256' title='bbox 3336 1333 3523 1402; x_wconf 79' lang='grc' dir='ltr'>αὐτῷ’</span> <span class='ocrx_word' id='word_1_257' title='bbox 3559 1335 3612 1386; x_wconf 85' lang='grc' dir='ltr'><strong>εί</strong></span> <span class='ocrx_word' id='word_1_258' title='bbox 3657 1335 3777 1404; x_wconf 83' lang='grc' dir='ltr'>γΞιρ</span> 
     </span>
    </p>
   </div>
   <div class='ocr_carea' id='block_1_41' title="bbox 2163 1421 3778 1497">
    <p class='ocr_par' dir='ltr' id='par_1_41' title="bbox 2163 1421 3778 1497">
     <span class='ocr_line' id='line_1_41' title="bbox 2163 1421 3778 1497; baseline 0.004 -23"><span class='ocrx_word' id='word_1_259' title='bbox 2163 1422 2195 1490; x_wconf 86' lang='grc' dir='ltr'>ὴ</span> <span class='ocrx_word' id='word_1_260' title='bbox 2223 1421 2337 1494; x_wconf 81' lang='grc' dir='ltr'><strong>ζωὴ</strong></span> <span class='ocrx_word' id='word_1_261' title='bbox 2365 1423 2574 1479; x_wconf 82' lang='grc' dir='ltr'>τούτων</span> <span class='ocrx_word' id='word_1_262' title='bbox 2605 1427 2789 1496; x_wconf 88' lang='grc' dir='ltr'>τιμία,</span> <span class='ocrx_word' id='word_1_263' title='bbox 2835 1427 3018 1497; x_wconf 82' lang='grc' dir='ltr'>πολλῷ</span> <span class='ocrx_word' id='word_1_264' title='bbox 3077 1429 3284 1497; x_wconf 79' lang='grc' dir='ltr'>μᾶλλον</span> <span class='ocrx_word' id='word_1_265' title='bbox 3318 1431 3346 1482; x_wconf 84' lang='grc' dir='ltr'>ὁ</span> <span class='ocrx_word' id='word_1_266' title='bbox 3377 1429 3641 1492; x_wconf 83' lang='grc' dir='ltr'>θάνατος,</span> <span class='ocrx_word' id='word_1_267' title='bbox 3694 1428 3778 1490; x_wconf 83' lang='grc' dir='ltr'>ὡς</span> 
     </span>
    </p>
   </div>
   <div class='ocr_carea' id='block_1_42' title="bbox 2162 1516 3774 1591">
    <p class='ocr_par' dir='ltr' id='par_1_42' title="bbox 2162 1516 3774 1591">
     <span class='ocr_line' id='line_1_42' title="bbox 2162 1516 3774 1591; baseline 0.006 -27"><span class='ocrx_word' id='word_1_268' title='bbox 2162 1516 2244 1576; x_wconf 85' lang='grc' dir='ltr'>εἰς</span> <span class='ocrx_word' id='word_1_269' title='bbox 2275 1516 2365 1570; x_wconf 78' lang='grc' dir='ltr'>τὸν</span> <span class='ocrx_word' id='word_1_270' title='bbox 2389 1517 2672 1587; x_wconf 84' lang='grc' dir='ltr'>Δεσπότην</span> <span class='ocrx_word' id='word_1_271' title='bbox 2699 1519 2866 1572; x_wconf 69' lang='grc' dir='ltr'>αὐτὸν</span> <span class='ocrx_word' id='word_1_272' title='bbox 2892 1519 3230 1584; x_wconf 74' lang='grc' dir='ltr'><strong>διαὸιὸάξων</strong></span> <span class='ocrx_word' id='word_1_273' title='bbox 3260 1521 3465 1584; x_wconf 69' lang='grc' dir='ltr'>αὐτοὺς</span> <span class='ocrx_word' id='word_1_274' title='bbox 3493 1521 3774 1591; x_wconf 81' lang='grc' dir='ltr'>τιμωμέ-</span> 
     </span>
    </p>
   </div>
   <div class='ocr_carea' id='block_1_43' title="bbox 2162 1604 3341 1678">
    <p class='ocr_par' dir='ltr' id='par_1_43' title="bbox 2162 1604 3341 1678">
     <span class='ocr_line' id='line_1_43' title="bbox 2162 1604 3341 1678; baseline 0.006 -22"><span class='ocrx_word' id='word_1_275' title='bbox 2162 1620 2289 1666; x_wconf 87' lang='grc' dir='ltr'>νους</span> <span class='ocrx_word' id='word_1_276' title='bbox 2336 1604 2425 1658; x_wconf 76' lang='grc' dir='ltr'><strong>διὰ</strong></span> <span class='ocrx_word' id='word_1_277' title='bbox 2459 1606 2803 1677; x_wconf 80' lang='grc' dir='ltr'><strong>προπομπῆς</strong></span> <span class='ocrx_word' id='word_1_278' title='bbox 2859 1608 3034 1676; x_wconf 80' lang='grc' dir='ltr'>ἁγίων</span> <span class='ocrx_word' id='word_1_279' title='bbox 3064 1609 3341 1678; x_wconf 79' lang='grc' dir='ltr'>ἀγγέλων.</span> 
     </span>
    </p>
   </div>
   <div class='ocr_carea' id='block_1_44' title="bbox 2231 1787 3780 1867">
    <p class='ocr_par' dir='ltr' id='par_1_44' title="bbox 2231 1787 3780 1867">
     <span class='ocr_line' id='line_1_44' title="bbox 2231 1787 3780 1867; baseline 0.001 -21"><span class='ocrx_word' id='word_1_280' title='bbox 2231 1787 2307 1846; x_wconf 69' lang='grc' dir='ltr'><strong><em>Ὠ</em></strong></span> <span class='ocrx_word' id='word_1_281' title='bbox 2328 1792 2527 1859; x_wconf 81' lang='grc' dir='ltr'>Κύριε,</span> <span class='ocrx_word' id='word_1_282' title='bbox 2560 1791 2676 1862; x_wconf 69' lang='grc' dir='ltr'><strong>ἐγὼ</strong></span> <span class='ocrx_word' id='word_1_283' title='bbox 2703 1793 2930 1860; x_wconf 80' lang='grc' dir='ltr'>δοῦλος</span> <span class='ocrx_word' id='word_1_284' title='bbox 2968 1797 3103 1862; x_wconf 87' lang='grc' dir='ltr'>σός.</span> <span class='ocrx_word' id='word_1_285' title='bbox 3124 1795 3458 1867; x_wconf 84' lang='grc' dir='ltr'>Ὠσιωμένος</span> <span class='ocrx_word' id='word_1_286' title='bbox 3486 1797 3604 1862; x_wconf 77' lang='grc' dir='ltr'>σοὶ,</span> <span class='ocrx_word' id='word_1_287' title='bbox 3625 1799 3780 1850; x_wconf 82' lang='grc' dir='ltr'>ἀνα-</span> 
     </span>
    </p>
   </div>
   <div class='ocr_carea' id='block_1_45' title="bbox 2163 1883 2956 1957">
    <p class='ocr_par' dir='ltr' id='par_1_45' title="bbox 2163 1883 2956 1957">
     <span class='ocr_line' id='line_1_45' title="bbox 2163 1883 2956 1957; baseline 0.008 -22"><span class='ocrx_word' id='word_1_288' title='bbox 2163 1883 2418 1952; x_wconf 83' lang='grc' dir='ltr'><strong>κείμενος</strong></span> <span class='ocrx_word' id='word_1_289' title='bbox 2444 1887 2512 1955; x_wconf 77' lang='grc' dir='ltr'>τῇ</span> <span class='ocrx_word' id='word_1_290' title='bbox 2542 1887 2609 1954; x_wconf 76' lang='grc' dir='ltr'>σῇ</span> <span class='ocrx_word' id='word_1_291' title='bbox 2639 1885 2956 1957; x_wconf 76' lang='grc' dir='ltr'>δεσποτεία.</span> 
     </span>
    </p>
   </div>
   <div class='ocr_carea' id='block_1_46' title="bbox 2246 1976 3779 2048">
    <p class='ocr_par' dir='ltr' id='par_1_46' title="bbox 2246 1976 3779 2048">
     <span class='ocr_line' id='line_1_46' title="bbox 2246 1976 3779 2048; baseline 0.003 -18"><span class='ocrx_word' id='word_1_292' title='bbox 2246 1976 2394 2046; x_wconf 76' lang='grc' dir='ltr'>Ἐγὼ</span> <span class='ocrx_word' id='word_1_293' title='bbox 2431 1977 2655 2044; x_wconf 73' lang='grc' dir='ltr'>δοῦλος</span> <span class='ocrx_word' id='word_1_294' title='bbox 2693 1979 2832 2044; x_wconf 84' lang='grc' dir='ltr'>σὸς,</span> <span class='ocrx_word' id='word_1_295' title='bbox 2862 1979 2963 2032; x_wconf 77' lang='grc' dir='ltr'><strong>καὶ</strong></span> <span class='ocrx_word' id='word_1_296' title='bbox 3023 1979 3158 2046; x_wconf 83' lang='grc' dir='ltr'>υίὸς</span> <span class='ocrx_word' id='word_1_297' title='bbox 3243 1981 3357 2048; x_wconf 82' lang='grc' dir='ltr'>τῆς</span> <span class='ocrx_word' id='word_1_298' title='bbox 3421 1980 3779 2046; x_wconf 69' lang='grc' dir='ltr'>παιδίσκης</span> 
     </span>
    </p>
   </div>
   <div class='ocr_carea' id='block_1_47' title="bbox 2162 2069 3776 2144">
    <p class='ocr_par' dir='ltr' id='par_1_47' title="bbox 2162 2069 3776 2144">
     <span class='ocr_line' id='line_1_47' title="bbox 2162 2069 3776 2144; baseline 0.001 -21"><span class='ocrx_word' id='word_1_299' title='bbox 2162 2087 2301 2124; x_wconf 90' lang='grc' dir='ltr'>σου.</span> <span class='ocrx_word' id='word_1_300' title='bbox 2340 2069 2753 2140; x_wconf 84' lang='grc' dir='ltr'>Ἐδιττολόγησε</span> <span class='ocrx_word' id='word_1_301' title='bbox 2791 2070 2890 2142; x_wconf 83' lang='grc' dir='ltr'><strong>μὲν</strong></span> <span class='ocrx_word' id='word_1_302' title='bbox 2917 2072 3226 2141; x_wconf 77' lang='grc' dir='ltr'>ἐμφαίνων,</span> <span class='ocrx_word' id='word_1_303' title='bbox 3251 2074 3335 2126; x_wconf 84' lang='grc' dir='ltr'>ὅτι</span> <span class='ocrx_word' id='word_1_304' title='bbox 3360 2073 3549 2144; x_wconf 84' lang='grc' dir='ltr'>χαίρει</span> <span class='ocrx_word' id='word_1_305' title='bbox 3593 2073 3776 2126; x_wconf 72' lang='grc' dir='ltr'>τοῦτο</span> 
     </span>
    </p>
   </div>
   <div class='ocr_carea' id='block_1_48' title="bbox 2163 2161 3774 2233">
    <p class='ocr_par' dir='ltr' id='par_1_48' title="bbox 2163 2161 3774 2233">
     <span class='ocr_line' id='line_1_48' title="bbox 2163 2161 3774 2233; baseline 0.001 -18"><span class='ocrx_word' id='word_1_306' title='bbox 2163 2161 2520 2231; x_wconf 83' lang='grc' dir='ltr'>καλούμενος,</span> <span class='ocrx_word' id='word_1_307' title='bbox 2558 2163 2653 2216; x_wconf 78' lang='grc' dir='ltr'>καὶ</span> <span class='ocrx_word' id='word_1_308' title='bbox 2685 2163 3138 2233; x_wconf 82' lang='grc' dir='ltr'>ἀνεπαισχὺντως</span> <span class='ocrx_word' id='word_1_309' title='bbox 3158 2164 3414 2232; x_wconf 82' lang='grc' dir='ltr'>ὁμολογεῖ</span> <span class='ocrx_word' id='word_1_310' title='bbox 3443 2165 3632 2228; x_wconf 77' lang='grc' dir='ltr'>τοῦτο,</span> <span class='ocrx_word' id='word_1_311' title='bbox 3663 2165 3774 2216; x_wconf 75' lang='grc' dir='ltr'><strong>καὶ</strong></span> 
     </span>
    </p>
   </div>
   <div class='ocr_carea' id='block_1_49' title="bbox 2162 2254 3772 2325">
    <p class='ocr_par' dir='ltr' id='par_1_49' title="bbox 2162 2254 3772 2325">
     <span class='ocr_line' id='line_1_49' title="bbox 2162 2254 3772 2325; baseline 0.002 -19"><span class='ocrx_word' id='word_1_312' title='bbox 2162 2255 2458 2323; x_wconf 76' lang='grc' dir='ltr'>κηρύσσειο</span> <span class='ocrx_word' id='word_1_313' title='bbox 2491 2255 2624 2321; x_wconf 85' lang='grc' dir='ltr'><strong>Υιὸς</strong></span> <span class='ocrx_word' id='word_1_314' title='bbox 2638 2255 2718 2318; x_wconf 81' lang='grc' dir='ltr'><strong>δὲ,</strong></span> <span class='ocrx_word' id='word_1_315' title='bbox 2738 2256 2894 2325; x_wconf 67' lang='grc' dir='ltr'>φησι,</span> <span class='ocrx_word' id='word_1_316' title='bbox 2920 2254 3032 2324; x_wconf 78' lang='grc' dir='ltr'>τῆς</span> <span class='ocrx_word' id='word_1_317' title='bbox 3058 2255 3389 2322; x_wconf 77' lang='grc' dir='ltr'><strong>παιδίσκης</strong></span> <span class='ocrx_word' id='word_1_318' title='bbox 3404 2270 3544 2316; x_wconf 86' lang='grc' dir='ltr'>σου,</span> <span class='ocrx_word' id='word_1_319' title='bbox 3577 2255 3772 2325; x_wconf 69' lang='grc' dir='ltr'><strong>δηλῶν</strong></span> 
     </span>
    </p>
   </div>
   <div class='ocr_carea' id='block_1_50' title="bbox 2160 2345 3770 2418">
    <p class='ocr_par' dir='ltr' id='par_1_50' title="bbox 2160 2345 3770 2418">
     <span class='ocr_line' id='line_1_50' title="bbox 2160 2345 3770 2418; baseline 0.002 -20"><span class='ocrx_word' id='word_1_320' title='bbox 2160 2345 2243 2398; x_wconf 84' lang='grc' dir='ltr'>ὅτι</span> <span class='ocrx_word' id='word_1_321' title='bbox 2277 2347 2340 2398; x_wconf 82' lang='grc' dir='ltr'>ὲκ</span> <span class='ocrx_word' id='word_1_322' title='bbox 2394 2345 2676 2416; x_wconf 88' lang='grc' dir='ltr'>προγόνων</span> <span class='ocrx_word' id='word_1_323' title='bbox 2724 2346 2913 2412; x_wconf 82' lang='grc' dir='ltr'>δοῦλός</span> <span class='ocrx_word' id='word_1_324' title='bbox 2938 2347 3055 2401; x_wconf 74' lang='grc' dir='ltr'>ἐστι</span> <span class='ocrx_word' id='word_1_325' title='bbox 3086 2347 3182 2401; x_wconf 81' lang='grc' dir='ltr'>τοῦ</span> <span class='ocrx_word' id='word_1_326' title='bbox 3214 2348 3372 2412; x_wconf 77' lang='grc' dir='ltr'>Θεοῦ,</span> <span class='ocrx_word' id='word_1_327' title='bbox 3405 2348 3770 2418; x_wconf 69' lang='grc' dir='ltr'>Ἀδιαερόρως</span> 
     </span>
    </p>
   </div>
   <div class='ocr_carea' id='block_1_51' title="bbox 2159 2436 3771 2514">
    <p class='ocr_par' dir='ltr' id='par_1_51' title="bbox 2159 2436 3771 2514">
     <span class='ocr_line' id='line_1_51' title="bbox 2159 2436 3771 2514; baseline 0.002 -24"><span class='ocrx_word' id='word_1_328' title='bbox 2159 2436 2217 2490; x_wconf 87' lang='grc' dir='ltr'><strong>δὲ</strong></span> <span class='ocrx_word' id='word_1_329' title='bbox 2243 2437 2341 2506; x_wconf 85' lang='grc' dir='ltr'>τῆς</span> <span class='ocrx_word' id='word_1_330' title='bbox 2371 2436 2575 2506; x_wconf 73' lang='grc' dir='ltr'>μητρδς</span> <span class='ocrx_word' id='word_1_331' title='bbox 2604 2437 2766 2507; x_wconf 89' lang='grc' dir='ltr'>μόνον</span> <span class='ocrx_word' id='word_1_332' title='bbox 2794 2438 3228 2509; x_wconf 61' lang='grc' dir='ltr'>ἐμνημόνευσεν</span> <span class='ocrx_word' id='word_1_333' title='bbox 3264 2439 3297 2507; x_wconf 79' lang='grc' dir='ltr'>ἢ</span> <span class='ocrx_word' id='word_1_334' title='bbox 3329 2440 3423 2493; x_wconf 75' lang='grc' dir='ltr'><strong>καὶ</strong></span> <span class='ocrx_word' id='word_1_335' title='bbox 3451 2441 3616 2503; x_wconf 85' lang='grc' dir='ltr'>διότι,</span> <span class='ocrx_word' id='word_1_336' title='bbox 3634 2444 3771 2514; x_wconf 78' lang='grc' dir='ltr'>τότε</span> 
     </span>
    </p>
   </div>
   <div class='ocr_carea' id='block_1_52' title="bbox 2159 2529 3767 2604">
    <p class='ocr_par' dir='ltr' id='par_1_52' title="bbox 2159 2529 3767 2604">
     <span class='ocr_line' id='line_1_52' title="bbox 2159 2529 3767 2604; baseline 0.004 -25"><span class='ocrx_word' id='word_1_337' title='bbox 2159 2529 2228 2580; x_wconf 86' lang='grc' dir='ltr'>τὰ</span> <span class='ocrx_word' id='word_1_338' title='bbox 2269 2529 2333 2580; x_wconf 76' lang='grc' dir='ltr'>ἐκ</span> <span class='ocrx_word' id='word_1_339' title='bbox 2377 2529 2485 2580; x_wconf 82' lang='grc' dir='ltr'><strong>τῶν</strong></span> <span class='ocrx_word' id='word_1_340' title='bbox 2509 2529 2913 2599; x_wconf 82' lang='grc' dir='ltr'>θεραπαινίδων</span> <span class='ocrx_word' id='word_1_341' title='bbox 2942 2533 3219 2602; x_wconf 79' lang='grc' dir='ltr'>οἱκογενῆ,</span> <span class='ocrx_word' id='word_1_342' title='bbox 3277 2533 3586 2604; x_wconf 75' lang='grc' dir='ltr'>τιμιώτερα</span> <span class='ocrx_word' id='word_1_343' title='bbox 3640 2536 3767 2596; x_wconf 81' lang='grc' dir='ltr'>τοῖς</span> 
     </span>
    </p>
   </div>
   <div class='ocr_carea' id='block_1_53' title="bbox 2160 2614 2644 2688">
    <p class='ocr_par' dir='ltr' id='par_1_53' title="bbox 2160 2614 2644 2688">
     <span class='ocr_line' id='line_1_53' title="bbox 2160 2614 2644 2688; baseline 0.006 -18"><span class='ocrx_word' id='word_1_344' title='bbox 2160 2619 2454 2681; x_wconf 81' lang='grc' dir='ltr'><strong>δεσπόταις</strong></span> <span class='ocrx_word' id='word_1_345' title='bbox 2479 2614 2644 2688; x_wconf 75' lang='grc' dir='ltr'>ἦσαν.</span> 
     </span>
    </p>
   </div>
   <div class='ocr_carea' id='block_1_54' title="bbox 2230 2709 3766 2784">
    <p class='ocr_par' dir='ltr' id='par_1_54' title="bbox 2230 2709 3766 2784">
     <span class='ocr_line' id='line_1_54' title="bbox 2230 2709 3766 2784; baseline 0.004 -22"><span class='ocrx_word' id='word_1_346' title='bbox 2230 2709 2555 2778; x_wconf 76' lang='grc' dir='ltr'><strong>Διέῤῥηξας</strong></span> <span class='ocrx_word' id='word_1_347' title='bbox 2601 2710 2747 2777; x_wconf 83' lang='grc' dir='ltr'>τοὺς</span> <span class='ocrx_word' id='word_1_348' title='bbox 2798 2711 3065 2783; x_wconf 84' lang='grc' dir='ltr'>δεσμούς</span> <span class='ocrx_word' id='word_1_349' title='bbox 3095 2731 3240 2782; x_wconf 87' lang='grc' dir='ltr'>μου.</span> <span class='ocrx_word' id='word_1_350' title='bbox 3303 2712 3442 2776; x_wconf 74' lang='grc' dir='ltr'>Τοὺς</span> <span class='ocrx_word' id='word_1_351' title='bbox 3497 2714 3610 2768; x_wconf 83' lang='grc' dir='ltr'>ἁπδ</span> <span class='ocrx_word' id='word_1_352' title='bbox 3655 2715 3766 2784; x_wconf 80' lang='grc' dir='ltr'>τῆς</span> 
     </span>
    </p>
   </div>
   <div class='ocr_carea' id='block_1_55' title="bbox 2161 2801 3241 2876">
    <p class='ocr_par' dir='ltr' id='par_1_55' title="bbox 2161 2801 3241 2876">
     <span class='ocr_line' id='line_1_55' title="bbox 2161 2801 3241 2876; baseline 0.005 -20"><span class='ocrx_word' id='word_1_353' title='bbox 2161 2802 2463 2875; x_wconf 82' lang='grc' dir='ltr'>ἁμαρτίας,</span> <span class='ocrx_word' id='word_1_354' title='bbox 2504 2801 2582 2874; x_wconf 80' lang='grc' dir='ltr'>τῷ</span> <span class='ocrx_word' id='word_1_355' title='bbox 2618 2803 2890 2875; x_wconf 81' lang='grc' dir='ltr'>ξίφειτῆς</span> <span class='ocrx_word' id='word_1_356' title='bbox 2926 2807 3241 2876; x_wconf 78' lang='grc' dir='ltr'>μετανοίας.</span> 
     </span>
    </p>
   </div>
   <div class='ocr_carea' id='block_1_56' title="bbox 2235 2981 3758 3051">
    <p class='ocr_par' dir='ltr' id='par_1_56' title="bbox 2235 2981 3758 3051">
     <span class='ocr_line' id='line_1_56' title="bbox 2235 2981 3758 3051; baseline 0.001 -16"><span class='ocrx_word' id='word_1_357' title='bbox 2235 2981 2337 3035; x_wconf 77' lang='grc' dir='ltr'><strong>Σοὶ</strong></span> <span class='ocrx_word' id='word_1_358' title='bbox 2371 2981 2538 3035; x_wconf 82' lang='grc' dir='ltr'><strong>θύσω</strong></span> <span class='ocrx_word' id='word_1_359' title='bbox 2583 2982 2810 3036; x_wconf 83' lang='grc' dir='ltr'><strong>θυσίαν</strong></span> <span class='ocrx_word' id='word_1_360' title='bbox 2874 2984 3190 3049; x_wconf 76' lang='grc' dir='ltr'>αἰνέσεως.</span> <span class='ocrx_word' id='word_1_361' title='bbox 3245 2982 3448 3036; x_wconf 80' lang='grc' dir='ltr'>Θυσίαν</span> <span class='ocrx_word' id='word_1_362' title='bbox 3495 2984 3758 3051; x_wconf 76' lang='grc' dir='ltr'>λογικὴν,</span> 
     </span>
    </p>
   </div>
   <div class='ocr_carea' id='block_1_57' title="bbox 2161 3074 3761 3147">
    <p class='ocr_par' dir='ltr' id='par_1_57' title="bbox 2161 3074 3761 3147">
     <span class='ocr_line' id='line_1_57' title="bbox 2161 3074 3761 3147; baseline 0.002 -20"><span class='ocrx_word' id='word_1_363' title='bbox 2161 3074 2355 3128; x_wconf 79' lang='grc' dir='ltr'>θυσίαν</span> <span class='ocrx_word' id='word_1_364' title='bbox 2401 3075 2684 3138; x_wconf 76' lang='grc' dir='ltr'>αἰνέσεως,</span> <span class='ocrx_word' id='word_1_365' title='bbox 2733 3077 3056 3146; x_wconf 82' lang='grc' dir='ltr'>γεννήματα</span> <span class='ocrx_word' id='word_1_366' title='bbox 3101 3075 3202 3144; x_wconf 82' lang='grc' dir='ltr'>τῆς</span> <span class='ocrx_word' id='word_1_367' title='bbox 3233 3077 3374 3147; x_wconf 77' lang='grc' dir='ltr'><strong>ἐμῆς</strong></span> <span class='ocrx_word' id='word_1_368' title='bbox 3397 3076 3634 3141; x_wconf 82' lang='grc' dir='ltr'>κοιλίας,</span> <span class='ocrx_word' id='word_1_369' title='bbox 3666 3078 3761 3130; x_wconf 72' lang='grc' dir='ltr'>σοὶ</span> 
     </span>
    </p>
   </div>
   <div class='ocr_carea' id='block_1_58' title="bbox 471 3137 2052 3238">
    <p class='ocr_par' dir='ltr' id='par_1_58' title="bbox 471 3137 2052 3218">
     <span class='ocr_line' id='line_1_58' title="bbox 471 3137 2052 3218; baseline 0.017 -31"><span class='ocrx_word' id='word_1_370' title='bbox 471 3137 829 3202; x_wconf 89' lang='lat' dir='ltr'><strong>sacrificium,</strong></span> <span class='ocrx_word' id='word_1_371' title='bbox 866 3141 1122 3213; x_wconf 80' lang='lat' dir='ltr'><strong>fetusque</strong></span> <span class='ocrx_word' id='word_1_372' title='bbox 1154 3162 1217 3199; x_wconf 87' lang='lat' dir='ltr'><strong>ac</strong></span> <span class='ocrx_word' id='word_1_373' title='bbox 1245 3163 1470 3215; x_wconf 83' lang='lat' dir='ltr'><strong>germen</strong></span> <span class='ocrx_word' id='word_1_374' title='bbox 1503 3154 1810 3218; x_wconf 87' lang='lat' dir='ltr'><strong>spiritualis</strong></span> <span class='ocrx_word' id='word_1_375' title='bbox 1842 3160 2052 3214; x_wconf 86' lang='lat' dir='ltr'><strong>ventris</strong></span> 
     </span>
    </p>
   </div>
   <div class='ocr_carea' id='block_1_59' title="bbox 2168 3137 3642 3238">
    <p class='ocr_par' dir='ltr' id='par_1_59' title="bbox 2168 3137 3642 3238">
     <span class='ocr_line' id='line_1_59' title="bbox 2168 3137 3642 3238; baseline 0.007 -24"><span class='ocrx_word' id='word_1_376' title='bbox 2168 3159 2333 3226; x_wconf 69' lang='grc' dir='ltr'>θύσω,</span> <span class='ocrx_word' id='word_1_377' title='bbox 2362 3162 2456 3216; x_wconf 74' lang='grc' dir='ltr'><strong>ἐπὶ</strong></span> <span class='ocrx_word' id='word_1_378' title='bbox 2476 3163 2569 3215; x_wconf 82' lang='grc' dir='ltr'>τοῦ</span> <span class='ocrx_word' id='word_1_379' title='bbox 2611 3137 3004 3236; x_wconf 67' lang='grc' dir='ltr'>θυσιαστηρίου</span> <span class='ocrx_word' id='word_1_380' title='bbox 3037 3165 3138 3236; x_wconf 76' lang='grc' dir='ltr'>τῆς</span> <span class='ocrx_word' id='word_1_381' title='bbox 3162 3137 3403 3237; x_wconf 63' lang='grc' dir='ltr'>εμαυτοῦ</span> <span class='ocrx_word' id='word_1_382' title='bbox 3437 3137 3642 3238; x_wconf 70' lang='grc' dir='ltr'>ψυχῆς.</span> 
     </span>
    </p>
   </div>
   <div class='ocr_carea' id='block_1_60' title="bbox 473 3226 2048 3304">
    <p class='ocr_par' dir='ltr' id='par_1_60' title="bbox 473 3226 2048 3304">
     <span class='ocr_line' id='line_1_60' title="bbox 473 3226 2048 3304; baseline 0.019 -29"><span class='ocrx_word' id='word_1_383' title='bbox 473 3226 597 3278; x_wconf 88' lang='lat' dir='ltr'><strong>mei.</strong></span> <span class='ocrx_word' id='word_1_384' title='bbox 635 3227 806 3289; x_wconf 82' lang='lat' dir='ltr'><strong>lianc,</strong></span> <span class='ocrx_word' id='word_1_385' title='bbox 839 3231 1086 3299; x_wconf 88' lang='lat' dir='ltr'><strong>inquam,</strong></span> <span class='ocrx_word' id='word_1_386' title='bbox 1118 3235 1352 3291; x_wconf 80' lang='lat' dir='ltr'><strong>hostiam</strong></span> <span class='ocrx_word' id='word_1_387' title='bbox 1382 3240 1559 3297; x_wconf 88' lang='lat' dir='ltr'><strong>laudis</strong></span> <span class='ocrx_word' id='word_1_388' title='bbox 1594 3244 1689 3297; x_wconf 92' lang='lat' dir='ltr'><strong>tibi</strong></span> <span class='ocrx_word' id='word_1_389' title='bbox 1720 3248 2048 3304; x_wconf 82' lang='lat' dir='ltr'><strong>sacriﬁcabo</strong></span> 
     </span>
    </p>
   </div>
   <div class='ocr_carea' id='block_1_61' title="bbox 471 3312 1148 3379">
    <p class='ocr_par' dir='ltr' id='par_1_61' title="bbox 471 3312 1148 3379">
     <span class='ocr_line' id='line_1_61' title="bbox 471 3312 1148 3379; baseline 0.018 -13"><span class='ocrx_word' id='word_1_390' title='bbox 471 3312 526 3368; x_wconf 85' lang='lat' dir='ltr'><strong>in</strong></span> <span class='ocrx_word' id='word_1_391' title='bbox 557 3315 711 3369; x_wconf 91' lang='lat' dir='ltr'><strong>altari</strong></span> <span class='ocrx_word' id='word_1_392' title='bbox 746 3319 948 3374; x_wconf 66' lang='lat' dir='ltr'><strong>animae</strong></span> <span class='ocrx_word' id='word_1_393' title='bbox 993 3339 1148 3379; x_wconf 64' lang='lat' dir='ltr'><strong>meae.</strong></span> 
     </span>
    </p>
   </div>
   <div class='ocr_carea' id='block_1_62' title="bbox 551 3405 2056 3487">
    <p class='ocr_par' dir='ltr' id='par_1_62' title="bbox 551 3405 2056 3487">
     <span class='ocr_line' id='line_1_62' title="bbox 551 3405 2056 3487; baseline 0.02 -29"><span class='ocrx_word' id='word_1_394' title='bbox 551 3405 620 3459; x_wconf 84' lang='lat' dir='ltr'><strong>Et</strong></span> <span class='ocrx_word' id='word_1_395' title='bbox 650 3409 705 3460; x_wconf 91' lang='lat' dir='ltr'><strong>in</strong></span> <span class='ocrx_word' id='word_1_396' title='bbox 734 3414 946 3466; x_wconf 80' lang='lat' dir='ltr'><strong>nomine</strong></span> <span class='ocrx_word' id='word_1_397' title='bbox 985 3413 1200 3470; x_wconf 84' lang='lat' dir='ltr'><strong>Domini</strong></span> <span class='ocrx_word' id='word_1_398' title='bbox 1234 3419 1506 3478; x_wconf 79' lang='lat' dir='ltr'><strong>invocabo.</strong></span> <span class='ocrx_word' id='word_1_399' title='bbox 1543 3424 1609 3478; x_wconf 89' lang='lat' dir='ltr'><strong>Et</strong></span> <span class='ocrx_word' id='word_1_400' title='bbox 1645 3428 1915 3484; x_wconf 88' lang='lat' dir='ltr'><strong>invocabo</strong></span> <span class='ocrx_word' id='word_1_401' title='bbox 1949 3447 2056 3487; x_wconf 83' lang='lat' dir='ltr'><strong>no-</strong></span> 
     </span>
    </p>
   </div>
   <div class='ocr_carea' id='block_1_63' title="bbox 473 3496 2058 3587">
    <p class='ocr_par' dir='ltr' id='par_1_63' title="bbox 473 3496 2058 3587">
     <span class='ocr_line' id='line_1_63' title="bbox 473 3496 2058 3587; baseline 0.021 -43"><span class='ocrx_word' id='word_1_402' title='bbox 473 3511 597 3549; x_wconf 87' lang='lat' dir='ltr'><strong>men</strong></span> <span class='ocrx_word' id='word_1_403' title='bbox 629 3496 846 3555; x_wconf 86' lang='lat' dir='ltr'><strong>Domini</strong></span> <span class='ocrx_word' id='word_1_404' title='bbox 884 3503 936 3556; x_wconf 93' lang='lat' dir='ltr'><strong>in</strong></span> <span class='ocrx_word' id='word_1_405' title='bbox 970 3507 1542 3568; x_wconf 83' lang='lat' dir='ltr'><strong>subministrationem</strong></span> <span class='ocrx_word' id='word_1_406' title='bbox 1566 3555 1581 3579; x_wconf 95' lang='lat'><strong>,</strong></span> <span class='ocrx_word' id='word_1_407' title='bbox 1621 3524 1784 3587; x_wconf 86' lang='lat' dir='ltr'><strong>atque</strong></span> <span class='ocrx_word' id='word_1_408' title='bbox 1813 3520 1865 3574; x_wconf 89' lang='lat' dir='ltr'><strong>in</strong></span> <span class='ocrx_word' id='word_1_409' title='bbox 1896 3522 2058 3576; x_wconf 77' lang='lat' dir='ltr'><strong>auxi-</strong></span> 
     </span>
    </p>
   </div>
   <div class='ocr_carea' id='block_1_64' title="bbox 471 3587 1128 3659">
    <p class='ocr_par' dir='ltr' id='par_1_64' title="bbox 471 3587 1128 3659">
     <span class='ocr_line' id='line_1_64' title="bbox 471 3587 1128 3659; baseline 0.021 -21"><span class='ocrx_word' id='word_1_410' title='bbox 471 3587 604 3640; x_wconf 89' lang='lat' dir='ltr'><strong>lium</strong></span> <span class='ocrx_word' id='word_1_411' title='bbox 647 3591 811 3659; x_wconf 88' lang='lat' dir='ltr'><strong>hujus</strong></span> <span class='ocrx_word' id='word_1_412' title='bbox 847 3597 1128 3653; x_wconf 82' lang='lat' dir='ltr'><strong>sacrificii.</strong></span> 
     </span>
    </p>
   </div>
   <div class='ocr_carea' id='block_1_65' title="bbox 537 3679 2060 3762">
    <p class='ocr_par' dir='ltr' id='par_1_65' title="bbox 537 3679 2060 3762">
     <span class='ocr_line' id='line_1_65' title="bbox 537 3679 2060 3762; baseline 0.016 -27"><span class='ocrx_word' id='word_1_413' title='bbox 537 3679 699 3739; x_wconf 72' lang='lat' dir='ltr'><strong>Vens.</strong></span> <span class='ocrx_word' id='word_1_414' title='bbox 738 3686 823 3740; x_wconf 83' lang='grc'><strong>18.</strong></span> <span class='ocrx_word' id='word_1_415' title='bbox 867 3687 1000 3744; x_wconf 81' lang='lat' dir='ltr'><strong>Vota</strong></span> <span class='ocrx_word' id='word_1_416' title='bbox 1029 3707 1142 3746; x_wconf 82' lang='lat' dir='ltr'><strong>mea</strong></span> <span class='ocrx_word' id='word_1_417' title='bbox 1179 3693 1404 3751; x_wconf 90' lang='lat' dir='ltr'><strong>Domino</strong></span> <span class='ocrx_word' id='word_1_418' title='bbox 1437 3699 1675 3762; x_wconf 86' lang='lat' dir='ltr'><strong>reddam.</strong></span> <span class='ocrx_word' id='word_1_419' title='bbox 1704 3717 1882 3758; x_wconf 85' lang='lat' dir='ltr'><strong>coram</strong></span> <span class='ocrx_word' id='word_1_420' title='bbox 1915 3708 2060 3760; x_wconf 88' lang='lat' dir='ltr'><strong>omni</strong></span> 
     </span>
    </p>
   </div>
   <div class='ocr_carea' id='block_1_66' title="bbox 470 3775 2056 3863">
    <p class='ocr_par' dir='ltr' id='par_1_66' title="bbox 470 3775 2056 3863">
     <span class='ocr_line' id='line_1_66' title="bbox 470 3775 2056 3863; baseline 0.019 -39"><span class='ocrx_word' id='word_1_421' title='bbox 470 3775 666 3842; x_wconf 75' lang='lat' dir='ltr'><strong>populo</strong></span> <span class='ocrx_word' id='word_1_422' title='bbox 709 3778 851 3845; x_wconf 82' lang='lat' dir='ltr'><strong>ejus.</strong></span> <span class='ocrx_word' id='word_1_423' title='bbox 906 3782 1124 3851; x_wconf 84' lang='lat' dir='ltr'><strong>Repetit</strong></span> <span class='ocrx_word' id='word_1_424' title='bbox 1161 3788 1326 3842; x_wconf 90' lang='lat' dir='ltr'><strong>verba</strong></span> <span class='ocrx_word' id='word_1_425' title='bbox 1376 3792 1540 3858; x_wconf 91' lang='lat' dir='ltr'><strong>paulo</strong></span> <span class='ocrx_word' id='word_1_426' title='bbox 1587 3802 1713 3848; x_wconf 89' lang='lat' dir='ltr'><strong>ante</strong></span> <span class='ocrx_word' id='word_1_427' title='bbox 1759 3796 1930 3863; x_wconf 91' lang='lat' dir='ltr'><strong>dicta,</strong></span> <span class='ocrx_word' id='word_1_428' title='bbox 1986 3799 2056 3853; x_wconf 87' lang='lat' dir='ltr'><strong>ad</strong></span> 
     </span>
    </p>
   </div>
   <div class='ocr_carea' id='block_1_67' title="bbox 467 3863 1698 3938">
    <p class='ocr_par' dir='ltr' id='par_1_67' title="bbox 467 3863 1698 3938">
     <span class='ocr_line' id='line_1_67' title="bbox 467 3863 1698 3938; baseline 0.019 -24"><span class='ocrx_word' id='word_1_429' title='bbox 467 3863 730 3932; x_wconf 78' lang='lat' dir='ltr'><strong>majorem</strong></span> <span class='ocrx_word' id='word_1_430' title='bbox 768 3873 1043 3926; x_wconf 90' lang='lat' dir='ltr'><strong>sermonis</strong></span> <span class='ocrx_word' id='word_1_431' title='bbox 1074 3875 1160 3936; x_wconf 83' lang='lat' dir='ltr'><strong>sui</strong></span> <span class='ocrx_word' id='word_1_432' title='bbox 1196 3878 1698 3938; x_wconf 83' lang='lat' dir='ltr'><strong>confirmationem.</strong></span> 
     </span>
    </p>
   </div>
   <div class='ocr_carea' id='block_1_68' title="bbox 541 3953 2052 4041">
    <p class='ocr_par' dir='ltr' id='par_1_68' title="bbox 541 3953 2052 4041">
     <span class='ocr_line' id='line_1_68' title="bbox 541 3953 2052 4041; baseline 0.018 -31"><span class='ocrx_word' id='word_1_433' title='bbox 541 3953 608 4011; x_wconf 88' lang='lat' dir='ltr'><strong>In</strong></span> <span class='ocrx_word' id='word_1_434' title='bbox 642 3958 781 4015; x_wconf 82' lang='lat' dir='ltr'><strong>aulis</strong></span> <span class='ocrx_word' id='word_1_435' title='bbox 813 3961 1004 4019; x_wconf 85' lang='lat' dir='ltr'><strong>domus</strong></span> <span class='ocrx_word' id='word_1_436' title='bbox 1044 3965 1278 4029; x_wconf 87' lang='lat' dir='ltr'><strong>Domini.</strong></span> <span class='ocrx_word' id='word_1_437' title='bbox 1311 3971 1364 4024; x_wconf 85' lang='lat' dir='ltr'><strong>in</strong></span> <span class='ocrx_word' id='word_1_438' title='bbox 1399 3974 1569 4027; x_wconf 84' lang='lat' dir='ltr'><strong>medio</strong></span> <span class='ocrx_word' id='word_1_439' title='bbox 1600 3976 1698 4041; x_wconf 86' lang='lat' dir='ltr'><strong>tui,</strong></span> <span class='ocrx_word' id='word_1_440' title='bbox 1727 3977 2052 4039; x_wconf 83' lang='lat' dir='ltr'><strong>Jerusalem.</strong></span> 
     </span>
    </p>
   </div>
   <div class='ocr_carea' id='block_1_69' title="bbox 467 4046 2055 4126">
    <p class='ocr_par' dir='ltr' id='par_1_69' title="bbox 467 4046 2055 4126">
     <span class='ocr_line' id='line_1_69' title="bbox 467 4046 2055 4126; baseline 0.018 -27"><span class='ocrx_word' id='word_1_441' title='bbox 467 4046 710 4116; x_wconf 80' lang='lat' dir='ltr'><strong>Apponit</strong></span> <span class='ocrx_word' id='word_1_442' title='bbox 739 4061 791 4106; x_wconf 91' lang='lat' dir='ltr'><strong>et</strong></span> <span class='ocrx_word' id='word_1_443' title='bbox 823 4053 1023 4121; x_wconf 90' lang='lat' dir='ltr'><strong>locum,</strong></span> <span class='ocrx_word' id='word_1_444' title='bbox 1057 4059 1148 4112; x_wconf 91' lang='lat' dir='ltr'><strong>ubi</strong></span> <span class='ocrx_word' id='word_1_445' title='bbox 1185 4061 1504 4119; x_wconf 90' lang='lat' dir='ltr'><strong>redditurus</strong></span> <span class='ocrx_word' id='word_1_446' title='bbox 1547 4076 1632 4120; x_wconf 86' lang='lat' dir='ltr'><strong>est</strong></span> <span class='ocrx_word' id='word_1_447' title='bbox 1670 4077 1812 4124; x_wconf 85' lang='lat' dir='ltr'><strong>vota.</strong></span> <span class='ocrx_word' id='word_1_448' title='bbox 1854 4070 1919 4125; x_wconf 83' lang='lat' dir='ltr'><strong>In</strong></span> <span class='ocrx_word' id='word_1_449' title='bbox 1955 4091 2055 4126; x_wconf 87' lang='lat' dir='ltr'><strong>au-</strong></span> 
     </span>
    </p>
   </div>
   <div class='ocr_carea' id='block_1_70' title="bbox 465 4141 2053 4221">
    <p class='ocr_par' dir='ltr' id='par_1_70' title="bbox 465 4141 2053 4221">
     <span class='ocr_line' id='line_1_70' title="bbox 465 4141 2053 4221; baseline 0.02 -32"><span class='ocrx_word' id='word_1_450' title='bbox 465 4141 556 4202; x_wconf 81' lang='lat' dir='ltr'><strong>lis,</strong></span> <span class='ocrx_word' id='word_1_451' title='bbox 590 4141 789 4213; x_wconf 88' lang='lat' dir='ltr'><strong>inquit,</strong></span> <span class='ocrx_word' id='word_1_452' title='bbox 820 4147 1008 4202; x_wconf 88' lang='lat' dir='ltr'><strong>domus</strong></span> <span class='ocrx_word' id='word_1_453' title='bbox 1035 4149 1272 4217; x_wconf 85' lang='lat' dir='ltr'><strong>Domini;</strong></span> <span class='ocrx_word' id='word_1_454' title='bbox 1300 4155 1482 4212; x_wconf 87' lang='lat' dir='ltr'><strong>varias</strong></span> <span class='ocrx_word' id='word_1_455' title='bbox 1512 4160 1656 4213; x_wconf 86' lang='lat' dir='ltr'><strong>enim</strong></span> <span class='ocrx_word' id='word_1_456' title='bbox 1681 4163 1835 4219; x_wconf 88' lang='lat' dir='ltr'><strong>aulas</strong></span> <span class='ocrx_word' id='word_1_457' title='bbox 1863 4165 2053 4221; x_wconf 88' lang='lat' dir='ltr'><strong>habuit</strong></span> 
     </span>
    </p>
   </div>
   <div class='ocr_carea' id='block_1_71' title="bbox 463 4235 2050 4314">
    <p class='ocr_par' dir='ltr' id='par_1_71' title="bbox 463 4235 2050 4314">
     <span class='ocr_line' id='line_1_71' title="bbox 463 4235 2050 4314; baseline 0.018 -30"><span class='ocrx_word' id='word_1_458' title='bbox 463 4235 884 4293; x_wconf 83' lang='lat' dir='ltr'><strong>tabernaculum</strong></span> <span class='ocrx_word' id='word_1_459' title='bbox 924 4241 1098 4308; x_wconf 88' lang='lat' dir='ltr'><strong>illud,</strong></span> <span class='ocrx_word' id='word_1_460' title='bbox 1137 4246 1282 4314; x_wconf 87' lang='lat' dir='ltr'><strong>quod</strong></span> <span class='ocrx_word' id='word_1_461' title='bbox 1333 4249 1528 4304; x_wconf 87' lang='lat' dir='ltr'><strong>beatus</strong></span> <span class='ocrx_word' id='word_1_462' title='bbox 1573 4249 1739 4308; x_wconf 87' lang='lat' dir='ltr'><strong>David</strong></span> <span class='ocrx_word' id='word_1_463' title='bbox 1790 4254 2050 4312; x_wconf 89' lang='lat' dir='ltr'><strong>fabricari</strong></span> 
     </span>
    </p>
   </div>
   <div class='ocr_carea' id='block_1_72' title="bbox 462 4326 2053 4414">
    <p class='ocr_par' dir='ltr' id='par_1_72' title="bbox 462 4326 2053 4414">
     <span class='ocr_line' id='line_1_72' title="bbox 462 4326 2053 4414; baseline 0.018 -39"><span class='ocrx_word' id='word_1_464' title='bbox 462 4326 712 4391; x_wconf 87' lang='lat' dir='ltr'><strong>jnsserat</strong></span> <span class='ocrx_word' id='word_1_465' title='bbox 748 4329 801 4383; x_wconf 92' lang='lat' dir='ltr'><strong>in</strong></span> <span class='ocrx_word' id='word_1_466' title='bbox 839 4332 1021 4388; x_wconf 88' lang='lat' dir='ltr'><strong>medio</strong></span> <span class='ocrx_word' id='word_1_467' title='bbox 1048 4331 1378 4404; x_wconf 84' lang='lat' dir='ltr'><strong>Jerusalem.</strong></span> <span class='ocrx_word' id='word_1_468' title='bbox 1409 4339 1476 4392; x_wconf 87' lang='lat' dir='ltr'><strong>Et</strong></span> <span class='ocrx_word' id='word_1_469' title='bbox 1508 4341 1620 4397; x_wconf 61' lang='lat' dir='ltr'><strong>hac</strong></span> <span class='ocrx_word' id='word_1_470' title='bbox 1642 4343 1864 4412; x_wconf 87' lang='lat' dir='ltr'><strong>quidem</strong></span> <span class='ocrx_word' id='word_1_471' title='bbox 1896 4346 2053 4414; x_wconf 83' lang='lat' dir='ltr'><strong>juxta</strong></span> 
     </span>
    </p>
   </div>
   <div class='ocr_carea' id='block_1_73' title="bbox 463 4419 2044 4506">
    <p class='ocr_par' dir='ltr' id='par_1_73' title="bbox 463 4419 2044 4506">
     <span class='ocr_line' id='line_1_73' title="bbox 463 4419 2044 4506; baseline 0.016 -36"><span class='ocrx_word' id='word_1_472' title='bbox 463 4419 824 4483; x_wconf 64' lang='lat' dir='ltr'><strong>praecedentis</strong></span> <span class='ocrx_word' id='word_1_473' title='bbox 874 4425 1069 4492; x_wconf 88' lang='lat' dir='ltr'><strong>psalmi</strong></span> <span class='ocrx_word' id='word_1_474' title='bbox 1121 4432 1576 4498; x_wconf 88' lang='lat' dir='ltr'><strong>consequentiam</strong></span> <span class='ocrx_word' id='word_1_475' title='bbox 1636 4437 2044 4506; x_wconf 81' lang='lat' dir='ltr'><strong>exposuimus:</strong></span> 
     </span>
    </p>
   </div>
   <div class='ocr_carea' id='block_1_74' title="bbox 2232 3425 3748 3502">
    <p class='ocr_par' dir='ltr' id='par_1_74' title="bbox 2232 3425 3748 3502">
     <span class='ocr_line' id='line_1_74' title="bbox 2232 3425 3748 3502; baseline 0.009 -23"><span class='ocrx_word' id='word_1_476' title='bbox 2232 3425 2340 3479; x_wconf 81' lang='lat' dir='ltr'><strong>Kal</strong></span> <span class='ocrx_word' id='word_1_477' title='bbox 2365 3427 2435 3480; x_wconf 82' lang='grc' dir='ltr'><strong>ἐν</strong></span> <span class='ocrx_word' id='word_1_478' title='bbox 2471 3429 2720 3498; x_wconf 82' lang='grc' dir='ltr'>ὀνόματι</span> <span class='ocrx_word' id='word_1_479' title='bbox 2743 3431 2967 3499; x_wconf 79' lang='grc' dir='ltr'><strong>Κυρίου</strong></span> <span class='ocrx_word' id='word_1_480' title='bbox 2995 3431 3459 3502; x_wconf 74' lang='grc' dir='ltr'>ἐπικαλέσομαι.</span> <span class='ocrx_word' id='word_1_481' title='bbox 3522 3437 3637 3490; x_wconf 75' lang='grc' dir='ltr'><strong>Καὶ</strong></span> <span class='ocrx_word' id='word_1_482' title='bbox 3681 3440 3748 3492; x_wconf 78' lang='grc' dir='ltr'>τὸ</span> 
     </span>
    </p>
   </div>
   <div class='ocr_carea' id='block_1_75' title="bbox 2163 3517 3755 3598">
    <p class='ocr_par' dir='ltr' id='par_1_75' title="bbox 2163 3517 3755 3598">
     <span class='ocr_line' id='line_1_75' title="bbox 2163 3517 3755 3598; baseline 0.008 -28"><span class='ocrx_word' id='word_1_483' title='bbox 2163 3517 2342 3588; x_wconf 76' lang='grc' dir='ltr'>ὄνομα</span> <span class='ocrx_word' id='word_1_484' title='bbox 2383 3520 2593 3591; x_wconf 84' lang='grc' dir='ltr'>Κυρίου</span> <span class='ocrx_word' id='word_1_485' title='bbox 2631 3522 3055 3590; x_wconf 80' lang='grc' dir='ltr'>ἐπικαλέσομαι,</span> <span class='ocrx_word' id='word_1_486' title='bbox 3085 3525 3168 3588; x_wconf 78' lang='grc' dir='ltr'>εἰς</span> <span class='ocrx_word' id='word_1_487' title='bbox 3195 3526 3463 3595; x_wconf 79' lang='grc' dir='ltr'><strong>χορηγίαν</strong></span> <span class='ocrx_word' id='word_1_488' title='bbox 3497 3529 3596 3598; x_wconf 81' lang='grc' dir='ltr'>τῆς</span> <span class='ocrx_word' id='word_1_489' title='bbox 3641 3547 3755 3583; x_wconf 74' lang='grc' dir='ltr'>τοι-</span> 
     </span>
    </p>
   </div>
   <div class='ocr_carea' id='block_1_76' title="bbox 2160 3609 3057 3682">
    <p class='ocr_par' dir='ltr' id='par_1_76' title="bbox 2160 3609 3057 3682">
     <span class='ocr_line' id='line_1_76' title="bbox 2160 3609 3057 3682; baseline 0.011 -22"><span class='ocrx_word' id='word_1_490' title='bbox 2160 3609 2336 3679; x_wconf 81' lang='grc' dir='ltr'>αὑτης</span> <span class='ocrx_word' id='word_1_491' title='bbox 2356 3610 2572 3677; x_wconf 85' lang='grc' dir='ltr'>Θυσίας,</span> <span class='ocrx_word' id='word_1_492' title='bbox 2607 3614 2704 3666; x_wconf 63' lang='grc' dir='ltr'><strong>καλ⁵</strong></span> <span class='ocrx_word' id='word_1_493' title='bbox 2735 3615 3057 3682; x_wconf 81' lang='grc' dir='ltr'>συνεργίαν.</span> 
     </span>
    </p>
   </div>
   <div class='ocr_carea' id='block_1_77' title="bbox 2234 3700 3755 3773">
    <p class='ocr_par' dir='ltr' id='par_1_77' title="bbox 2234 3700 3755 3773">
     <span class='ocr_line' id='line_1_77' title="bbox 2234 3700 3755 3773; baseline 0.007 -19"><span class='ocrx_word' id='word_1_494' title='bbox 2234 3700 2350 3768; x_wconf 82' lang='grc' dir='ltr'><strong>Τὰς</strong></span> <span class='ocrx_word' id='word_1_495' title='bbox 2371 3703 2560 3770; x_wconf 81' lang='grc' dir='ltr'>εὐχάς</span> <span class='ocrx_word' id='word_1_496' title='bbox 2590 3721 2710 3772; x_wconf 84' lang='grc' dir='ltr'><strong>μου</strong></span> <span class='ocrx_word' id='word_1_497' title='bbox 2732 3703 2810 3770; x_wconf 80' lang='grc' dir='ltr'>τῷ</span> <span class='ocrx_word' id='word_1_498' title='bbox 2843 3706 3046 3773; x_wconf 80' lang='grc' dir='ltr'>Κυρίῳ</span> <span class='ocrx_word' id='word_1_499' title='bbox 3107 3705 3406 3760; x_wconf 79' lang='grc' dir='ltr'><strong>ἀποδώσω</strong></span> <span class='ocrx_word' id='word_1_500' title='bbox 3461 3709 3755 3764; x_wconf 74' lang='grc' dir='ltr'><strong>ἐναντίον</strong></span> 
     </span>
    </p>
   </div>
   <div class='ocr_carea' id='block_1_78' title="bbox 2159 3792 3747 3864">
    <p class='ocr_par' dir='ltr' id='par_1_78' title="bbox 2159 3792 3747 3864">
     <span class='ocr_line' id='line_1_78' title="bbox 2159 3792 3747 3864; baseline 0.006 -19"><span class='ocrx_word' id='word_1_501' title='bbox 2159 3792 2388 3858; x_wconf 79' lang='grc' dir='ltr'>παντὸς</span> <span class='ocrx_word' id='word_1_502' title='bbox 2415 3793 2522 3848; x_wconf 81' lang='grc' dir='ltr'>τοῦ</span> <span class='ocrx_word' id='word_1_503' title='bbox 2553 3795 2709 3849; x_wconf 75' lang='grc' dir='ltr'>λαοῦ</span> <span class='ocrx_word' id='word_1_504' title='bbox 2732 3796 2944 3851; x_wconf 81' lang='grc' dir='ltr'>αὑτοῦ.</span> <span class='ocrx_word' id='word_1_505' title='bbox 2965 3792 3100 3849; x_wconf 86' lang='grc' dir='ltr'>Εἴπε</span> <span class='ocrx_word' id='word_1_506' title='bbox 3122 3794 3284 3846; x_wconf 84' lang='grc' dir='ltr'>τοῦτο</span> <span class='ocrx_word' id='word_1_507' title='bbox 3319 3796 3416 3849; x_wconf 61' lang='grc' dir='ltr'><strong>καὶ⁴</strong></span> <span class='ocrx_word' id='word_1_508' title='bbox 3458 3801 3747 3864; x_wconf 78' lang='grc' dir='ltr'>ἀνωτέρω,</span> 
     </span>
    </p>
   </div>
   <div class='ocr_carea' id='block_1_79' title="bbox 2157 3885 3421 3960">
    <p class='ocr_par' dir='ltr' id='par_1_79' title="bbox 2157 3885 3421 3960">
     <span class='ocr_line' id='line_1_79' title="bbox 2157 3885 3421 3960; baseline 0.008 -23"><span class='ocrx_word' id='word_1_509' title='bbox 2157 3885 2253 3938; x_wconf 73' lang='grc' dir='ltr'><strong>καὶ</strong></span> <span class='ocrx_word' id='word_1_510' title='bbox 2277 3885 2615 3954; x_wconf 77' lang='grc' dir='ltr'>παλιλλογεῖ,</span> <span class='ocrx_word' id='word_1_511' title='bbox 2645 3887 2884 3958; x_wconf 75' lang='grc' dir='ltr'>βεϐαιῶν</span> <span class='ocrx_word' id='word_1_512' title='bbox 2917 3891 3008 3942; x_wconf 67' lang='grc' dir='ltr'><strong>τὸν</strong></span> <span class='ocrx_word' id='word_1_513' title='bbox 3043 3890 3206 3960; x_wconf 78' lang='grc' dir='ltr'>λόγον</span> <span class='ocrx_word' id='word_1_514' title='bbox 3229 3893 3421 3948; x_wconf 77' lang='grc' dir='ltr'>αὐτοῦ.</span> 
     </span>
    </p>
   </div>
   <div class='ocr_carea' id='block_1_80' title="bbox 2239 3977 3754 4054">
    <p class='ocr_par' dir='ltr' id='par_1_80' title="bbox 2239 3977 3754 4054">
     <span class='ocr_line' id='line_1_80' title="bbox 2239 3977 3754 4054; baseline 0.005 -24"><span class='ocrx_word' id='word_1_515' title='bbox 2239 3977 2336 4030; x_wconf 81' lang='grc' dir='ltr'><strong>Ἐν</strong></span> <span class='ocrx_word' id='word_1_516' title='bbox 2352 3979 2569 4045; x_wconf 73' lang='grc' dir='ltr'>αὐλαῖς</span> <span class='ocrx_word' id='word_1_517' title='bbox 2596 3980 2768 4035; x_wconf 79' lang='grc' dir='ltr'>οἴκου</span> <span class='ocrx_word' id='word_1_518' title='bbox 2795 3983 3041 4049; x_wconf 81' lang='grc' dir='ltr'>Κυρίου,</span> <span class='ocrx_word' id='word_1_519' title='bbox 3069 3984 3141 4037; x_wconf 77' lang='grc' dir='ltr'><strong>ἐν</strong></span> <span class='ocrx_word' id='word_1_520' title='bbox 3167 3985 3340 4054; x_wconf 78' lang='grc' dir='ltr'>μέσῳ</span> <span class='ocrx_word' id='word_1_521' title='bbox 3363 4001 3506 4050; x_wconf 88' lang='grc' dir='ltr'>σου,</span> <span class='ocrx_word' id='word_1_522' title='bbox 3525 3984 3754 4054; x_wconf 70' lang='grc' dir='ltr'>Ἰερου-</span> 
     </span>
    </p>
   </div>
   <div class='ocr_carea' id='block_1_81' title="bbox 2157 4068 3749 4146">
    <p class='ocr_par' dir='ltr' id='par_1_81' title="bbox 2157 4068 3749 4146">
     <span class='ocr_line' id='line_1_81' title="bbox 2157 4068 3749 4146; baseline 0.006 -24"><span class='ocrx_word' id='word_1_523' title='bbox 2157 4068 2386 4138; x_wconf 78' lang='grc' dir='ltr'>σαλήμ.</span> <span class='ocrx_word' id='word_1_524' title='bbox 2421 4071 2589 4138; x_wconf 77' lang='grc' dir='ltr'>Λέγει</span> <span class='ocrx_word' id='word_1_525' title='bbox 2628 4072 2840 4126; x_wconf 74' lang='grc' dir='ltr'>καὶτὸν</span> <span class='ocrx_word' id='word_1_526' title='bbox 2865 4075 3029 4127; x_wconf 81' lang='grc' dir='ltr'>τόπον</span> <span class='ocrx_word' id='word_1_527' title='bbox 3074 4076 3205 4132; x_wconf 77' lang='grc' dir='ltr'>ἔνθα</span> <span class='ocrx_word' id='word_1_528' title='bbox 3246 4077 3346 4140; x_wconf 69' lang='grc' dir='ltr'><strong>τὰς</strong></span> <span class='ocrx_word' id='word_1_529' title='bbox 3399 4076 3564 4146; x_wconf 78' lang='grc' dir='ltr'>εὐχὰς</span> <span class='ocrx_word' id='word_1_530' title='bbox 3614 4079 3749 4130; x_wconf 75' lang='grc' dir='ltr'>ἀπο-</span> 
     </span>
    </p>
   </div>
   <div class='ocr_carea' id='block_1_82' title="bbox 2155 4157 3753 4235">
    <p class='ocr_par' dir='ltr' id='par_1_82' title="bbox 2155 4157 3753 4235">
     <span class='ocr_line' id='line_1_82' title="bbox 2155 4157 3753 4235; baseline 0.006 -25"><span class='ocrx_word' id='word_1_531' title='bbox 2155 4157 2341 4225; x_wconf 84' lang='grc' dir='ltr'>δώσει,</span> <span class='ocrx_word' id='word_1_532' title='bbox 2375 4161 2458 4214; x_wconf 84' lang='grc' dir='ltr'>ὅτι</span> <span class='ocrx_word' id='word_1_533' title='bbox 2503 4164 2608 4214; x_wconf 81' lang='grc' dir='ltr'><strong>Ἐν</strong></span> <span class='ocrx_word' id='word_1_534' title='bbox 2637 4164 2858 4228; x_wconf 68' lang='grc' dir='ltr'>αὐλαῖς</span> <span class='ocrx_word' id='word_1_535' title='bbox 2920 4163 3092 4218; x_wconf 75' lang='grc' dir='ltr'>οἴκου</span> <span class='ocrx_word' id='word_1_536' title='bbox 3137 4169 3398 4232; x_wconf 83' lang='grc' dir='ltr'>ΚυρΙου·</span> <span class='ocrx_word' id='word_1_537' title='bbox 3456 4166 3753 4235; x_wconf 73' lang='grc' dir='ltr'>διαφόρους</span> 
     </span>
    </p>
   </div>
   <div class='ocr_carea' id='block_1_83' title="bbox 2155 4249 3754 4326">
    <p class='ocr_par' dir='ltr' id='par_1_83' title="bbox 2155 4249 3754 4326">
     <span class='ocr_line' id='line_1_83' title="bbox 2155 4249 3754 4326; baseline 0.005 -25"><span class='ocrx_word' id='word_1_538' title='bbox 2155 4249 2264 4320; x_wconf 83' lang='grc' dir='ltr'>γὰρ</span> <span class='ocrx_word' id='word_1_539' title='bbox 2291 4249 2436 4320; x_wconf 72' lang='grc' dir='ltr'>εἶχεν</span> <span class='ocrx_word' id='word_1_540' title='bbox 2461 4251 2633 4315; x_wconf 74' lang='grc' dir='ltr'>αὐλὰς</span> <span class='ocrx_word' id='word_1_541' title='bbox 2667 4255 2700 4324; x_wconf 80' lang='grc' dir='ltr'><strong>ἠ</strong></span> <span class='ocrx_word' id='word_1_542' title='bbox 2729 4253 2927 4322; x_wconf 79' lang='grc' dir='ltr'>σκηνὴ,</span> <span class='ocrx_word' id='word_1_543' title='bbox 2964 4254 3091 4322; x_wconf 80' lang='grc' dir='ltr'>ἣτις</span> <span class='ocrx_word' id='word_1_544' title='bbox 3128 4254 3251 4308; x_wconf 86' lang='grc' dir='ltr'>τότε</span> <span class='ocrx_word' id='word_1_545' title='bbox 3278 4251 3346 4323; x_wconf 81' lang='grc' dir='ltr'><strong>ἦν</strong></span> <span class='ocrx_word' id='word_1_546' title='bbox 3383 4257 3442 4307; x_wconf 80' lang='grc' dir='ltr'><strong>ὲν</strong></span> <span class='ocrx_word' id='word_1_547' title='bbox 3468 4256 3620 4324; x_wconf 81' lang='grc' dir='ltr'><strong>μέσῳ</strong></span> <span class='ocrx_word' id='word_1_548' title='bbox 3650 4259 3754 4326; x_wconf 75' lang='grc' dir='ltr'>τῆς</span> 
     </span>
    </p>
   </div>
   <div class='ocr_carea' id='block_1_84' title="bbox 2166 4339 3752 4418">
    <p class='ocr_par' dir='ltr' id='par_1_84' title="bbox 2166 4339 3752 4418">
     <span class='ocr_line' id='line_1_84' title="bbox 2166 4339 3752 4418; baseline 0.006 -25"><span class='ocrx_word' id='word_1_549' title='bbox 2166 4339 2544 4415; x_wconf 84' lang='grc' dir='ltr'>Ἰερουσαλήμ.</span> <span class='ocrx_word' id='word_1_550' title='bbox 2607 4343 2795 4398; x_wconf 82' lang='grc' dir='ltr'>Ταῦτα</span> <span class='ocrx_word' id='word_1_551' title='bbox 2866 4345 2968 4416; x_wconf 83' lang='grc' dir='ltr'><strong>μὲν</strong></span> <span class='ocrx_word' id='word_1_552' title='bbox 3048 4347 3193 4400; x_wconf 84' lang='grc' dir='ltr'><strong>κατά</strong></span> <span class='ocrx_word' id='word_1_553' title='bbox 3253 4347 3352 4418; x_wconf 74' lang='grc' dir='ltr'><strong>τὴν</strong></span> <span class='ocrx_word' id='word_1_554' title='bbox 3417 4347 3752 4402; x_wconf 77' lang='grc' dir='ltr'>ἀκολουθίαν</span> 
     </span>
    </p>
   </div>
   <div class='ocr_carea' id='block_1_85' title="bbox 2155 4432 3750 4510">
    <p class='ocr_par' dir='ltr' id='par_1_85' title="bbox 2155 4432 3750 4510">
     <span class='ocr_line' id='line_1_85' title="bbox 2155 4432 3750 4510; baseline -0.005 -8"><span class='ocrx_word' id='word_1_555' title='bbox 2155 4432 2585 4505; x_wconf 77' lang='grc' dir='ltr'><strong>ἡρμηνεύσαμεν</strong></span> <span class='ocrx_word' id='word_1_556' title='bbox 2628 4436 2724 4489; x_wconf 69' lang='grc' dir='ltr'><strong>τοῦ</strong></span> <span class='ocrx_word' id='word_1_557' title='bbox 2759 4437 3132 4508; x_wconf 79' lang='grc' dir='ltr'>προλαδόντος</span> <span class='ocrx_word' id='word_1_558' title='bbox 3155 4439 3376 4510; x_wconf 74' lang='grc' dir='ltr'>ψαλμοῦ</span> <span class='ocrx_word' id='word_1_559' title='bbox 3398 4455 3412 4470; x_wconf 76' lang='grc'>⁸</span> <span class='ocrx_word' id='word_1_560' title='bbox 3434 4440 3621 4493; x_wconf 82' lang='grc' dir='ltr'>λοιπὸν</span> <span class='ocrx_word' id='word_1_561' title='bbox 3655 4440 3750 4494; x_wconf 77' lang='grc' dir='ltr'><strong>οὖν</strong></span> 
     </span>
    </p>
   </div>
   <div class='ocr_carea' id='block_1_86' title="bbox 463 4504 2052 4603">
    <p class='ocr_par' dir='ltr' id='par_1_86' title="bbox 463 4512 2048 4592">
     <span class='ocr_line' id='line_1_86' title="bbox 463 4512 2048 4592; baseline 0.018 -32"><span class='ocrx_word' id='word_1_562' title='bbox 463 4526 652 4565; x_wconf 83' lang='lat' dir='ltr'><strong>verum</strong></span> <span class='ocrx_word' id='word_1_563' title='bbox 683 4512 1066 4586; x_wconf 85' lang='lat' dir='ltr'><strong>Chrysostomi</strong></span> <span class='ocrx_word' id='word_1_564' title='bbox 1117 4521 1278 4574; x_wconf 90' lang='lat' dir='ltr'><strong>etiam</strong></span> <span class='ocrx_word' id='word_1_565' title='bbox 1335 4524 1734 4592; x_wconf 77' lang='lat' dir='ltr'><strong>expositionem</strong></span> <span class='ocrx_word' id='word_1_566' title='bbox 1781 4529 2048 4588; x_wconf 89' lang='lat' dir='ltr'><strong>addamus</strong></span> 
     </span>
    </p>
   </div>
   <div class='ocr_carea' id='block_1_87' title="bbox 2168 4504 3746 4603">
    <p class='ocr_par' dir='ltr' id='par_1_87' title="bbox 2168 4504 3746 4603">
     <span class='ocr_line' id='line_1_87' title="bbox 2168 4504 3746 4603; baseline 0.01 -29"><span class='ocrx_word' id='word_1_567' title='bbox 2168 4504 2534 4596; x_wconf 74' lang='grc' dir='ltr'>παραθὼμεθα</span> <span class='ocrx_word' id='word_1_568' title='bbox 2563 4529 2659 4582; x_wconf 75' lang='grc' dir='ltr'>καὶ</span> <span class='ocrx_word' id='word_1_569' title='bbox 2691 4529 2790 4598; x_wconf 83' lang='grc' dir='ltr'>τὴν</span> <span class='ocrx_word' id='word_1_570' title='bbox 2803 4504 3118 4600; x_wconf 35' lang='grc' dir='ltr'>’ἑρμηνείαν</span> <span class='ocrx_word' id='word_1_571' title='bbox 3169 4504 3582 4603; x_wconf 31' lang='grc' dir='ltr'>τοῦνΧρυσοστό</span> <span class='ocrx_word' id='word_1_572' title='bbox 3615 4552 3746 4602; x_wconf 90' lang='grc' dir='ltr'>μου.</span> 
     </span>
    </p>
   </div>
   <div class='ocr_carea' id='block_1_88' title="bbox 462 4601 2051 4692">
    <p class='ocr_par' dir='ltr' id='par_1_88' title="bbox 462 4601 2051 4692">
     <span class='ocr_line' id='line_1_88' title="bbox 462 4601 2051 4692; baseline 0.016 -40"><span class='ocrx_word' id='word_1_573' title='bbox 462 4601 728 4668; x_wconf 82' lang='lat' dir='ltr'><strong>dicentis,</strong></span> <span class='ocrx_word' id='word_1_574' title='bbox 755 4607 924 4674; x_wconf 88' lang='lat' dir='ltr'><strong>quod,</strong></span> <span class='ocrx_word' id='word_1_575' title='bbox 959 4623 1082 4663; x_wconf 90' lang='lat' dir='ltr'><strong>cum</strong></span> <span class='ocrx_word' id='word_1_576' title='bbox 1114 4612 1456 4680; x_wconf 66' lang='lat' dir='ltr'><strong>praevidisset</strong></span> <span class='ocrx_word' id='word_1_577' title='bbox 1485 4616 1681 4672; x_wconf 88' lang='lat' dir='ltr'><strong>beatus</strong></span> <span class='ocrx_word' id='word_1_578' title='bbox 1709 4618 1874 4676; x_wconf 81' lang='lat' dir='ltr'><strong>David</strong></span> <span class='ocrx_word' id='word_1_579' title='bbox 1902 4639 2051 4692; x_wconf 65' lang='lat' dir='ltr'><strong>qure-</strong></span> 
     </span>
    </p>
   </div>
   <div class='ocr_carea' id='block_1_89' title="bbox 463 4701 2045 4786">
    <p class='ocr_par' dir='ltr' id='par_1_89' title="bbox 463 4701 2045 4786">
     <span class='ocr_line' id='line_1_89' title="bbox 463 4701 2045 4786; baseline 0.016 -43"><span class='ocrx_word' id='word_1_580' title='bbox 463 4708 684 4762; x_wconf 85' lang='lat' dir='ltr'><strong>cunque</strong></span> <span class='ocrx_word' id='word_1_581' title='bbox 709 4701 924 4764; x_wconf 86' lang='lat' dir='ltr'><strong>passuri</strong></span> <span class='ocrx_word' id='word_1_582' title='bbox 955 4713 1114 4758; x_wconf 90' lang='lat' dir='ltr'><strong>erant</strong></span> <span class='ocrx_word' id='word_1_583' title='bbox 1144 4702 1321 4760; x_wconf 63' lang='lat' dir='ltr'><strong>Judaei</strong></span> <span class='ocrx_word' id='word_1_584' title='bbox 1355 4707 1407 4762; x_wconf 92' lang='lat' dir='ltr'><strong>in</strong></span> <span class='ocrx_word' id='word_1_585' title='bbox 1442 4707 1748 4778; x_wconf 89' lang='lat' dir='ltr'><strong>obsidione,</strong></span> <span class='ocrx_word' id='word_1_586' title='bbox 1783 4725 1838 4769; x_wconf 90' lang='lat' dir='ltr'><strong>et</strong></span> <span class='ocrx_word' id='word_1_587' title='bbox 1869 4717 2045 4786; x_wconf 87' lang='lat' dir='ltr'><strong>capti-</strong></span> 
     </span>
    </p>
   </div>
   <div class='ocr_carea' id='block_1_90' title="bbox 462 4785 2048 4863">
    <p class='ocr_par' dir='ltr' id='par_1_90' title="bbox 462 4785 2048 4863">
     <span class='ocr_line' id='line_1_90' title="bbox 462 4785 2048 4863; baseline 0.019 -29"><span class='ocrx_word' id='word_1_588' title='bbox 462 4785 630 4840; x_wconf 84' lang='lat' dir='ltr'><strong>vitate</strong></span> <span class='ocrx_word' id='word_1_589' title='bbox 672 4785 1027 4858; x_wconf 87' lang='lat' dir='ltr'><strong>Babylonica,</strong></span> <span class='ocrx_word' id='word_1_590' title='bbox 1080 4803 1134 4849; x_wconf 88' lang='lat' dir='ltr'><strong>et</strong></span> <span class='ocrx_word' id='word_1_591' title='bbox 1165 4806 1345 4852; x_wconf 91' lang='lat' dir='ltr'><strong>mente</strong></span> <span class='ocrx_word' id='word_1_592' title='bbox 1375 4800 1541 4855; x_wconf 87' lang='lat' dir='ltr'><strong>etiam</strong></span> <span class='ocrx_word' id='word_1_593' title='bbox 1584 4805 1910 4861; x_wconf 87' lang='lat' dir='ltr'><strong>revolvisset</strong></span> <span class='ocrx_word' id='word_1_594' title='bbox 1943 4785 2048 4863; x_wconf 82' lang='lat' dir='ltr'><strong>eos</strong></span> 
     </span>
    </p>
   </div>
   <div class='ocr_carea' id='block_1_91' title="bbox 462 4874 2050 4969">
    <p class='ocr_par' dir='ltr' id='par_1_91' title="bbox 462 4874 2050 4969">
     <span class='ocr_line' id='line_1_91' title="bbox 462 4874 2050 4969; baseline 0.016 -42"><span class='ocrx_word' id='word_1_595' title='bbox 462 4874 618 4928; x_wconf 87' lang='lat' dir='ltr'><strong>illine</strong></span> <span class='ocrx_word' id='word_1_596' title='bbox 660 4879 1008 4946; x_wconf 84' lang='lat' dir='ltr'><strong>postmodum</strong></span> <span class='ocrx_word' id='word_1_597' title='bbox 1062 4887 1400 4943; x_wconf 87' lang='lat' dir='ltr'><strong>revocandos</strong></span> <span class='ocrx_word' id='word_1_598' title='bbox 1449 4906 1592 4958; x_wconf 88' lang='lat' dir='ltr'><strong>esse,</strong></span> <span class='ocrx_word' id='word_1_599' title='bbox 1630 4903 1796 4964; x_wconf 88' lang='lat' dir='ltr'><strong>atque</strong></span> <span class='ocrx_word' id='word_1_600' title='bbox 1846 4896 1900 4951; x_wconf 91' lang='lat' dir='ltr'><strong>in</strong></span> <span class='ocrx_word' id='word_1_601' title='bbox 1953 4913 2050 4969; x_wconf 85' lang='lat' dir='ltr'><strong>pa—</strong></span> 
     </span>
    </p>
   </div>
   <div class='ocr_carea' id='block_1_92' title="bbox 463 4966 2040 5052">
    <p class='ocr_par' dir='ltr' id='par_1_92' title="bbox 463 4966 2040 5052">
     <span class='ocr_line' id='line_1_92' title="bbox 463 4966 2040 5052; baseline 0.018 -35"><span class='ocrx_word' id='word_1_602' title='bbox 463 4966 628 5020; x_wconf 85' lang='lat' dir='ltr'><strong>triam</strong></span> <span class='ocrx_word' id='word_1_603' title='bbox 672 4971 1065 5040; x_wconf 87' lang='lat' dir='ltr'><strong>restituendos,</strong></span> <span class='ocrx_word' id='word_1_604' title='bbox 1095 4981 1345 5048; x_wconf 88' lang='lat' dir='ltr'><strong>prorupit</strong></span> <span class='ocrx_word' id='word_1_605' title='bbox 1380 4981 1434 5036; x_wconf 92' lang='lat' dir='ltr'><strong>in</strong></span> <span class='ocrx_word' id='word_1_606' title='bbox 1465 4983 1581 5039; x_wconf 71' lang='lat' dir='ltr'><strong>haec</strong></span> <span class='ocrx_word' id='word_1_607' title='bbox 1603 4987 1793 5052; x_wconf 89' lang='lat' dir='ltr'><strong>verba,</strong></span> <span class='ocrx_word' id='word_1_608' title='bbox 1823 4966 2040 5045; x_wconf 80' lang='lat' dir='ltr'><strong>dic-ens:</strong></span> 
     </span>
    </p>
   </div>
   <div class='ocr_carea' id='block_1_93' title="bbox 457 5058 2046 5151">
    <p class='ocr_par' dir='ltr' id='par_1_93' title="bbox 457 5058 2046 5151">
     <span class='ocr_line' id='line_1_93' title="bbox 457 5058 2046 5151; baseline 0.016 -41"><span class='ocrx_word' id='word_1_609' title='bbox 457 5058 708 5128; x_wconf 87' lang='lat' dir='ltr'><strong>Credidi,</strong></span> <span class='ocrx_word' id='word_1_610' title='bbox 728 5063 876 5132; x_wconf 91' lang='lat' dir='ltr'><strong>quod</strong></span> <span class='ocrx_word' id='word_1_611' title='bbox 899 5065 1110 5122; x_wconf 88' lang='lat' dir='ltr'><strong>scilicet</strong></span> <span class='ocrx_word' id='word_1_612' title='bbox 1127 5072 1326 5139; x_wconf 87' lang='lat' dir='ltr'><strong>captivi</strong></span> <span class='ocrx_word' id='word_1_613' title='bbox 1349 5083 1508 5129; x_wconf 88' lang='lat' dir='ltr'><strong>erunt</strong></span> <span class='ocrx_word' id='word_1_614' title='bbox 1527 5074 1722 5144; x_wconf 67' lang='lat' dir='ltr'><strong>Judaei,</strong></span> <span class='ocrx_word' id='word_1_615' title='bbox 1747 5087 1799 5134; x_wconf 88' lang='lat' dir='ltr'><strong>et</strong></span> <span class='ocrx_word' id='word_1_616' title='bbox 1823 5081 1967 5151; x_wconf 88' lang='lat' dir='ltr'><strong>quod</strong></span> <span class='ocrx_word' id='word_1_617' title='bbox 1992 5084 2046 5136; x_wconf 87' lang='lat' dir='ltr'><strong>in</strong></span> 
     </span>
    </p>
   </div>
   <div class='ocr_carea' id='block_1_94' title="bbox 463 5154 2047 5234">
    <p class='ocr_par' dir='ltr' id='par_1_94' title="bbox 463 5154 2047 5234">
     <span class='ocr_line' id='line_1_94' title="bbox 463 5154 2047 5234; baseline 0.017 -33"><span class='ocrx_word' id='word_1_618' title='bbox 463 5154 696 5220; x_wconf 82' lang='lat' dir='ltr'><strong>patriam</strong></span> <span class='ocrx_word' id='word_1_619' title='bbox 733 5157 898 5212; x_wconf 87' lang='lat' dir='ltr'><strong>etiam</strong></span> <span class='ocrx_word' id='word_1_620' title='bbox 942 5162 1336 5233; x_wconf 89' lang='lat' dir='ltr'><strong>restituentur;</strong></span> <span class='ocrx_word' id='word_1_621' title='bbox 1377 5169 1587 5224; x_wconf 89' lang='lat' dir='ltr'><strong>credidi</strong></span> <span class='ocrx_word' id='word_1_622' title='bbox 1630 5187 1777 5234; x_wconf 84' lang='lat' dir='ltr'><strong>vero,</strong></span> <span class='ocrx_word' id='word_1_623' title='bbox 1812 5173 1884 5227; x_wconf 90' lang='lat' dir='ltr'><strong>ita</strong></span> <span class='ocrx_word' id='word_1_624' title='bbox 1916 5175 2047 5228; x_wconf 88' lang='lat' dir='ltr'><strong>edo-</strong></span> 
     </span>
    </p>
   </div>
   <div class='ocr_carea' id='block_1_95' title="bbox 459 5251 2044 5331">
    <p class='ocr_par' dir='ltr' id='par_1_95' title="bbox 459 5251 2044 5331">
     <span class='ocr_line' id='line_1_95' title="bbox 459 5251 2044 5331; baseline 0.015 -35"><span class='ocrx_word' id='word_1_625' title='bbox 459 5254 584 5299; x_wconf 75' lang='lat' dir='ltr'><strong>ctus</strong></span> <span class='ocrx_word' id='word_1_626' title='bbox 614 5262 642 5300; x_wconf 91' lang='lat' dir='ltr'><strong>a</strong></span> <span class='ocrx_word' id='word_1_627' title='bbox 676 5251 997 5320; x_wconf 87' lang='lat' dir='ltr'><strong>prophetica</strong></span> <span class='ocrx_word' id='word_1_628' title='bbox 1035 5257 1317 5325; x_wconf 78' lang='lat' dir='ltr'><strong>gratia:et</strong></span> <span class='ocrx_word' id='word_1_629' title='bbox 1357 5271 1642 5331; x_wconf 89' lang='lat' dir='ltr'><strong>propterea</strong></span> <span class='ocrx_word' id='word_1_630' title='bbox 1681 5264 1897 5320; x_wconf 88' lang='lat' dir='ltr'><strong>locutus</strong></span> <span class='ocrx_word' id='word_1_631' title='bbox 1926 5283 2044 5320; x_wconf 89' lang='lat' dir='ltr'><strong>sum</strong></span> 
     </span>
    </p>
   </div>
   <div class='ocr_carea' id='block_1_96' title="bbox 460 5336 2049 5425">
    <p class='ocr_par' dir='ltr' id='par_1_96' title="bbox 460 5336 2049 5425">
     <span class='ocr_line' id='line_1_96' title="bbox 460 5336 2049 5425; baseline 0.015 -37"><span class='ocrx_word' id='word_1_632' title='bbox 460 5336 532 5388; x_wconf 84' lang='lat' dir='ltr'><strong>de</strong></span> <span class='ocrx_word' id='word_1_633' title='bbox 587 5339 690 5394; x_wconf 88' lang='lat' dir='ltr'><strong>hac</strong></span> <span class='ocrx_word' id='word_1_634' title='bbox 751 5358 830 5408; x_wconf 84' lang='lat' dir='ltr'><strong>re,</strong></span> <span class='ocrx_word' id='word_1_635' title='bbox 864 5347 1030 5400; x_wconf 90' lang='lat' dir='ltr'><strong>variis</strong></span> <span class='ocrx_word' id='word_1_636' title='bbox 1081 5349 1292 5405; x_wconf 90' lang='lat' dir='ltr'><strong>scilicet</strong></span> <span class='ocrx_word' id='word_1_637' title='bbox 1326 5353 1380 5405; x_wconf 90' lang='lat' dir='ltr'><strong>in</strong></span> <span class='ocrx_word' id='word_1_638' title='bbox 1445 5355 1690 5423; x_wconf 85' lang='lat' dir='ltr'><strong>psalmis.</strong></span> <span class='ocrx_word' id='word_1_639' title='bbox 1731 5357 1840 5425; x_wconf 81' lang='lat' dir='ltr'><strong>Ego</strong></span> <span class='ocrx_word' id='word_1_640' title='bbox 1873 5368 2049 5412; x_wconf 74' lang='lat' dir='ltr'><strong>autem</strong></span> 
     </span>
    </p>
   </div>
   <div class='ocr_carea' id='block_1_97' title="bbox 464 5427 2048 5513">
    <p class='ocr_par' dir='ltr' id='par_1_97' title="bbox 464 5427 2048 5513">
     <span class='ocr_line' id='line_1_97' title="bbox 464 5427 2048 5513; baseline 0.017 -38"><span class='ocrx_word' id='word_1_641' title='bbox 464 5427 781 5484; x_wconf 80' lang='lat' dir='ltr'><strong>humiliatus</strong></span> <span class='ocrx_word' id='word_1_642' title='bbox 809 5449 925 5487; x_wconf 88' lang='lat' dir='ltr'><strong>sum</strong></span> <span class='ocrx_word' id='word_1_643' title='bbox 953 5437 1123 5503; x_wconf 83' lang='lat' dir='ltr'><strong>valde,</strong></span> <span class='ocrx_word' id='word_1_644' title='bbox 1153 5439 1280 5493; x_wconf 90' lang='lat' dir='ltr'><strong>dum</strong></span> <span class='ocrx_word' id='word_1_645' title='bbox 1318 5441 1525 5513; x_wconf 57' lang='lat' dir='ltr'><strong>afﬂigar</strong></span> <span class='ocrx_word' id='word_1_646' title='bbox 1553 5445 1770 5499; x_wconf 84' lang='lat' dir='ltr'><strong>scilicet</strong></span> <span class='ocrx_word' id='word_1_647' title='bbox 1803 5456 1856 5501; x_wconf 87' lang='lat' dir='ltr'><strong>et</strong></span> <span class='ocrx_word' id='word_1_648' title='bbox 1886 5448 2048 5502; x_wconf 90' lang='lat' dir='ltr'><strong>doleo</strong></span> 
     </span>
    </p>
   </div>
   <div class='ocr_carea' id='block_1_98' title="bbox 463 5520 2047 5600">
    <p class='ocr_par' dir='ltr' id='par_1_98' title="bbox 463 5520 2047 5600">
     <span class='ocr_line' id='line_1_98' title="bbox 463 5520 2047 5600; baseline 0.018 -33"><span class='ocrx_word' id='word_1_649' title='bbox 463 5520 806 5585; x_wconf 83' lang='lat' dir='ltr'><strong>captivorum</strong></span> <span class='ocrx_word' id='word_1_650' title='bbox 849 5527 1019 5581; x_wconf 87' lang='lat' dir='ltr'><strong>vicem</strong></span> <span class='ocrx_word' id='word_1_651' title='bbox 1047 5551 1059 5586; x_wconf 93' lang='lat'><strong>:</strong></span> <span class='ocrx_word' id='word_1_652' title='bbox 1086 5529 1196 5600; x_wconf 84' lang='lat' dir='ltr'><strong>Ego</strong></span> <span class='ocrx_word' id='word_1_653' title='bbox 1226 5533 1340 5587; x_wconf 79' lang='lat' dir='ltr'><strong>dixi</strong></span> <span class='ocrx_word' id='word_1_654' title='bbox 1372 5535 1423 5587; x_wconf 86' lang='lat' dir='ltr'><strong>in</strong></span> <span class='ocrx_word' id='word_1_655' title='bbox 1455 5538 1655 5591; x_wconf 61' lang='grc' dir='ltr'>εχειαεὶ</span> <span class='ocrx_word' id='word_1_656' title='bbox 1682 5554 1794 5592; x_wconf 86' lang='lat' dir='ltr'><strong>mea</strong></span> <span class='ocrx_word' id='word_1_657' title='bbox 1819 5555 1836 5593; x_wconf 91' lang='lat'><strong><em>:</em></strong></span> <span class='ocrx_word' id='word_1_658' title='bbox 1864 5538 2047 5596; x_wconf 85' lang='lat' dir='ltr'><strong>Omnis</strong></span> 
     </span>
    </p>
   </div>
   <div class='ocr_carea' id='block_1_99' title="bbox 468 5606 2046 5700">
    <p class='ocr_par' dir='ltr' id='par_1_99' title="bbox 468 5606 2046 5700">
     <span class='ocr_line' id='line_1_99' title="bbox 468 5606 2046 5700; baseline 0.02 -44"><span class='ocrx_word' id='word_1_659' title='bbox 468 5606 624 5662; x_wconf 79' lang='lat' dir='ltr'><strong>homo</strong></span> <span class='ocrx_word' id='word_1_660' title='bbox 656 5612 850 5679; x_wconf 75' lang='lat' dir='ltr'><strong>{al/ax.</strong></span> <span class='ocrx_word' id='word_1_661' title='bbox 887 5619 1116 5675; x_wconf 87' lang='lat' dir='ltr'><strong>Summo</strong></span> <span class='ocrx_word' id='word_1_662' title='bbox 1142 5637 1266 5692; x_wconf 79' lang='lat' dir='ltr'><strong>ego,</strong></span> <span class='ocrx_word' id='word_1_663' title='bbox 1296 5625 1495 5694; x_wconf 88' lang='lat' dir='ltr'><strong>inquit,</strong></span> <span class='ocrx_word' id='word_1_664' title='bbox 1525 5627 1714 5683; x_wconf 88' lang='lat' dir='ltr'><strong>dolore</strong></span> <span class='ocrx_word' id='word_1_665' title='bbox 1739 5640 2046 5700; x_wconf 87' lang='lat' dir='ltr'><strong>correptus,</strong></span> 
     </span>
    </p>
   </div>
   <div class='ocr_carea' id='block_1_100' title="bbox 468 5711 2045 5792">
    <p class='ocr_par' dir='ltr' id='par_1_100' title="bbox 468 5711 2045 5792">
     <span class='ocr_line' id='line_1_100' title="bbox 468 5711 2045 5792; baseline 0.015 -39"><span class='ocrx_word' id='word_1_666' title='bbox 468 5716 598 5767; x_wconf 81' lang='lat' dir='ltr'><strong>quo,</strong></span> <span class='ocrx_word' id='word_1_667' title='bbox 651 5715 707 5758; x_wconf 90' lang='lat' dir='ltr'><strong>ut</strong></span> <span class='ocrx_word' id='word_1_668' title='bbox 751 5711 955 5764; x_wconf 86' lang='lat' dir='ltr'><strong>assolet</strong></span> <span class='ocrx_word' id='word_1_669' title='bbox 1009 5729 1409 5780; x_wconf 62' lang='lat' dir='ltr'><strong>saepenumero,</strong></span> <span class='ocrx_word' id='word_1_670' title='bbox 1457 5728 1610 5774; x_wconf 78' lang='lat' dir='ltr'><strong>extra</strong></span> <span class='ocrx_word' id='word_1_671' title='bbox 1663 5737 1747 5777; x_wconf 91' lang='lat' dir='ltr'><strong>me</strong></span> <span class='ocrx_word' id='word_1_672' title='bbox 1779 5724 2045 5792; x_wconf 83' lang='lat' dir='ltr'><strong>quodam-</strong></span> 
     </span>
    </p>
   </div>
   <div class='ocr_carea' id='block_1_101' title="bbox 471 5791 2044 5879">
    <p class='ocr_par' dir='ltr' id='par_1_101' title="bbox 471 5791 2044 5879">
     <span class='ocr_line' id='line_1_101' title="bbox 471 5791 2044 5879; baseline 0.018 -35"><span class='ocrx_word' id='word_1_673' title='bbox 471 5791 636 5848; x_wconf 89' lang='lat' dir='ltr'><strong>modo</strong></span> <span class='ocrx_word' id='word_1_674' title='bbox 677 5797 743 5850; x_wconf 85' lang='lat' dir='ltr'><strong>ad</strong></span> <span class='ocrx_word' id='word_1_675' title='bbox 795 5808 1010 5869; x_wconf 80' lang='lat' dir='ltr'><strong>tempus</strong></span> <span class='ocrx_word' id='word_1_676' title='bbox 1052 5807 1286 5866; x_wconf 82' lang='lat' dir='ltr'><strong>effectus</strong></span> <span class='ocrx_word' id='word_1_677' title='bbox 1320 5827 1466 5879; x_wconf 92' lang='lat' dir='ltr'><strong>sum,</strong></span> <span class='ocrx_word' id='word_1_678' title='bbox 1511 5822 1565 5868; x_wconf 89' lang='lat' dir='ltr'><strong>et</strong></span> <span class='ocrx_word' id='word_1_679' title='bbox 1613 5830 1751 5877; x_wconf 78' lang='lat' dir='ltr'><strong>pene</strong></span> <span class='ocrx_word' id='word_1_680' title='bbox 1799 5791 2044 5873; x_wconf 81' lang='lat' dir='ltr'><strong>redditus</strong></span> 
     </span>
    </p>
   </div>
   <div class='ocr_carea' id='block_1_102' title="bbox 2154 4619 3746 4692">
    <p class='ocr_par' dir='ltr' id='par_1_102' title="bbox 2154 4619 3746 4692">
     <span class='ocr_line' id='line_1_102' title="bbox 2154 4619 3746 4692; baseline 0.003 -18"><span class='ocrx_word' id='word_1_681' title='bbox 2154 4621 2317 4687; x_wconf 85' lang='grc' dir='ltr'>Λέγει</span> <span class='ocrx_word' id='word_1_682' title='bbox 2339 4619 2450 4691; x_wconf 80' lang='grc' dir='ltr'>γὰρ</span> <span class='ocrx_word' id='word_1_683' title='bbox 2469 4621 2550 4674; x_wconf 84' lang='grc' dir='ltr'>ὅτι</span> <span class='ocrx_word' id='word_1_684' title='bbox 2577 4620 2813 4692; x_wconf 85' lang='grc' dir='ltr'>προϊδὼν</span> <span class='ocrx_word' id='word_1_685' title='bbox 2842 4623 2870 4676; x_wconf 87' lang='grc' dir='ltr'><strong>ὁ</strong></span> <span class='ocrx_word' id='word_1_686' title='bbox 2892 4622 3056 4682; x_wconf 77' lang='grc' dir='ltr'><strong>Δαόὶδ</strong></span> <span class='ocrx_word' id='word_1_687' title='bbox 3077 4624 3175 4677; x_wconf 84' lang='grc' dir='ltr'>ὅσα</span> <span class='ocrx_word' id='word_1_688' title='bbox 3197 4624 3453 4692; x_wconf 83' lang='grc' dir='ltr'>μέλλουσι</span> <span class='ocrx_word' id='word_1_689' title='bbox 3479 4625 3677 4678; x_wconf 84' lang='grc' dir='ltr'>παθεῖν</span> <span class='ocrx_word' id='word_1_690' title='bbox 3698 4627 3746 4679; x_wconf 79' lang='lat' dir='ltr'><strong>ol</strong></span> 
     </span>
    </p>
   </div>
   <div class='ocr_carea' id='block_1_103' title="bbox 2165 4711 3747 4782">
    <p class='ocr_par' dir='ltr' id='par_1_103' title="bbox 2165 4711 3747 4782">
     <span class='ocr_line' id='line_1_103' title="bbox 2165 4711 3747 4782; baseline 0.003 -18"><span class='ocrx_word' id='word_1_691' title='bbox 2165 4711 2411 4764; x_wconf 82' lang='grc' dir='ltr'>Ἰουδαῖοι</span> <span class='ocrx_word' id='word_1_692' title='bbox 2435 4711 2893 4781; x_wconf 80' lang='grc' dir='ltr'>πολιορκηθέντες</span> <span class='ocrx_word' id='word_1_693' title='bbox 2935 4711 3032 4766; x_wconf 76' lang='grc' dir='ltr'><strong>καὶ</strong></span> <span class='ocrx_word' id='word_1_694' title='bbox 3060 4713 3406 4782; x_wconf 78' lang='grc' dir='ltr'>ἀπαχθέντες</span> <span class='ocrx_word' id='word_1_695' title='bbox 3446 4717 3529 4779; x_wconf 76' lang='grc' dir='ltr'>εἰς</span> <span class='ocrx_word' id='word_1_696' title='bbox 3566 4715 3747 4768; x_wconf 62' lang='grc' dir='ltr'>Βαϐυ-</span> 
     </span>
    </p>
   </div>
   <div class='ocr_carea' id='block_1_104' title="bbox 2155 4799 3747 4895">
    <p class='ocr_par' dir='ltr' id='par_1_104' title="bbox 2155 4799 3747 4895">
     <span class='ocr_line' id='line_1_104' title="bbox 2155 4799 3747 4895; baseline 0.004 -40"><span class='ocrx_word' id='word_1_697' title='bbox 2155 4800 2329 4867; x_wconf 86' lang='grc' dir='ltr'>λῶνα,</span> <span class='ocrx_word' id='word_1_698' title='bbox 2361 4801 2725 4874; x_wconf 69' lang='grc' dir='ltr'>αἰχμάλωτοι,</span> <span class='ocrx_word' id='word_1_699' title='bbox 2747 4799 2867 4857; x_wconf 82' lang='grc' dir='ltr'>εἶτα</span> <span class='ocrx_word' id='word_1_700' title='bbox 2901 4805 3278 4895; x_wconf 38' lang='grc' dir='ltr'>μνησθεὶςθκαὶ</span> <span class='ocrx_word' id='word_1_701' title='bbox 3305 4809 3436 4877; x_wconf 85' lang='grc' dir='ltr'>περὶ</span> <span class='ocrx_word' id='word_1_702' title='bbox 3462 4808 3566 4876; x_wconf 80' lang='grc' dir='ltr'>τῆς</span> <span class='ocrx_word' id='word_1_703' title='bbox 3609 4809 3747 4860; x_wconf 69' lang='lat' dir='ltr'><strong>dva-</strong></span> 
     </span>
    </p>
   </div>
   <div class='ocr_carea' id='block_1_105' title="bbox 2154 4889 3744 4968">
    <p class='ocr_par' dir='ltr' id='par_1_105' title="bbox 2154 4889 3744 4968">
     <span class='ocr_line' id='line_1_105' title="bbox 2154 4889 3744 4968; baseline 0.001 -22"><span class='ocrx_word' id='word_1_704' title='bbox 2154 4893 2401 4962; x_wconf 85' lang='grc' dir='ltr'>κλήσεως</span> <span class='ocrx_word' id='word_1_705' title='bbox 2422 4894 2600 4946; x_wconf 77' lang='grc' dir='ltr'>αὐτῶν</span> <span class='ocrx_word' id='word_1_706' title='bbox 2625 4895 2719 4946; x_wconf 73' lang='grc' dir='ltr'><strong>καὶ</strong></span> <span class='ocrx_word' id='word_1_707' title='bbox 2741 4889 2897 4958; x_wconf 81' lang='grc' dir='ltr'>αὖθις</span> <span class='ocrx_word' id='word_1_708' title='bbox 2919 4889 3456 4963; x_wconf 74' lang='grc' dir='ltr'>ἀποκαταστάσεως,</span> <span class='ocrx_word' id='word_1_709' title='bbox 3485 4899 3652 4968; x_wconf 75' lang='grc' dir='ltr'>φησὶν</span> <span class='ocrx_word' id='word_1_710' title='bbox 3686 4901 3744 4951; x_wconf 79' lang='grc' dir='ltr'><strong>ἐν</strong></span> 
     </span>
    </p>
   </div>
   <div class='ocr_carea' id='block_1_106' title="bbox 2156 4985 3744 5063">
    <p class='ocr_par' dir='ltr' id='par_1_106' title="bbox 2156 4985 3744 5063">
     <span class='ocr_line' id='line_1_106' title="bbox 2156 4985 3744 5063; baseline 0.002 -24"><span class='ocrx_word' id='word_1_711' title='bbox 2156 4986 2304 5057; x_wconf 83' lang='grc' dir='ltr'>ρὸντι</span> <span class='ocrx_word' id='word_1_712' title='bbox 2333 4985 2534 5058; x_wconf 78' lang='grc' dir='ltr'>ψαλμῷ</span> <span class='ocrx_word' id='word_1_713' title='bbox 2555 5005 2570 5019; x_wconf 73' lang='grc' dir='ltr'><strong>ο</strong></span> <span class='ocrx_word' id='word_1_714' title='bbox 2603 4987 2934 5043; x_wconf 79' lang='grc' dir='ltr'>Ἐπίστευσα</span> <span class='ocrx_word' id='word_1_715' title='bbox 2957 4990 3040 5044; x_wconf 86' lang='grc' dir='ltr'>ὃτι</span> <span class='ocrx_word' id='word_1_716' title='bbox 3065 4990 3160 5044; x_wconf 78' lang='grc' dir='ltr'>καὶ</span> <span class='ocrx_word' id='word_1_717' title='bbox 3200 4991 3617 5063; x_wconf 73' lang='grc' dir='ltr'>αἰχμαλωτισθή</span> <span class='ocrx_word' id='word_1_718' title='bbox 3663 4992 3744 5061; x_wconf 81' lang='grc' dir='ltr'>τῷ</span> 
     </span>
    </p>
   </div>
   <div class='ocr_carea' id='block_1_107' title="bbox 2155 5080 3744 5155">
    <p class='ocr_par' dir='ltr' id='par_1_107' title="bbox 2155 5080 3744 5155">
     <span class='ocr_line' id='line_1_107' title="bbox 2155 5080 3744 5155; baseline 0.006 -25"><span class='ocrx_word' id='word_1_719' title='bbox 2155 5095 2424 5132; x_wconf 81' lang='grc' dir='ltr'>πασονται</span> <span class='ocrx_word' id='word_1_720' title='bbox 2477 5080 2574 5132; x_wconf 68' lang='grc' dir='ltr'><strong>καὶ</strong></span> <span class='ocrx_word' id='word_1_721' title='bbox 2621 5081 3096 5148; x_wconf 81' lang='grc' dir='ltr'>ὲπανελεύσοντσι,</span> <span class='ocrx_word' id='word_1_722' title='bbox 3127 5083 3400 5155; x_wconf 74' lang='grc' dir='ltr'>διδαχθεὶς</span> <span class='ocrx_word' id='word_1_723' title='bbox 3423 5085 3620 5148; x_wconf 83' lang='grc' dir='ltr'>ταῦτα,</span> <span class='ocrx_word' id='word_1_724' title='bbox 3650 5085 3744 5138; x_wconf 65' lang='grc' dir='ltr'>δα</span> 
     </span>
    </p>
   </div>
   <div class='ocr_carea' id='block_1_108' title="bbox 2153 5169 3738 5250">
    <p class='ocr_par' dir='ltr' id='par_1_108' title="bbox 2153 5169 3738 5250">
     <span class='ocr_line' id='line_1_108' title="bbox 2153 5169 3738 5250; baseline 0.006 -28"><span class='ocrx_word' id='word_1_725' title='bbox 2153 5169 2247 5223; x_wconf 82' lang='grc' dir='ltr'>τοῦ</span> <span class='ocrx_word' id='word_1_726' title='bbox 2279 5171 2622 5243; x_wconf 83' lang='grc' dir='ltr'>προφητικοῦ</span> <span class='ocrx_word' id='word_1_727' title='bbox 2647 5174 2992 5244; x_wconf 85' lang='grc' dir='ltr'>χαρίσματος</span> <span class='ocrx_word' id='word_1_728' title='bbox 3013 5193 3028 5206; x_wconf 88' lang='grc'><strong>·</strong></span> <span class='ocrx_word' id='word_1_729' title='bbox 3063 5177 3146 5230; x_wconf 79' lang='grc' dir='ltr'><strong>διὸ</strong></span> <span class='ocrx_word' id='word_1_730' title='bbox 3176 5178 3420 5248; x_wconf 76' lang='grc' dir='ltr'>ἐλάλησα</span> <span class='ocrx_word' id='word_1_731' title='bbox 3441 5181 3572 5250; x_wconf 72' lang='grc' dir='ltr'>περὶ</span> <span class='ocrx_word' id='word_1_732' title='bbox 3608 5181 3738 5234; x_wconf 77' lang='grc' dir='ltr'>τού-</span> 
     </span>
    </p>
   </div>
   <div class='ocr_carea' id='block_1_109' title="bbox 2151 5263 3742 5340">
    <p class='ocr_par' dir='ltr' id='par_1_109' title="bbox 2151 5263 3742 5340">
     <span class='ocr_line' id='line_1_109' title="bbox 2151 5263 3742 5340; baseline 0.006 -25"><span class='ocrx_word' id='word_1_733' title='bbox 2151 5281 2260 5316; x_wconf 87' lang='grc' dir='ltr'><strong>των</strong></span> <span class='ocrx_word' id='word_1_734' title='bbox 2298 5265 2356 5316; x_wconf 80' lang='grc' dir='ltr'><strong>ὲν</strong></span> <span class='ocrx_word' id='word_1_735' title='bbox 2383 5263 2660 5334; x_wconf 67' lang='grc' dir='ltr'>διαφόροις</span> <span class='ocrx_word' id='word_1_736' title='bbox 2692 5265 2947 5338; x_wconf 74' lang='grc' dir='ltr'>ψαλμοῖς.</span> <span class='ocrx_word' id='word_1_737' title='bbox 3009 5269 3161 5335; x_wconf 75' lang='grc' dir='ltr'><strong>Ἐγὼ</strong></span> <span class='ocrx_word' id='word_1_738' title='bbox 3214 5271 3284 5324; x_wconf 84' lang='grc' dir='ltr'><strong>δὲ</strong></span> <span class='ocrx_word' id='word_1_739' title='bbox 3332 5272 3742 5340; x_wconf 79' lang='grc' dir='ltr'>ἐταπεινώθην</span> 
     </span>
    </p>
   </div>
   <div class='ocr_carea' id='block_1_110' title="bbox 2152 5355 3740 5437">
    <p class='ocr_par' dir='ltr' id='par_1_110' title="bbox 2152 5355 3740 5437">
     <span class='ocr_line' id='line_1_110' title="bbox 2152 5355 3740 5437; baseline 0.006 -28"><span class='ocrx_word' id='word_1_740' title='bbox 2152 5355 2387 5425; x_wconf 72' lang='grc' dir='ltr'>σφόδρα</span> <span class='ocrx_word' id='word_1_741' title='bbox 2408 5376 2418 5386; x_wconf 88' lang='grc'>·</span> <span class='ocrx_word' id='word_1_742' title='bbox 2443 5357 2731 5426; x_wconf 81' lang='grc' dir='ltr'>ὲκακὼθην</span> <span class='ocrx_word' id='word_1_743' title='bbox 2785 5362 2990 5432; x_wconf 79' lang='grc' dir='ltr'>σφόδρα</span> <span class='ocrx_word' id='word_1_744' title='bbox 3025 5365 3404 5434; x_wconf 80' lang='grc' dir='ltr'>περιαλγήσας</span> <span class='ocrx_word' id='word_1_745' title='bbox 3432 5368 3524 5418; x_wconf 67' lang='grc' dir='ltr'>ἐπὶ</span> <span class='ocrx_word' id='word_1_746' title='bbox 3551 5370 3615 5437; x_wconf 84' lang='grc' dir='ltr'>τῇ</span> <span class='ocrx_word' id='word_1_747' title='bbox 3646 5369 3740 5418; x_wconf 73' lang='lat' dir='ltr'><strong>al-</strong></span> 
     </span>
    </p>
   </div>
   <div class='ocr_carea' id='block_1_111' title="bbox 2153 5448 3737 5525">
    <p class='ocr_par' dir='ltr' id='par_1_111' title="bbox 2153 5448 3737 5525">
     <span class='ocr_line' id='line_1_111' title="bbox 2153 5448 3737 5525; baseline 0.008 -26"><span class='ocrx_word' id='word_1_748' title='bbox 2153 5448 2462 5518; x_wconf 74' lang='grc' dir='ltr'>χμαλωσὶα.</span> <span class='ocrx_word' id='word_1_749' title='bbox 2523 5449 2651 5517; x_wconf 75' lang='grc' dir='ltr'><strong>Εγὼ</strong></span> <span class='ocrx_word' id='word_1_750' title='bbox 2675 5450 2741 5503; x_wconf 78' lang='grc' dir='ltr'><strong>δὲ</strong></span> <span class='ocrx_word' id='word_1_751' title='bbox 2760 5448 2896 5504; x_wconf 73' lang='grc' dir='ltr'>εἶπα</span> <span class='ocrx_word' id='word_1_752' title='bbox 2915 5453 2985 5505; x_wconf 76' lang='grc' dir='ltr'><strong>ἐν</strong></span> <span class='ocrx_word' id='word_1_753' title='bbox 3011 5453 3085 5521; x_wconf 78' lang='grc' dir='ltr'>τῇ</span> <span class='ocrx_word' id='word_1_754' title='bbox 3113 5455 3397 5510; x_wconf 78' lang='grc' dir='ltr'>ἐκστάσει</span> <span class='ocrx_word' id='word_1_755' title='bbox 3423 5469 3542 5525; x_wconf 79' lang='grc' dir='ltr'><strong>μου</strong></span> <span class='ocrx_word' id='word_1_756' title='bbox 3569 5474 3582 5486; x_wconf 82' lang='grc'><em>’</em></span> <span class='ocrx_word' id='word_1_757' title='bbox 3615 5455 3737 5521; x_wconf 82' lang='grc' dir='ltr'><strong>Πᾶς</strong></span> 
     </span>
    </p>
   </div>
   <div class='ocr_carea' id='block_1_112' title="bbox 2154 5539 3735 5623">
    <p class='ocr_par' dir='ltr' id='par_1_112' title="bbox 2154 5539 3735 5623">
     <span class='ocr_line' id='line_1_112' title="bbox 2154 5539 3735 5623; baseline 0.005 -31"><span class='ocrx_word' id='word_1_758' title='bbox 2154 5539 2464 5608; x_wconf 72' lang='grc' dir='ltr'>ἅνθρωπος</span> <span class='ocrx_word' id='word_1_759' title='bbox 2482 5543 2774 5610; x_wconf 70' lang='grc' dir='ltr'>ψεύστης.</span> <span class='ocrx_word' id='word_1_760' title='bbox 2803 5543 2892 5597; x_wconf 81' lang='grc' dir='ltr'>Ἐν</span> <span class='ocrx_word' id='word_1_761' title='bbox 2929 5548 2994 5614; x_wconf 85' lang='grc' dir='ltr'>τῇ</span> <span class='ocrx_word' id='word_1_762' title='bbox 3015 5545 3159 5617; x_wconf 78' lang='grc' dir='ltr'>λύπῃ</span> <span class='ocrx_word' id='word_1_763' title='bbox 3193 5566 3294 5617; x_wconf 87' lang='grc' dir='ltr'><strong>μου</strong></span> <span class='ocrx_word' id='word_1_764' title='bbox 3321 5550 3527 5623; x_wconf 76' lang='grc' dir='ltr'>ἐκείνῃ·</span> <span class='ocrx_word' id='word_1_765' title='bbox 3549 5548 3735 5616; x_wconf 79' lang='grc' dir='ltr'>ἐξιστᾷ</span> 
     </span>
    </p>
   </div>
   <div class='ocr_carea' id='block_1_113' title="bbox 2153 5633 3734 5713">
    <p class='ocr_par' dir='ltr' id='par_1_113' title="bbox 2153 5633 3734 5713">
     <span class='ocr_line' id='line_1_113' title="bbox 2153 5633 3734 5713; baseline 0.005 -27"><span class='ocrx_word' id='word_1_766' title='bbox 2153 5635 2262 5704; x_wconf 71' lang='grc' dir='ltr'>γὰρ</span> <span class='ocrx_word' id='word_1_767' title='bbox 2280 5633 2371 5686; x_wconf 76' lang='grc' dir='ltr'>τοῦ</span> <span class='ocrx_word' id='word_1_768' title='bbox 2395 5636 2796 5705; x_wconf 71' lang='grc' dir='ltr'>καθεστηκότος</span> <span class='ocrx_word' id='word_1_769' title='bbox 2822 5638 3084 5702; x_wconf 69' lang='grc' dir='ltr'>πολλάκις</span> <span class='ocrx_word' id='word_1_770' title='bbox 3115 5642 3147 5712; x_wconf 77' lang='grc' dir='ltr'>ἡ</span> <span class='ocrx_word' id='word_1_771' title='bbox 3182 5640 3352 5710; x_wconf 80' lang='grc' dir='ltr'>λύπη,</span> <span class='ocrx_word' id='word_1_772' title='bbox 3379 5643 3734 5713; x_wconf 74' lang='grc' dir='ltr'>σφοδρότερον</span> 
     </span>
    </p>
   </div>
   <div class='ocr_carea' id='block_1_114' title="bbox 2154 5725 3732 5803">
    <p class='ocr_par' dir='ltr' id='par_1_114' title="bbox 2154 5725 3732 5803">
     <span class='ocr_line' id='line_1_114' title="bbox 2154 5725 3732 5803; baseline 0.006 -28"><span class='ocrx_word' id='word_1_773' title='bbox 2154 5725 2210 5776; x_wconf 78' lang='grc' dir='ltr'><strong>δὲ</strong></span> <span class='ocrx_word' id='word_1_774' title='bbox 2241 5727 2661 5796; x_wconf 81' lang='grc' dir='ltr'>κατασχεθείσα,</span> <span class='ocrx_word' id='word_1_775' title='bbox 2691 5729 2783 5781; x_wconf 76' lang='grc' dir='ltr'>καὶ</span> <span class='ocrx_word' id='word_1_776' title='bbox 2809 5729 3170 5801; x_wconf 77' lang='grc' dir='ltr'>ἀναισθησίαν</span> <span class='ocrx_word' id='word_1_777' title='bbox 3208 5735 3528 5803; x_wconf 73' lang='grc' dir='ltr'>ἐργάζεται.</span> <span class='ocrx_word' id='word_1_778' title='bbox 3588 5732 3732 5787; x_wconf 69' lang='grc' dir='ltr'><strong>Ἰδὼν</strong></span> 
     </span>
    </p>
   </div>
   <div class='ocr_carea' id='block_1_115' title="bbox 2152 5814 3726 5896">
    <p class='ocr_par' dir='ltr' id='par_1_115' title="bbox 2152 5814 3726 5896">
     <span class='ocr_line' id='line_1_115' title="bbox 2152 5814 3726 5896; baseline 0.005 -30"><span class='ocrx_word' id='word_1_779' title='bbox 2152 5814 2260 5885; x_wconf 79' lang='grc' dir='ltr'>γὰρ</span> <span class='ocrx_word' id='word_1_780' title='bbox 2300 5815 2533 5884; x_wconf 75' lang='grc' dir='ltr'>μάλιστα</span> <span class='ocrx_word' id='word_1_781' title='bbox 2565 5817 2623 5872; x_wconf 70' lang='grc' dir='ltr'>τὸ</span> <span class='ocrx_word' id='word_1_782' title='bbox 2671 5819 2926 5874; x_wconf 72' lang='grc' dir='ltr'>ἀϐέϐαιον</span> <span class='ocrx_word' id='word_1_783' title='bbox 2972 5822 3069 5894; x_wconf 79' lang='grc' dir='ltr'>τῆς</span> <span class='ocrx_word' id='word_1_784' title='bbox 3133 5823 3485 5896; x_wconf 76' lang='grc' dir='ltr'>ἀνθρωπίνης</span> <span class='ocrx_word' id='word_1_785' title='bbox 3527 5824 3726 5893; x_wconf 59' lang='lat' dir='ltr'><strong>sitqua-</strong></span> 
     </span>
    </p>
   </div>
  </div>
