4102 6206
341 199 471 263 112i

1531 181 1924 243 COMMENT.
1971 178 2052 238 1N
2098 179 2457 239 PSALMOS.

3469 175 3614 242 1122

339 312 462 384 ρίας
490 309 546 361 ὲν
580 308 648 375 τῇ
674 301 946 373 μεταϐολῇ
975 297 1074 368 τῆς
1116 293 1424 367 εὐημερίας
1457 292 1568 346 τῶν
1627 290 1918 351 Ἰουδαίων,

2042 289 2148 343 ;ine
2177 305 2369 355 sensu,
2431 305 2497 346 eo
2531 289 2677 361 quod
2718 291 3013 345 maximam
3044 289 3302 345 humanae
3331 288 3613 349 fclicitatis

337 401 494 457 εἷπον
527 400 697 461 ὅντως
729 398 810 450 ὅτι
863 396 975 447 πᾶν
1020 390 1365 461 ἀνθρώπινον
1427 383 1654 453 ἀγαθὸν,
1709 381 1923 452 ψευδὲς,

343 495 420 567 μὴ
451 492 696 561 πεφυκὸς
725 486 1093 558 παραμένειν,
1119 481 1234 536 ἀλλ’
1261 479 1386 534 ἐπεὶ
1436 479 1600 533 πάλιν
1628 475 1926 542 ἀνάκλησιν

339 585 550 649 ἐλπίζω
595 582 800 652 εὑρεῖν,
826 577 1168 647 ὑπερχαίρω,
1193 573 1273 626 διὸ
1307 572 1400 624 καὶ
1435 570 1612 637 λέγω·
1658 568 1719 620 Τί
1745 567 1926 619 ἀντα-

338 678 595 734 ποδώσω
624 674 704 740 τῷ
730 672 923 741 Κυρίῳ
951 669 1087 738 περὶ
1111 669 1375 730 πάντων,
1416 656 1504 716 ὧν
1544 655 1929 716 ἀηαπέδωκέ

336 767 730 843 μοι;οἱκείαν
782 761 1108 835 εὐεργεσίαν
1176 758 1334 812 τοῦτο
1386 753 1686 822 λογίζεται,
1722 750 1812 804 διὰ
1867 747 1927 800 τὸ

343 840 500 933 γένος
523 879 537 894 ο
569 858 749 914 Πολλὰ
783 857 906 927 μὲν,
941 853 1128 926 φησὶν,
1156 849 1528 922 εὐηργέτησεν
1562 846 1590 898 6
1623 843 1848 914 Κύριος,
1875 840 1928 894 τί

346 953 442 1011 οὖν
472 954 596 1009 ἀντὶ
628 953 849 1005 πάντων
873 944 1248 1003 ἀνταποδώσω
1273 941 1457 1010 αὐτῷ;
1519 936 1728 1006 Πολλῆς
1775 951 1929 1004 περι-

339 1048 592 1121 χαρείας,
619 1043 716 1099 καὶ
743 1037 1166 1112 εὐγνωμοσύνης
1192 1035 1220 1087 6
1246 1035 1406 1103 λόγος
1430 1075 1445 1090 ,
1491 1028 1790 1096 Ποτήριον
1807 1043 1927 1080 σω·

341 1118 551 1209 τηρίου
580 1137 877 1205 λήψομαι,
907 1132 1194 1187 σπονδεῖον
1228 1126 1510 1199 λήψομαν
1577 1121 1788 1176 σπείσω
1851 1118 1932 1188 τῷ

341 1233 460 1304 Θεῷ
511 1231 651 1301 ὑπὲρ
680 1227 956 1297 σωτηρίας
981 1224 1074 1278 τοῦ
1098 1216 1440 1278 λαοῦίἮσαν
1464 1217 1574 1288 γὰρ
1611 1213 1766 1286 παρὰ
1793 1213 1931 1304 ’lou-

342 1301 513 1386 δαὶοις
534 1321 732 1393 τράποι
765 1317 1024 1388 διάφοροι
1070 1313 1298 1379 θυσιῶν,
1333 1305 1410 1365 ὧν
1437 1305 1519 1371 είς
1552 1304 1665 1393 ἦνζ
1689 1301 1931 1370 σπονδὴ

341 1388 666 1476 σωτηρίου,
702 1406 982 1458 σπονδεῖον
1022 1403 1080 1456 δὲ
1107 1402 1168 1456 τὸ
1203 1401 1487 1470 ποτήριον,
1515 1398 1584 1452 δι’
1607 1388 1670 1450 οὗ
1731 1394 1934 1447 ἕσπον-

339 1501 447 1554 δον.
480 1497 593 1552 Καὶ
626 1498 691 1551 τὸ
722 1497 913 1566 ὄνομα
933 1493 1160 1569 Κυρίου
1198 1489 1662 1558 ἐπικαλέσομαι·
1693 1487 1772 1545 είς
1831 1501 1936 1535 σω-

339 1590 538 1663 τηρίαν
568 1589 663 1643 τού
702 1588 863 1643 λαοῦ.
912 1586 1029 1653 Τὰς
1053 1584 1242 1653 εὐχάς
1263 1601 1384 1653 μου
1417 1581 1501 1646 τῷ
1528 1579 1728 1648 Κυρίῳ
1781 1576 1932 1630 ἀπο·-

341 1686 516 1740 δώσω
569 1683 856 1739 ἐναντίον
907 1681 1138 1746 παντὸς
1189 1677 1298 1733 τοῦ
1337 1676 1496 1732 λαοῦ
1545 1673 1757 1730 αὺτοῦ.
1817 1673 1929 1734 Τὰς

345 1775 671 1848 ὑποσχέσεις
705 1775 772 1839 ἃς
795 1775 855 1828 ἐν
897 1770 1290 1844 περιστάσεσιν
1345 1767 1443 1833 ὢν,
1477 1767 1620 1838 ὑπὲρ
1652 1764 1930 1834 σωτηρίας

343 1868 783 1940 ἐπηγγειλάμην·
817 1867 1014 1932 Τίμιος
1035 1862 1318 1916 ἐναντίον
1354 1859 1580 1928 Κυρίου
1612 1860 1644 1911 ὀ
1674 1855 1932 1920 θάνατος

344 1961 462 2016 τῶν
477 1960 665 2015 ὁσίων
690 1956 901 2012 αὐτοῦ.
927 1955 1100 2008 Τοῦτο
1129 1954 1546 2023 καθοδηγητικη
1576 1947 1928 2010 διδασκαλία,

347 2052 477 2124 περὶ
503 2049 600 2104 τοῦ
626 2048 896 2118 τιμᾶσθαι
932 2047 1085 2118 παρὰ
1112 2045 1274 2111 Θεοῦ,
1306 2045 1406 2098 καὶ
1437 2043 1531 2097 τὸν
1563 2042 1797 2096 θάνατον
1821 2039 1931 2091 τῶν

347 2145 551 2201 δούλων
586 2140 776 2208 αὐτοῦ,
811 2139 900 2194 διὰ
962 2136 1276 2208 παρουσίας
1335 2134 1589 2204 ἀγγέλων
1650 2131 1932 2194 πολλάκις,

349 2237 445 2293 καὶ
474 2235 689 2290 πολλῶν
725 2231 918 2302 ἁγίων,
961 2233 1042 2294 εἰς
1066 2228 1274 2299 πολλὴν
1301 2226 1470 2298 τιμὴν
1524 2226 1634 2279 τῶν
1695 2224 1936 2291 ἀποθνη-

348 2327 611 2381 σκόντων.
639 2318 740 2376 Ὧν
757 2323 814 2376 δὲ
837 2324 865 2375 6
888 2321 1120 2383 Θάνατος
1146 2318 1351 2390 τίμιος,
1371 2317 1579 2371 τούτων
1624 2315 1720 2369 καὶ
1764 2315 1797 2384 ἡ
1821 2313 1936 2382 ζωὴ

353 2416 701 2488 τιμιωτέρω
732 2415 792 2466 ὲν
896 2412 995 2476 τὰς
1031 2411 1235 2482 ἀρετάς
1263 2408 1649 2478 ἐργαζόμενοι,
1679 2407 1772 2458 τὸν
1817 2405 1938 2456 tau-

348 2508 462 2564 τῶν
521 2506 857 2577 ἐθεράπευον
881 2503 1172 2570 δεσπότην.
1202 2497 1279 2555 Ὦ
1308 2498 1510 2568 Κύριε,
1540 2497 1655 2567 ἐγὼ
1717 2495 1938 2559 δοῦλος

347 2603 482 2667 σὸς,
510 2601 610 2654 καὶ
637 2598 769 2664 υίὸς
792 2595 902 2665 τῆς
931 2595 1262 2660 παιδίσκης
1296 2609 1414 2646 σου
1445 2607 1461 2624 ο
1499 2592 1559 2643 οὐ
1599 2590 1698 2659 τὴν
1751 2589 1938 2658 κοινὴν

346 2694 526 2762 λέγων
579 2691 847 2758 δουλείαν,
875 2689 996 2744 καθ’
1027 2689 1095 2757 ἢν
1150 2687 1355 2749 πάντες
1419 2683 1594 2738 δοῦλοί
1648 2683 1752 2735 εἰσι
1802 2680 1937 2734 Θεοῦ

347 2783 453 2855 (Τὰ
489 2785 820 2854 σύμπαντα
875 2782 1006 2852 γὰρ,
1044 2779 1232 2851 φησὶν,
1267 2777 1462 2832 δοῦλα
1498 2775 1624 2846 σὰ),
1654 2773 1798 2828 ἀλλὰ
1838 2773 1938 2844 τὴν

348 2878 413 2928 ἐκ
452 2874 835 2944 προαιρέσεως
863 2873 957 2926 καὶ
988 2869 1182 2933 πόθου,
1224 2867 1318 2920 καὶ
1347 2867 1583 2935 στοργῆς
1608 2879 1622 2894 ⁶
1662 2863 1850 2933 τίθησι
1883 2863 1939 2915 δὲ

2033 384 2462 440 inconstantiam
2507 399 2811 446 cernerem,
2854 393 3017 452 atque
3049 384 3100 438 iu
3137 383 3316 452 specie
3344 385 3618 438 mutatio-

2031 491 2154 530 nem
2191 483 2367 530 status
2401 475 2716 532 Judteorum
2749 476 3129 546 prmviderem,
3157 476 3270 529 dixi
3299 474 3478 531 :Vere
3505 477 3617 529 bu-

2033 582 2256 622 manum
2287 584 2450 624 omne
2479 569 2684 624 bonum
2718 569 2882 622 fallax
2927 579 3032 633 est,
3071 568 3198 636 quia
3245 568 3481 637 propriae
3512 581 3613 620 na-

2033 668 2166 715 turae
2197 662 2407 715 ratione
2436 676 2765 731 permanens
2795 676 2902 715 non
2945 668 3048 716 est.
3084 658 3284 714 Verum
3315 659 3442 727 quia
3476 660 3604 714 illos

2032 769 2227 808 rursus
2279 759 2331 807 in
2391 754 2626 824 patriam
2683 755 3029 809 revocandos
3077 753 3355 822 perspexi,
3404 761 3458 805 et
3504 766 3619 806 non

2033 847 2291 901 mediocri
2325 856 2610 916 propterea
2640 845 2840 917 gaudio
2867 844 3097 898 allectus
3125 859 3268 907 sum,
3293 843 3446 896 dico:
3474 841 3615 906 Quid

2032 936 2322 989 retribuam
2350 935 2599 1003 Domino,
2629 953 2724 1006 pro
2753 937 2992 990 omnibus
3023 951 3140 1004 qua
3173 933 3416 987 retribuit
3449 933 3622 985 mihi?

2034 1023 2153 1082 Sibi
2183 1029 2328 1083 enim
2357 1029 2631 1099 Propheta
2662 1037 2828 1100 atque
2869 1029 2921 1082 in
2958 1028 3226 1082 rationem
3260 1042 3418 1082 suam
3464 1040 3624 1082 accc-

2033 1129 2186 1191 ptum
2227 1121 2393 1176 refert
2425 1138 2588 1176 omne
2626 1122 2974 1182 beneﬁcium.
3006 1121 3151 1190 quod
3185 1121 3238 1173 in
3264 1118 3486 1174 Iudaeos
3522 1133 3625 1173 co-

2034 1219 2230 1283 gnatos
2273 1228 2402 1269 suos
2451 1213 2618 1268 fuerit
2656 1214 2937 1269 collatum.
2977 1211 3146 1266 Multa
3184 1211 3355 1276 mihi,
3395 1210 3578 1280 inquit
3603 1249 3619 1273 ,

2036 1303 2300 1358 beneficia
2335 1305 2566 1358 contulit
2599 1304 2884 1360 Dominus.
2920 1303 3064 1369 Quid
3099 1304 3266 1374 igitur
3297 1320 3396 1374 pro
3429 1303 3615 1358 omni—

2036 1399 2137 1452 bus
2179 1397 2262 1451 his
2314 1397 2390 1450 illi
2439 1397 2780 1452 retribuam?
2832 1397 3012 1450 Animi
3062 1396 3221 1452 valde
3269 1398 3408 1467 grati
3460 1405 3625 1466 atque

2035 1489 2228 1544 hilaris
2250 1497 2378 1543 sunt
2405 1489 2575 1542 verba
2608 1504 2622 1541 :
2650 1488 2885 1542 Calicem
2919 1490 3180 1544 salutaris
3213 1492 3493 1558 accipiam,
3520 1490 3627 1543 hoc

2037 1589 2160 1644 est,
2197 1596 2293 1636 vas
2330 1581 2679 1635 libaminum.
2719 1580 2954 1647 Libabo,
3001 1583 3177 1652 inquit
3209 1624 3223 1648 ,
3261 1581 3368 1637 Deo
3402 1596 3500 1652 pro
3541 1596 3630 1636 sa-

2035 1675 2150 1727 lute
2185 1673 2393 1743 pOpuli.
2417 1671 2585 1727 Erant
2614 1673 2760 1727 enim
2796 1673 2941 1743 apud
2975 1673 3193 1728 Judtcos
3225 1673 3361 1727 varii
3398 1673 3623 1727 sacriﬁ-

2035 1766 2248 1820 ciorum
2292 1763 2436 1817 modi
2468 1781 2481 1815 :
2517 1779 2750 1833 quorum
2781 1779 2926 1817 unus
2981 1765 3216 1818 libamen
3249 1763 3510 1818 salutaris
3544 1764 3632 1817 di-

2036 1859 2283 1914 cebatur.
2318 1855 2428 1912 Vas
2489 1865 2672 1911 autem
2741 1857 2894 1920 illud,
2955 1872 3064 1926 quo
3126 1858 3392 1923 libabant,
3437 1857 3627 1911 calicis

2039 1949 2266 2020 ﬁguram
2317 1947 2570 2002 habebat.
2607 1944 2674 1999 Et
2713 1962 2899 1999 nomen
2937 1945 3148 1999 Domini
3197 1947 3450 2000 invocabo
3495 1961 3511 2000 :
3551 1947 3619 2000 ad

2037 2043 2269 2094 salutem
2301 2039 2526 2108 populi;
2559 2037 2689 2092 Vota
2723 2055 2838 2091 mea
2874 2038 3098 2091 Domino
3129 2039 3373 2106 reddant,
3412 2041 3465 2092 in
3494 2055 3622 2091 conv

2038 2142 2218 2201 δραι-ιιι
2269 2132 2441 2183 omnis
2478 2130 2662 2198 populi
2711 2130 2857 2198 ejus,
2914 2132 3018 2184 hoc
3077 2142 3178 2193 est,
3236 2130 3630 2199 promissione:

2040 2226 2164 2280 illas
2221 2225 2550 2294 persolvant,
2583 2237 2722 2292 quas
2759 2223 2862 2300 feci
2895 2238 2996 2292 pro
3026 2224 3204 2278 Salute
3242 2239 3358 2277 mea
3386 2239 3506 2278 cum
3544 2238 3630 2275 es—

2041 2332 2154 2372 sem
2189 2318 2242 2370 in
2273 2316 2554 2386 periculis.
2592 2313 2836 2368 Pretiosa
2872 2315 2923 2367 in
2949 2327 3227 2383 conspectu
3252 2315 3461 2367 Domini
3487 2330 3630 2367 mers

2041 2421 2350 2464 sanctorum
2375 2408 2509 2476 ejus.
2539 2406 2807 2462 Docentur
2838 2423 2901 2461 ex
2933 2411 3033 2460 hoc
3066 2407 3209 2469 Ιο‹ο,
3245 2420 3473 2460 mortem
3507 2421 3629 2460 ενι·-

2042 2517 2238 2556 verum
2293 2501 2406 2564 Dei,
2457 2501 2774 2569 angelorum
2813 2515 2877 2554 ac
2931 2510 3254 2553 cteterorum
3307 2507 3626 2553 sanctorum

2041 2593 2334 2665 praesentia
2368 2607 2614 2661 persaepe
2642 2590 2924 2646 honorari.
2963 2589 3210 2655 Quorum
3257 2600 3382 2644 autc
3407 2609 3436 2641 n
3477 2604 3628 2644 mors

2029 2688 2314 2743 .bonorata
2345 2696 2428 2740 est
2453 2723 2466 2746 ,
2512 2685 2730 2738 illorum
2770 2685 2876 2736 vita
2915 2684 3082 2738 etiam
3116 2691 3198 2738 cst
3249 2682 3568 2737 honoratior
3611 2698 3624 2732 :

2043 2781 2096 2835 in
2131 2795 2260 2848 qua,
2293 2787 2571 2832 sectantes
2607 2777 2869 2831 virtutum
2907 2791 3090 2844 opera.
3141 2776 3430 2828 hominum
3464 2789 3626 2828 suum

2043 2873 2320 2926 colebant.
2365 2869 2409 2924 0
2449 2870 2693 2934 Domine,
2743 2885 2834 2938 ego
2867 2886 3042 2921 servus
3081 2879 3223 2924 tuus.
3274 2877 3320 2918 et
3353 2867 3497 2933 [ilius
3531 2881 3632 2916 an-

347 2969 529 3034 τοῦτο,
563 2968 688 3021 ἀντὶ
725 2966 930 3028 παντὸς
988 2963 1328 3032 ἀξιώματος,
1380 2957 1936 3028 ὲγκαλλωπιζὸμενος

2042 2963 2183 3017 cilla:
2218 2971 2342 3016 tute.
2377 2961 2494 3014 Non
2546 2975 2892 3015 communem
2944 2958 3086 3011 hanc
3136 2957 3456 3011 SCI'\iilllt‘Il|
3495 2955 3631 3006 Pro-

346 3065 416 3132 τῇ
475 3058 700 3130 τοιαύτῃ
760 3058 979 3128 δουλεία
1036 3054 1241 3125 μᾶλλον
1268 3053 1299 3123 ἢ
1331 3055 1398 3123 τῇ
1445 3050 1716 3122 βασιλεία.
1740 3050 1813 3102 Τὸ
1845 3049 1932 3114 δὲ,

357 3154 496 3218 Υἱὸς
527 3151 637 3220 τῆς
669 3150 1008 3216 παιδίσκης
1040 3163 1182 3207 σου,
1207 3145 1351 3197 κατὰ
1377 3144 1478 3212 τὴν
1536 3142 1938 3212 παραδοθεῖσαν

353 3247 638 3315 ἐξήγησιν.
666 3241 998 3310 Διέρῤηξας
1020 3239 1163 3304 τοὺς
1199 3237 1465 3306 δεσμούς
1484 3253 1628 3305 μου,
1657 3235 1786 3297 τοὺς
1840 3235 1939 3302 τῆς

351 3337 551 3406 λύπης,
602 3335 730 3398 τούς
783 3333 893 3386 άπδ
936 3331 1046 3385 τῶν
1099 3327 1453 3400 πειρασμῶν,
1501 3326 1565 3379 δοῖ
1603 3325 1812 3396 σφόδρα
1871 3341 1940 3394 με

358 3432 623 3498 συνεῖχον,
659 3427 752 3478 καὶ
789 3422 1194 3492 συσφίγγοντες
1221 3421 1463 3484 ὲπίεζον.
1505 3418 1581 3469 “ll
1636 3418 1732 3469 καὶ
1800 3416 1944 3468 κατὰ

354 3523 456 3594 τὴν
509 3518 769 3589 ἀνωτέρω
821 3514 1085 3586 ῥηθεῖσαν
1157 3512 1494 3582 ἑρμηνείανο
1547 3507 1648 3562 Σοί
1719 3506 1944 3560 θυσίαν

358 3617 525 3671 θύσω
563 3611 876 3674 αἰνέσεως,
921 3607 1068 3679 ὑπὲρ
1087 3606 1186 3675 τῆς
1213 3601 1554 3675 διαῤῥήξεως
1594 3599 1798 3664 αὐτῶν,
1849 3595 1944 3659 οὓς

358 3708 652 3780 διέρῤηξας
688 3704 766 3775 τῷ
808 3703 956 3772 ξίφει
981 3702 1079 3766 τῆς
1122 3695 1568 3768 φιλανθρωπίας.
1607 3693 1817 3746 Θυσίαν
1889 3691 1946 3743 δὲ

358 3801 621 3862 αἰνέσεως
658 3797 807 3865 λέγει
852 3795 950 3864 τὴν
995 3790 1325 3862 ὑμνολογίαν
1376 3789 1469 3841 καὶ
1529 3784 1920 3856 εὐχαριστίαν.

361 3892 472 3946 Kal
487 3894 556 3945 ἐν
577 3891 822 3959 ὀνόματι
843 3887 1067 3953 Κυρίου
1101 3881 1566 3949 ἑπικαλέσομαι,
1589 3879 1950 3944 ἁντὶ,“’ονομει

365 3985 575 4055 Κυρίου
603 3980 1009 4049 ὲπικαλέσομαι
1042 4017 1056 4043 ,
1101 3980 1196 4030 καὶ
1263 3976 1345 4037 είς
1395 3975 1523 4036 τοὺς
1575 3971 1699 4041 ἑξῆς
1757 3985 1951 4039 πειρα-

365 4080 539 4147 σμοὺς
568 4078 766 4144 πεῖραν
796 4071 980 4126 λαϐὼν
1020 4069 1124 4139 τῆς
1193 4066 1482 4136 δυνάμεως
1543 4064 1639 4116 τοῦ
1701 4060 1949 4115 τοιούτου

365 4167 758 4239 δνὸματος.Τὰ
815 4165 873 4218 δὲ
911 4163 1077 4216 λοιπά
1139 4161 1285 4214 κατὰ
1330 4158 1429 4230 τὴν
1477 4153 1952 4229 προεξηγηθεῖσαν

365 4261 628 4314 διάνοιαν.
663 4255 934 4310 Ἐνὼπιον
983 4255 1040 4306 δὲ
1067 4252 1267 4315 παντὸς
1296 4249 1391 4303 τοῦ
1420 4248 1551 4301 λαοῦ
1577 4245 1831 4301 ἀπεδίδου
1853 4245 1954 4306 τάς

2043 3056 2202 3126 pheta
2241 3054 2514 3124 intelligit,
2544 3053 2698 3121 juxta
2753 3067 2916 3122 quam
2952 3065 3144 3104 Omnes
3197 3059 3326 3102 sunt
3359 3047 3502 3100 servi
3536 3046 3627 3097 Dei

2045 3149 2261 3221 (Omnia
2298 3147 2468 3205 enim,
2520 3145 2734 3213 inquit.
2785 3145 3020 3197 serviant
3056 3142 3149 3194 tibi
3189 3143 3276 3208 ”),
3321 3140 3413 3194 sed
3464 3142 3630 3194 aliam

2045 3239 2364 3295 servitutem
2399 3238 2690 3303 electione,
2722 3236 3018 3299 desiderio,
3043 3244 3205 3297 atque
3231 3248 3418 3286 amore
3448 3248 3635 3286 susce-

2045 3341 2190 3404 ptam
2226 3347 2241 3384 :
2281 3345 2443 3400 quam
2483 3329 2698 3384 caeteris
2751 3328 3011 3382 omnibus
3043 3325 3314 3396 praeponit
3350 3324 3634 3394 dignitati-

2046 3423 2170 3483 bus.
2215 3422 2501 3476 exsultans
2543 3430 2598 3475 et
2633 3434 2694 3474 se
2731 3417 2904 3488 magis
2933 3417 3155 3486 jactans
3208 3416 3262 3468 in
3311 3414 3631 3483 bujusmodi

2049 3516 2343 3575 servitute,
2379 3529 2544 3582 quam
2593 3515 2646 3565 in
2697 3510 2843 3578 regia
2892 3525 2991 3564 sua
3037 3521 3262 3562 corona.
3305 3505 3461 3570 Quod
3503 3521 3634 3570 vero

2047 3607 2122 3661 ait
2168 3623 2182 3660 :
2221 3605 2286 3658 Et
2319 3605 2464 3672 filius
2505 3602 2720 3655 ancilla
2751 3612 2893 3665 tute,
2935 3600 3212 3653 consimili
3263 3601 3424 3653 modo
3473 3599 3638 3652 intel-

2050 3696 2172 3765 lige.
2205 3692 2493 3761 Diripuisti
2519 3689 2732 3745 uincula
2777 3703 2936 3742 mea:
2968 3688 3215 3748 vincula.
3243 3689 3492 3756 inquam,
3535 3691 3636 3741 tri-

2051 3787 2237 3848 stitire,
2272 3783 2477 3854 quibus
2527 3783 2597 3836 ob
2631 3781 2887 3836 assiduas
2915 3779 3258 3834 calamitates
3295 3780 3640 3848 Constringe-

2051 3881 2171 3935 bar.
2222 3876 2319 3930 Vel
2363 3875 2518 3946 juxta
2550 3873 2947 3944 expositionem
2991 3871 3303 3941 praedictam
3341 3887 3354 3923 :
3392 3867 3508 3921 Tibi
3544 3886 3635 3921 sa-

2052 3970 2301 4040 criﬁcabo
2360 3969 2590 4021 hostiam
2644 3965 2840 4025 laudis,
2908 3979 3008 4035 pro
3059 3963 3374 4032 diruptionc
3424 3963 3637 4016 scilicet

2052 4065 2365 4136 bujusmodi
2414 4063 2802 4126 vinculorum;
2854 4059 3112 4130 dirupisti
3162 4059 3306 4112 enim
3352 4074 3414 4111 ea
3458 4057 3638 4127 gladio

2054 4162 2462 4218 misericordia'.
2500 4158 2604 4212 Per
2643 4156 2976 4212 sacriﬁcium
3022 4164 3203 4208 autem
3240 4153 3440 4213 laudis,
3484 4152 3642 4221 bym-

2055 4269 2157 4308 nos
2197 4262 2250 4307 et
2282 4251 2582 4321 gratiarum
2627 4247 2872 4300 actiones
2919 4244 3196 4312 intelligit.
3241 4239 3304 4293 Et
3341 4242 3392 4293 in
3427 4239 3645 4293 nomine

369 4351 556 4422 εὐχάς,
583 4351 683 4402 οὐκ
711 4346 1188 4415 ἐπιδεικνύμενος,
1264 4343 1401 4399 ἀλλὰ
1461 4341 1674 4402 πάντας
1728 4340 1808 4401 είς
1859 4337 1936 4389 τοι

2069 4345 2283 4397 Domini
2338 4341 2612 4401 invocabo,
2662 4352 2783 4408 pro,
2827 4335 3033 4388 Nomen
3085 4332 3298 4388 Domini
3348 4331 3638 4385 invocabo.

369 4441 570 4498 ἑαυτοῦ
608 4441 771 4510 ζῆλον
797 4437 1141 4508 άνάγων,καὶ
1183 4431 1481 4497 κοινωνοὺς
1503 4431 1804 4502 λαμϐάνων
1853 4428 1948 4482 τοῦ

370 4538 721 4608 πράγματος.
768 4532 956 4600 Πάσης
1002 4531 1060 4584 δὲ
1084 4528 1277 4591 θυσίας
1308 4523 1780 4593 εὐαποδεκτοτέρα
1829 4520 1951 4591 Θεῷ

369 4632 402 4700 ἡ
441 4626 788 4697 εὐχαριστία,
822 4625 915 4677 καὶ
949 4623 1187 4694 πρᾶγμά
1219 4623 1369 4673 ἔστιν
1446 4619 1798 4688 εὐπόριστον,
1855 4615 1954 4668 καὶ

369 4716 541 4790 οὗπερ
561 4719 783 4786 εὐπορεῖ
805 4718 946 4771 κατὰ
962 4716 1136 4768 πάντα
1168 4713 1358 4784 καιρὸν
1375 4713 1470 4766 καὶ
1486 4713 1514 4765 6
1553 4711 1776 4765 πάντων
1811 4709 1951 4763 άπο-

375 4829 638 4883 ρωτατος.

2065 4433 2292 4488 Summa
2333 4431 2476 4486 enim
2516 4427 2652 4482 mihi
2693 4436 2773 4480 est
2814 4425 3010 4480 liducia
3043 4425 3097 4477 in
3134 4423 3298 4490 hujus
3333 4420 3503 4474 divini
3545 4433 3645 4473 no-

2059 4525 2226 4583 minis
2255 4522 2626 4585 invocatione,
2661 4527 2948 4590 postquam
2981 4517 3128 4572 illius
3169 4517 3316 4569 vires
3344 4529 3407 4566 ac
3449 4521 3645 4582 poten-

2066 4617 2202 4669 tiam
2257 4614 2375 4684 ipse
2433 4611 2597 4665 etiam
2639 4609 3018 4679 experimento
3059 4607 3312 4678 cognovi.
3369 4603 3499 4671 Quae
3553 4619 3645 4658 se-

2063 4716 2329 4779 quuntur,
2364 4704 2630 4774 intellige,
2656 4703 2813 4772 juxta
2833 4716 2896 4756 ea
2932 4715 3053 4769 qua:
3076 4697 3331 4767 superius
3365 4697 3643 4750 declarata

2061 4811 2210 4856 sunt.
2248 4797 2509 4853 Reddidit
2539 4799 2707 4850 etiam
2742 4806 2863 4847 vcta
2894 4809 3015 4854 sua,
3041 4791 3236 4845 beatus
3261 4787 3426 4840 David
3451 4801 3640 4840 coram

372 4880 521 4961 οηιηὶ
551 4906 771 4977 populo.
802 4921 909 4960 non
946 4912 1004 4958 ut
1037 4902 1191 4974 quasi
1228 4900 1625 4972 gloriabundus
1658 4897 1860 4968 aliquis
1886 4911 1944 4952 se
1984 4901 2317 4956 ostentaret,
2357 4889 2454 4945 sed
2494 4897 2554 4943 ut
2583 4899 2808 4943 cmteros
2845 4885 2911 4940 ad
2980 4885 3066 4940 sui
3114 4883 3472 4938 imitationem
3542 4880 3645 4928 all-

373 5001 696 5062 dueeret.ct
727 4997 909 5068 operis
941 4997 1026 5051 sui
1055 4995 1258 5051 faceret
1286 4995 1602 5065 participes.
1625 4992 1742 5062 Ipsa
1769 5000 1949 5047 autem
1991 4989 2295 5061 gratiarum
2339 4984 2482 5039 actio
2509 4981 2787 5049 acceptior
2853 4985 2938 5034 est
3004 4977 3154 5032 omni
3198 4973 3490 5028 sacriﬁcio.
3540 4965 3646 5018 Fa-

374 5095 576 5146 cillima
608 5099 868 5162 ρωποι-οε
910 5105 997 5144 res
1026 5098 1134 5155 est,
1168 5095 1222 5142 et
1285 5102 1392 5157 qua
1440 5087 1486 5140 is
1534 5060 1698 5140 etiam
1765 5083 1862 5154 qui
1912 5060 2158 5138 omnium
2213 5073 2693 5145 indigentissimus
2762 5069 2951 5134 fuerit,
3025 5076 3357 5136 quocunque
3405 5060 3649 5127 tempore

376 5198 553 5262 potest
585 5186 884 5243 abundare.

980 5275 1370 5342 Ἀλληλούῖα.

907 5368 1205 5422 ΨΑΑΜΟΣ
1230 5368 1394 5433 Piq'.

453 5465 888 5536 Εὐχαριστήριος
939 5462 1035 5514 καὶ
1062 5457 1216 5524 οὗτος
1258 5460 1286 5513 6
1337 5457 1586 5529 ψαλμόςο
1641 5455 1796 5510 καλεῖ
1849 5452 1959 5525 γάρ

459 5649 496 5679 ⁸⁷
547 5645 692 5701 Psal.
731 5646 1038 5711 cxvut,9l.

2753 5254 3004 5310 Alleluia.

2579 5343 2904 5403 PSALMUS
2957 5339 3143 5395 CXVI.

2141 5446 2243 5505 llic
2291 5446 2536 5518 psalmus
2570 5441 2868 5512 gratiarum
2902 5435 3066 5491 etiam
3105 5430 3348 5486 actiones
3381 5421 3648 5486 continet.
