4076 6204
486 189 619 254 1123

1680 194 2062 254 EUTHYMII
2104 197 2488 263 ZiGABENI.’

3631 199 3783 266 112i

483 309 750 364 convocat
783 305 929 360 enim
961 305 1244 360 universas
1275 312 1467 372 gentes
1508 303 1575 358 ad
1610 303 1814 360 Christi
1849 305 2050 360 laudes.

2171 309 2348 362 πάντα
2387 310 2456 363 τὰ
2486 309 2614 381 ἔθνη
2667 311 2805 382 πρὸς
2847 311 3200 382 ὑμνολογίαν,
3249 313 3347 369 καὶ
3401 314 3778 388 εὐχαριστίαν

485 411 537 454 et
568 401 633 453 ad
671 403 872 469 gratias
904 400 954 452 ei
988 398 1244 467 agendas,
1277 413 1374 465 pro
1407 396 1574 452 tantis
1615 396 1668 452 in
1710 413 1811 450 nos
1842 397 2061 452 collatis

487 494 796 548 beneﬁcus.

555 581 723 636 Vens.
763 583 810 635 1.
853 579 1092 633 Laudate
1146 579 1424 632 Dominum
1464 596 1640 633 omnes
1677 590 1876 649 gentes.
1927 579 2062 636 Uni-

483 690 694 737 versas,
727 673 923 741 inquit,
954 682 1143 740 gentes
1176 673 1410 741 appello,
1453 688 1572 741 quae
1606 673 1671 725 ab
1718 673 1926 729 erroris
1973 681 2056 728 te-

482 766 667 818 nehris
709 765 775 817 ad
821 767 997 816 lucem
1034 765 1280 818 veritatis
1313 765 1562 818 adductae
1592 773 1738 819 sunt.

547 855 794 910 Laudale
825 873 944 910 cum
975 873 1151 910 oumes
1178 858 1377 926 populi.
1409 857 1524 910 Sub
1557 858 1680 911 aliis
1711 858 1890 912 verbis
1913 872 2061 913 cam-

477 951 598 1004 dem
637 952 833 1019 repetit
867 953 1218 1014 sententiam,
1259 951 1590 1006 laudationis
1620 952 2058 1007 exhortationem

480 1041 652 1110 magis
686 1041 996 1095 intendeus.
1039 1040 1156 1103 Vel,
1204 1057 1298 1110 per
1343 1042 1596 1119 populos,
1647 1041 1871 1100 Judmos
1931 1044 2056 1099 illos

478 1135 743 1199 intellige,
779 1135 868 1202 qui
903 1136 1085 1189 lideles
1111 1133 1289 1188 clieeti
1327 1146 1453 1189 sunt
1492 1153 1505 1189 :
1539 1137 1623 1191 vel
1653 1151 1846 1191 omnes
1891 1138 2054 1190 etiam

477 1228 712 1298 pepulos
746 1229 798 1282 iu
835 1229 1172 1281 unhersum.
1205 1227 1434 1294 Oportet
1470 1231 1614 1282 enim
1661 1245 1852 1284 omnes
1880 1228 2058 1282 homi-

475 1335 575 1372 nes
606 1320 974 1372 cotmnuuiter
1021 1319 1127 1372 Deo
1169 1318 1374 1386 gratias
1415 1334 1606 1386 agere,
1642 1319 1764 1387 quia
1801 1335 1900 1388 pro
1934 1335 2056 1373 om-

474 1411 626 1463 nium
663 1410 838 1464 salute
876 1410 1308 1462 misericorditer
1355 1424 1575 1464 carnem
1623 1409 1966 1477 assumpsit,
2001 1419 2056 1464 et

475 1503 742 1556 salutares
798 1501 1085 1569 passiones
1139 1501 1335 1554 subiit.
1390 1502 1546 1568 Ipsos
1604 1509 1784 1554 tamen
1833 1498 2055 1556 Judtnos

476 1591 753 1658 prsecipue
787 1593 961 1650 dceel,
998 1599 1058 1642 ut
1103 1589 1383 1642 Christum
1431 1590 1677 1655 laudent,
1728 1579 1821 1659 aui
1864 1591 2003 1645 dixit
2038 1608 2052 1645 :

471 1679 593 1732 Non
631 1697 745 1733 sum
782 1681 994 1746 missus,
1037 1681 1141 1732 nisi
1183 1679 1250 1732 ad
1284 1696 1401 1733 oves
1433 1697 1548 1751 qua'
1580 1682 1846 1748 perierunt
1873 1682 2059 1735 domus
2095 1673 2135 1726 Β

475 1770 652 1824 Israel
700 1772 763 1826 ³⁸.

554 1861 716 1915 Vens.
751 1861 804 1914 2.
839 1861 1103 1928 Quoniam
1137 1862 1390 1916 roborata
1417 1874 1490 1915 est
1526 1880 1682 1927 super
1715 1881 1811 1918 uos
1848 1865 2057 1919 miseri-

473 1957 654 2009 cordia
679 1955 813 2022 ejus.
846 1955 1029 2008 Valida
1057 1970 1118 2008 ac
1145 1954 1300 2008 fortis
1325 1954 1510 2008 elTecta
1557 1965 1642 2010 est
1671 1957 2057 2012 misericordia

472 2045 589 2100 Dei.
625 2046 819 2113 Ampla
853 2047 1000 2099 enim
1039 2061 1102 2099 ac
1138 2048 1434 2100 vehemens
1466 2048 1516 2102 in
1552 2063 1743 2103 omnes
1792 2048 2052 2112 deﬂuxit,

479 2138 696 2189 tametsi
749 2137 904 2189 multi
953 2152 982 2190 a
1027 2153 1085 2192 sc
1134 2153 1254 2192 eam
1287 2139 1608 2206 repuleriut.
1643 2139 1894 2208 Seipsum
1929 2157 2058 2196 vero

474 2229 637 2282 nobis
667 2228 936 2298 Propheta
965 2230 1065 2285 hoc
1095 2231 1148 2289 iu
1181 2231 1303 2286 loco
1336 2231 1619 2302 conjungit
1651 2247 1664 2283 :
1701 2235 2058 2301 quemadmo-

471 2323 598 2376 dum
635 2337 777 2390 smpe
809 2324 934 2377 alibi
975 2323 1158 2377 facere
1199 2324 1506 2387 consuevit,
1541 2339 1710 2378 unum
1757 2339 1818 2380 se
1866 2339 1934 2380 ex
1987 2326 2054 2382 iis

471 2421 760 2478 reputans,
790 2413 881 2479 qui
918 2413 969 2465 iu
1006 2411 1288 2467 Christum
1325 2414 1588 2468 credunt.

541 2498 612 2550 Et
647 2502 838 2552 veritas
881 2500 1096 2555 Domini
1150 2511 1322 2556 manet
1373 2503 1424 2556 iu
1477 2514 1756 2557 meritum.
1812 2502 2054 2569 Veritas,

470 2591 722 2660 inquam,
780 2591 1087 2662 Evangelii,
1139 2609 1259 2662 (tua:
1311 2596 1572 2664 aposrolis
1628 2611 1724 2664 per
1773 2596 2051 2651 Christum

469 2664 594 2736 data
624 2692 728 2737 est.
771 2683 901 2736 Nam
935 2699 1056 2754 qua:
1087 2685 1141 2739 in
1180 2686 1298 2755 lege
1332 2687 1536 2754 scripta
1572 2695 1722 2749 sunt,
1761 2701 1868 2741 non
1903 2688 2050 2742 veri-

469 2782 664 2841 tatem,
706 2776 798 2830 sed
834 2778 1082 2832 umbram
1141 2779 1502 2833 continebant
1551 2779 1818 2835 veritatis.
1872 2781 2053 2836 Adte-

467 2866 654 2920 niente
715 2877 894 2923 autem
932 2869 1243 2940 evangelica
1281 2871 1510 2924 veritate
1559 2873 1750 2926 umbra
1783 2871 1874 2926 illa
1915 2873 2050 2940 legis

2171 404 2433 473 Χριστοῦ,
2471 404 2771 475 τηλικαῦτα
2794 406 3020 470 τούτους
3043 407 3533 478 εὐεργετήσαντος.

2231 585 2455 638 Αἰνεῖτε
2495 585 2602 639 τὸν
2631 587 2875 655 Κύριον,
2917 587 3117 642 πάντα
3153 588 3222 643 τὰ
3261 588 3429 656 ἔθνη.
3471 589 3611 642 Ἀπὸ
3671 593 3765 644 τοῦ

2173 676 2399 739 σκότους
2425 680 2524 745 τῆς
2560 677 2792 748 πλάνης,
2823 678 2915 732 ἐπὶ
2933 678 2993 732 τὸ
3020 679 3134 746 φῶς
3170 680 3270 749 τῆς
3319 679 3584 750 ἀληθείας
3634 683 3766 752 ὁδη-

2169 770 2409 837 γηθέντα
2438 769 2503 823 δι’
2531 771 2722 825 αὑτοῦ.

2238 860 2626 917 Ἐπαινέσατε
2673 862 2884 931 αὑτὸν,
2945 863 3169 931 πάντες
3199 867 3254 918 οἰ
3288 867 3446 919 λαοί.
3499 866 3577 920 Τὸ
3625 869 3771 920 αὐτὸ

2169 950 2345 1018 λέγει,
2397 953 2497 1022 τὴν
2544 954 2754 1008 αἰνεσιν
2817 956 3126 1009 ἐπιτείνων·
3185 957 3412 1027 ἢλαοὺς
3467 959 3582 1012 νόει
3632 963 3770 1023 τοὶς

2181 1046 2492 1113 Ἰουδαίους,
2520 1049 2633 1102 ὅσοι
2671 1049 2978 1119 προσῆλθον
3017 1053 3081 1122 τῇ
3123 1050 3500 1122 πίστει,ἢκαὶ
3543 1054 3768 1117 πάντας

2167 1138 2376 1201 ἁπλῶς.
2409 1141 2501 1192 Δεῖ
2533 1145 2641 1210 γάρ
2669 1141 2868 1204 κοινῶς
2927 1143 3139 1206 πάντας
3193 1143 3517 1214 ἀνθρώπους
3586 1147 3769 1215 εὐχα-

2171 1232 2378 1297 ριστεῖν
2408 1233 2484 1300 τῷ
2513 1232 2652 1302 Θεῷ,
2689 1232 2761 1296 ὡς
2797 1234 2938 1306 ὑπὲρ
2971 1236 3070 1304 τῆς
3100 1235 3320 1290 πάντων
3354 1238 3638 1307 σωτηρίας
3670 1256 3772 1304 gst-

2167 1322 2505 1393 λανθρώπω;
2536 1327 3047 1397 ὲνανθρωπήσαντι,
3081 1329 3175 1381 καὶ
3197 1328 3265 1381 τὰ
3301 1331 3547 1398 σωτήρια
3603 1332 3764 1398 πάθη

2167 1418 2595 1490 καταδεξαμένῳ
2615 1435 2629 1448 ·
2665 1420 2903 1490 μάλιστα
2933 1420 2989 1472 δὲ
3027 1422 3247 1476 πάντων
3279 1422 3572 1486 Ἰουδαίους
3617 1426 3772 1478 πάνθ

2164 1526 2293 1572 τας*
2329 1513 2451 1565 Οὐκ
2484 1513 2842 1580 ἀπεστάλην
2915 1515 3045 1583 γάρ,
3083 1515 3278 1584 φησὶν,
3348 1514 3507 1582 εἰμὴ
3535 1517 3628 1580 εἰς
3690 1519 3772 1571 τὰ

2165 1605 2432 1671 πρόϐατα
2455 1607 2528 1659 τὰ
2555 1606 2918 1660 ἀπολωλότα
2947 1609 3116 1661 οἴκου
3158 1607 3430 1676 Ἰσραήλ.

2236 1881 2367 1934 Ὅτι
2413 1879 2776 1948 ἐκραταιώοη
2837 1879 2902 1932 τὸ
2969 1879 3142 1946 ἕλεος
3181 1879 3368 1934 αὐτοῦ
3421 1879 3514 1950 ἐφ’
3566 1879 3764 1950 ἡμᾶς.

2176 1973 2421 2043 ’ἰσχυρὸν
2487 1975 2704 2040 γέγονε,
2752 1971 2998 2040 στερεὸν,
3045 1970 3182 2026 πολὺ
3244 1971 3439 2042 ὲρῤύη,
3515 1973 3767 2043 σφοδρδν

2165 2065 2256 2116 ἐπὶ
2307 2065 2519 2126 πάντας
2553 2061 2903 2132 ἀνθρώπους,
2967 2061 3035 2114 δι’
3066 2061 3378 2132 ὑπερϐολὴν
3427 2064 3762 2134 φιλανθρω-

2169 2155 2320 2219 πίας,
2354 2156 2401 2206 εἰ
2434 2154 2528 2207 καί
2553 2171 2699 2218 τινες
2731 2154 3026 2211 ἀπώσαντο
3049 2153 3230 2206 τοῦτο.
3273 2150 3385 2208 ΚσῘὶ
3439 2153 3638 2208 ἑαυτὸν
3694 2154 3761 2208 δὲ

2164 2246 2471 2308 συντάττει,
2502 2245 2686 2307 καθὼς
2718 2248 2774 2298 ἐν
2807 2244 3023 2307 πολλοῖς
3059 2244 3224 2302 εἴωθε
3264 2246 3463 2305 ποιεῖν,
3493 2245 3596 2298 ἕνα
3652 2246 3762 2297 καὶ

2163 2337 2324 2390 αὑτὸν
2356 2337 2660 2407 ἡγούμενος
2699 2335 2808 2388 τῶν
2861 2337 3314 2395 πεπιστευκότων
3354 2339 3433 2400 εἰς
3481 2338 3760 2407 Χριστόν.

2232 2523 2338 2573 Καὶ
2377 2518 2410 2585 ἡ
2430 2519 2685 2583 ἀλήθεια
2715 2515 2819 2570 τοῦ
2855 2515 3078 2582 Κυρίου
3109 2513 3279 2583 μένει
3301 2517 3388 2580 εἰς
3412 2514 3517 2568 τὸν
3531 2513 3750 2570 αἰῶνα.

2169 2611 2234 2662 ’1-1
2268 2609 2356 2663 διὰ
2385 2610 2479 2662 τοῦ
2516 2607 2854 2676 Εὑατγελίου
2877 2622 2890 2636 °
2923 2608 2956 2676 ή
2991 2605 3079 2660 διὰ
3113 2605 3208 2660 τοῦ
3268 2605 3508 2674 Χριστοῦ
3561 2624 3758 2677 παρα-

2156 2700 2375 2754 δοθεῖσα
2404 2702 2519 2762 τοίς
2580 2698 2928 2762 ἁποςτόλοις.
2990 2699 3073 2752 Τὰ
3110 2699 3210 2768 μὲν
3245 2698 3354 2768 γάρ
3383 2697 3479 2751 τοῦ
3543 2698 3752 2766 νόμου,

2158 2792 2498 2861 σκιαγραφία
2517 2809 2602 2855 τις
2625 2787 2764 2862 ἦσαν
2787 2789 3067 2861 ἀληθείας·
3094 2790 3176 2843 διὸ
3198 2829 3214 2856 ,
3231 2788 3435 2860 ταύτης
3455 2788 3754 2862 ἐλθούσης,

2157 2884 2402 2955 ἐπαύθη,
2473 2883 3164 2955 καθάπερήσκιαγραφία
3227 2883 3335 2936 τῶν
3405 2881 3749 2951 ζωγράφων,

466 2959 722 3024 cessavit,
753 2976 860 3014 non
892 2977 1051 3016 secus
1080 2972 1241 3032 atque
1265 2963 1613 3018 adumbratio
1642 2964 1830 3034 aliqua
1862 2964 2045 3036 pictu-

2164 2976 2262 3030 τῶν
2303 2977 2576 3048 ἀληθινῶν
2592 2978 2903 3048 χρωμάτων
2931 2974 3340 3046 ἐπιϐληθέντων
3361 2976 3502 3044 αὐτῇ
3524 2990 3538 3004 ·
3571 2977 3606 3046 ή
3647 2975 3753 3045 1&-

471 3064 547 3104 τεο
578 3052 972 3122 exstinguitur,
1019 3055 1241 3123 quando
1296 3055 1408 3110 veri
1463 3057 1674 3112 colores
1707 3072 1872 3127 super
1925 3073 2045 3112 eam

466 3137 861 3195 immittuntur.
895 3141 1080 3196 Gratia
1117 3145 1262 3197 enim
1285 3182 1302 3207 ,
1338 3143 1552 3214 inquit,
1581 3155 1634 3200 et
1668 3147 1893 3212 veritas,
1949 3162 2046 3217 per

462 3227 648 3283 Jesum
678 3229 952 3284 Christum
985 3229 1126 3283 facta
1165 3238 1250 3284 est
1286 3230 1351 3284 ¹⁹ο

1116 3341 1370 3395 Alleluia.

974 3450 1300 3507 PSALMUS
1337 3451 1546 3509 CXVII.

535 3565 602 3621 Et
635 3566 724 3622 hic
755 3567 1001 3634 psalmus
1043 3568 1208 3622 etiam
1246 3569 1548 3640 gratiarum
1582 3569 1831 3627 aetiones
1865 3574 2048 3628 conti-

461 3669 554 3714 net
586 3674 686 3728 pro
711 3658 952 3730 receptis
981 3660 1290 3717 beneﬁciis.

531 3774 698 3829 Vens.
753 3776 801 3830 l.
858 3774 1197 3845 Cauﬁtemiui
1256 3776 1482 3832 Domino
1541 3781 1792 3848 quoniam
1845 3781 2046 3848 bonus,

457 3865 710 3932 quoniam
742 3864 795 3917 in
833 3866 1089 3919 sarculum
1133 3867 1498 3923 misericordia
1541 3875 1678 3938 ejus.
1720 3870 2048 3940 llujusmodi

458 3955 625 4009 verba
671 3956 945 4011 habentur
976 3959 1141 4012 etiam
1187 3960 1238 4012 in
1273 3961 1486 4030 psalmo
1523 3975 1612 4026 ον,
1658 3963 1748 4016 ubi
1777 3981 1840 4019 ea
1876 3982 2049 4036 expo-

459 4060 691 4100 SllllllllS.

534 4134 694 4191 Vens.
714 4138 832 4192 2-4.
857 4138 1010 4192 Dicat
1034 4157 1162 4194 sane
1181 4142 1369 4195 domus
1393 4139 1562 4197 Israel
1580 4145 1833 4212 quoniam
1857 4148 2046 4214 bonus,

456 4231 706 4295 quoniam
747 4232 797 4282 iu
840 4233 1095 4286 saxulum
1136 4235 1501 4289 misericordia
1547 4237 1686 4306 ejus.
1729 4237 1884 4292 Dicat
1922 4258 2049 4295 sane

2158 3087 2241 3140 ρις
2276 3070 2356 3136 δὲ,
2395 3069 2552 3140 φησι,
2610 3069 2704 3124 καὶ
2751 3069 2784 3138 ἡ
2827 3067 3079 3139 ἀλήθεια,
3136 3066 3226 3121 διὰ
3274 3065 3452 3137 Ἰησοῦ
3494 3065 3746 3137 Χριστοῦ

2154 3161 2394 3229 ἐγένετο.

2755 3363 3133 3432 Ἀλληλούτα.

2699 3477 2994 3532 ΨΑΛΜΟΣ
3048 3473 3196 3532 PIZ'.

2227 3591 2342 3646 Καὶ
2381 3584 2539 3656 οὗτος
2567 3591 2730 3645 πάλιν
2764 3593 3188 3668 εὐχαριστήριος
3223 3590 3371 3664 ὑπὲρ
3397 3582 3472 3646 ὧν
3496 3590 3746 3662 ἀπήλαυ-

2154 3699 2247 3736 σεν
2278 3683 2642 3754 εὐεργεσιῶν.

2226 3800 2722 3871 Ἐεομολογεῖσθε
2747 3799 2826 3866 τῷ
2852 3803 3069 3870 Κυρίῳ,
3112 3802 3202 3856 ὅτι
3228 3803 3477 3885 ἀγαέζὸς,
3510 3804 3601 3856 ὅτι
3655 3805 3744 3870 slc

2151 3893 2260 3948 τὸν
2289 3894 2477 3947 αἰῶνα
2512 3895 2578 3948 τὸ
2611 3893 2786 3959 ἔλεος
2833 3895 3040 3949 αὑτοῦ.
3073 3889 3210 3950 Eia;
3258 3895 3431 3950 ταῦτα
3459 3896 3520 3949 ὲν
3557 3894 3636 3966 τῷ
3669 3890 3745 3966 ρε⁹

2152 3985 2352 4063 ψαλμῷ
2377 3985 2473 4040 καὶ
2502 3986 2823 4056 ήρμηνεύθτι
2851 3989 2988 4041 ἐκεῖ.

2217 4163 2456 4218 Eludet.)
2487 4164 2564 4232 δὴ
2579 4162 2744 4234 οἶκος
2761 4167 3020 4234 Ἰσραὴλ.
3046 4168 3135 4221 ὅτι
3153 4167 3396 4237 ἀγαθὸς,
3416 4167 3506 4221 ὅτι
3526 4169 3614 4236 εἰς
3636 4168 3750 4223 τὸν

2152 4257 2337 4310 αἰῶνα
2367 4259 2431 4311 τὸ
2462 4257 2636 4324 ἕλεος
2653 4261 2864 4312 αὑτοῦ.
2893 4260 3130 4314 Eludet.»
3174 4259 3250 4328 δὴ
3283 4257 3450 4326 οἶκος
3495 4258 3742 4329 Ἀαρὼν,

459 4320 646 4373 domus
688 4322 870 4377 Aaron
905 4326 1153 4394 quoniam
1189 4327 1379 4389 bonus,
1417 4329 1666 4396 quoniam
1698 4332 1751 4382 ia
1791 4332 2043 4384 sa'culum

2164 4347 2242 4402 ’ὅτι
2271 4349 2514 4420 ἀγαθὸς,
2547 4320 2635 4404 ὄτί
2658 4352 2743 4417 εἰς
2761 4351 2870 4406 τὸν
2885 4351 3072 4406 αἰῶνα
3100 4351 3167 4406 τὸ
3191 4320 3366 4423 (iam:
3400 4320 3610 4412 escas:
3647 4320 3743 4412 Et:

462 4413 827 4468 misericordia
863 4417 1000 4485 ejus.
1040 4417 1232 4470 Dicant
1258 4436 1386 4472 sane
1412 4437 1588 4473 omnes
1610 4423 1902 4489 quitimeut
1938 4423 2043 4476 Do—

459 4503 684 4567 minum,
721 4508 969 4574 quoniam
1011 4509 1196 4571 bonus,
1233 4512 1484 4578 quoniam
1513 4513 1564 4564 in
1595 4514 1850 4566 saxulum
1885 4517 2041 4570 mise-

459 4595 641 4647 cordia
670 4595 804 4664 ejus.
841 4596 1043 4651 Omnes
1073 4600 1216 4651 enim
1255 4601 1307 4651 hi
1355 4599 1596 4656 bonitate
1627 4612 1680 4657 et
1719 4605 2038 4661 misericor-

461 4683 550 4734 dia
606 4683 722 4750 Dei,
766 4687 955 4738 multis
1009 4687 1184 4741 modis
1242 4691 1398 4757 potiti
1445 4699 1599 4745 sunt.
1647 4693 1704 4744 In
1765 4694 2034 4765 triplicem

462 4783 643 4827 autem
687 4777 936 4829 ordinem
988 4775 1258 4846 Propheta
1303 4781 1557 4834 distinxit
1603 4786 1864 4852 populum
1921 4787 2036 4851 Dei,

460 4867 919 4934 quemadmodum
963 4881 1018 4924 et
1061 4872 1186 4925 alibi
1231 4874 1356 4926 fecit
1396 4875 1450 4929 in
1487 4876 1694 4943 psalmo
1725 4892 1880 4943 estut,
1911 4879 1984 4934 ibi
2023 4899 2035 4934 :

409 5010 415 5014 .
458 4957 661 5013 Domus
702 4958 873 5014 Israel
908 4965 1232 5030 speravit‘in
1285 4967 1530 5035 Domino,
1572 4984 1808 5039 cumque
1844 4985 2038 5026 omnes

459 5055 644 5123 populi
673 5055 894 5110 ordines
928 5057 980 5109 in
1018 5074 1184 5110 unum
1216 5061 1441 5113 chorum
1475 5064 1885 5132 Convocavcrit,
1911 5065 2037 5134 jus~

459 5148 703 5217 seritque
731 5149 944 5203 debitas
988 5152 1096 5205 Dco
1132 5155 1338 5221 gratias
1363 5169 1545 5224 agere,
1579 5167 1632 5210 et
1672 5157 1863 5212 dicere
1891 5161 2036 5227 quod

460 5241 639 5295 bonus
677 5251 783 5307 cst,
819 5252 872 5296 et
910 5244 1053 5312 quod
1095 5245 1146 5298 iu
1182 5246 1443 5299 saeculum
1475 5247 1856 5302 misericordia
1896 5252 2036 5316 ejus,

457 5339 648 5383 narrat
680 5347 742 5384 ea
775 5332 1122 5401 postmodum
1159 5350 1278 5403 (ιυω
1309 5334 1374 5387 ad
1420 5349 1479 5388 se
1515 5336 1816 5406 pertinent.
1864 5336 2032 5392 Dece-

457 5427 549 5478 bat
599 5439 837 5496 namque
886 5431 1204 5484 universum
1264 5430 1521 5500 populmn
1574 5432 1874 5502 condignas
1926 5433 2034 5490 Deo

532 5599 574 5631 “'
606 5603 798 5657 Matth.
833 5621 922 5671 xv,
979 5607 1070 5660 Ἡ.
1156 5609 1194 5640 ¹⁹
1233 5609 1432 5676 Ephes.
1490 5626 1562 5676 tv,
1621 5610 1708 5666 15.

2151 4439 2441 4494 πάτωσαν
2508 4442 2586 4511 δὴ
2663 4442 2890 4510 πάντες
2940 4447 2996 4499 οἰ
3042 4449 3402 4516 φοϐούμενοι
3459 4451 3569 4502 τὸν
3626 4454 3742 4505 Κύο

2145 4546 2298 4596 pter,
2355 4531 2446 4584 ὅτι
2507 4532 2748 4602 ἀγαθὸς,
2796 4535 2887 4589 ὅτι
2932 4539 3022 4603 εἰς
3045 4539 3151 4590 τὸν
3197 4537 3383 4591 αἰῶνα
3435 4539 3499 4592 τὸ
3560 4540 3738 4605 ἕλεος

2143 4622 2359 4677 αὑτοῦ.
2394 4623 2604 4689 Πάντες
2639 4625 2748 4696 γὰρ
2783 4627 3058 4700 διαφόρως
3108 4630 3432 4702 ἀπήλαυσαν
3458 4634 3556 4702 τῆς
3598 4649 3736 4702 χρη·

2153 4713 2411 4782 στότητος
2468 4717 2565 4768 καὶ
2613 4717 2706 4770 τοῦ
2764 4719 2946 4784 ἐλέους
3026 4723 3215 4778 αὑτοῦ.
3289 4725 3620 4795 Ἐποιήσατο
3679 4726 3735 4777 δὲ

2152 4803 2427 4856 κάνταῦθα
2466 4806 2570 4880 ’τὴν¹
2597 4807 2863 4879 διαίρεσιν
2884 4811 2978 4863 τοῦ
3030 4811 3219 4875 ἔθνους
3261 4815 3372 4865 τῶν
3437 4814 3734 4879 Ἰουδαίων,

2149 4893 2268 4946 οἵαν
2294 4898 2387 4948 καὶ
2412 4898 2469 4951 ὲν
2492 4898 2571 4970 τῷ
2605 4906 2708 4969 ριγ¹
2731 4900 2932 4972 ψαλμῷ
2953 4921 2964 4934 ·
2989 4903 3118 4957 ἔνθα
3159 4906 3241 4970 τὸ,
3273 4902 3444 4972 Οἶκος
3477 4907 3732 4973 Ἰσραὴλ

2150 4981 2416 5050 ἤλπισεν
2451 4987 2551 5041 ἐπὶ
2592 4988 2641 5042 Κ
2648 4991 2837 5058 ὐριον,
2870 4992 2963 5045 καὶ
2992 4994 3060 5048 τὰ
3088 4994 3247 5064 ἑξῆς·
3307 4998 3404 5050 ἕνα
3455 4997 3512 5050 δὲ
3571 4997 3730 5068 χορὸν

2149 5077 2359 5142 πάντας
2439 5080 2920 5152 ἀπεργασάμενος,
2988 5090 3082 5139 καὶ
3171 5090 3730 5158 παρακελευσάμενος

2145 5167 2494 5238 εὐχαριστεῖν
2549 5173 2626 5243 τῷ
2687 5174 2828 5245 Θεῷ,
2877 5178 2970 5229 καὶ
3011 5177 3210 5246 λέγειν,
3243 5182 3328 5233 ὃτι
3369 5176 3593 5248 ἀγαθὸς,
3641 5184 3728 5236 ὅτι

2146 5258 2226 5318 εἰς
2276 5258 2367 5312 τὸν
2403 5262 2574 5315 αἰῶνα
2634 5265 2695 5318 τὸ
2755 5266 2902 5331 ἔλεος
2931 5269 3120 5333 αὑτοῦ,
3150 5271 3420 5341 διηγεῖται
3474 5276 3542 5327 τὰ
3599 5275 3726 5328 καθ’

2147 5348 2340 5402 ἑαυτόν
2367 5389 2380 5405 .
2455 5355 2604 5408 Ἔδει
2634 5356 2741 5428 γάρ
2776 5359 2973 5424 αὐτοὺς
3014 5360 3172 5416 τοῦτο
3202 5368 3374 5417 ποιεῖν
3431 5366 3573 5436 ὑπὲρ
3626 5365 3733 5419 τοῦ

2147 5440 2412 5510 βασιλέως
2470 5445 2653 5500 αὐτῶν
2706 5449 2850 5520 ὑπὲρ
2913 5452 3098 5506 αὐτῶν
3175 5454 3565 5524 πολεμοῖντος,
3627 5455 3724 5510 καὶ
