  <div class='ocr_page' id='page_1' title='image "/cluster/home/n/w/nwhite01/storage/ocr_20150623/128/hvd.32044073502403/568.png"; bbox 0 0 4076 6204; ppageno 0'>
   <div class='ocr_carea' id='block_1_1' title="bbox 249 236 386 301">
    <p class='ocr_par' dir='ltr' id='par_1_1' title="bbox 249 236 386 301">
     <span class='ocr_line' id='line_1_1' title="bbox 249 236 386 301; baseline -0.015 0"><span class='ocrx_word' id='word_1_1' title='bbox 249 236 386 301; x_wconf 78' lang='grc' dir='ltr'><strong>1ἶ25</strong></span> 
     </span>
    </p>
   </div>
   <div class='ocr_carea' id='block_1_2' title="bbox 1413 204 2324 292">
    <p class='ocr_par' dir='ltr' id='par_1_2' title="bbox 1413 204 2324 292">
     <span class='ocr_line' id='line_1_2' title="bbox 1413 204 2324 292; baseline -0.011 -1"><span class='ocrx_word' id='word_1_2' title='bbox 1413 204 1801 292; x_wconf 58' lang='lat' dir='ltr'><strong>COMMEN&#39;I&quot;.</strong></span> <span class='ocrx_word' id='word_1_3' title='bbox 1841 225 1919 284; x_wconf 75' lang='lat' dir='ltr'><strong>IN</strong></span> <span class='ocrx_word' id='word_1_4' title='bbox 1958 220 2324 284; x_wconf 81' lang='lat' dir='ltr'><strong>PSALMOS.</strong></span> 
     </span>
    </p>
   </div>
   <div class='ocr_carea' id='block_1_3' title="bbox 3358 201 3517 287">
    <p class='ocr_par' dir='ltr' id='par_1_3' title="bbox 3358 201 3517 287">
     <span class='ocr_line' id='line_1_3' title="bbox 3358 201 3517 287; baseline -0.019 0"><span class='ocrx_word' id='word_1_5' title='bbox 3358 201 3517 287; x_wconf 75' lang='lat'><strong>1126&#39;</strong></span> 
     </span>
    </p>
   </div>
   <div class='ocr_carea' id='block_1_4' title="bbox 244 327 1838 419">
    <p class='ocr_par' dir='ltr' id='par_1_4' title="bbox 244 338 1812 419">
     <span class='ocr_line' id='line_1_4' title="bbox 244 338 1812 419; baseline -0.009 -16"><span class='ocrx_word' id='word_1_6' title='bbox 244 348 574 419; x_wconf 76' lang='grc' dir='ltr'><strong>πειρασμοῖς</strong></span> <span class='ocrx_word' id='word_1_7' title='bbox 617 345 1064 417; x_wconf 73' lang='grc' dir='ltr'><strong>περιπίπτοντος,</strong></span> <span class='ocrx_word' id='word_1_8' title='bbox 1110 343 1205 398; x_wconf 80' lang='grc' dir='ltr'><strong>καὶ</strong></span> <span class='ocrx_word' id='word_1_9' title='bbox 1250 341 1572 413; x_wconf 79' lang='grc' dir='ltr'><strong>παραδόξως</strong></span> <span class='ocrx_word' id='word_1_10' title='bbox 1617 338 1812 411; x_wconf 71' lang='grc' dir='ltr'>ῥυομέ-</span> 
     </span>
    </p>
   </div>
   <div class='ocr_carea' id='block_1_5' title="bbox 1942 327 3506 419">
    <p class='ocr_par' dir='ltr' id='par_1_5' title="bbox 1942 327 3506 408">
     <span class='ocr_line' id='line_1_5' title="bbox 1942 327 3506 408; baseline 0 -21"><span class='ocrx_word' id='word_1_11' title='bbox 1942 333 2131 403; x_wconf 67' lang='lat' dir='ltr'><strong>gratias</strong></span> <span class='ocrx_word' id='word_1_12' title='bbox 2161 344 2323 399; x_wconf 79' lang='lat' dir='ltr'><strong>agere</strong></span> <span class='ocrx_word' id='word_1_13' title='bbox 2361 342 2461 399; x_wconf 90' lang='lat' dir='ltr'><strong>pro</strong></span> <span class='ocrx_word' id='word_1_14' title='bbox 2490 343 2615 398; x_wconf 73' lang='lat' dir='ltr'><strong>rege</strong></span> <span class='ocrx_word' id='word_1_15' title='bbox 2641 341 2764 393; x_wconf 91' lang='lat' dir='ltr'><strong>suo,</strong></span> <span class='ocrx_word' id='word_1_16' title='bbox 2799 327 2893 398; x_wconf 98' lang='lat' dir='ltr'><strong>qui</strong></span> <span class='ocrx_word' id='word_1_17' title='bbox 2929 342 3030 397; x_wconf 90' lang='lat' dir='ltr'><strong>pro</strong></span> <span class='ocrx_word' id='word_1_18' title='bbox 3064 328 3145 383; x_wconf 85' lang='lat' dir='ltr'><strong>eis</strong></span> <span class='ocrx_word' id='word_1_19' title='bbox 3176 338 3506 408; x_wconf 71' lang='lat' dir='ltr'><strong>certaverat,</strong></span> 
     </span>
    </p>
   </div>
   <div class='ocr_carea' id='block_1_6' title="bbox 238 438 710 509">
    <p class='ocr_par' dir='ltr' id='par_1_6' title="bbox 238 438 710 509">
     <span class='ocr_line' id='line_1_6' title="bbox 238 438 710 509; baseline -0.008 -13"><span class='ocrx_word' id='word_1_20' title='bbox 238 458 333 496; x_wconf 86' lang='grc' dir='ltr'><strong>νου</strong></span> <span class='ocrx_word' id='word_1_21' title='bbox 376 439 527 509; x_wconf 72' lang='grc' dir='ltr'>παρὰ</span> <span class='ocrx_word' id='word_1_22' title='bbox 552 438 710 492; x_wconf 82' lang='grc' dir='ltr'>Θεοῦ.</span> 
     </span>
    </p>
   </div>
   <div class='ocr_carea' id='block_1_7' title="bbox 311 621 1870 694">
    <p class='ocr_par' dir='ltr' id='par_1_7' title="bbox 311 621 1870 694">
     <span class='ocr_line' id='line_1_7' title="bbox 311 621 1870 694; baseline -0.006 -16"><span class='ocrx_word' id='word_1_23' title='bbox 311 626 410 678; x_wconf 84' lang='grc' dir='ltr'><strong>Ἕκ</strong></span> <span class='ocrx_word' id='word_1_24' title='bbox 450 625 712 694; x_wconf 68' lang='grc' dir='ltr'>θλίψεως</span> <span class='ocrx_word' id='word_1_25' title='bbox 769 621 1236 692; x_wconf 78' lang='grc' dir='ltr'>ἐπεκιιλεσάμην</span> <span class='ocrx_word' id='word_1_26' title='bbox 1277 621 1387 677; x_wconf 84' lang='grc' dir='ltr'>τὸν</span> <span class='ocrx_word' id='word_1_27' title='bbox 1432 621 1672 689; x_wconf 80' lang='grc' dir='ltr'>Κύριον,</span> <span class='ocrx_word' id='word_1_28' title='bbox 1720 633 1870 690; x_wconf 31' lang='lat' dir='ltr'><strong>nat&quot;</strong></span> 
     </span>
    </p>
   </div>
   <div class='ocr_carea' id='block_1_8' title="bbox 240 711 1818 785">
    <p class='ocr_par' dir='ltr' id='par_1_8' title="bbox 240 711 1818 785">
     <span class='ocr_line' id='line_1_8' title="bbox 240 711 1818 785; baseline -0.006 -14"><span class='ocrx_word' id='word_1_29' title='bbox 240 716 553 784; x_wconf 81' lang='grc' dir='ltr'>ἐπήκουσέ</span> <span class='ocrx_word' id='word_1_30' title='bbox 574 734 693 785; x_wconf 82' lang='grc' dir='ltr'>μου</span> <span class='ocrx_word' id='word_1_31' title='bbox 716 718 803 783; x_wconf 82' lang='grc' dir='ltr'><strong>είς</strong></span> <span class='ocrx_word' id='word_1_32' title='bbox 819 717 1200 785; x_wconf 77' lang='grc' dir='ltr'>πλατυσμόν.</span> <span class='ocrx_word' id='word_1_33' title='bbox 1227 714 1339 784; x_wconf 78' lang='grc' dir='ltr'><strong>Οὐχ</strong></span> <span class='ocrx_word' id='word_1_34' title='bbox 1354 713 1565 775; x_wconf 81' lang='grc' dir='ltr'>ἁπλῶς,</span> <span class='ocrx_word' id='word_1_35' title='bbox 1594 711 1818 780; x_wconf 63' lang='grc' dir='ltr'>ἔφησεν,</span> 
     </span>
    </p>
   </div>
   <div class='ocr_carea' id='block_1_9' title="bbox 244 804 1821 882">
    <p class='ocr_par' dir='ltr' id='par_1_9' title="bbox 244 804 1821 882">
     <span class='ocr_line' id='line_1_9' title="bbox 244 804 1821 882; baseline -0.007 -18"><span class='ocrx_word' id='word_1_36' title='bbox 244 811 520 882; x_wconf 85' lang='grc' dir='ltr'>ἐπήκουσέ</span> <span class='ocrx_word' id='word_1_37' title='bbox 559 828 687 880; x_wconf 85' lang='grc' dir='ltr'>μου,</span> <span class='ocrx_word' id='word_1_38' title='bbox 714 808 849 862; x_wconf 81' lang='grc' dir='ltr'>ἀλλὰ</span> <span class='ocrx_word' id='word_1_39' title='bbox 883 809 978 862; x_wconf 70' lang='grc' dir='ltr'><strong>καὶ</strong></span> <span class='ocrx_word' id='word_1_40' title='bbox 1007 811 1089 871; x_wconf 80' lang='grc' dir='ltr'><strong>εἰς</strong></span> <span class='ocrx_word' id='word_1_41' title='bbox 1122 806 1463 878; x_wconf 79' lang='grc' dir='ltr'>πλατυσμδν,</span> <span class='ocrx_word' id='word_1_42' title='bbox 1540 804 1821 856; x_wconf 71' lang='grc' dir='ltr'><strong>τουτέστιν</strong></span> 
     </span>
    </p>
   </div>
   <div class='ocr_carea' id='block_1_10' title="bbox 244 896 1822 973">
    <p class='ocr_par' dir='ltr' id='par_1_10' title="bbox 244 896 1822 973">
     <span class='ocr_line' id='line_1_10' title="bbox 244 896 1822 973; baseline -0.008 -16"><span class='ocrx_word' id='word_1_43' title='bbox 244 906 325 966; x_wconf 81' lang='grc' dir='ltr'>εἰς</span> <span class='ocrx_word' id='word_1_44' title='bbox 354 901 670 973; x_wconf 76' lang='grc' dir='ltr'>ἐλευθερίαν</span> <span class='ocrx_word' id='word_1_45' title='bbox 724 901 833 954; x_wconf 80' lang='grc' dir='ltr'><strong>ἀπὸ</strong></span> <span class='ocrx_word' id='word_1_46' title='bbox 861 900 1228 972; x_wconf 78' lang='grc' dir='ltr'>στενοχωρίας</span> <span class='ocrx_word' id='word_1_47' title='bbox 1254 898 1629 967; x_wconf 71' lang='grc' dir='ltr'><strong>καταστήσας.</strong></span> <span class='ocrx_word' id='word_1_48' title='bbox 1655 896 1822 965; x_wconf 79' lang='grc' dir='ltr'>Εἴρη-</span> 
     </span>
    </p>
   </div>
   <div class='ocr_carea' id='block_1_11' title="bbox 244 986 1821 1064">
    <p class='ocr_par' dir='ltr' id='par_1_11' title="bbox 244 986 1821 1064">
     <span class='ocr_line' id='line_1_11' title="bbox 244 986 1821 1064; baseline -0.007 -14"><span class='ocrx_word' id='word_1_49' title='bbox 244 1013 337 1050; x_wconf 88' lang='grc' dir='ltr'><strong>ται</strong></span> <span class='ocrx_word' id='word_1_50' title='bbox 359 995 415 1049; x_wconf 79' lang='grc' dir='ltr'>δὲ</span> <span class='ocrx_word' id='word_1_51' title='bbox 448 996 541 1049; x_wconf 73' lang='grc' dir='ltr'>καὶ</span> <span class='ocrx_word' id='word_1_52' title='bbox 563 996 621 1046; x_wconf 83' lang='grc' dir='ltr'><strong>ὲν</strong></span> <span class='ocrx_word' id='word_1_53' title='bbox 655 992 732 1064; x_wconf 81' lang='grc' dir='ltr'>τῷ</span> <span class='ocrx_word' id='word_1_54' title='bbox 763 993 806 1047; x_wconf 84' lang='grc' dir='ltr'>δ’</span> <span class='ocrx_word' id='word_1_55' title='bbox 836 992 1041 1063; x_wconf 77' lang='grc' dir='ltr'>ψαλμῷ</span> <span class='ocrx_word' id='word_1_56' title='bbox 1065 1008 1080 1023; x_wconf 88' lang='grc'><strong>·</strong></span> <span class='ocrx_word' id='word_1_57' title='bbox 1110 992 1216 1044; x_wconf 84' lang='grc' dir='ltr'>Ἐν</span> <span class='ocrx_word' id='word_1_58' title='bbox 1243 991 1445 1059; x_wconf 70' lang='grc' dir='ltr'>θλίψει</span> <span class='ocrx_word' id='word_1_59' title='bbox 1476 986 1821 1052; x_wconf 74' lang='grc' dir='ltr'>ἐπλάτυνάς</span> 
     </span>
    </p>
   </div>
   <div class='ocr_carea' id='block_1_12' title="bbox 240 1082 1558 1160">
    <p class='ocr_par' dir='ltr' id='par_1_12' title="bbox 240 1082 1558 1160">
     <span class='ocr_line' id='line_1_12' title="bbox 240 1082 1558 1160; baseline -0.009 -16"><span class='ocrx_word' id='word_1_60' title='bbox 240 1106 342 1160; x_wconf 82' lang='grc' dir='ltr'><strong>με’</strong></span> <span class='ocrx_word' id='word_1_61' title='bbox 368 1090 465 1144; x_wconf 73' lang='grc' dir='ltr'><strong>καὶ</strong></span> <span class='ocrx_word' id='word_1_62' title='bbox 495 1087 734 1159; x_wconf 81' lang='grc' dir='ltr'><strong>ζήτησον</strong></span> <span class='ocrx_word' id='word_1_63' title='bbox 757 1085 853 1140; x_wconf 75' lang='grc' dir='ltr'><strong>καὶ</strong></span> <span class='ocrx_word' id='word_1_64' title='bbox 880 1084 981 1159; x_wconf 82' lang='grc' dir='ltr'><strong>τήν</strong></span> <span class='ocrx_word' id='word_1_65' title='bbox 1020 1084 1230 1138; x_wconf 83' lang='grc' dir='ltr'>ἐκείνου</span> <span class='ocrx_word' id='word_1_66' title='bbox 1270 1082 1558 1151; x_wconf 82' lang='grc' dir='ltr'>ἐξήγησιν.</span> 
     </span>
    </p>
   </div>
   <div class='ocr_carea' id='block_1_13' title="bbox 319 1254 1833 1338">
    <p class='ocr_par' dir='ltr' id='par_1_13' title="bbox 319 1254 1833 1338">
     <span class='ocr_line' id='line_1_13' title="bbox 319 1254 1833 1338; baseline -0.011 -14"><span class='ocrx_word' id='word_1_67' title='bbox 319 1270 535 1338; x_wconf 82' lang='grc' dir='ltr'>Κύριος</span> <span class='ocrx_word' id='word_1_68' title='bbox 567 1266 696 1337; x_wconf 78' lang='grc' dir='ltr'>ἐμοὶ</span> <span class='ocrx_word' id='word_1_69' title='bbox 744 1263 1000 1332; x_wconf 78' lang='grc' dir='ltr'>βοηθὸς,</span> <span class='ocrx_word' id='word_1_70' title='bbox 1046 1260 1149 1316; x_wconf 75' lang='grc' dir='ltr'><strong>καὶ</strong></span> <span class='ocrx_word' id='word_1_71' title='bbox 1191 1262 1265 1316; x_wconf 84' lang='grc' dir='ltr'>οὐ</span> <span class='ocrx_word' id='word_1_72' title='bbox 1324 1257 1743 1332; x_wconf 67' lang='grc' dir='ltr'>φοϐηθήσομαι</span> <span class='ocrx_word' id='word_1_73' title='bbox 1773 1254 1833 1309; x_wconf 85' lang='grc' dir='ltr'><strong>τί</strong></span> 
     </span>
    </p>
   </div>
   <div class='ocr_carea' id='block_1_14' title="bbox 247 1346 1832 1430">
    <p class='ocr_par' dir='ltr' id='par_1_14' title="bbox 247 1346 1832 1430">
     <span class='ocr_line' id='line_1_14' title="bbox 247 1346 1832 1430; baseline -0.011 -13"><span class='ocrx_word' id='word_1_74' title='bbox 247 1361 488 1430; x_wconf 77' lang='grc' dir='ltr'>ποιήσει</span> <span class='ocrx_word' id='word_1_75' title='bbox 507 1376 603 1429; x_wconf 85' lang='grc' dir='ltr'><strong>μοι</strong></span> <span class='ocrx_word' id='word_1_76' title='bbox 645 1358 975 1426; x_wconf 81' lang='grc' dir='ltr'>ἄνθρωπος.</span> <span class='ocrx_word' id='word_1_77' title='bbox 997 1355 1226 1425; x_wconf 87' lang='grc' dir='ltr'>Ὅμοιον</span> <span class='ocrx_word' id='word_1_78' title='bbox 1258 1352 1315 1405; x_wconf 84' lang='grc' dir='ltr'>δὲ</span> <span class='ocrx_word' id='word_1_79' title='bbox 1354 1351 1511 1405; x_wconf 84' lang='grc' dir='ltr'>τοῦτο</span> <span class='ocrx_word' id='word_1_80' title='bbox 1557 1350 1635 1419; x_wconf 85' lang='grc' dir='ltr'>τῷ</span> <span class='ocrx_word' id='word_1_81' title='bbox 1673 1350 1730 1401; x_wconf 84' lang='grc' dir='ltr'><strong>ἐν</strong></span> <span class='ocrx_word' id='word_1_82' title='bbox 1753 1346 1832 1417; x_wconf 83' lang='grc' dir='ltr'>τῷ</span> 
     </span>
    </p>
   </div>
   <div class='ocr_carea' id='block_1_15' title="bbox 246 1442 1822 1527">
    <p class='ocr_par' dir='ltr' id='par_1_15' title="bbox 246 1442 1822 1527">
     <span class='ocr_line' id='line_1_15' title="bbox 246 1442 1822 1527; baseline -0.01 -19"><span class='ocrx_word' id='word_1_83' title='bbox 246 1452 340 1519; x_wconf 61' lang='grc' dir='ltr'><em>κατ’</em></span> <span class='ocrx_word' id='word_1_84' title='bbox 356 1452 558 1524; x_wconf 71' lang='grc' dir='ltr'>ψαλμῷ</span> <span class='ocrx_word' id='word_1_85' title='bbox 579 1469 593 1483; x_wconf 85' lang='grc'><strong>·</strong></span> <span class='ocrx_word' id='word_1_86' title='bbox 618 1448 837 1527; x_wconf 80' lang='grc' dir='ltr'>Κύριος</span> <span class='ocrx_word' id='word_1_87' title='bbox 867 1448 1170 1517; x_wconf 73' lang='grc' dir='ltr'>φωτισμός</span> <span class='ocrx_word' id='word_1_88' title='bbox 1187 1463 1308 1516; x_wconf 83' lang='grc' dir='ltr'>μου</span> <span class='ocrx_word' id='word_1_89' title='bbox 1335 1444 1435 1499; x_wconf 77' lang='grc' dir='ltr'><strong>καὶ</strong></span> <span class='ocrx_word' id='word_1_90' title='bbox 1459 1442 1659 1511; x_wconf 78' lang='grc' dir='ltr'>σωτήρ</span> <span class='ocrx_word' id='word_1_91' title='bbox 1677 1458 1822 1511; x_wconf 82' lang='grc' dir='ltr'>μου,</span> 
     </span>
    </p>
   </div>
   <div class='ocr_carea' id='block_1_16' title="bbox 249 1530 1828 1615">
    <p class='ocr_par' dir='ltr' id='par_1_16' title="bbox 249 1530 1828 1615">
     <span class='ocr_line' id='line_1_16' title="bbox 249 1530 1828 1615; baseline -0.009 -15"><span class='ocrx_word' id='word_1_92' title='bbox 249 1548 384 1600; x_wconf 84' lang='grc' dir='ltr'>τίνα</span> <span class='ocrx_word' id='word_1_93' title='bbox 419 1543 840 1615; x_wconf 65' lang='grc' dir='ltr'>φοϐηθήσομαι</span> <span class='ocrx_word' id='word_1_94' title='bbox 864 1557 886 1607; x_wconf 88' lang='grc'><strong><em>;</em></strong></span> <span class='ocrx_word' id='word_1_95' title='bbox 915 1539 1116 1593; x_wconf 83' lang='grc' dir='ltr'><strong>Σκόπει</strong></span> <span class='ocrx_word' id='word_1_96' title='bbox 1146 1538 1202 1591; x_wconf 86' lang='grc' dir='ltr'>δὲ</span> <span class='ocrx_word' id='word_1_97' title='bbox 1235 1537 1354 1601; x_wconf 81' lang='grc' dir='ltr'><strong>πῶς</strong></span> <span class='ocrx_word' id='word_1_98' title='bbox 1388 1536 1491 1590; x_wconf 80' lang='grc' dir='ltr'><strong>οὐκ</strong></span> <span class='ocrx_word' id='word_1_99' title='bbox 1519 1530 1696 1599; x_wconf 73' lang='grc' dir='ltr'>εἶπεν,</span> <span class='ocrx_word' id='word_1_100' title='bbox 1742 1535 1828 1587; x_wconf 84' lang='grc' dir='ltr'>ὅτι</span> 
     </span>
    </p>
   </div>
   <div class='ocr_carea' id='block_1_17' title="bbox 249 1622 1830 1703">
    <p class='ocr_par' dir='ltr' id='par_1_17' title="bbox 249 1622 1830 1703">
     <span class='ocr_line' id='line_1_17' title="bbox 249 1622 1830 1703; baseline -0.008 -14"><span class='ocrx_word' id='word_1_101' title='bbox 249 1635 417 1689; x_wconf 77' lang='grc' dir='ltr'>Οὐδὲν</span> <span class='ocrx_word' id='word_1_102' title='bbox 442 1634 550 1688; x_wconf 80' lang='grc' dir='ltr'>ὑπὸ</span> <span class='ocrx_word' id='word_1_103' title='bbox 578 1631 872 1703; x_wconf 83' lang='grc' dir='ltr'>ἀνθρώπου</span> <span class='ocrx_word' id='word_1_104' title='bbox 922 1628 1105 1692; x_wconf 86' lang='grc' dir='ltr'>πάθω,</span> <span class='ocrx_word' id='word_1_105' title='bbox 1132 1626 1250 1681; x_wconf 79' lang='grc' dir='ltr'>ἀλλ’</span> <span class='ocrx_word' id='word_1_106' title='bbox 1277 1628 1359 1680; x_wconf 85' lang='grc' dir='ltr'>ὅτι</span> <span class='ocrx_word' id='word_1_107' title='bbox 1380 1628 1464 1680; x_wconf 81' lang='grc' dir='ltr'><strong>Οὐ</strong></span> <span class='ocrx_word' id='word_1_108' title='bbox 1497 1622 1830 1694; x_wconf 71' lang='grc' dir='ltr'>φοϐηθήσο-</span> 
     </span>
    </p>
   </div>
   <div class='ocr_carea' id='block_1_18' title="bbox 1926 418 3507 492">
    <p class='ocr_par' dir='ltr' id='par_1_18' title="bbox 1926 418 3507 492">
     <span class='ocr_line' id='line_1_18' title="bbox 1926 418 3507 492; baseline 0.003 -18"><span class='ocrx_word' id='word_1_109' title='bbox 1926 423 2131 492; x_wconf 86' lang='lat' dir='ltr'><strong>quique</strong></span> <span class='ocrx_word' id='word_1_110' title='bbox 2179 419 2233 473; x_wconf 89' lang='lat' dir='ltr'><strong>in</strong></span> <span class='ocrx_word' id='word_1_111' title='bbox 2276 418 2609 473; x_wconf 86' lang='lat' dir='ltr'><strong>tcntationes</strong></span> <span class='ocrx_word' id='word_1_112' title='bbox 2645 429 2700 473; x_wconf 89' lang='lat' dir='ltr'><strong>et</strong></span> <span class='ocrx_word' id='word_1_113' title='bbox 2740 419 3089 473; x_wconf 73' lang='lat' dir='ltr'><strong>calamitates</strong></span> <span class='ocrx_word' id='word_1_114' title='bbox 3127 419 3416 485; x_wconf 81' lang='lat' dir='ltr'><strong>inciderat,</strong></span> <span class='ocrx_word' id='word_1_115' title='bbox 3451 432 3507 478; x_wconf 87' lang='lat' dir='ltr'><strong>et</strong></span> 
     </span>
    </p>
   </div>
   <div class='ocr_carea' id='block_1_19' title="bbox 1930 509 2991 566">
    <p class='ocr_par' dir='ltr' id='par_1_19' title="bbox 1930 509 2991 566">
     <span class='ocr_line' id='line_1_19' title="bbox 1930 509 2991 566; baseline -0.005 0"><span class='ocrx_word' id='word_1_116' title='bbox 1930 511 2263 566; x_wconf 81' lang='lat' dir='ltr'><strong>mirabiliter</strong></span> <span class='ocrx_word' id='word_1_117' title='bbox 2294 510 2472 564; x_wconf 81' lang='lat' dir='ltr'><strong>fuerat</strong></span> <span class='ocrx_word' id='word_1_118' title='bbox 2501 510 2569 565; x_wconf 86' lang='lat' dir='ltr'><strong>ab</strong></span> <span class='ocrx_word' id='word_1_119' title='bbox 2607 525 2673 564; x_wconf 87' lang='lat' dir='ltr'><strong>eo</strong></span> <span class='ocrx_word' id='word_1_120' title='bbox 2702 509 2991 564; x_wconf 87' lang='lat' dir='ltr'><strong>liberatus.</strong></span> 
     </span>
    </p>
   </div>
   <div class='ocr_carea' id='block_1_20' title="bbox 2007 597 3514 664">
    <p class='ocr_par' dir='ltr' id='par_1_20' title="bbox 2007 597 3514 664">
     <span class='ocr_line' id='line_1_20' title="bbox 2007 597 3514 664; baseline 0.001 -10"><span class='ocrx_word' id='word_1_121' title='bbox 2007 601 2170 655; x_wconf 73' lang='lat' dir='ltr'><strong>Vens.</strong></span> <span class='ocrx_word' id='word_1_122' title='bbox 2211 600 2263 655; x_wconf 81' lang='lat'><strong>5.</strong></span> <span class='ocrx_word' id='word_1_123' title='bbox 2315 599 2389 653; x_wconf 90' lang='lat' dir='ltr'><strong>De</strong></span> <span class='ocrx_word' id='word_1_124' title='bbox 2438 600 2783 652; x_wconf 86' lang='lat' dir='ltr'><strong>tribulatione</strong></span> <span class='ocrx_word' id='word_1_125' title='bbox 2828 598 3066 652; x_wconf 77' lang='lat' dir='ltr'><strong>invocavi</strong></span> <span class='ocrx_word' id='word_1_126' title='bbox 3119 597 3421 664; x_wconf 85' lang='lat' dir='ltr'><strong>Dominum,</strong></span> <span class='ocrx_word' id='word_1_127' title='bbox 3461 609 3514 655; x_wconf 74' lang='lat' dir='ltr'><strong>et</strong></span> 
     </span>
    </p>
   </div>
   <div class='ocr_carea' id='block_1_21' title="bbox 1927 688 3506 758">
    <p class='ocr_par' dir='ltr' id='par_1_21' title="bbox 1927 688 3506 758">
     <span class='ocr_line' id='line_1_21' title="bbox 1927 688 3506 758; baseline -0.003 -11"><span class='ocrx_word' id='word_1_128' title='bbox 1927 691 2201 747; x_wconf 77' lang='lat' dir='ltr'><strong>exaudivit</strong></span> <span class='ocrx_word' id='word_1_129' title='bbox 2230 706 2312 743; x_wconf 87' lang='lat' dir='ltr'><strong>me</strong></span> <span class='ocrx_word' id='word_1_130' title='bbox 2344 691 2396 742; x_wconf 86' lang='lat' dir='ltr'><strong>in</strong></span> <span class='ocrx_word' id='word_1_131' title='bbox 2429 689 2732 742; x_wconf 78' lang='lat' dir='ltr'><strong>latitudine.</strong></span> <span class='ocrx_word' id='word_1_132' title='bbox 2776 689 2892 742; x_wconf 83' lang='lat' dir='ltr'><strong>Non</strong></span> <span class='ocrx_word' id='word_1_133' title='bbox 2934 688 3276 757; x_wconf 82' lang='lat' dir='ltr'><strong>simpliciter,</strong></span> <span class='ocrx_word' id='word_1_134' title='bbox 3306 692 3506 758; x_wconf 88' lang='lat' dir='ltr'><strong>inqttit,</strong></span> 
     </span>
    </p>
   </div>
   <div class='ocr_carea' id='block_1_22' title="bbox 1928 777 3513 844">
    <p class='ocr_par' dir='ltr' id='par_1_22' title="bbox 1928 777 3513 844">
     <span class='ocr_line' id='line_1_22' title="bbox 1928 777 3513 844; baseline -0.004 -7"><span class='ocrx_word' id='word_1_135' title='bbox 1928 781 2211 837; x_wconf 80' lang='lat' dir='ltr'><strong>exaudivit</strong></span> <span class='ocrx_word' id='word_1_136' title='bbox 2241 795 2350 844; x_wconf 90' lang='lat' dir='ltr'><strong>me,</strong></span> <span class='ocrx_word' id='word_1_137' title='bbox 2387 778 2482 834; x_wconf 84' lang='lat' dir='ltr'><strong>sed</strong></span> <span class='ocrx_word' id='word_1_138' title='bbox 2524 780 2578 831; x_wconf 88' lang='lat' dir='ltr'><strong>in</strong></span> <span class='ocrx_word' id='word_1_139' title='bbox 2626 777 2940 841; x_wconf 83' lang='lat' dir='ltr'><strong>latitudine,</strong></span> <span class='ocrx_word' id='word_1_140' title='bbox 2976 778 3081 831; x_wconf 89' lang='lat' dir='ltr'><strong>hoc</strong></span> <span class='ocrx_word' id='word_1_141' title='bbox 3112 788 3219 842; x_wconf 91' lang='lat' dir='ltr'><strong>est,</strong></span> <span class='ocrx_word' id='word_1_142' title='bbox 3249 780 3300 831; x_wconf 91' lang='lat' dir='ltr'><strong>in</strong></span> <span class='ocrx_word' id='word_1_143' title='bbox 3343 780 3513 831; x_wconf 78' lang='lat' dir='ltr'><strong>liber-</strong></span> 
     </span>
    </p>
   </div>
   <div class='ocr_carea' id='block_1_23' title="bbox 1929 869 3508 941">
    <p class='ocr_par' dir='ltr' id='par_1_23' title="bbox 1929 869 3508 941">
     <span class='ocr_line' id='line_1_23' title="bbox 1929 869 3508 941; baseline -0.004 -13"><span class='ocrx_word' id='word_1_144' title='bbox 1929 882 2059 939; x_wconf 83' lang='lat' dir='ltr'><strong>tate,</strong></span> <span class='ocrx_word' id='word_1_145' title='bbox 2099 874 2168 928; x_wconf 91' lang='lat' dir='ltr'><strong>ab</strong></span> <span class='ocrx_word' id='word_1_146' title='bbox 2217 880 2368 927; x_wconf 85' lang='lat' dir='ltr'><strong>arcta</strong></span> <span class='ocrx_word' id='word_1_147' title='bbox 2411 879 2466 926; x_wconf 88' lang='lat' dir='ltr'><strong>et</strong></span> <span class='ocrx_word' id='word_1_148' title='bbox 2499 880 2728 941; x_wconf 80' lang='lat' dir='ltr'><strong>angusta</strong></span> <span class='ocrx_word' id='word_1_149' title='bbox 2773 869 2830 923; x_wconf 92' lang='lat' dir='ltr'><strong>in</strong></span> <span class='ocrx_word' id='word_1_150' title='bbox 2868 870 3029 923; x_wconf 88' lang='lat' dir='ltr'><strong>latam</strong></span> <span class='ocrx_word' id='word_1_151' title='bbox 3065 878 3233 939; x_wconf 86' lang='lat' dir='ltr'><strong>atque</strong></span> <span class='ocrx_word' id='word_1_152' title='bbox 3273 871 3508 938; x_wconf 81' lang='lat' dir='ltr'><strong>amplam</strong></span> 
     </span>
    </p>
   </div>
   <div class='ocr_carea' id='block_1_24' title="bbox 1931 962 3509 1036">
    <p class='ocr_par' dir='ltr' id='par_1_24' title="bbox 1931 962 3509 1036">
     <span class='ocr_line' id='line_1_24' title="bbox 1931 962 3509 1036; baseline -0.006 -16"><span class='ocrx_word' id='word_1_153' title='bbox 1931 966 2209 1036; x_wconf 72' lang='lat' dir='ltr'><strong>regionem</strong></span> <span class='ocrx_word' id='word_1_154' title='bbox 2240 980 2325 1019; x_wconf 89' lang='lat' dir='ltr'><strong>me</strong></span> <span class='ocrx_word' id='word_1_155' title='bbox 2356 965 2662 1019; x_wconf 73' lang='lat' dir='ltr'><strong>deducens.</strong></span> <span class='ocrx_word' id='word_1_156' title='bbox 2699 962 2917 1016; x_wconf 85' lang='lat' dir='ltr'><strong>Dictum</strong></span> <span class='ocrx_word' id='word_1_157' title='bbox 2959 969 3042 1015; x_wconf 90' lang='lat' dir='ltr'><strong>est</strong></span> <span class='ocrx_word' id='word_1_158' title='bbox 3077 962 3240 1016; x_wconf 81' lang='lat' dir='ltr'><strong>etiam</strong></span> <span class='ocrx_word' id='word_1_159' title='bbox 3274 977 3326 1014; x_wconf 84' lang='lat' dir='ltr'><strong>tv</strong></span> <span class='ocrx_word' id='word_1_160' title='bbox 3360 963 3509 1030; x_wconf 80' lang='lat' dir='ltr'><strong>psal-</strong></span> 
     </span>
    </p>
   </div>
   <div class='ocr_carea' id='block_1_25' title="bbox 1936 1052 3512 1122">
    <p class='ocr_par' dir='ltr' id='par_1_25' title="bbox 1936 1052 3512 1122">
     <span class='ocr_line' id='line_1_25' title="bbox 1936 1052 3512 1122; baseline -0.003 -11"><span class='ocrx_word' id='word_1_161' title='bbox 1936 1073 2048 1118; x_wconf 64' lang='lat' dir='ltr'><strong>nto.</strong></span> <span class='ocrx_word' id='word_1_162' title='bbox 2096 1055 2165 1109; x_wconf 88' lang='lat' dir='ltr'><strong>In</strong></span> <span class='ocrx_word' id='word_1_163' title='bbox 2211 1056 2558 1109; x_wconf 81' lang='lat' dir='ltr'><strong>tribulatione</strong></span> <span class='ocrx_word' id='word_1_164' title='bbox 2600 1054 2843 1109; x_wconf 83' lang='lat' dir='ltr'><strong>dilatasli</strong></span> <span class='ocrx_word' id='word_1_165' title='bbox 2898 1068 2978 1107; x_wconf 83' lang='lat' dir='ltr'><strong>nte</strong></span> <span class='ocrx_word' id='word_1_166' title='bbox 3014 1067 3033 1105; x_wconf 89' lang='lat'><strong><em>:</em></strong></span> <span class='ocrx_word' id='word_1_167' title='bbox 3075 1053 3163 1107; x_wconf 87' lang='lat' dir='ltr'><strong>ubi</strong></span> <span class='ocrx_word' id='word_1_168' title='bbox 3207 1052 3350 1119; x_wconf 74' lang='lat' dir='ltr'><strong>vide,</strong></span> <span class='ocrx_word' id='word_1_169' title='bbox 3392 1069 3512 1122; x_wconf 66' lang='lat' dir='ltr'><strong>quae</strong></span> 
     </span>
    </p>
   </div>
   <div class='ocr_carea' id='block_1_26' title="bbox 1932 1147 2634 1216">
    <p class='ocr_par' dir='ltr' id='par_1_26' title="bbox 1932 1147 2634 1216">
     <span class='ocr_line' id='line_1_26' title="bbox 1932 1147 2634 1216; baseline -0.006 -14"><span class='ocrx_word' id='word_1_170' title='bbox 1932 1148 2259 1216; x_wconf 78' lang='lat' dir='ltr'><strong>exponendo</strong></span> <span class='ocrx_word' id='word_1_171' title='bbox 2294 1147 2441 1200; x_wconf 88' lang='lat' dir='ltr'><strong>dicta</strong></span> <span class='ocrx_word' id='word_1_172' title='bbox 2483 1154 2634 1201; x_wconf 90' lang='lat' dir='ltr'><strong>sunt.</strong></span> 
     </span>
    </p>
   </div>
   <div class='ocr_carea' id='block_1_27' title="bbox 2008 1235 3513 1306">
    <p class='ocr_par' dir='ltr' id='par_1_27' title="bbox 2008 1235 3513 1306">
     <span class='ocr_line' id='line_1_27' title="bbox 2008 1235 3513 1306; baseline -0.004 -12"><span class='ocrx_word' id='word_1_173' title='bbox 2008 1238 2174 1294; x_wconf 80' lang='lat' dir='ltr'><strong>Vens.</strong></span> <span class='ocrx_word' id='word_1_174' title='bbox 2214 1239 2268 1292; x_wconf 85' lang='lat'><strong>6.</strong></span> <span class='ocrx_word' id='word_1_175' title='bbox 2310 1238 2564 1292; x_wconf 80' lang='lat' dir='ltr'><strong>Dominus</strong></span> <span class='ocrx_word' id='word_1_176' title='bbox 2611 1238 2742 1291; x_wconf 82' lang='lat' dir='ltr'><strong>mihi</strong></span> <span class='ocrx_word' id='word_1_177' title='bbox 2793 1237 3033 1306; x_wconf 87' lang='lat' dir='ltr'><strong>adjutor,</strong></span> <span class='ocrx_word' id='word_1_178' title='bbox 3078 1245 3129 1291; x_wconf 90' lang='lat' dir='ltr'><strong>et</strong></span> <span class='ocrx_word' id='word_1_179' title='bbox 3175 1253 3276 1289; x_wconf 91' lang='lat' dir='ltr'><strong>non</strong></span> <span class='ocrx_word' id='word_1_180' title='bbox 3324 1235 3513 1288; x_wconf 64' lang='lat' dir='ltr'><strong>timebo</strong></span> 
     </span>
    </p>
   </div>
   <div class='ocr_carea' id='block_1_28' title="bbox 1936 1330 3511 1403">
    <p class='ocr_par' dir='ltr' id='par_1_28' title="bbox 1936 1330 3511 1403">
     <span class='ocr_line' id='line_1_28' title="bbox 1936 1330 3511 1403; baseline -0.003 -18"><span class='ocrx_word' id='word_1_181' title='bbox 1936 1332 2061 1403; x_wconf 83' lang='lat' dir='ltr'><strong>quid</strong></span> <span class='ocrx_word' id='word_1_182' title='bbox 2103 1331 2271 1402; x_wconf 74' lang='lat' dir='ltr'><strong>faciat</strong></span> <span class='ocrx_word' id='word_1_183' title='bbox 2303 1332 2432 1385; x_wconf 78' lang='lat' dir='ltr'><strong>mihi</strong></span> <span class='ocrx_word' id='word_1_184' title='bbox 2471 1332 2647 1385; x_wconf 83' lang='lat' dir='ltr'><strong>homo.</strong></span> <span class='ocrx_word' id='word_1_185' title='bbox 2690 1331 2971 1386; x_wconf 80' lang='lat' dir='ltr'><strong>[labentur</strong></span> <span class='ocrx_word' id='word_1_186' title='bbox 3015 1341 3068 1386; x_wconf 91' lang='lat' dir='ltr'><strong>et</strong></span> <span class='ocrx_word' id='word_1_187' title='bbox 3108 1331 3220 1385; x_wconf 74' lang='lat' dir='ltr'><strong>hme</strong></span> <span class='ocrx_word' id='word_1_188' title='bbox 3255 1330 3414 1384; x_wconf 76' lang='lat' dir='ltr'><strong>verba</strong></span> <span class='ocrx_word' id='word_1_189' title='bbox 3459 1331 3511 1381; x_wconf 92' lang='lat' dir='ltr'><strong>in</strong></span> 
     </span>
    </p>
   </div>
   <div class='ocr_carea' id='block_1_29' title="bbox 1939 1420 3513 1495">
    <p class='ocr_par' dir='ltr' id='par_1_29' title="bbox 1939 1420 3513 1495">
     <span class='ocr_line' id='line_1_29' title="bbox 1939 1420 3513 1495; baseline -0.004 -17"><span class='ocrx_word' id='word_1_190' title='bbox 1939 1424 2151 1495; x_wconf 85' lang='lat' dir='ltr'><strong>psalmo</strong></span> <span class='ocrx_word' id='word_1_191' title='bbox 2177 1439 2326 1487; x_wconf 66' lang='grc' dir='ltr'>χχιι,</span> <span class='ocrx_word' id='word_1_192' title='bbox 2354 1424 2425 1477; x_wconf 90' lang='lat' dir='ltr'><strong>ibi</strong></span> <span class='ocrx_word' id='word_1_193' title='bbox 2453 1441 2465 1476; x_wconf 90' lang='lat'>:</span> <span class='ocrx_word' id='word_1_194' title='bbox 2499 1422 2757 1476; x_wconf 80' lang='lat' dir='ltr'><strong>Dominus</strong></span> <span class='ocrx_word' id='word_1_195' title='bbox 2772 1422 3106 1481; x_wconf 65' lang='lat' dir='ltr'><strong>illuminatio</strong></span> <span class='ocrx_word' id='word_1_196' title='bbox 3132 1438 3269 1487; x_wconf 83' lang='lat' dir='ltr'><strong>mea,</strong></span> <span class='ocrx_word' id='word_1_197' title='bbox 3292 1430 3342 1474; x_wconf 86' lang='lat' dir='ltr'><strong>et</strong></span> <span class='ocrx_word' id='word_1_198' title='bbox 3366 1420 3513 1473; x_wconf 85' lang='lat' dir='ltr'><strong>salus</strong></span> 
     </span>
    </p>
   </div>
   <div class='ocr_carea' id='block_1_30' title="bbox 1940 1514 3515 1586">
    <p class='ocr_par' dir='ltr' id='par_1_30' title="bbox 1940 1514 3515 1586">
     <span class='ocr_line' id='line_1_30' title="bbox 1940 1514 3515 1586; baseline -0.003 -17"><span class='ocrx_word' id='word_1_199' title='bbox 1940 1532 2078 1581; x_wconf 86' lang='lat' dir='ltr'><strong>mea,</strong></span> <span class='ocrx_word' id='word_1_200' title='bbox 2115 1531 2264 1586; x_wconf 88' lang='lat' dir='ltr'><strong>quem</strong></span> <span class='ocrx_word' id='word_1_201' title='bbox 2304 1516 2537 1571; x_wconf 83' lang='lat' dir='ltr'><strong>timebo?</strong></span> <span class='ocrx_word' id='word_1_202' title='bbox 2572 1515 2706 1569; x_wconf 88' lang='lat' dir='ltr'><strong>lllttd</strong></span> <span class='ocrx_word' id='word_1_203' title='bbox 2741 1515 3052 1575; x_wconf 86' lang='lat' dir='ltr'><strong>considera,</strong></span> <span class='ocrx_word' id='word_1_204' title='bbox 3086 1514 3361 1584; x_wconf 90' lang='lat' dir='ltr'><strong>quomodo</strong></span> <span class='ocrx_word' id='word_1_205' title='bbox 3403 1528 3515 1566; x_wconf 87' lang='lat' dir='ltr'><strong>non</strong></span> 
     </span>
    </p>
   </div>
   <div class='ocr_carea' id='block_1_31' title="bbox 1939 1606 3516 1681">
    <p class='ocr_par' dir='ltr' id='par_1_31' title="bbox 1939 1606 3516 1681">
     <span class='ocr_line' id='line_1_31' title="bbox 1939 1606 3516 1681; baseline -0.004 -16"><span class='ocrx_word' id='word_1_206' title='bbox 1939 1612 2044 1665; x_wconf 90' lang='lat' dir='ltr'><strong>hoc</strong></span> <span class='ocrx_word' id='word_1_207' title='bbox 2076 1610 2230 1675; x_wconf 85' lang='lat' dir='ltr'><strong>dicit,</strong></span> <span class='ocrx_word' id='word_1_208' title='bbox 2270 1610 2415 1681; x_wconf 89' lang='lat' dir='ltr'><strong>quod</strong></span> <span class='ocrx_word' id='word_1_209' title='bbox 2449 1610 2516 1663; x_wconf 87' lang='lat' dir='ltr'><strong>ab</strong></span> <span class='ocrx_word' id='word_1_210' title='bbox 2547 1609 2767 1663; x_wconf 80' lang='lat' dir='ltr'><strong>homine</strong></span> <span class='ocrx_word' id='word_1_211' title='bbox 2800 1607 2937 1661; x_wconf 86' lang='lat' dir='ltr'><strong>nihil</strong></span> <span class='ocrx_word' id='word_1_212' title='bbox 2982 1622 3246 1677; x_wconf 76' lang='lat' dir='ltr'><strong>passurus</strong></span> <span class='ocrx_word' id='word_1_213' title='bbox 3291 1606 3387 1669; x_wconf 88' lang='lat' dir='ltr'><strong>sit,</strong></span> <span class='ocrx_word' id='word_1_214' title='bbox 3421 1606 3516 1659; x_wconf 89' lang='lat' dir='ltr'><strong>sed</strong></span> 
     </span>
    </p>
   </div>
   <div class='ocr_carea' id='block_1_32' title="bbox 247 1696 1838 1795">
    <p class='ocr_par' dir='ltr' id='par_1_32' title="bbox 247 1696 1831 1795">
     <span class='ocr_line' id='line_1_32' title="bbox 247 1696 1831 1795; baseline -0.009 -17"><span class='ocrx_word' id='word_1_215' title='bbox 247 1741 374 1795; x_wconf 83' lang='grc' dir='ltr'>μαι,</span> <span class='ocrx_word' id='word_1_216' title='bbox 398 1725 452 1778; x_wconf 83' lang='grc' dir='ltr'><strong>εί</strong></span> <span class='ocrx_word' id='word_1_217' title='bbox 468 1741 522 1778; x_wconf 93' lang='grc' dir='ltr'><strong>τι</strong></span> <span class='ocrx_word' id='word_1_218' title='bbox 545 1722 642 1776; x_wconf 80' lang='grc' dir='ltr'><strong>καὶ</strong></span> <span class='ocrx_word' id='word_1_219' title='bbox 674 1696 833 1775; x_wconf 73' lang='grc' dir='ltr'>πάθω</span> <span class='ocrx_word' id='word_1_220' title='bbox 853 1737 869 1753; x_wconf 91' lang='grc'><strong>·</strong></span> <span class='ocrx_word' id='word_1_221' title='bbox 901 1721 996 1774; x_wconf 74' lang='grc' dir='ltr'>καὶ</span> <span class='ocrx_word' id='word_1_222' title='bbox 1022 1718 1132 1789; x_wconf 82' lang='grc' dir='ltr'>γὰρ</span> <span class='ocrx_word' id='word_1_223' title='bbox 1161 1719 1211 1771; x_wconf 84' lang='grc' dir='ltr'><strong>εί</strong></span> <span class='ocrx_word' id='word_1_224' title='bbox 1241 1716 1422 1782; x_wconf 77' lang='grc' dir='ltr'>πάθω,</span> <span class='ocrx_word' id='word_1_225' title='bbox 1453 1715 1552 1769; x_wconf 83' lang='grc' dir='ltr'><strong>οῦκ</strong></span> <span class='ocrx_word' id='word_1_226' title='bbox 1573 1714 1633 1782; x_wconf 80' lang='grc' dir='ltr'><strong>ἐξ</strong></span> <span class='ocrx_word' id='word_1_227' title='bbox 1667 1714 1831 1768; x_wconf 84' lang='grc' dir='ltr'>ἀσθε-</span> 
     </span>
    </p>
   </div>
   <div class='ocr_carea' id='block_1_33' title="bbox 1942 1696 3517 1795">
    <p class='ocr_par' dir='ltr' id='par_1_33' title="bbox 1942 1696 3517 1771">
     <span class='ocr_line' id='line_1_33' title="bbox 1942 1696 3517 1771; baseline -0.003 -17"><span class='ocrx_word' id='word_1_228' title='bbox 1942 1702 2084 1771; x_wconf 81' lang='lat' dir='ltr'><strong>quod</strong></span> <span class='ocrx_word' id='word_1_229' title='bbox 2123 1712 2331 1755; x_wconf 87' lang='lat' dir='ltr'><strong>tantum</strong></span> <span class='ocrx_word' id='word_1_230' title='bbox 2374 1710 2535 1768; x_wconf 81' lang='lat' dir='ltr'><strong>negat</strong></span> <span class='ocrx_word' id='word_1_231' title='bbox 2570 1716 2628 1754; x_wconf 91' lang='lat' dir='ltr'><strong>se</strong></span> <span class='ocrx_word' id='word_1_232' title='bbox 2664 1701 2876 1763; x_wconf 87' lang='lat' dir='ltr'><strong>timere,</strong></span> <span class='ocrx_word' id='word_1_233' title='bbox 2908 1698 3123 1753; x_wconf 83' lang='lat' dir='ltr'><strong>tametsi</strong></span> <span class='ocrx_word' id='word_1_234' title='bbox 3164 1696 3272 1766; x_wconf 90' lang='lat' dir='ltr'><strong>pati</strong></span> <span class='ocrx_word' id='word_1_235' title='bbox 3308 1696 3517 1763; x_wconf 84' lang='lat' dir='ltr'><strong>aliquid</strong></span> 
     </span>
    </p>
   </div>
   <div class='ocr_carea' id='block_1_34' title="bbox 249 1804 1829 1885">
    <p class='ocr_par' dir='ltr' id='par_1_34' title="bbox 249 1804 1829 1885">
     <span class='ocr_line' id='line_1_34' title="bbox 249 1804 1829 1885; baseline -0.009 -14"><span class='ocrx_word' id='word_1_236' title='bbox 249 1818 399 1880; x_wconf 84' lang='grc' dir='ltr'>νείας</span> <span class='ocrx_word' id='word_1_237' title='bbox 432 1816 587 1870; x_wconf 75' lang='grc' dir='ltr'>ἔσται</span> <span class='ocrx_word' id='word_1_238' title='bbox 610 1814 704 1868; x_wconf 87' lang='grc' dir='ltr'><strong>τοῦ</strong></span> <span class='ocrx_word' id='word_1_239' title='bbox 727 1811 1051 1885; x_wconf 77' lang='grc' dir='ltr'>βοηθοῦντος</span> <span class='ocrx_word' id='word_1_240' title='bbox 1087 1827 1198 1881; x_wconf 91' lang='grc' dir='ltr'>μοι,</span> <span class='ocrx_word' id='word_1_241' title='bbox 1225 1807 1359 1861; x_wconf 79' lang='grc' dir='ltr'>ἀλλὰ</span> <span class='ocrx_word' id='word_1_242' title='bbox 1392 1808 1533 1861; x_wconf 85' lang='grc' dir='ltr'><strong>κατὰ</strong></span> <span class='ocrx_word' id='word_1_243' title='bbox 1564 1804 1829 1878; x_wconf 83' lang='grc' dir='ltr'>παραχώ-</span> 
     </span>
    </p>
   </div>
   <div class='ocr_carea' id='block_1_35' title="bbox 254 1897 1503 1995">
    <p class='ocr_par' dir='ltr' id='par_1_35' title="bbox 254 1897 1503 1995">
     <span class='ocr_line' id='line_1_35' title="bbox 254 1897 1503 1995; baseline -0.01 -32"><span class='ocrx_word' id='word_1_244' title='bbox 254 1924 435 1980; x_wconf 85' lang='grc' dir='ltr'>ρησιν,</span> <span class='ocrx_word' id='word_1_245' title='bbox 468 1908 547 1971; x_wconf 85' lang='grc' dir='ltr'><strong>είς</strong></span> <span class='ocrx_word' id='word_1_246' title='bbox 577 1904 861 1995; x_wconf 60' lang='grc' dir='ltr'>παίδευσιν</span> <span class='ocrx_word' id='word_1_247' title='bbox 889 1901 1031 1972; x_wconf 84' lang='grc' dir='ltr'>ἐμὴν</span> <span class='ocrx_word' id='word_1_248' title='bbox 1062 1903 1158 1954; x_wconf 68' lang='grc' dir='ltr'><strong>καὶ</strong></span> <span class='ocrx_word' id='word_1_249' title='bbox 1190 1897 1503 1969; x_wconf 81' lang='grc' dir='ltr'><strong>διόρθωσιν.</strong></span> 
     </span>
    </p>
   </div>
   <div class='ocr_carea' id='block_1_36' title="bbox 328 2154 1837 2237">
    <p class='ocr_par' dir='ltr' id='par_1_36' title="bbox 328 2154 1837 2237">
     <span class='ocr_line' id='line_1_36' title="bbox 328 2154 1837 2237; baseline -0.009 -15"><span class='ocrx_word' id='word_1_250' title='bbox 328 2167 549 2237; x_wconf 80' lang='grc' dir='ltr'>Κύριος</span> <span class='ocrx_word' id='word_1_251' title='bbox 613 2166 747 2236; x_wconf 74' lang='grc' dir='ltr'>ἐμοὶ</span> <span class='ocrx_word' id='word_1_252' title='bbox 792 2165 1020 2235; x_wconf 80' lang='grc' dir='ltr'>,ϐοηθὸς</span> <span class='ocrx_word' id='word_1_253' title='bbox 1050 2201 1066 2229; x_wconf 87' lang='grc'><strong>,</strong></span> <span class='ocrx_word' id='word_1_254' title='bbox 1118 2161 1280 2233; x_wconf 75' lang='grc' dir='ltr'>κάγὼ</span> <span class='ocrx_word' id='word_1_255' title='bbox 1338 2159 1641 2227; x_wconf 67' lang='grc' dir='ltr'>ἐπόψομαι</span> <span class='ocrx_word' id='word_1_256' title='bbox 1693 2154 1837 2221; x_wconf 84' lang='grc' dir='ltr'>τοὺς</span> 
     </span>
    </p>
   </div>
   <div class='ocr_carea' id='block_1_37' title="bbox 257 2249 1836 2332">
    <p class='ocr_par' dir='ltr' id='par_1_37' title="bbox 257 2249 1836 2332">
     <span class='ocr_line' id='line_1_37' title="bbox 257 2249 1836 2332; baseline -0.01 -17"><span class='ocrx_word' id='word_1_257' title='bbox 257 2262 511 2332; x_wconf 81' lang='grc' dir='ltr'>ἐχθρούς</span> <span class='ocrx_word' id='word_1_258' title='bbox 557 2276 699 2329; x_wconf 89' lang='grc' dir='ltr'>μου.</span> <span class='ocrx_word' id='word_1_259' title='bbox 736 2260 974 2322; x_wconf 77' lang='grc' dir='ltr'>Ἐκεῖνος</span> <span class='ocrx_word' id='word_1_260' title='bbox 1005 2256 1331 2325; x_wconf 82' lang='grc' dir='ltr'>πολεμήσει,</span> <span class='ocrx_word' id='word_1_261' title='bbox 1354 2251 1510 2320; x_wconf 77' lang='grc' dir='ltr'>κάγὼ</span> <span class='ocrx_word' id='word_1_262' title='bbox 1555 2249 1836 2319; x_wconf 77' lang='grc' dir='ltr'><strong>ἐπόψομαι</strong></span> 
     </span>
    </p>
   </div>
   <div class='ocr_carea' id='block_1_38' title="bbox 259 2335 1837 2419">
    <p class='ocr_par' dir='ltr' id='par_1_38' title="bbox 259 2335 1837 2419">
     <span class='ocr_line' id='line_1_38' title="bbox 259 2335 1837 2419; baseline -0.01 -17"><span class='ocrx_word' id='word_1_263' title='bbox 259 2350 387 2411; x_wconf 77' lang='grc' dir='ltr'>τοὺς</span> <span class='ocrx_word' id='word_1_264' title='bbox 403 2345 634 2419; x_wconf 81' lang='grc' dir='ltr'>ἐχθρούς</span> <span class='ocrx_word' id='word_1_265' title='bbox 658 2362 761 2416; x_wconf 87' lang='grc' dir='ltr'><strong>μου</strong></span> <span class='ocrx_word' id='word_1_266' title='bbox 776 2344 1098 2407; x_wconf 80' lang='grc' dir='ltr'>πίπτοντας·</span> <span class='ocrx_word' id='word_1_267' title='bbox 1122 2343 1248 2405; x_wconf 84' lang='grc' dir='ltr'>τοὺς</span> <span class='ocrx_word' id='word_1_268' title='bbox 1269 2341 1365 2412; x_wconf 78' lang='grc' dir='ltr'><strong>μὲν</strong></span> <span class='ocrx_word' id='word_1_269' title='bbox 1388 2338 1681 2408; x_wconf 74' lang='grc' dir='ltr'>αἰσθητοὺς</span> <span class='ocrx_word' id='word_1_270' title='bbox 1705 2335 1837 2388; x_wconf 82' lang='grc' dir='ltr'>ἐπό-</span> 
     </span>
    </p>
   </div>
   <div class='ocr_carea' id='block_1_39' title="bbox 257 2426 1839 2509">
    <p class='ocr_par' dir='ltr' id='par_1_39' title="bbox 257 2426 1839 2509">
     <span class='ocr_line' id='line_1_39' title="bbox 257 2426 1839 2509; baseline -0.009 -18"><span class='ocrx_word' id='word_1_271' title='bbox 257 2438 433 2509; x_wconf 70' lang='grc' dir='ltr'>ψομαι</span> <span class='ocrx_word' id='word_1_272' title='bbox 463 2440 578 2501; x_wconf 76' lang='grc' dir='ltr'>τοῖς</span> <span class='ocrx_word' id='word_1_273' title='bbox 627 2435 912 2506; x_wconf 74' lang='grc' dir='ltr'>αἰσθητοῖς</span> <span class='ocrx_word' id='word_1_274' title='bbox 953 2434 1292 2504; x_wconf 77' lang='grc' dir='ltr'>ὀφθαλμοῖς·</span> <span class='ocrx_word' id='word_1_275' title='bbox 1323 2430 1445 2493; x_wconf 76' lang='grc' dir='ltr'>τοὺς</span> <span class='ocrx_word' id='word_1_276' title='bbox 1507 2428 1565 2482; x_wconf 81' lang='grc' dir='ltr'>δὲ</span> <span class='ocrx_word' id='word_1_277' title='bbox 1614 2426 1839 2496; x_wconf 77' lang='grc' dir='ltr'>νοητοὺς</span> 
     </span>
    </p>
   </div>
   <div class='ocr_carea' id='block_1_40' title="bbox 255 2513 1839 2598">
    <p class='ocr_par' dir='ltr' id='par_1_40' title="bbox 255 2513 1839 2598">
     <span class='ocr_line' id='line_1_40' title="bbox 255 2513 1839 2598; baseline -0.008 -19"><span class='ocrx_word' id='word_1_278' title='bbox 255 2530 372 2589; x_wconf 81' lang='grc' dir='ltr'>τοῖς</span> <span class='ocrx_word' id='word_1_279' title='bbox 421 2528 651 2598; x_wconf 79' lang='grc' dir='ltr'>νοητοῖς.</span> <span class='ocrx_word' id='word_1_280' title='bbox 724 2524 1054 2594; x_wconf 73' lang='grc' dir='ltr'>Ἀρμόςουσι</span> <span class='ocrx_word' id='word_1_281' title='bbox 1105 2524 1163 2577; x_wconf 82' lang='grc' dir='ltr'>δὲ</span> <span class='ocrx_word' id='word_1_282' title='bbox 1219 2521 1393 2575; x_wconf 74' lang='grc' dir='ltr'>ταῦτα</span> <span class='ocrx_word' id='word_1_283' title='bbox 1451 2518 1520 2572; x_wconf 85' lang='grc' dir='ltr'>τὰ</span> <span class='ocrx_word' id='word_1_284' title='bbox 1572 2516 1714 2588; x_wconf 77' lang='grc' dir='ltr'>ῥητὰ</span> <span class='ocrx_word' id='word_1_285' title='bbox 1742 2513 1839 2567; x_wconf 74' lang='grc' dir='ltr'>καὶ</span> 
     </span>
    </p>
   </div>
   <div class='ocr_carea' id='block_1_41' title="bbox 258 2607 1662 2679">
    <p class='ocr_par' dir='ltr' id='par_1_41' title="bbox 258 2607 1662 2679">
     <span class='ocr_line' id='line_1_41' title="bbox 258 2607 1662 2679; baseline -0.007 -9"><span class='ocrx_word' id='word_1_286' title='bbox 258 2618 397 2670; x_wconf 79' lang='grc' dir='ltr'>πᾶσι</span> <span class='ocrx_word' id='word_1_287' title='bbox 416 2618 532 2678; x_wconf 82' lang='grc' dir='ltr'>τοῖς</span> <span class='ocrx_word' id='word_1_288' title='bbox 552 2613 920 2679; x_wconf 79' lang='grc' dir='ltr'>ἁδιστάκτοις,</span> <span class='ocrx_word' id='word_1_289' title='bbox 955 2611 1274 2677; x_wconf 77' lang='grc' dir='ltr'>ἐλπίζουσιν</span> <span class='ocrx_word' id='word_1_290' title='bbox 1302 2612 1395 2663; x_wconf 75' lang='grc' dir='ltr'><strong>ἐπὶ</strong></span> <span class='ocrx_word' id='word_1_291' title='bbox 1431 2607 1662 2678; x_wconf 80' lang='grc' dir='ltr'>Κύριον.</span> 
     </span>
    </p>
   </div>
   <div class='ocr_carea' id='block_1_42' title="bbox 344 2786 1844 2870">
    <p class='ocr_par' dir='ltr' id='par_1_42' title="bbox 344 2786 1844 2870">
     <span class='ocr_line' id='line_1_42' title="bbox 344 2786 1844 2870; baseline -0.01 -15"><span class='ocrx_word' id='word_1_292' title='bbox 344 2797 596 2870; x_wconf 69' lang='grc' dir='ltr'>Ἀγαθὸν</span> <span class='ocrx_word' id='word_1_293' title='bbox 628 2793 977 2851; x_wconf 69' lang='grc' dir='ltr'>πεποιθέναι</span> <span class='ocrx_word' id='word_1_294' title='bbox 1034 2791 1132 2848; x_wconf 71' lang='grc' dir='ltr'><strong>ἐπὶ</strong></span> <span class='ocrx_word' id='word_1_295' title='bbox 1158 2792 1397 2859; x_wconf 81' lang='grc' dir='ltr'>Κύριον,</span> <span class='ocrx_word' id='word_1_296' title='bbox 1425 2787 1463 2858; x_wconf 80' lang='grc' dir='ltr'><strong>ἢ</strong></span> <span class='ocrx_word' id='word_1_297' title='bbox 1492 2786 1844 2842; x_wconf 79' lang='grc' dir='ltr'>πεποιθέναι</span> 
     </span>
    </p>
   </div>
   <div class='ocr_carea' id='block_1_43' title="bbox 258 2877 1843 2957">
    <p class='ocr_par' dir='ltr' id='par_1_43' title="bbox 258 2877 1843 2957">
     <span class='ocr_line' id='line_1_43' title="bbox 258 2877 1843 2957; baseline -0.007 -14"><span class='ocrx_word' id='word_1_298' title='bbox 258 2891 352 2946; x_wconf 75' lang='grc' dir='ltr'>ἐπ’</span> <span class='ocrx_word' id='word_1_299' title='bbox 379 2890 737 2957; x_wconf 74' lang='grc' dir='ltr'>ἄνθρωπον·</span> <span class='ocrx_word' id='word_1_300' title='bbox 775 2884 1004 2957; x_wconf 77' lang='grc' dir='ltr'>ἀγαθὸν</span> <span class='ocrx_word' id='word_1_301' title='bbox 1058 2882 1322 2944; x_wconf 76' lang='grc' dir='ltr'>ἐλπίζειν</span> <span class='ocrx_word' id='word_1_302' title='bbox 1377 2879 1478 2935; x_wconf 73' lang='grc' dir='ltr'>ἐπὶ</span> <span class='ocrx_word' id='word_1_303' title='bbox 1523 2880 1768 2947; x_wconf 82' lang='grc' dir='ltr'>Κύριον,</span> <span class='ocrx_word' id='word_1_304' title='bbox 1802 2877 1843 2947; x_wconf 79' lang='grc' dir='ltr'><strong>ἣ</strong></span> 
     </span>
    </p>
   </div>
   <div class='ocr_carea' id='block_1_44' title="bbox 260 2972 1839 3047">
    <p class='ocr_par' dir='ltr' id='par_1_44' title="bbox 260 2972 1839 3047">
     <span class='ocr_line' id='line_1_44' title="bbox 260 2972 1839 3047; baseline -0.009 -9"><span class='ocrx_word' id='word_1_305' title='bbox 260 2980 522 3043; x_wconf 75' lang='grc' dir='ltr'>ἐλπίζειν</span> <span class='ocrx_word' id='word_1_306' title='bbox 544 2980 638 3033; x_wconf 79' lang='grc' dir='ltr'>ἐπ’</span> <span class='ocrx_word' id='word_1_307' title='bbox 679 2977 959 3047; x_wconf 73' lang='grc' dir='ltr'>ἄρχουσι.</span> <span class='ocrx_word' id='word_1_308' title='bbox 987 3005 1060 3019; x_wconf 90' lang='lat'><strong><em>——</em></strong></span> <span class='ocrx_word' id='word_1_309' title='bbox 1087 2973 1388 3043; x_wconf 82' lang='grc' dir='ltr'>Μακάριος</span> <span class='ocrx_word' id='word_1_310' title='bbox 1413 2973 1546 3042; x_wconf 82' lang='grc' dir='ltr'>γὰρ,</span> <span class='ocrx_word' id='word_1_311' title='bbox 1585 2972 1776 3043; x_wconf 72' lang='grc' dir='ltr'>φησιν,</span> <span class='ocrx_word' id='word_1_312' title='bbox 1805 2972 1839 3025; x_wconf 85' lang='grc' dir='ltr'><em>ό</em></span> 
     </span>
    </p>
   </div>
   <div class='ocr_carea' id='block_1_45' title="bbox 263 3063 1843 3140">
    <p class='ocr_par' dir='ltr' id='par_1_45' title="bbox 263 3063 1843 3140">
     <span class='ocr_line' id='line_1_45' title="bbox 263 3063 1843 3140; baseline -0.008 -11"><span class='ocrx_word' id='word_1_313' title='bbox 263 3073 519 3135; x_wconf 65' lang='grc' dir='ltr'>ἐλπίζων</span> <span class='ocrx_word' id='word_1_314' title='bbox 539 3072 642 3126; x_wconf 75' lang='grc' dir='ltr'>ἐπὶ</span> <span class='ocrx_word' id='word_1_315' title='bbox 669 3072 909 3140; x_wconf 83' lang='grc' dir='ltr'>Κύριον.</span> <span class='ocrx_word' id='word_1_316' title='bbox 936 3070 1048 3123; x_wconf 77' lang='grc' dir='ltr'><strong>Καὶ</strong></span> <span class='ocrx_word' id='word_1_317' title='bbox 1066 3067 1300 3137; x_wconf 83' lang='grc' dir='ltr'>ἀλλαχοῦ</span> <span class='ocrx_word' id='word_1_318' title='bbox 1317 3079 1330 3093; x_wconf 82' lang='grc'><strong><em>⁸</em></strong></span> <span class='ocrx_word' id='word_1_319' title='bbox 1373 3063 1843 3133; x_wconf 79' lang='grc' dir='ltr'>Ἐπικατάρατος</span> 
     </span>
    </p>
   </div>
   <div class='ocr_carea' id='block_1_46' title="bbox 264 3157 1844 3234">
    <p class='ocr_par' dir='ltr' id='par_1_46' title="bbox 264 3157 1844 3234">
     <span class='ocr_line' id='line_1_46' title="bbox 264 3157 1844 3234; baseline -0.008 -12"><span class='ocrx_word' id='word_1_320' title='bbox 264 3166 385 3234; x_wconf 87' lang='grc' dir='ltr'>πᾶς</span> <span class='ocrx_word' id='word_1_321' title='bbox 433 3169 467 3222; x_wconf 81' lang='grc' dir='ltr'><em>ὁ</em></span> <span class='ocrx_word' id='word_1_322' title='bbox 513 3164 771 3226; x_wconf 73' lang='grc' dir='ltr'>ἐλπίζων</span> <span class='ocrx_word' id='word_1_323' title='bbox 820 3162 915 3217; x_wconf 78' lang='grc' dir='ltr'>ἐπ’</span> <span class='ocrx_word' id='word_1_324' title='bbox 941 3163 1281 3230; x_wconf 81' lang='grc' dir='ltr'>ἄνθρωπον.</span> <span class='ocrx_word' id='word_1_325' title='bbox 1325 3160 1435 3212; x_wconf 75' lang='grc' dir='ltr'>Καὶ</span> <span class='ocrx_word' id='word_1_326' title='bbox 1471 3157 1631 3222; x_wconf 73' lang='grc' dir='ltr'>ἄλλος</span> <span class='ocrx_word' id='word_1_327' title='bbox 1660 3157 1720 3211; x_wconf 79' lang='grc' dir='ltr'>δέ</span> <span class='ocrx_word' id='word_1_328' title='bbox 1758 3173 1844 3221; x_wconf 90' lang='grc' dir='ltr'><strong>τις</strong></span> 
     </span>
    </p>
   </div>
   <div class='ocr_carea' id='block_1_47' title="bbox 264 3248 1840 3329">
    <p class='ocr_par' dir='ltr' id='par_1_47' title="bbox 264 3248 1840 3329">
     <span class='ocr_line' id='line_1_47' title="bbox 264 3248 1840 3329; baseline -0.008 -15"><span class='ocrx_word' id='word_1_329' title='bbox 264 3260 412 3329; x_wconf 78' lang='grc' dir='ltr'>λέγει</span> <span class='ocrx_word' id='word_1_330' title='bbox 443 3258 644 3327; x_wconf 69' lang='grc' dir='ltr'>σοφός·</span> <span class='ocrx_word' id='word_1_331' title='bbox 686 3254 1061 3325; x_wconf 75' lang='grc' dir='ltr'>Ἐμσλέψατε</span> <span class='ocrx_word' id='word_1_332' title='bbox 1075 3256 1165 3320; x_wconf 80' lang='grc' dir='ltr'><strong>είς</strong></span> <span class='ocrx_word' id='word_1_333' title='bbox 1182 3252 1288 3319; x_wconf 80' lang='grc' dir='ltr'>τὰς</span> <span class='ocrx_word' id='word_1_334' title='bbox 1325 3251 1584 3320; x_wconf 82' lang='grc' dir='ltr'>ἀρχαίας</span> <span class='ocrx_word' id='word_1_335' title='bbox 1606 3248 1840 3320; x_wconf 83' lang='grc' dir='ltr'>γενεὰς,</span> 
     </span>
    </p>
   </div>
   <div class='ocr_carea' id='block_1_48' title="bbox 265 3340 1843 3418">
    <p class='ocr_par' dir='ltr' id='par_1_48' title="bbox 265 3340 1843 3418">
     <span class='ocr_line' id='line_1_48' title="bbox 265 3340 1843 3418; baseline -0.008 -12"><span class='ocrx_word' id='word_1_336' title='bbox 265 3353 363 3407; x_wconf 77' lang='grc' dir='ltr'>καί</span> <span class='ocrx_word' id='word_1_337' title='bbox 384 3350 539 3405; x_wconf 75' lang='grc' dir='ltr'>ἴδετε</span> <span class='ocrx_word' id='word_1_338' title='bbox 554 3349 647 3415; x_wconf 85' lang='grc' dir='ltr'><strong>τίς</strong></span> <span class='ocrx_word' id='word_1_339' title='bbox 661 3347 927 3418; x_wconf 75' lang='grc' dir='ltr'>ἤλπισεν</span> <span class='ocrx_word' id='word_1_340' title='bbox 941 3345 1039 3400; x_wconf 75' lang='grc' dir='ltr'>ἐπὶ</span> <span class='ocrx_word' id='word_1_341' title='bbox 1065 3346 1304 3413; x_wconf 82' lang='grc' dir='ltr'>Κύριον,</span> <span class='ocrx_word' id='word_1_342' title='bbox 1319 3340 1419 3397; x_wconf 75' lang='grc' dir='ltr'>καί</span> <span class='ocrx_word' id='word_1_343' title='bbox 1432 3340 1843 3409; x_wconf 80' lang='grc' dir='ltr'>κατῃσχύνθη.</span> 
     </span>
    </p>
   </div>
   <div class='ocr_carea' id='block_1_49' title="bbox 267 3430 1844 3515">
    <p class='ocr_par' dir='ltr' id='par_1_49' title="bbox 267 3430 1844 3515">
     <span class='ocr_line' id='line_1_49' title="bbox 267 3430 1844 3515; baseline -0.009 -17"><span class='ocrx_word' id='word_1_344' title='bbox 267 3444 331 3499; x_wconf 82' lang='lat' dir='ltr'><strong>El</strong></span> <span class='ocrx_word' id='word_1_345' title='bbox 359 3444 416 3497; x_wconf 75' lang='grc' dir='ltr'>δὲ</span> <span class='ocrx_word' id='word_1_346' title='bbox 469 3440 825 3515; x_wconf 77' lang='grc' dir='ltr'>κατῃσχύνθη</span> <span class='ocrx_word' id='word_1_347' title='bbox 859 3458 965 3505; x_wconf 90' lang='grc' dir='ltr'>τις,</span> <span class='ocrx_word' id='word_1_348' title='bbox 998 3438 1100 3493; x_wconf 81' lang='grc' dir='ltr'>οὐκ</span> <span class='ocrx_word' id='word_1_349' title='bbox 1129 3439 1364 3508; x_wconf 71' lang='grc' dir='ltr'>ἤλπισεν</span> <span class='ocrx_word' id='word_1_350' title='bbox 1414 3436 1492 3500; x_wconf 84' lang='grc' dir='ltr'>ὡς</span> <span class='ocrx_word' id='word_1_351' title='bbox 1522 3436 1714 3505; x_wconf 74' lang='grc' dir='ltr'>ἐχρῆν.</span> <span class='ocrx_word' id='word_1_352' title='bbox 1751 3430 1844 3487; x_wconf 83' lang='grc' dir='ltr'>Διὸ</span> 
     </span>
    </p>
   </div>
   <div class='ocr_carea' id='block_1_50' title="bbox 268 3522 1847 3599">
    <p class='ocr_par' dir='ltr' id='par_1_50' title="bbox 268 3522 1847 3599">
     <span class='ocr_line' id='line_1_50' title="bbox 268 3522 1847 3599; baseline -0.008 -11"><span class='ocrx_word' id='word_1_353' title='bbox 268 3533 502 3597; x_wconf 81' lang='grc' dir='ltr'>Παῦλος,</span> <span class='ocrx_word' id='word_1_354' title='bbox 538 3531 777 3597; x_wconf 73' lang='grc' dir='ltr'>βεϐαιῶν</span> <span class='ocrx_word' id='word_1_355' title='bbox 831 3531 925 3587; x_wconf 76' lang='grc' dir='ltr'><strong>τὸν</strong></span> <span class='ocrx_word' id='word_1_356' title='bbox 951 3528 1134 3597; x_wconf 84' lang='grc' dir='ltr'>λόγον,</span> <span class='ocrx_word' id='word_1_357' title='bbox 1167 3528 1424 3599; x_wconf 75' lang='grc' dir='ltr'>εἴρηκεν·</span> <span class='ocrx_word' id='word_1_358' title='bbox 1470 3527 1539 3581; x_wconf 84' lang='grc' dir='ltr'><strong>Ἦ</strong></span> <span class='ocrx_word' id='word_1_359' title='bbox 1567 3524 1637 3581; x_wconf 81' lang='grc' dir='ltr'>δὲ</span> <span class='ocrx_word' id='word_1_360' title='bbox 1668 3522 1847 3590; x_wconf 78' lang='grc' dir='ltr'>ἐλπίς</span> 
     </span>
    </p>
   </div>
   <div class='ocr_carea' id='block_1_51' title="bbox 268 3612 1848 3695">
    <p class='ocr_par' dir='ltr' id='par_1_51' title="bbox 268 3612 1848 3695">
     <span class='ocr_line' id='line_1_51' title="bbox 268 3612 1848 3695; baseline -0.009 -14"><span class='ocrx_word' id='word_1_361' title='bbox 268 3629 341 3682; x_wconf 86' lang='grc' dir='ltr'>οὐ</span> <span class='ocrx_word' id='word_1_362' title='bbox 382 3624 774 3695; x_wconf 82' lang='grc' dir='ltr'>καταισχύνει</span> <span class='ocrx_word' id='word_1_363' title='bbox 796 3638 812 3655; x_wconf 76' lang='grc' dir='ltr'><strong>ο</strong></span> <span class='ocrx_word' id='word_1_364' title='bbox 881 3620 944 3675; x_wconf 84' lang='grc' dir='ltr'><strong>οῦ</strong></span> <span class='ocrx_word' id='word_1_365' title='bbox 982 3618 1298 3691; x_wconf 80' lang='grc' dir='ltr'>συγκρίνων</span> <span class='ocrx_word' id='word_1_366' title='bbox 1328 3617 1387 3672; x_wconf 75' lang='grc' dir='ltr'>δὲ</span> <span class='ocrx_word' id='word_1_367' title='bbox 1419 3612 1596 3678; x_wconf 70' lang='grc' dir='ltr'>εἶπεν,</span> <span class='ocrx_word' id='word_1_368' title='bbox 1642 3614 1848 3683; x_wconf 82' lang='grc' dir='ltr'>ἀγαθὸν</span> 
     </span>
    </p>
   </div>
   <div class='ocr_carea' id='block_1_52' title="bbox 1934 1788 3515 1864">
    <p class='ocr_par' dir='ltr' id='par_1_52' title="bbox 1934 1788 3515 1864">
     <span class='ocr_line' id='line_1_52' title="bbox 1934 1788 3515 1864; baseline -0.006 -14"><span class='ocrx_word' id='word_1_369' title='bbox 1934 1795 2230 1864; x_wconf 79' lang='lat' dir='ltr'><strong>contigerit</strong></span> <span class='ocrx_word' id='word_1_370' title='bbox 2260 1809 2273 1845; x_wconf 93' lang='lat'>:</span> <span class='ocrx_word' id='word_1_371' title='bbox 2306 1792 2451 1861; x_wconf 89' lang='lat' dir='ltr'><strong>quod</strong></span> <span class='ocrx_word' id='word_1_372' title='bbox 2485 1792 2528 1846; x_wconf 90' lang='lat' dir='ltr'><strong>si</strong></span> <span class='ocrx_word' id='word_1_373' title='bbox 2563 1793 2761 1860; x_wconf 81' lang='lat' dir='ltr'><strong>patiar,</strong></span> <span class='ocrx_word' id='word_1_374' title='bbox 2795 1791 2993 1860; x_wconf 88' lang='lat' dir='ltr'><strong>ittquit,</strong></span> <span class='ocrx_word' id='word_1_375' title='bbox 3037 1790 3090 1843; x_wconf 87' lang='lat' dir='ltr'><strong>id</strong></span> <span class='ocrx_word' id='word_1_376' title='bbox 3131 1788 3363 1845; x_wconf 81' lang='lat' dir='ltr'><strong>accidet.</strong></span> <span class='ocrx_word' id='word_1_377' title='bbox 3407 1802 3515 1841; x_wconf 91' lang='lat' dir='ltr'><strong>non</strong></span> 
     </span>
    </p>
   </div>
   <div class='ocr_carea' id='block_1_53' title="bbox 1934 1878 3517 1954">
    <p class='ocr_par' dir='ltr' id='par_1_53' title="bbox 1934 1878 3517 1954">
     <span class='ocr_line' id='line_1_53' title="bbox 1934 1878 3517 1954; baseline -0.006 -13"><span class='ocrx_word' id='word_1_378' title='bbox 1934 1890 2003 1941; x_wconf 93' lang='lat' dir='ltr'><strong>ob</strong></span> <span class='ocrx_word' id='word_1_379' title='bbox 2047 1886 2481 1942; x_wconf 83' lang='lat' dir='ltr'><strong>imbecillitatem</strong></span> <span class='ocrx_word' id='word_1_380' title='bbox 2527 1883 2646 1950; x_wconf 78' lang='lat' dir='ltr'><strong>Dei,</strong></span> <span class='ocrx_word' id='word_1_381' title='bbox 2678 1884 2834 1954; x_wconf 90' lang='lat' dir='ltr'><strong>quasi</strong></span> <span class='ocrx_word' id='word_1_382' title='bbox 2862 1898 3020 1953; x_wconf 88' lang='lat' dir='ltr'><strong>opem</strong></span> <span class='ocrx_word' id='word_1_383' title='bbox 3056 1881 3149 1937; x_wconf 90' lang='lat' dir='ltr'><strong>ille</strong></span> <span class='ocrx_word' id='word_1_384' title='bbox 3193 1896 3348 1936; x_wconf 83' lang='lat' dir='ltr'><strong>suam</strong></span> <span class='ocrx_word' id='word_1_385' title='bbox 3382 1878 3517 1933; x_wconf 89' lang='lat' dir='ltr'><strong>mihi</strong></span> 
     </span>
    </p>
   </div>
   <div class='ocr_carea' id='block_1_54' title="bbox 1934 1973 3519 2048">
    <p class='ocr_par' dir='ltr' id='par_1_54' title="bbox 1934 1973 3519 2048">
     <span class='ocr_line' id='line_1_54' title="bbox 1934 1973 3519 2048; baseline -0.006 -15"><span class='ocrx_word' id='word_1_386' title='bbox 1934 1979 2130 2034; x_wconf 79' lang='lat' dir='ltr'><strong>atl‘erre</strong></span> <span class='ocrx_word' id='word_1_387' title='bbox 2195 1995 2304 2032; x_wconf 88' lang='lat' dir='ltr'><strong>non</strong></span> <span class='ocrx_word' id='word_1_388' title='bbox 2349 1978 2547 2048; x_wconf 85' lang='lat' dir='ltr'><strong>possit,</strong></span> <span class='ocrx_word' id='word_1_389' title='bbox 2598 1977 2693 2031; x_wconf 84' lang='lat' dir='ltr'><strong>sed</strong></span> <span class='ocrx_word' id='word_1_390' title='bbox 2745 1977 2814 2030; x_wconf 92' lang='lat' dir='ltr'><strong>ob</strong></span> <span class='ocrx_word' id='word_1_391' title='bbox 2869 1975 3020 2029; x_wconf 89' lang='lat' dir='ltr'><strong>illius</strong></span> <span class='ocrx_word' id='word_1_392' title='bbox 3074 1973 3519 2045; x_wconf 80' lang='lat' dir='ltr'><strong>permissionem,</strong></span> 
     </span>
    </p>
   </div>
   <div class='ocr_carea' id='block_1_55' title="bbox 1938 2059 3517 2139">
    <p class='ocr_par' dir='ltr' id='par_1_55' title="bbox 1938 2059 3517 2139">
     <span class='ocr_line' id='line_1_55' title="bbox 1938 2059 3517 2139; baseline -0.006 -18"><span class='ocrx_word' id='word_1_393' title='bbox 1938 2069 2031 2139; x_wconf 89' lang='lat' dir='ltr'><strong>qui</strong></span> <span class='ocrx_word' id='word_1_394' title='bbox 2071 2070 2172 2123; x_wconf 89' lang='lat' dir='ltr'><strong>hac</strong></span> <span class='ocrx_word' id='word_1_395' title='bbox 2202 2069 2418 2122; x_wconf 85' lang='lat' dir='ltr'><strong>ratione</strong></span> <span class='ocrx_word' id='word_1_396' title='bbox 2449 2082 2534 2121; x_wconf 92' lang='lat' dir='ltr'><strong>me</strong></span> <span class='ocrx_word' id='word_1_397' title='bbox 2562 2066 2779 2120; x_wconf 86' lang='lat' dir='ltr'><strong>erudire</strong></span> <span class='ocrx_word' id='word_1_398' title='bbox 2812 2063 3127 2127; x_wconf 85' lang='lat' dir='ltr'><strong>constituit,</strong></span> <span class='ocrx_word' id='word_1_399' title='bbox 3157 2076 3220 2115; x_wconf 88' lang='lat' dir='ltr'><strong>ac</strong></span> <span class='ocrx_word' id='word_1_400' title='bbox 3257 2059 3517 2129; x_wconf 75' lang='lat' dir='ltr'><strong>dirigere.</strong></span> 
     </span>
    </p>
   </div>
   <div class='ocr_carea' id='block_1_56' title="bbox 2008 2150 3521 2223">
    <p class='ocr_par' dir='ltr' id='par_1_56' title="bbox 2008 2150 3521 2223">
     <span class='ocr_line' id='line_1_56' title="bbox 2008 2150 3521 2223; baseline -0.009 -10"><span class='ocrx_word' id='word_1_401' title='bbox 2008 2158 2173 2214; x_wconf 78' lang='lat' dir='ltr'><strong>Vens.</strong></span> <span class='ocrx_word' id='word_1_402' title='bbox 2206 2158 2260 2213; x_wconf 80' lang='lat'><strong>7.</strong></span> <span class='ocrx_word' id='word_1_403' title='bbox 2301 2158 2561 2211; x_wconf 77' lang='lat' dir='ltr'><strong>Dominus</strong></span> <span class='ocrx_word' id='word_1_404' title='bbox 2597 2157 2723 2210; x_wconf 81' lang='lat' dir='ltr'><strong>milii</strong></span> <span class='ocrx_word' id='word_1_405' title='bbox 2751 2156 2992 2223; x_wconf 77' lang='lat' dir='ltr'><strong>atljutor,</strong></span> <span class='ocrx_word' id='word_1_406' title='bbox 3034 2163 3083 2206; x_wconf 92' lang='lat' dir='ltr'><strong>et</strong></span> <span class='ocrx_word' id='word_1_407' title='bbox 3114 2168 3209 2220; x_wconf 96' lang='lat' dir='ltr'><strong>ego</strong></span> <span class='ocrx_word' id='word_1_408' title='bbox 3241 2150 3521 2217; x_wconf 78' lang='lat' dir='ltr'><strong>respiciam</strong></span> 
     </span>
    </p>
   </div>
   <div class='ocr_carea' id='block_1_57' title="bbox 1936 2237 3521 2313">
    <p class='ocr_par' dir='ltr' id='par_1_57' title="bbox 1936 2237 3521 2313">
     <span class='ocr_line' id='line_1_57' title="bbox 1936 2237 3521 2313; baseline -0.008 -11"><span class='ocrx_word' id='word_1_409' title='bbox 1936 2248 2183 2302; x_wconf 86' lang='lat' dir='ltr'><strong>inimicos</strong></span> <span class='ocrx_word' id='word_1_410' title='bbox 2215 2262 2379 2299; x_wconf 86' lang='lat' dir='ltr'><strong>meos.</strong></span> <span class='ocrx_word' id='word_1_411' title='bbox 2418 2247 2511 2299; x_wconf 87' lang='lat' dir='ltr'><strong>Ille</strong></span> <span class='ocrx_word' id='word_1_412' title='bbox 2539 2245 2799 2313; x_wconf 82' lang='lat' dir='ltr'><strong>pugnabit</strong></span> <span class='ocrx_word' id='word_1_413' title='bbox 2828 2258 2925 2311; x_wconf 88' lang='lat' dir='ltr'><strong>pro</strong></span> <span class='ocrx_word' id='word_1_414' title='bbox 2958 2256 3066 2305; x_wconf 88' lang='lat' dir='ltr'><strong>me,</strong></span> <span class='ocrx_word' id='word_1_415' title='bbox 3105 2249 3157 2295; x_wconf 79' lang='lat' dir='ltr'><strong>et</strong></span> <span class='ocrx_word' id='word_1_416' title='bbox 3190 2255 3291 2310; x_wconf 80' lang='lat' dir='ltr'><strong>ego</strong></span> <span class='ocrx_word' id='word_1_417' title='bbox 3336 2237 3521 2291; x_wconf 78' lang='lat' dir='ltr'><strong>inimi-</strong></span> 
     </span>
    </p>
   </div>
   <div class='ocr_carea' id='block_1_58' title="bbox 1939 2329 3525 2405">
    <p class='ocr_par' dir='ltr' id='par_1_58' title="bbox 1939 2329 3525 2405">
     <span class='ocr_line' id='line_1_58' title="bbox 1939 2329 3525 2405; baseline -0.006 -12"><span class='ocrx_word' id='word_1_418' title='bbox 1939 2354 2035 2394; x_wconf 89' lang='lat' dir='ltr'><strong>cos</strong></span> <span class='ocrx_word' id='word_1_419' title='bbox 2072 2352 2224 2392; x_wconf 90' lang='lat' dir='ltr'><strong>meos</strong></span> <span class='ocrx_word' id='word_1_420' title='bbox 2258 2338 2573 2405; x_wconf 81' lang='lat' dir='ltr'><strong>reSpiciam,</strong></span> <span class='ocrx_word' id='word_1_421' title='bbox 2608 2334 2872 2389; x_wconf 77' lang='lat' dir='ltr'><strong>cadentes</strong></span> <span class='ocrx_word' id='word_1_422' title='bbox 2904 2332 3119 2388; x_wconf 87' lang='lat' dir='ltr'><strong>scilicet</strong></span> <span class='ocrx_word' id='word_1_423' title='bbox 3149 2348 3163 2385; x_wconf 92' lang='lat'><strong>:</strong></span> <span class='ocrx_word' id='word_1_424' title='bbox 3192 2340 3247 2385; x_wconf 91' lang='lat' dir='ltr'><strong>et</strong></span> <span class='ocrx_word' id='word_1_425' title='bbox 3279 2329 3525 2384; x_wconf 76' lang='lat' dir='ltr'><strong>visibiles</strong></span> 
     </span>
    </p>
   </div>
   <div class='ocr_carea' id='block_1_59' title="bbox 1940 2422 3529 2499">
    <p class='ocr_par' dir='ltr' id='par_1_59' title="bbox 1940 2422 3529 2499">
     <span class='ocr_line' id='line_1_59' title="bbox 1940 2422 3529 2499; baseline -0.005 -16"><span class='ocrx_word' id='word_1_426' title='bbox 1940 2430 2163 2499; x_wconf 89' lang='lat' dir='ltr'><strong>quidem</strong></span> <span class='ocrx_word' id='word_1_427' title='bbox 2228 2431 2529 2497; x_wconf 84' lang='lat' dir='ltr'><strong>corporeis,</strong></span> <span class='ocrx_word' id='word_1_428' title='bbox 2581 2426 2887 2480; x_wconf 81' lang='lat' dir='ltr'><strong>invisibiles</strong></span> <span class='ocrx_word' id='word_1_429' title='bbox 2932 2439 3084 2489; x_wconf 77' lang='lat' dir='ltr'><strong>vero,</strong></span> <span class='ocrx_word' id='word_1_430' title='bbox 3139 2422 3309 2475; x_wconf 88' lang='lat' dir='ltr'><strong>animi</strong></span> <span class='ocrx_word' id='word_1_431' title='bbox 3362 2431 3529 2490; x_wconf 78' lang='lat' dir='ltr'><strong>atque</strong></span> 
     </span>
    </p>
   </div>
   <div class='ocr_carea' id='block_1_60' title="bbox 1940 2512 3524 2583">
    <p class='ocr_par' dir='ltr' id='par_1_60' title="bbox 1940 2512 3524 2583">
     <span class='ocr_line' id='line_1_60' title="bbox 1940 2512 3524 2583; baseline -0.007 -8"><span class='ocrx_word' id='word_1_432' title='bbox 1940 2522 2250 2575; x_wconf 86' lang='lat' dir='ltr'><strong>intellectus</strong></span> <span class='ocrx_word' id='word_1_433' title='bbox 2307 2520 2506 2583; x_wconf 86' lang='lat' dir='ltr'><strong>oculis,</strong></span> <span class='ocrx_word' id='word_1_434' title='bbox 2558 2519 2837 2572; x_wconf 81' lang='lat' dir='ltr'><strong>intuebar.</strong></span> <span class='ocrx_word' id='word_1_435' title='bbox 2886 2512 3306 2569; x_wconf 82' lang='lat' dir='ltr'><strong>Accommedari</strong></span> <span class='ocrx_word' id='word_1_436' title='bbox 3359 2515 3524 2565; x_wconf 86' lang='lat' dir='ltr'><strong>etiam</strong></span> 
     </span>
    </p>
   </div>
   <div class='ocr_carea' id='block_1_61' title="bbox 1940 2605 3532 2683">
    <p class='ocr_par' dir='ltr' id='par_1_61' title="bbox 1940 2605 3532 2683">
     <span class='ocr_line' id='line_1_61' title="bbox 1940 2605 3532 2683; baseline -0.004 -18"><span class='ocrx_word' id='word_1_437' title='bbox 1940 2620 2173 2683; x_wconf 84' lang='lat' dir='ltr'><strong>possunt</strong></span> <span class='ocrx_word' id='word_1_438' title='bbox 2230 2611 2348 2665; x_wconf 81' lang='lat' dir='ltr'><strong>haec</strong></span> <span class='ocrx_word' id='word_1_439' title='bbox 2395 2611 2560 2664; x_wconf 84' lang='lat' dir='ltr'><strong>verba</strong></span> <span class='ocrx_word' id='word_1_440' title='bbox 2616 2610 2683 2664; x_wconf 89' lang='lat' dir='ltr'><strong>iis</strong></span> <span class='ocrx_word' id='word_1_441' title='bbox 2733 2607 3016 2670; x_wconf 88' lang='lat' dir='ltr'><strong>omnibus,</strong></span> <span class='ocrx_word' id='word_1_442' title='bbox 3060 2605 3154 2676; x_wconf 92' lang='lat' dir='ltr'><strong>qui</strong></span> <span class='ocrx_word' id='word_1_443' title='bbox 3204 2613 3410 2661; x_wconf 90' lang='lat' dir='ltr'><strong>certam</strong></span> <span class='ocrx_word' id='word_1_444' title='bbox 3465 2618 3532 2658; x_wconf 86' lang='lat' dir='ltr'><strong>ac</strong></span> 
     </span>
    </p>
   </div>
   <div class='ocr_carea' id='block_1_62' title="bbox 1942 2700 3079 2771">
    <p class='ocr_par' dir='ltr' id='par_1_62' title="bbox 1942 2700 3079 2771">
     <span class='ocr_line' id='line_1_62' title="bbox 1942 2700 3079 2771; baseline -0.005 -12"><span class='ocrx_word' id='word_1_445' title='bbox 1942 2704 2198 2759; x_wconf 85' lang='lat' dir='ltr'><strong>stabilem</strong></span> <span class='ocrx_word' id='word_1_446' title='bbox 2230 2703 2285 2757; x_wconf 89' lang='lat' dir='ltr'><strong>itt</strong></span> <span class='ocrx_word' id='word_1_447' title='bbox 2314 2702 2546 2757; x_wconf 83' lang='lat' dir='ltr'><strong>Domino</strong></span> <span class='ocrx_word' id='word_1_448' title='bbox 2578 2717 2729 2771; x_wconf 82' lang='lat' dir='ltr'><strong>spem</strong></span> <span class='ocrx_word' id='word_1_449' title='bbox 2764 2700 3079 2754; x_wconf 85' lang='lat' dir='ltr'><strong>habuerint.</strong></span> 
     </span>
    </p>
   </div>
   <div class='ocr_carea' id='block_1_63' title="bbox 2019 2788 3529 2859">
    <p class='ocr_par' dir='ltr' id='par_1_63' title="bbox 2019 2788 3529 2859">
     <span class='ocr_line' id='line_1_63' title="bbox 2019 2788 3529 2859; baseline -0.008 -10"><span class='ocrx_word' id='word_1_450' title='bbox 2019 2793 2182 2850; x_wconf 69' lang='lat' dir='ltr'><strong>Vens.</strong></span> <span class='ocrx_word' id='word_1_451' title='bbox 2211 2795 2266 2859; x_wconf 87' lang='lat'><strong>8,</strong></span> <span class='ocrx_word' id='word_1_452' title='bbox 2290 2793 2344 2849; x_wconf 88' lang='lat'><strong>9.</strong></span> <span class='ocrx_word' id='word_1_453' title='bbox 2373 2792 2580 2847; x_wconf 88' lang='lat' dir='ltr'><strong>Bonum</strong></span> <span class='ocrx_word' id='word_1_454' title='bbox 2612 2804 2686 2846; x_wconf 89' lang='lat' dir='ltr'><strong>est</strong></span> <span class='ocrx_word' id='word_1_455' title='bbox 2722 2792 2987 2859; x_wconf 82' lang='lat' dir='ltr'><strong>conﬁdere</strong></span> <span class='ocrx_word' id='word_1_456' title='bbox 3013 2790 3065 2842; x_wconf 84' lang='lat' dir='ltr'><strong>in</strong></span> <span class='ocrx_word' id='word_1_457' title='bbox 3098 2788 3345 2850; x_wconf 85' lang='lat' dir='ltr'><strong>Domino,</strong></span> <span class='ocrx_word' id='word_1_458' title='bbox 3372 2802 3529 2856; x_wconf 76' lang='lat' dir='ltr'><strong>quam</strong></span> 
     </span>
    </p>
   </div>
   <div class='ocr_carea' id='block_1_64' title="bbox 1946 2879 3530 2952">
    <p class='ocr_par' dir='ltr' id='par_1_64' title="bbox 1946 2879 3530 2952">
     <span class='ocr_line' id='line_1_64' title="bbox 1946 2879 3530 2952; baseline -0.009 -9"><span class='ocrx_word' id='word_1_459' title='bbox 1946 2886 2213 2952; x_wconf 74' lang='lat' dir='ltr'><strong>conﬁdere</strong></span> <span class='ocrx_word' id='word_1_460' title='bbox 2242 2886 2297 2938; x_wconf 88' lang='lat' dir='ltr'><strong>in</strong></span> <span class='ocrx_word' id='word_1_461' title='bbox 2332 2885 2541 2938; x_wconf 83' lang='lat' dir='ltr'><strong>homine</strong></span> <span class='ocrx_word' id='word_1_462' title='bbox 2575 2898 2594 2936; x_wconf 93' lang='lat'><strong><em>:</em></strong></span> <span class='ocrx_word' id='word_1_463' title='bbox 2623 2883 2816 2935; x_wconf 85' lang='lat' dir='ltr'><strong>bonum</strong></span> <span class='ocrx_word' id='word_1_464' title='bbox 2844 2892 2922 2934; x_wconf 90' lang='lat' dir='ltr'><strong>est</strong></span> <span class='ocrx_word' id='word_1_465' title='bbox 2952 2896 3164 2948; x_wconf 87' lang='lat' dir='ltr'><strong>sperare</strong></span> <span class='ocrx_word' id='word_1_466' title='bbox 3194 2881 3246 2932; x_wconf 87' lang='lat' dir='ltr'><strong>in</strong></span> <span class='ocrx_word' id='word_1_467' title='bbox 3281 2879 3530 2941; x_wconf 83' lang='lat' dir='ltr'><strong>Domino,</strong></span> 
     </span>
    </p>
   </div>
   <div class='ocr_carea' id='block_1_65' title="bbox 1944 2969 3526 3050">
    <p class='ocr_par' dir='ltr' id='par_1_65' title="bbox 1944 2969 3526 3050">
     <span class='ocr_line' id='line_1_65' title="bbox 1944 2969 3526 3050; baseline -0.008 -18"><span class='ocrx_word' id='word_1_468' title='bbox 1944 2994 2102 3050; x_wconf 87' lang='lat' dir='ltr'><strong>qnam</strong></span> <span class='ocrx_word' id='word_1_469' title='bbox 2137 2990 2349 3043; x_wconf 80' lang='lat' dir='ltr'><strong>sperare</strong></span> <span class='ocrx_word' id='word_1_470' title='bbox 2382 2974 2436 3028; x_wconf 89' lang='lat' dir='ltr'><strong>in</strong></span> <span class='ocrx_word' id='word_1_471' title='bbox 2482 2974 2830 3040; x_wconf 79' lang='lat' dir='ltr'><strong>principibus.</strong></span> <span class='ocrx_word' id='word_1_472' title='bbox 2874 2970 3074 3024; x_wconf 79' lang='lat' dir='ltr'><strong>Beatus</strong></span> <span class='ocrx_word' id='word_1_473' title='bbox 3114 2969 3285 3034; x_wconf 87' lang='lat' dir='ltr'><strong>enim,</strong></span> <span class='ocrx_word' id='word_1_474' title='bbox 3324 2969 3526 3037; x_wconf 89' lang='lat' dir='ltr'><strong>inquit,</strong></span> 
     </span>
    </p>
   </div>
   <div class='ocr_carea' id='block_1_66' title="bbox 1946 3054 3533 3138">
    <p class='ocr_par' dir='ltr' id='par_1_66' title="bbox 1946 3054 3533 3138">
     <span class='ocr_line' id='line_1_66' title="bbox 1946 3054 3533 3138; baseline -0.009 -18"><span class='ocrx_word' id='word_1_475' title='bbox 1946 3066 2037 3138; x_wconf 76' lang='lat' dir='ltr'><strong>qui</strong></span> <span class='ocrx_word' id='word_1_476' title='bbox 2076 3071 2255 3133; x_wconf 84' lang='lat' dir='ltr'><strong>sperat</strong></span> <span class='ocrx_word' id='word_1_477' title='bbox 2297 3065 2350 3116; x_wconf 93' lang='lat' dir='ltr'><strong>in</strong></span> <span class='ocrx_word' id='word_1_478' title='bbox 2390 3062 2640 3116; x_wconf 85' lang='lat' dir='ltr'><strong>Domino.</strong></span> <span class='ocrx_word' id='word_1_479' title='bbox 2674 3061 2742 3114; x_wconf 85' lang='lat' dir='ltr'><strong>Et</strong></span> <span class='ocrx_word' id='word_1_480' title='bbox 2793 3058 2924 3113; x_wconf 85' lang='lat' dir='ltr'><strong>alibi</strong></span> <span class='ocrx_word' id='word_1_481' title='bbox 2972 3058 3163 3123; x_wconf 83' lang='lat' dir='ltr'><strong>etiam,</strong></span> <span class='ocrx_word' id='word_1_482' title='bbox 3215 3054 3533 3109; x_wconf 79' lang='lat' dir='ltr'><strong>Maledictus</strong></span> 
     </span>
    </p>
   </div>
   <div class='ocr_carea' id='block_1_67' title="bbox 1950 3146 3535 3224">
    <p class='ocr_par' dir='ltr' id='par_1_67' title="bbox 1950 3146 3535 3224">
     <span class='ocr_line' id='line_1_67' title="bbox 1950 3146 3535 3224; baseline -0.006 -14"><span class='ocrx_word' id='word_1_483' title='bbox 1950 3156 2144 3221; x_wconf 75' lang='lat' dir='ltr'><strong>omnis,</strong></span> <span class='ocrx_word' id='word_1_484' title='bbox 2175 3155 2266 3224; x_wconf 88' lang='lat' dir='ltr'><strong>qui</strong></span> <span class='ocrx_word' id='word_1_485' title='bbox 2308 3166 2480 3223; x_wconf 62' lang='lat' dir='ltr'><strong>sperat</strong></span> <span class='ocrx_word' id='word_1_486' title='bbox 2526 3154 2580 3206; x_wconf 88' lang='lat' dir='ltr'><strong>in</strong></span> <span class='ocrx_word' id='word_1_487' title='bbox 2629 3152 2836 3205; x_wconf 81' lang='lat' dir='ltr'><strong>homine</strong></span> <span class='ocrx_word' id='word_1_488' title='bbox 2863 3151 2929 3204; x_wconf 82' lang='grc'><strong>¹⁰.</strong></span> <span class='ocrx_word' id='word_1_489' title='bbox 2962 3150 3095 3203; x_wconf 91' lang='lat' dir='ltr'><strong>ltem</strong></span> <span class='ocrx_word' id='word_1_490' title='bbox 3139 3148 3281 3201; x_wconf 89' lang='lat' dir='ltr'><strong>alius</strong></span> <span class='ocrx_word' id='word_1_491' title='bbox 3315 3146 3535 3216; x_wconf 78' lang='lat' dir='ltr'><strong>sapiens</strong></span> 
     </span>
    </p>
   </div>
   <div class='ocr_carea' id='block_1_68' title="bbox 1949 3238 3534 3312">
    <p class='ocr_par' dir='ltr' id='par_1_68' title="bbox 1949 3238 3534 3312">
     <span class='ocr_line' id='line_1_68' title="bbox 1949 3238 3534 3312; baseline -0.008 -10"><span class='ocrx_word' id='word_1_492' title='bbox 1949 3248 2085 3302; x_wconf 87' lang='lat' dir='ltr'><strong>dicit</strong></span> <span class='ocrx_word' id='word_1_493' title='bbox 2114 3260 2129 3298; x_wconf 87' lang='lat'><strong>:</strong></span> <span class='ocrx_word' id='word_1_494' title='bbox 2159 3243 2424 3312; x_wconf 82' lang='lat' dir='ltr'><strong>Respicite</strong></span> <span class='ocrx_word' id='word_1_495' title='bbox 2469 3246 2522 3297; x_wconf 89' lang='lat' dir='ltr'><strong>in</strong></span> <span class='ocrx_word' id='word_1_496' title='bbox 2561 3244 2808 3311; x_wconf 85' lang='lat' dir='ltr'><strong>antiquas</strong></span> <span class='ocrx_word' id='word_1_497' title='bbox 2844 3240 3232 3312; x_wconf 79' lang='lat' dir='ltr'><strong>generationes,</strong></span> <span class='ocrx_word' id='word_1_498' title='bbox 3262 3247 3312 3291; x_wconf 85' lang='lat' dir='ltr'><strong>et</strong></span> <span class='ocrx_word' id='word_1_499' title='bbox 3347 3238 3534 3301; x_wconf 77' lang='lat' dir='ltr'><strong>videte,</strong></span> 
     </span>
    </p>
   </div>
   <div class='ocr_carea' id='block_1_69' title="bbox 1947 3329 3536 3409">
    <p class='ocr_par' dir='ltr' id='par_1_69' title="bbox 1947 3329 3536 3409">
     <span class='ocr_line' id='line_1_69' title="bbox 1947 3329 3536 3409; baseline -0.006 -18"><span class='ocrx_word' id='word_1_500' title='bbox 1947 3339 2193 3409; x_wconf 76' lang='lat' dir='ltr'><strong>quisnam</strong></span> <span class='ocrx_word' id='word_1_501' title='bbox 2244 3338 2530 3404; x_wconf 77' lang='lat' dir='ltr'><strong>speraverit</strong></span> <span class='ocrx_word' id='word_1_502' title='bbox 2576 3337 2631 3389; x_wconf 88' lang='lat' dir='ltr'><strong>in</strong></span> <span class='ocrx_word' id='word_1_503' title='bbox 2677 3336 2926 3398; x_wconf 86' lang='lat' dir='ltr'><strong>Domino,</strong></span> <span class='ocrx_word' id='word_1_504' title='bbox 2965 3342 3013 3387; x_wconf 90' lang='lat' dir='ltr'><strong>et</strong></span> <span class='ocrx_word' id='word_1_505' title='bbox 3074 3332 3328 3397; x_wconf 61' lang='lat' dir='ltr'><strong>confusus</strong></span> <span class='ocrx_word' id='word_1_506' title='bbox 3367 3330 3435 3383; x_wconf 90' lang='lat' dir='ltr'><strong>sit</strong></span> <span class='ocrx_word' id='word_1_507' title='bbox 3467 3329 3536 3382; x_wconf 82' lang='lat'><strong>“.</strong></span> 
     </span>
    </p>
   </div>
   <div class='ocr_carea' id='block_1_70' title="bbox 1952 3419 3537 3501">
    <p class='ocr_par' dir='ltr' id='par_1_70' title="bbox 1952 3419 3537 3501">
     <span class='ocr_line' id='line_1_70' title="bbox 1952 3419 3537 3501; baseline -0.006 -18"><span class='ocrx_word' id='word_1_508' title='bbox 1952 3431 2113 3497; x_wconf 76' lang='lat' dir='ltr'><strong>Quod</strong></span> <span class='ocrx_word' id='word_1_509' title='bbox 2151 3430 2198 3485; x_wconf 92' lang='lat' dir='ltr'><strong>si</strong></span> <span class='ocrx_word' id='word_1_510' title='bbox 2229 3430 2434 3501; x_wconf 87' lang='lat' dir='ltr'><strong>aliquis</strong></span> <span class='ocrx_word' id='word_1_511' title='bbox 2458 3428 2728 3483; x_wconf 72' lang='lat' dir='ltr'><strong>contrusus</strong></span> <span class='ocrx_word' id='word_1_512' title='bbox 2763 3442 2885 3482; x_wconf 86' lang='lat' dir='ltr'><strong>esse</strong></span> <span class='ocrx_word' id='word_1_513' title='bbox 2916 3426 3156 3489; x_wconf 87' lang='lat' dir='ltr'><strong>videtur,</strong></span> <span class='ocrx_word' id='word_1_514' title='bbox 3201 3425 3290 3477; x_wconf 83' lang='lat' dir='ltr'><strong>illo</strong></span> <span class='ocrx_word' id='word_1_515' title='bbox 3329 3422 3384 3475; x_wconf 91' lang='lat' dir='ltr'><strong>in</strong></span> <span class='ocrx_word' id='word_1_516' title='bbox 3430 3419 3537 3473; x_wconf 83' lang='lat' dir='ltr'><strong>Do-</strong></span> 
     </span>
    </p>
   </div>
   <div class='ocr_carea' id='block_1_71' title="bbox 1957 3511 3535 3592">
    <p class='ocr_par' dir='ltr' id='par_1_71' title="bbox 1957 3511 3535 3592">
     <span class='ocr_line' id='line_1_71' title="bbox 1957 3511 3535 3592; baseline -0.008 -16"><span class='ocrx_word' id='word_1_517' title='bbox 1957 3523 2129 3588; x_wconf 88' lang='lat' dir='ltr'><strong>mino,</strong></span> <span class='ocrx_word' id='word_1_518' title='bbox 2159 3529 2220 3577; x_wconf 90' lang='lat' dir='ltr'><strong>ut</strong></span> <span class='ocrx_word' id='word_1_519' title='bbox 2248 3522 2561 3592; x_wconf 86' lang='lat' dir='ltr'><strong>oportebat,</strong></span> <span class='ocrx_word' id='word_1_520' title='bbox 2595 3535 2707 3575; x_wconf 90' lang='lat' dir='ltr'><strong>non</strong></span> <span class='ocrx_word' id='word_1_521' title='bbox 2740 3518 3002 3587; x_wconf 89' lang='lat' dir='ltr'><strong>speravit.</strong></span> <span class='ocrx_word' id='word_1_522' title='bbox 3032 3518 3213 3586; x_wconf 84' lang='lat' dir='ltr'><strong>Atque</strong></span> <span class='ocrx_word' id='word_1_523' title='bbox 3239 3515 3362 3569; x_wconf 72' lang='lat' dir='ltr'><strong>ideo</strong></span> <span class='ocrx_word' id='word_1_524' title='bbox 3392 3511 3535 3566; x_wconf 85' lang='lat' dir='ltr'><strong>Pau-</strong></span> 
     </span>
    </p>
   </div>
   <div class='ocr_carea' id='block_1_72' title="bbox 1956 3603 3539 3683">
    <p class='ocr_par' dir='ltr' id='par_1_72' title="bbox 1956 3603 3539 3683">
     <span class='ocr_line' id='line_1_72' title="bbox 1956 3603 3539 3683; baseline -0.006 -17"><span class='ocrx_word' id='word_1_525' title='bbox 1956 3612 2043 3666; x_wconf 89' lang='lat' dir='ltr'><strong>lus</strong></span> <span class='ocrx_word' id='word_1_526' title='bbox 2083 3612 2399 3683; x_wconf 87' lang='lat' dir='ltr'><strong>hujusmodi</strong></span> <span class='ocrx_word' id='word_1_527' title='bbox 2432 3625 2740 3667; x_wconf 87' lang='lat' dir='ltr'><strong>sermonem</strong></span> <span class='ocrx_word' id='word_1_528' title='bbox 2783 3610 3137 3669; x_wconf 88' lang='lat' dir='ltr'><strong>conlirmans,</strong></span> <span class='ocrx_word' id='word_1_529' title='bbox 3187 3609 3327 3660; x_wconf 75' lang='lat' dir='ltr'><strong>dixit</strong></span> <span class='ocrx_word' id='word_1_530' title='bbox 3361 3622 3375 3658; x_wconf 89' lang='lat'><strong>:</strong></span> <span class='ocrx_word' id='word_1_531' title='bbox 3411 3603 3539 3673; x_wconf 84' lang='lat' dir='ltr'><strong>Spes</strong></span> 
     </span>
    </p>
   </div>
   <div class='ocr_carea' id='block_1_73' title="bbox 268 3695 1838 3788">
    <p class='ocr_par' dir='ltr' id='par_1_73' title="bbox 268 3704 1838 3788">
     <span class='ocr_line' id='line_1_73' title="bbox 268 3704 1838 3788; baseline -0.01 -15"><span class='ocrx_word' id='word_1_532' title='bbox 268 3718 387 3773; x_wconf 84' lang='grc' dir='ltr'>τόδε</span> <span class='ocrx_word' id='word_1_533' title='bbox 430 3715 584 3788; x_wconf 75' lang='grc' dir='ltr'>παρὰ</span> <span class='ocrx_word' id='word_1_534' title='bbox 617 3714 769 3770; x_wconf 67' lang='grc' dir='ltr'>τόδν</span> <span class='ocrx_word' id='word_1_535' title='bbox 800 3712 940 3769; x_wconf 77' lang='grc' dir='ltr'>ἀλλὰ</span> <span class='ocrx_word' id='word_1_536' title='bbox 961 3708 1455 3780; x_wconf 78' lang='grc' dir='ltr'>συγκαταὸατικῶς</span> <span class='ocrx_word' id='word_1_537' title='bbox 1486 3706 1664 3776; x_wconf 82' lang='grc' dir='ltr'>λέγων</span> <span class='ocrx_word' id='word_1_538' title='bbox 1713 3704 1838 3777; x_wconf 78' lang='grc' dir='ltr'>πρὸς</span> 
     </span>
    </p>
   </div>
   <div class='ocr_carea' id='block_1_74' title="bbox 1942 3695 3538 3788">
    <p class='ocr_par' dir='ltr' id='par_1_74' title="bbox 1958 3695 3538 3773">
     <span class='ocr_line' id='line_1_74' title="bbox 1958 3695 3538 3773; baseline -0.008 -12"><span class='ocrx_word' id='word_1_539' title='bbox 1958 3714 2133 3761; x_wconf 84' lang='lat' dir='ltr'><strong>autem</strong></span> <span class='ocrx_word' id='word_1_540' title='bbox 2170 3721 2274 3759; x_wconf 91' lang='lat' dir='ltr'><strong>non</strong></span> <span class='ocrx_word' id='word_1_541' title='bbox 2315 3701 2593 3773; x_wconf 80' lang='lat' dir='ltr'><strong>confundit</strong></span> <span class='ocrx_word' id='word_1_542' title='bbox 2625 3704 2692 3755; x_wconf 81' lang='lat'><strong>&quot;.</strong></span> <span class='ocrx_word' id='word_1_543' title='bbox 2746 3699 2884 3755; x_wconf 84' lang='lat' dir='ltr'><strong>lllnd</strong></span> <span class='ocrx_word' id='word_1_544' title='bbox 2924 3699 3090 3755; x_wconf 86' lang='lat' dir='ltr'><strong>etiam</strong></span> <span class='ocrx_word' id='word_1_545' title='bbox 3141 3695 3538 3765; x_wconf 69' lang='lat' dir='ltr'><strong>animadverte,</strong></span> 
     </span>
    </p>
   </div>
   <div class='ocr_carea' id='block_1_75' title="bbox 270 3800 1274 3879">
    <p class='ocr_par' dir='ltr' id='par_1_75' title="bbox 270 3800 1274 3879">
     <span class='ocr_line' id='line_1_75' title="bbox 270 3800 1274 3879; baseline -0.007 -19"><span class='ocrx_word' id='word_1_546' title='bbox 270 3811 371 3879; x_wconf 74' lang='grc' dir='ltr'>τὴν</span> <span class='ocrx_word' id='word_1_547' title='bbox 400 3807 687 3862; x_wconf 82' lang='grc' dir='ltr'>ἀσθένειαν</span> <span class='ocrx_word' id='word_1_548' title='bbox 719 3803 831 3861; x_wconf 84' lang='grc' dir='ltr'><strong>τῶν</strong></span> <span class='ocrx_word' id='word_1_549' title='bbox 876 3800 1274 3874; x_wconf 75' lang='grc' dir='ltr'>ἀκροωμένων.</span> 
     </span>
    </p>
   </div>
   <div class='ocr_carea' id='block_1_76' title="bbox 1957 3788 3541 3867">
    <p class='ocr_par' dir='ltr' id='par_1_76' title="bbox 1957 3788 3541 3867">
     <span class='ocr_line' id='line_1_76' title="bbox 1957 3788 3541 3867; baseline -0.006 -16"><span class='ocrx_word' id='word_1_550' title='bbox 1957 3796 2104 3867; x_wconf 88' lang='lat' dir='ltr'><strong>quod</strong></span> <span class='ocrx_word' id='word_1_551' title='bbox 2151 3796 2424 3867; x_wconf 83' lang='lat' dir='ltr'><strong>Propheta</strong></span> <span class='ocrx_word' id='word_1_552' title='bbox 2472 3794 2586 3859; x_wconf 84' lang='lat' dir='ltr'><strong>hic,</strong></span> <span class='ocrx_word' id='word_1_553' title='bbox 2620 3808 2730 3848; x_wconf 90' lang='lat' dir='ltr'><strong>non</strong></span> <span class='ocrx_word' id='word_1_554' title='bbox 2776 3791 2917 3849; x_wconf 79' lang='lat' dir='ltr'><strong>dixit</strong></span> <span class='ocrx_word' id='word_1_555' title='bbox 2958 3790 3162 3845; x_wconf 89' lang='lat' dir='ltr'><strong>bonum</strong></span> <span class='ocrx_word' id='word_1_556' title='bbox 3210 3804 3305 3845; x_wconf 84' lang='lat' dir='ltr'><strong>seu</strong></span> <span class='ocrx_word' id='word_1_557' title='bbox 3348 3788 3541 3845; x_wconf 87' lang='lat' dir='ltr'><strong>melius</strong></span> 
     </span>
    </p>
   </div>
   <div class='ocr_carea' id='block_1_77' title="bbox 273 3880 3538 3969">
    <p class='ocr_par' dir='ltr' id='par_1_77' title="bbox 273 3880 3538 3969">
     <span class='ocr_line' id='line_1_77' title="bbox 273 3880 3538 3969; baseline -0.007 -14"><span class='ocrx_word' id='word_1_558' title='bbox 273 3902 380 3957; x_wconf 91' lang='lat' dir='ltr'><strong>hoc</strong></span> <span class='ocrx_word' id='word_1_559' title='bbox 406 3914 548 3965; x_wconf 85' lang='lat' dir='ltr'><strong>esse,</strong></span> <span class='ocrx_word' id='word_1_560' title='bbox 581 3897 952 3969; x_wconf 85' lang='lat' dir='ltr'><strong>comparando</strong></span> <span class='ocrx_word' id='word_1_561' title='bbox 977 3893 1194 3951; x_wconf 88' lang='lat' dir='ltr'><strong>scilicet</strong></span> <span class='ocrx_word' id='word_1_562' title='bbox 1224 3891 1317 3946; x_wconf 90' lang='lat' dir='ltr'><strong>illa</strong></span> <span class='ocrx_word' id='word_1_563' title='bbox 1344 3889 1415 3946; x_wconf 87' lang='lat' dir='ltr'><strong>ad</strong></span> <span class='ocrx_word' id='word_1_564' title='bbox 1440 3888 1548 3946; x_wconf 87' lang='lat' dir='ltr'><strong>hoc</strong></span> <span class='ocrx_word' id='word_1_565' title='bbox 1586 3903 1863 3946; x_wconf 87' lang='lat' dir='ltr'><strong>summum</strong></span> <span class='ocrx_word' id='word_1_566' title='bbox 1904 3889 2129 3957; x_wconf 88' lang='lat' dir='ltr'><strong>bonum,</strong></span> <span class='ocrx_word' id='word_1_567' title='bbox 2170 3892 2268 3945; x_wconf 88' lang='lat' dir='ltr'><strong>sed</strong></span> <span class='ocrx_word' id='word_1_568' title='bbox 2324 3887 2638 3944; x_wconf 86' lang='lat' dir='ltr'><strong>auditorum</strong></span> <span class='ocrx_word' id='word_1_569' title='bbox 2676 3884 3039 3943; x_wconf 84' lang='lat' dir='ltr'><strong>imbecillitati</strong></span> <span class='ocrx_word' id='word_1_570' title='bbox 3069 3880 3538 3940; x_wconf 81' lang='lat' dir='ltr'><strong>condescendens,</strong></span> 
     </span>
    </p>
   </div>
   <div class='ocr_carea' id='block_1_78' title="bbox 276 3985 1418 4050">
    <p class='ocr_par' dir='ltr' id='par_1_78' title="bbox 276 3985 1418 4050">
     <span class='ocr_line' id='line_1_78' title="bbox 276 3985 1418 4050; baseline -0.007 -1"><span class='ocrx_word' id='word_1_571' title='bbox 276 3995 571 4050; x_wconf 85' lang='lat' dir='ltr'><strong>humanum</strong></span> <span class='ocrx_word' id='word_1_572' title='bbox 607 3991 665 4046; x_wconf 89' lang='lat' dir='ltr'><strong>in</strong></span> <span class='ocrx_word' id='word_1_573' title='bbox 705 4003 913 4045; x_wconf 82' lang='lat' dir='ltr'><strong>morem</strong></span> <span class='ocrx_word' id='word_1_574' title='bbox 945 3988 1028 4044; x_wconf 80' lang='lat' dir='ltr'><strong>sic</strong></span> <span class='ocrx_word' id='word_1_575' title='bbox 1060 3985 1281 4042; x_wconf 90' lang='lat' dir='ltr'><strong>locutus</strong></span> <span class='ocrx_word' id='word_1_576' title='bbox 1309 3992 1418 4041; x_wconf 82' lang='lat' dir='ltr'><strong>est.</strong></span> 
     </span>
    </p>
   </div>
   <div class='ocr_carea' id='block_1_79' title="bbox 292 4068 1850 4146">
    <p class='ocr_par' dir='ltr' id='par_1_79' title="bbox 292 4068 1850 4146">
     <span class='ocr_line' id='line_1_79' title="bbox 292 4068 1850 4146; baseline -0.011 -7"><span class='ocrx_word' id='word_1_577' title='bbox 292 4086 299 4093; x_wconf 86' lang='grc'><strong>’</strong></span> <span class='ocrx_word' id='word_1_578' title='bbox 344 4081 549 4138; x_wconf 83' lang='grc' dir='ltr'>Πάντα</span> <span class='ocrx_word' id='word_1_579' title='bbox 573 4079 648 4135; x_wconf 83' lang='grc' dir='ltr'>τὰ</span> <span class='ocrx_word' id='word_1_580' title='bbox 675 4078 821 4146; x_wconf 72' lang='grc' dir='ltr'>ἔθνη</span> <span class='ocrx_word' id='word_1_581' title='bbox 853 4071 1214 4131; x_wconf 77' lang='grc' dir='ltr'><strong>ἐκύκλωσάν</strong></span> <span class='ocrx_word' id='word_1_582' title='bbox 1240 4088 1336 4143; x_wconf 79' lang='grc' dir='ltr'>με,</span> <span class='ocrx_word' id='word_1_583' title='bbox 1366 4071 1466 4127; x_wconf 81' lang='grc' dir='ltr'>καί</span> <span class='ocrx_word' id='word_1_584' title='bbox 1491 4068 1572 4136; x_wconf 86' lang='grc' dir='ltr'>τῷ</span> <span class='ocrx_word' id='word_1_585' title='bbox 1604 4068 1850 4140; x_wconf 80' lang='grc' dir='ltr'>ὀνόματι</span> 
     </span>
    </p>
   </div>
   <div class='ocr_carea' id='block_1_80' title="bbox 275 4162 1849 4245">
    <p class='ocr_par' dir='ltr' id='par_1_80' title="bbox 275 4162 1849 4245">
     <span class='ocr_line' id='line_1_80' title="bbox 275 4162 1849 4245; baseline -0.011 -12"><span class='ocrx_word' id='word_1_586' title='bbox 275 4178 492 4245; x_wconf 78' lang='grc' dir='ltr'>Κυρίου</span> <span class='ocrx_word' id='word_1_587' title='bbox 547 4170 872 4245; x_wconf 78' lang='grc' dir='ltr'>ἠμυνάμην</span> <span class='ocrx_word' id='word_1_588' title='bbox 923 4166 1181 4233; x_wconf 78' lang='grc' dir='ltr'>αὐτούς’</span> <span class='ocrx_word' id='word_1_589' title='bbox 1239 4164 1668 4230; x_wconf 78' lang='grc' dir='ltr'>κυκλώσαντες</span> <span class='ocrx_word' id='word_1_590' title='bbox 1709 4162 1849 4217; x_wconf 84' lang='grc' dir='ltr'><strong>ἐκύ-</strong></span> 
     </span>
    </p>
   </div>
   <div class='ocr_carea' id='block_1_81' title="bbox 2021 4058 3533 4136">
    <p class='ocr_par' dir='ltr' id='par_1_81' title="bbox 2021 4058 3533 4136">
     <span class='ocr_line' id='line_1_81' title="bbox 2021 4058 3533 4136; baseline -0.011 -12"><span class='ocrx_word' id='word_1_591' title='bbox 2021 4068 2185 4125; x_wconf 74' lang='lat' dir='ltr'><strong>Vens.</strong></span> <span class='ocrx_word' id='word_1_592' title='bbox 2230 4069 2318 4133; x_wconf 71' lang='grc'>10,</span> <span class='ocrx_word' id='word_1_593' title='bbox 2354 4068 2440 4123; x_wconf 83' lang='lat' dir='ltr'><strong>ll.</strong></span> <span class='ocrx_word' id='word_1_594' title='bbox 2477 4065 2670 4124; x_wconf 81' lang='lat' dir='ltr'><strong>Omnes</strong></span> <span class='ocrx_word' id='word_1_595' title='bbox 2707 4074 2884 4136; x_wconf 88' lang='lat' dir='ltr'><strong>gentes</strong></span> <span class='ocrx_word' id='word_1_596' title='bbox 2924 4058 3384 4116; x_wconf 85' lang='lat' dir='ltr'><strong>circumdederunt</strong></span> <span class='ocrx_word' id='word_1_597' title='bbox 3428 4073 3533 4121; x_wconf 85' lang='lat' dir='ltr'><strong>me,</strong></span> 
     </span>
    </p>
   </div>
   <div class='ocr_carea' id='block_1_82' title="bbox 1948 4154 3545 4222">
    <p class='ocr_par' dir='ltr' id='par_1_82' title="bbox 1948 4154 3545 4222">
     <span class='ocr_line' id='line_1_82' title="bbox 1948 4154 3545 4222; baseline -0.011 -1"><span class='ocrx_word' id='word_1_598' title='bbox 1948 4175 1999 4222; x_wconf 90' lang='lat' dir='ltr'><strong>et</strong></span> <span class='ocrx_word' id='word_1_599' title='bbox 2030 4165 2244 4219; x_wconf 87' lang='lat' dir='ltr'><strong>nomine</strong></span> <span class='ocrx_word' id='word_1_600' title='bbox 2269 4161 2488 4217; x_wconf 85' lang='lat' dir='ltr'><strong>Domini</strong></span> <span class='ocrx_word' id='word_1_601' title='bbox 2518 4162 2665 4215; x_wconf 89' lang='lat' dir='ltr'><strong>ultus</strong></span> <span class='ocrx_word' id='word_1_602' title='bbox 2690 4174 2808 4214; x_wconf 87' lang='lat' dir='ltr'><strong>sum</strong></span> <span class='ocrx_word' id='word_1_603' title='bbox 2843 4173 2929 4212; x_wconf 88' lang='lat' dir='ltr'><strong>eos</strong></span> <span class='ocrx_word' id='word_1_604' title='bbox 2966 4171 2985 4209; x_wconf 89' lang='lat'><strong><em>:</em></strong></span> <span class='ocrx_word' id='word_1_605' title='bbox 3019 4154 3405 4209; x_wconf 81' lang='lat' dir='ltr'><strong>circumdantes</strong></span> <span class='ocrx_word' id='word_1_606' title='bbox 3441 4154 3545 4204; x_wconf 83' lang='lat' dir='ltr'><strong>cir-</strong></span> 
     </span>
    </p>
   </div>
   <div class='ocr_carea' id='block_1_83' title="bbox 277 4247 1838 4340">
    <p class='ocr_par' dir='ltr' id='par_1_83' title="bbox 277 4256 1838 4340">
     <span class='ocr_line' id='line_1_83' title="bbox 277 4256 1838 4340; baseline -0.01 -14"><span class='ocrx_word' id='word_1_607' title='bbox 277 4272 524 4326; x_wconf 66' lang='grc' dir='ltr'>κλωσάν</span> <span class='ocrx_word' id='word_1_608' title='bbox 542 4285 638 4340; x_wconf 85' lang='grc' dir='ltr'><strong>με,</strong></span> <span class='ocrx_word' id='word_1_609' title='bbox 669 4267 768 4323; x_wconf 77' lang='grc' dir='ltr'>καί</span> <span class='ocrx_word' id='word_1_610' title='bbox 793 4265 874 4334; x_wconf 84' lang='grc' dir='ltr'>τῷ</span> <span class='ocrx_word' id='word_1_611' title='bbox 891 4265 1137 4336; x_wconf 83' lang='grc' dir='ltr'>ὀνόματι</span> <span class='ocrx_word' id='word_1_612' title='bbox 1161 4262 1382 4333; x_wconf 85' lang='grc' dir='ltr'>Κυρίου</span> <span class='ocrx_word' id='word_1_613' title='bbox 1401 4257 1724 4331; x_wconf 74' lang='grc' dir='ltr'><strong>ἠμυνάμην</strong></span> <span class='ocrx_word' id='word_1_614' title='bbox 1740 4256 1838 4310; x_wconf 85' lang='grc' dir='ltr'><strong>αὐ-</strong></span> 
     </span>
    </p>
   </div>
   <div class='ocr_carea' id='block_1_84' title="bbox 1942 4247 3539 4340">
    <p class='ocr_par' dir='ltr' id='par_1_84' title="bbox 1952 4247 3539 4319">
     <span class='ocr_line' id='line_1_84' title="bbox 1952 4247 3539 4319; baseline -0.011 -6"><span class='ocrx_word' id='word_1_615' title='bbox 1952 4257 2331 4314; x_wconf 86' lang='lat' dir='ltr'><strong>cumdederunt</strong></span> <span class='ocrx_word' id='word_1_616' title='bbox 2360 4272 2461 4319; x_wconf 87' lang='lat' dir='ltr'><strong>me,</strong></span> <span class='ocrx_word' id='word_1_617' title='bbox 2498 4263 2548 4307; x_wconf 91' lang='lat' dir='ltr'><strong>et</strong></span> <span class='ocrx_word' id='word_1_618' title='bbox 2585 4253 2796 4307; x_wconf 87' lang='lat' dir='ltr'><strong>nomine</strong></span> <span class='ocrx_word' id='word_1_619' title='bbox 2837 4249 3052 4303; x_wconf 88' lang='lat' dir='ltr'><strong>Domini</strong></span> <span class='ocrx_word' id='word_1_620' title='bbox 3096 4247 3239 4299; x_wconf 89' lang='lat' dir='ltr'><strong>ultus</strong></span> <span class='ocrx_word' id='word_1_621' title='bbox 3277 4262 3392 4299; x_wconf 85' lang='lat' dir='ltr'><strong>sunt</strong></span> <span class='ocrx_word' id='word_1_622' title='bbox 3427 4261 3539 4297; x_wconf 86' lang='lat' dir='ltr'><strong>eos.</strong></span> 
     </span>
    </p>
   </div>
   <div class='ocr_carea' id='block_1_85' title="bbox 276 4338 1838 4429">
    <p class='ocr_par' dir='ltr' id='par_1_85' title="bbox 276 4338 1838 4429">
     <span class='ocr_line' id='line_1_85' title="bbox 276 4338 1838 4429; baseline -0.012 -12"><span class='ocrx_word' id='word_1_623' title='bbox 276 4365 439 4428; x_wconf 85' lang='grc' dir='ltr'>τούς.</span> <span class='ocrx_word' id='word_1_624' title='bbox 476 4338 664 4415; x_wconf 68' lang='grc' dir='ltr'>Πάντα</span> <span class='ocrx_word' id='word_1_625' title='bbox 695 4359 764 4413; x_wconf 78' lang='grc' dir='ltr'><strong>τὰ</strong></span> <span class='ocrx_word' id='word_1_626' title='bbox 786 4358 913 4429; x_wconf 80' lang='grc' dir='ltr'>εθνη</span> <span class='ocrx_word' id='word_1_627' title='bbox 944 4356 1015 4411; x_wconf 82' lang='grc' dir='ltr'>τὰ</span> <span class='ocrx_word' id='word_1_628' title='bbox 1041 4355 1171 4427; x_wconf 79' lang='grc' dir='ltr'>περὶ</span> <span class='ocrx_word' id='word_1_629' title='bbox 1200 4354 1298 4426; x_wconf 79' lang='grc' dir='ltr'>τῆς</span> <span class='ocrx_word' id='word_1_630' title='bbox 1327 4350 1692 4419; x_wconf 84' lang='grc' dir='ltr'>Παλαιστίνης</span> <span class='ocrx_word' id='word_1_631' title='bbox 1714 4346 1838 4417; x_wconf 75' lang='grc' dir='ltr'>δμοί</span> 
     </span>
    </p>
   </div>
   <div class='ocr_carea' id='block_1_86' title="bbox 1942 4338 3544 4429">
    <p class='ocr_par' dir='ltr' id='par_1_86' title="bbox 1960 4338 3544 4418">
     <span class='ocr_line' id='line_1_86' title="bbox 1960 4338 3544 4418; baseline -0.011 -12"><span class='ocrx_word' id='word_1_632' title='bbox 1960 4350 2166 4407; x_wconf 88' lang='lat' dir='ltr'><strong>Omnes</strong></span> <span class='ocrx_word' id='word_1_633' title='bbox 2200 4358 2410 4418; x_wconf 78' lang='lat' dir='ltr'><strong>gentes,</strong></span> <span class='ocrx_word' id='word_1_634' title='bbox 2443 4361 2565 4416; x_wconf 75' lang='lat' dir='ltr'><strong>qua:</strong></span> <span class='ocrx_word' id='word_1_635' title='bbox 2602 4345 2657 4398; x_wconf 87' lang='lat' dir='ltr'><strong>itt</strong></span> <span class='ocrx_word' id='word_1_636' title='bbox 2687 4343 2921 4397; x_wconf 87' lang='lat' dir='ltr'><strong>circuitu</strong></span> <span class='ocrx_word' id='word_1_637' title='bbox 2961 4351 3087 4394; x_wconf 84' lang='lat' dir='ltr'><strong>sunt</strong></span> <span class='ocrx_word' id='word_1_638' title='bbox 3116 4338 3418 4392; x_wconf 64' lang='lat' dir='ltr'><strong>Palmstinae</strong></span> <span class='ocrx_word' id='word_1_639' title='bbox 3454 4354 3544 4389; x_wconf 87' lang='lat' dir='ltr'><strong>re-</strong></span> 
     </span>
    </p>
   </div>
   <div class='ocr_carea' id='block_1_87' title="bbox 279 4427 1838 4520">
    <p class='ocr_par' dir='ltr' id='par_1_87' title="bbox 279 4438 1838 4520">
     <span class='ocr_line' id='line_1_87' title="bbox 279 4438 1838 4520; baseline -0.011 -13"><span class='ocrx_word' id='word_1_640' title='bbox 279 4453 411 4508; x_wconf 83' lang='grc' dir='ltr'>ποτὲ</span> <span class='ocrx_word' id='word_1_641' title='bbox 442 4451 859 4520; x_wconf 81' lang='grc' dir='ltr'>συνεπιθέμενα,</span> <span class='ocrx_word' id='word_1_642' title='bbox 884 4448 981 4502; x_wconf 76' lang='grc' dir='ltr'>καὶ</span> <span class='ocrx_word' id='word_1_643' title='bbox 1010 4446 1199 4519; x_wconf 82' lang='grc' dir='ltr'>ὥσπερ</span> <span class='ocrx_word' id='word_1_644' title='bbox 1223 4446 1281 4499; x_wconf 82' lang='grc' dir='ltr'><strong>ἐν</strong></span> <span class='ocrx_word' id='word_1_645' title='bbox 1314 4445 1528 4515; x_wconf 80' lang='grc' dir='ltr'>σαγήνῃ</span> <span class='ocrx_word' id='word_1_646' title='bbox 1578 4438 1838 4495; x_wconf 79' lang='grc' dir='ltr'>ἐναπολα-</span> 
     </span>
    </p>
   </div>
   <div class='ocr_carea' id='block_1_88' title="bbox 1942 4427 3544 4520">
    <p class='ocr_par' dir='ltr' id='par_1_88' title="bbox 1964 4427 3544 4509">
     <span class='ocr_line' id='line_1_88' title="bbox 1964 4427 3544 4509; baseline -0.008 -18"><span class='ocrx_word' id='word_1_647' title='bbox 1964 4440 2146 4509; x_wconf 79' lang='lat' dir='ltr'><strong>gionis</strong></span> <span class='ocrx_word' id='word_1_648' title='bbox 2178 4438 2233 4492; x_wconf 88' lang='lat' dir='ltr'><strong>in</strong></span> <span class='ocrx_word' id='word_1_649' title='bbox 2266 4452 2435 4491; x_wconf 91' lang='lat' dir='ltr'><strong>unum</strong></span> <span class='ocrx_word' id='word_1_650' title='bbox 2478 4438 2823 4504; x_wconf 74' lang='lat' dir='ltr'><strong>congregatae</strong></span> <span class='ocrx_word' id='word_1_651' title='bbox 2854 4428 3018 4484; x_wconf 89' lang='lat' dir='ltr'><strong>simul</strong></span> <span class='ocrx_word' id='word_1_652' title='bbox 3050 4427 3103 4482; x_wconf 91' lang='lat' dir='ltr'><strong>in</strong></span> <span class='ocrx_word' id='word_1_653' title='bbox 3140 4442 3227 4481; x_wconf 90' lang='lat' dir='ltr'><strong>me</strong></span> <span class='ocrx_word' id='word_1_654' title='bbox 3272 4427 3544 4479; x_wconf 76' lang='lat' dir='ltr'><strong>irruentes</strong></span> 
     </span>
    </p>
   </div>
   <div class='ocr_carea' id='block_1_89' title="bbox 284 4522 1838 4615">
    <p class='ocr_par' dir='ltr' id='par_1_89' title="bbox 284 4530 1838 4615">
     <span class='ocr_line' id='line_1_89' title="bbox 284 4530 1838 4615; baseline -0.012 -14"><span class='ocrx_word' id='word_1_655' title='bbox 284 4548 447 4601; x_wconf 76' lang='grc' dir='ltr'>δόντα</span> <span class='ocrx_word' id='word_1_656' title='bbox 469 4563 483 4576; x_wconf 74' lang='grc' dir='ltr'><strong><em>ο</em></strong></span> <span class='ocrx_word' id='word_1_657' title='bbox 512 4546 545 4615; x_wconf 82' lang='grc' dir='ltr'>ἢ</span> <span class='ocrx_word' id='word_1_658' title='bbox 573 4545 668 4599; x_wconf 74' lang='grc' dir='ltr'><strong>καὶ</strong></span> <span class='ocrx_word' id='word_1_659' title='bbox 695 4543 763 4599; x_wconf 78' lang='grc' dir='ltr'>τὰ</span> <span class='ocrx_word' id='word_1_660' title='bbox 786 4542 1025 4614; x_wconf 78' lang='grc' dir='ltr'>διάφορα</span> <span class='ocrx_word' id='word_1_661' title='bbox 1048 4539 1226 4610; x_wconf 84' lang='grc' dir='ltr'>πλήθη</span> <span class='ocrx_word' id='word_1_662' title='bbox 1255 4536 1367 4592; x_wconf 86' lang='grc' dir='ltr'><strong>τῶν</strong></span> <span class='ocrx_word' id='word_1_663' title='bbox 1393 4533 1668 4605; x_wconf 75' lang='grc' dir='ltr'>δαιμόνων</span> <span class='ocrx_word' id='word_1_664' title='bbox 1689 4530 1838 4600; x_wconf 86' lang='grc' dir='ltr'>δηλοῖ</span> 
     </span>
    </p>
   </div>
   <div class='ocr_carea' id='block_1_90' title="bbox 1942 4522 3547 4615">
    <p class='ocr_par' dir='ltr' id='par_1_90' title="bbox 1970 4522 3547 4601">
     <span class='ocr_line' id='line_1_90' title="bbox 1970 4522 3547 4601; baseline -0.01 -15"><span class='ocrx_word' id='word_1_665' title='bbox 1970 4532 2234 4601; x_wconf 84' lang='lat' dir='ltr'><strong>impetum</strong></span> <span class='ocrx_word' id='word_1_666' title='bbox 2267 4529 2535 4589; x_wconf 74' lang='lat' dir='ltr'><strong>fecerunt,</strong></span> <span class='ocrx_word' id='word_1_667' title='bbox 2569 4538 2633 4577; x_wconf 84' lang='lat' dir='ltr'><strong>ac</strong></span> <span class='ocrx_word' id='word_1_668' title='bbox 2661 4523 2829 4577; x_wconf 81' lang='lat' dir='ltr'><strong>veluti</strong></span> <span class='ocrx_word' id='word_1_669' title='bbox 2860 4522 2915 4576; x_wconf 91' lang='lat' dir='ltr'><strong>in</strong></span> <span class='ocrx_word' id='word_1_670' title='bbox 2954 4534 3153 4589; x_wconf 81' lang='lat' dir='ltr'><strong>sagena</strong></span> <span class='ocrx_word' id='word_1_671' title='bbox 3177 4534 3262 4573; x_wconf 91' lang='lat' dir='ltr'><strong>mc</strong></span> <span class='ocrx_word' id='word_1_672' title='bbox 3292 4533 3547 4584; x_wconf 85' lang='lat' dir='ltr'><strong>compre-</strong></span> 
     </span>
    </p>
   </div>
   <div class='ocr_carea' id='block_1_91' title="bbox 287 4609 1838 4705">
    <p class='ocr_par' dir='ltr' id='par_1_91' title="bbox 287 4609 1838 4705">
     <span class='ocr_line' id='line_1_91' title="bbox 287 4609 1838 4705; baseline -0.013 -13"><span class='ocrx_word' id='word_1_673' title='bbox 287 4639 475 4691; x_wconf 79' lang='grc' dir='ltr'>’Ἔστιν</span> <span class='ocrx_word' id='word_1_674' title='bbox 504 4609 592 4690; x_wconf 71' lang='grc' dir='ltr'>ὅτε</span> <span class='ocrx_word' id='word_1_675' title='bbox 657 4634 765 4705; x_wconf 81' lang='grc' dir='ltr'>γὰρ</span> <span class='ocrx_word' id='word_1_676' title='bbox 807 4609 966 4705; x_wconf 36' lang='grc' dir='ltr'>ὁμοῦ-</span> <span class='ocrx_word' id='word_1_677' title='bbox 998 4609 1690 4695; x_wconf 74' lang='grc' dir='ltr'>πάντεςέπιστρατεύουσι</span> <span class='ocrx_word' id='word_1_678' title='bbox 1738 4619 1838 4674; x_wconf 82' lang='grc' dir='ltr'><strong>καθ</strong></span> 
     </span>
    </p>
   </div>
   <div class='ocr_carea' id='block_1_92' title="bbox 1942 4609 3547 4705">
    <p class='ocr_par' dir='ltr' id='par_1_92' title="bbox 1965 4609 3547 4682">
     <span class='ocr_line' id='line_1_92' title="bbox 1965 4609 3547 4682; baseline -0.009 -5"><span class='ocrx_word' id='word_1_679' title='bbox 1965 4622 2297 4677; x_wconf 87' lang='lat' dir='ltr'><strong>hcnderunt.</strong></span> <span class='ocrx_word' id='word_1_680' title='bbox 2354 4618 2449 4672; x_wconf 82' lang='lat' dir='ltr'><strong>Vel</strong></span> <span class='ocrx_word' id='word_1_681' title='bbox 2494 4620 2675 4672; x_wconf 81' lang='lat' dir='ltr'><strong>varias</strong></span> <span class='ocrx_word' id='word_1_682' title='bbox 2714 4610 3020 4670; x_wconf 68' lang='lat' dir='ltr'><strong>dazmonum</strong></span> <span class='ocrx_word' id='word_1_683' title='bbox 3067 4612 3256 4682; x_wconf 87' lang='lat' dir='ltr'><strong>copias</strong></span> <span class='ocrx_word' id='word_1_684' title='bbox 3296 4609 3547 4664; x_wconf 78' lang='lat' dir='ltr'><strong>fortassis</strong></span> 
     </span>
    </p>
   </div>
   <div class='ocr_carea' id='block_1_93' title="bbox 284 4699 1838 4795">
    <p class='ocr_par' dir='ltr' id='par_1_93' title="bbox 284 4717 1838 4795">
     <span class='ocr_line' id='line_1_93' title="bbox 284 4717 1838 4795; baseline -0.012 -9"><span class='ocrx_word' id='word_1_685' title='bbox 284 4732 400 4795; x_wconf 61' lang='grc' dir='ltr'>ἐνὸς</span> <span class='ocrx_word' id='word_1_686' title='bbox 451 4728 686 4791; x_wconf 87' lang='grc' dir='ltr'>δικαίου,</span> <span class='ocrx_word' id='word_1_687' title='bbox 748 4724 1019 4787; x_wconf 85' lang='grc' dir='ltr'>παντοίως</span> <span class='ocrx_word' id='word_1_688' title='bbox 1074 4721 1237 4777; x_wconf 83' lang='grc' dir='ltr'>αὐτὸν</span> <span class='ocrx_word' id='word_1_689' title='bbox 1312 4717 1702 4789; x_wconf 82' lang='grc' dir='ltr'>πολεμοῦντες,</span> <span class='ocrx_word' id='word_1_690' title='bbox 1766 4732 1838 4768; x_wconf 84' lang='grc' dir='ltr'>κα</span> 
     </span>
    </p>
   </div>
   <div class='ocr_carea' id='block_1_94' title="bbox 1942 4699 3548 4795">
    <p class='ocr_par' dir='ltr' id='par_1_94' title="bbox 1968 4699 3548 4784">
     <span class='ocr_line' id='line_1_94' title="bbox 1968 4699 3548 4784; baseline -0.011 -16"><span class='ocrx_word' id='word_1_691' title='bbox 1968 4711 2276 4784; x_wconf 80' lang='lat' dir='ltr'><strong>signiﬁcat,</strong></span> <span class='ocrx_word' id='word_1_692' title='bbox 2331 4724 2452 4779; x_wconf 77' lang='lat' dir='ltr'><strong>qua:</strong></span> <span class='ocrx_word' id='word_1_693' title='bbox 2507 4723 2614 4762; x_wconf 89' lang='lat' dir='ltr'><strong>una</strong></span> <span class='ocrx_word' id='word_1_694' title='bbox 2683 4706 2980 4775; x_wconf 79' lang='lat' dir='ltr'><strong>aliquando</strong></span> <span class='ocrx_word' id='word_1_695' title='bbox 3036 4704 3243 4771; x_wconf 86' lang='lat' dir='ltr'><strong>justum</strong></span> <span class='ocrx_word' id='word_1_696' title='bbox 3306 4699 3548 4768; x_wconf 83' lang='lat' dir='ltr'><strong>aliquem</strong></span> 
     </span>
    </p>
   </div>
   <div class='ocr_carea' id='block_1_95' title="bbox 285 4791 1838 4895">
    <p class='ocr_par' dir='ltr' id='par_1_95' title="bbox 285 4791 1838 4895">
     <span class='ocr_line' id='line_1_95' title="bbox 285 4791 1838 4895; baseline -0.014 -17"><span class='ocrx_word' id='word_1_697' title='bbox 285 4791 549 4895; x_wconf 72' lang='grc' dir='ltr'>διηνεκῶς</span> <span class='ocrx_word' id='word_1_698' title='bbox 582 4818 1056 4891; x_wconf 73' lang='grc' dir='ltr'>ἐκδειματοῦντες.</span> <span class='ocrx_word' id='word_1_699' title='bbox 1094 4812 1358 4874; x_wconf 82' lang='grc' dir='ltr'>Πολλάκις</span> <span class='ocrx_word' id='word_1_700' title='bbox 1391 4809 1449 4863; x_wconf 82' lang='grc' dir='ltr'>δὲ</span> <span class='ocrx_word' id='word_1_701' title='bbox 1473 4808 1567 4863; x_wconf 76' lang='grc' dir='ltr'><strong>καὶ</strong></span> <span class='ocrx_word' id='word_1_702' title='bbox 1594 4806 1724 4879; x_wconf 77' lang='grc' dir='ltr'>περὶ</span> <span class='ocrx_word' id='word_1_703' title='bbox 1762 4807 1838 4875; x_wconf 80' lang='grc' dir='ltr'><strong>τῆ‹</strong></span> 
     </span>
    </p>
   </div>
   <div class='ocr_carea' id='block_1_96' title="bbox 1942 4791 3548 4895">
    <p class='ocr_par' dir='ltr' id='par_1_96' title="bbox 1972 4791 3548 4869">
     <span class='ocr_line' id='line_1_96' title="bbox 1972 4791 3548 4869; baseline -0.01 -10"><span class='ocrx_word' id='word_1_704' title='bbox 1972 4803 2320 4865; x_wconf 88' lang='lat' dir='ltr'><strong>adoriuntur,</strong></span> <span class='ocrx_word' id='word_1_705' title='bbox 2368 4799 2669 4869; x_wconf 86' lang='lat' dir='ltr'><strong>variisque,</strong></span> <span class='ocrx_word' id='word_1_706' title='bbox 2716 4813 2780 4851; x_wconf 89' lang='lat' dir='ltr'><strong>ac</strong></span> <span class='ocrx_word' id='word_1_707' title='bbox 2830 4793 3228 4865; x_wconf 83' lang='lat' dir='ltr'><strong>multiplicibus</strong></span> <span class='ocrx_word' id='word_1_708' title='bbox 3282 4792 3458 4845; x_wconf 88' lang='lat' dir='ltr'><strong>modis</strong></span> <span class='ocrx_word' id='word_1_709' title='bbox 3496 4791 3548 4844; x_wconf 85' lang='lat' dir='ltr'><strong>ei</strong></span> 
     </span>
    </p>
   </div>
   <div class='ocr_carea' id='block_1_97' title="bbox 287 4883 1838 4981">
    <p class='ocr_par' dir='ltr' id='par_1_97' title="bbox 287 4900 1838 4981">
     <span class='ocr_line' id='line_1_97' title="bbox 287 4900 1838 4981; baseline -0.015 -9"><span class='ocrx_word' id='word_1_710' title='bbox 287 4918 620 4979; x_wconf 82' lang='grc' dir='ltr'>κυκλώσεως</span> <span class='ocrx_word' id='word_1_711' title='bbox 700 4915 798 4967; x_wconf 72' lang='grc' dir='ltr'><strong>καὶ</strong></span> <span class='ocrx_word' id='word_1_712' title='bbox 845 4911 943 4981; x_wconf 79' lang='grc' dir='ltr'>τῆς</span> <span class='ocrx_word' id='word_1_713' title='bbox 1011 4907 1226 4978; x_wconf 83' lang='grc' dir='ltr'>ἀμύνης</span> <span class='ocrx_word' id='word_1_714' title='bbox 1274 4901 1467 4968; x_wconf 76' lang='grc' dir='ltr'>εἰπὼν,</span> <span class='ocrx_word' id='word_1_715' title='bbox 1531 4900 1702 4964; x_wconf 71' lang='grc' dir='ltr'>ἔδειξε</span> <span class='ocrx_word' id='word_1_716' title='bbox 1747 4900 1838 4951; x_wconf 62' lang='grc' dir='ltr'><strong>τοῦ</strong></span> 
     </span>
    </p>
   </div>
   <div class='ocr_carea' id='block_1_98' title="bbox 1942 4883 3549 4981">
    <p class='ocr_par' dir='ltr' id='par_1_98' title="bbox 1972 4883 3549 4966">
     <span class='ocr_line' id='line_1_98' title="bbox 1972 4883 3549 4966; baseline -0.011 -15"><span class='ocrx_word' id='word_1_717' title='bbox 1972 4910 2229 4966; x_wconf 85' lang='lat' dir='ltr'><strong>pavorem</strong></span> <span class='ocrx_word' id='word_1_718' title='bbox 2262 4891 2561 4947; x_wconf 84' lang='lat' dir='ltr'><strong>incutiunt.</strong></span> <span class='ocrx_word' id='word_1_719' title='bbox 2598 4889 2869 4957; x_wconf 77' lang='lat' dir='ltr'><strong>Repetens</strong></span> <span class='ocrx_word' id='word_1_720' title='bbox 2911 4897 3092 4940; x_wconf 84' lang='lat' dir='ltr'><strong>autem</strong></span> <span class='ocrx_word' id='word_1_721' title='bbox 3126 4883 3401 4953; x_wconf 84' lang='lat' dir='ltr'><strong>Propheta</strong></span> <span class='ocrx_word' id='word_1_722' title='bbox 3446 4898 3549 4935; x_wconf 79' lang='lat' dir='ltr'><strong>sa:-</strong></span> 
     </span>
    </p>
   </div>
   <div class='ocr_carea' id='block_1_99' title="bbox 292 4972 1838 5081">
    <p class='ocr_par' dir='ltr' id='par_1_99' title="bbox 292 4972 1838 5081">
     <span class='ocr_line' id='line_1_99' title="bbox 292 4972 1838 5081; baseline -0.014 -18"><span class='ocrx_word' id='word_1_723' title='bbox 292 5013 393 5081; x_wconf 75' lang='grc' dir='ltr'>μὲν</span> <span class='ocrx_word' id='word_1_724' title='bbox 428 5009 489 5063; x_wconf 77' lang='grc' dir='ltr'><strong>τὸ</strong></span> <span class='ocrx_word' id='word_1_725' title='bbox 513 4972 753 5079; x_wconf 67' lang='grc' dir='ltr'>ἄφυκτον</span> <span class='ocrx_word' id='word_1_726' title='bbox 782 5046 796 5072; x_wconf 95' lang='grc'><strong>,</strong></span> <span class='ocrx_word' id='word_1_727' title='bbox 820 4972 936 5068; x_wconf 71' lang='grc' dir='ltr'>τοῖς</span> <span class='ocrx_word' id='word_1_728' title='bbox 962 5002 1017 5054; x_wconf 66' lang='grc' dir='ltr'>δὲ</span> <span class='ocrx_word' id='word_1_729' title='bbox 1037 4972 1097 5054; x_wconf 75' lang='grc' dir='ltr'><strong>τὸ</strong></span> <span class='ocrx_word' id='word_1_730' title='bbox 1118 4972 1439 5070; x_wconf 80' lang='grc' dir='ltr'>παράδοξον,</span> <span class='ocrx_word' id='word_1_731' title='bbox 1476 4993 1571 5049; x_wconf 73' lang='grc' dir='ltr'><strong>καὶ</strong></span> <span class='ocrx_word' id='word_1_732' title='bbox 1605 4991 1723 5045; x_wconf 71' lang='grc' dir='ltr'>οἷαν</span> <span class='ocrx_word' id='word_1_733' title='bbox 1749 4989 1838 5060; x_wconf 81' lang='grc' dir='ltr'>ἔχε</span> 
     </span>
    </p>
   </div>
   <div class='ocr_carea' id='block_1_100' title="bbox 1942 4972 3550 5081">
    <p class='ocr_par' dir='ltr' id='par_1_100' title="bbox 1971 4972 3550 5081">
     <span class='ocr_line' id='line_1_100' title="bbox 1971 4972 3550 5058; baseline -0.015 -14"><span class='ocrx_word' id='word_1_734' title='bbox 1971 4989 2119 5058; x_wconf 89' lang='lat' dir='ltr'><strong>pius,</strong></span> <span class='ocrx_word' id='word_1_735' title='bbox 2150 5001 2209 5041; x_wconf 89' lang='lat' dir='ltr'><strong>se</strong></span> <span class='ocrx_word' id='word_1_736' title='bbox 2237 4984 2638 5038; x_wconf 88' lang='lat' dir='ltr'><strong>circumdatum</strong></span> <span class='ocrx_word' id='word_1_737' title='bbox 2674 4978 2864 5040; x_wconf 78' lang='lat' dir='ltr'><strong>fuisse,</strong></span> <span class='ocrx_word' id='word_1_738' title='bbox 2898 4988 2951 5032; x_wconf 90' lang='lat' dir='ltr'><strong>et</strong></span> <span class='ocrx_word' id='word_1_739' title='bbox 2983 4977 3183 5047; x_wconf 62' lang='lat' dir='ltr'><strong>saepius</strong></span> <span class='ocrx_word' id='word_1_740' title='bbox 3222 4976 3394 5031; x_wconf 88' lang='lat' dir='ltr'><strong>ultum</strong></span> <span class='ocrx_word' id='word_1_741' title='bbox 3443 4972 3550 5023; x_wconf 85' lang='lat' dir='ltr'><strong>ini-</strong></span> 
     </span>
     <span class='ocr_line' id='line_1_101' title="bbox 2371 5061 3545 5081; baseline -0.006 0"><span class='ocrx_word' id='word_1_742' title='bbox 2371 5074 2382 5081; x_wconf 91' lang='lat'><strong>.</strong></span> <span class='ocrx_word' id='word_1_743' title='bbox 2451 5073 2461 5081; x_wconf 91' lang='lat'><strong>.</strong></span> <span class='ocrx_word' id='word_1_744' title='bbox 2649 5070 2681 5081; x_wconf 91' lang='lat'><strong>..</strong></span> <span class='ocrx_word' id='word_1_745' title='bbox 3145 5076 3156 5081; x_wconf 88' lang='lat'>_</span> <span class='ocrx_word' id='word_1_746' title='bbox 3213 5067 3224 5077; x_wconf 92' lang='lat'><strong>.</strong></span> <span class='ocrx_word' id='word_1_747' title='bbox 3342 5061 3545 5081; x_wconf 31' lang='grc' dir='ltr'><strong>ωιτη,</strong></span> 
     </span>
    </p>
   </div>
   <div class='ocr_carea' id='block_1_101' title="bbox 287 5094 1097 5171">
    <p class='ocr_par' dir='ltr' id='par_1_101' title="bbox 287 5094 1097 5171">
     <span class='ocr_line' id='line_1_102' title="bbox 287 5094 1097 5171; baseline -0.012 -14"><span class='ocrx_word' id='word_1_748' title='bbox 287 5103 517 5171; x_wconf 72' lang='grc' dir='ltr'>δύναμιν</span> <span class='ocrx_word' id='word_1_749' title='bbox 541 5102 602 5154; x_wconf 80' lang='grc' dir='ltr'><strong>τὸ</strong></span> <span class='ocrx_word' id='word_1_750' title='bbox 625 5104 796 5170; x_wconf 77' lang='grc' dir='ltr'>ὄνομα</span> <span class='ocrx_word' id='word_1_751' title='bbox 818 5097 910 5152; x_wconf 81' lang='grc' dir='ltr'><strong>τοῦ</strong></span> <span class='ocrx_word' id='word_1_752' title='bbox 938 5094 1097 5149; x_wconf 87' lang='grc' dir='ltr'>Θεοῦ.</span> 
     </span>
    </p>
   </div>
   <div class='ocr_carea' id='block_1_102' title="bbox 1971 5061 3549 5143">
    <p class='ocr_par' dir='ltr' id='par_1_102' title="bbox 1971 5061 3549 5143">
     <span class='ocr_line' id='line_1_103' title="bbox 1971 5061 3549 5143; baseline -0.013 -8"><span class='ocrx_word' id='word_1_753' title='bbox 1971 5081 2143 5136; x_wconf 90' lang='lat' dir='ltr'><strong>micos</strong></span> <span class='ocrx_word' id='word_1_754' title='bbox 2182 5091 2332 5136; x_wconf 89' lang='lat' dir='ltr'><strong>suos.</strong></span> <span class='ocrx_word' id='word_1_755' title='bbox 2371 5070 2684 5143; x_wconf 73' lang='lat' dir='ltr'><strong>huiusmodi</strong></span> <span class='ocrx_word' id='word_1_756' title='bbox 2728 5069 3070 5139; x_wconf 79' lang='lat' dir='ltr'><strong>repetitione,</strong></span> <span class='ocrx_word' id='word_1_757' title='bbox 3107 5076 3162 5122; x_wconf 81' lang='lat' dir='ltr'><strong>et</strong></span> <span class='ocrx_word' id='word_1_758' title='bbox 3213 5061 3549 5118; x_wconf 86' lang='lat' dir='ltr'><strong>inevitabilis</strong></span> 
     </span>
    </p>
   </div>
   <div class='ocr_carea' id='block_1_103' title="bbox 292 5163 3548 5266">
    <p class='ocr_par' dir='ltr' id='par_1_103' title="bbox 292 5163 3548 5266">
     <span class='ocr_line' id='line_1_104' title="bbox 292 5163 3548 5266; baseline -0.013 -19"><span class='ocrx_word' id='word_1_759' title='bbox 292 5198 520 5266; x_wconf 85' lang='lat' dir='ltr'><strong>periculi</strong></span> <span class='ocrx_word' id='word_1_760' title='bbox 576 5192 1013 5266; x_wconf 80' lang='lat' dir='ltr'><strong>magnitudinem</strong></span> <span class='ocrx_word' id='word_1_761' title='bbox 1061 5184 1323 5249; x_wconf 80' lang='lat' dir='ltr'><strong>aStendit,</strong></span> <span class='ocrx_word' id='word_1_762' title='bbox 1375 5189 1430 5237; x_wconf 87' lang='lat' dir='ltr'><strong>et</strong></span> <span class='ocrx_word' id='word_1_763' title='bbox 1478 5176 1862 5235; x_wconf 84' lang='lat' dir='ltr'><strong>admirandam</strong></span> <span class='ocrx_word' id='word_1_764' title='bbox 1902 5174 2075 5231; x_wconf 78' lang='lat' dir='ltr'><strong>fuisse</strong></span> <span class='ocrx_word' id='word_1_765' title='bbox 2105 5169 2453 5227; x_wconf 82' lang='lat' dir='ltr'><strong>liberationis</strong></span> <span class='ocrx_word' id='word_1_766' title='bbox 2488 5168 2755 5221; x_wconf 89' lang='lat' dir='ltr'><strong>rationem</strong></span> <span class='ocrx_word' id='word_1_767' title='bbox 2781 5163 3091 5227; x_wconf 87' lang='lat' dir='ltr'><strong>constituit,</strong></span> <span class='ocrx_word' id='word_1_768' title='bbox 3162 5167 3215 5214; x_wconf 89' lang='lat' dir='ltr'><strong>et</strong></span> <span class='ocrx_word' id='word_1_769' title='bbox 3279 5168 3548 5211; x_wconf 88' lang='lat' dir='ltr'><strong>summam</strong></span> 
     </span>
    </p>
   </div>
   <div class='ocr_carea' id='block_1_104' title="bbox 290 5261 2669 5357">
    <p class='ocr_par' dir='ltr' id='par_1_104' title="bbox 290 5261 2669 5357">
     <span class='ocr_line' id='line_1_105' title="bbox 290 5261 2669 5357; baseline -0.012 -15"><span class='ocrx_word' id='word_1_770' title='bbox 290 5261 528 5357; x_wconf 80' lang='lat' dir='ltr'><strong>denique</strong></span> <span class='ocrx_word' id='word_1_771' title='bbox 584 5261 755 5346; x_wconf 61' lang='lat' dir='ltr'><strong>divini</strong></span> <span class='ocrx_word' id='word_1_772' title='bbox 811 5284 1051 5341; x_wconf 89' lang='lat' dir='ltr'><strong>nominis</strong></span> <span class='ocrx_word' id='word_1_773' title='bbox 1100 5279 1271 5334; x_wconf 83' lang='lat' dir='ltr'><strong>fuisse</strong></span> <span class='ocrx_word' id='word_1_774' title='bbox 1331 5274 1631 5346; x_wconf 81' lang='lat' dir='ltr'><strong>potentiam</strong></span> <span class='ocrx_word' id='word_1_775' title='bbox 1687 5271 1868 5336; x_wconf 89' lang='lat' dir='ltr'><strong>docet,</strong></span> <span class='ocrx_word' id='word_1_776' title='bbox 1908 5284 2018 5341; x_wconf 88' lang='lat' dir='ltr'><strong>quo</strong></span> <span class='ocrx_word' id='word_1_777' title='bbox 2048 5275 2198 5321; x_wconf 91' lang='lat' dir='ltr'><strong>tanta</strong></span> <span class='ocrx_word' id='word_1_778' title='bbox 2232 5261 2669 5334; x_wconf 79' lang='lat' dir='ltr'><strong>putuitefﬁcere.</strong></span> 
     </span>
    </p>
   </div>
   <div class='ocr_carea' id='block_1_105' title="bbox 364 5364 1869 5450">
    <p class='ocr_par' dir='ltr' id='par_1_105' title="bbox 364 5364 1869 5450">
     <span class='ocr_line' id='line_1_106' title="bbox 364 5364 1869 5450; baseline -0.021 -3"><span class='ocrx_word' id='word_1_779' title='bbox 364 5381 759 5446; x_wconf 74' lang='grc' dir='ltr'>Ἐκὺκλωσάν</span> <span class='ocrx_word' id='word_1_780' title='bbox 770 5396 866 5450; x_wconf 83' lang='grc' dir='ltr'><strong>με,</strong></span> <span class='ocrx_word' id='word_1_781' title='bbox 884 5376 1025 5431; x_wconf 79' lang='grc' dir='ltr'><strong>ὡσεὶ</strong></span> <span class='ocrx_word' id='word_1_782' title='bbox 1051 5373 1341 5442; x_wconf 77' lang='grc' dir='ltr'>μέλισσαι</span> <span class='ocrx_word' id='word_1_783' title='bbox 1356 5367 1591 5437; x_wconf 83' lang='grc' dir='ltr'>κηρίον,</span> <span class='ocrx_word' id='word_1_784' title='bbox 1616 5365 1712 5418; x_wconf 78' lang='grc' dir='ltr'><strong>καὶ</strong></span> <span class='ocrx_word' id='word_1_785' title='bbox 1738 5364 1869 5428; x_wconf 81' lang='grc' dir='ltr'>ἐξε-</span> 
     </span>
    </p>
   </div>
   <div class='ocr_carea' id='block_1_106' title="bbox 292 5454 1865 5547">
    <p class='ocr_par' dir='ltr' id='par_1_106' title="bbox 292 5454 1865 5547">
     <span class='ocr_line' id='line_1_107' title="bbox 292 5454 1865 5547; baseline -0.021 -10"><span class='ocrx_word' id='word_1_786' title='bbox 292 5482 611 5547; x_wconf 80' lang='grc' dir='ltr'>καύθησαν</span> <span class='ocrx_word' id='word_1_787' title='bbox 639 5473 720 5539; x_wconf 74' lang='grc' dir='ltr'>ὡς</span> <span class='ocrx_word' id='word_1_788' title='bbox 753 5471 871 5537; x_wconf 80' lang='grc' dir='ltr'><strong>πῦρ</strong></span> <span class='ocrx_word' id='word_1_789' title='bbox 904 5468 973 5521; x_wconf 83' lang='grc' dir='ltr'><strong>ἐν</strong></span> <span class='ocrx_word' id='word_1_790' title='bbox 1009 5463 1321 5526; x_wconf 77' lang='grc' dir='ltr'>ἀκάνθαις,</span> <span class='ocrx_word' id='word_1_791' title='bbox 1348 5458 1447 5512; x_wconf 80' lang='grc' dir='ltr'><strong>καὶ</strong></span> <span class='ocrx_word' id='word_1_792' title='bbox 1497 5454 1578 5521; x_wconf 84' lang='grc' dir='ltr'>τῷ</span> <span class='ocrx_word' id='word_1_793' title='bbox 1620 5456 1865 5523; x_wconf 72' lang='grc' dir='ltr'>ὀνόματι</span> 
     </span>
    </p>
   </div>
   <div class='ocr_carea' id='block_1_107' title="bbox 364 5635 1458 5719">
    <p class='ocr_par' dir='ltr' id='par_1_107' title="bbox 364 5635 1458 5719">
     <span class='ocr_line' id='line_1_108' title="bbox 364 5635 1458 5719; baseline -0.018 -7"><span class='ocrx_word' id='word_1_794' title='bbox 364 5653 412 5687; x_wconf 73' lang='grc'><strong>’⁸</strong></span> <span class='ocrx_word' id='word_1_795' title='bbox 440 5651 642 5709; x_wconf 79' lang='lat' dir='ltr'><strong>Jercm.</strong></span> <span class='ocrx_word' id='word_1_796' title='bbox 674 5661 808 5719; x_wconf 74' lang='lat' dir='ltr'><strong>twn,</strong></span> <span class='ocrx_word' id='word_1_797' title='bbox 850 5640 905 5700; x_wconf 69' lang='grc' dir='ltr'>ὅ.</span> <span class='ocrx_word' id='word_1_798' title='bbox 981 5643 1023 5674; x_wconf 75' lang='grc' dir='ltr'>ἰ</span> <span class='ocrx_word' id='word_1_799' title='bbox 1064 5639 1232 5696; x_wconf 70' lang='lat' dir='ltr'><strong>Etcli.</strong></span> <span class='ocrx_word' id='word_1_800' title='bbox 1265 5651 1325 5703; x_wconf 85' lang='lat' dir='ltr'><strong>ll,</strong></span> <span class='ocrx_word' id='word_1_801' title='bbox 1374 5635 1458 5692; x_wconf 81' lang='lat' dir='ltr'><strong>tl.</strong></span> 
     </span>
    </p>
   </div>
   <div class='ocr_carea' id='block_1_108' title="bbox 1535 5626 1940 5696">
    <p class='ocr_par' dir='ltr' id='par_1_108' title="bbox 1535 5626 1940 5696">
     <span class='ocr_line' id='line_1_109' title="bbox 1535 5626 1940 5696; baseline -0.007 -9"><span class='ocrx_word' id='word_1_802' title='bbox 1535 5637 1579 5668; x_wconf 73' lang='grc' dir='ltr'>η</span> <span class='ocrx_word' id='word_1_803' title='bbox 1608 5632 1767 5687; x_wconf 79' lang='lat' dir='ltr'><strong>Rom.</strong></span> <span class='ocrx_word' id='word_1_804' title='bbox 1802 5645 1853 5696; x_wconf 82' lang='grc' dir='ltr'>γ,</span> <span class='ocrx_word' id='word_1_805' title='bbox 1888 5626 1940 5680; x_wconf 83' lang='lat'><strong>5.</strong></span> 
     </span>
    </p>
   </div>
   <div class='ocr_carea' id='block_1_109' title="bbox 2047 5340 3544 5417">
    <p class='ocr_par' dir='ltr' id='par_1_109' title="bbox 2047 5340 3544 5417">
     <span class='ocr_line' id='line_1_110' title="bbox 2047 5340 3544 5417; baseline -0.015 -6"><span class='ocrx_word' id='word_1_806' title='bbox 2047 5359 2212 5414; x_wconf 67' lang='lat' dir='ltr'><strong>Vens.</strong></span> <span class='ocrx_word' id='word_1_807' title='bbox 2250 5356 2338 5411; x_wconf 74' lang='lat'><strong>12.</strong></span> <span class='ocrx_word' id='word_1_808' title='bbox 2373 5352 2845 5409; x_wconf 83' lang='lat' dir='ltr'><strong>Circumdederunt</strong></span> <span class='ocrx_word' id='word_1_809' title='bbox 2877 5363 2976 5412; x_wconf 87' lang='lat' dir='ltr'><strong>me,</strong></span> <span class='ocrx_word' id='word_1_810' title='bbox 3008 5345 3146 5399; x_wconf 85' lang='lat' dir='ltr'><strong>sicut</strong></span> <span class='ocrx_word' id='word_1_811' title='bbox 3184 5357 3307 5417; x_wconf 85' lang='lat' dir='ltr'><strong>apes</strong></span> <span class='ocrx_word' id='word_1_812' title='bbox 3340 5340 3544 5408; x_wconf 77' lang='lat' dir='ltr'><strong>favum,</strong></span> 
     </span>
    </p>
   </div>
   <div class='ocr_carea' id='block_1_110' title="bbox 1973 5427 3553 5512">
    <p class='ocr_par' dir='ltr' id='par_1_110' title="bbox 1973 5427 3553 5512">
     <span class='ocr_line' id='line_1_111' title="bbox 1973 5427 3553 5512; baseline -0.014 -8"><span class='ocrx_word' id='word_1_813' title='bbox 1973 5459 2021 5504; x_wconf 91' lang='lat' dir='ltr'><strong>et</strong></span> <span class='ocrx_word' id='word_1_814' title='bbox 2045 5453 2353 5502; x_wconf 76' lang='lat' dir='ltr'><strong>exarserunt</strong></span> <span class='ocrx_word' id='word_1_815' title='bbox 2391 5444 2523 5499; x_wconf 86' lang='lat' dir='ltr'><strong>sicut</strong></span> <span class='ocrx_word' id='word_1_816' title='bbox 2556 5442 2688 5512; x_wconf 85' lang='lat' dir='ltr'><strong>ignis</strong></span> <span class='ocrx_word' id='word_1_817' title='bbox 2715 5440 2771 5494; x_wconf 89' lang='lat' dir='ltr'><strong>in</strong></span> <span class='ocrx_word' id='word_1_818' title='bbox 2798 5435 2986 5507; x_wconf 85' lang='lat' dir='ltr'><strong>spinis,</strong></span> <span class='ocrx_word' id='word_1_819' title='bbox 3015 5443 3061 5487; x_wconf 88' lang='lat' dir='ltr'><strong>et</strong></span> <span class='ocrx_word' id='word_1_820' title='bbox 3094 5431 3302 5486; x_wconf 86' lang='lat' dir='ltr'><strong>nomine</strong></span> <span class='ocrx_word' id='word_1_821' title='bbox 3333 5427 3553 5482; x_wconf 81' lang='lat' dir='ltr'><strong>Damini</strong></span> 
     </span>
    </p>
   </div>
  </div>
