4102 6206
527 168 660 235 1121

1680 157 2061 219 EUTHYMII
2104 153 2464 215 ZIGABENI

3653 147 3799 219 lli-3

525 286 672 340 ullus
712 299 830 338 sum
869 298 976 336 eos.
1012 277 1386 335 Perieulorum
1430 270 1859 342 magnitudinem
1902 265 2110 321 descri-

2230 263 2441 330 Κυρίου
2498 262 2823 332 ’ἠμυνάμην
2864 263 3105 329 αὐτούς.
3131 261 3436 331 Διαγράφει
3470 262 3534 315 τὸ
3563 262 3799 331 pexam;

530 380 629 433 hit.
664 377 729 430 Et
761 392 854 445 per
886 388 1046 440 apum
1079 369 1300 438 quidem
1343 363 1783 423 similitudinem,
1816 360 2107 413 vehemen-

530 468 660 519 tiam
695 474 747 517 et
778 457 1264 531 promptitndinem
1314 454 1659 507 inimicorum
1691 450 1982 519 signiﬁcat,
2016 463 2109 516 per

533 560 709 627 ignem
747 570 873 608 vero
921 552 1240 605 eﬂ‘rcnatam
1288 550 1448 600 iram.
1490 544 1632 611 Apes
1668 540 1939 610 siquidem
1987 538 2110 591 lavo

536 648 714 700 mellis
743 646 988 705 invento,
1018 654 1230 694 summa
1256 634 1706 707 promptitudine,
1737 647 1800 686 ac
1820 631 2111 683 vehemen-

533 738 607 789 tia
640 736 789 787 illum
823 732 1190 793 tircumdant,
1219 744 1281 783 ac
1310 728 1487 780 mellis
1516 739 1741 779 succum
1794 729 2064 789 exsugunt
2096 736 2109 771 :

533 827 679 896 ignis
712 826 876 880 etiam
924 825 1011 877 ubi
1050 823 1245 875 rubum
1279 820 1517 888 aliquem
1568 828 1661 869 aut
1698 814 1970 883 spinctum
2017 826 2113 880 ap-

534 919 912 990 prehende-rit,
947 916 1170 970 retineri
1206 929 1312 968 non
1346 920 1545 982 potest.

604 1011 769 1066 Vsus.
806 1010 891 1063 l5.
931 1007 1220 1075 Impulsus,
1264 1021 1468 1059 eversus
1509 1018 1646 1065 sum,
1679 1010 1735 1054 ut
1771 1000 2030 1059 caderem.
2067 1007 2116 1052 et

539 1094 791 1148 Dominus
822 1093 1026 1161 adjuvit
1054 1108 1155 1146 me.
1193 1089 1493 1157 lmpulsns,
1521 1086 1720 1155 inquit,
1750 1085 1817 1137 ab
1844 1083 2115 1146 hostibus,

533 1184 700 1239 veluti
730 1182 955 1251 jamjam
1006 1196 1240 1236 casurus
1286 1176 1577 1239 declinavi,
1623 1176 1727 1229 hoc
1776 1183 1881 1235 est,
1927 1189 2117 1243 parum

537 1276 734 1338 abluit,
780 1276 911 1344 quin
950 1276 1226 1336 caderem,
1268 1280 1322 1326 et
1356 1270 1621 1325 Dominus
1663 1268 1876 1336 adjuvit
1912 1284 2016 1332 me,
2060 1277 2120 1323 ut

535 1370 684 1422 vires
725 1383 875 1429 suas,
910 1375 962 1419 et
1006 1365 1247 1420 studium
1278 1380 1438 1419 suum
1469 1366 1521 1416 in
1556 1378 1642 1416 me
1676 1363 1850 1430 magis
1891 1361 2121 1415 demon-

539 1467 762 1514 straret.
818 1456 1070 1526 Eripiens
1119 1472 1186 1510 ex
1236 1470 1334 1508 ore
1388 1452 1581 1508 mortis
1639 1453 1916 1507 hominem
1969 1450 2119 1505 omni

539 1548 785 1601 humana
821 1563 924 1616 ope
960 1546 1310 1600 destitutum.

613 1636 777 1691 Vens.
812 1611 898 1690 ll.
939 1636 1226 1689 Fortitudo
1260 1652 1373 1688 mea
1401 1611 1449 1689 et
1473 1635 1591 1687 laus
1618 1650 1731 1687 mea
1761 1634 2040 1699 Dominus,
2072 1646 2123 1688 et
2155 1621 2196 1674 Β

542 1730 715 1792 factus
748 1738 821 1782 est
863 1729 991 1781 mihi
1036 1731 1089 1780 in
1126 1729 1376 1782 salutem.
1413 1725 1705 1781 Fortitudo
1746 1742 1886 1789 nica,
1925 1727 2123 1796 inquit,

542 1831 599 1873 et
628 1823 748 1876 laus
782 1836 899 1874 mea
940 1820 1202 1873 Dominus
1230 1828 1337 1875 est.
1382 1818 1439 1872 ln
1472 1834 1536 1873 eo
1567 1819 1769 1873 etenim
1810 1820 1953 1872 vires
1979 1834 2126 1874 meas

542 1929 735 1969 omnes
790 1914 965 1967 habeo
1012 1930 1025 1966 :
1082 1922 1305 1983 propter
1351 1927 1474 1965 eum
1534 1911 1701 1965 etiam
1751 1912 1820 1965 ab
1870 1912 2127 1966 omnibus

544 2006 755 2067 laudor,
793 2010 845 2057 ct
872 2004 1172 2073 gloriﬁcor,
1197 2003 1339 2071 quod
1374 2004 1533 2057 talem
1560 2002 1861 2072 adjutorem
1899 2004 2127 2058 soititus

543 2113 687 2150 sum.
727 2096 843 2156 Vel,
890 2096 1065 2165 ipsum
1111 2094 1282 2149 Deum
1328 2109 1544 2164 semper
1591 2093 1774 2157 laudo,
1818 2095 1910 2164 qui
1958 2095 2128 2150 lactus

542 2197 627 2241 cst
670 2186 922 2240 Salvator
962 2203 1136 2242 meus.

620 2276 781 2331 Vens.
829 2278 916 2331 15.
963 2275 1075 2330 l’ox
1118 2277 1515 2339 exsultationis,
1546 2287 1595 2330 et
1629 2276 1820 2330 salutis
1861 2277 1915 2329 iu
1955 2276 2131 2329 taber-

545 2370 750 2421 naculis
778 2368 1071 2436 justorum.
1107 2366 1170 2418 Et
1203 2384 1422 2421 rursum
1460 2367 1637 2422 factus
1666 2377 1747 2422 est
1776 2367 1908 2421 mihi
1944 2367 2127 2421 Domi-

550 2473 673 2521 nus,
716 2473 816 2509 vox
847 2457 1258 2520 exsultationis,
1296 2467 1349 2510 et
1389 2457 1626 2511 salutis:
1669 2458 1769 2511 hoc
1805 2465 1909 2518 est,
1953 2456 2129 2510 factus

547 2556 633 2601 est
666 2562 836 2601 causa
873 2548 1025 2601 vocis
1059 2547 1463 2611 exsultationis,
1498 2556 1551 2598 et
1580 2548 1734 2602 vocis
1757 2549 1974 2613 salutis,
2010 2564 2129 2618 quae

547 2636 765 2690 canitur
806 2638 857 2690 in
889 2637 1262 2691 tabernaculis
1291 2636 1588 2705 juslorum,
1618 2654 1737 2691 cum
1773 2638 1844 2692 ob
1889 2638 2131 2693 admira-

549 2728 730 2782 biliter
778 2726 912 2781 mihi
966 2727 1262 2797 prmstitain
1312 2729 1568 2793 salutem,
1621 2729 1889 2798 impulsus
1929 2732 2029 2784 sim
2072 2740 2131 2784 ut

551 2820 1009 2886 exsultationem,
1060 2830 1108 2873 et
1156 2819 1385 2874 salutem
1424 2821 1571 2873 illam
1622 2819 1926 2884 laudarem,
1965 2835 2127 2890 quam

548 2913 685 2966 mihi
721 2914 930 2966 tribuit.
974 2911 1066 2967 Vel
1093 2912 1365 2981 impulsus
1396 2929 1516 2967 sum
1549 2912 1613 2965 ad
1644 2912 1971 2967 laudandum
2001 2928 2124 2967 eum

550 3005 603 3057 in
628 3007 1023 3071 exsultatione,
1068 3014 1123 3060 et
1169 3006 1367 3060 salute.
1414 3004 1516 3059 Per
1560 3005 1906 3060 tabernacula
1945 3014 2125 3059 autem

545 3095 822 3163 justorum
878 3097 1093 3166 tuguria
1154 3098 1476 3165 praedicere,
1528 3097 1581 3149 in
1628 3098 1831 3165 quibus
1886 3096 2133 3150 Davidici

550 3187 744 3252 psalmi
776 3190 1050 3256 praecipue
1084 3188 1453 3241 decantantur
1486 3205 1499 3239 :
1538 3187 1619 3240 vel
1650 3190 1851 3253 varias,
1897 3202 1960 3241 ac
2004 3203 2133 3257 par-

553 3277 832 3342 ticulares,
860 3293 984 3346 quae
1021 3293 1118 3346 per
1152 3280 1339 3334 orbem
1377 3287 1526 3345 sunt,
1559 3278 1854 3333 Ecclesias.

622 3384 789 3442 Vsus.
830 3388 916 3441 10.
948 3388 1178 3442 Dextera
1210 3389 1425 3478 Domini
1453 3390 1577 3458 fecit
1601 3392 1869 3446 virlutem.
1901 3391 2132 3448 Dextera

550 3476 793 3539 Domini,
823 3477 877 3531 id
923 3489 1027 3544 est,
1081 3476 1325 3533 divinum
1390 3481 1676 3546 auxilium,
1748 3484 1893 3552 quod
1941 3484 2131 3538 tribuit

554 3567 714 3621 nobis
746 3568 1059 3634 victoriam,
1093 3577 1147 3624 et
1179 3577 1443 3639 tropaeum
1475 3572 1673 3626 erexit.

624 3676 856 3731 Dextera
881 3677 1101 3732 Domini
1122 3679 1380 3733 exultavit
1412 3696 1515 3736 me.
1559 3679 1746 3736 Erexit
1773 3698 1857 3737 me
1894 3682 2007 3753 jam
2040 3701 2133 3755 pe-

555 3769 703 3825 nitus
735 3770 1085 3826 inclinatum.
1132 3771 1253 3837 Vel,
1299 3772 1639 3829 Glorilicavit
1682 3792 1790 3841 me,
1841 3786 2131 3848 postquam

554 3859 811 3914 inimicos
841 3876 994 3916 meos
1021 3861 1074 3915 in
1108 3861 1289 3931 fugam
1313 3864 1605 3928 convertit,

622 3972 850 4026 Dextera
881 3974 1096 4027 Domini
1138 3976 1263 4045 fecit
1316 3978 1581 4032 virtutem.
1632 3977 1891 4033 Eumdem
1939 3996 2135 4037 rursus

554 4063 883 4114 sententiam
939 4064 1161 4132 repetit,
1218 4074 1271 4118 ct
1324 4082 1435 4135 prae
1489 4067 1677 4120 laetitia
1736 4068 1790 4122 in
1831 4072 2133 4137 gratiarum

553 4152 769 4207 actione
800 4156 1136 4210 extenditur.
1162 4154 1259 4209 Vel
1285 4167 1368 4212 ter
1391 4159 1681 4215 nominans
1712 4160 1807 4216 Dei
1830 4163 2132 4228 dexteram,

2212 355 2319 406 τῶν
2352 354 2543 406 δεινῶν
2569 369 2584 384 ⁸
2617 356 2710 406 καὶ
2742 355 2832 406 διὰ
2864 354 2962 423 μὲν
2993 356 3089 424 τῆς
3121 356 3330 415 εἰκόνος
3357 353 3467 405 τῶν
3517 352 3797 423 μελισσῶν

2212 445 2273 496 τὸ
2304 447 2539 514 σφοδρὶν
2578 449 2677 513 τῆς
2710 447 3020 517 προθυμίας
3046 446 3226 498 αὐτῶν
3249 446 3575 508 αἰνίττεται,
3621 445 3711 496 διὰ
3742 444 3802 494 δὲ

2212 537 2307 589 τοῦ
2360 538 2529 608 πυρὸς
2580 538 2641 589 τὸ
2664 538 2969 591 ἀκάθεκτον
3030 537 3132 607 τῆς
3174 536 3366 606 ὀργῆς.
3426 535 3494 587 Δί
3540 535 3803 603 μέλισσαι

2218 629 2317 698 μὲν
2368 630 2477 698 γάρ
2536 629 2801 699 εὑροῦσαι
2861 628 3056 698 κηρίον
3095 628 3334 696 μέλιτος,
3386 628 3522 697 μετὰ
3559 626 3805 696 σφοδρᾶς

2216 718 2529 788 προθυμίας
2594 718 2888 772 κυκλοῦσιν
2913 718 3183 783 αὐτὸ,τὴν
3215 716 3417 786 ἰκμάδα
3460 715 3552 768 τοῦ
3581 718 3807 785 μέλιτος

2217 796 2540 880 ὲκμυζῶσαι
2563 826 2576 841 ·
2633 810 2728 863 καὶ
2757 810 2815 862 τὸ
2860 807 2972 879 πῦρ
3005 809 3255 862 ἀκανθῶν
3291 808 3630 878 δραξάμενον
3660 809 3793 861 ἀκα-

2220 902 2411 954 θεκτον
2433 902 2669 969 γίνεται.

2288 992 2541 1056 Ὠσθείς,
2579 992 2926 1061 ἀνετράπην
2966 992 3068 1047 τοῦ
3100 992 3329 1055 πεσεῖν,
3382 991 3477 1044 καὶ
3514 994 3544 1044 o’
3582 990 3809 1058 Κύριος

2220 1083 2584 1138 ἀντελάϐετό
2606 1102 2750 1153 μου.
2782 1086 2997 1146 Ὠσθεὶς
3055 1086 3184 1154 παρ’
3240 1084 3448 1149 αὐτῶν,
3481 1083 3668 1136 ἔκλινα
3700 1085 3797 1135 τοῦ

2225 1174 2435 1238 πεσεῖν,
2467 1174 2765 1233 τουτέστιν,
2795 1174 2961 1242 ἐγγὺς
2997 1176 3265 1243 ἐγενόμην
3327 1172 3421 1225 τοῦ
3456 1176 3667 1238 πεσεῖν,
3715 1175 3809 1225 καὶ

2222 1265 2249 1315 ὁ
2276 1264 2478 1335 Κύριος
2509 1266 2837 1318 ἀντελάϐετό
2876 1283 3001 1336 μου,
3037 1267 3124 1318 ἵνα
3149 1267 3245 1319 καὶ
3278 1265 3481 1335 μᾶλλον
3511 1266 3663 1336 δείξῃ
3708 1270 3808 1335 τὴν

2224 1356 2388 1409 αὐτοῦ
2442 1358 2594 1427 ἰσχὺν
2640 1358 2734 1410 καὶ
2758 1356 3111 1427 κηδεμονίαν,
3143 1358 3483 1427 ἀφαρπάσας
3514 1358 3577 1409 ὲκ
3603 1358 3812 1425 στόμα-

2232 1466 2323 1514 τος
2353 1450 2448 1503 τοῦ
2477 1450 2714 1505 θανάτου
2752 1451 2843 1506 τὸν
2866 1450 3290 1521 ἀπεγνωσμένον
3321 1449 3660 1519 πανταχόθεν
3693 1451 3813 1501 ἐτέ-

2231 1541 2425 1613 ρωθεν.

2307 1636 2515 1703 Ἰσχύς
2534 1653 2654 1705 μου
2666 1635 2763 1690 καὶ
2808 1636 3070 1703 ὖμνησίς
3094 1654 3211 1704 μου
3242 1637 3274 1688 ὀ
3297 1635 3529 1704 Κύριος,
3552 1634 3651 1687 καί
3671 1632 3810 1703 ἐγέ-

2227 1727 2365 1779 νετό
2383 1743 2483 1793 μοι
2501 1727 2588 1791 είς
2611 1727 2939 1801 σωτηρίαν.
2977 1725 3088 1778 Καὶ
3114 1724 3267 1794 ίσχύς
3288 1724 3390 1794 μού
3418 1727 3594 1776 ἐστιν’
3626 1725 3685 1776 ὲν
3707 1725 3811 1775 αὑ·

2227 1817 2305 1886 τῷ
2362 1818 2467 1888 γὰρ
2510 1818 2680 1887 ἰσχύω
2707 1832 2723 1847 ⁸
2767 1819 2863 1871 καὶ
2918 1817 3151 1887 ὖμνησίς
3218 1832 3347 1885 μουο
3384 1815 3453 1868 δι’
3486 1814 3651 1867 αὑτοῦ
3691 1831 3729 1881 γ
3780 1832 3811 1883 ρ

2229 1909 2531 1979 ὑμνοῦμαι,
2571 1912 2667 1961 καὶ
2707 1910 3006 1978 δοξάζομαι
3056 1908 3208 1977 παρὰ
3238 1908 3476 1970 πάντων,
3519 1907 3590 1969 ὡς
3625 1905 3812 1959 τοιοῦ-

2229 2018 2321 2053 τον
2390 2001 2585 2072 βοηθὸν
2644 2001 3067 2071 πεπλουτηκὼς,
3120 2002 3151 2071 ἢ
3195 2001 3289 2054 καὶ
3339 2000 3501 2054 αὑτὸν
3538 2001 3688 2071 ὑμνῶ
3717 1999 3809 2051 διὰ

2230 2094 2454 2158 παντὸς,
2489 2094 2584 2146 καὶ
2610 2093 2827 2162 ἐγένετό
2862 2111 2953 2163 μοι
2977 2095 3194 2164 Σωτήρ.

2300 2266 2472 2334 Φωνὴ
2499 2268 2917 2337 ἀγαλλιάσεως
2977 2271 3075 2323 καὶ
3107 2272 3407 2339 σωτηρίας
3445 2272 3514 2323 ἐν
3543 2269 3805 2337 σκηγαῖς

2230 2360 2494 2416 δικαίων.
2550 2364 2661 2415 Καὶ
2707 2363 2926 2431 ἐγένετό
2968 2379 3058 2432 μοι
3123 2364 3283 2416 πάλιν
3331 2364 3484 2433 φωνὴ
3545 2362 3803 2430 ἀγαλὶά-

2233 2470 2370 2515 σεως
2415 2454 2509 2506 καὶ
2534 2456 2830 2526 σωτηρίας,
2862 2456 3129 2525 ᾁδομένης
3175 2458 3233 2507 ἐν
3273 2459 3501 2524 σκηναῖς
3553 2454 3799 2513 δικαίων,

2236 2545 2554 2615 παραδόξως
2585 2548 2694 2616 γὰρ
2724 2547 2813 2598 ὑπ’
2849 2547 3016 2599 αὑτοῦ
3068 2546 3281 2610 σωθεὶς,
3309 2546 3568 2616 ἐκινήθην
3624 2547 3704 2607 είς
3746 2544 3803 2595 τὸ

2235 2638 2425 2706 ὑμνεῖν
2477 2641 2575 2708 τὴν
2625 2639 2951 2707 ἀγαλλίασιν
3004 2642 3098 2691 καὶ
3154 2641 3252 2709 τὴν
3285 2639 3579 2709 σωτηρίαν,
3619 2639 3686 2707 ἦν
3713 2655 3802 2707 μοι

2232 2730 2575 2801 δεδώρηται·
2623 2730 2654 2801 ἢ
2696 2731 2772 2793 είς
2823 2732 2882 2783 τὸ
2944 2733 3132 2801 ὑμνεῖν
3177 2732 3338 2784 αὐτὸν
3386 2732 3443 2783 ὲν
3484 2730 3804 2798 ἀγαλλιάσει

2235 2822 2332 2875 καὶ
2388 2824 2659 2893 σωτηρίᾳ.
2706 2823 2921 2891 Σκηνὰς
2951 2824 3005 2877 δὲ
3027 2825 3252 2878 δικαίων
3273 2820 3425 2893 οἶμαι
3454 2822 3807 2893 προφητικῶς

2237 2916 2417 2986 λέγειν
2472 2919 2656 2986 αὑτὸν,
2705 2919 2804 2983 τὰς
2855 2919 3095 2981 καλύὸας
3141 2918 3249 2971 τῶν
3298 2919 3556 2986 ἀσκητῶν
3614 2919 3677 2969 ὲν
3718 2911 3807 2977 αἷς

2241 3010 2445 3079 μᾶλλον
2507 3010 2725 3082 ᾅδονται
2788 3012 2856 3065 τὰ
2902 3011 3203 3065 Δαόιδικάο
3241 3012 3273 3081 ἢ
3323 3010 3419 3073 τὰς
3463 3008 3606 3063 κατὰ
3646 3009 3810 3062 τόπον

2250 3102 2591 3175 Ἐκκλησίας.

2306 3392 2482 3457 Δεξιὰ
2540 3394 2762 3459 Κυρίου
2799 3393 3049 3459 ἐποίησε
3074 3391 3352 3460 δύναμιν.
3398 3390 3469 3444 Ἠ
3522 3389 3675 3456 δεξιὰ
3717 3390 3805 3444 τοῦ

2238 3484 2472 3554 Κυρίου,
2515 3486 2688 3555 ἧτοιή
2732 3485 3038 3557 συμμαχία,
3074 3487 3369 3555 εἰργάσατο
3407 3483 3507 3553 τὴν
3535 3484 3697 3552 νίκην
3720 3486 3810 3536 καὶ

2236 3573 2433 3644 ἔστησε
2464 3575 2524 3627 τὸ
2557 3575 2842 3645 τρόπαιον.

2308 3689 2482 3755 Δεξιὰ
2504 3693 2724 3756 Κυρίου
2758 3691 2969 3760 ὕψωσέ
2989 3709 3085 3761 με.
3131 3692 3425 3761 ’Λνέστησε
3459 3689 3740 3757 κλιθέντα,
3769 3691 3800 3759 ἢ

2237 3782 2458 3849 ὲδόξασε
2487 3784 2912 3854 τροπωσάμενον
2947 3788 3074 3848 τοὺς
3096 3783 3342 3855 ἐχθρούς.

2308 3978 2481 4042 Δεξιὰ
2521 3980 2742 4046 Κυρίου
2771 3980 3024 4047 ἐποίησε
3041 3980 3318 4049 δύναμιν.
3381 3980 3453 4033 Τὸ
3478 3981 3612 4035 αὐτὸ
3666 3950 3809 4051 λέγει

2238 4069 2421 4134 πάλιν,
2454 4070 2544 4139 ὑφ’
2584 4072 2775 4141 ἡδονῆς
2799 4073 3084 4125 ἐπιτείνων
3115 4073 3212 4143 τὴν
3234 4074 3589 4144 εὐχαριστίαν
3608 4090 3624 4105 ⁸
3652 4074 3685 4145 ἢ
3713 4075 3805 4127 καὶ

2240 4166 2389 4233 τρεῖς
2410 4164 2590 4229 δεξιὰς
2624 4164 2796 4217 εἰπὼν
2827 4166 3055 4236 Κυρίου,
3089 4166 3189 4236 τὴν
3216 4168 3453 4235 τριπλῆν
3488 4168 3807 4237 συμμαχίαν

554 4242 750 4309 triplex
788 4242 953 4296 trium
1007 4259 1370 4313 personarum
1422 4249 1686 4303 auxilium
1738 4251 1793 4304 in
1840 4250 2127 4308 Divinitate

566 4330 584 4349 ι
794 4337 828 4349 ..

2242 4255 2341 4322 τῆς
2364 4260 2796 4326 τρισυποστάτου
2813 4258 3063 4327 θεότητος
3096 4259 3385 4328 ἐνέφηνεν.

552 4330 857 4391 denotavit.

632 4448 796 4506 Vsus.
848 4452 935 4506 17.
972 4451 1096 4507 Non
1144 4457 1370 4520 moriar,
1419 4457 1510 4510 sed
1570 4458 1764 4524 tivam,
1806 4470 1855 4513 et
1902 4463 2133 4516 narrabo

553 4560 715 4610 opera
746 4542 984 4597 Domini.
1022 4546 1142 4600 Non
1198 4552 1407 4602 moriar
1450 4549 1732 4619 deinceps,
1783 4567 1883 4606 nec
1935 4555 2135 4623 perdar

555 4642 625 4688 ab
654 4636 719 4689 iis
744 4636 836 4704 qui
864 4636 1356 4693 circumdederunt
1396 4656 1505 4704 me,
1534 4644 2000 4711 quemadmodntn
2029 4648 2130 4715 ipsi

556 4727 872 4794 sperabant,
914 4743 1038 4782 cuin
1088 4729 1165 4783 illi
1221 4741 1414 4785 contra
1457 4735 1638 4801 potius
1692 4735 1953 4802 perierint
1988 4753 2001 4789 :
2037 4738 2132 4791 sed

557 4817 755 4880 vivam,
791 4824 844 4871 et
883 4819 1122 4873 laudabo
1159 4822 1431 4876 mirabilia
1478 4822 1597 4877 Dei.
1639 4823 1750 4887 Vel,
1778 4823 1894 4879 Non
1931 4828 2135 4882 moriar

556 4908 758 4963 anima:
791 4919 984 4977 morte,
1016 4912 1110 4966 sed
1138 4915 1315 4967 vivam
1342 4930 1407 4969 ea
1433 4915 1540 4969 vita
1573 4932 1695 4986 qua:
1723 4927 1808 4972 est
1831 4920 2131 4974 secundum

558 5001 747 5054 Deum.
784 4998 901 5065 Vel,
937 5000 1053 5054 Non
1098 5004 1325 5068 moriar,
1370 5006 1464 5059 sed
1503 5008 1702 5073 vivam,
1742 5008 1843 5062 hoc
1888 5020 1993 5075 est,
2037 5010 2134 5063 lui-

556 5095 807 5147 mortalis
836 5108 956 5159 ero,
988 5095 1115 5164 quia
1160 5112 1276 5150 mea
1309 5099 1525 5153 cantica
1550 5110 1819 5153 canentur
1844 5112 2130 5170 perpetuo,

555 5191 609 5238 et
629 5184 848 5239 illorum
882 5195 1079 5241 cantus
1133 5187 1287 5241 nullo
1328 5205 1570 5258 unquam
1615 5200 1858 5260 tempore
1890 5195 2129 5250 deﬁciet.

560 5274 859 5332 Possumus
900 5280 1062 5333 etiam
1104 5281 1248 5335 hunc
1300 5281 1633 5335 versiculum
1692 5284 2021 5353 intelligere,
2075 5299 2132 5340 ut

558 5383 743 5424 sermo
775 5372 845 5425 sit
877 5373 944 5426 de
978 5374 1407 5435 resurrectione,
1438 5385 1489 5427 et
1526 5383 1742 5429 asserat
1776 5375 2042 5444 Propheta
2074 5394 2133 5432 se

558 5473 669 5511 non
718 5463 1042 5514 moriturutn
1079 5477 1140 5515 ea
1172 5462 1512 5526 conditione,
1552 5473 1608 5515 ut
1643 5464 1791 5516 nulla
1822 5464 1869 5515 ei
1900 5466 2133 5532 amplius

559 5553 979 5610 resurrectionis
1005 5554 1077 5607 sit
1106 5568 1250 5623 spes.
1282 5552 1540 5618 Quiuimo
1595 5558 1639 5611 si
1668 5556 1891 5621 moriar,
1930 5557 2127 5628 inquit,

2303 4455 2423 4507 Οὐκ
2452 4455 2888 4523 ἀποθανοῦμαι,
2940 4455 3104 4510 ἀλλὰ
3138 4454 3411 4522 ζήσομαι,
3444 4454 3545 4507 καὶ
3595 4452 3807 4523 dim-1}.

2237 4561 2422 4615 σομαι
2453 4544 2525 4598 τὰ
2578 4547 2722 4614 ἔργα
2761 4548 3003 4613 Kvplov.
3039 4546 3151 4598 Οὐκ
3190 4544 3567 4613 ἀποθανοῦμαι
3624 4545 3810 4596 λοιπὸν

2235 4640 2344 4692 ἀπὸ
2372 4640 2479 4690 τῶν
2518 4639 2913 4692 κυκλωσάντων
2944 4656 3035 4708 με,
3073 4637 3255 4701 καθὼς
3310 4638 3543 4699 ἐκείνοις
3606 4636 3804 4697 ἐδόκει.

2236 4730 2550 4783 τούναντίον
2589 4730 2792 4800 μᾶλλον
2819 4731 3002 4783 αὐτῶν
3052 4729 3408 4782 ἀπολωλότων
3429 4744 3444 4757 ·
3475 4727 3611 4781 ἀλλά
3656 4729 3813 4797 ζήσο-

2240 4840 2358 4891 μαι,
2389 4826 2481 4876 καὶ
2524 4824 2750 4893 ὑμνήσω
2797 4823 2863 4874 τὰ
2918 4822 3198 4890 θαυμάσια
3238 4822 3333 4874 τοῦ
3389 4820 3549 4873 Θεοῦ.
3591 4823 3664 4873 Ἦ
3712 4825 3809 4873 οὐκ

2234 4918 2611 4986 ἀποθανοῦμαι
2650 4917 2740 4969 τὸν
2766 4916 2994 4985 ψυχικὸν
3050 4915 3301 4978 θάνατον,
3362 4915 3497 4968 ἀλλὰ
3563 4915 3804 4984 ζήσομαι

2235 5010 2336 5077 τὴν
2381 5010 2523 5060 κατὰ
2564 5008 2696 5060 Θεὸν
2738 5008 2905 5077 ζωήν.
2951 5007 3019 5061 Ἢ
3054 5009 3155 5059 οὐκ
3200 5007 3611 5075 ἀποθανοῦμαι,
3674 5008 3809 5057 ἀλλὰ

2237 5101 2500 5171 ζήσομαι,
2524 5102 2821 5165 τουτέστιν,
2847 5101 3114 5164 ἀθάνατος
3136 5102 3352 5169 ἔσομαι,
3406 5101 3495 5152 διά
3522 5102 3579 5152 τὸ
3625 5101 3806 5169 διηνε-

2237 5192 2349 5253 κῶς
2379 5192 2525 5263 ᾄδειν
2558 5193 2711 5261 παρὰ
2743 5195 2855 5254 τοῖς
2883 5192 3149 5261 ψάλλουσι
3182 5194 3277 5252 τὰς
3312 5192 3453 5260 ἐμὰς
3487 5193 3654 5263 ᾠδὰς,
3714 5195 3808 5244 καὶ

2239 5281 2373 5349 μηδέ
2410 5298 2537 5333 ποτε
2578 5282 2867 5346 παύεσθαι,
2897 5283 3061 5353 μέχρι
3089 5283 3291 5345 παντὸς
3347 5285 3567 5346 αἰῶνος.
3602 5285 3674 5335 Ἠ
3716 5285 3809 5336 καὶ

2237 5374 2363 5443 περὶ
2379 5374 2477 5442 τῆς
2496 5375 2848 5438 ἀναστάσεως
2870 5376 3308 5446 προφητεύοντος
3332 5379 3358 5428 ό
3395 5376 3575 5443 λόγος,
3599 5378 3683 5428 ὅτι
3712 5378 3809 5428 οὐκ

2237 5464 2620 5533 ἀποθανοῦμαι
2650 5470 2728 5528 εἰς
2758 5467 2818 5518 τὸ
2848 5468 3545 5537 μηκέτιάναστῆναι,ἀλλὰ
3572 5468 3807 5536 ζήσομαι

2239 5558 2400 5611 πάλιν
2433 5558 2572 5628 μετὰ
2606 5560 2824 5617 πάντων
2858 5560 3187 5632 ἀνθρώπων
3217 5560 3296 5614 διὸ
3329 5561 3421 5614 καὶ
3473 5560 3805 5629 διηγήσομαι
