4102 6206
405 295 552 366 1129

404 511 597 563 στασίν
625 527 714 577 μοι
731 509 1123 579 χαρισαμένου.

1545 295 1931 359 COMMENT.
1983 296 2064 356 ΙΝ
2103 295 2465 358 PSALMOS-

403 419 474 472 τὰ
516 418 654 488 ἔργα
683 414 781 469 τοῦ
827 415 1036 487 Κυρίου
1073 414 1212 487 μετᾶ
1241 414 1349 469 τῶν
1377 412 1572 476 ἄλλων,
1599 416 1695 468 καὶ
1721 415 1820 485 τὴν
1835 413 1968 468 ἀνά-

2080 421 2337 481 pcrpetua
2373 411 2506 466 mihi
2534 421 2714 468 tamen
2756 429 2864 470 non
2905 417 3012 472 erit
3049 432 3199 472 mors

3503 302 3642 370 1130

3251 435 3266 474 :
3309 425 3474 488 atque
3501 406 3644 473 ideo

2078 517 2188 558 non
2220 517 2348 557 vere
2377 502 2604 568 moriar,
2633 505 2726 559 sed
2762 521 2868 560 una
2903 522 3023 561 cum
3070 507 3280 562 ueteris
3331 507 3646 562 hominibus

407 621 625 664 rursum
668 604 872 668 vivam,
908 612 958 656 et
1017 610 1306 673 propterea
1354 601 1593 656 narrabo
1641 614 1806 670 opera
1857 594 2095 660 Domini,
2159 595 2253 665 qui
2318 594 2449 648 mihi
2491 596 2654 650 simul
2723 612 2846 651 eum
2895 598 3019 652 aliis
3062 600 3221 652 bonis
3288 601 3621 654 resurrectio

404 715 530 756 netu
563 699 703 750 hanc
732 696 958 765 largitus
981 703 1084 750 est.

459 787 764 842 Παιδεύων
790 785 1115 841 ἐπαίδευσέ
1139 803 1216 856 με
1244 787 1276 840 ό
1301 785 1536 854 Κύριος,
1561 784 1712 850 τῷδε
1738 782 1973 847 θανάτῳ

349 871 358 885 ’
407 882 476 934 οὐ
496 878 800 946 παρέδωκέ
817 876 1237 946 με.⁹ΕπαΞδευσέ
1259 894 1326 946 με
1339 876 1698 944 συγχωρήσας
1712 873 1973 942 ἐμπεσεῖν

404 973 517 1034 τοῖς
550 971 762 1032 δεινοῖς,
799 969 885 1020 ἴνα
919 967 996 1036 τῷ
1021 966 1170 1035 φόϐῳ
1198 965 1293 1018 τοῦ
1313 963 1554 1035 χαλεποῦ
1582 963 1853 1024 κινδύνου,
1876 960 1970 1012 καὶ

403 1064 503 1131 τῆς
533 1062 780 1129 ἀνάγκης
804 1059 1016 1128 ἐκείνης
1048 1056 1344 1128 βελτιωθῶ,
1381 1056 1477 1109 καὶ
1524 1053 1968 1125 σωφρονέστερος

407 1155 671 1223 γένωμαι.
696 1153 809 1205 Ούκ
835 1151 1014 1219 ἀφῆκε
1036 1149 1092 1203 δὲ
1115 1149 1428 1212 ἀποθανεῖν,
1468 1147 1804 1217 ἐξαρπάσας,
1833 1145 1936 1198 καθ
1957 1174 1967 1184 -

407 1243 482 1307 ὼς
533 1242 790 1311 ἀνωτέρω
829 1241 1145 1311 δ;δήλωται,
1179 1240 1264 1293 ἵνα
1301 1238 1447 1312 δείξῃ
1471 1238 1570 1307 τὴν
1604 1237 1757 1306 ίσχὺν
1784 1232 1974 1300 αὑτοῦ,

406 1336 501 1388 καὶ
531 1334 661 1404 κηδε
671 1334 881 1404 μονίαν.

473 1510 784 1575 Ἀνοίξειτέ
822 1527 922 1580 μοι
993 1511 1195 1576 πύλας
1244 1508 1661 1572 δικαιοσύνης.
1709 1505 1823 1566 Τὰς
1875 1503 1978 1572 τῆς

405 1603 630 1673 σκηνῆς,
661 1606 720 1655 ἐν
807 1602 1058 1656 ἐπέκειτο
1092 1603 1124 1672 ἡ
1157 1599 1357 1672 νομικὴ
1385 1595 1721 1663 δικαιοσύνη,
1771 1593 1840 1646 τὰ
1896 1593 1974 1646 δι-

405 1694 696 1763 καιώματα
717 1693 811 1746 τοῦ
843 1695 1030 1762 νόμου.

2152 773 2318 829 Vsus.
2368 775 2452 829 18.
2496 776 2775 846 Castigans
2819 778 3093 846 castigavit
3145 793 3224 831 me
3264 775 3547 839 Dominus,
3597 787 3647 829 et

2081 867 2238 919 morti
2265 882 2367 920 non
2399 867 2624 921 tradidit
2662 885 2759 922 me.
2807 867 3110 938 Cas-ligavit
3165 876 3373 934 autem,
3416 869 3541 923 dum
3593 869 3648 922 in

2079 958 2262 1032 varias
2310 973 2395 1012 me
2447 959 2694 1026 permisit
2742 961 3085 1016 calamitates
3131 960 3397 1024 incidere,
3447 976 3508 1015 ea
3558 962 3647 1015 ni-

2080 1049 2275 1102 mirum
2316 1049 2544 1112 ratione,
2571 1061 2628 1104 ιιι
2675 1051 3044 1119 periculorum
3081 1060 3245 1122 atque
3290 1051 3646 1107 atilictionum

2078 1136 2297 1205 timore,
2333 1139 2400 1194 de
2438 1147 2636 1195 caetero
2674 1143 2868 1194 melior
2895 1157 2958 1196 ac
2988 1143 3313 1212 prudentior
3347 1145 3494 1198 tiam.
3536 1141 3649 1198 Nec

2074 1233 2254 1278 tamen
2293 1228 2541 1295 permisit
2573 1244 2659 1283 me
2688 1231 2854 1297 mori,
2909 1231 3161 1301 quiuimo
3202 1233 3458 1302 eripuita
3507 1234 3652 1300 peri-

2071 1317 2231 1380 culis,
2267 1332 2330 1370 ea
2389 1320 2601 1374 ratione
2646 1329 2703 1372 ut
2746 1324 2889 1376 vires
2933 1339 3062 1378 suas
3109 1331 3164 1379 et
3204 1325 3450 1380 studium
3483 1341 3645 1380 suum

2072 1421 2201 1476 erga
2233 1423 2320 1462 me
2345 1409 2684 1474 ostenderet,
2720 1420 2779 1466 ut
2815 1413 3054 1469 diximus

2150 1495 2312 1551 Vsus.
2352 1499 2436 1551 19.
2474 1500 2685 1566 Aperite
2716 1502 2843 1554 mihi
2869 1515 3057 1571 portas
3073 1505 3325 1574 justitia'.
3363 1506 3647 1563 Taberna.

2074 1587 2182 1642 culi
2212 1599 2420 1656 portas,
2459 1591 2550 1643 ubi
2580 1590 2772 1661 legalis
2800 1592 3024 1660 jacebat
3075 1594 3319 1664 iustitia,
3370 1599 3646 1668 iustiﬁca-

2079 1681 2254 1735 tiones
2285 1682 2495 1736 scilicet
2526 1684 2682 1754 legis.

475 1786 784 1842 Εἰσελθὼν
811 1788 879 1840 ἐν
895 1785 1103 1851 αὐταῖς
1113 1783 1630 1854 ἐξομολογήσομαι
1654 1780 1736 1848 τῷ
1754 1782 1972 1850 Κυρίῳ.

2150 1772 2427 1844 Ingressus
2456 1776 2508 1828 in
2523 1791 2612 1829 eas
2633 1779 2920 1845 conﬁtebor
2944 1780 3187 1836 Domino.
3207 1781 3647 1852 lutroingressus

406 1878 676 1932 Εἰσελθὼν
735 1878 882 1932 ἔνδον
944 1878 1126 1933 αὐτῶν
1191 1879 1574 1948 εύχαριστήσω
1637 1877 1714 1946 τῷ
1755 1877 1967 1947 Κυρίῳ,

407 1971 763 2040 ύμνολογήσω
820 1971 1007 2034 αὑτὸν,
1039 1970 1114 2034 ὡς
1170 1969 1610 2039 ἐπηγγειλάμην.
1649 1968 1884 2040 Νοήσεις
1914 1968 1970 2020 δὲ

408 2065 580 2127 πύλας
639 2065 1012 2135 δικαιοσύνης,
1065 2064 1161 2118 καὶ
1217 2065 1315 2127 τὰς
1360 2064 1467 2117 τῶν
1497 2063 1758 2134 ἀνωτέρω
1789 2063 1972 2134 ῥηθεῖ-

409 2157 516 2207 σῶν
557 2156 773 2225 σκηνῶν
802 2156 1053 2222 δικαίων,
1083 2155 1175 2208 καὶ
1205 2155 1305 2218 τὰς
1353 2155 1461 2208 τῶν
1512 2153 1792 2223 πανταχοῦ
1845 2153 1970 2204 Ἐκ·-

407 2246 671 2312 κλησιῶν,
715 2248 771 2299 ὲν
803 2244 891 2310 αἷς
922 2247 1017 2300 καὶ
1053 2245 1394 2316 δικαιοσύνη,
1447 2245 1542 2298 καὶ
1607 2245 1756 2298 πᾶσα
1803 2242 1970 2314 ἀρετὴ

406 2339 771 2404 πολιτεύεται,
799 2332 875 2394 ὧν
917 2338 1064 2392 ἔνδον
1094 2339 1388 2407 γενόμενος
1437 2337 1524 2390 διὰ
1569 2336 1679 2390 τῶν
1737 2335 1970 2405 ψαλμῶν

405 2431 897 2501 ἀντευχαριστήσει
935 2431 1013 2500 τῷ
1040 2428 1246 2500 Κυρίῳ.

477 2603 639 2669 Αὕτη
672 2604 708 2670 ἠ
765 2603 932 2669 πύλη
980 2603 1086 2657 τοῦ
1128 2602 1375 2670 Κυρίου,
1423 2601 1640 2654 δίκαιοι
1697 2599 1972 2653 είσελεύο

405 2708 618 2746 cornu
654 2695 723 2746 ἐν
744 2692 917 2762 αὐτῇ.
949 2695 1108 2747 Δοκεῖ
1137 2711 1227 2762 μοι
1271 2693 1369 2764 τὴν
1397 2691 1589 2761 στενὴν
1621 2692 1823 2760 λέγειν,
1843 2692 1972 2761 περὶ

405 2780 472 2854 ἦς
505 2786 724 2856 εἴρηκεν
756 2786 782 2837 ὁ
819 2785 1051 2855 Χριστὸς
1090 2787 1149 2838 ὲν
1177 2787 1288 2848 τοῖς
1312 2784 1696 2852 Εὑαγγελὶοις’
1755 2782 1972 2837 Είσέλ-

407 2880 537 2930 θετε
563 2876 660 2929 διὰ
689 2878 796 2944 τῆς
823 2874 1048 2945 στενῆς
1065 2876 1268 2943 πύλης
1292 2891 1305 2906 ·
1345 2875 1423 2928 διὸ
1452 2877 1543 2928 καὶ
1573 2874 1809 2945 προϊδὼν
1870 2875 1971 2926 αύ-

408 2967 504 3038 τὴν
528 2963 682 3030 οὗτος
714 2969 972 3039 ὲϐὁησινο
1009 2966 1162 3038 Αὕτη
1200 2972 1232 3037 ἡ
1259 2968 1403 3038 πύλη
1432 2967 1528 3021 τοῦ
1563 2967 1790 3039 Κυρίου,
1842 2968 1972 3037 περὶ

409 3053 470 3128 ἧς
497 3058 524 3108 ὁ
552 3058 754 3128 Κύριος
797 3059 1005 3128 Ἰησους
1036 3060 1270 3129 Χριστὲς
1317 3058 1538 3125 διδάξει,
1564 3060 1594 3128 ἡ
1619 3057 1972 3130 πρὸςΚύριον
1998 3092 2042 3151 c

407 3150 637 3215 ἄγουσα.
676 3147 809 3204 Εῐτα
839 3152 1169 3224 προσέθηκε,
1192 3153 1400 3205 Δίκαιοι
1452 3151 1852 3205 εἰσελεύσονται
1915 3153 1972 3204 ὲν

408 3245 573 3313 αὐτῇ,
605 3244 725 3313 ἦτοι
762 3243 829 3296 δι’
857 3245 1048 3313 αὐτῆς.
1107 3245 1218 3297 Καὶ
1253 3245 1360 3315 γὰρ
1418 3245 1445 3297 ὁ
1491 3245 1727 3315 Χριστὸς
1779 3240 1967 3296 εἶπεν·

405 3338 489 3390 ὅτι
530 3337 742 3406 Ὀλίγοι
767 3338 925 3391 εἰσὶν
953 3341 1006 3392 ot
1033 3335 1661 3422 εὐρίσκοντεςῃαὺτήν.

482 3603 586 3657 Καὶ
619 3599 1138 3670 ἐξομολογήσομαί
1183 3615 1302 3664 σοι,
1334 3597 1422 3650 ὅτι
1447 3596 1797 3663 ἐπήκουσας
1830 3612 1970 3663 μου,

411 3695 510 3749 καὶ
537 3696 748 3764 ἐγένου
778 3712 880 3763 μοι
912 3694 999 3758 είς
1055 3691 1378 3759 σωτηρίαν.
1405 3691 1574 3744 Πάλιν
1620 3690 1971 3758 εὐχαριστεῖν

413 3793 811 3860 ἐπαγγέλλεται
858 3791 938 3856 τῷ
969 3788 1206 3858 Σωτῆρι.

483 3884 684 3944 Λίθον,
739 3880 810 3933 ὃν
873 3877 1326 3946 ἀπεδοκίμασαν
1383 3877 1440 3929 οι
1495 3873 1972 3943 οἰκοδομοῦντες,

409 3968 482 4025 οὗ
493 3989 588 4037 τος
611 3970 866 4038 ἐγενήθη
892 3970 980 4034 είς
1001 3966 1279 4036 κεφαλὴν
1301 3965 1538 4035 γωνίας.
1568 3964 1740 4029 Τοῦτο
1763 3981 1976 4034 προφη-

409 4063 530 4114 τεία
563 4062 690 4132 περὶ
719 4061 813 4113 τοῦ
845 4058 1086 4130 Χριστοῦ
1113 4074 1126 4088 ·
1157 4058 1218 4109 τὸ
1248 4056 1464 4124 συνεχὲς
1522 4054 1630 4126 γὰρ
1663 4054 1759 4108 τοῦ
1813 4055 1973 4122 λόγου

410 4150 792 4203 διακόπτουσιν
817 4151 872 4201 ὲν
894 4148 1108 4210 πολλοῖς
1150 4146 1204 4199 αἱ
1241 4147 1592 4214 προφητεῖαι,
1623 4143 1712 4197 διὰ
1761 4144 1820 4196 τὸ
1863 4146 1976 4197 δεῖν

412 4243 582 4304 αὐτας
610 4241 1002 4305 συσκιάξεσθαι
1031 4239 1190 4303 τέως,
1252 4239 1339 4290 ἵνα
1377 4238 1451 4306 μὴ
1521 4238 1616 4289 καὶ
1678 4237 1749 4288 τὰ
1795 4236 1976 4306 βιϐλία

412 4335 564 4405 παρὰ
593 4335 701 4387 τῶν
721 4333 929 4403 ἐχθρῶν
960 4329 1344 4397 ὲξαλειφῗῶσι.
1401 4329 1508 4380 Καὶ
1557 4329 1978 4398 οἰκοδομοῦντας

2076 1865 2132 1920 in
2175 1881 2288 1930 eas,
2341 1866 2537 1936 inquit,
2579 1882 2732 1935 agam
2767 1872 2970 1936 gratius
3019 1872 3252 1928 Domino
3296 1885 3349 1928 et
3412 1875 3648 1929 laudabo

2074 1974 2221 2022 eum,
2254 1959 2418 2014 sicuti
2448 1960 2728 2028 pollicitus
2756 1976 2900 2015 smn.
2947 1961 3049 2015 Per
3086 1973 3272 2032 portas
3317 1974 3499 2020 autem
3553 1967 3646 2035 ju-

2073 2051 2258 2115 stitize,
2301 2051 2666 2116 tabernaculi,
2721 2061 2777 2106 ut
2828 2052 3089 2122 diximus,
3142 2065 3330 2125 portas
3381 2057 3643 2128 intelligo,

2075 2156 2172 2196 seu
2217 2140 2610 2205 Ecclesiarum,
2655 2157 2776 2212 quae
2825 2145 3029 2212 ubique
3086 2146 3334 2202 locorum
3385 2157 3536 2212 sunt,
3589 2148 3644 2202 in

2075 2231 2508 2301 quibusjustitia
2545 2247 2652 2286 una
2675 2249 2796 2287 cum
2833 2235 3060 2304 reliquis
3084 2237 3381 2294 virtutibus
3422 2240 3643 2304 colitur,

2074 2332 2127 2379 et
2161 2325 2307 2378 intra
2337 2340 2474 2394 quas
2501 2325 2696 2380 beatus
2730 2325 2896 2381 David
2926 2329 3233 2398 ingressus,
3273 2347 3366 2402 per
3402 2333 3643 2402 psalmos

2073 2429 2208 2470 suos
2239 2415 2538 2484 condignas
2574 2430 2673 2485 pro
2716 2419 2886 2473 tantis
2922 2419 3203 2477 beneﬁciis
3247 2421 3482 2478 Domino
3518 2439 3646 2494 gra-

2077 2508 2179 2561 tias
2215 2506 2345 2577 agit.

2149 2597 2411 2654 “133.20.
2433 2599 2561 2655 Ηωο
2573 2612 2727 2671 porta
2747 2602 2961 2657 Domini
2969 2645 2982 2668 ,
2989 2605 3127 2674 justi
3149 2607 3422 2661 intrabunt
3441 2608 3492 2662 in
3505 2624 3644 2662 eam.

2077 2687 2302 2745 Videtur
2333 2693 2467 2746 mihi
2500 2693 2792 2763 Propheta,
2827 2706 3036 2749 arctam
3073 2698 3222 2752 illam
3261 2709 3426 2768 atque
3466 2716 3642 2770 angu-

2078 2789 2216 2836 stam
2252 2797 2463 2851 portam
2518 2785 2758 2853 signare,
2802 2787 2868 2840 de
2899 2801 3007 2854 qua
3049 2787 3309 2844 Dominus
3358 2790 3412 2842 iu
3465 2790 3647 2844 Even-

2075 2873 2230 2940 geliis
2267 2872 2342 2927 ait
2387 2890 2402 2927 :
2441 2873 2651 2928 Intrate
2695 2891 2787 2942 per
2839 2887 3122 2945 angustam
3151 2889 3359 2946 portam
3380 2879 3445 2935 ".
3493 2879 3644 2935 Hanc

2075 2963 2276 3016 etenim
2309 2963 2644 3032 prOpheticis
2683 2966 2862 3020 oculis
2918 2981 3154 3022 cernens
3206 2967 3402 3023 beatus
3453 2968 3644 3033 David,

2076 3055 2293 3117 Clamat,
2333 3055 2568 3108 dicens:
2612 3056 2735 3111 Haec
2766 3066 2848 3128 est
2876 3065 3033 3125 porta
3082 3056 3338 3117 Domini;
3396 3059 3512 3114 base
3555 3074 3645 3116 est

2077 3146 2164 3198 illa
2199 3151 2378 3213 porta,
2426 3145 2492 3201 de
2529 3161 2634 3214 qua
2666 3145 2929 3202 Dominus
2959 3145 3118 3203 Jesus
3148 3147 3401 3205 Christus
3426 3150 3640 3205 docebit

2077 3250 2209 3300 vos;
2247 3235 2352 3300 vel,
2393 3236 2483 3290 illa
2527 3246 2704 3305 porta,
2760 3253 2881 3306 qua:
2919 3237 2985 3292 ad
3034 3237 3314 3294 Christum
3351 3240 3554 3309 .ducit;
3591 3252 3644 3297 et

2076 3325 2274 3380 deinde
2299 3325 2511 3381 addidit
2541 3327 2684 3397 quod
2710 3327 2847 3396 justi
2875 3337 3082 3383 tantum
3114 3330 3399 3386 intrabunt
3419 3333 3471 3386 iu
3498 3349 3640 3395 eam,

2078 3419 2182 3473 hoc
2217 3429 2317 3485 est,
2352 3435 2444 3488 per
2476 3435 2618 3474 eam.
2650 3419 3016 3486 Quamobrem
3048 3423 3160 3491 ipse
3190 3424 3351 3478 etiam
3382 3423 3644 3481 Christus

2077 3510 2234 3574 dixit,
2260 3511 2400 3579 quod
2422 3513 2578 3579 pauci
2600 3522 2740 3574 sunt,
2776 3513 2865 3581 qui
2907 3514 3176 3566 inveniunt
3203 3531 3320 3567 eam
3343 3517 3409 3571 ".

2147 3601 2314 3656 Vsus.
2347 3603 2438 3656 21.
2468 3601 2792 3669 Conﬁtebor,
2819 3604 2946 3667 quia
2970 3605 3238 3658 exaudiui
3263 3622 3362 3670 me,
3391 3617 3442 3660 et
3471 3608 3646 3676 factus

2076 3708 2129 3745 es
2167 3693 2293 3744 mihi
2335 3693 2388 3745 in
2439 3692 2688 3746 salutem.
2737 3692 2958 3748 Rursus
3003 3694 3290 3763 pollicetur
3329 3711 3390 3750 se
3439 3701 3646 3766 gratias

2080 3790 2332 3836 acturum
2361 3783 2492 3837 Deo.

2150 3873 2312 3930 Vens.
2362 3875 2453 3928 2'2.
2515 3873 2764 3942 Lapidem
2816 3892 2966 3945 quem
3022 3878 3430 3944 reprobauerunt
3463 3880 3624 3950 {aedi/1
3641 3915 3652 3925 -

2081 3977 2284 4031 cnutes,
2341 3966 2424 4020 hic
2487 3967 2661 4037 factus
2713 3977 2788 4020 est
2841 3970 2895 4021 in
2951 3980 3108 4036 caput
3150 3970 3355 4039 anguli.
3396 3970 3523 4026 Haec
3565 3982 3651 4028 est

2078 4060 2240 4112 etiam
2276 4059 2581 4128 prophetia,
2615 4074 2736 4128 quae
2765 4061 2832 4112 ad
2869 4058 3148 4112 Christum
3195 4061 3450 4128 pertinet.
3515 4062 3649 4115 Ani-

2081 4150 2525 4205 niadvertemlum
2576 4165 2706 4206 vero
2759 4160 2873 4214 est,
2931 4151 3227 4220 pr0pltetas
3257 4166 3496 4221 perswpe
3535 4169 3652 4208 ser-

2081 4257 2295 4294 monem
2322 4242 2594 4309 inceptum
2618 4238 2947 4294 intercidere
2977 4257 2993 4293 :
3025 4255 3087 4294 ea
3118 4239 3378 4294 nimirum
3409 4242 3646 4306 ratione,

2086 4345 2145 4385 nt
2191 4334 2319 4400 ipsa:
2375 4332 2690 4402 prophetiae,
2748 4331 2936 4384 umbra
2982 4330 3218 4400 quadam
3272 4345 3336 4385 ac
3381 4334 3652 4388 velamine

421 4427 518 4495 μὲν
563 4426 709 4490 λέγει
739 4426 862 4485 τοῦς
900 4424 1200 4492 ἀρχιερεῖς,
1265 4422 1392 4483 τοὺς
1443 4415 1819 4492 γραμματεῖς,
1853 4421 1978 4482 τοὺς

2087 4425 2437 4490 i-btegantur,
2461 4437 2526 4475 ne
2559 4424 2603 4475 si
2636 4422 2878 4491 apertius
2929 4423 3302 4485 traderentur,
3344 4426 3523 4494 majus
3556 4442 3648 4482 sa-

411 4516 759 4576 διδασκάλους
789 4513 894 4564 τῶν
939 4511 1227 4575 Ἰουδαίων,
1281 4510 1356 4573 ὡς
1415 4510 1974 4581 προκεχειρισμένους

416 4605 718 4670 οἰκοδομεῖν
745 4604 837 4654 καὶ
867 4601 1220 4672 καταρτίζειν
1241 4608 1329 4654 τον
1350 4601 1499 4666 λαὸν,
1530 4602 1622 4654 ἐπὶ
1648 4601 1724 4670 τῷ
1745 4600 1980 4670 θεμελίῳ

414 4697 507 4747 τοῦ
534 4695 698 4764 νόμου
723 4710 736 4724 ·
769 4694 916 4745 λίθον
951 4693 1005 4744 δὲ
1041 4691 1548 4760 ἁποδοκιμασθέντα
1582 4691 1675 4744 τὸν
1708 4691 1942 4759 Χριστόν
1963 4705 1978 4719 ο

416 4788 563 4839 λίθον
592 4787 711 4853 μὲν,
731 4785 818 4838 διὰ
839 4785 897 4835 τὸ
919 4785 1164 4854 στερρὸν,
1186 4785 1276 4836 καὶ
1295 4782 1573 4834 ἀνένδοτον
1590 4781 1727 4851 πρὸς
1747 4782 1978 4848 κακίανκ·

425 4878 742 4946 Ἀμαρτίαν
772 4876 900 4942 γὰρ,
937 4874 1123 4944 φησὶν,
1149 4877 1259 4928 οὐκ
1277 4874 1596 4936 ἐποίησεν
1632 4873 1984 4942 Ἀπεδοκίμα-

412 4986 512 5022 σαν
541 4967 596 5019 δὲ
619 4968 802 5028 αὑτὸν,
822 4966 891 5024 ὡς
904 4966 1198 5034 ἄχρηστον,
1225 4967 1304 5025 εἰς
1320 4965 1609 5034 οἰκοδομήν
1629 4979 1643 4994 °
1671 4965 1856 5032 ἔλεγον
1874 4965 1984 5034 γὰρ

411 5059 516 5122 ὃτι,
535 5057 902 5125 Σαμαρείτης
939 5053 992 5108 εἷ
1021 5056 1100 5108 σύ
1127 5069 1141 5084 ⁸
1166 5057 1259 5108 καὶ
1289 5054 1390 5116 ὅτι,
1412 5050 1600 5120 Θῦτος
1629 5057 1661 5108 ὁ
1683 5054 1984 5121 ἄνθρωπος

412 5151 523 5202 οὐκ
584 5148 755 5202 ἐστιν
821 5147 891 5200 ἐκ
935 5147 1042 5200 τοῦ
1101 5146 1285 5208 Θεοῦ,
1319 5145 1578 5199 -ἀλλὰ
1629 5144 1834 5214 πλανᾷ
1877 5149 1984 5200 τὸν

413 5241 620 5308 ὄχλον.
646 5239 789 5292 Ἀλλ’
820 5239 968 5308 ὅμως
995 5232 1147 5300 οὗτος
1171 5238 1201 5290 ὀ
1251 5239 1381 5298 παρ’
1420 5237 1600 5289 αὐτῶν
1645 5238 1982 5307 ἀποδοκιμα-

417 5332 566 5396 σθεὶς
588 5331 758 5394 οὕτως
781 5332 954 5400 ἐφάνη
972 5329 1212 5399 δοκιμος,
1241 5327 1314 5391 ὡς
1341 5329 1596 5396 γενέσθαι
1625 5330 1704 5392 είς
1736 5329 1979 5400 κεφαλὴν

412 5422 640 5491 γωνίας,
678 5424 868 5492 ἢγουν,
904 5420 978 5482 ὠς
1005 5421 1423 5488 ἀκρογωνιαῐος.
1452 5423 1526 5474 Οὐ
1581 5422 1688 5484 πᾶς
1720 5422 1775 5474 δὲ
1833 5423 1980 5486 λίθος

412 5515 627 5584 γίνεται
655 5516 1070 5584 ἀκρογωνιαῖος,
1090 5513 1203 5566 ἀλλ’
1225 5514 1252 5566 ὀ
1283 5514 1390 5566 τῶν
1413 5514 1548 5568 ὅλων
1576 5513 1967 5586 δοκιμώτερος,

2090 4513 2199 4567 eris
2232 4511 2413 4566 Libris
2443 4513 2750 4567 immineret
2789 4512 2858 4566 ab
2903 4511 3144 4567 inimicis
3182 4514 3512 4582 periculum.
3551 4516 3651 4572 De-

2091 4605 2265 4656 lrrcnt
2305 4605 2449 4657 enim
2481 4619 2577 4660 eos
2625 4619 2812 4658 omnes
2857 4603 3131 4660 fortassis.
3169 4606 3275 4661 Per
3321 4608 3651 4665 aediﬁcantes

2092 4701 2295 4758 autem,
2327 4692 2669 4747 sacerdotum
2702 4695 2973 4763 principes
3020 4696 3271 4766 intelligit
3327 4712 3394 4753 ac
3438 4701 3651 4756 scribas

2090 4793 2143 4836 et
2171 4785 2420 4838 doctores
2446 4783 2785 4849 Judzeorum,
2813 4787 3018 4856 quibus
3057 4804 3189 4844 cura
3219 4793 3513 4849 commissa
3539 4793 3654 4848 fue-

2093 4883 2173 4927 rat
2227 4875 2528 4929 aediticandi
2588 4885 2659 4930 et-
2715 4877 3030 4945 perﬁciendi
3081 4880 3336 4950 populum
3371 4883 3424 4937 in
3455 4883 3653 4938 funda-

2089 4975 2274 5018 mento
2321 4967 2479 5035 legis.
2533 4965 2696 5036 Lapis
2730 4982 2862 5022 vero
2913 4971 3260 5040 reprobatus,
3319 4972 3440 5027 sine
3486 4973 3652 5027 dubio

2087 5058 2340 5113 Christus
2369 5069 2480 5125 est;
2519 5060 2654 5128 lapis
2676 5060 2898 5129 quidem
2930 5062 3001 5117 ob
3033 5078 3301 5118 summam
3320 5063 3651 5118 soliditatem

2087 5165 2150 5202 ac
2181 5152 2546 5205 constantiam
2602 5151 2864 5207 adversus
2922 5154 3105 5207 omnia
3153 5153 3330 5207 vitia:
3365 5153 3647 5208 Peccatum

2089 5243 2256 5306 enim,
2283 5244 2481 5312 inquit,
2512 5260 2613 5296 non
2645 5244 2770 5312 fecit
2791 5246 2873 5311 ";
2912 5247 3231 5312 reprobatus
3259 5262 3386 5300 vero
3417 5260 3486 5300 at)
3520 5246 3654 5300 aedi-

2092 5332 2406 5398 ﬁcantibus,
2447 5341 2506 5386 ut
2551 5333 2804 5389 inutilis:
2850 5335 2977 5403 quia
3031 5333 3202 5388 Judaei
3242 5334 3648 5390 Samaritanum

2091 5441 2213 5480 eum
2248 5425 2522 5493 dicebant,
2551 5435 2602 5480 et
2632 5427 2902 5496 negabant
2941 5441 3062 5480 eum
3099 5441 3224 5483 esse
3249 5445 3276 5481 a
3319 5427 3448 5483 Deo.
3477 5427 3652 5493 Quin-

2090 5521 2199 5575 imo
2251 5519 2431 5589 populi
2483 5518 2830 5575 seductorem
2869 5517 3234 5588 appellabant.
3267 5517 3466 5575 Verum
3519 5518 3658 5591 lapis

524 5701 570 5733 ι’
603 5700 793 5773 Matth.
832 5714 929 5761 vn,
969 5699 1090 5751 15.-
1133 5697 1341 5753 "Ibid.
1374 5700 1463 5754 H.
1540 5703 1633 5757 "1
1671 5703 1822 5761 Pctr.
1879 5718 1939 5769 ιι,
1988 5699 2082 5783 22.

703 5793 976 5854 PATROL.
1009 5792 1125 5852 Gn.
1153 5791 1460 5856 CXXVIII.

3107 5782 3186 5870 ιδ.
