  <div class='ocr_page' id='page_1' title='image "/cluster/home/n/w/nwhite01/storage/ocr_20150623/128/hvd.32044073502403/571.png"; bbox 0 0 4102 6206; ppageno 0'>
   <div class='ocr_carea' id='block_1_1' title="bbox 501 319 633 388">
    <p class='ocr_par' dir='ltr' id='par_1_1' title="bbox 501 319 633 388">
     <span class='ocr_line' id='line_1_1' title="bbox 501 319 633 388; baseline 0.008 -1"><span class='ocrx_word' id='word_1_1' title='bbox 501 319 633 388; x_wconf 81' lang='grc'><strong>1131</strong></span> 
     </span>
    </p>
   </div>
   <div class='ocr_carea' id='block_1_2' title="bbox 1747 295 2533 362">
    <p class='ocr_par' dir='ltr' id='par_1_2' title="bbox 1747 295 2533 362">
     <span class='ocr_line' id='line_1_2' title="bbox 1747 295 2533 362; baseline -0.011 0"><span class='ocrx_word' id='word_1_2' title='bbox 1747 298 2130 362; x_wconf 84' lang='lat' dir='ltr'><strong>EUTHYMII</strong></span> <span class='ocrx_word' id='word_1_3' title='bbox 2164 295 2533 357; x_wconf 84' lang='lat' dir='ltr'><strong>ZIGABENI</strong></span> 
     </span>
    </p>
   </div>
   <div class='ocr_carea' id='block_1_3' title="bbox 3620 290 3756 354">
    <p class='ocr_par' dir='ltr' id='par_1_3' title="bbox 3620 290 3756 354">
     <span class='ocr_line' id='line_1_3' title="bbox 3620 290 3756 354; baseline -0.022 -5"><span class='ocrx_word' id='word_1_4' title='bbox 3620 290 3756 354; x_wconf 67' lang='grc' dir='ltr'><strong>Πῖῖ</strong></span> 
     </span>
    </p>
   </div>
   <div class='ocr_carea' id='block_1_4' title="bbox 506 405 2088 510">
    <p class='ocr_par' dir='ltr' id='par_1_4' title="bbox 506 421 2072 510">
     <span class='ocr_line' id='line_1_4' title="bbox 506 421 2072 510; baseline -0.017 -11"><span class='ocrx_word' id='word_1_5' title='bbox 506 448 633 507; x_wconf 89' lang='lat' dir='ltr'><strong>iste,</strong></span> <span class='ocrx_word' id='word_1_6' title='bbox 668 438 760 510; x_wconf 98' lang='lat' dir='ltr'><strong>qui</strong></span> <span class='ocrx_word' id='word_1_7' title='bbox 811 435 878 489; x_wconf 85' lang='lat' dir='ltr'><strong>ab</strong></span> <span class='ocrx_word' id='word_1_8' title='bbox 928 433 1037 488; x_wconf 86' lang='lat' dir='ltr'><strong>illis</strong></span> <span class='ocrx_word' id='word_1_9' title='bbox 1071 428 1400 499; x_wconf 86' lang='lat' dir='ltr'><strong>reprobatus</strong></span> <span class='ocrx_word' id='word_1_10' title='bbox 1435 432 1540 489; x_wconf 75' lang='lat' dir='ltr'><strong>est,</strong></span> <span class='ocrx_word' id='word_1_11' title='bbox 1590 423 1663 475; x_wconf 87' lang='lat' dir='ltr'><strong>ita</strong></span> <span class='ocrx_word' id='word_1_12' title='bbox 1722 421 2072 491; x_wconf 77' lang='lat' dir='ltr'><strong>postmodum</strong></span> 
     </span>
    </p>
   </div>
   <div class='ocr_carea' id='block_1_5' title="bbox 2193 405 3757 510">
    <p class='ocr_par' dir='ltr' id='par_1_5' title="bbox 2193 405 3757 486">
     <span class='ocr_line' id='line_1_5' title="bbox 2193 405 3757 486; baseline -0.006 -17"><span class='ocrx_word' id='word_1_13' title='bbox 2193 416 2241 481; x_wconf 65' lang='lat' dir='ltr'><strong>ii</strong></span> <span class='ocrx_word' id='word_1_14' title='bbox 2270 414 2539 486; x_wconf 75' lang='grc' dir='ltr'><strong>ἑκατέρας</strong></span> <span class='ocrx_word' id='word_1_15' title='bbox 2560 409 2723 466; x_wconf 78' lang='grc' dir='ltr'>αὐτοῦ</span> <span class='ocrx_word' id='word_1_16' title='bbox 2744 410 2979 480; x_wconf 81' lang='grc' dir='ltr'>πλευρᾶς</span> <span class='ocrx_word' id='word_1_17' title='bbox 2996 408 3256 479; x_wconf 79' lang='grc' dir='ltr'>συνδῆσαι</span> <span class='ocrx_word' id='word_1_18' title='bbox 3273 409 3395 471; x_wconf 72' lang='grc' dir='ltr'>τοὺς</span> <span class='ocrx_word' id='word_1_19' title='bbox 3434 405 3528 461; x_wconf 88' lang='grc' dir='ltr'><strong>δύο</strong></span> <span class='ocrx_word' id='word_1_20' title='bbox 3548 407 3757 478; x_wconf 81' lang='grc' dir='ltr'>τοίχους</span> 
     </span>
    </p>
   </div>
   <div class='ocr_carea' id='block_1_6' title="bbox 503 510 2075 609">
    <p class='ocr_par' dir='ltr' id='par_1_6' title="bbox 503 510 2075 609">
     <span class='ocr_line' id='line_1_6' title="bbox 503 510 2075 609; baseline -0.018 -16"><span class='ocrx_word' id='word_1_21' title='bbox 503 537 831 609; x_wconf 80' lang='lat' dir='ltr'><strong>approbatus</strong></span> <span class='ocrx_word' id='word_1_22' title='bbox 862 527 988 593; x_wconf 77' lang='lat' dir='ltr'><strong>fuit,</strong></span> <span class='ocrx_word' id='word_1_23' title='bbox 1022 533 1081 579; x_wconf 93' lang='lat' dir='ltr'><strong>ut</strong></span> <span class='ocrx_word' id='word_1_24' title='bbox 1118 523 1301 577; x_wconf 84' lang='lat' dir='ltr'><strong>factus</strong></span> <span class='ocrx_word' id='word_1_25' title='bbox 1330 522 1401 575; x_wconf 86' lang='lat' dir='ltr'><strong>sit</strong></span> <span class='ocrx_word' id='word_1_26' title='bbox 1438 519 1492 573; x_wconf 88' lang='lat' dir='ltr'><strong>in</strong></span> <span class='ocrx_word' id='word_1_27' title='bbox 1526 523 1691 585; x_wconf 89' lang='lat' dir='ltr'><strong>caput</strong></span> <span class='ocrx_word' id='word_1_28' title='bbox 1742 512 1952 582; x_wconf 77' lang='lat' dir='ltr'><strong>anguli,</strong></span> <span class='ocrx_word' id='word_1_29' title='bbox 1985 510 2075 566; x_wconf 78' lang='lat' dir='ltr'><strong>el-</strong></span> 
     </span>
    </p>
   </div>
   <div class='ocr_carea' id='block_1_7' title="bbox 504 604 2079 685">
    <p class='ocr_par' dir='ltr' id='par_1_7' title="bbox 504 604 2079 685">
     <span class='ocr_line' id='line_1_7' title="bbox 504 604 2079 685; baseline -0.017 -1"><span class='ocrx_word' id='word_1_30' title='bbox 504 604 681 683; x_wconf 78' lang='lat' dir='ltr'><strong>leetus</strong></span> <span class='ocrx_word' id='word_1_31' title='bbox 705 622 968 677; x_wconf 86' lang='lat' dir='ltr'><strong>nimirum</strong></span> <span class='ocrx_word' id='word_1_32' title='bbox 1008 615 1291 685; x_wconf 89' lang='lat' dir='ltr'><strong>angularis</strong></span> <span class='ocrx_word' id='word_1_33' title='bbox 1313 612 1472 680; x_wconf 85' lang='lat' dir='ltr'><strong>lapis.</strong></span> <span class='ocrx_word' id='word_1_34' title='bbox 1507 608 1693 678; x_wconf 83' lang='lat' dir='ltr'><strong>Neque</strong></span> <span class='ocrx_word' id='word_1_35' title='bbox 1721 606 1865 661; x_wconf 90' lang='lat' dir='ltr'><strong>enim</strong></span> <span class='ocrx_word' id='word_1_36' title='bbox 1898 604 2079 660; x_wconf 91' lang='lat' dir='ltr'><strong>omnis</strong></span> 
     </span>
    </p>
   </div>
   <div class='ocr_carea' id='block_1_8' title="bbox 504 696 2079 788">
    <p class='ocr_par' dir='ltr' id='par_1_8' title="bbox 504 696 2079 788">
     <span class='ocr_line' id='line_1_8' title="bbox 504 696 2079 788; baseline -0.017 -15"><span class='ocrx_word' id='word_1_37' title='bbox 504 720 644 788; x_wconf 92' lang='lat' dir='ltr'><strong>lapis</strong></span> <span class='ocrx_word' id='word_1_38' title='bbox 674 728 797 769; x_wconf 88' lang='lat' dir='ltr'><strong>esse</strong></span> <span class='ocrx_word' id='word_1_39' title='bbox 825 717 1007 781; x_wconf 89' lang='lat' dir='ltr'><strong>potest</strong></span> <span class='ocrx_word' id='word_1_40' title='bbox 1054 703 1338 775; x_wconf 84' lang='lat' dir='ltr'><strong>angularis</strong></span> <span class='ocrx_word' id='word_1_41' title='bbox 1374 699 1532 769; x_wconf 82' lang='lat' dir='ltr'><strong>lapis,</strong></span> <span class='ocrx_word' id='word_1_42' title='bbox 1568 698 1659 753; x_wconf 92' lang='lat' dir='ltr'><strong>sed</strong></span> <span class='ocrx_word' id='word_1_43' title='bbox 1714 696 1804 750; x_wconf 90' lang='lat' dir='ltr'><strong>ille</strong></span> <span class='ocrx_word' id='word_1_44' title='bbox 1839 702 2079 757; x_wconf 90' lang='lat' dir='ltr'><strong>tantum,</strong></span> 
     </span>
    </p>
   </div>
   <div class='ocr_carea' id='block_1_9' title="bbox 504 789 2078 880">
    <p class='ocr_par' dir='ltr' id='par_1_9' title="bbox 504 789 2078 880">
     <span class='ocr_line' id='line_1_9' title="bbox 504 789 2078 880; baseline -0.017 -16"><span class='ocrx_word' id='word_1_45' title='bbox 504 812 593 880; x_wconf 88' lang='lat' dir='ltr'><strong>qui</strong></span> <span class='ocrx_word' id='word_1_46' title='bbox 629 807 752 861; x_wconf 85' lang='lat' dir='ltr'><strong>aliis</strong></span> <span class='ocrx_word' id='word_1_47' title='bbox 784 798 1125 875; x_wconf 82' lang='lat' dir='ltr'><strong>probabilior</strong></span> <span class='ocrx_word' id='word_1_48' title='bbox 1156 806 1260 860; x_wconf 89' lang='lat' dir='ltr'><strong>est,</strong></span> <span class='ocrx_word' id='word_1_49' title='bbox 1294 805 1348 849; x_wconf 91' lang='lat' dir='ltr'><strong>et</strong></span> <span class='ocrx_word' id='word_1_50' title='bbox 1380 808 1444 846; x_wconf 77' lang='lat' dir='ltr'><strong>ex</strong></span> <span class='ocrx_word' id='word_1_51' title='bbox 1480 802 1718 860; x_wconf 90' lang='lat' dir='ltr'><strong>utroque</strong></span> <span class='ocrx_word' id='word_1_52' title='bbox 1767 789 1943 843; x_wconf 92' lang='lat' dir='ltr'><strong>latere</strong></span> <span class='ocrx_word' id='word_1_53' title='bbox 1980 802 2078 856; x_wconf 83' lang='lat' dir='ltr'><strong>po-</strong></span> 
     </span>
    </p>
   </div>
   <div class='ocr_carea' id='block_1_10' title="bbox 503 880 2077 962">
    <p class='ocr_par' dir='ltr' id='par_1_10' title="bbox 503 880 2077 962">
     <span class='ocr_line' id='line_1_10' title="bbox 503 880 2077 962; baseline -0.014 -10"><span class='ocrx_word' id='word_1_54' title='bbox 503 909 609 955; x_wconf 83' lang='lat' dir='ltr'><strong>test</strong></span> <span class='ocrx_word' id='word_1_55' title='bbox 664 900 717 952; x_wconf 93' lang='lat' dir='ltr'><strong>in</strong></span> <span class='ocrx_word' id='word_1_56' title='bbox 766 909 935 950; x_wconf 91' lang='lat' dir='ltr'><strong>unum</strong></span> <span class='ocrx_word' id='word_1_57' title='bbox 989 892 1251 962; x_wconf 84' lang='lat' dir='ltr'><strong>angulum</strong></span> <span class='ocrx_word' id='word_1_58' title='bbox 1303 886 1447 942; x_wconf 89' lang='lat' dir='ltr'><strong>duos</strong></span> <span class='ocrx_word' id='word_1_59' title='bbox 1499 883 1739 954; x_wconf 75' lang='lat' dir='ltr'><strong>parietes</strong></span> <span class='ocrx_word' id='word_1_60' title='bbox 1800 880 2077 949; x_wconf 78' lang='lat' dir='ltr'><strong>colligare.</strong></span> 
     </span>
    </p>
   </div>
   <div class='ocr_carea' id='block_1_11' title="bbox 501 972 2080 1049">
    <p class='ocr_par' dir='ltr' id='par_1_11' title="bbox 501 972 2080 1049">
     <span class='ocr_line' id='line_1_11' title="bbox 501 972 2080 1049; baseline -0.016 0"><span class='ocrx_word' id='word_1_61' title='bbox 501 994 755 1049; x_wconf 82' lang='lat' dir='ltr'><strong>Christus</strong></span> <span class='ocrx_word' id='word_1_62' title='bbox 790 1002 919 1044; x_wconf 87' lang='lat' dir='ltr'><strong>vero</strong></span> <span class='ocrx_word' id='word_1_63' title='bbox 949 985 1177 1042; x_wconf 78' lang='lat' dir='ltr'><strong>eﬂ&#39;ectus</strong></span> <span class='ocrx_word' id='word_1_64' title='bbox 1212 990 1299 1039; x_wconf 89' lang='lat' dir='ltr'><strong>est</strong></span> <span class='ocrx_word' id='word_1_65' title='bbox 1340 981 1481 1049; x_wconf 86' lang='lat' dir='ltr'><strong>lapis</strong></span> <span class='ocrx_word' id='word_1_66' title='bbox 1522 974 1826 1045; x_wconf 87' lang='lat' dir='ltr'><strong>angularis,</strong></span> <span class='ocrx_word' id='word_1_67' title='bbox 1860 972 1989 1042; x_wconf 91' lang='lat' dir='ltr'><strong>quia</strong></span> <span class='ocrx_word' id='word_1_68' title='bbox 2028 972 2080 1025; x_wconf 93' lang='lat' dir='ltr'><strong>in</strong></span> 
     </span>
    </p>
   </div>
   <div class='ocr_carea' id='block_1_12' title="bbox 502 1064 2078 1155">
    <p class='ocr_par' dir='ltr' id='par_1_12' title="bbox 502 1064 2078 1155">
     <span class='ocr_line' id='line_1_12' title="bbox 502 1064 2078 1155; baseline -0.015 -15"><span class='ocrx_word' id='word_1_69' title='bbox 502 1088 689 1155; x_wconf 85' lang='lat' dir='ltr'><strong>seipse</strong></span> <span class='ocrx_word' id='word_1_70' title='bbox 722 1085 862 1137; x_wconf 88' lang='lat' dir='ltr'><strong>duos</strong></span> <span class='ocrx_word' id='word_1_71' title='bbox 894 1079 1133 1151; x_wconf 83' lang='lat' dir='ltr'><strong>populos</strong></span> <span class='ocrx_word' id='word_1_72' title='bbox 1185 1076 1240 1129; x_wconf 91' lang='lat' dir='ltr'><strong>in</strong></span> <span class='ocrx_word' id='word_1_73' title='bbox 1302 1086 1469 1127; x_wconf 90' lang='lat' dir='ltr'><strong>unam</strong></span> <span class='ocrx_word' id='word_1_74' title='bbox 1520 1068 1681 1122; x_wconf 87' lang='lat' dir='ltr'><strong>ﬁdem</strong></span> <span class='ocrx_word' id='word_1_75' title='bbox 1738 1064 2078 1134; x_wconf 81' lang='lat' dir='ltr'><strong>conjunxit:</strong></span> 
     </span>
    </p>
   </div>
   <div class='ocr_carea' id='block_1_13' title="bbox 504 1155 2085 1239">
    <p class='ocr_par' dir='ltr' id='par_1_13' title="bbox 504 1155 2085 1239">
     <span class='ocr_line' id='line_1_13' title="bbox 504 1155 2085 1239; baseline -0.017 -5"><span class='ocrx_word' id='word_1_76' title='bbox 504 1180 713 1234; x_wconf 81' lang='lat' dir='ltr'><strong>ﬁdelem</strong></span> <span class='ocrx_word' id='word_1_77' title='bbox 767 1173 1025 1228; x_wconf 84' lang='lat' dir='ltr'><strong>nimirum</strong></span> <span class='ocrx_word' id='word_1_78' title='bbox 1079 1166 1339 1239; x_wconf 87' lang='lat' dir='ltr'><strong>pepulum</strong></span> <span class='ocrx_word' id='word_1_79' title='bbox 1390 1178 1456 1216; x_wconf 83' lang='lat' dir='ltr'><strong>ex</strong></span> <span class='ocrx_word' id='word_1_80' title='bbox 1511 1155 1959 1218; x_wconf 90' lang='lat' dir='ltr'><strong>circumcisione,</strong></span> <span class='ocrx_word' id='word_1_81' title='bbox 2028 1161 2085 1209; x_wconf 92' lang='lat' dir='ltr'><strong>et</strong></span> 
     </span>
    </p>
   </div>
   <div class='ocr_carea' id='block_1_14' title="bbox 507 1246 2083 1337">
    <p class='ocr_par' dir='ltr' id='par_1_14' title="bbox 507 1246 2083 1337">
     <span class='ocr_line' id='line_1_14' title="bbox 507 1246 2083 1337; baseline -0.016 -12"><span class='ocrx_word' id='word_1_82' title='bbox 507 1273 657 1325; x_wconf 90' lang='lat' dir='ltr'><strong>illum</strong></span> <span class='ocrx_word' id='word_1_83' title='bbox 690 1268 782 1337; x_wconf 87' lang='lat' dir='ltr'><strong>qui</strong></span> <span class='ocrx_word' id='word_1_84' title='bbox 816 1282 878 1320; x_wconf 79' lang='lat' dir='ltr'><strong>ex</strong></span> <span class='ocrx_word' id='word_1_85' title='bbox 910 1262 1185 1332; x_wconf 73' lang='lat' dir='ltr'><strong>gentibus.</strong></span> <span class='ocrx_word' id='word_1_86' title='bbox 1222 1257 1491 1322; x_wconf 86' lang='lat' dir='ltr'><strong>Quocirca</strong></span> <span class='ocrx_word' id='word_1_87' title='bbox 1558 1249 1835 1320; x_wconf 88' lang='lat' dir='ltr'><strong>apostolus</strong></span> <span class='ocrx_word' id='word_1_88' title='bbox 1882 1246 2083 1300; x_wconf 87' lang='lat' dir='ltr'><strong>Paulus</strong></span> 
     </span>
    </p>
   </div>
   <div class='ocr_carea' id='block_1_15' title="bbox 506 1338 2083 1425">
    <p class='ocr_par' dir='ltr' id='par_1_15' title="bbox 506 1338 2083 1425">
     <span class='ocr_line' id='line_1_15' title="bbox 506 1338 2083 1425; baseline -0.018 -7"><span class='ocrx_word' id='word_1_89' title='bbox 506 1364 573 1417; x_wconf 87' lang='lat' dir='ltr'><strong>de</strong></span> <span class='ocrx_word' id='word_1_90' title='bbox 595 1376 659 1417; x_wconf 92' lang='lat' dir='ltr'><strong>eo</strong></span> <span class='ocrx_word' id='word_1_91' title='bbox 686 1360 823 1413; x_wconf 76' lang='lat' dir='ltr'><strong>dixit</strong></span> <span class='ocrx_word' id='word_1_92' title='bbox 857 1374 870 1409; x_wconf 89' lang='lat'>:</span> <span class='ocrx_word' id='word_1_93' title='bbox 904 1353 1051 1425; x_wconf 92' lang='lat' dir='ltr'><strong>quod</strong></span> <span class='ocrx_word' id='word_1_94' title='bbox 1084 1350 1325 1406; x_wconf 74' lang='lat' dir='ltr'><strong>Christus</strong></span> <span class='ocrx_word' id='word_1_95' title='bbox 1367 1354 1443 1400; x_wconf 81' lang='lat' dir='ltr'><strong>est</strong></span> <span class='ocrx_word' id='word_1_96' title='bbox 1476 1357 1582 1411; x_wconf 76' lang='lat' dir='ltr'><strong>pax</strong></span> <span class='ocrx_word' id='word_1_97' title='bbox 1616 1350 1813 1402; x_wconf 78' lang='lat' dir='ltr'><strong>vestra,</strong></span> <span class='ocrx_word' id='word_1_98' title='bbox 1847 1340 1935 1407; x_wconf 85' lang='lat' dir='ltr'><strong>qui</strong></span> <span class='ocrx_word' id='word_1_99' title='bbox 1961 1338 2083 1405; x_wconf 75' lang='lat' dir='ltr'><strong>fecit</strong></span> 
     </span>
    </p>
   </div>
   <div class='ocr_carea' id='block_1_16' title="bbox 505 1432 2083 1520">
    <p class='ocr_par' dir='ltr' id='par_1_16' title="bbox 505 1432 2083 1520">
     <span class='ocr_line' id='line_1_16' title="bbox 505 1432 2083 1520; baseline -0.015 -12"><span class='ocrx_word' id='word_1_100' title='bbox 505 1470 570 1508; x_wconf 72' lang='lat' dir='ltr'><strong>ex</strong></span> <span class='ocrx_word' id='word_1_101' title='bbox 604 1464 820 1520; x_wconf 84' lang='lat' dir='ltr'><strong>utroque</strong></span> <span class='ocrx_word' id='word_1_102' title='bbox 846 1463 1009 1500; x_wconf 87' lang='lat' dir='ltr'><strong>unum</strong></span> <span class='ocrx_word' id='word_1_103' title='bbox 1031 1446 1101 1498; x_wconf 77' lang='lat'><strong>“.</strong></span> <span class='ocrx_word' id='word_1_104' title='bbox 1138 1442 1404 1495; x_wconf 62' lang='lat' dir='ltr'><strong>Praeterea</strong></span> <span class='ocrx_word' id='word_1_105' title='bbox 1448 1439 1567 1505; x_wconf 85' lang='lat' dir='ltr'><strong>ipse</strong></span> <span class='ocrx_word' id='word_1_106' title='bbox 1599 1434 1765 1487; x_wconf 88' lang='lat' dir='ltr'><strong>etiam</strong></span> <span class='ocrx_word' id='word_1_107' title='bbox 1821 1432 2083 1485; x_wconf 83' lang='lat' dir='ltr'><strong>Dominus</strong></span> 
     </span>
    </p>
   </div>
   <div class='ocr_carea' id='block_1_17' title="bbox 506 1526 2084 1600">
    <p class='ocr_par' dir='ltr' id='par_1_17' title="bbox 506 1526 2084 1600">
     <span class='ocr_line' id='line_1_17' title="bbox 506 1526 2084 1600; baseline -0.016 -1"><span class='ocrx_word' id='word_1_108' title='bbox 506 1545 572 1600; x_wconf 89' lang='lat' dir='ltr'><strong>ad</strong></span> <span class='ocrx_word' id='word_1_109' title='bbox 607 1543 830 1598; x_wconf 66' lang='lat' dir='ltr'><strong>Judatos</strong></span> <span class='ocrx_word' id='word_1_110' title='bbox 871 1536 1113 1599; x_wconf 84' lang='lat' dir='ltr'><strong>dicebat,</strong></span> <span class='ocrx_word' id='word_1_111' title='bbox 1144 1550 1204 1589; x_wconf 92' lang='lat' dir='ltr'><strong>se</strong></span> <span class='ocrx_word' id='word_1_112' title='bbox 1245 1532 1384 1584; x_wconf 78' lang='lat' dir='ltr'><strong>alios</strong></span> <span class='ocrx_word' id='word_1_113' title='bbox 1417 1544 1531 1582; x_wconf 83' lang='lat' dir='ltr'><strong>oves</strong></span> <span class='ocrx_word' id='word_1_114' title='bbox 1582 1526 1775 1578; x_wconf 86' lang='lat' dir='ltr'><strong>habere</strong></span> <span class='ocrx_word' id='word_1_115' title='bbox 1820 1538 1935 1593; x_wconf 77' lang='lat' dir='ltr'><strong>qua:</strong></span> <span class='ocrx_word' id='word_1_116' title='bbox 1982 1537 2084 1574; x_wconf 73' lang='lat' dir='ltr'><strong>non</strong></span> 
     </span>
    </p>
   </div>
   <div class='ocr_carea' id='block_1_18' title="bbox 507 1612 2083 1693">
    <p class='ocr_par' dir='ltr' id='par_1_18' title="bbox 507 1612 2083 1693">
     <span class='ocr_line' id='line_1_18' title="bbox 507 1612 2083 1693; baseline -0.015 -5"><span class='ocrx_word' id='word_1_117' title='bbox 507 1643 655 1688; x_wconf 80' lang='lat' dir='ltr'><strong>erant</strong></span> <span class='ocrx_word' id='word_1_118' title='bbox 687 1649 753 1687; x_wconf 77' lang='lat' dir='ltr'><strong>e1:</strong></span> <span class='ocrx_word' id='word_1_119' title='bbox 795 1632 887 1683; x_wconf 84' lang='lat' dir='ltr'><strong>illo</strong></span> <span class='ocrx_word' id='word_1_120' title='bbox 922 1628 1067 1689; x_wconf 81' lang='lat' dir='ltr'><strong>ovili,</strong></span> <span class='ocrx_word' id='word_1_121' title='bbox 1095 1635 1143 1679; x_wconf 89' lang='lat' dir='ltr'><strong>et</strong></span> <span class='ocrx_word' id='word_1_122' title='bbox 1178 1638 1308 1693; x_wconf 84' lang='lat' dir='ltr'><strong>quas</strong></span> <span class='ocrx_word' id='word_1_123' title='bbox 1345 1619 1539 1673; x_wconf 87' lang='lat' dir='ltr'><strong>adauci</strong></span> <span class='ocrx_word' id='word_1_124' title='bbox 1578 1617 1737 1671; x_wconf 86' lang='lat' dir='ltr'><strong>etiam</strong></span> <span class='ocrx_word' id='word_1_125' title='bbox 1783 1612 2083 1682; x_wconf 85' lang='lat' dir='ltr'><strong>oportebat.</strong></span> 
     </span>
    </p>
   </div>
   <div class='ocr_carea' id='block_1_19' title="bbox 2184 498 3756 575">
    <p class='ocr_par' dir='ltr' id='par_1_19' title="bbox 2184 498 3756 575">
     <span class='ocr_line' id='line_1_19' title="bbox 2184 498 3756 575; baseline -0.006 -15"><span class='ocrx_word' id='word_1_126' title='bbox 2184 510 2263 568; x_wconf 87' lang='grc' dir='ltr'>εἰς</span> <span class='ocrx_word' id='word_1_127' title='bbox 2296 506 2425 575; x_wconf 87' lang='grc' dir='ltr'>μίαν</span> <span class='ocrx_word' id='word_1_128' title='bbox 2448 502 2647 572; x_wconf 74' lang='grc' dir='ltr'>γωνίαν</span> <span class='ocrx_word' id='word_1_129' title='bbox 2686 499 3008 571; x_wconf 83' lang='grc' dir='ltr'>δυνάμενος.</span> <span class='ocrx_word' id='word_1_130' title='bbox 3044 500 3171 561; x_wconf 80' lang='grc' dir='ltr'><strong>Πῶς</strong></span> <span class='ocrx_word' id='word_1_131' title='bbox 3197 498 3253 553; x_wconf 83' lang='grc' dir='ltr'>δὲ</span> <span class='ocrx_word' id='word_1_132' title='bbox 3292 499 3319 550; x_wconf 81' lang='grc' dir='ltr'><strong>ὁ</strong></span> <span class='ocrx_word' id='word_1_133' title='bbox 3348 500 3583 568; x_wconf 81' lang='grc' dir='ltr'>Χριστὸς</span> <span class='ocrx_word' id='word_1_134' title='bbox 3633 500 3756 564; x_wconf 76' lang='grc' dir='ltr'><strong>ἐγέ-</strong></span> 
     </span>
    </p>
   </div>
   <div class='ocr_carea' id='block_1_20' title="bbox 2184 589 3761 667">
    <p class='ocr_par' dir='ltr' id='par_1_20' title="bbox 2184 589 3761 667">
     <span class='ocr_line' id='line_1_20' title="bbox 2184 589 3761 667; baseline -0.008 -14"><span class='ocrx_word' id='word_1_135' title='bbox 2184 615 2304 654; x_wconf 90' lang='grc' dir='ltr'>νετο</span> <span class='ocrx_word' id='word_1_136' title='bbox 2332 595 2775 667; x_wconf 78' lang='grc' dir='ltr'>ἁκρογωνιαίοςς</span> <span class='ocrx_word' id='word_1_137' title='bbox 2802 592 2876 656; x_wconf 87' lang='grc' dir='ltr'>ὡς</span> <span class='ocrx_word' id='word_1_138' title='bbox 2904 591 2988 660; x_wconf 80' lang='grc' dir='ltr'><strong>ἐφ’</strong></span> <span class='ocrx_word' id='word_1_139' title='bbox 3015 590 3209 644; x_wconf 84' lang='grc' dir='ltr'>ἑαυτοῦ</span> <span class='ocrx_word' id='word_1_140' title='bbox 3244 589 3488 658; x_wconf 78' lang='grc' dir='ltr'><strong>συνάψας</strong></span> <span class='ocrx_word' id='word_1_141' title='bbox 3514 589 3638 651; x_wconf 73' lang='grc' dir='ltr'>τοὺς</span> <span class='ocrx_word' id='word_1_142' title='bbox 3667 589 3761 641; x_wconf 65' lang='grc' dir='ltr'><strong>δίο</strong></span> 
     </span>
    </p>
   </div>
   <div class='ocr_carea' id='block_1_21' title="bbox 2183 680 3764 757">
    <p class='ocr_par' dir='ltr' id='par_1_21' title="bbox 2183 680 3764 757">
     <span class='ocr_line' id='line_1_21' title="bbox 2183 680 3764 757; baseline -0.006 -15"><span class='ocrx_word' id='word_1_143' title='bbox 2183 691 2344 752; x_wconf 82' lang='grc' dir='ltr'>λαοὺς</span> <span class='ocrx_word' id='word_1_144' title='bbox 2382 690 2459 752; x_wconf 83' lang='grc' dir='ltr'><strong>είς</strong></span> <span class='ocrx_word' id='word_1_145' title='bbox 2488 686 2615 757; x_wconf 84' lang='grc' dir='ltr'>μίαν</span> <span class='ocrx_word' id='word_1_146' title='bbox 2647 686 2830 737; x_wconf 86' lang='grc' dir='ltr'>πίστιν</span> <span class='ocrx_word' id='word_1_147' title='bbox 2861 700 2873 713; x_wconf 78' lang='grc'><strong><em>⁸</em></strong></span> <span class='ocrx_word' id='word_1_148' title='bbox 2907 683 2999 737; x_wconf 87' lang='grc' dir='ltr'><strong>τόν</strong></span> <span class='ocrx_word' id='word_1_149' title='bbox 3028 700 3086 736; x_wconf 85' lang='grc' dir='ltr'><strong>τε</strong></span> <span class='ocrx_word' id='word_1_150' title='bbox 3114 685 3177 735; x_wconf 81' lang='grc' dir='ltr'><strong>ἐκ</strong></span> <span class='ocrx_word' id='word_1_151' title='bbox 3205 684 3514 753; x_wconf 82' lang='grc' dir='ltr'>περιτομῆς</span> <span class='ocrx_word' id='word_1_152' title='bbox 3539 680 3764 733; x_wconf 73' lang='grc' dir='ltr'>πιστεύ-</span> 
     </span>
    </p>
   </div>
   <div class='ocr_carea' id='block_1_22' title="bbox 2187 774 3767 843">
    <p class='ocr_par' dir='ltr' id='par_1_22' title="bbox 2187 774 3767 843">
     <span class='ocr_line' id='line_1_22' title="bbox 2187 774 3767 843; baseline -0.007 -8"><span class='ocrx_word' id='word_1_153' title='bbox 2187 799 2358 837; x_wconf 86' lang='grc' dir='ltr'>σαντα</span> <span class='ocrx_word' id='word_1_154' title='bbox 2379 820 2393 843; x_wconf 92' lang='grc'><strong>,</strong></span> <span class='ocrx_word' id='word_1_155' title='bbox 2429 781 2524 832; x_wconf 69' lang='grc' dir='ltr'><strong>καὶ</strong></span> <span class='ocrx_word' id='word_1_156' title='bbox 2545 780 2634 831; x_wconf 84' lang='grc' dir='ltr'><strong>τδν</strong></span> <span class='ocrx_word' id='word_1_157' title='bbox 2659 777 2718 843; x_wconf 70' lang='grc' dir='ltr'>ἐξ</span> <span class='ocrx_word' id='word_1_158' title='bbox 2742 775 2934 830; x_wconf 76' lang='grc' dir='ltr'>ἐθνῶν.</span> <span class='ocrx_word' id='word_1_159' title='bbox 2965 775 3136 842; x_wconf 76' lang='grc' dir='ltr'>Φησὶν</span> <span class='ocrx_word' id='word_1_160' title='bbox 3188 776 3218 827; x_wconf 85' lang='grc' dir='ltr'>ὁ</span> <span class='ocrx_word' id='word_1_161' title='bbox 3266 774 3504 837; x_wconf 81' lang='grc' dir='ltr'><strong>Παῦλος,</strong></span> <span class='ocrx_word' id='word_1_162' title='bbox 3530 774 3611 827; x_wconf 77' lang='grc' dir='ltr'><strong>ὅτι</strong></span> <span class='ocrx_word' id='word_1_163' title='bbox 3639 774 3677 825; x_wconf 83' lang='grc' dir='ltr'><em>Α</em></span> <span class='ocrx_word' id='word_1_164' title='bbox 3699 775 3767 825; x_wconf 86' lang='grc' dir='ltr'><strong><em>ὑ-</em></strong></span> 
     </span>
    </p>
   </div>
   <div class='ocr_carea' id='block_1_23' title="bbox 2184 867 3765 941">
    <p class='ocr_par' dir='ltr' id='par_1_23' title="bbox 2184 867 3765 941">
     <span class='ocr_line' id='line_1_23' title="bbox 2184 867 3765 941; baseline -0.008 -12"><span class='ocrx_word' id='word_1_165' title='bbox 2184 877 2285 941; x_wconf 86' lang='grc' dir='ltr'><strong>τός</strong></span> <span class='ocrx_word' id='word_1_166' title='bbox 2311 872 2532 939; x_wconf 78' lang='grc' dir='ltr'>ἐστινὴ</span> <span class='ocrx_word' id='word_1_167' title='bbox 2554 868 2762 939; x_wconf 71' lang='grc' dir='ltr'>εἰρήνη</span> <span class='ocrx_word' id='word_1_168' title='bbox 2793 868 2984 938; x_wconf 73' lang='grc' dir='ltr'>ἡμῶν,</span> <span class='ocrx_word' id='word_1_169' title='bbox 3003 870 3035 922; x_wconf 85' lang='grc' dir='ltr'><strong>ό</strong></span> <span class='ocrx_word' id='word_1_170' title='bbox 3064 868 3328 936; x_wconf 75' lang='grc' dir='ltr'>ποιήσας</span> <span class='ocrx_word' id='word_1_171' title='bbox 3355 867 3428 920; x_wconf 83' lang='grc' dir='ltr'><strong>τὰ</strong></span> <span class='ocrx_word' id='word_1_172' title='bbox 3456 868 3765 935; x_wconf 70' lang='grc' dir='ltr'>ἀμφότερα</span> 
     </span>
    </p>
   </div>
   <div class='ocr_carea' id='block_1_24' title="bbox 2183 958 3761 1030">
    <p class='ocr_par' dir='ltr' id='par_1_24' title="bbox 2183 958 3761 1030">
     <span class='ocr_line' id='line_1_24' title="bbox 2183 958 3761 1030; baseline -0.007 -11"><span class='ocrx_word' id='word_1_173' title='bbox 2183 968 2273 1021; x_wconf 77' lang='grc' dir='ltr'><strong>ἓν.</strong></span> <span class='ocrx_word' id='word_1_174' title='bbox 2340 966 2456 1018; x_wconf 76' lang='grc' dir='ltr'><strong>Καὶ</strong></span> <span class='ocrx_word' id='word_1_175' title='bbox 2506 962 2669 1025; x_wconf 79' lang='grc' dir='ltr'>αὐτὸς</span> <span class='ocrx_word' id='word_1_176' title='bbox 2724 960 3098 1030; x_wconf 75' lang='grc' dir='ltr'>δὲὸΧριστὸς</span> <span class='ocrx_word' id='word_1_177' title='bbox 3165 959 3391 1029; x_wconf 74' lang='grc' dir='ltr'>εἴρηκε·</span> <span class='ocrx_word' id='word_1_178' title='bbox 3426 960 3539 1011; x_wconf 74' lang='grc' dir='ltr'><strong>Καὶ</strong></span> <span class='ocrx_word' id='word_1_179' title='bbox 3596 958 3761 1009; x_wconf 72' lang='grc' dir='ltr'>ἄλλα</span> 
     </span>
    </p>
   </div>
   <div class='ocr_carea' id='block_1_25' title="bbox 2184 1050 3762 1127">
    <p class='ocr_par' dir='ltr' id='par_1_25' title="bbox 2184 1050 3762 1127">
     <span class='ocr_line' id='line_1_25' title="bbox 2184 1050 3762 1127; baseline -0.006 -17"><span class='ocrx_word' id='word_1_180' title='bbox 2184 1059 2455 1127; x_wconf 71' lang='grc' dir='ltr'>πρόϐατα</span> <span class='ocrx_word' id='word_1_181' title='bbox 2483 1055 2623 1123; x_wconf 82' lang='grc' dir='ltr'>ἔχω,</span> <span class='ocrx_word' id='word_1_182' title='bbox 2649 1052 2687 1107; x_wconf 81' lang='grc' dir='ltr'>ἆ</span> <span class='ocrx_word' id='word_1_183' title='bbox 2715 1055 2827 1108; x_wconf 84' lang='grc' dir='ltr'>οὐκ</span> <span class='ocrx_word' id='word_1_184' title='bbox 2856 1053 3029 1127; x_wconf 76' lang='grc' dir='ltr'>ἐστιν</span> <span class='ocrx_word' id='word_1_185' title='bbox 3061 1052 3130 1105; x_wconf 78' lang='grc' dir='ltr'>ἐκ</span> <span class='ocrx_word' id='word_1_186' title='bbox 3163 1051 3275 1120; x_wconf 80' lang='grc' dir='ltr'>τῆς</span> <span class='ocrx_word' id='word_1_187' title='bbox 3305 1050 3501 1117; x_wconf 79' lang='grc' dir='ltr'>αὐλῆς</span> <span class='ocrx_word' id='word_1_188' title='bbox 3517 1051 3762 1113; x_wconf 79' lang='grc' dir='ltr'><strong>ταύτης·</strong></span> 
     </span>
    </p>
   </div>
   <div class='ocr_carea' id='block_1_26' title="bbox 2186 1124 3765 1215">
    <p class='ocr_par' dir='ltr' id='par_1_26' title="bbox 2186 1124 3765 1215">
     <span class='ocr_line' id='line_1_26' title="bbox 2186 1124 3765 1215; baseline -0.005 -15"><span class='ocrx_word' id='word_1_189' title='bbox 2186 1124 2414 1201; x_wconf 71' lang='grc' dir='ltr'>κάκεῖνά</span> <span class='ocrx_word' id='word_1_190' title='bbox 2440 1163 2530 1215; x_wconf 88' lang='grc' dir='ltr'><strong>μοι</strong></span> <span class='ocrx_word' id='word_1_191' title='bbox 2565 1144 2646 1197; x_wconf 75' lang='grc' dir='ltr'><strong>δεῖ</strong></span> <span class='ocrx_word' id='word_1_192' title='bbox 2679 1146 2930 1212; x_wconf 78' lang='grc' dir='ltr'>ἀγαγεῖν,</span> <span class='ocrx_word' id='word_1_193' title='bbox 2968 1124 3075 1197; x_wconf 67' lang='grc' dir='ltr'><strong>Καὶ</strong></span> <span class='ocrx_word' id='word_1_194' title='bbox 3118 1141 3437 1210; x_wconf 73' lang='grc' dir='ltr'>γενήσεται</span> <span class='ocrx_word' id='word_1_195' title='bbox 3465 1143 3574 1210; x_wconf 81' lang='grc' dir='ltr'><strong>μία</strong></span> <span class='ocrx_word' id='word_1_196' title='bbox 3622 1143 3765 1193; x_wconf 72' lang='grc' dir='ltr'>ποί-</span> 
     </span>
    </p>
   </div>
   <div class='ocr_carea' id='block_1_27' title="bbox 2182 1232 3770 1307">
    <p class='ocr_par' dir='ltr' id='par_1_27' title="bbox 2182 1232 3770 1307">
     <span class='ocr_line' id='line_1_27' title="bbox 2182 1232 3770 1307; baseline -0.004 -14"><span class='ocrx_word' id='word_1_197' title='bbox 2182 1256 2328 1307; x_wconf 83' lang='grc' dir='ltr'>μνη,</span> <span class='ocrx_word' id='word_1_198' title='bbox 2369 1232 2455 1303; x_wconf 80' lang='grc' dir='ltr'>εἷς</span> <span class='ocrx_word' id='word_1_199' title='bbox 2474 1234 2734 1304; x_wconf 79' lang='grc' dir='ltr'>ποιμήν·</span> <span class='ocrx_word' id='word_1_200' title='bbox 2766 1235 2800 1305; x_wconf 79' lang='grc' dir='ltr'>ἢ</span> <span class='ocrx_word' id='word_1_201' title='bbox 2830 1236 3037 1303; x_wconf 86' lang='grc' dir='ltr'>γωνίαν</span> <span class='ocrx_word' id='word_1_202' title='bbox 3081 1234 3228 1301; x_wconf 78' lang='grc' dir='ltr'>λέγει</span> <span class='ocrx_word' id='word_1_203' title='bbox 3275 1234 3376 1303; x_wconf 76' lang='grc' dir='ltr'><strong>τὴν</strong></span> <span class='ocrx_word' id='word_1_204' title='bbox 3432 1234 3770 1303; x_wconf 76' lang='grc' dir='ltr'><strong>Ἐκκλησίαν</strong></span> 
     </span>
    </p>
   </div>
   <div class='ocr_carea' id='block_1_28' title="bbox 2187 1328 3768 1402">
    <p class='ocr_par' dir='ltr' id='par_1_28' title="bbox 2187 1328 3768 1402">
     <span class='ocr_line' id='line_1_28' title="bbox 2187 1328 3768 1402; baseline -0.001 -19"><span class='ocrx_word' id='word_1_205' title='bbox 2187 1333 2293 1383; x_wconf 80' lang='grc' dir='ltr'>τῶν</span> <span class='ocrx_word' id='word_1_206' title='bbox 2320 1332 2549 1385; x_wconf 85' lang='grc' dir='ltr'>πιστῶν.</span> <span class='ocrx_word' id='word_1_207' title='bbox 2576 1333 2789 1402; x_wconf 83' lang='grc' dir='ltr'>Ὥσπερ</span> <span class='ocrx_word' id='word_1_208' title='bbox 2804 1331 2912 1401; x_wconf 90' lang='grc' dir='ltr'><strong>γάρ</strong></span> <span class='ocrx_word' id='word_1_209' title='bbox 2944 1331 2977 1400; x_wconf 89' lang='grc' dir='ltr'><strong>ἡ</strong></span> <span class='ocrx_word' id='word_1_210' title='bbox 3001 1331 3174 1397; x_wconf 82' lang='grc' dir='ltr'>γωνία</span> <span class='ocrx_word' id='word_1_211' title='bbox 3192 1330 3286 1384; x_wconf 81' lang='grc' dir='ltr'><strong>δύο</strong></span> <span class='ocrx_word' id='word_1_212' title='bbox 3311 1331 3506 1399; x_wconf 80' lang='grc' dir='ltr'><strong>τοίχων</strong></span> <span class='ocrx_word' id='word_1_213' title='bbox 3540 1328 3605 1382; x_wconf 80' lang='grc' dir='ltr'>δι’</span> <span class='ocrx_word' id='word_1_214' title='bbox 3637 1330 3768 1382; x_wconf 80' lang='grc' dir='ltr'>ἑαυ-</span> 
     </span>
    </p>
   </div>
   <div class='ocr_carea' id='block_1_29' title="bbox 2187 1420 3768 1493">
    <p class='ocr_par' dir='ltr' id='par_1_29' title="bbox 2187 1420 3768 1493">
     <span class='ocr_line' id='line_1_29' title="bbox 2187 1420 3768 1493; baseline -0.002 -18"><span class='ocrx_word' id='word_1_215' title='bbox 2187 1426 2285 1493; x_wconf 85' lang='grc' dir='ltr'>τῆς</span> <span class='ocrx_word' id='word_1_216' title='bbox 2316 1425 2557 1475; x_wconf 87' lang='grc' dir='ltr'>ποιεῖται</span> <span class='ocrx_word' id='word_1_217' title='bbox 2589 1425 2670 1486; x_wconf 78' lang='grc' dir='ltr'><strong>εἰς</strong></span> <span class='ocrx_word' id='word_1_218' title='bbox 2720 1424 2849 1493; x_wconf 86' lang='grc' dir='ltr'>μίαν</span> <span class='ocrx_word' id='word_1_219' title='bbox 2914 1423 3238 1491; x_wconf 82' lang='grc' dir='ltr'>συνάφειαν,</span> <span class='ocrx_word' id='word_1_220' title='bbox 3268 1421 3411 1473; x_wconf 86' lang='grc' dir='ltr'>οῦτω</span> <span class='ocrx_word' id='word_1_221' title='bbox 3461 1423 3555 1473; x_wconf 68' lang='grc' dir='ltr'><strong>καὶ</strong></span> <span class='ocrx_word' id='word_1_222' title='bbox 3601 1424 3636 1490; x_wconf 89' lang='grc' dir='ltr'><strong>ἡ</strong></span> <span class='ocrx_word' id='word_1_223' title='bbox 3675 1420 3768 1472; x_wconf 83' lang='grc' dir='ltr'><strong>τοῦ</strong></span> 
     </span>
    </p>
   </div>
   <div class='ocr_carea' id='block_1_30' title="bbox 2187 1512 3770 1584">
    <p class='ocr_par' dir='ltr' id='par_1_30' title="bbox 2187 1512 3770 1584">
     <span class='ocr_line' id='line_1_30' title="bbox 2187 1512 3770 1584; baseline 0 -19"><span class='ocrx_word' id='word_1_224' title='bbox 2187 1512 2323 1566; x_wconf 91' lang='grc' dir='ltr'>Θεοῦ</span> <span class='ocrx_word' id='word_1_225' title='bbox 2367 1513 2668 1584; x_wconf 75' lang='grc' dir='ltr'><strong>Ἐκκλησία</strong></span> <span class='ocrx_word' id='word_1_226' title='bbox 2699 1513 2793 1567; x_wconf 85' lang='grc' dir='ltr'><strong>δύο</strong></span> <span class='ocrx_word' id='word_1_227' title='bbox 2819 1514 2989 1579; x_wconf 85' lang='grc' dir='ltr'>λαῶν,</span> <span class='ocrx_word' id='word_1_228' title='bbox 3026 1514 3181 1566; x_wconf 86' lang='grc' dir='ltr'>τοῦτε</span> <span class='ocrx_word' id='word_1_229' title='bbox 3207 1516 3264 1579; x_wconf 82' lang='grc' dir='ltr'>ἐξ</span> <span class='ocrx_word' id='word_1_230' title='bbox 3316 1514 3613 1578; x_wconf 80' lang='grc' dir='ltr'>Ἰουδαίων,</span> <span class='ocrx_word' id='word_1_231' title='bbox 3676 1513 3770 1566; x_wconf 72' lang='grc' dir='ltr'>καὶ</span> 
     </span>
    </p>
   </div>
   <div class='ocr_carea' id='block_1_31' title="bbox 2185 1603 3770 1676">
    <p class='ocr_par' dir='ltr' id='par_1_31' title="bbox 2185 1603 3770 1676">
     <span class='ocr_line' id='line_1_31' title="bbox 2185 1603 3770 1676; baseline 0 -20"><span class='ocrx_word' id='word_1_232' title='bbox 2185 1603 2281 1656; x_wconf 89' lang='grc' dir='ltr'><strong>τοῦ</strong></span> <span class='ocrx_word' id='word_1_233' title='bbox 2314 1604 2373 1669; x_wconf 76' lang='grc' dir='ltr'>ἐξ</span> <span class='ocrx_word' id='word_1_234' title='bbox 2394 1604 2565 1659; x_wconf 76' lang='grc' dir='ltr'>ἐθνῶν</span> <span class='ocrx_word' id='word_1_235' title='bbox 2590 1606 2786 1660; x_wconf 72' lang='grc' dir='ltr'>ἕνωσιν</span> <span class='ocrx_word' id='word_1_236' title='bbox 2831 1605 3247 1676; x_wconf 80' lang='grc' dir='ltr'><strong>ἀπεργάζεται·</strong></span> <span class='ocrx_word' id='word_1_237' title='bbox 3314 1604 3521 1675; x_wconf 76' lang='grc' dir='ltr'>ταύτης</span> <span class='ocrx_word' id='word_1_238' title='bbox 3572 1605 3631 1657; x_wconf 78' lang='grc' dir='ltr'>δὲ</span> <span class='ocrx_word' id='word_1_239' title='bbox 3674 1622 3770 1656; x_wconf 67' lang='grc' dir='ltr'>κει</span> 
     </span>
    </p>
   </div>
   <div class='ocr_carea' id='block_1_32' title="bbox 508 1697 2088 1794">
    <p class='ocr_par' dir='ltr' id='par_1_32' title="bbox 508 1704 2088 1794">
     <span class='ocr_line' id='line_1_32' title="bbox 508 1704 2088 1794; baseline -0.015 -15"><span class='ocrx_word' id='word_1_240' title='bbox 508 1739 560 1779; x_wconf 89' lang='lat' dir='ltr'><strong>ut</strong></span> <span class='ocrx_word' id='word_1_241' title='bbox 591 1729 738 1794; x_wconf 81' lang='lat' dir='ltr'><strong>[teret</strong></span> <span class='ocrx_word' id='word_1_242' title='bbox 772 1737 936 1775; x_wconf 83' lang='lat' dir='ltr'><strong>unum</strong></span> <span class='ocrx_word' id='word_1_243' title='bbox 984 1718 1136 1781; x_wconf 83' lang='lat' dir='ltr'><strong>ovile,</strong></span> <span class='ocrx_word' id='word_1_244' title='bbox 1182 1724 1337 1783; x_wconf 83' lang='lat' dir='ltr'><strong>atque</strong></span> <span class='ocrx_word' id='word_1_245' title='bbox 1380 1727 1515 1764; x_wconf 78' lang='lat' dir='ltr'><strong>unus</strong></span> <span class='ocrx_word' id='word_1_246' title='bbox 1552 1717 1735 1777; x_wconf 80' lang='lat' dir='ltr'><strong>pastor</strong></span> <span class='ocrx_word' id='word_1_247' title='bbox 1752 1707 1819 1760; x_wconf 85' lang='lat'><strong>&quot;.</strong></span> <span class='ocrx_word' id='word_1_248' title='bbox 1848 1704 1946 1760; x_wconf 82' lang='lat' dir='ltr'><strong>Vel</strong></span> <span class='ocrx_word' id='word_1_249' title='bbox 1990 1718 2088 1774; x_wconf 84' lang='lat' dir='ltr'><strong>per</strong></span> 
     </span>
    </p>
   </div>
   <div class='ocr_carea' id='block_1_33' title="bbox 2193 1697 3769 1794">
    <p class='ocr_par' dir='ltr' id='par_1_33' title="bbox 2193 1697 3769 1770">
     <span class='ocr_line' id='line_1_33' title="bbox 2193 1697 3769 1770; baseline -0.002 -20"><span class='ocrx_word' id='word_1_250' title='bbox 2193 1698 2335 1768; x_wconf 78' lang='grc' dir='ltr'>φαλὴ</span> <span class='ocrx_word' id='word_1_251' title='bbox 2373 1699 2401 1750; x_wconf 87' lang='grc' dir='ltr'><strong>ὁ</strong></span> <span class='ocrx_word' id='word_1_252' title='bbox 2432 1698 2691 1770; x_wconf 83' lang='grc' dir='ltr'>Χριστὸς,</span> <span class='ocrx_word' id='word_1_253' title='bbox 2715 1700 2789 1761; x_wconf 84' lang='grc' dir='ltr'><strong>ὡς</strong></span> <span class='ocrx_word' id='word_1_254' title='bbox 2821 1699 2941 1762; x_wconf 78' lang='grc' dir='ltr'>ἑνὸς</span> <span class='ocrx_word' id='word_1_255' title='bbox 2989 1700 3176 1751; x_wconf 85' lang='grc' dir='ltr'>λοιπὸν</span> <span class='ocrx_word' id='word_1_256' title='bbox 3210 1698 3466 1769; x_wconf 84' lang='grc' dir='ltr'>σώματος</span> <span class='ocrx_word' id='word_1_257' title='bbox 3491 1712 3504 1727; x_wconf 87' lang='grc'><strong>·</strong></span> <span class='ocrx_word' id='word_1_258' title='bbox 3568 1697 3665 1751; x_wconf 76' lang='grc' dir='ltr'><strong>καὶ</strong></span> <span class='ocrx_word' id='word_1_259' title='bbox 3708 1697 3769 1748; x_wconf 70' lang='grc' dir='ltr'>οὗ</span> 
     </span>
    </p>
   </div>
   <div class='ocr_carea' id='block_1_34' title="bbox 508 1775 2088 1888">
    <p class='ocr_par' dir='ltr' id='par_1_34' title="bbox 508 1775 2082 1888">
     <span class='ocr_line' id='line_1_34' title="bbox 508 1775 2082 1888; baseline -0.016 -16"><span class='ocrx_word' id='word_1_260' title='bbox 508 1775 764 1888; x_wconf 73' lang='lat' dir='ltr'><strong>angulum</strong></span> <span class='ocrx_word' id='word_1_261' title='bbox 794 1811 1052 1879; x_wconf 79' lang='lat' dir='ltr'><strong>intelligit</strong></span> <span class='ocrx_word' id='word_1_262' title='bbox 1077 1775 1377 1860; x_wconf 74' lang='lat' dir='ltr'><strong>Ecclesiam</strong></span> <span class='ocrx_word' id='word_1_263' title='bbox 1404 1775 1645 1855; x_wconf 75' lang='lat' dir='ltr'><strong>fidelium</strong></span> <span class='ocrx_word' id='word_1_264' title='bbox 1682 1818 1694 1854; x_wconf 90' lang='lat'><strong>:</strong></span> <span class='ocrx_word' id='word_1_265' title='bbox 1729 1798 1854 1867; x_wconf 86' lang='lat' dir='ltr'><strong>quia</strong></span> <span class='ocrx_word' id='word_1_266' title='bbox 1889 1810 2082 1865; x_wconf 86' lang='lat' dir='ltr'><strong>quem-</strong></span> 
     </span>
    </p>
   </div>
   <div class='ocr_carea' id='block_1_35' title="bbox 2193 1775 3773 1888">
    <p class='ocr_par' dir='ltr' id='par_1_35' title="bbox 2193 1789 3773 1861">
     <span class='ocr_line' id='line_1_35' title="bbox 2193 1789 3773 1861; baseline -0.001 -18"><span class='ocrx_word' id='word_1_267' title='bbox 2193 1790 2405 1860; x_wconf 82' lang='grc' dir='ltr'>κεφαλὴ</span> <span class='ocrx_word' id='word_1_268' title='bbox 2451 1789 2509 1844; x_wconf 84' lang='grc' dir='ltr'>δὲ</span> <span class='ocrx_word' id='word_1_269' title='bbox 2555 1790 2738 1861; x_wconf 88' lang='grc' dir='ltr'>μόνον,</span> <span class='ocrx_word' id='word_1_270' title='bbox 2781 1790 2919 1845; x_wconf 87' lang='grc' dir='ltr'><strong>ἀλλά</strong></span> <span class='ocrx_word' id='word_1_271' title='bbox 2962 1792 3057 1846; x_wconf 78' lang='grc' dir='ltr'>καὶ</span> <span class='ocrx_word' id='word_1_272' title='bbox 3107 1791 3406 1861; x_wconf 80' lang='grc' dir='ltr'><strong>σύνδεσμος</strong></span> <span class='ocrx_word' id='word_1_273' title='bbox 3457 1791 3552 1844; x_wconf 74' lang='grc' dir='ltr'><strong>καὶ</strong></span> <span class='ocrx_word' id='word_1_274' title='bbox 3604 1789 3773 1859; x_wconf 74' lang='grc' dir='ltr'>θεμέ-</span> 
     </span>
    </p>
   </div>
   <div class='ocr_carea' id='block_1_36' title="bbox 508 1885 2087 1970">
    <p class='ocr_par' dir='ltr' id='par_1_36' title="bbox 508 1885 2087 1970">
     <span class='ocr_line' id='line_1_36' title="bbox 508 1885 2087 1970; baseline -0.017 -8"><span class='ocrx_word' id='word_1_275' title='bbox 508 1885 801 1962; x_wconf 66' lang='grc' dir='ltr'>οιὶῖηοόιιιιι</span> <span class='ocrx_word' id='word_1_276' title='bbox 847 1898 1082 1970; x_wconf 79' lang='lat' dir='ltr'><strong>angulus</strong></span> <span class='ocrx_word' id='word_1_277' title='bbox 1118 1894 1249 1947; x_wconf 80' lang='lat' dir='ltr'><strong>facit</strong></span> <span class='ocrx_word' id='word_1_278' title='bbox 1298 1892 1441 1945; x_wconf 90' lang='lat' dir='ltr'><strong>duos</strong></span> <span class='ocrx_word' id='word_1_279' title='bbox 1485 1887 1729 1958; x_wconf 87' lang='lat' dir='ltr'><strong>parietes</strong></span> <span class='ocrx_word' id='word_1_280' title='bbox 1776 1885 1832 1939; x_wconf 91' lang='lat' dir='ltr'><strong>in</strong></span> <span class='ocrx_word' id='word_1_281' title='bbox 1866 1899 1925 1937; x_wconf 89' lang='lat' dir='ltr'><strong>se</strong></span> <span class='ocrx_word' id='word_1_282' title='bbox 1959 1897 2087 1937; x_wconf 90' lang='lat' dir='ltr'><strong>con-</strong></span> 
     </span>
    </p>
   </div>
   <div class='ocr_carea' id='block_1_37' title="bbox 2191 1883 2331 1947">
    <p class='ocr_par' dir='ltr' id='par_1_37' title="bbox 2191 1883 2331 1947">
     <span class='ocr_line' id='line_1_37' title="bbox 2191 1883 2331 1947; baseline 0.029 -13"><span class='ocrx_word' id='word_1_283' title='bbox 2191 1883 2331 1947; x_wconf 81' lang='grc' dir='ltr'>λιος.</span> 
     </span>
    </p>
   </div>
   <div class='ocr_carea' id='block_1_38' title="bbox 509 1978 3769 2073">
    <p class='ocr_par' dir='ltr' id='par_1_38' title="bbox 509 1978 3769 2073">
     <span class='ocr_line' id='line_1_38' title="bbox 509 1978 3769 2073; baseline -0.008 -16"><span class='ocrx_word' id='word_1_284' title='bbox 509 2002 678 2073; x_wconf 78' lang='lat' dir='ltr'><strong>iungi,</strong></span> <span class='ocrx_word' id='word_1_285' title='bbox 730 2001 805 2054; x_wconf 87' lang='lat' dir='ltr'><strong>ita</strong></span> <span class='ocrx_word' id='word_1_286' title='bbox 868 1996 1033 2050; x_wconf 87' lang='lat' dir='ltr'><strong>etiam</strong></span> <span class='ocrx_word' id='word_1_287' title='bbox 1094 1989 1336 2045; x_wconf 82' lang='lat' dir='ltr'><strong>Ecclesia</strong></span> <span class='ocrx_word' id='word_1_288' title='bbox 1382 1986 1617 2040; x_wconf 91' lang='lat' dir='ltr'><strong>duorum</strong></span> <span class='ocrx_word' id='word_1_289' title='bbox 1655 1980 2003 2052; x_wconf 87' lang='lat' dir='ltr'><strong>populorum,</strong></span> <span class='ocrx_word' id='word_1_290' title='bbox 2055 1988 2116 2032; x_wconf 93' lang='lat' dir='ltr'><strong>ut</strong></span> <span class='ocrx_word' id='word_1_291' title='bbox 2157 1978 2421 2043; x_wconf 75' lang='lat' dir='ltr'><strong>diximus,</strong></span> <span class='ocrx_word' id='word_1_292' title='bbox 2452 1979 2920 2049; x_wconf 87' lang='lat' dir='ltr'><strong>conjunctionem,</strong></span> <span class='ocrx_word' id='word_1_293' title='bbox 2946 1987 3113 2050; x_wconf 91' lang='lat' dir='ltr'><strong>atque</strong></span> <span class='ocrx_word' id='word_1_294' title='bbox 3154 1980 3422 2034; x_wconf 83' lang='lat' dir='ltr'><strong>unitatem</strong></span> <span class='ocrx_word' id='word_1_295' title='bbox 3485 1988 3769 2048; x_wconf 84' lang='lat' dir='ltr'><strong>operatur.</strong></span> 
     </span>
    </p>
   </div>
   <div class='ocr_carea' id='block_1_39' title="bbox 514 2074 3774 2165">
    <p class='ocr_par' dir='ltr' id='par_1_39' title="bbox 514 2074 3774 2165">
     <span class='ocr_line' id='line_1_39' title="bbox 514 2074 3774 2165; baseline -0.008 -16"><span class='ocrx_word' id='word_1_296' title='bbox 514 2095 687 2165; x_wconf 87' lang='lat' dir='ltr'><strong>llujus</strong></span> <span class='ocrx_word' id='word_1_297' title='bbox 715 2103 893 2148; x_wconf 88' lang='lat' dir='ltr'><strong>autem</strong></span> <span class='ocrx_word' id='word_1_298' title='bbox 924 2085 1205 2148; x_wconf 77' lang='lat' dir='ltr'><strong>Ecclesiae,</strong></span> <span class='ocrx_word' id='word_1_299' title='bbox 1238 2097 1401 2152; x_wconf 91' lang='lat' dir='ltr'><strong>quam</strong></span> <span class='ocrx_word' id='word_1_300' title='bbox 1446 2078 1609 2147; x_wconf 89' lang='lat' dir='ltr'><strong>lapidi</strong></span> <span class='ocrx_word' id='word_1_301' title='bbox 1640 2074 1891 2146; x_wconf 90' lang='lat' dir='ltr'><strong>angulari</strong></span> <span class='ocrx_word' id='word_1_302' title='bbox 1924 2074 2229 2143; x_wconf 88' lang='lat' dir='ltr'><strong>comparari</strong></span> <span class='ocrx_word' id='word_1_303' title='bbox 2265 2074 2531 2139; x_wconf 76' lang='lat' dir='ltr'><strong>diximus,</strong></span> <span class='ocrx_word' id='word_1_304' title='bbox 2572 2076 2831 2131; x_wconf 86' lang='lat' dir='ltr'><strong>Christus</strong></span> <span class='ocrx_word' id='word_1_305' title='bbox 2866 2083 3040 2146; x_wconf 83' lang='lat' dir='ltr'><strong>caput</strong></span> <span class='ocrx_word' id='word_1_306' title='bbox 3072 2088 3181 2140; x_wconf 87' lang='lat' dir='ltr'><strong>est,</strong></span> <span class='ocrx_word' id='word_1_307' title='bbox 3249 2084 3511 2145; x_wconf 87' lang='lat' dir='ltr'><strong>tanquam</strong></span> <span class='ocrx_word' id='word_1_308' title='bbox 3603 2074 3774 2128; x_wconf 88' lang='lat' dir='ltr'><strong>unius</strong></span> 
     </span>
    </p>
   </div>
   <div class='ocr_carea' id='block_1_40' title="bbox 510 2168 3775 2257">
    <p class='ocr_par' dir='ltr' id='par_1_40' title="bbox 510 2168 3775 2257">
     <span class='ocr_line' id='line_1_40' title="bbox 510 2168 3775 2257; baseline -0.007 -15"><span class='ocrx_word' id='word_1_309' title='bbox 510 2186 759 2257; x_wconf 76' lang='lat' dir='ltr'><strong>corporis</strong></span> <span class='ocrx_word' id='word_1_310' title='bbox 781 2181 1117 2253; x_wconf 77' lang='lat' dir='ltr'><strong>praecipuum</strong></span> <span class='ocrx_word' id='word_1_311' title='bbox 1151 2190 1214 2231; x_wconf 90' lang='lat' dir='ltr'><strong>ac</strong></span> <span class='ocrx_word' id='word_1_312' title='bbox 1245 2170 1546 2244; x_wconf 88' lang='lat' dir='ltr'><strong>principale</strong></span> <span class='ocrx_word' id='word_1_313' title='bbox 1596 2169 1928 2231; x_wconf 87' lang='lat' dir='ltr'><strong>membrum,</strong></span> <span class='ocrx_word' id='word_1_314' title='bbox 1978 2179 2079 2219; x_wconf 89' lang='lat' dir='ltr'><strong>nec</strong></span> <span class='ocrx_word' id='word_1_315' title='bbox 2157 2173 2366 2221; x_wconf 89' lang='lat' dir='ltr'><strong>tantum</strong></span> <span class='ocrx_word' id='word_1_316' title='bbox 2425 2176 2611 2239; x_wconf 87' lang='lat' dir='ltr'><strong>caput,</strong></span> <span class='ocrx_word' id='word_1_317' title='bbox 2661 2168 2754 2224; x_wconf 87' lang='lat' dir='ltr'><strong>sed</strong></span> <span class='ocrx_word' id='word_1_318' title='bbox 2818 2169 3160 2238; x_wconf 71' lang='lat' dir='ltr'><strong>coniunctio,</strong></span> <span class='ocrx_word' id='word_1_319' title='bbox 3221 2178 3275 2224; x_wconf 88' lang='lat' dir='ltr'><strong>et</strong></span> <span class='ocrx_word' id='word_1_320' title='bbox 3328 2168 3635 2231; x_wconf 87' lang='lat' dir='ltr'><strong>vinculum,</strong></span> <span class='ocrx_word' id='word_1_321' title='bbox 3724 2176 3775 2220; x_wconf 82' lang='lat' dir='ltr'><strong>rt</strong></span> 
     </span>
    </p>
   </div>
   <div class='ocr_carea' id='block_1_41' title="bbox 514 2284 948 2340">
    <p class='ocr_par' dir='ltr' id='par_1_41' title="bbox 514 2284 948 2340">
     <span class='ocr_line' id='line_1_41' title="bbox 514 2284 948 2340; baseline -0.018 -1"><span class='ocrx_word' id='word_1_322' title='bbox 514 2284 948 2340; x_wconf 74' lang='lat' dir='ltr'><strong>luridamentum.</strong></span> 
     </span>
    </p>
   </div>
   <div class='ocr_carea' id='block_1_42' title="bbox 581 2358 2089 2435">
    <p class='ocr_par' dir='ltr' id='par_1_42' title="bbox 581 2358 2089 2435">
     <span class='ocr_line' id='line_1_42' title="bbox 581 2358 2089 2435; baseline -0.013 -6"><span class='ocrx_word' id='word_1_323' title='bbox 581 2377 745 2431; x_wconf 72' lang='lat' dir='ltr'><strong>Vens.</strong></span> <span class='ocrx_word' id='word_1_324' title='bbox 793 2376 885 2428; x_wconf 76' lang='grc'><strong>25.</strong></span> <span class='ocrx_word' id='word_1_325' title='bbox 928 2371 969 2423; x_wconf 82' lang='grc' dir='ltr'><em>Α</em></span> <span class='ocrx_word' id='word_1_326' title='bbox 998 2367 1224 2425; x_wconf 89' lang='lat' dir='ltr'><strong>Domino</strong></span> <span class='ocrx_word' id='word_1_327' title='bbox 1258 2366 1430 2435; x_wconf 80' lang='lat' dir='ltr'><strong>factus</strong></span> <span class='ocrx_word' id='word_1_328' title='bbox 1467 2373 1542 2418; x_wconf 86' lang='lat' dir='ltr'><strong>est</strong></span> <span class='ocrx_word' id='word_1_329' title='bbox 1584 2364 1703 2427; x_wconf 76' lang='lat' dir='ltr'><strong>iste,</strong></span> <span class='ocrx_word' id='word_1_330' title='bbox 1734 2368 1781 2415; x_wconf 85' lang='lat' dir='ltr'><strong>et</strong></span> <span class='ocrx_word' id='word_1_331' title='bbox 1811 2368 1889 2414; x_wconf 85' lang='lat' dir='ltr'><strong>est</strong></span> <span class='ocrx_word' id='word_1_332' title='bbox 1921 2358 2089 2411; x_wconf 84' lang='lat' dir='ltr'><strong>mira-</strong></span> 
     </span>
    </p>
   </div>
   <div class='ocr_carea' id='block_1_43' title="bbox 516 2450 2091 2525">
    <p class='ocr_par' dir='ltr' id='par_1_43' title="bbox 516 2450 2091 2525">
     <span class='ocr_line' id='line_1_43' title="bbox 516 2450 2091 2525; baseline -0.013 -3"><span class='ocrx_word' id='word_1_333' title='bbox 516 2469 637 2522; x_wconf 77' lang='lat' dir='ltr'><strong>bilis</strong></span> <span class='ocrx_word' id='word_1_334' title='bbox 675 2468 729 2520; x_wconf 89' lang='lat' dir='ltr'><strong>in</strong></span> <span class='ocrx_word' id='word_1_335' title='bbox 753 2464 923 2517; x_wconf 79' lang='lat' dir='ltr'><strong>oculis</strong></span> <span class='ocrx_word' id='word_1_336' title='bbox 948 2461 1164 2514; x_wconf 78' lang='lat' dir='ltr'><strong>nostris.</strong></span> <span class='ocrx_word' id='word_1_337' title='bbox 1210 2460 1315 2512; x_wconf 86' lang='lat' dir='ltr'><strong>Iste</strong></span> <span class='ocrx_word' id='word_1_338' title='bbox 1356 2457 1587 2525; x_wconf 78' lang='lat' dir='ltr'><strong>angulus</strong></span> <span class='ocrx_word' id='word_1_339' title='bbox 1646 2452 1933 2515; x_wconf 89' lang='lat' dir='ltr'><strong>nimirum,</strong></span> <span class='ocrx_word' id='word_1_340' title='bbox 1986 2450 2091 2502; x_wconf 87' lang='lat' dir='ltr'><strong>hoc</strong></span> 
     </span>
    </p>
   </div>
   <div class='ocr_carea' id='block_1_44' title="bbox 514 2544 2084 2621">
    <p class='ocr_par' dir='ltr' id='par_1_44' title="bbox 514 2544 2084 2621">
     <span class='ocr_line' id='line_1_44' title="bbox 514 2544 2084 2621; baseline -0.015 -8"><span class='ocrx_word' id='word_1_341' title='bbox 514 2566 618 2621; x_wconf 85' lang='lat' dir='ltr'><strong>est,</strong></span> <span class='ocrx_word' id='word_1_342' title='bbox 652 2558 726 2610; x_wconf 89' lang='lat' dir='ltr'><strong>ita</strong></span> <span class='ocrx_word' id='word_1_343' title='bbox 754 2554 988 2609; x_wconf 91' lang='lat' dir='ltr'><strong>duorum</strong></span> <span class='ocrx_word' id='word_1_344' title='bbox 1016 2550 1307 2620; x_wconf 86' lang='lat' dir='ltr'><strong>parietum,</strong></span> <span class='ocrx_word' id='word_1_345' title='bbox 1346 2564 1443 2603; x_wconf 84' lang='lat' dir='ltr'><strong>seu</strong></span> <span class='ocrx_word' id='word_1_346' title='bbox 1504 2546 1684 2614; x_wconf 88' lang='lat' dir='ltr'><strong>potius</strong></span> <span class='ocrx_word' id='word_1_347' title='bbox 1719 2544 1951 2597; x_wconf 91' lang='lat' dir='ltr'><strong>duorum</strong></span> <span class='ocrx_word' id='word_1_348' title='bbox 1984 2555 2084 2609; x_wconf 85' lang='lat' dir='ltr'><strong>po-</strong></span> 
     </span>
    </p>
   </div>
   <div class='ocr_carea' id='block_1_45' title="bbox 518 2628 2090 2720">
    <p class='ocr_par' dir='ltr' id='par_1_45' title="bbox 518 2628 2090 2720">
     <span class='ocr_line' id='line_1_45' title="bbox 518 2628 2090 2720; baseline -0.013 -18"><span class='ocrx_word' id='word_1_349' title='bbox 518 2647 768 2720; x_wconf 85' lang='lat' dir='ltr'><strong>pulorum</strong></span> <span class='ocrx_word' id='word_1_350' title='bbox 805 2640 1124 2710; x_wconf 74' lang='lat' dir='ltr'><strong>coniunctio</strong></span> <span class='ocrx_word' id='word_1_351' title='bbox 1184 2653 1213 2691; x_wconf 91' lang='lat' dir='ltr'><strong>a</strong></span> <span class='ocrx_word' id='word_1_352' title='bbox 1255 2637 1362 2690; x_wconf 85' lang='lat' dir='ltr'><strong>Deo</strong></span> <span class='ocrx_word' id='word_1_353' title='bbox 1404 2638 1543 2704; x_wconf 90' lang='lat' dir='ltr'><strong>ipso,</strong></span> <span class='ocrx_word' id='word_1_354' title='bbox 1585 2643 1762 2689; x_wconf 90' lang='lat' dir='ltr'><strong>etnon</strong></span> <span class='ocrx_word' id='word_1_355' title='bbox 1798 2647 1826 2684; x_wconf 87' lang='lat' dir='ltr'><strong>a</strong></span> <span class='ocrx_word' id='word_1_356' title='bbox 1855 2628 2090 2699; x_wconf 90' lang='lat' dir='ltr'><strong>simplici</strong></span> 
     </span>
    </p>
   </div>
   <div class='ocr_carea' id='block_1_46' title="bbox 518 2720 2093 2807">
    <p class='ocr_par' dir='ltr' id='par_1_46' title="bbox 518 2720 2093 2807">
     <span class='ocr_line' id='line_1_46' title="bbox 518 2720 2093 2807; baseline -0.013 -16"><span class='ocrx_word' id='word_1_357' title='bbox 518 2736 775 2807; x_wconf 86' lang='lat' dir='ltr'><strong>quopiam</strong></span> <span class='ocrx_word' id='word_1_358' title='bbox 840 2727 1244 2795; x_wconf 79' lang='lat' dir='ltr'><strong>homine,lacta</strong></span> <span class='ocrx_word' id='word_1_359' title='bbox 1302 2732 1424 2789; x_wconf 88' lang='lat' dir='ltr'><strong>est;</strong></span> <span class='ocrx_word' id='word_1_360' title='bbox 1474 2731 1528 2778; x_wconf 91' lang='lat' dir='ltr'><strong>ct</strong></span> <span class='ocrx_word' id='word_1_361' title='bbox 1586 2732 1671 2777; x_wconf 89' lang='lat' dir='ltr'><strong>est</strong></span> <span class='ocrx_word' id='word_1_362' title='bbox 1718 2720 1984 2775; x_wconf 86' lang='lat' dir='ltr'><strong>mirabilis</strong></span> <span class='ocrx_word' id='word_1_363' title='bbox 2037 2720 2093 2772; x_wconf 92' lang='lat' dir='ltr'><strong>in</strong></span> 
     </span>
    </p>
   </div>
   <div class='ocr_carea' id='block_1_47' title="bbox 518 2812 2097 2887">
    <p class='ocr_par' dir='ltr' id='par_1_47' title="bbox 518 2812 2097 2887">
     <span class='ocr_line' id='line_1_47' title="bbox 518 2812 2097 2887; baseline -0.012 -6"><span class='ocrx_word' id='word_1_364' title='bbox 518 2826 693 2881; x_wconf 86' lang='lat' dir='ltr'><strong>oculis</strong></span> <span class='ocrx_word' id='word_1_365' title='bbox 732 2821 961 2883; x_wconf 80' lang='lat' dir='ltr'><strong>nostris,</strong></span> <span class='ocrx_word' id='word_1_366' title='bbox 988 2833 1052 2873; x_wconf 89' lang='lat' dir='ltr'><strong>eo</strong></span> <span class='ocrx_word' id='word_1_367' title='bbox 1083 2816 1228 2887; x_wconf 91' lang='lat' dir='ltr'><strong>quod</strong></span> <span class='ocrx_word' id='word_1_368' title='bbox 1259 2814 1405 2884; x_wconf 84' lang='lat' dir='ltr'><strong>digni</strong></span> <span class='ocrx_word' id='word_1_369' title='bbox 1430 2812 1604 2868; x_wconf 75' lang='lat' dir='ltr'><strong>ell‘ecti</strong></span> <span class='ocrx_word' id='word_1_370' title='bbox 1636 2827 1848 2877; x_wconf 91' lang='lat' dir='ltr'><strong>sumus,</strong></span> <span class='ocrx_word' id='word_1_371' title='bbox 1881 2818 1941 2864; x_wconf 90' lang='lat' dir='ltr'><strong>ut</strong></span> <span class='ocrx_word' id='word_1_372' title='bbox 1963 2825 2097 2863; x_wconf 85' lang='lat' dir='ltr'><strong>con-</strong></span> 
     </span>
    </p>
   </div>
   <div class='ocr_carea' id='block_1_48' title="bbox 514 2899 2096 2985">
    <p class='ocr_par' dir='ltr' id='par_1_48' title="bbox 514 2899 2096 2985">
     <span class='ocr_line' id='line_1_48' title="bbox 514 2899 2096 2985; baseline -0.013 -12"><span class='ocrx_word' id='word_1_373' title='bbox 514 2917 857 2985; x_wconf 75' lang='lat' dir='ltr'><strong>iunctionem</strong></span> <span class='ocrx_word' id='word_1_374' title='bbox 891 2913 1033 2966; x_wconf 90' lang='lat' dir='ltr'><strong>hanc</strong></span> <span class='ocrx_word' id='word_1_375' title='bbox 1084 2909 1260 2965; x_wconf 90' lang='lat' dir='ltr'><strong>oeulis</strong></span> <span class='ocrx_word' id='word_1_376' title='bbox 1323 2907 1527 2962; x_wconf 89' lang='lat' dir='ltr'><strong>nostris</strong></span> <span class='ocrx_word' id='word_1_377' title='bbox 1569 2904 1873 2959; x_wconf 78' lang='lat' dir='ltr'><strong>videamus.</strong></span> <span class='ocrx_word' id='word_1_378' title='bbox 1943 2899 2096 2966; x_wconf 76' lang='lat' dir='ltr'><strong>Quo-</strong></span> 
     </span>
    </p>
   </div>
   <div class='ocr_carea' id='block_1_49' title="bbox 520 2994 1823 3077">
    <p class='ocr_par' dir='ltr' id='par_1_49' title="bbox 520 2994 1823 3077">
     <span class='ocr_line' id='line_1_49' title="bbox 520 2994 1823 3077; baseline -0.015 -12"><span class='ocrx_word' id='word_1_379' title='bbox 520 3010 680 3065; x_wconf 82' lang='lat' dir='ltr'><strong>modo</strong></span> <span class='ocrx_word' id='word_1_380' title='bbox 705 3009 868 3077; x_wconf 80' lang='lat' dir='ltr'><strong>igitur</strong></span> <span class='ocrx_word' id='word_1_381' title='bbox 897 3018 1036 3073; x_wconf 89' lang='lat' dir='ltr'><strong>opus</strong></span> <span class='ocrx_word' id='word_1_382' title='bbox 1064 3003 1166 3056; x_wconf 90' lang='lat' dir='ltr'><strong>hoc</strong></span> <span class='ocrx_word' id='word_1_383' title='bbox 1202 3014 1311 3053; x_wconf 92' lang='lat' dir='ltr'><strong>non</strong></span> <span class='ocrx_word' id='word_1_384' title='bbox 1344 2996 1774 3053; x_wconf 82' lang='lat' dir='ltr'><strong>esl‘admirabile</strong></span> <span class='ocrx_word' id='word_1_385' title='bbox 1799 2994 1823 3046; x_wconf 89' lang='lat'><strong>?</strong></span> 
     </span>
    </p>
   </div>
   <div class='ocr_carea' id='block_1_50' title="bbox 591 3083 2096 3158">
    <p class='ocr_par' dir='ltr' id='par_1_50' title="bbox 591 3083 2096 3158">
     <span class='ocr_line' id='line_1_50' title="bbox 591 3083 2096 3158; baseline -0.013 -4"><span class='ocrx_word' id='word_1_386' title='bbox 591 3098 871 3153; x_wconf 50' lang='lat' dir='ltr'><strong>Vensﬂd.</strong></span> <span class='ocrx_word' id='word_1_387' title='bbox 949 3093 1075 3146; x_wconf 74' lang='grc' dir='ltr'><strong>11αέ</strong></span> <span class='ocrx_word' id='word_1_388' title='bbox 1140 3092 1249 3144; x_wconf 77' lang='lat' dir='ltr'><strong>dies</strong></span> <span class='ocrx_word' id='word_1_389' title='bbox 1295 3105 1451 3158; x_wconf 87' lang='lat' dir='ltr'><strong>quam</strong></span> <span class='ocrx_word' id='word_1_390' title='bbox 1504 3088 1625 3158; x_wconf 76' lang='lat' dir='ltr'><strong>fecit</strong></span> <span class='ocrx_word' id='word_1_391' title='bbox 1674 3084 1951 3139; x_wconf 78' lang='lat' dir='ltr'><strong>Dominus.</strong></span> <span class='ocrx_word' id='word_1_392' title='bbox 1995 3083 2096 3137; x_wconf 87' lang='lat' dir='ltr'><strong>Per</strong></span> 
     </span>
    </p>
   </div>
   <div class='ocr_carea' id='block_1_51' title="bbox 521 3172 2095 3253">
    <p class='ocr_par' dir='ltr' id='par_1_51' title="bbox 521 3172 2095 3253">
     <span class='ocr_line' id='line_1_51' title="bbox 521 3172 2095 3253; baseline -0.01 -10"><span class='ocrx_word' id='word_1_393' title='bbox 521 3192 687 3253; x_wconf 88' lang='lat' dir='ltr'><strong>diem,</strong></span> <span class='ocrx_word' id='word_1_394' title='bbox 739 3184 924 3239; x_wconf 85' lang='lat' dir='ltr'><strong>mundi</strong></span> <span class='ocrx_word' id='word_1_395' title='bbox 964 3180 1283 3235; x_wconf 80' lang='lat' dir='ltr'><strong>felicitatem</strong></span> <span class='ocrx_word' id='word_1_396' title='bbox 1334 3176 1610 3244; x_wconf 82' lang='lat' dir='ltr'><strong>intelligit.</strong></span> <span class='ocrx_word' id='word_1_397' title='bbox 1668 3174 1800 3228; x_wconf 82' lang='lat' dir='ltr'><strong>Nam</strong></span> <span class='ocrx_word' id='word_1_398' title='bbox 1832 3172 2095 3245; x_wconf 83' lang='lat' dir='ltr'><strong>quemad-</strong></span> 
     </span>
    </p>
   </div>
   <div class='ocr_carea' id='block_1_52' title="bbox 524 3266 2092 3342">
    <p class='ocr_par' dir='ltr' id='par_1_52' title="bbox 524 3266 2092 3342">
     <span class='ocr_line' id='line_1_52' title="bbox 524 3266 2092 3342; baseline -0.008 -7"><span class='ocrx_word' id='word_1_399' title='bbox 524 3281 743 3335; x_wconf 85' lang='lat' dir='ltr'><strong>modum</strong></span> <span class='ocrx_word' id='word_1_400' title='bbox 786 3277 1071 3342; x_wconf 89' lang='lat' dir='ltr'><strong>Scriptura</strong></span> <span class='ocrx_word' id='word_1_401' title='bbox 1104 3286 1248 3338; x_wconf 67' lang='lat' dir='ltr'><strong>smpe</strong></span> <span class='ocrx_word' id='word_1_402' title='bbox 1311 3269 1454 3325; x_wconf 80' lang='lat' dir='ltr'><strong>diem</strong></span> <span class='ocrx_word' id='word_1_403' title='bbox 1509 3266 1709 3321; x_wconf 87' lang='lat' dir='ltr'><strong>malum</strong></span> <span class='ocrx_word' id='word_1_404' title='bbox 1767 3268 1919 3331; x_wconf 89' lang='lat' dir='ltr'><strong>dicit,</strong></span> <span class='ocrx_word' id='word_1_405' title='bbox 1984 3282 2092 3322; x_wconf 85' lang='lat' dir='ltr'><strong>non</strong></span> 
     </span>
    </p>
   </div>
   <div class='ocr_carea' id='block_1_53' title="bbox 524 3359 2096 3429">
    <p class='ocr_par' dir='ltr' id='par_1_53' title="bbox 524 3359 2096 3429">
     <span class='ocr_line' id='line_1_53' title="bbox 524 3359 2096 3429; baseline -0.01 -3"><span class='ocrx_word' id='word_1_406' title='bbox 524 3381 583 3426; x_wconf 89' lang='lat' dir='ltr'><strong>ut</strong></span> <span class='ocrx_word' id='word_1_407' title='bbox 617 3370 851 3427; x_wconf 85' lang='lat' dir='ltr'><strong>solarem</strong></span> <span class='ocrx_word' id='word_1_408' title='bbox 894 3366 1000 3419; x_wconf 86' lang='lat' dir='ltr'><strong>diei</strong></span> <span class='ocrx_word' id='word_1_409' title='bbox 1035 3378 1259 3419; x_wconf 84' lang='lat' dir='ltr'><strong>cursum</strong></span> <span class='ocrx_word' id='word_1_410' title='bbox 1290 3363 1530 3429; x_wconf 88' lang='lat' dir='ltr'><strong>aliquem</strong></span> <span class='ocrx_word' id='word_1_411' title='bbox 1580 3359 1782 3411; x_wconf 91' lang='lat' dir='ltr'><strong>malum</strong></span> <span class='ocrx_word' id='word_1_412' title='bbox 1829 3360 2096 3429; x_wconf 86' lang='lat' dir='ltr'><strong>designet,</strong></span> 
     </span>
    </p>
   </div>
   <div class='ocr_carea' id='block_1_54' title="bbox 525 3448 2098 3524">
    <p class='ocr_par' dir='ltr' id='par_1_54' title="bbox 525 3448 2098 3524">
     <span class='ocr_line' id='line_1_54' title="bbox 525 3448 2098 3524; baseline -0.01 -8"><span class='ocrx_word' id='word_1_413' title='bbox 525 3464 617 3517; x_wconf 84' lang='lat' dir='ltr'><strong>sed</strong></span> <span class='ocrx_word' id='word_1_414' title='bbox 654 3461 791 3513; x_wconf 80' lang='lat' dir='ltr'><strong>mala</strong></span> <span class='ocrx_word' id='word_1_415' title='bbox 828 3458 916 3511; x_wconf 89' lang='lat' dir='ltr'><strong>illa</strong></span> <span class='ocrx_word' id='word_1_416' title='bbox 982 3469 1103 3524; x_wconf 65' lang='lat' dir='ltr'><strong>quae</strong></span> <span class='ocrx_word' id='word_1_417' title='bbox 1148 3452 1203 3506; x_wconf 88' lang='lat' dir='ltr'><strong>in</strong></span> <span class='ocrx_word' id='word_1_418' title='bbox 1253 3466 1319 3506; x_wconf 92' lang='lat' dir='ltr'><strong>eo</strong></span> <span class='ocrx_word' id='word_1_419' title='bbox 1360 3451 1447 3504; x_wconf 92' lang='lat' dir='ltr'><strong>die</strong></span> <span class='ocrx_word' id='word_1_420' title='bbox 1494 3457 1644 3511; x_wconf 90' lang='lat' dir='ltr'><strong>sunt,</strong></span> <span class='ocrx_word' id='word_1_421' title='bbox 1677 3448 1752 3501; x_wconf 91' lang='lat' dir='ltr'><strong>ita</strong></span> <span class='ocrx_word' id='word_1_422' title='bbox 1810 3448 1972 3502; x_wconf 89' lang='lat' dir='ltr'><strong>etiam</strong></span> <span class='ocrx_word' id='word_1_423' title='bbox 2002 3463 2098 3516; x_wconf 88' lang='lat' dir='ltr'><strong>per</strong></span> 
     </span>
    </p>
   </div>
   <div class='ocr_carea' id='block_1_55' title="bbox 527 3540 2096 3613">
    <p class='ocr_par' dir='ltr' id='par_1_55' title="bbox 527 3540 2096 3613">
     <span class='ocr_line' id='line_1_55' title="bbox 527 3540 2096 3613; baseline -0.009 -6"><span class='ocrx_word' id='word_1_424' title='bbox 527 3558 729 3607; x_wconf 85' lang='lat' dir='ltr'><strong>bonum</strong></span> <span class='ocrx_word' id='word_1_425' title='bbox 777 3550 940 3613; x_wconf 88' lang='lat' dir='ltr'><strong>diem,</strong></span> <span class='ocrx_word' id='word_1_426' title='bbox 996 3547 1136 3600; x_wconf 88' lang='lat' dir='ltr'><strong>bona</strong></span> <span class='ocrx_word' id='word_1_427' title='bbox 1178 3544 1270 3598; x_wconf 90' lang='lat' dir='ltr'><strong>illa</strong></span> <span class='ocrx_word' id='word_1_428' title='bbox 1314 3540 1589 3610; x_wconf 82' lang='lat' dir='ltr'><strong>intelligit,</strong></span> <span class='ocrx_word' id='word_1_429' title='bbox 1627 3556 1747 3609; x_wconf 65' lang='lat' dir='ltr'><strong>quae</strong></span> <span class='ocrx_word' id='word_1_430' title='bbox 1780 3540 1833 3592; x_wconf 91' lang='lat' dir='ltr'><strong>in</strong></span> <span class='ocrx_word' id='word_1_431' title='bbox 1878 3554 1945 3593; x_wconf 90' lang='lat' dir='ltr'><strong>eo</strong></span> <span class='ocrx_word' id='word_1_432' title='bbox 2010 3540 2096 3593; x_wconf 91' lang='lat' dir='ltr'><strong>die</strong></span> 
     </span>
    </p>
   </div>
   <div class='ocr_carea' id='block_1_56' title="bbox 430 3627 2095 3713">
    <p class='ocr_par' dir='ltr' id='par_1_56' title="bbox 430 3627 2095 3713">
     <span class='ocr_line' id='line_1_56' title="bbox 430 3627 2095 3713; baseline -0.009 -17"><span class='ocrx_word' id='word_1_433' title='bbox 430 3702 435 3707; x_wconf 36' lang='lat'><strong>,</strong></span> <span class='ocrx_word' id='word_1_434' title='bbox 526 3644 711 3713; x_wconf 83' lang='lat' dir='ltr'><strong>perlici</strong></span> <span class='ocrx_word' id='word_1_435' title='bbox 748 3637 1038 3706; x_wconf 84' lang='lat' dir='ltr'><strong>contingit.</strong></span> <span class='ocrx_word' id='word_1_436' title='bbox 1100 3632 1407 3687; x_wconf 64' lang='lat' dir='ltr'><strong>Prmdicare</strong></span> <span class='ocrx_word' id='word_1_437' title='bbox 1439 3631 1558 3684; x_wconf 88' lang='lat' dir='ltr'><strong>vult</strong></span> <span class='ocrx_word' id='word_1_438' title='bbox 1610 3630 1770 3700; x_wconf 87' lang='lat' dir='ltr'><strong>igitur</strong></span> <span class='ocrx_word' id='word_1_439' title='bbox 1827 3627 2095 3698; x_wconf 84' lang='lat' dir='ltr'><strong>Propheta</strong></span> 
     </span>
    </p>
   </div>
   <div class='ocr_carea' id='block_1_57' title="bbox 522 3722 2093 3793">
    <p class='ocr_par' dir='ltr' id='par_1_57' title="bbox 522 3722 2093 3793">
     <span class='ocr_line' id='line_1_57' title="bbox 522 3722 2093 3793; baseline -0.016 -5"><span class='ocrx_word' id='word_1_440' title='bbox 522 3739 627 3789; x_wconf 85' lang='lat' dir='ltr'><strong>hoc</strong></span> <span class='ocrx_word' id='word_1_441' title='bbox 662 3734 715 3787; x_wconf 91' lang='lat' dir='ltr'><strong>in</strong></span> <span class='ocrx_word' id='word_1_442' title='bbox 757 3732 918 3793; x_wconf 89' lang='lat' dir='ltr'><strong>libro,</strong></span> <span class='ocrx_word' id='word_1_443' title='bbox 962 3741 1176 3782; x_wconf 91' lang='lat' dir='ltr'><strong>summa</strong></span> <span class='ocrx_word' id='word_1_444' title='bbox 1208 3725 1300 3778; x_wconf 84' lang='lat' dir='ltr'><strong>illa</strong></span> <span class='ocrx_word' id='word_1_445' title='bbox 1342 3724 1502 3787; x_wconf 89' lang='lat' dir='ltr'><strong>bona,</strong></span> <span class='ocrx_word' id='word_1_446' title='bbox 1538 3738 1658 3792; x_wconf 67' lang='lat' dir='ltr'><strong>qua:</strong></span> <span class='ocrx_word' id='word_1_447' title='bbox 1692 3723 1746 3777; x_wconf 90' lang='lat' dir='ltr'><strong>in</strong></span> <span class='ocrx_word' id='word_1_448' title='bbox 1780 3722 1869 3777; x_wconf 86' lang='lat' dir='ltr'><strong>die</strong></span> <span class='ocrx_word' id='word_1_449' title='bbox 1911 3736 2093 3777; x_wconf 88' lang='lat' dir='ltr'><strong>resur-</strong></span> 
     </span>
    </p>
   </div>
   <div class='ocr_carea' id='block_1_58' title="bbox 526 3812 2095 3883">
    <p class='ocr_par' dir='ltr' id='par_1_58' title="bbox 526 3812 2095 3883">
     <span class='ocr_line' id='line_1_58' title="bbox 526 3812 2095 3883; baseline -0.008 -3"><span class='ocrx_word' id='word_1_450' title='bbox 526 3824 785 3880; x_wconf 88' lang='lat' dir='ltr'><strong>rectionis</strong></span> <span class='ocrx_word' id='word_1_451' title='bbox 832 3819 1047 3875; x_wconf 89' lang='lat' dir='ltr'><strong>Domini</strong></span> <span class='ocrx_word' id='word_1_452' title='bbox 1104 3816 1285 3870; x_wconf 75' lang='lat' dir='ltr'><strong>futura</strong></span> <span class='ocrx_word' id='word_1_453' title='bbox 1338 3823 1515 3879; x_wconf 89' lang='lat' dir='ltr'><strong>erant,</strong></span> <span class='ocrx_word' id='word_1_454' title='bbox 1549 3822 1603 3868; x_wconf 90' lang='lat' dir='ltr'><strong>et</strong></span> <span class='ocrx_word' id='word_1_455' title='bbox 1650 3826 1773 3883; x_wconf 68' lang='lat' dir='ltr'><strong>quae</strong></span> <span class='ocrx_word' id='word_1_456' title='bbox 1838 3812 2095 3867; x_wconf 88' lang='lat' dir='ltr'><strong>Christus</strong></span> 
     </span>
    </p>
   </div>
   <div class='ocr_carea' id='block_1_59' title="bbox 522 3904 2091 3987">
    <p class='ocr_par' dir='ltr' id='par_1_59' title="bbox 522 3904 2091 3987">
     <span class='ocr_line' id='line_1_59' title="bbox 522 3904 2091 3987; baseline -0.008 -18"><span class='ocrx_word' id='word_1_457' title='bbox 522 3924 641 3987; x_wconf 80' lang='lat' dir='ltr'><strong>ipse</strong></span> <span class='ocrx_word' id='word_1_458' title='bbox 670 3922 924 3983; x_wconf 86' lang='lat' dir='ltr'><strong>operatus</strong></span> <span class='ocrx_word' id='word_1_459' title='bbox 953 3920 1056 3965; x_wconf 91' lang='lat' dir='ltr'><strong>est.</strong></span> <span class='ocrx_word' id='word_1_460' title='bbox 1082 3906 1216 3961; x_wconf 88' lang='lat' dir='ltr'><strong>Nam</strong></span> <span class='ocrx_word' id='word_1_461' title='bbox 1243 3916 1296 3962; x_wconf 88' lang='lat' dir='ltr'><strong>et</strong></span> <span class='ocrx_word' id='word_1_462' title='bbox 1326 3906 1527 3960; x_wconf 88' lang='lat' dir='ltr'><strong>iratum</strong></span> <span class='ocrx_word' id='word_1_463' title='bbox 1574 3904 1892 3960; x_wconf 88' lang='lat' dir='ltr'><strong>hominibus</strong></span> <span class='ocrx_word' id='word_1_464' title='bbox 1924 3906 2091 3959; x_wconf 91' lang='lat' dir='ltr'><strong>Deum</strong></span> 
     </span>
    </p>
   </div>
   <div class='ocr_carea' id='block_1_60' title="bbox 522 3996 2094 4069">
    <p class='ocr_par' dir='ltr' id='par_1_60' title="bbox 522 3996 2094 4069">
     <span class='ocr_line' id='line_1_60' title="bbox 522 3996 2094 4069; baseline -0.009 -8"><span class='ocrx_word' id='word_1_465' title='bbox 522 4005 835 4061; x_wconf 80' lang='lat' dir='ltr'><strong>conciliavit</strong></span> <span class='ocrx_word' id='word_1_466' title='bbox 886 4011 940 4057; x_wconf 90' lang='lat' dir='ltr'><strong>et</strong></span> <span class='ocrx_word' id='word_1_467' title='bbox 985 4000 1249 4055; x_wconf 65' lang='lat' dir='ltr'><strong>daemonis</strong></span> <span class='ocrx_word' id='word_1_468' title='bbox 1306 3996 1651 4069; x_wconf 86' lang='lat' dir='ltr'><strong>tyrannidem</strong></span> <span class='ocrx_word' id='word_1_469' title='bbox 1721 3997 1993 4058; x_wconf 88' lang='lat' dir='ltr'><strong>dissolvit,</strong></span> <span class='ocrx_word' id='word_1_470' title='bbox 2040 4004 2094 4050; x_wconf 90' lang='lat' dir='ltr'><strong>et</strong></span> 
     </span>
    </p>
   </div>
   <div class='ocr_carea' id='block_1_61' title="bbox 524 4086 2093 4164">
    <p class='ocr_par' dir='ltr' id='par_1_61' title="bbox 524 4086 2093 4164">
     <span class='ocr_line' id='line_1_61' title="bbox 524 4086 2093 4164; baseline -0.007 -13"><span class='ocrx_word' id='word_1_471' title='bbox 524 4098 718 4152; x_wconf 89' lang='lat' dir='ltr'><strong>mortis</strong></span> <span class='ocrx_word' id='word_1_472' title='bbox 749 4094 1050 4164; x_wconf 85' lang='lat' dir='ltr'><strong>potentiam</strong></span> <span class='ocrx_word' id='word_1_473' title='bbox 1105 4090 1428 4153; x_wconf 79' lang='lat' dir='ltr'><strong>exiuanivit,</strong></span> <span class='ocrx_word' id='word_1_474' title='bbox 1494 4102 1590 4144; x_wconf 91' lang='lat' dir='ltr'><strong>eos</strong></span> <span class='ocrx_word' id='word_1_475' title='bbox 1616 4088 1709 4158; x_wconf 92' lang='lat' dir='ltr'><strong>qui</strong></span> <span class='ocrx_word' id='word_1_476' title='bbox 1780 4086 1865 4142; x_wconf 88' lang='lat' dir='ltr'><strong>vel</strong></span> <span class='ocrx_word' id='word_1_477' title='bbox 1918 4086 2093 4157; x_wconf 87' lang='lat' dir='ltr'><strong>ipsius</strong></span> 
     </span>
    </p>
   </div>
   <div class='ocr_carea' id='block_1_62' title="bbox 524 4178 2091 4251">
    <p class='ocr_par' dir='ltr' id='par_1_62' title="bbox 524 4178 2091 4251">
     <span class='ocr_line' id='line_1_62' title="bbox 524 4178 2091 4251; baseline -0.005 -10"><span class='ocrx_word' id='word_1_478' title='bbox 524 4201 687 4242; x_wconf 69' lang='lat' dir='ltr'><strong>terrae</strong></span> <span class='ocrx_word' id='word_1_479' title='bbox 747 4184 1083 4239; x_wconf 87' lang='lat' dir='ltr'><strong>habitatione</strong></span> <span class='ocrx_word' id='word_1_480' title='bbox 1134 4181 1342 4251; x_wconf 85' lang='lat' dir='ltr'><strong>indigni</strong></span> <span class='ocrx_word' id='word_1_481' title='bbox 1377 4188 1557 4244; x_wconf 88' lang='lat' dir='ltr'><strong>erant,</strong></span> <span class='ocrx_word' id='word_1_482' title='bbox 1587 4178 1713 4234; x_wconf 79' lang='lat' dir='ltr'><strong>fecit</strong></span> <span class='ocrx_word' id='word_1_483' title='bbox 1742 4193 1868 4235; x_wconf 92' lang='lat' dir='ltr'><strong>esse</strong></span> <span class='ocrx_word' id='word_1_484' title='bbox 1897 4179 2091 4249; x_wconf 87' lang='lat' dir='ltr'><strong>dignos</strong></span> 
     </span>
    </p>
   </div>
   <div class='ocr_carea' id='block_1_63' title="bbox 521 4269 2091 4344">
    <p class='ocr_par' dir='ltr' id='par_1_63' title="bbox 521 4269 2091 4344">
     <span class='ocr_line' id='line_1_63' title="bbox 521 4269 2091 4344; baseline -0.007 -10"><span class='ocrx_word' id='word_1_485' title='bbox 521 4281 687 4344; x_wconf 66' lang='lat' dir='ltr'><strong>caelo,</strong></span> <span class='ocrx_word' id='word_1_486' title='bbox 730 4276 935 4332; x_wconf 87' lang='lat' dir='ltr'><strong>erroris</strong></span> <span class='ocrx_word' id='word_1_487' title='bbox 966 4274 1221 4329; x_wconf 87' lang='lat' dir='ltr'><strong>tenebras</strong></span> <span class='ocrx_word' id='word_1_488' title='bbox 1271 4272 1545 4335; x_wconf 82' lang='lat' dir='ltr'><strong>dissolvit,</strong></span> <span class='ocrx_word' id='word_1_489' title='bbox 1602 4269 1813 4340; x_wconf 79' lang='lat' dir='ltr'><strong>fugavit</strong></span> <span class='ocrx_word' id='word_1_490' title='bbox 1846 4278 2091 4339; x_wconf 91' lang='lat' dir='ltr'><strong>peccata,</strong></span> 
     </span>
    </p>
   </div>
   <div class='ocr_carea' id='block_1_64' title="bbox 525 4361 2094 4441">
    <p class='ocr_par' dir='ltr' id='par_1_64' title="bbox 525 4361 2094 4441">
     <span class='ocr_line' id='line_1_64' title="bbox 525 4361 2094 4441; baseline -0.003 -20"><span class='ocrx_word' id='word_1_491' title='bbox 525 4370 792 4441; x_wconf 84' lang='lat' dir='ltr'><strong>plantavit</strong></span> <span class='ocrx_word' id='word_1_492' title='bbox 870 4370 1125 4429; x_wconf 84' lang='lat' dir='ltr'><strong>virtutes,</strong></span> <span class='ocrx_word' id='word_1_493' title='bbox 1180 4375 1234 4420; x_wconf 91' lang='lat' dir='ltr'><strong>et</strong></span> <span class='ocrx_word' id='word_1_494' title='bbox 1296 4362 1788 4419; x_wconf 86' lang='lat' dir='ltr'><strong>innumerabilibus</strong></span> <span class='ocrx_word' id='word_1_495' title='bbox 1858 4361 2094 4433; x_wconf 88' lang='lat' dir='ltr'><strong>denique</strong></span> 
     </span>
    </p>
   </div>
   <div class='ocr_carea' id='block_1_65' title="bbox 522 4457 1247 4526">
    <p class='ocr_par' dir='ltr' id='par_1_65' title="bbox 522 4457 1247 4526">
     <span class='ocr_line' id='line_1_65' title="bbox 522 4457 1247 4526; baseline -0.01 -10"><span class='ocrx_word' id='word_1_496' title='bbox 522 4462 681 4516; x_wconf 86' lang='lat' dir='ltr'><strong>bonis</strong></span> <span class='ocrx_word' id='word_1_497' title='bbox 709 4460 970 4514; x_wconf 88' lang='lat' dir='ltr'><strong>mundum</strong></span> <span class='ocrx_word' id='word_1_498' title='bbox 1000 4457 1247 4526; x_wconf 89' lang='lat' dir='ltr'><strong>replevit.</strong></span> 
     </span>
    </p>
   </div>
   <div class='ocr_carea' id='block_1_66' title="bbox 591 4543 2093 4615">
    <p class='ocr_par' dir='ltr' id='par_1_66' title="bbox 591 4543 2093 4615">
     <span class='ocr_line' id='line_1_66' title="bbox 591 4543 2093 4615; baseline -0.006 -9"><span class='ocrx_word' id='word_1_499' title='bbox 591 4551 963 4612; x_wconf 74' lang='lat' dir='ltr'><strong>Exsultemus,</strong></span> <span class='ocrx_word' id='word_1_500' title='bbox 994 4558 1043 4603; x_wconf 91' lang='lat' dir='ltr'><strong>et</strong></span> <span class='ocrx_word' id='word_1_501' title='bbox 1073 4549 1311 4601; x_wconf 78' lang='lat' dir='ltr'><strong>lwtemur</strong></span> <span class='ocrx_word' id='word_1_502' title='bbox 1339 4546 1394 4600; x_wconf 87' lang='lat' dir='ltr'><strong>in</strong></span> <span class='ocrx_word' id='word_1_503' title='bbox 1445 4561 1526 4599; x_wconf 82' lang='lat' dir='ltr'><strong>ea.</strong></span> <span class='ocrx_word' id='word_1_504' title='bbox 1565 4543 1849 4615; x_wconf 86' lang='lat' dir='ltr'><strong>Spirituaii</strong></span> <span class='ocrx_word' id='word_1_505' title='bbox 1881 4545 2093 4599; x_wconf 87' lang='lat' dir='ltr'><strong>scilicet</strong></span> 
     </span>
    </p>
   </div>
   <div class='ocr_carea' id='block_1_67' title="bbox 521 4637 2096 4715">
    <p class='ocr_par' dir='ltr' id='par_1_67' title="bbox 521 4637 2096 4715">
     <span class='ocr_line' id='line_1_67' title="bbox 521 4637 2096 4715; baseline -0.004 -18"><span class='ocrx_word' id='word_1_506' title='bbox 521 4648 742 4715; x_wconf 87' lang='lat' dir='ltr'><strong>gaudio.</strong></span> <span class='ocrx_word' id='word_1_507' title='bbox 782 4643 1118 4697; x_wconf 82' lang='lat' dir='ltr'><strong>Exhortatur</strong></span> <span class='ocrx_word' id='word_1_508' title='bbox 1165 4648 1346 4694; x_wconf 87' lang='lat' dir='ltr'><strong>autem</strong></span> <span class='ocrx_word' id='word_1_509' title='bbox 1412 4637 1600 4692; x_wconf 75' lang='lat' dir='ltr'><strong>fideles</strong></span> <span class='ocrx_word' id='word_1_510' title='bbox 1644 4652 1837 4693; x_wconf 85' lang='lat' dir='ltr'><strong>omnes</strong></span> <span class='ocrx_word' id='word_1_511' title='bbox 1863 4637 1929 4689; x_wconf 88' lang='lat' dir='ltr'><strong>ad</strong></span> <span class='ocrx_word' id='word_1_512' title='bbox 1956 4637 2096 4691; x_wconf 88' lang='lat' dir='ltr'><strong>hanc</strong></span> 
     </span>
    </p>
   </div>
   <div class='ocr_carea' id='block_1_68' title="bbox 523 4729 2095 4804">
    <p class='ocr_par' dir='ltr' id='par_1_68' title="bbox 523 4729 2095 4804">
     <span class='ocr_line' id='line_1_68' title="bbox 523 4729 2095 4804; baseline -0.004 -13"><span class='ocrx_word' id='word_1_513' title='bbox 523 4738 789 4798; x_wconf 64' lang='lat' dir='ltr'><strong>laetitiam,</strong></span> <span class='ocrx_word' id='word_1_514' title='bbox 831 4746 1089 4803; x_wconf 89' lang='lat' dir='ltr'><strong>tanquam</strong></span> <span class='ocrx_word' id='word_1_515' title='bbox 1152 4734 1347 4804; x_wconf 88' lang='lat' dir='ltr'><strong>dignos</strong></span> <span class='ocrx_word' id='word_1_516' title='bbox 1394 4732 1562 4787; x_wconf 87' lang='lat' dir='ltr'><strong>tantis</strong></span> <span class='ocrx_word' id='word_1_517' title='bbox 1631 4730 1793 4785; x_wconf 84' lang='lat' dir='ltr'><strong>bonis</strong></span> <span class='ocrx_word' id='word_1_518' title='bbox 1853 4729 2095 4785; x_wconf 81' lang='lat' dir='ltr'><strong>eﬂ‘ectos.</strong></span> 
     </span>
    </p>
   </div>
   <div class='ocr_carea' id='block_1_69' title="bbox 592 4822 2095 4892">
    <p class='ocr_par' dir='ltr' id='par_1_69' title="bbox 592 4822 2095 4892">
     <span class='ocr_line' id='line_1_69' title="bbox 592 4822 2095 4892; baseline -0.004 -12"><span class='ocrx_word' id='word_1_519' title='bbox 592 4825 757 4882; x_wconf 69' lang='lat' dir='ltr'><strong>Vsus.</strong></span> <span class='ocrx_word' id='word_1_520' title='bbox 783 4826 873 4881; x_wconf 70' lang='lat'><strong>25.</strong></span> <span class='ocrx_word' id='word_1_521' title='bbox 907 4826 952 4881; x_wconf 85' lang='lat'><em>0</em></span> <span class='ocrx_word' id='word_1_522' title='bbox 997 4824 1423 4892; x_wconf 82' lang='lat' dir='ltr'><strong>Domine,.salva</strong></span> <span class='ocrx_word' id='word_1_523' title='bbox 1451 4841 1597 4879; x_wconf 74' lang='lat' dir='ltr'><strong>sane.</strong></span> <span class='ocrx_word' id='word_1_524' title='bbox 1644 4822 1907 4892; x_wconf 88' lang='lat' dir='ltr'><strong>Populum</strong></span> <span class='ocrx_word' id='word_1_525' title='bbox 1941 4828 2095 4876; x_wconf 83' lang='lat' dir='ltr'><strong>tuum</strong></span> 
     </span>
    </p>
   </div>
   <div class='ocr_carea' id='block_1_70' title="bbox 520 4919 749 4974">
    <p class='ocr_par' dir='ltr' id='par_1_70' title="bbox 520 4919 749 4974">
     <span class='ocr_line' id='line_1_70' title="bbox 520 4919 749 4974; baseline -0.017 0"><span class='ocrx_word' id='word_1_526' title='bbox 520 4919 749 4974; x_wconf 73' lang='lat' dir='ltr'><strong>scilicet.</strong></span> 
     </span>
    </p>
   </div>
   <div class='ocr_carea' id='block_1_71' title="bbox 591 4999 2095 5072">
    <p class='ocr_par' dir='ltr' id='par_1_71' title="bbox 591 4999 2095 5072">
     <span class='ocr_line' id='line_1_71' title="bbox 591 4999 2095 5072; baseline -0.007 -9"><span class='ocrx_word' id='word_1_527' title='bbox 591 5009 635 5064; x_wconf 92' lang='grc' dir='ltr'><em>Ο</em></span> <span class='ocrx_word' id='word_1_528' title='bbox 665 5007 906 5068; x_wconf 82' lang='lat' dir='ltr'><strong>Domine,</strong></span> <span class='ocrx_word' id='word_1_529' title='bbox 940 5005 1062 5058; x_wconf 83' lang='lat' dir='ltr'><strong>bene</strong></span> <span class='ocrx_word' id='word_1_530' title='bbox 1087 5018 1360 5072; x_wconf 80' lang='lat' dir='ltr'><strong>prospera.</strong></span> <span class='ocrx_word' id='word_1_531' title='bbox 1408 4999 1673 5070; x_wconf 85' lang='lat' dir='ltr'><strong>Populum</strong></span> <span class='ocrx_word' id='word_1_532' title='bbox 1732 5011 1886 5053; x_wconf 90' lang='lat' dir='ltr'><strong>tuum</strong></span> <span class='ocrx_word' id='word_1_533' title='bbox 1929 4999 2095 5053; x_wconf 89' lang='lat' dir='ltr'><strong>nimi-</strong></span> 
     </span>
    </p>
   </div>
   <div class='ocr_carea' id='block_1_72' title="bbox 522 5090 1890 5164">
    <p class='ocr_par' dir='ltr' id='par_1_72' title="bbox 522 5090 1890 5164">
     <span class='ocr_line' id='line_1_72' title="bbox 522 5090 1890 5164; baseline -0.005 -12"><span class='ocrx_word' id='word_1_534' title='bbox 522 5117 664 5163; x_wconf 77' lang='lat' dir='ltr'><strong>rum,</strong></span> <span class='ocrx_word' id='word_1_535' title='bbox 729 5106 825 5152; x_wconf 87' lang='lat' dir='ltr'><strong>ant</strong></span> <span class='ocrx_word' id='word_1_536' title='bbox 883 5096 1212 5164; x_wconf 72' lang='lat' dir='ltr'><strong>evangelica:</strong></span> <span class='ocrx_word' id='word_1_537' title='bbox 1264 5092 1669 5164; x_wconf 63' lang='lat' dir='ltr'><strong>praedicationis</strong></span> <span class='ocrx_word' id='word_1_538' title='bbox 1709 5090 1890 5145; x_wconf 78' lang='lat' dir='ltr'><strong>(idem.</strong></span> 
     </span>
    </p>
   </div>
   <div class='ocr_carea' id='block_1_73' title="bbox 590 5180 2097 5252">
    <p class='ocr_par' dir='ltr' id='par_1_73' title="bbox 590 5180 2097 5252">
     <span class='ocr_line' id='line_1_73' title="bbox 590 5180 2097 5252; baseline -0.008 -7"><span class='ocrx_word' id='word_1_539' title='bbox 590 5192 755 5245; x_wconf 70' lang='lat' dir='ltr'><strong>Vens.</strong></span> <span class='ocrx_word' id='word_1_540' title='bbox 786 5189 878 5245; x_wconf 71' lang='lat'><strong>26.</strong></span> <span class='ocrx_word' id='word_1_541' title='bbox 930 5186 1244 5242; x_wconf 70' lang='lat' dir='ltr'><strong>Benedictus</strong></span> <span class='ocrx_word' id='word_1_542' title='bbox 1286 5184 1375 5252; x_wconf 84' lang='lat' dir='ltr'><strong>qui</strong></span> <span class='ocrx_word' id='word_1_543' title='bbox 1420 5183 1553 5236; x_wconf 67' lang='lat' dir='ltr'><strong>venit</strong></span> <span class='ocrx_word' id='word_1_544' title='bbox 1585 5183 1637 5234; x_wconf 89' lang='lat' dir='ltr'><strong>in</strong></span> <span class='ocrx_word' id='word_1_545' title='bbox 1669 5182 1873 5235; x_wconf 83' lang='lat' dir='ltr'><strong>nomine</strong></span> <span class='ocrx_word' id='word_1_546' title='bbox 1915 5180 2097 5234; x_wconf 79' lang='lat' dir='ltr'><strong>Domi-</strong></span> 
     </span>
    </p>
   </div>
   <div class='ocr_carea' id='block_1_74' title="bbox 522 5276 2096 5345">
    <p class='ocr_par' dir='ltr' id='par_1_74' title="bbox 522 5276 2096 5345">
     <span class='ocr_line' id='line_1_74' title="bbox 522 5276 2096 5345; baseline -0.006 -8"><span class='ocrx_word' id='word_1_547' title='bbox 522 5286 599 5337; x_wconf 87' lang='lat' dir='ltr'><strong>ni.</strong></span> <span class='ocrx_word' id='word_1_548' title='bbox 635 5282 746 5338; x_wconf 85' lang='lat' dir='ltr'><strong>iioc</strong></span> <span class='ocrx_word' id='word_1_549' title='bbox 785 5284 949 5339; x_wconf 87' lang='lat' dir='ltr'><strong>etiam</strong></span> <span class='ocrx_word' id='word_1_550' title='bbox 1000 5281 1067 5333; x_wconf 85' lang='lat' dir='ltr'><strong>ad</strong></span> <span class='ocrx_word' id='word_1_551' title='bbox 1101 5278 1376 5333; x_wconf 71' lang='lat' dir='ltr'><strong>Christum</strong></span> <span class='ocrx_word' id='word_1_552' title='bbox 1443 5276 1698 5345; x_wconf 86' lang='lat' dir='ltr'><strong>pertinet,</strong></span> <span class='ocrx_word' id='word_1_553' title='bbox 1763 5278 1854 5342; x_wconf 87' lang='lat' dir='ltr'><strong>qui</strong></span> <span class='ocrx_word' id='word_1_554' title='bbox 1908 5278 2096 5328; x_wconf 86' lang='lat' dir='ltr'><strong>venire</strong></span> 
     </span>
    </p>
   </div>
   <div class='ocr_carea' id='block_1_75' title="bbox 520 5366 2092 5433">
    <p class='ocr_par' dir='ltr' id='par_1_75' title="bbox 520 5366 2092 5433">
     <span class='ocr_line' id='line_1_75' title="bbox 520 5366 2092 5433; baseline -0.006 -3"><span class='ocrx_word' id='word_1_555' title='bbox 520 5377 722 5430; x_wconf 89' lang='lat' dir='ltr'><strong>dicitur</strong></span> <span class='ocrx_word' id='word_1_556' title='bbox 780 5375 833 5427; x_wconf 93' lang='lat' dir='ltr'><strong>in</strong></span> <span class='ocrx_word' id='word_1_557' title='bbox 890 5373 1109 5427; x_wconf 87' lang='lat' dir='ltr'><strong>nomine</strong></span> <span class='ocrx_word' id='word_1_558' title='bbox 1158 5370 1390 5431; x_wconf 83' lang='lat' dir='ltr'><strong>Domini,</strong></span> <span class='ocrx_word' id='word_1_559' title='bbox 1450 5368 1553 5421; x_wconf 87' lang='lat' dir='ltr'><strong>hoc</strong></span> <span class='ocrx_word' id='word_1_560' title='bbox 1621 5378 1724 5433; x_wconf 89' lang='lat' dir='ltr'><strong>est,</strong></span> <span class='ocrx_word' id='word_1_561' title='bbox 1760 5382 1789 5420; x_wconf 92' lang='lat' dir='ltr'><strong>a</strong></span> <span class='ocrx_word' id='word_1_562' title='bbox 1864 5366 2092 5421; x_wconf 90' lang='lat' dir='ltr'><strong>Domino</strong></span> 
     </span>
    </p>
   </div>
   <div class='ocr_carea' id='block_1_76' title="bbox 519 5459 2090 5535">
    <p class='ocr_par' dir='ltr' id='par_1_76' title="bbox 519 5459 2090 5535">
     <span class='ocr_line' id='line_1_76' title="bbox 519 5459 2090 5535; baseline -0.003 -16"><span class='ocrx_word' id='word_1_563' title='bbox 519 5468 699 5533; x_wconf 86' lang='lat' dir='ltr'><strong>Patre,</strong></span> <span class='ocrx_word' id='word_1_564' title='bbox 775 5475 939 5535; x_wconf 86' lang='lat' dir='ltr'><strong>atque</strong></span> <span class='ocrx_word' id='word_1_565' title='bbox 994 5465 1064 5519; x_wconf 87' lang='lat' dir='ltr'><strong>ab</strong></span> <span class='ocrx_word' id='word_1_566' title='bbox 1122 5465 1241 5533; x_wconf 83' lang='lat' dir='ltr'><strong>ejus</strong></span> <span class='ocrx_word' id='word_1_567' title='bbox 1298 5460 1628 5516; x_wconf 73' lang='lat' dir='ltr'><strong>substantia.</strong></span> <span class='ocrx_word' id='word_1_568' title='bbox 1704 5459 1970 5524; x_wconf 79' lang='lat' dir='ltr'><strong>Quocirca</strong></span> <span class='ocrx_word' id='word_1_569' title='bbox 2023 5461 2090 5515; x_wconf 83' lang='lat' dir='ltr'><strong>ad</strong></span> 
     </span>
    </p>
   </div>
   <div class='ocr_carea' id='block_1_77' title="bbox 519 5550 2089 5627">
    <p class='ocr_par' dir='ltr' id='par_1_77' title="bbox 519 5550 2089 5627">
     <span class='ocr_line' id='line_1_77' title="bbox 519 5550 2089 5627; baseline -0.002 -18"><span class='ocrx_word' id='word_1_570' title='bbox 519 5557 731 5611; x_wconf 70' lang='lat' dir='ltr'><strong>.ludzeos</strong></span> <span class='ocrx_word' id='word_1_571' title='bbox 778 5557 996 5611; x_wconf 86' lang='lat' dir='ltr'><strong>diccbat</strong></span> <span class='ocrx_word' id='word_1_572' title='bbox 1028 5575 1040 5613; x_wconf 89' lang='lat'><strong>:</strong></span> <span class='ocrx_word' id='word_1_573' title='bbox 1076 5555 1187 5627; x_wconf 82' lang='lat' dir='ltr'><strong>Ego</strong></span> <span class='ocrx_word' id='word_1_574' title='bbox 1236 5555 1349 5608; x_wconf 78' lang='lat' dir='ltr'><strong>veni</strong></span> <span class='ocrx_word' id='word_1_575' title='bbox 1400 5553 1455 5605; x_wconf 86' lang='lat' dir='ltr'><strong>in</strong></span> <span class='ocrx_word' id='word_1_576' title='bbox 1514 5552 1721 5605; x_wconf 84' lang='lat' dir='ltr'><strong>nomine</strong></span> <span class='ocrx_word' id='word_1_577' title='bbox 1789 5550 1989 5616; x_wconf 85' lang='lat' dir='ltr'><strong>Patris,</strong></span> <span class='ocrx_word' id='word_1_578' title='bbox 2041 5563 2089 5606; x_wconf 83' lang='lat' dir='ltr'><strong>et</strong></span> 
     </span>
    </p>
   </div>
   <div class='ocr_carea' id='block_1_78' title="bbox 594 5724 1618 5795">
    <p class='ocr_par' dir='ltr' id='par_1_78' title="bbox 594 5724 1618 5795">
     <span class='ocr_line' id='line_1_78' title="bbox 594 5724 1618 5795; baseline -0.002 -14"><span class='ocrx_word' id='word_1_579' title='bbox 594 5731 863 5794; x_wconf 66' lang='lat' dir='ltr'><strong>“liplies.</strong></span> <span class='ocrx_word' id='word_1_580' title='bbox 896 5731 1065 5795; x_wconf 59' lang='lat'><strong>11,”.</strong></span> <span class='ocrx_word' id='word_1_581' title='bbox 1144 5728 1187 5758; x_wconf 87' lang='lat'><strong>&quot;’</strong></span> <span class='ocrx_word' id='word_1_582' title='bbox 1215 5725 1373 5782; x_wconf 82' lang='lat' dir='ltr'><strong>Joau.</strong></span> <span class='ocrx_word' id='word_1_583' title='bbox 1423 5741 1476 5790; x_wconf 74' lang='grc' dir='ltr'><strong>κ,</strong></span> <span class='ocrx_word' id='word_1_584' title='bbox 1529 5724 1618 5779; x_wconf 76' lang='grc'><strong>16.</strong></span> 
     </span>
    </p>
   </div>
   <div class='ocr_carea' id='block_1_79' title="bbox 2259 2357 3772 2431">
    <p class='ocr_par' dir='ltr' id='par_1_79' title="bbox 2259 2357 3772 2431">
     <span class='ocr_line' id='line_1_79' title="bbox 2259 2357 3772 2431; baseline 0.002 -21"><span class='ocrx_word' id='word_1_585' title='bbox 2259 2357 2423 2424; x_wconf 82' lang='grc' dir='ltr'><strong>Παρὰ</strong></span> <span class='ocrx_word' id='word_1_586' title='bbox 2444 2359 2668 2427; x_wconf 79' lang='grc' dir='ltr'><strong>Κυρίου</strong></span> <span class='ocrx_word' id='word_1_587' title='bbox 2709 2360 2949 2428; x_wconf 78' lang='grc' dir='ltr'>ἐγένετο</span> <span class='ocrx_word' id='word_1_588' title='bbox 2979 2359 3155 2427; x_wconf 84' lang='grc' dir='ltr'>αὕτη,</span> <span class='ocrx_word' id='word_1_589' title='bbox 3200 2361 3297 2414; x_wconf 79' lang='grc' dir='ltr'><strong>καί</strong></span> <span class='ocrx_word' id='word_1_590' title='bbox 3324 2360 3474 2428; x_wconf 80' lang='grc' dir='ltr'>ἔστη</span> <span class='ocrx_word' id='word_1_591' title='bbox 3538 2363 3772 2431; x_wconf 77' lang='grc' dir='ltr'>θαυμα-</span> 
     </span>
    </p>
   </div>
   <div class='ocr_carea' id='block_1_80' title="bbox 2191 2448 3771 2523">
    <p class='ocr_par' dir='ltr' id='par_1_80' title="bbox 2191 2448 3771 2523">
     <span class='ocr_line' id='line_1_80' title="bbox 2191 2448 3771 2523; baseline 0.003 -23"><span class='ocrx_word' id='word_1_592' title='bbox 2191 2448 2307 2516; x_wconf 81' lang='grc' dir='ltr'>στὴ</span> <span class='ocrx_word' id='word_1_593' title='bbox 2349 2450 2420 2502; x_wconf 84' lang='grc' dir='ltr'>ἐν</span> <span class='ocrx_word' id='word_1_594' title='bbox 2478 2450 3019 2521; x_wconf 62' lang='grc' dir='ltr'>ὀφθαλμοῖς-ἡμῶν.</span> <span class='ocrx_word' id='word_1_595' title='bbox 3063 2451 3211 2521; x_wconf 79' lang='grc' dir='ltr'>Αὕτη</span> <span class='ocrx_word' id='word_1_596' title='bbox 3246 2454 3277 2521; x_wconf 94' lang='grc' dir='ltr'><strong>ἡ</strong></span> <span class='ocrx_word' id='word_1_597' title='bbox 3308 2452 3501 2518; x_wconf 81' lang='grc' dir='ltr'>γωνία,</span> <span class='ocrx_word' id='word_1_598' title='bbox 3552 2452 3699 2520; x_wconf 80' lang='grc' dir='ltr'>αὕτη</span> <span class='ocrx_word' id='word_1_599' title='bbox 3741 2456 3771 2523; x_wconf 84' lang='grc' dir='ltr'><strong>ἡ</strong></span> 
     </span>
    </p>
   </div>
   <div class='ocr_carea' id='block_1_81' title="bbox 2196 2538 3771 2615">
    <p class='ocr_par' dir='ltr' id='par_1_81' title="bbox 2196 2538 3771 2615">
     <span class='ocr_line' id='line_1_81' title="bbox 2196 2538 3771 2615; baseline 0.003 -23"><span class='ocrx_word' id='word_1_600' title='bbox 2196 2541 2417 2605; x_wconf 75' lang='grc' dir='ltr'>σύνοδος</span> <span class='ocrx_word' id='word_1_601' title='bbox 2472 2542 2580 2596; x_wconf 85' lang='grc' dir='ltr'>τῶν</span> <span class='ocrx_word' id='word_1_602' title='bbox 2637 2544 2730 2597; x_wconf 78' lang='grc' dir='ltr'><strong>δύο</strong></span> <span class='ocrx_word' id='word_1_603' title='bbox 2788 2544 2955 2597; x_wconf 87' lang='grc' dir='ltr'>λαῶν.</span> <span class='ocrx_word' id='word_1_604' title='bbox 3009 2538 3561 2606; x_wconf 80' lang='grc' dir='ltr'>Οὗτοςὸσύνδεσμος</span> <span class='ocrx_word' id='word_1_605' title='bbox 3613 2547 3771 2615; x_wconf 68' lang='grc' dir='ltr'>παρὰ</span> 
     </span>
    </p>
   </div>
   <div class='ocr_carea' id='block_1_82' title="bbox 2194 2631 3772 2705">
    <p class='ocr_par' dir='ltr' id='par_1_82' title="bbox 2194 2631 3772 2705">
     <span class='ocr_line' id='line_1_82' title="bbox 2194 2631 3772 2705; baseline 0.003 -22"><span class='ocrx_word' id='word_1_606' title='bbox 2194 2631 2330 2685; x_wconf 92' lang='grc' dir='ltr'>Θεοῦ</span> <span class='ocrx_word' id='word_1_607' title='bbox 2362 2634 2601 2700; x_wconf 79' lang='grc' dir='ltr'>ἐγένετο,</span> <span class='ocrx_word' id='word_1_608' title='bbox 2637 2635 2732 2688; x_wconf 73' lang='grc' dir='ltr'><strong>καὶ</strong></span> <span class='ocrx_word' id='word_1_609' title='bbox 2768 2636 2828 2689; x_wconf 85' lang='grc' dir='ltr'><strong>οῦ</strong></span> <span class='ocrx_word' id='word_1_610' title='bbox 2863 2635 3017 2705; x_wconf 61' lang='grc' dir='ltr'>ποιρά</span> <span class='ocrx_word' id='word_1_611' title='bbox 3083 2636 3376 2704; x_wconf 84' lang='grc' dir='ltr'>ἀνθρώπου</span> <span class='ocrx_word' id='word_1_612' title='bbox 3425 2635 3604 2704; x_wconf 73' lang='grc' dir='ltr'>ψιλοῦ.</span> <span class='ocrx_word' id='word_1_613' title='bbox 3664 2638 3772 2688; x_wconf 70' lang='grc' dir='ltr'><strong>Καὶ</strong></span> 
     </span>
    </p>
   </div>
   <div class='ocr_carea' id='block_1_83' title="bbox 2195 2722 3765 2797">
    <p class='ocr_par' dir='ltr' id='par_1_83' title="bbox 2195 2722 3765 2797">
     <span class='ocr_line' id='line_1_83' title="bbox 2195 2722 3765 2797; baseline 0.001 -22"><span class='ocrx_word' id='word_1_614' title='bbox 2195 2722 2311 2775; x_wconf 79' lang='grc' dir='ltr'>ἔστι</span> <span class='ocrx_word' id='word_1_615' title='bbox 2334 2723 2631 2795; x_wconf 79' lang='grc' dir='ltr'>θαυμαστὴ</span> <span class='ocrx_word' id='word_1_616' title='bbox 2657 2728 2714 2777; x_wconf 83' lang='grc' dir='ltr'>ὲν</span> <span class='ocrx_word' id='word_1_617' title='bbox 2742 2725 3044 2796; x_wconf 77' lang='grc' dir='ltr'><strong>ὀφθαλμοῖς</strong></span> <span class='ocrx_word' id='word_1_618' title='bbox 3068 2727 3243 2797; x_wconf 79' lang='grc' dir='ltr'>ἡμῶν,</span> <span class='ocrx_word' id='word_1_619' title='bbox 3280 2727 3390 2780; x_wconf 81' lang='grc' dir='ltr'><strong>τῶν</strong></span> <span class='ocrx_word' id='word_1_620' title='bbox 3423 2726 3552 2779; x_wconf 78' lang='grc' dir='ltr'><strong>ἰδεῖν</strong></span> <span class='ocrx_word' id='word_1_621' title='bbox 3591 2727 3765 2797; x_wconf 76' lang='grc' dir='ltr'>αὐτὴν</span> 
     </span>
    </p>
   </div>
   <div class='ocr_carea' id='block_1_84' title="bbox 2196 2813 3771 2888">
    <p class='ocr_par' dir='ltr' id='par_1_84' title="bbox 2196 2813 3771 2888">
     <span class='ocr_line' id='line_1_84' title="bbox 2196 2813 3771 2888; baseline 0.004 -24"><span class='ocrx_word' id='word_1_622' title='bbox 2196 2813 2558 2879; x_wconf 76' lang='grc' dir='ltr'>ἀξιωθέντωνο</span> <span class='ocrx_word' id='word_1_623' title='bbox 2620 2817 2716 2870; x_wconf 76' lang='grc' dir='ltr'>καὶ</span> <span class='ocrx_word' id='word_1_624' title='bbox 2770 2817 2887 2880; x_wconf 82' lang='grc' dir='ltr'>πῶς</span> <span class='ocrx_word' id='word_1_625' title='bbox 2941 2817 3050 2888; x_wconf 74' lang='grc' dir='ltr'>γὰρ</span> <span class='ocrx_word' id='word_1_626' title='bbox 3090 2818 3151 2870; x_wconf 86' lang='grc' dir='ltr'><strong>ού</strong></span> <span class='ocrx_word' id='word_1_627' title='bbox 3188 2818 3502 2887; x_wconf 76' lang='grc' dir='ltr'>θαυμαστὸν</span> <span class='ocrx_word' id='word_1_628' title='bbox 3532 2817 3771 2870; x_wconf 77' lang='grc' dir='ltr'>τοιοῦτον</span> 
     </span>
    </p>
   </div>
   <div class='ocr_carea' id='block_1_85' title="bbox 2196 2906 2388 2977">
    <p class='ocr_par' dir='ltr' id='par_1_85' title="bbox 2196 2906 2388 2977">
     <span class='ocr_line' id='line_1_85' title="bbox 2196 2906 2388 2977; baseline -0.021 -1"><span class='ocrx_word' id='word_1_629' title='bbox 2196 2906 2388 2977; x_wconf 74' lang='grc' dir='ltr'>ἔργονς</span> 
     </span>
    </p>
   </div>
   <div class='ocr_carea' id='block_1_86' title="bbox 2258 3084 3771 3160">
    <p class='ocr_par' dir='ltr' id='par_1_86' title="bbox 2258 3084 3771 3160">
     <span class='ocr_line' id='line_1_86' title="bbox 2258 3084 3771 3160; baseline 0.003 -21"><span class='ocrx_word' id='word_1_630' title='bbox 2258 3084 2417 3152; x_wconf 80' lang='grc' dir='ltr'><strong>Αὕτη</strong></span> <span class='ocrx_word' id='word_1_631' title='bbox 2452 3087 2489 3155; x_wconf 64' lang='grc' dir='ltr'>’ἡ</span> <span class='ocrx_word' id='word_1_632' title='bbox 2514 3088 2703 3157; x_wconf 77' lang='grc' dir='ltr'>ἡμέρα</span> <span class='ocrx_word' id='word_1_633' title='bbox 2752 3085 2827 3154; x_wconf 74' lang='grc' dir='ltr'>ἢν</span> <span class='ocrx_word' id='word_1_634' title='bbox 2857 3088 3147 3157; x_wconf 77' lang='grc' dir='ltr'>ἐποίησεν</span> <span class='ocrx_word' id='word_1_635' title='bbox 3180 3093 3213 3143; x_wconf 81' lang='grc' dir='ltr'><em>ὁ</em></span> <span class='ocrx_word' id='word_1_636' title='bbox 3242 3091 3474 3157; x_wconf 84' lang='grc' dir='ltr'>Κύριος.</span> <span class='ocrx_word' id='word_1_637' title='bbox 3521 3090 3771 3160; x_wconf 84' lang='grc' dir='ltr'>Ἦμέραν</span> 
     </span>
    </p>
   </div>
   <div class='ocr_carea' id='block_1_87' title="bbox 2201 3178 3769 3253">
    <p class='ocr_par' dir='ltr' id='par_1_87' title="bbox 2201 3178 3769 3253">
     <span class='ocr_line' id='line_1_87' title="bbox 2201 3178 3769 3253; baseline 0.003 -22"><span class='ocrx_word' id='word_1_638' title='bbox 2201 3178 2349 3246; x_wconf 81' lang='grc' dir='ltr'>λέγει</span> <span class='ocrx_word' id='word_1_639' title='bbox 2410 3182 2507 3249; x_wconf 81' lang='grc' dir='ltr'>τὴν</span> <span class='ocrx_word' id='word_1_640' title='bbox 2534 3180 2837 3253; x_wconf 74' lang='grc' dir='ltr'>εὐημερίαν</span> <span class='ocrx_word' id='word_1_641' title='bbox 2898 3182 2997 3252; x_wconf 73' lang='grc' dir='ltr'><strong>τῆς</strong></span> <span class='ocrx_word' id='word_1_642' title='bbox 3022 3181 3371 3251; x_wconf 77' lang='grc' dir='ltr'><strong>οἰκουμένης.</strong></span> <span class='ocrx_word' id='word_1_643' title='bbox 3413 3182 3626 3252; x_wconf 80' lang='grc' dir='ltr'>Ὠσπερ</span> <span class='ocrx_word' id='word_1_644' title='bbox 3662 3184 3769 3253; x_wconf 69' lang='grc' dir='ltr'>γὰρ</span> 
     </span>
    </p>
   </div>
   <div class='ocr_carea' id='block_1_88' title="bbox 2201 3272 3771 3348">
    <p class='ocr_par' dir='ltr' id='par_1_88' title="bbox 2201 3272 3771 3348">
     <span class='ocr_line' id='line_1_88' title="bbox 2201 3272 3771 3348; baseline 0.004 -24"><span class='ocrx_word' id='word_1_645' title='bbox 2201 3272 2415 3342; x_wconf 78' lang='grc' dir='ltr'>ἡμέραν</span> <span class='ocrx_word' id='word_1_646' title='bbox 2446 3272 2697 3340; x_wconf 82' lang='grc' dir='ltr'>λέγοντες</span> <span class='ocrx_word' id='word_1_647' title='bbox 2730 3276 3000 3346; x_wconf 80' lang='grc' dir='ltr'>πονηρὰν,</span> <span class='ocrx_word' id='word_1_648' title='bbox 3054 3275 3115 3327; x_wconf 82' lang='grc' dir='ltr'><strong>οὐ</strong></span> <span class='ocrx_word' id='word_1_649' title='bbox 3146 3275 3236 3329; x_wconf 73' lang='grc' dir='ltr'>τὸν</span> <span class='ocrx_word' id='word_1_650' title='bbox 3281 3276 3503 3344; x_wconf 73' lang='grc' dir='ltr'>ἡλιακὸν</span> <span class='ocrx_word' id='word_1_651' title='bbox 3533 3278 3771 3348; x_wconf 82' lang='grc' dir='ltr'>λέγομεν</span> 
     </span>
    </p>
   </div>
   <div class='ocr_carea' id='block_1_89' title="bbox 2197 3364 3770 3439">
    <p class='ocr_par' dir='ltr' id='par_1_89' title="bbox 2197 3364 3770 3439">
     <span class='ocr_line' id='line_1_89' title="bbox 2197 3364 3770 3439; baseline 0.006 -24"><span class='ocrx_word' id='word_1_652' title='bbox 2197 3364 2416 3431; x_wconf 84' lang='grc' dir='ltr'>δρόμον,</span> <span class='ocrx_word' id='word_1_653' title='bbox 2454 3364 2590 3417; x_wconf 87' lang='grc' dir='ltr'><strong>ἀλλά</strong></span> <span class='ocrx_word' id='word_1_654' title='bbox 2623 3365 2692 3417; x_wconf 72' lang='grc' dir='ltr'>τὰ</span> <span class='ocrx_word' id='word_1_655' title='bbox 2717 3367 2775 3418; x_wconf 78' lang='grc' dir='ltr'>ὲν</span> <span class='ocrx_word' id='word_1_656' title='bbox 2807 3368 2991 3438; x_wconf 79' lang='grc' dir='ltr'>ἐκείνῃ</span> <span class='ocrx_word' id='word_1_657' title='bbox 3025 3370 3088 3438; x_wconf 80' lang='grc' dir='ltr'>τῇ</span> <span class='ocrx_word' id='word_1_658' title='bbox 3144 3368 3329 3439; x_wconf 76' lang='grc' dir='ltr'>ἡμέρα</span> <span class='ocrx_word' id='word_1_659' title='bbox 3393 3370 3563 3433; x_wconf 85' lang='grc' dir='ltr'>κακά,</span> <span class='ocrx_word' id='word_1_660' title='bbox 3596 3371 3770 3433; x_wconf 75' lang='grc' dir='ltr'>οὕτως</span> 
     </span>
    </p>
   </div>
   <div class='ocr_carea' id='block_1_90' title="bbox 2198 3457 3770 3534">
    <p class='ocr_par' dir='ltr' id='par_1_90' title="bbox 2198 3457 3770 3534">
     <span class='ocr_line' id='line_1_90' title="bbox 2198 3457 3770 3534; baseline 0.006 -26"><span class='ocrx_word' id='word_1_661' title='bbox 2198 3457 2291 3508; x_wconf 69' lang='grc' dir='ltr'><strong>καὶ</strong></span> <span class='ocrx_word' id='word_1_662' title='bbox 2316 3458 2528 3527; x_wconf 78' lang='grc' dir='ltr'>ἡμέραν</span> <span class='ocrx_word' id='word_1_663' title='bbox 2557 3458 2918 3528; x_wconf 82' lang='grc' dir='ltr'>ὀνομάζοντες</span> <span class='ocrx_word' id='word_1_664' title='bbox 2942 3462 3175 3531; x_wconf 75' lang='grc' dir='ltr'>ἀγαθὴν,</span> <span class='ocrx_word' id='word_1_665' title='bbox 3204 3463 3273 3515; x_wconf 75' lang='grc' dir='ltr'>τὰ</span> <span class='ocrx_word' id='word_1_666' title='bbox 3300 3464 3356 3516; x_wconf 78' lang='grc' dir='ltr'>ἐν</span> <span class='ocrx_word' id='word_1_667' title='bbox 3395 3466 3533 3534; x_wconf 72' lang='grc' dir='ltr'>αὐτῇ</span> <span class='ocrx_word' id='word_1_668' title='bbox 3573 3464 3770 3533; x_wconf 81' lang='grc' dir='ltr'>δηλοῦ-</span> 
     </span>
    </p>
   </div>
   <div class='ocr_carea' id='block_1_91' title="bbox 2201 3547 3769 3623">
    <p class='ocr_par' dir='ltr' id='par_1_91' title="bbox 2201 3547 3769 3623">
     <span class='ocr_line' id='line_1_91' title="bbox 2201 3547 3769 3623; baseline 0.013 -27"><span class='ocrx_word' id='word_1_669' title='bbox 2201 3563 2299 3615; x_wconf 88' lang='grc' dir='ltr'><strong>μεν</strong></span> <span class='ocrx_word' id='word_1_670' title='bbox 2321 3547 2745 3617; x_wconf 82' lang='grc' dir='ltr'>κατορθώματα.</span> <span class='ocrx_word' id='word_1_671' title='bbox 2774 3550 2883 3601; x_wconf 72' lang='grc' dir='ltr'><strong>Καὶ</strong></span> <span class='ocrx_word' id='word_1_672' title='bbox 2899 3550 2993 3603; x_wconf 88' lang='grc' dir='ltr'><strong>νῦν</strong></span> <span class='ocrx_word' id='word_1_673' title='bbox 3016 3550 3109 3604; x_wconf 84' lang='grc' dir='ltr'><strong>οῦν</strong></span> <span class='ocrx_word' id='word_1_674' title='bbox 3145 3552 3215 3603; x_wconf 85' lang='grc' dir='ltr'><strong>τά</strong></span> <span class='ocrx_word' id='word_1_675' title='bbox 3249 3554 3306 3605; x_wconf 82' lang='grc' dir='ltr'>ὲν</span> <span class='ocrx_word' id='word_1_676' title='bbox 3335 3555 3401 3621; x_wconf 74' lang='grc' dir='ltr'>τῇ</span> <span class='ocrx_word' id='word_1_677' title='bbox 3444 3552 3635 3623; x_wconf 58' lang='grc' dir='ltr'><strong>ἡμέρᾳ⁴</strong></span> <span class='ocrx_word' id='word_1_678' title='bbox 3669 3554 3769 3623; x_wconf 78' lang='grc' dir='ltr'><strong>τῆς</strong></span> 
     </span>
    </p>
   </div>
   <div class='ocr_carea' id='block_1_92' title="bbox 2197 3636 3772 3713">
    <p class='ocr_par' dir='ltr' id='par_1_92' title="bbox 2197 3636 3772 3713">
     <span class='ocr_line' id='line_1_92' title="bbox 2197 3636 3772 3713; baseline 0.006 -26"><span class='ocrx_word' id='word_1_679' title='bbox 2197 3636 2546 3699; x_wconf 75' lang='grc' dir='ltr'>ἀναστάσεως</span> <span class='ocrx_word' id='word_1_680' title='bbox 2619 3638 2711 3690; x_wconf 90' lang='grc' dir='ltr'><strong>τοῦ</strong></span> <span class='ocrx_word' id='word_1_681' title='bbox 2775 3640 3013 3711; x_wconf 82' lang='grc' dir='ltr'>Χριστοῦ</span> <span class='ocrx_word' id='word_1_682' title='bbox 3070 3642 3472 3712; x_wconf 84' lang='grc' dir='ltr'>κατορθώματα</span> <span class='ocrx_word' id='word_1_683' title='bbox 3527 3662 3772 3713; x_wconf 82' lang='grc' dir='ltr'>προαγο-</span> 
     </span>
    </p>
   </div>
   <div class='ocr_carea' id='block_1_93' title="bbox 2202 3724 3769 3805">
    <p class='ocr_par' dir='ltr' id='par_1_93' title="bbox 2202 3724 3769 3805">
     <span class='ocr_line' id='line_1_93' title="bbox 2202 3724 3769 3805; baseline 0.007 -27"><span class='ocrx_word' id='word_1_684' title='bbox 2202 3724 2372 3796; x_wconf 89' lang='grc' dir='ltr'>ρεύει,</span> <span class='ocrx_word' id='word_1_685' title='bbox 2423 3729 2458 3782; x_wconf 82' lang='grc' dir='ltr'><strong>ἀ</strong></span> <span class='ocrx_word' id='word_1_686' title='bbox 2494 3731 2753 3801; x_wconf 82' lang='grc' dir='ltr'>ἐποίησεν</span> <span class='ocrx_word' id='word_1_687' title='bbox 2784 3734 2810 3784; x_wconf 87' lang='grc' dir='ltr'>ὁ</span> <span class='ocrx_word' id='word_1_688' title='bbox 2842 3732 3045 3803; x_wconf 83' lang='grc' dir='ltr'>Κύριος</span> <span class='ocrx_word' id='word_1_689' title='bbox 3073 3735 3231 3803; x_wconf 86' lang='grc' dir='ltr'>ἡμῶν</span> <span class='ocrx_word' id='word_1_690' title='bbox 3275 3733 3483 3804; x_wconf 78' lang='grc' dir='ltr'>Ἰησοῦς</span> <span class='ocrx_word' id='word_1_691' title='bbox 3503 3737 3769 3805; x_wconf 76' lang='grc' dir='ltr'>Χριστός.</span> 
     </span>
    </p>
   </div>
   <div class='ocr_carea' id='block_1_94' title="bbox 2197 3818 3769 3895">
    <p class='ocr_par' dir='ltr' id='par_1_94' title="bbox 2197 3818 3769 3895">
     <span class='ocr_line' id='line_1_94' title="bbox 2197 3818 3769 3895; baseline 0.003 -22"><span class='ocrx_word' id='word_1_692' title='bbox 2197 3818 2514 3889; x_wconf 82' lang='grc' dir='ltr'>Κατὴλλαξε</span> <span class='ocrx_word' id='word_1_693' title='bbox 2550 3822 2658 3891; x_wconf 80' lang='grc' dir='ltr'>γὰρ</span> <span class='ocrx_word' id='word_1_694' title='bbox 2679 3822 2767 3875; x_wconf 75' lang='grc' dir='ltr'><strong>τὸν</strong></span> <span class='ocrx_word' id='word_1_695' title='bbox 2792 3822 2923 3876; x_wconf 85' lang='grc' dir='ltr'>Θεὸν</span> <span class='ocrx_word' id='word_1_696' title='bbox 2956 3824 3091 3893; x_wconf 78' lang='grc' dir='ltr'>πρὸς</span> <span class='ocrx_word' id='word_1_697' title='bbox 3119 3823 3460 3895; x_wconf 84' lang='grc' dir='ltr'>ἀνθρώπους,</span> <span class='ocrx_word' id='word_1_698' title='bbox 3497 3826 3769 3878; x_wconf 74' lang='grc' dir='ltr'>κατέλυσε</span> 
     </span>
    </p>
   </div>
   <div class='ocr_carea' id='block_1_95' title="bbox 2196 3911 3769 3987">
    <p class='ocr_par' dir='ltr' id='par_1_95' title="bbox 2196 3911 3769 3987">
     <span class='ocr_line' id='line_1_95' title="bbox 2196 3911 3769 3987; baseline 0.004 -24"><span class='ocrx_word' id='word_1_699' title='bbox 2196 3911 2292 3982; x_wconf 86' lang='grc' dir='ltr'><strong>τὴν</strong></span> <span class='ocrx_word' id='word_1_700' title='bbox 2320 3913 2605 3982; x_wconf 83' lang='grc' dir='ltr'>τυραννίδα</span> <span class='ocrx_word' id='word_1_701' title='bbox 2634 3914 2727 3967; x_wconf 91' lang='grc' dir='ltr'><strong>τοῦ</strong></span> <span class='ocrx_word' id='word_1_702' title='bbox 2766 3914 3038 3981; x_wconf 77' lang='grc' dir='ltr'>διαϐόλου,</span> <span class='ocrx_word' id='word_1_703' title='bbox 3064 3918 3378 3987; x_wconf 79' lang='grc' dir='ltr'>κατήργησε</span> <span class='ocrx_word' id='word_1_704' title='bbox 3406 3917 3503 3987; x_wconf 79' lang='grc' dir='ltr'><strong>τὴν</strong></span> <span class='ocrx_word' id='word_1_705' title='bbox 3532 3918 3769 3987; x_wconf 74' lang='grc' dir='ltr'>δύναμιν</span> 
     </span>
    </p>
   </div>
   <div class='ocr_carea' id='block_1_96' title="bbox 2196 4002 3771 4075">
    <p class='ocr_par' dir='ltr' id='par_1_96' title="bbox 2196 4002 3771 4075">
     <span class='ocr_line' id='line_1_96' title="bbox 2196 4002 3771 4075; baseline 0.001 -20"><span class='ocrx_word' id='word_1_706' title='bbox 2196 4002 2290 4055; x_wconf 89' lang='grc' dir='ltr'><strong>τοῦ</strong></span> <span class='ocrx_word' id='word_1_707' title='bbox 2318 4002 2570 4068; x_wconf 84' lang='grc' dir='ltr'>θανάτου,</span> <span class='ocrx_word' id='word_1_708' title='bbox 2597 4004 2723 4066; x_wconf 78' lang='grc' dir='ltr'>τοῦς</span> <span class='ocrx_word' id='word_1_709' title='bbox 2746 4004 3005 4071; x_wconf 76' lang='grc' dir='ltr'>ἀναξίους</span> <span class='ocrx_word' id='word_1_710' title='bbox 3036 4005 3134 4073; x_wconf 76' lang='grc' dir='ltr'>τῆς</span> <span class='ocrx_word' id='word_1_711' title='bbox 3154 4006 3257 4074; x_wconf 78' lang='grc' dir='ltr'><strong>γῆς</strong></span> <span class='ocrx_word' id='word_1_712' title='bbox 3302 4006 3561 4075; x_wconf 79' lang='grc' dir='ltr'>ἐποίησεν</span> <span class='ocrx_word' id='word_1_713' title='bbox 3584 4006 3771 4072; x_wconf 78' lang='grc' dir='ltr'>ἀξίους</span> 
     </span>
    </p>
   </div>
   <div class='ocr_carea' id='block_1_97' title="bbox 2195 4092 3769 4168">
    <p class='ocr_par' dir='ltr' id='par_1_97' title="bbox 2195 4092 3769 4168">
     <span class='ocr_line' id='line_1_97' title="bbox 2195 4092 3769 4168; baseline 0.003 -22"><span class='ocrx_word' id='word_1_714' title='bbox 2195 4092 2290 4146; x_wconf 90' lang='grc' dir='ltr'><strong>τοῦ</strong></span> <span class='ocrx_word' id='word_1_715' title='bbox 2313 4093 2567 4162; x_wconf 83' lang='grc' dir='ltr'>ούρανοῦ,</span> <span class='ocrx_word' id='word_1_716' title='bbox 2601 4094 2757 4147; x_wconf 78' lang='grc' dir='ltr'>ἔλυσε</span> <span class='ocrx_word' id='word_1_717' title='bbox 2788 4094 2848 4148; x_wconf 84' lang='grc' dir='ltr'>τὸ</span> <span class='ocrx_word' id='word_1_718' title='bbox 2882 4095 3071 4157; x_wconf 83' lang='grc' dir='ltr'>σκότος</span> <span class='ocrx_word' id='word_1_719' title='bbox 3103 4096 3201 4167; x_wconf 81' lang='grc' dir='ltr'>τῆς</span> <span class='ocrx_word' id='word_1_720' title='bbox 3250 4096 3481 4166; x_wconf 81' lang='grc' dir='ltr'>πλάνης,</span> <span class='ocrx_word' id='word_1_721' title='bbox 3516 4096 3769 4168; x_wconf 79' lang='grc' dir='ltr'>ἀπήλασε</span> 
     </span>
    </p>
   </div>
   <div class='ocr_carea' id='block_1_98' title="bbox 2195 4185 3769 4257">
    <p class='ocr_par' dir='ltr' id='par_1_98' title="bbox 2195 4185 3769 4257">
     <span class='ocr_line' id='line_1_98' title="bbox 2195 4185 3769 4257; baseline 0.001 -18"><span class='ocrx_word' id='word_1_722' title='bbox 2195 4187 2294 4256; x_wconf 85' lang='grc' dir='ltr'>τὴν</span> <span class='ocrx_word' id='word_1_723' title='bbox 2356 4186 2653 4256; x_wconf 70' lang='grc' dir='ltr'>ἁμαρτίαν,</span> <span class='ocrx_word' id='word_1_724' title='bbox 2706 4185 2971 4254; x_wconf 75' lang='grc' dir='ltr'>ἐφύτευσε</span> <span class='ocrx_word' id='word_1_725' title='bbox 3023 4185 3122 4257; x_wconf 80' lang='grc' dir='ltr'><strong>τὴν</strong></span> <span class='ocrx_word' id='word_1_726' title='bbox 3170 4186 3393 4257; x_wconf 83' lang='grc' dir='ltr'>ἀρετὴν,</span> <span class='ocrx_word' id='word_1_727' title='bbox 3434 4187 3529 4239; x_wconf 79' lang='grc' dir='ltr'>καὶ</span> <span class='ocrx_word' id='word_1_728' title='bbox 3590 4187 3769 4240; x_wconf 81' lang='grc' dir='ltr'>ἄλλων</span> 
     </span>
    </p>
   </div>
   <div class='ocr_carea' id='block_1_99' title="bbox 2196 4277 3472 4348">
    <p class='ocr_par' dir='ltr' id='par_1_99' title="bbox 2196 4277 3472 4348">
     <span class='ocr_line' id='line_1_99' title="bbox 2196 4277 3472 4348; baseline 0.002 -20"><span class='ocrx_word' id='word_1_729' title='bbox 2196 4278 2409 4346; x_wconf 76' lang='grc' dir='ltr'>μυρίων</span> <span class='ocrx_word' id='word_1_730' title='bbox 2440 4277 2663 4345; x_wconf 72' lang='grc' dir='ltr'>ἀγαθῶν</span> <span class='ocrx_word' id='word_1_731' title='bbox 2697 4277 2959 4345; x_wconf 79' lang='grc' dir='ltr'>ἐνέπλησε</span> <span class='ocrx_word' id='word_1_732' title='bbox 2996 4277 3096 4348; x_wconf 82' lang='grc' dir='ltr'><strong>τὴν</strong></span> <span class='ocrx_word' id='word_1_733' title='bbox 3126 4279 3472 4347; x_wconf 79' lang='grc' dir='ltr'>οἰκουμένην.</span> 
     </span>
    </p>
   </div>
   <div class='ocr_carea' id='block_1_100' title="bbox 2276 4540 3767 4613">
    <p class='ocr_par' dir='ltr' id='par_1_100' title="bbox 2276 4540 3767 4613">
     <span class='ocr_line' id='line_1_100' title="bbox 2276 4540 3767 4613; baseline -0.001 -14"><span class='ocrx_word' id='word_1_734' title='bbox 2276 4541 2790 4613; x_wconf 74' lang='grc' dir='ltr'>Ἀγαλλιασώμεθα</span> <span class='ocrx_word' id='word_1_735' title='bbox 2833 4542 2931 4595; x_wconf 82' lang='grc' dir='ltr'>καὶ</span> <span class='ocrx_word' id='word_1_736' title='bbox 2986 4540 3412 4611; x_wconf 65' lang='grc' dir='ltr'>εὐφρανθῶμεν</span> <span class='ocrx_word' id='word_1_737' title='bbox 3452 4542 3523 4594; x_wconf 85' lang='grc' dir='ltr'>ἐν</span> <span class='ocrx_word' id='word_1_738' title='bbox 3592 4541 3767 4611; x_wconf 77' lang='grc' dir='ltr'><strong>αὐτῇ.</strong></span> 
     </span>
    </p>
   </div>
   <div class='ocr_carea' id='block_1_101' title="bbox 2199 4632 3767 4709">
    <p class='ocr_par' dir='ltr' id='par_1_101' title="bbox 2199 4632 3767 4709">
     <span class='ocr_line' id='line_1_101' title="bbox 2199 4632 3767 4709; baseline -0.004 -17"><span class='ocrx_word' id='word_1_739' title='bbox 2199 4637 2614 4709; x_wconf 86' lang='grc' dir='ltr'>Πνευματικῶς.</span> <span class='ocrx_word' id='word_1_740' title='bbox 2680 4633 3057 4704; x_wconf 83' lang='grc' dir='ltr'>Προτρέπεται</span> <span class='ocrx_word' id='word_1_741' title='bbox 3096 4634 3153 4685; x_wconf 86' lang='grc' dir='ltr'>δὲ</span> <span class='ocrx_word' id='word_1_742' title='bbox 3193 4634 3273 4694; x_wconf 78' lang='grc' dir='ltr'><strong>εἰς</strong></span> <span class='ocrx_word' id='word_1_743' title='bbox 3319 4632 3477 4685; x_wconf 79' lang='grc' dir='ltr'>τοῦτο</span> <span class='ocrx_word' id='word_1_744' title='bbox 3519 4636 3648 4697; x_wconf 71' lang='grc' dir='ltr'>τοὺς</span> <span class='ocrx_word' id='word_1_745' title='bbox 3682 4652 3767 4686; x_wconf 81' lang='grc' dir='ltr'>πι-</span> 
     </span>
    </p>
   </div>
   <div class='ocr_carea' id='block_1_102' title="bbox 2197 4723 3165 4793">
    <p class='ocr_par' dir='ltr' id='par_1_102' title="bbox 2197 4723 3165 4793">
     <span class='ocr_line' id='line_1_102' title="bbox 2197 4723 3165 4793; baseline -0.008 -11"><span class='ocrx_word' id='word_1_746' title='bbox 2197 4729 2378 4793; x_wconf 69' lang='grc' dir='ltr'>στοὺς,</span> <span class='ocrx_word' id='word_1_747' title='bbox 2413 4728 2489 4790; x_wconf 87' lang='grc' dir='ltr'>ὡς</span> <span class='ocrx_word' id='word_1_748' title='bbox 2517 4725 2781 4780; x_wconf 88' lang='grc' dir='ltr'>τοιούτων</span> <span class='ocrx_word' id='word_1_749' title='bbox 2810 4723 3165 4788; x_wconf 83' lang='grc' dir='ltr'>ἀξιωθέντας.</span> 
     </span>
    </p>
   </div>
   <div class='ocr_carea' id='block_1_103' title="bbox 2269 4816 3374 4890">
    <p class='ocr_par' dir='ltr' id='par_1_103' title="bbox 2269 4816 3374 4890">
     <span class='ocr_line' id='line_1_103' title="bbox 2269 4816 3374 4890; baseline -0.008 -13"><span class='ocrx_word' id='word_1_750' title='bbox 2269 4822 2343 4878; x_wconf 84' lang='grc' dir='ltr'><strong><em>Ὦ</em></strong></span> <span class='ocrx_word' id='word_1_751' title='bbox 2366 4823 2560 4890; x_wconf 82' lang='grc' dir='ltr'>Κύριε,</span> <span class='ocrx_word' id='word_1_752' title='bbox 2597 4820 2806 4874; x_wconf 86' lang='grc' dir='ltr'>σῶσον</span> <span class='ocrx_word' id='word_1_753' title='bbox 2829 4816 2929 4883; x_wconf 78' lang='grc' dir='ltr'><strong>δή.</strong></span> <span class='ocrx_word' id='word_1_754' title='bbox 2954 4816 3057 4870; x_wconf 77' lang='grc' dir='ltr'><strong>Τὸν</strong></span> <span class='ocrx_word' id='word_1_755' title='bbox 3089 4816 3218 4869; x_wconf 84' lang='grc' dir='ltr'>λαόν</span> <span class='ocrx_word' id='word_1_756' title='bbox 3260 4833 3374 4870; x_wconf 85' lang='grc' dir='ltr'>σου.</span> 
     </span>
    </p>
   </div>
   <div class='ocr_carea' id='block_1_104' title="bbox 2266 4997 3765 5073">
    <p class='ocr_par' dir='ltr' id='par_1_104' title="bbox 2266 4997 3765 5073">
     <span class='ocr_line' id='line_1_104' title="bbox 2266 4997 3765 5073; baseline -0.006 -14"><span class='ocrx_word' id='word_1_757' title='bbox 2266 5000 2341 5059; x_wconf 69' lang='grc' dir='ltr'><strong>ΊΓΩ</strong></span> <span class='ocrx_word' id='word_1_758' title='bbox 2381 5004 2577 5073; x_wconf 81' lang='grc' dir='ltr'>Κύριε,</span> <span class='ocrx_word' id='word_1_759' title='bbox 2612 5001 2917 5056; x_wconf 85' lang='grc' dir='ltr'>εῠόδωσον</span> <span class='ocrx_word' id='word_1_760' title='bbox 2937 4999 3033 5066; x_wconf 77' lang='grc' dir='ltr'><strong>δή.</strong></span> <span class='ocrx_word' id='word_1_761' title='bbox 3076 4999 3181 5051; x_wconf 79' lang='grc' dir='ltr'><strong>Τὸν</strong></span> <span class='ocrx_word' id='word_1_762' title='bbox 3211 4997 3374 5051; x_wconf 84' lang='grc' dir='ltr'>αὐτὸν</span> <span class='ocrx_word' id='word_1_763' title='bbox 3412 4997 3505 5049; x_wconf 74' lang='grc' dir='ltr'><strong>καὶ</strong></span> <span class='ocrx_word' id='word_1_764' title='bbox 3542 4997 3641 5068; x_wconf 78' lang='grc' dir='ltr'><strong>τὴν</strong></span> <span class='ocrx_word' id='word_1_765' title='bbox 3674 4999 3765 5050; x_wconf 79' lang='grc' dir='ltr'>πί-</span> 
     </span>
    </p>
   </div>
   <div class='ocr_carea' id='block_1_105' title="bbox 2199 5093 2835 5165">
    <p class='ocr_par' dir='ltr' id='par_1_105' title="bbox 2199 5093 2835 5165">
     <span class='ocr_line' id='line_1_105' title="bbox 2199 5093 2835 5165; baseline -0.008 -15"><span class='ocrx_word' id='word_1_766' title='bbox 2199 5114 2316 5150; x_wconf 88' lang='grc' dir='ltr'>στιν</span> <span class='ocrx_word' id='word_1_767' title='bbox 2343 5095 2436 5150; x_wconf 85' lang='grc' dir='ltr'><strong>τοῦ</strong></span> <span class='ocrx_word' id='word_1_768' title='bbox 2462 5093 2835 5165; x_wconf 84' lang='grc' dir='ltr'>κηρύγματος.</span> 
     </span>
    </p>
   </div>
   <div class='ocr_carea' id='block_1_106' title="bbox 2265 5182 3765 5257">
    <p class='ocr_par' dir='ltr' id='par_1_106' title="bbox 2265 5182 3765 5257">
     <span class='ocr_line' id='line_1_106' title="bbox 2265 5182 3765 5257; baseline -0.006 -15"><span class='ocrx_word' id='word_1_769' title='bbox 2265 5185 2682 5257; x_wconf 74' lang='grc' dir='ltr'>Εὐλογημένος</span> <span class='ocrx_word' id='word_1_770' title='bbox 2715 5188 2747 5239; x_wconf 83' lang='grc' dir='ltr'><strong>ό</strong></span> <span class='ocrx_word' id='word_1_771' title='bbox 2783 5184 3108 5253; x_wconf 82' lang='grc' dir='ltr'>ἐρχόμενος</span> <span class='ocrx_word' id='word_1_772' title='bbox 3143 5182 3212 5236; x_wconf 82' lang='grc' dir='ltr'>ἐν</span> <span class='ocrx_word' id='word_1_773' title='bbox 3247 5182 3490 5250; x_wconf 84' lang='grc' dir='ltr'>ὀνόματι</span> <span class='ocrx_word' id='word_1_774' title='bbox 3522 5182 3765 5249; x_wconf 58' lang='grc' dir='ltr'>Κιιρίοιν.</span> 
     </span>
    </p>
   </div>
   <div class='ocr_carea' id='block_1_107' title="bbox 2196 5270 3767 5347">
    <p class='ocr_par' dir='ltr' id='par_1_107' title="bbox 2196 5270 3767 5347">
     <span class='ocr_line' id='line_1_107' title="bbox 2196 5270 3767 5347; baseline -0.01 -11"><span class='ocrx_word' id='word_1_775' title='bbox 2196 5282 2309 5336; x_wconf 76' lang='grc' dir='ltr'><strong>Καὶ</strong></span> <span class='ocrx_word' id='word_1_776' title='bbox 2345 5280 2504 5333; x_wconf 85' lang='grc' dir='ltr'>τοῦτο</span> <span class='ocrx_word' id='word_1_777' title='bbox 2556 5278 2685 5347; x_wconf 75' lang='grc' dir='ltr'>περὶ</span> <span class='ocrx_word' id='word_1_778' title='bbox 2736 5276 2829 5330; x_wconf 91' lang='grc' dir='ltr'><strong>τοῦ</strong></span> <span class='ocrx_word' id='word_1_779' title='bbox 2856 5276 3093 5347; x_wconf 80' lang='grc' dir='ltr'>Χριστοῦ</span> <span class='ocrx_word' id='word_1_780' title='bbox 3118 5292 3132 5307; x_wconf 89' lang='grc'><strong>·</strong></span> <span class='ocrx_word' id='word_1_781' title='bbox 3158 5270 3314 5337; x_wconf 74' lang='grc' dir='ltr'>οὗτος</span> <span class='ocrx_word' id='word_1_782' title='bbox 3337 5274 3449 5346; x_wconf 84' lang='grc' dir='ltr'>γὰρ</span> <span class='ocrx_word' id='word_1_783' title='bbox 3495 5270 3661 5345; x_wconf 75' lang='grc' dir='ltr'>ἦλθεν</span> <span class='ocrx_word' id='word_1_784' title='bbox 3714 5277 3767 5323; x_wconf 68' lang='grc' dir='ltr'><strong>ἐν</strong></span> 
     </span>
    </p>
   </div>
   <div class='ocr_carea' id='block_1_108' title="bbox 2200 5362 3765 5443">
    <p class='ocr_par' dir='ltr' id='par_1_108' title="bbox 2200 5362 3765 5443">
     <span class='ocr_line' id='line_1_108' title="bbox 2200 5362 3765 5443; baseline -0.007 -19"><span class='ocrx_word' id='word_1_785' title='bbox 2200 5373 2424 5443; x_wconf 82' lang='grc' dir='ltr'>ὀνόματι</span> <span class='ocrx_word' id='word_1_786' title='bbox 2450 5372 2676 5443; x_wconf 81' lang='grc' dir='ltr'>Κυρίου,</span> <span class='ocrx_word' id='word_1_787' title='bbox 2711 5369 2987 5423; x_wconf 84' lang='grc' dir='ltr'>τουτέστιν</span> <span class='ocrx_word' id='word_1_788' title='bbox 3008 5367 3113 5421; x_wconf 78' lang='grc' dir='ltr'><strong>ἀπὸ</strong></span> <span class='ocrx_word' id='word_1_789' title='bbox 3143 5362 3350 5438; x_wconf 78' lang='grc' dir='ltr'>Κυρίου</span> <span class='ocrx_word' id='word_1_790' title='bbox 3403 5365 3498 5419; x_wconf 78' lang='grc' dir='ltr'>καὶ</span> <span class='ocrx_word' id='word_1_791' title='bbox 3532 5364 3640 5417; x_wconf 80' lang='grc' dir='ltr'>ἀπὸ</span> <span class='ocrx_word' id='word_1_792' title='bbox 3668 5362 3765 5428; x_wconf 72' lang='grc' dir='ltr'>τῆς</span> 
     </span>
    </p>
   </div>
   <div class='ocr_carea' id='block_1_109' title="bbox 2200 5454 3758 5531">
    <p class='ocr_par' dir='ltr' id='par_1_109' title="bbox 2200 5454 3758 5531">
     <span class='ocr_line' id='line_1_109' title="bbox 2200 5454 3758 5531; baseline -0.009 -16"><span class='ocrx_word' id='word_1_793' title='bbox 2200 5461 2388 5525; x_wconf 76' lang='grc' dir='ltr'>οὐσίας</span> <span class='ocrx_word' id='word_1_794' title='bbox 2416 5460 2510 5514; x_wconf 89' lang='grc' dir='ltr'><strong>τοῦ</strong></span> <span class='ocrx_word' id='word_1_795' title='bbox 2545 5459 2772 5531; x_wconf 82' lang='grc' dir='ltr'>Κυρίου.</span> <span class='ocrx_word' id='word_1_796' title='bbox 2808 5458 2898 5511; x_wconf 85' lang='grc' dir='ltr'>Διὸ</span> <span class='ocrx_word' id='word_1_797' title='bbox 2922 5460 3017 5512; x_wconf 78' lang='grc' dir='ltr'><strong>καὶ</strong></span> <span class='ocrx_word' id='word_1_798' title='bbox 3053 5457 3190 5528; x_wconf 77' lang='grc' dir='ltr'>πρὸς</span> <span class='ocrx_word' id='word_1_799' title='bbox 3226 5457 3513 5520; x_wconf 72' lang='grc' dir='ltr'>Ἰουδαίους</span> <span class='ocrx_word' id='word_1_800' title='bbox 3553 5454 3758 5522; x_wconf 76' lang='grc' dir='ltr'>ἔλεγεν·</span> 
     </span>
    </p>
   </div>
   <div class='ocr_carea' id='block_1_110' title="bbox 2211 5547 3758 5621">
    <p class='ocr_par' dir='ltr' id='par_1_110' title="bbox 2211 5547 3758 5621">
     <span class='ocr_line' id='line_1_110' title="bbox 2211 5547 3758 5621; baseline -0.006 -16"><span class='ocrx_word' id='word_1_801' title='bbox 2211 5552 2351 5621; x_wconf 71' lang='grc' dir='ltr'><strong>Ἐγὼ</strong></span> <span class='ocrx_word' id='word_1_802' title='bbox 2379 5550 2648 5619; x_wconf 70' lang='grc' dir='ltr'>ἐλήλυθα</span> <span class='ocrx_word' id='word_1_803' title='bbox 2681 5550 2750 5604; x_wconf 85' lang='grc' dir='ltr'>ἐν</span> <span class='ocrx_word' id='word_1_804' title='bbox 2791 5549 2869 5615; x_wconf 85' lang='grc' dir='ltr'><strong>τῷ</strong></span> <span class='ocrx_word' id='word_1_805' title='bbox 2913 5550 3157 5619; x_wconf 75' lang='grc' dir='ltr'>ὀνόματι</span> <span class='ocrx_word' id='word_1_806' title='bbox 3210 5548 3314 5602; x_wconf 81' lang='grc' dir='ltr'><strong>τοῦ</strong></span> <span class='ocrx_word' id='word_1_807' title='bbox 3348 5547 3579 5614; x_wconf 82' lang='grc' dir='ltr'>Πατρός</span> <span class='ocrx_word' id='word_1_808' title='bbox 3622 5556 3758 5613; x_wconf 85' lang='grc' dir='ltr'>μου,</span> 
     </span>
    </p>
   </div>
  </div>
