4076 6204
337 350 482 415 1Ξ33

1499 352 1884 413 COMMENT.
1931 351 2012 412 IN
2043 351 2403 415 PSALMOS.

3463 353 3591 418 ll3l

334 465 432 519 καὶ
456 466 528 518 οὐ
554 461 888 533 λαμϐάνετέ
903 480 1001 534 με.
1054 502 1068 528 ,
1098 465 1191 531 “II,
1259 465 1362 518 Ἐν
1405 465 1649 534 ὀνόματι
1685 465 1923 533 Κυρίου,

2031 483 2135 519 non
2179 467 2424 535 accipitis
2462 483 2542 521 me
2577 466 2642 521 ’⁸.
2709 466 2826 532 Vel,
2885 466 2946 520 lu
2983 469 3188 521 nomine
3230 468 3466 536 Domini,
3505 487 3591 540 pl‘(

340 559 460 627 ἦτοι
489 556 545 609 ὲν
579 555 805 626 ὀνόματι
838 554 997 621 Θεοῦ,
1031 557 1333 624 τουτέστιν,
1391 557 1565 628 ὄνομα
1593 555 1728 610 Θεοῦ
1763 555 1921 626 ἔχων.

405 735 841 805 Εὐλογήκαμεν
868 735 1023 807 ὑμᾶς
1051 737 1120 802 ἐξ
1144 739 1320 792 οἴκου
1356 737 1603 805 Κυρίου.
1641 737 1836 807 Ἡμεῖς
1875 739 1922 790 οἱ

339 831 536 895 εἰδότες
560 831 734 884 ταῦτα
753 832 1135 903 εὐλογήκαμεν
1169 833 1337 903 ὑμᾶς.
1363 827 1409 886 ὧ
1436 833 1495 896 ἐξ
1525 833 1676 886 οἴκου
1711 832 1919 903 Κυρίου

340 915 707 990 ἄνθρωποι,ὧ
755 922 853 991 τῆς
894 922 1223 992 Ἐκκλησίας
1274 923 1589 992 θρέμματα,
1619 923 1696 985 ὡς
1740 924 1920 975 τοιού-

340 1030 448 1064 των
489 1013 909 1086 ἀξιωθέντας-ἢ
957 1015 1103 1084 ὑμᾶς
1159 1015 1218 1081 ἐξ
1270 1016 1422 1068 οἷκου
1481 1017 1689 1086 Κυρίου
1738 1016 1919 1079 ὄντας.

349 1100 511 1167 Οἶκος
543 1105 598 1156 δὲ
623 1107 854 1174 Κυρίου,
882 1109 914 1176 ή
950 1107 1251 1177 Ἐκκλησία
1271 1106 1380 1160 τῶν
1411 1109 1640 1161 πιστῶν.

412 1195 556 1262 Θεὸς
592 1197 832 1264 Κύριος,
867 1199 966 1252 καὶ
1013 1199 1320 1268 ἐπέφανεν
1349 1199 1516 1268 ἡμῖν.
1561 1199 1693 1263 Θεός
1722 1200 1869 1252 ἐστιν
1894 1199 1924 1251 ὁ

341 1288 600 1354 Χριστὸς,
635 1289 843 1358 Κύριός
873 1291 1019 1342 ἐστιν
1048 1292 1077 1343 ὁ
1108 1289 1364 1360 Χριστός.
1401 1291 1510 1343 Καὶ
1546 1290 1785 1359 ὲπέφανε
1811 1293 1925 1354 τοῖς

345 1377 654 1449 ἀνθρώποις
707 1380 796 1434 διὰ
849 1380 951 1449 τῆς
1005 1382 1499 1452 ἐνανθρωπήσεως.
1539 1381 1630 1444 Ὠς
1661 1381 1924 1449 γεγονότα

339 1471 394 1523 δὲ
427 1471 576 1539 λέγει
608 1472 676 1524 τὰ
714 1472 999 1541 μέλλοντα,
1025 1474 1179 1544 νόμῳ
1215 1474 1589 1545 προφητείας.

408 1563 814 1630 Συστήσασθε
835 1565 1056 1634 ἑορτὴν
1093 1567 1164 1619 ἐν
1197 1567 1324 1632 τοῖς
1381 1566 1778 1630 πυκάζουσιν,
1814 1567 1925 1632 ἕως

347 1650 470 1702 τῶν
502 1653 769 1718 κεράτων
825 1654 932 1707 τοῦ
989 1658 1447 1724 θυσιαστηρίου.
1497 1651 1592 1720 Εἷς
1623 1659 1721 1727 μὲν
1756 1659 1927 1728 ἑρμη-

339 1744 534 1814 νευτής
569 1762 733 1813 φησιν
771 1761 786 1777 ο
843 1747 1204 1816 Ἐορτάσατε
1225 1749 1294 1802 ἐν
1323 1750 1447 1814 τοῖς
1467 1752 1917 1814 καλύπτουσιν,

2025 561 2085 616 1η
2143 562 2361 616 nomine
2396 559 2514 625 Dei,
2551 575 2617 615 eo
2647 559 2792 629 quod
2850 557 3100 614 Christus
3147 557 3242 613 Dei
3267 575 3468 617 nomen
3504 561 3595 615 ba-

2027 653 2139 716 bet,
2171 659 2389 722 estque,
2439 659 2495 705 et
2527 652 2832 722 appellatur
2866 650 3033 705 Deus.

2098 744 2469 800 Bsnediximus
2499 744 2640 798 vobis
2678 747 2743 796 de
2785 743 2941 797 domo
3019 742 3256 798 Domini.
3309 742 3418 798 Nos
3470 757 3596 812 pro-

2029 836 2225 906 phetae,
2257 837 2456 906 inquit,
2509 834 2602 905 qui
2643 834 2772 889 olim
2830 841 2979 888 tanta
3035 835 3393 904 praevidimus
3430 834 3596 896 bona,

2028 928 2406 984 benediximus
2462 926 2617 981 vobis
2661 926 3004 991 hominibus,
3055 927 3148 996 qui
3181 925 3312 981 estis
3341 939 3408 981 ex
3437 926 3600 980 domo

2028 1023 2266 1087 Domini,
2315 1020 2404 1092 qui
2439 1022 2577 1075 estis
2637 1019 2898 1074 Ecclesia:
2958 1034 3112 1089 grex,
3161 1026 3216 1073 et
3243 1017 3392 1089 digni
3421 1016 3602 1072 ell’ecti

2027 1116 2186 1180 estis,
2222 1114 2425 1184 quibus
2478 1111 2898 1168 benedicamus.

2098 1206 2260 1261 Vens.
2289 1205 2378 1260 27.
2410 1204 2552 1258 Deus
2585 1202 2865 1258 Dominus.
2897 1211 2945 1256 et
2968 1203 3218 1272 apparuit
3250 1201 3424 1256 nobis.
3449 1200 3610 1256 Chri-

2027 1309 2167 1365 stus,
2226 1299 2318 1369 qui
2346 1313 2442 1368 per
2480 1298 2914 1352 incarnationem
2987 1309 3143 1349 suam
3180 1294 3491 1348 nominibus
3514 1307 3611 1362 ap-

2026 1394 2226 1464 paruit,
2274 1391 2420 1445 Deus
2466 1404 2530 1443 ac
2567 1387 2832 1441 Dominus
2875 1394 2980 1441 est.
3037 1384 3370 1454 PrOphetico
3421 1389 3605 1436 autem

2028 1501 2179 1540 more
2209 1484 2392 1538 futura
2425 1489 2613 1536 narrat
2658 1487 2918 1544 tanquam
2952 1477 3250 1546 praeterita.

2098 1575 2419 1632 Constituite
2450 1573 2836 1628 solemnitatem
2891 1573 2946 1623 in
2993 1568 3294 1634 condensis,
3343 1582 3506 1635 usque
3540 1563 3606 1618 ad

2027 1686 2227 1724 cornua
2263 1669 2476 1722 altaris.
2508 1667 2661 1722 Unus
2692 1666 2913 1735 quidem
2948 1665 3312 1734 interpretum
3333 1658 3607 1728 exposuit:

2026 1763 2180 1833 Agite
2206 1760 2558 1816 celebritatem
2597 1761 2650 1812 in
2681 1757 3062 1828 operientibus,
3129 1754 3235 1808 hoc
3263 1759 3370 1817 est,
3428 1750 3484 1804 In
3520 1763 3608 1803 sa-

339 1833 588 1902 ἧγουνὲν
646 1835 880 1903 θυσίαις,
942 1815 1357 1902 καλυπτούσαις
1411 1840 1473 1892 τὸ
1532 1840 1920 1912 θυσιαστήριον

2030 1815 2289 1920 criticiis;
2351 1867 2446 1922 per
2493 1866 2614 1920 quire
2667 1851 2841 1904 altare
2893 1848 3096 1918 operiri
3156 1859 3220 1899 ac
3280 1843 3388 1912 tegi
3445 1839 3609 1903 solet,
3653 1845 3674 1863 °

338 1925 466 1994 ἄχρι
489 1925 598 1977 τῶν
629 1927 881 1999 κεράτων
911 1929 1080 1981 αὐτοῦ
1107 1945 1121 1961 ο
1168 1931 1380 2001 κέρατα
1414 1931 1494 1997 δὲ,
1526 1932 1593 1984 τὰ
1620 1932 1918 2002 ἀκρότατα.

2030 1957 2202 2011 usque
2244 1940 2312 1995 ad
2369 1939 2490 2009 ejus
2539 1952 2770 2002 cornua,
2830 1935 2936 1989 hoc
2996 1943 3104 1998 est,
3159 1947 3335 2000 usque
3374 1928 3442 1982 ad
3489 1927 3608 1997 ejus

341 2015 579 2084 Ἕτερος
610 2017 710 2070 δέ·
773 2017 1135 2088 Ἐορτάσατε
1189 2021 1260 2074 ἐν
1301 2021 1427 2088 τοῖς
1465 2023 1918 2090 βλαστάνουσι,

2030 2032 2422 2090 extremitates.
2494 2029 2651 2083 Alius
2719 2042 2845 2082 vero
2902 2043 2916 2080 :
2976 2023 3361 2085 Festivitatem,
3411 2019 3607 2088 inquit.

341 2109 638 2174 τουτέστιν,
669 2111 728 2163 ἐν
759 2116 1046 2181 στεφάνοις
1082 2113 1311 2178 ἀνθέων,
1339 2117 1434 2167 καὶ
1461 2116 1700 2179 κλάδοις.
1736 2117 1922 2170 Πυκά-

2030 2129 2168 2198 agite
2216 2127 2271 2180 in
2328 2121 2772 2196 germinantibus,
2825 2121 2933 2175 hoc
2998 2127 3104 2182 est,
3160 2115 3218 2170 ιη
3287 2112 3608 2167 ﬂorentibus

341 2196 456 2260 ζειν
486 2199 595 2270 γὰρ
621 2204 762 2257 κατὰ
817 2205 920 2274 μέν
970 2222 1146 2274 τινας,
1183 2212 1243 2261 τδ
1293 2209 1660 2263 καλύπτεινο
1700 2211 1843 2264 κατὰ
1860 2209 1918 2262 δέ

2030 2196 2274 2281 coronis,
2335 2226 2498 2286 atque
2578 2214 2632 2268 in
2704 2212 3008 2267 virentibus
3068 2209 3327 2264 arborum
3399 2205 3610 2260 ramis:

341 2304 514 2351 τινας,
575 2291 636 2344 τὸ
681 2294 1084 2356 βλαστάνειν.
1141 2299 1517 2370 Προτρέπεται
1577 2299 1635 2353 δὲ
1681 2303 1709 2354 ό
1761 2301 1921 2366 λόγος

2030 2308 2264 2364 Graecam
2317 2305 2466 2361 enim
2498 2304 2793 2358 dictionem
2829 2300 3119 2365 πυκάζειν,
3174 2313 3296 2367 quae
3327 2297 3416 2351 hic
3443 2295 3612 2350 liabe-

341 2377 622 2447 ἑορτάζειν
683 2382 952 2455 λαμπρῶς
978 2403 994 2420 ο
1030 2388 1152 2442 καθ’
1193 2389 1478 2461 Ἐϐραίους
1514 2391 1635 2458 μὲν.
1662 2391 1737 2454 ὡς
1767 2390 1920 2462 εἴρη-

2030 2406 2113 2449 tur
2153 2396 2245 2450 alii
2289 2394 2434 2448 idem
2489 2393 2804 2464 signiﬁcare
2854 2389 3262 2452 intellexerunt,
3301 2386 3448 2458 quod
3486 2401 3610 2454 ope-

341 2486 431 2521 ται
451 2485 464 2499 ·
504 2474 624 2525 καθ’
651 2476 801 2545 ἡμᾶς
829 2477 888 2531 δὲ
932 2478 1149 2544 θυσίαις
1183 2485 1582 2552 πνευματικαῖς
1613 2482 1922 2535 καλυπτοὺ-

2030 2482 2154 2546 riro,
2189 2481 2282 2534 alii
2341 2495 2474 2535 vero
2525 2480 2694 2543 idem,
2740 2477 2888 2548 quod
2930 2477 3246 2548 germinare.
3281 2474 3397 2530 Hoc
3426 2483 3610 2530 autem

345 2576 466 2622 σαις
499 2562 578 2632 τῷ
608 2564 804 2636 πλήθει
857 2567 918 2622 τὸ
957 2567 1345 2642 θυσιαστήριον
1405 2571 1503 2642 τῆς
1567 2571 1767 2642 ψυχῆς,
1827 2575 1922 2626 καὶ

2030 2586 2280 2628 sermone
2309 2570 2538 2625 omnino
2570 2570 2701 2625 illud
2731 2569 3050 2633 suademur,
3089 2575 3150 2621 ut
3194 2566 3467 2623 celebrem
3499 2565 3612 2622 Deo

344 2655 631 2721 στεφάνοις
655 2657 891 2728 ἀρετῶν,
928 2661 1020 2714 καὶ
1050 2664 1270 2726 κλάδοις
1297 2663 1687 2731 ἀγαθοεργίαςο

2030 2680 2088 2720 ac
2127 2663 2470 2733 splendidam
2516 2663 2923 2718 solemnitatem
2949 2677 3200 2733 agamus,
3225 2672 3277 2718 et
3305 2677 3428 2733 quae
3451 2661 3608 2733 juxta

343 2747 600 2807 Hebraeos
627 2753 875 2824 quidem,
920 2771 988 2812 eo
1011 2759 1173 2814 modo
1218 2758 1427 2828 agenda
1467 2769 1572 2824 est,
1623 2767 1684 2812 ut
1725 2759 1840 2828 jam
1893 2760 2176 2828 diximus;
2212 2761 2365 2830 juxta
2418 2756 2608 2812 ﬁdeles
2675 2771 2808 2812 vero
2840 2755 3223 2826 spiritualibus
3284 2758 3610 2814 celebranda

343 2853 428 2898 est
455 2837 762 2910 sacrillciis',
829 2854 885 2901 et
942 2849 1204 2903 virtutum
1257 2850 1500 2916 coronis,
1537 2849 1922 2918 bonorumque
1956 2855 2186 2920 operum
2247 2851 2460 2905 ramis:
2507 2861 2741 2919 quorum
2800 2849 3074 2907 densitate
3141 2867 3205 2906 ac
3248 2853 3407 2923 copia
3466 2854 3612 2907 invi-

345 2936 504 2992 sibile
528 2937 724 2992 animae
755 2947 956 2994 nostrae
985 2941 1280 3009 obtegatur
1305 2943 1501 2997 altare.

417 3027 560 3093 Θεός
579 3045 696 3098 μου
719 3025 778 3083 εί
795 3028 902 3094 σὺ,
928 3030 1027 3084 καί
1052 3031 1579 3103 ἐξομολογήσομαί
1599 3047 1724 3087 σοι·
1768 3035 1915 3098 ϐοός

2090 3029 2255 3084 Vens.
2298 3028 2388 3082 28.
2452 3027 2587 3082 Deus
2634 3045 2778 3082 meus
2809 3045 2863 3083 es
2918 3037 2996 3093 tu,
3052 3041 3099 3084 et
3151 3031 3438 3098 conﬁtebor
3465 3031 3610 3087 tibi:

347 3136 461 3186 μου
498 3116 558 3174 εἷ
577 3122 682 3186 σὺ,
720 3122 820 3176 καί
866 3124 1092 3192 ῠψώσω
1144 3140 1220 3178 σε
1249 3142 1263 3156 ο
1297 3125 1432 3188 Θεός
1468 3142 1570 3196 μου
1609 3120 1660 3179 εί
1709 3124 1796 3180 c5.
1825 3125 1916 3178 Διὸ

2030 3121 2167 3176 Deus
2194 3134 2334 3173 meus
2358 3134 2410 3171 es
2439 3128 2513 3180 tu,
2552 3128 2602 3171 et
2631 3117 2880 3172 exaltabo
2916 3125 2979 3172 ts.
3026 3118 3122 3184 Ea,
3154 3119 3350 3188 inquit,
3372 3120 3608 3185 ratione,

346 3212 517 3280 χωρὶς
549 3205 623 3264 ὦν
643 3213 1043 3284 εὑηργετήθην,
1068 3215 1567 3285 εὐχαριστήσωσοι,
1596 3218 1692 3271 καὶ
1708 3216 1920 3280 δοξάσω

2030 3212 2155 3282 quia
2185 3209 2329 3264 Deus
2385 3223 2539 3262 meus
2591 3222 2674 3268 cs,
2721 3223 2749 3259 a
2784 3223 2870 3261 me
2903 3208 3000 3260 tibi
3077 3209 3330 3264 maxima:
3388 3211 3612 3280 agendae

345 3317 424 3355 σε.
462 3302 585 3373 Χρὴ
637 3303 747 3374 γὰρ
788 3305 1135 3374 εὐχαριστεῖν
1161 3306 1240 3376 τῷ
1271 3307 1556 3372 Κτίσαντι,
1622 3308 1714 3360 καὶ
1736 3307 1824 3360 διὰ
1860 3305 1921 3359 τὸ

2032 3310 2162 3357 sunt
2214 3299 2425 3369 gratiae,
2473 3298 2689 3350 tametsi
2748 3298 2898 3351 nulla
2953 3299 3007 3352 in
3059 3314 3146 3353 me
3183 3298 3451 3355 hactenus
3479 3314 3614 3355 con-

347 3393 527 3447 κτίσαι
559 3395 741 3464 μόνον,
767 3400 860 3450 καὶ
887 3397 1258 3468 προνοεῖσθαι.

2033 3392 2255 3445 tulisses
2285 3387 2570 3442 beneﬁcia.
2616 3387 2844 3456 Oportet
2897 3390 3042 3441 enim
3087 3404 3186 3444 nos
3226 3389 3334 3444 Deo
3374 3396 3611 3453 creatori

348 3487 552 3555 gratias
583 3503 766 3559 agere,
797 3500 852 3546 et
888 3492 1042 3546 illum
1100 3492 1432 3562 gloriﬁcare,
1473 3501 1528 3547 ct
1597 3494 1725 3564 quia
1762 3489 1971 3546 creavit
2045 3500 2164 3548 nos,
2237 3490 2292 3536 et
2357 3481 2486 3550 quia
2582 3490 2894 3548 perpetuam
2970 3483 3142 3534 nostri
3215 3481 3612 3550 providentiam

349 3581 529 3638 habeL

428 3677 987 3748 Ἕξομολογήσομαί
1033 3694 1154 3745 σοι,
1220 3681 1311 3734 ὅτι
1365 3681 1714 3746 ἑπήκουσιίς
1775 3697 1916 3749 μου,

2090 3661 2392 3732 Conﬁtebor
2423 3658 2518 3712 tibi
2547 3660 2672 3728 quia
2733 3660 3005 3712 exaudiui
3061 3677 3160 3726 me,
3231 3671 3279 3714 et
3319 3662 3508 3731 [actus
3557 3683 3612 3721 es

349 3770 449 3823 καί
487 3769 698 3839 ἐγένου
746 3788 850 3840 μοι
896 3773 983 3836 εις
1041 3781 1367 3842 σωτηρίαν.
1406 3775 1800 3846 Εὐχαριστήσω
1841 3789 1923 3825 σοι
2027 3757 2155 3812 mihi
2196 3756 2251 3807 in
2277 3751 2538 3846 salutem.
2563 3748 2801 3813 Gratias,
2838 3749 3039 3818 inquit,
3074 3764 3292 3820 semper
3321 3750 3420 3807 tibi
3452 3767 3608 3823 agam

351 3859 436 3912 Eu).
457 3861 680 3923 παντὸς,
713 3861 790 3924 ὡς
821 3862 1112 3935 εὐεργέτῃ.

430 3952 930 4022 Ἐξομολογεῖσθε
974 3955 1052 4020 τῷ
1081 3956 1275 4023 Κυρίῳ
1299 3956 1387 4010 ὅτι
1426 3957 1669 4026 ἀγαθὸς,
1718 3957 1807 4009 ὅτι
1836 3958 1924 4021 είς

351 4047 452 4097 τὸν
472 4042 657 4099 αἰῶνα
679 4047 744 4098 τὸ
766 4047 940 4110 ἕλεος
986 4047 1196 4101 αὐτοῦ.
1235 4049 1331 4111 Είς
1357 4049 1450 4101 τὸν
1486 4050 1543 4100 ἐν
1571 4051 1712 4119 ἀρχῇ
1740 4048 1924 4119 στίχον

2035 3861 2092 3902 ut
2127 3841 2494 3900 bcnelactori.

2099 3937 2269 3992 Vens.
2327 3933 2418 3988 29.
2455 3931 2796 3999 Confitemini
2859 3930 3100 3994 Dommo,
3143 3933 3393 4000 quoniam
3424 3932 3608 3998 bonus,

2031 4031 2282 4104 quoniam
2315 4032 2368 4081 in
2404 4029 2656 4081 steculum
2689 4024 3056 4078 misericordia
3083 4025 3220 4093 ejus.
3249 4024 3343 4079 llic
3367 4027 3611 4096 psalmus

352 4135 755 4204 ἁποπερασθεὶς
785 4139 812 4189 ὁ
846 4136 1082 4206 ψαλμδς,
1121 4137 1320 4192 κύκλον
1358 4115 1923 4210 μιμεῖταιῖίιτροτρε-

2030 4125 2225 4180 eodem
2255 4119 2525 4177 versiculo
2579 4118 2741 4172 linem
2773 4115 3001 4183 faciens,
3033 4131 3144 4187 quo
3195 4116 3410 4172 initium
3463 4133 3613 4173 sum-

353 4225 584 4295 πόμενος
636 4221 791 4288 αὖθις
815 4227 906 4278 τὸν
937 4226 1088 4290 λαὸν,
1119 4229 1198 4290 είς
1219 4227 1248 4280 ὃ
1273 4230 1394 4280 κατ’
1443 4228 1640 4299 ἀρχάς.

2033 4216 2165 4286 psit,
2204 4214 2474 4269 circulum
2513 4221 2676 4280 atque
2725 4209 2916 4262 orbem
2966 4211 3258 4280 quemdam
3291 4211 3538 4266 imitatur
3558 4221 3613 4267 et

2032 4309 2098 4362 ad
2130 4307 2318 4361 eadem
2371 4302 2580 4374 agenda
2628 4317 2826 4358 rursus
2860 4299 3117 4373 populum
3154 4300 3369 4369 suadet,
3403 4301 3471 4356 ad
3493 4315 3615 4374 quae

1956 4391 2002 4446 Ι)
2033 4400 2191 4454 initio
2219 4400 2386 4452 etiam
2439 4404 2710 4450 suaserat.

946 4491 1333 4560 Ἀλληλούῖα.
2685 4487 2938 4542 Alleluia.

915 4583 1210 4638 ΨΔΛΜΟΣ
1244 4581 1397 4638 ΡΙΗ’.

2365 4576 2374 4577 ί
2527 4576 2848 4634 PSALMUS
2880 4576 3108 4632 CXVIII.

437 4672 649 4736 Πολλὰς
704 4673 1050 4744 πραγμάτων
1104 4674 1408 4744 μεταϐολὰς
1436 4675 1465 4726 ὁ
1497 4673 1638 4737 θεῖος
1670 4673 1799 4745 ἔσχε
1827 4676 1923 4728 Δα-

2111 4669 2303 4724 Varias
2332 4677 2509 4724 status
2581 4671 2665 4725 sui
2727 4671 3061 4726 mutationes
3113 4672 3375 4728 sustinuit
3418 4673 3612 4731 beatus

351 4765 458 4829 σιδ,
485 4766 560 4829 ὡς
616 4766 710 4818 καὶ
746 4768 802 4820 ὲν
831 4767 909 4836 τῷ
947 4769 1222 4836 προοιμίῳ
1252 4769 1350 4836 τῆς
1396 4766 1678 4837 παρούσης
1743 4764 1923 4835 βίϐλου

2033 4762 2230 4828 David,
2265 4760 2730 4832 quemadmodum
2750 4762 2992 4818 diximus
3027 4763 3082 4818 in
3100 4763 3376 4822 Prommio
3407 4769 3612 4838 Operis.

351 4855 753 4926 διηγησάμεθαο
815 4860 910 4910 καὶ
973 4858 1079 4926 γάρ
1129 4873 1259 4909 ποτε
1369 4857 1469 4925 μὲν
1536 4857 1706 4926 ἔφυγε
1761 4857 1923 4909 πολε-

2038 4854 2172 4910 Nam
2199 4862 2255 4908 et
2287 4851 2585 4924 aliquando
2641 4852 2768 4908 belli
2818 4855 3058 4923 pericula
3113 4859 3347 4914 evadere
3404 4861 3453 4916 ei
3481 4875 3616 4915 con-

357 4948 551 5016 μίους,
613 4947 748 5000 ποτὲ
800 4948 881 5013 δὲ,
941 4950 1265 5018 περιέπιπτε
1323 4950 1651 5017 συμφοραῖς,
1692 4947 1821 4999 ποτὲ
1873 4945 1923 4999 δὲ

2039 4947 2179 5014 tigit.
2218 4944 2513 5014 aliquando
2573 4951 2754 4999 autem
2805 4945 2858 5000 in
2889 4947 3230 5005 calamitates
3260 4949 3526 5016 incidere,
3560 4958 3616 5004 et

364 5042 784 5114 θυμαρεστέραν
838 5039 946 5112 εἶχε
1019 5043 1198 5112 ζωήν·
1273 5042 1366 5094 καὶ
1440 5041 1534 5092 νῦν
1602 5040 1768 5092 ὥδευε
1830 5041 1923 5108 τὴν

2037 5037 2333 5106 aliquando
2369 5035 2726 5105 placidiorem
2749 5051 2813 5091 ac
2853 5039 3027 5108 magis
3077 5040 3424 5107 tranquillam
3447 5040 3610 5093 vitam

355 5133 508 5186 θείαν
577 5135 718 5198 ὁδὸν,
787 5135 880 5188 νῦν
935 5134 992 5188 δὲ
1061 5133 1236 5205 ταύτῃ
1295 5134 1695 5203 προσέπταιενο
1750 5131 1923 5198 Ἀπερ

2039 5127 2245 5183 habere
2284 5146 2298 5182 :
2339 5134 2396 5182 et
2445 5127 2609 5180 modo
2661 5127 2877 5197 quidem
2933 5144 3030 5199 per
3074 5129 3456 5182 mandatorum
3516 5128 3611 5183 Dei

352 5223 568 5277 ἅπαντα
654 5225 936 5290 συνελὼν,
1015 5225 1270 5295 ἤθροισεν
1337 5225 1418 5287 είς
1517 5223 1610 5276 τὸν
1682 5221 1923 5290 παρόντα

2033 5223 2174 5276 viam
2230 5221 2481 5285 incessit,
2518 5223 2681 5276 modo
2711 5238 2840 5278 vero
2862 5223 2930 5276 ab
2973 5222 3064 5276 illa
3089 5221 3310 5277 decidit.
3338 5220 3469 5286 Quae
3491 5235 3610 5274 om-

352 5318 590 5388 ψαλμὸν,
619 5318 848 5383 ἐντάεας
885 5317 1101 5380 καὶτὰς
1131 5318 1414 5387 ἀγράφους
1441 5316 1704 5369 ἑκάστοτε
1759 5328 1928 5382 προσ-

352 5409 669 5479 ενεχθείσας
699 5409 847 5478 αὺτῷ
867 5409 948 5480 τῷ
966 5407 1084 5478 Θεῷ
1107 5408 1339 5478 δεήσεις,
1365 5407 1500 5477 πρὸς
1531 5403 1931 5472 παιδαγωγίαν,

353 5501 447 5554 καὶ
467 5500 737 5569 ὠφέλειαν
763 5499 872 5554 τῶν
918 5501 1378 5570 ἐντυγχανόντων.
1433 5500 1656 5568 Ἀρτιος
1677 5496 1734 5550 δὲ
1771 5491 1928 5558 οὗτος

353 5593 379 5644 ὁ
412 5591 652 5666 ψαλμδς,
713 5592 843 5654 τοὺς
898 5591 998 5661 μὲν
1046 5592 1250 5663 ἀρετὴν
1297 5592 1604 5663 μετιόντας,
1650 5587 1918 5654 τελειοῦν,

423 5772 469 5804 ³³
504 5771 664 5829 Joan.
708 5787 760 5836 v,
791 5771 880 5825 45.

2038 5314 2127 5368 nia
2183 5314 2333 5369 brevi
2367 5315 2420 5368 in
2471 5316 2617 5368 hunc
2664 5316 2935 5385 psalmum
2985 5317 3282 5383 congessit.
3317 5313 3396 5368 Ad
3433 5314 3608 5368 lecto-

2039 5405 2119 5460 ris
2150 5415 2415 5476 praeterea
2484 5405 2906 5472 institutionem,
2974 5405 3175 5460 multas
3228 5419 3418 5474 preces
3480 5419 3607 5460 suas

2039 5498 2317 5567 apposuit,
2349 5511 2489 5567 quas
2525 5497 2638 5554 Deo
2679 5499 2878 5567 saepius
2902 5497 3085 5552 verbis
3134 5506 3368 5562 tantum,
3413 5505 3469 5552 et
3498 5510 3606 5552 non

2033 5589 2254 5660 scriptis
2307 5589 2604 5646 obtulerat.
2663 5589 2849 5644 Potest
2899 5595 3081 5644 autem
3140 5587 3230 5646 bic
3253 5588 3496 5660 psalmus
3533 5588 3600 5642 ll-
