4076 6204
471 351 613 416 1135

465 467 608 526 ἄειρε
646 473 839 517 omnes
865 455 931 510 ad
975 450 1232 506 virtutem
1291 440 1618 499 accedentes
1682 429 2044 506 perfectiores
2076 433 2123 488 Α
2151 425 2276 485 τοὺς

468 559 720 618 reddere,
754 560 808 606 et
842 560 1035 603 omnes
1075 541 1171 613 qui
1233 538 1507 593 hactenus
1555 525 1926 598 negligentius
1965 519 2049 572 vi-

470 653 670 711 xerint,
704 643 769 699 ad
805 643 1064 696 virtutem
1118 632 1365 689 excitare
1395 646 1409 694 ;
1444 620 1780 693 etquoniam
1838 615 1896 667 in
1945 610 2051 663 hoc

471 744 675 815 psalmo
745 736 1062 802 frequenter
1128 724 1378 780 invenies
1414 715 1751 772 mentionem
1815 705 1930 761 ﬁeri
1985 700 2053 754 de

472 794 561 815 7'"
851 794 860 802 υ

472 840 604 902 lege,
643 832 709 883 de
744 822 1078 882 testimoniis
1125 819 1194 871 de
1245 809 1549 872 mandatis,
1603 805 1669 859 de
1697 794 2052 872 iustiﬁcatio-

473 884 657 985 iii‘inis,
716 920 782 974 de
838 914 1086 986 iudiciis,
1136 909 1204 963 de
1252 902 1508 973 eloquiis,
1563 905 1725 964 atque
1772 891 1826 944 id
1863 887 1974 941 fere
1997 884 2052 937 in

473 1029 804 1085 unoquoque
843 1006 1116 1062 versiculo
1177 999 1267 1070 (de
1338 996 1423 1050 his
1495 989 1720 1050 ctenim,
1772 991 1830 1036 ut
1905 975 2054 1033 brevi

476 1114 669 1172 :licam,
720 1116 868 1160 totus
919 1101 1161 1172 psalmus
1193 1099 1532 1164 pertractat;
1593 1084 1722 1138 huic
1745 1077 1892 1134 enim
1943 1085 2057 1125 ma-

477 1206 622 1260 teriae
661 1203 854 1254 beatus
889 1195 1054 1248 David
1122 1203 1248 1244 eum
1297 1178 1636 1254 applicavit),
1687 1173 1812 1228 vide
1861 1166 2056 1238 quaein

479 1310 582 1348 tvu
667 1289 876 1360 psalmo
947 1284 1094 1337 dicta
1145 1280 1274 1342 sint,
1315 1276 1433 1329 ibi:
1476 1271 1537 1323 Et
1615 1265 1791 1320 omnia
1845 1257 2054 1328 judicia

481 1387 582 1457 :jus
618 1387 669 1438 in
702 1391 986 1448 conspectu
1019 1391 1168 1438 meo;
1213 1369 1356 1424 unde
1385 1363 1599 1434 quoties
1623 1353 1827 1426 aliquid
1862 1350 2055 1419 liujus~

483 1478 618 1532 modi
672 1472 1067 1532 invenerimus,
1143 1460 1480 1532 superﬂuum
1557 1451 1722 1506 fuerit
1776 1446 1848 1500 ibi
1909 1443 2057 1495 dicta

484 1581 742 1642 repetere.
793 1567 926 1619 Illud
982 1572 1164 1616 tamen
1206 1557 1350 1611 scire
1409 1555 1645 1616 oportet,
1695 1539 1842 1611 quod
1910 1537 2057 1596 licet,

486 1629 558 1718 3a.:
609 1661 883 1713 dictiones
942 1657 1084 1707 inter
1139 1665 1198 1703 se
1231 1646 1486 1700 diﬂ‘erant
1517 1649 1582 1694 υι-
1604 1637 1675 1690 ibi
1713 1633 1826 1703 jam
1851 1629 2058 1682 dictum

1690 312 2077 380 EUTHYMII
2116 306 2482 370 ZIGABENI

3596 276 3741 342 1136

2317 421 2373 474 δὲ
2406 420 2617 484 ζῶντας
2644 413 2928 488 ῥᾳθύμως,
2990 405 3304 476 διεγείρειν.
3351 396 3509 452 Ἐπεὶ
3537 395 3594 449 δὲ
3622 412 3752 446 συν-

2149 514 2289 586 εχῶς
2315 516 2372 566 ἐν
2427 511 2505 582 τῷ
2527 510 2757 581 παρόντι
2795 502 2998 575 ψαλμῷ
3030 500 3222 570 νόμου,
3259 495 3353 549 καὶ
3386 488 3740 563 μαρτυρίων,

2151 609 2246 662 καὶ
2277 604 2532 667 ἐντολῶν,
2566 603 2660 654 καὶ
2692 595 3108 666 δικαιωμάτων,
3141 594 3232 642 καὶ
3291 585 3602 657 κριμὰτων,
3646 579 3752 632 καὶ

2159 700 2359 768 λογίων
2417 696 2717 767 μέμνηται,
2761 691 2856 744 καὶ
2915 686 3101 757 σχεδὸν
3141 684 3200 735 ἐν
3264 680 3483 746 ἑκάστῳ
3533 674 3704 741 στίχῳ
3733 687 3748 700 ο

2157 794 2286 862 περὶ
2318 789 2521 843 τούτων
2549 789 2680 856 γὰρ,
2704 784 2780 847 ὼς
2833 782 3034 842 εἰπεῖν,
3078 778 3111 846 ἡ
3171 773 3445 842 σύμπασα
3490 781 3757 836 πραγμα-

2155 881 2401 952 τείαοτοῦ
2429 878 2647 950 ψαλμοῦ
2704 876 2921 929 τούτου.
2976 872 3086 924 Καὶ
3140 866 3350 926 τούτοις
3418 859 3600 920 ἱδικῶς
3656 858 3752 908 ἁν-

2165 977 2335 1045 έθηκε
2393 972 2604 1035 τοῦτον,
2648 969 2889 1039 ζήτησον
2934 967 2990 1017 ἐν
3042 960 3119 1030 τῷ
3186 960 3250 1019 ιζ’
3280 952 3479 1025 ψαλμῷ
3530 951 3612 1016 τὸ,
3671 949 3758 1001 ὅτι

2157 1069 2360 1123 Πάντα
2410 1065 2478 1117 τὰ
2525 1063 2782 1129 κρίματα
2819 1054 3009 1110 αὑτοῦ
3033 1050 3292 1107 ἐνώπιόν
3319 1063 3463 1117 μου,
3492 1043 3586 1094 καὶ
3625 1041 3762 1109 περὶ

2162 1163 2401 1223 πάντων,
2445 1157 2706 1227 εὑρήσεις
2757 1151 2855 1220 τὴν
2906 1149 3174 1217 ἐξήγησιν
3201 1141 3414 1194 ἐκείνου
3445 1134 3762 1202 διαλαμϐα-

2162 1268 2356 1306 νουσαν
2381 1264 2396 1280 ⁶
2431 1248 2526 1301 καὶ
2558 1244 2744 1298 λοιπὸν
2767 1242 2827 1294 ού
2858 1240 3028 1311 ,χρεία
3060 1237 3223 1288 πάλιν
3247 1229 3600 1302 ἑρμηνεύειν,
3623 1225 3763 1277 ἔνθα

2158 1365 2209 1400 τι
2249 1344 2490 1398 τοιοῦτον
2541 1340 2900 1410 εὑρίσκομεν.
2949 1333 3071 1403 Χρὴ
3095 1332 3151 1383 δὲ
3173 1328 3467 1399 γινώσκειν
3491 1324 3566 1384 ὡς
3592 1324 3641 1373 εἰ
3668 1322 3766 1373 καὶ

2159 1441 2505 1507 διαφέρουσιν
2529 1434 2801 1503 ἀλλήλων,
2847 1429 2964 1482 ἀλλ’
2998 1427 3070 1488 ὼς
3111 1423 3204 1476 ἐπὶ
3232 1425 3291 1473 τὸ
3331 1419 3606 1475 πλεῖστον,
3647 1417 3767 1474 τοῖς

2162 1531 2420 1590 τοιούτοις
2435 1527 2668 1597 ὀνόμασι
2691 1524 2784 1576 τὸν
2820 1521 2987 1590 νόμον
3027 1517 3202 1588 δηλοῖ,
3227 1512 3335 1566 ἀπὸ
3365 1511 3474 1561 τῶν
3506 1522 3768 1576 περιεχο-

2166 1623 2341 1694 μένων
2366 1619 2453 1672 τὸν
2486 1616 2842 1689 περιέχοντα.

490 1697 558 1718 ιω
609 1697 883 1713 ...ιμνηνυ
1139 1697 1196 1703 _-
1236 1697 1374 1700 _-,-,
1713 1697 1730 1703 ν

490 1772 583 1827 ast.
633 1765 690 1807 ut
746 1751 1043 1824 plurimum
1099 1755 1282 1799 tamen
1347 1742 1434 1794 liis
1521 1730 1839 1788 nominibus
1899 1723 2096 1778 beatus
2172 1717 2342 1773 David
2374 1716 2549 1786 ipsam
2598 1715 2772 1783 legem
2835 1705 3188 1778 signiﬁcavit,
3245 1699 3414 1757 veluti
3465 1697 3767 1753 continens

429 1859 449 1876 ⁸
490 1875 509 1912 λ
545 1852 844 1905 contentis.

555 1968 774 2022 γεκαὶ.
800 1965 950 2017 Beati
972 1957 1301 2014 intumculati
1328 1956 1380 2006 in
1414 1951 1515 2004 via.
1540 1949 1643 2000 l'ur
1668 1946 1832 2004 viam,
1859 1933 2068 1991 transi—

2245 1926 2539 1994 Μακάριοι
2564 1925 2789 1994 ἄμωμοι
2813 1897 2905 1974 κέν
2950 1917 3090 1982 ὀδῷ.
3138 1913 3294 1968 Ὀδὺν
3329 1911 3422 1962 τδν
3469 1903 3774 1976 napo-62x?)

2245 2019 2267 2022 ~
2431 2018 2476 2022 α-
2588 2017 2598 2022 -
2729 2013 2782 2022 -~
3111 2006 3158 2022 ιν
3461 1997 3774 2022 s--1.__-._-

492 2063 681 2116 toriam
744 2060 884 2110 lianc
941 2055 1106 2108 vitam
1147 2049 1417 2115 intelligit,
1477 2044 1668 2095 beatos
1713 2049 1808 2088 eos
1846 2032 2060 2087 dicens,

493 2153 576 2224 qui
613 2151 823 2216 absque
858 2143 1288 2215 reprehensione
1343 2151 1435 2206 per
1478 2149 1596 2184 eam
1652 2125 1956 2183 ambulant,
2014 2125 2068 2171 et

493 2252 635 2298 recte
665 2242 874 2292 vivunt.
913 2234 1123 2304 (Graeca
1153 2232 1298 2286 enim
1331 2227 1498 2280 dictio
1535 2221 1790 2290 ἄμωμος,
1825 2228 1934 2267 non
1956 2220 2066 2261 tam

491 2329 902 2387 immaculatum
949 2337 1114 2392 quam
1148 2311 1686 2387 irreprehensibilem
1741 2295 2066 2373 signiﬁcat.)

564 2447 666 2511 Qui
707 2442 980 2495 ambulant
1023 2440 1075 2490 in
1115 2437 1224 2505 lege
1271 2431 1508 2486 Domini.
1545 2426 1647 2492 Qui
1703 2421 1942 2490 legitime
1991 2414 2074 2466 vi-

501 2546 649 2601 vttnt,
703 2545 756 2589 et
809 2531 1115 2586 secundum
1172 2528 1266 2582 Dei
1321 2526 1494 2593 legem
1547 2520 1970 2573 conversantur,
2021 2514 2077 2559 et

503 2645 605 2684 ilOﬂ
633 2640 783 2682 eXira
817 2638 962 2679 eam.

572 2739 741 2794 Vens.
775 2736 831 2790 2.
881 2733 1054 2799 Beati,
1097 2730 1187 2801 qui
1230 2733 1542 2784 scrutantur
1592 2715 1896 2774 testimonia
1938 2710 2076 2780 ejus.

505 2831 766 2898 Quicum
810 2825 994 2880 studio
1042 2833 1096 2878 et
1136 2837 1261 2877 cum
1308 2817 1613 2874 attentione
1651 2826 1714 2865 ea
1765 2808 1972 2875 legunt,
2027 2807 2083 2854 et

506 2923 778 2980 occultum
815 2918 869 2972 in
898 2919 980 2973 eis
1013 2915 1346 2985 investigant
1377 2913 1725 2966 thesaurum.

575 3129 640 3186 In
673 3137 782 3182 toto
807 3124 964 3178 corde
1003 3120 1285 3188 exquirunt
1325 3128 1466 3168 eum.
1510 3105 1824 3175 Exquirunt
1875 3104 2085 3158 autem,

510 3223 634 3295 quia
666 3222 848 3274 lucem
878 3231 942 3268 ac
970 3207 1441 3283 pulchritudinem
1491 3202 1614 3269 ejus
1656 3197 1767 3265 jam
1820 3188 2090 3261 quodam-

512 3292 668 3367 modo
699 3309 1086 3376 degustarunt.
1117 3298 1394 3365 Quocirca
1447 3292 1582 3344 totis

512 3405 575 3460 ad
604 3403 754 3456 illum
791 3398 1107 3456 tendentes,
1136 3387 1413 3442 mundana
1445 3381 1630 3437 omnia
1674 3380 2087 3446 pertranseunt,

513 3506 675 3564 atque
709 3491 862 3543 illum
896 3485 1071 3540 solum
1104 3479 1431 3548 inquirunt:
1474 3472 1800 3528 festinantes
1832 3461 2093 3519 nimirum

515 3604 635 3642 cum
671 3598 735 3638 eo
759 3594 905 3639 esse,
938 3585 1103 3644 atque
1127 3573 1202 3626 illi
1243 3573 1481 3639 placere.
1515 3565 1616 3619 Ille
1646 3575 1779 3617 vero
1803 3555 2098 3626 exquirere

516 3679 683 3733 Deum
713 3672 936 3734 dicitur,
977 3667 1069 3736 qui
1125 3679 1221 3733 per
1274 3659 1659 3716 mandatorum
1701 3652 1960 3708 semitam
2015 3645 2100 3700 in-

518 3768 684 3830 cedit,
715 3778 834 3833 quae
869 3760 937 3812 ad
967 3758 1120 3811 illum
1145 3754 1325 3811 ducit.

590 3981 756 4035 Vsus.
808 3978 863 4032 ⁸5.
908 3973 1028 4027 Non
1061 3969 1199 4025 enim
1228 3965 1316 4036 qui
1343 3969 1632 4034 operantur
1661 3955 2018 4026 iniquitatem,
2047 3949 2102 4003 in

523 4078 620 4130 viis
674 4074 786 4142 ejus
815 4065 1236 4122 ambulauerunt.
1285 4056 1388 4111 Ubi
1445 4053 1696 4108 absolute
1744 4047 1903 4109 dicit,
1932 4045 2098 4105 viam,

522 4171 846 4236 praesentem
883 4156 1050 4209 vitam
1090 4160 1148 4204 ut
1176 4146 1472 4217 plurimum
1515 4137 1795 4207 intelligit,
1841 4134 1931 4187 tibi
1974 4144 2103 4185 vero

523 4259 638 4312 vias
698 4253 813 4314 Dei,
869 4264 962 4303 seu
1014 4246 1127 4298 vias
1163 4242 1300 4309 ejus,
1331 4239 1502 4306 legem
1554 4228 1809 4296 intelligit
1861 4235 1914 4278 et
1962 4237 2104 4294 prte-

527 4357 706 4412 ριιριςι.
751 4344 839 4393 Ait
896 4336 1085 4405 igitur,
1141 4328 1288 4401 quod
1338 4339 1530 4379 omnes
1582 4321 1674 4390 qui
1713 4320 1897 4386 aliqua
1932 4315 1990 4368 in
2047 4326 2106 4366 re

527 4435 713 4501 inique
740 4437 928 4498 agunt,
966 4439 1076 4476 non
1108 4421 1396 4473 ambulant
1428 4417 1480 4468 in
1505 4414 1610 4467 viis
1661 4411 1779 4464 Dei.
1826 4407 1928 4460 Ubi
1962 4405 2105 4458 enim

530 4498 653 4595 quis
691 4516 990 4588 delinquit,
1026 4511 1214 4568 statim
1242 4512 1310 4563 ab
1347 4506 1426 4562 eis
1451 4504 1700 4558 noscitur
1731 4498 2034 4554 declinare.

602 4717 771 4771 Vens.
835 4715 887 4767 4.
949 4709 1025 4764 Tu
1079 4704 1354 4761 mandasti
1404 4705 1661 4757 mandata
1721 4712 1814 4752 tua
1852 4692 2114 4749 custodiri

536 4811 708 4867 valde.
747 4804 830 4858 Tu
864 4805 918 4856 in
969 4803 1086 4871 lege
1142 4811 1232 4850 tua
1284 4799 1386 4850 hoc
1429 4792 1725 4857 mandasti,
1783 4798 1836 4844 et
1891 4786 2117 4840 maledi-

539 4904 776 4959 ctionem
827 4895 1099 4950 adversus
1162 4888 1546 4945 mandatorum
1611 4897 1824 4938 tuorum
1871 4889 2116 4934 contem-

541 5006 728 5066 ptores
761 4985 1051 5045 addidisti.
1091 4983 1319 5054 Oportet
1365 4996 1465 5034 nos
1504 4979 1671 5048 igitur
1721 4974 1869 5027 illum
1902 4974 2115 5031 limere,

507 5087 632 5162 Aqui
669 5080 922 5137 mandata
959 5091 1057 5132 sua
1087 5074 1220 5129 adeo
1249 5072 1534 5127 observari
1574 5067 1748 5135 jussit
1790 5083 1804 5120 :
1844 5071 1898 5118 et
1950 5060 2115 5116 simili

543 5150 724 5240 modo,
761 5170 897 5225 nihil
943 5182 1135 5221 eorum
1191 5161 1524 5231 transgredi,
1559 5172 1680 5229 qua:
1729 5155 1798 5209 ab
1829 5155 1921 5207 illo
1958 5150 2116 5205 nobis

542 5269 766 5332 tradita,
800 5276 966 5333 atque
993 5259 1243 5314 ordinata
1275 5263 1426 5309 sunt.

612 5399 781 5455 VERS.
815 5397 869 5453 5.
906 5392 1120 5450 Utinam
1157 5393 1467 5463 dirigantur
1497 5389 1595 5442 vite
1641 5401 1788 5448 mew,
1822 5385 1890 5438 ad
1935 5391 2116 5435 custo-

543 5491 763 5546 diendas
812 5487 1228 5559 justiﬁcationes
1272 5493 1416 5537 tuas.
1466 5479 1711 5544 Utinam,
1760 5479 1960 5546 inquit,
2019 5475 2117 5529 via:

545 5579 982 5636 conversationis
1032 5590 1164 5630 mea:
1205 5576 1341 5630 adeo
1395 5563 1728 5640 dirigantur,
1785 5578 1844 5623 ut
1875 5578 1968 5623 tua
2019 5568 2118 5622 ad-

548 5672 806 5740 impleain
838 5668 1117 5724 mandata.
1144 5667 1394 5722 Postulat
1421 5676 1600 5718 autem
1641 5663 1768 5727 hoc,
1796 5663 1998 5732 optime
2029 5661 2114 5714 di-

549 5775 836 5832 gnoscens,
871 5760 1018 5830 quod
1052 5775 1120 5817 ex
1166 5759 1348 5829 seipso
1402 5758 1536 5813 nihil
1588 5766 1774 5828 posset
1829 5755 2109 5825 perﬁcere,

2175 2019 2366 2072 τοῦτον
2425 2018 2539 2088 βίον
2577 2013 2857 2084 ὀνομάζει,
2914 2006 3235 2079 μακαρίζων
3279 2003 3406 2065 τοὺς
3454 1997 3774 2068 ἀμέμπτως

2174 2110 2461 2171 ὁδεύοντας
2490 2107 2655 2160 αὐτόν
2679 2121 2692 2134 ·
2719 2105 2847 2167 τοὺς
2882 2102 3060 2174 ὀρθῶς
3094 2097 3374 2168 βιοῦντας.

2257 2402 2319 2453 Ol
2381 2396 2769 2466 πορευόμενοι
2822 2391 3082 2460 ἐννόμῳ
3133 2387 3377 2455 Κυρίου.
3403 2386 3467 2439 Οἱ
3529 2381 3780 2456 βιοῦντες

2188 2492 2453 2559 ἐννόμως,
2484 2489 2536 2540 οἱ
2568 2487 2987 2554 πολιτευόμενοι
3017 2481 3159 2535 κατὰ
3181 2480 3347 2550 νόμον
3378 2476 3537 2540 Θεοῦ,
3567 2477 3662 2530 καὶ
3703 2475 3780 2545 μὴ

2187 2582 2464 2654 βαίνοντες
2504 2579 2610 2644 ἔξω
2640 2578 2855 2648 τούτου.

2257 2695 2546 2762 Μακάριοι
2586 2696 2640 2746 οἱ
2670 2690 3106 2759 ἐξερευνῶντες
3141 2688 3213 2742 τὰ
3237 2688 3533 2757 μαρτύρια
3566 2683 3780 2739 αὐτοῦ.

2191 2787 2253 2840 Οἱ
2283 2787 2402 2855 μετ’
2452 2782 2782 2844 ἐπιστασίας
2820 2781 2914 2833 καὶ
2963 2777 3247 2849 προσοχῆς
3309 2774 3784 2842 ἀναγινώσκοντες

2191 2878 2261 2931 τὰ
2285 2877 2460 2942 αὐτὰ,
2507 2877 2602 2928 καὶ
2649 2875 2739 2927 τὸν
2792 2870 3247 2942 ἐγκεκρυμμένον
3306 2866 3585 2939 θησαυρὸν
3646 2879 3786 2916 κατ’

2193 2987 2540 3031 οπτευοντες.

2275 3088 2372 3138 Ἐν
2409 3085 2522 3152 ὅλῃ
2569 3080 2784 3150 καρδίᾳ
2814 3076 3257 3147 ἐκζητήσουσιν
3285 3073 3494 3127 αὐτόν.
3530 3060 3691 3122 Οὗτοι
3728 3069 3789 3120 ἐν

2198 3179 2293 3249 ὅλῃ
2334 3176 2534 3246 καρδίᾳ
2583 3172 2983 3242 ἐκζητήσωσιν
3014 3170 3199 3230 αὐτὸν,
3239 3168 3407 3238 ἤγουν
3472 3163 3564 3215 τὸν
3619 3160 3784 3222 Θεὸν,

1635 3255 1904 3341 ιιέειιιοὶ-ίῑ
1954 3277 2082 3334 velis

2199 3272 2302 3343 ἢδη
2349 3269 2447 3321 τοῦ
2504 3267 2736 3328 κὰιλλους
2765 3263 2932 3317 αὑτοῦ
2981 3265 3078 3316 καὶ
3105 3262 3198 3314 τοῦ
3228 3260 3409 3330 φωτὸς
3440 3255 3790 3310 ἀπολαύσανο

2198 3381 2289 3426 τες
2319 3381 2332 3394 ε
2371 3361 2452 3413 διὸ
2479 3361 2572 3412 καὶ
2621 3358 2742 3411 ὅλον
2793 3357 2888 3408 τὸν
2913 3355 3078 3408 πόθον
3119 3355 3397 3413 τείναντες
3432 3349 3569 3419 πρὸς
3601 3346 3786 3409 αὐτὸν,

2198 3455 2267 3507 τὰ
2299 3453 2396 3521 μὲν
2437 3450 2667 3522 βιωτικὰ
2703 3449 2887 3502 πάντα
2924 3443 3413 3516 παραδραμοῦνται
3435 3459 3452 3476 ο
3510 3439 3699 3495 τοῦτον
3729 3438 3789 3490 δὲ

2205 3547 2363 3618 μόνον
2413 3545 2830 3615 ἐκζητήσουσιν,
2890 3541 3242 3608 ἐπειγόμενοι
3304 3535 3547 3589 συνιέναι
3597 3532 3786 3593 αὐτὸν,

2212 3639 2279 3690 δι’
2326 3636 2763 3706 εύςρεστήσεως.
2814 3632 3067 3698 Ἐκζητεῖ
3096 3629 3154 3682 δέ
3195 3646 3278 3691 τις
3300 3629 3392 3680 τὸν
3420 3626 3553 3679 Θεὸν
3587 3621 3791 3676 ὁδεύων

2203 3730 2338 3799 πρὸς
2368 3729 2531 3781 αὑτὸν
2585 3727 2677 3780 διὰ
2714 3727 2814 3798 τῆς
2855 3725 3046 3796 τρίϐου
3071 3723 3182 3776 τῶν
3213 3720 3468 3785 ἐντολῶν,
3504 3720 3560 3771 αἳ
3593 3718 3794 3787 φέρου-

2206 3839 2290 3875 σιν
2314 3823 2393 3884 εἰς
2419 3820 2606 3874 αὐτόν.

2281 3937 2362 3988 Οὐ
2387 3934 2496 4003 γὰρ
2520 3931 2897 4002 ἐργαζόμενοι
2929 3929 3046 3996 τὴν
3063 3929 3324 3998 ἀνομίαν
3363 3928 3434 3981 ἐν
3476 3925 3610 3991 ταῖς
3629 3922 3794 3988 ὁδοῖς

2207 4025 2396 4080 αὑτοῦ
2429 4024 2878 4092 ἐπορεύθησαν.
2913 4021 3087 4074 Ὅταν
3127 4020 3226 4089 μὲν
3279 4017 3461 4082 ὀδοὺς
3505 4015 3792 4072 ἀπολύτως

2205 4119 2361 4189 λέγῃ,
2423 4117 2513 4168 τὸν
2568 4115 2813 4185 παρόντα
2843 4113 2981 4182 βίον,
3034 4115 3109 4172 ὡς
3171 4112 3263 4163 ἐπὶ
3303 4110 3363 4161 τὸ
3398 4110 3653 4161 πλεῖστον
3707 4107 3794 4156 αξ-

2207 4210 2445 4262 νίττεται
2469 4223 2484 4239 θ
2516 4207 2644 4259 ὅταν
2687 4205 2743 4257 δὲ
2793 4204 2938 4258 ὁδὸν
2982 4203 3076 4256 τοῦ
3133 4200 3292 4267 Θεοῦ,
3325 4201 3358 4270 ἢ
3392 4198 3572 4261 ὁδοὺς
3601 4195 3791 4257 αὐτοῦ,

2211 4301 2303 4354 τὸν
2347 4301 2513 4369 νόμον
2553 4300 2647 4351 καὶ
2703 4298 2800 4359 τὰς
2855 4297 3079 4359 ἐντολάς
3137 4312 3304 4364 φησιν
3359 4291 3549 4346 αὑτοῦ.
3603 4290 3695 4350 Ὦς
3745 4289 3793 4339 oi

2214 4394 2359 4448 κατά
2415 4410 2470 4445 τι
2529 4389 3002 4461 παρανομοῦντες,
3069 4390 3171 4440 οὐκ
3221 4389 3281 4440 ἐν
3335 4389 3455 4448 ταῖς
3499 4383 3641 4444 ὁδοῖς
3698 4380 3794 4434 τοῦ

2210 4484 2346 4538 Θεοῦ
2399 4483 2788 4555 πορεύσονται·
2840 4482 2964 4535 κατ’
2999 4482 3172 4533 ἐκεῖνο
3195 4480 3305 4550 γὰρ
3365 4478 3650 4544 ἐξέκλιναν
3693 4475 3790 4528 ἀπ’

2137 4617 2184 4673 D
2214 4575 2416 4629 αὐτῶν.

2283 4689 2365 4744 Σὺ
2397 4689 2675 4742 ἐνετείλω
2734 4686 2840 4752 τὰς
2904 4685 3160 4750 ἐντολάς
3203 4701 3341 4747 σου,
3377 4683 3485 4736 τοῦ
3517 4680 3792 4750 φυλάξα-

2212 4787 2354 4837 σθαι
2424 4779 2679 4848 σφόδρα.
2721 4779 2792 4831 Σὺ
2849 4777 3010 4831 τοῦτο
3047 4775 3392 4847 προσέταξας
3436 4776 3494 4826 ἐν
3519 4773 3599 4842 τῷ
3621 4775 3790 4842 νόμῳ,

2215 4875 2310 4925 καὶ
2364 4872 2614 4940 κατάραν
2669 4871 2951 4938 ἐπήγαγες
2986 4870 3099 4928 τοῖς
3149 4867 3444 4937 ἀμελοῦσιν
3473 4865 3655 4917 αὐτόν.
3692 4865 3793 4916 Καὶ

2215 4965 2343 5034 χρὴ,
2364 4963 2604 5024 δεδιότας
2642 4961 2736 5015 τὸν
2763 4959 3164 5028 ἐντειλάμενον,
3203 4958 3279 5029 μὴ
3310 4955 3673 5028 παραϐαίνειν
3698 4955 3791 5008 αὺ-

2218 5057 2313 5117 τὰς
2349 5057 2407 5105 ἐν
2442 5053 2654 5123 μηδενί.

2296 5388 2557 5455 Ὄφελον
2583 5383 3139 5450 κατευθυνθείησαν
3160 5384 3218 5434 αἱ
3243 5380 3373 5434 ὁδοί
3387 5397 3530 5449 μου,
3556 5379 3663 5434 τοῦ
3685 5396 3797 5448 5w-

2225 5479 2614 5543 λάξασθαιτὰ
2649 5475 3010 5544 δικαιώματά
3059 5492 3194 5530 σου,
3240 5474 3366 5527 Εἴθε
3410 5469 3796 5525 κατευθυνθεί-
3846 5465 3848 5468 ’

2227 5590 2366 5644 ησαν
2399 5573 2456 5626 αἱ
2488 5571 2598 5625 ὁδοὶ
2623 5574 2720 5641 τῆς
2747 5568 3024 5637 πολιτείας
3058 5585 3184 5638 μου,
3213 5566 3355 5620 ὥστε
3385 5565 3674 5636 πληρῶσαι
3702 5561 3795 5625 τὰς

2229 5663 2450 5724 ἐντολάς
2487 5679 2603 5715 σου.
2665 5659 2898 5731 Εῠχεται
2939 5661 3051 5730 γὰρ
3086 5659 3262 5724 τοῦτο,
3309 5655 3600 5724 γινώσκων
3633 5653 3794 5725 μηδὲν

2223 5754 2484 5808 δύνασθαι
2533 5751 2854 5822 κατορθοῦν,
2895 5752 3064 5822 χωρὶς
3089 5751 3187 5821 τῆς
3216 5749 3421 5804 ἄνωθεν
3456 5744 3792 5818 συμμαχίας.
