4076 6204
398 258 530 323 113³1

1564 247 1955 310 COMMENT.
1998 250 2083 311 IN
2121 248 2483 309 PSALMOS.

3526 233 3655 296 1139

397 378 481 430 Οὐ
549 374 661 443 γὰρ
735 371 842 425 τοῦ
890 369 1195 433 θέλοντος,
1258 364 1403 421 οὐδὲ
1469 362 1576 417 τοῦ
1624 364 1958 433 τρέχοντος,

2076 361 2180 417 ιιῖεὶ
2212 360 2306 415 Dei
2344 375 2448 428 ope
2479 373 2540 412 ac
2566 357 2740 420 gratia
2796 356 3018 421 adjutus
3060 352 3243 409 fuerit.
3286 350 3473 419 Neque
3504 354 3649 404 enim

392 470 529 538 φησὶ
562 464 795 527 Παῦλος,
827 464 989 519 ἀλλὰ
1016 459 1124 515 τοῦ
1150 458 1472 524 ἐλεοῦντος
1499 455 1665 512 Θεοῦ.

464 651 602 704 Τότε
628 650 702 703 οὐ
722 648 807 718 μὴ
830 647 1139 714 αισχυνθῶ
1164 646 1234 699 ἐν
1261 643 1339 709 τῷ
1359 660 1435 712 με
1460 639 1812 695 ἐπιϐλέπειν
1868 638 1969 693 ἐπὶ

388 741 595 807 πάσας
625 744 733 807 τὰς
785 740 1041 805 ἐντολάς
1081 754 1221 793 σου.
1260 738 1390 790 Ὅτε
1424 733 1866 789 κατευθυνθῶσιν
1914 734 1970 785 αἱ

385 832 494 885 ὁδοί
548 848 672 901 μου,
734 828 921 893 καθὼς
977 829 1219 899 εἴρηται,
1261 830 1383 881 τὸτε
1422 828 1495 898 μὴ
1525 823 1839 894 αἰσχυνοῶ·
1876 822 1971 875 καὶ

390 926 498 995 γὰρ
529 924 808 993 ἐπέϐλεψα
848 923 1040 976 λοιπὸν
1094 922 1187 974 ἐπὶ
1218 922 1396 982 πάσας
1450 920 1550 982 τὰς
1602 917 1821 979 ἐντολάς
1853 931 1969 975 σου,

2078 452 2303 507 volentis
2333 460 2426 503 aut
2453 450 2741 513 currentis,
2776 456 2836 501 ut
2868 445 3047 515 inquit
3078 444 3300 505 Paulus,
3324 444 3415 497 sed
3455 453 3533 496 est
3560 443 3660 495 mi-

2078 545 2303 600 serentis
2342 544 2435 596 Dei
2454 545 2525 596 ’⁸.
3506 596 3509 597 ν

2148 639 2312 691 Vens.
2350 635 2400 689 (ἴ.
2436 620 2582 705 Tim
2615 652 2718 688 non
2745 634 3068 702 confundor,
3097 646 3214 685 cum
3257 643 3573 697 prospexero
3606 628 3661 679 iu

2080 731 2323 785 omnibus
2355 728 2624 781 utandatis
2652 728 2781 779 mis.
2814 724 2917 780 Ubi
2953 725 3052 776 vim
3094 736 3248 785 meae,
3285 728 3345 774 ut
3375 719 3509 779 dixi,
3548 736 3576 771 ιι
3610 730 3662 771 te

2080 822 2285 876 iuerint
2318 820 2564 883 direetm,
2594 828 2720 869 tttne
2780 832 2891 870 non
2946 813 3271 869 confundor.
3313 812 3427 881 Ego
3458 812 3657 863 etenim

2070 917 2181 985 jam
2215 913 2469 984 prospexi
2504 913 2569 964 ad
2597 912 2781 964 omnia
2805 908 3065 963 mandata
3098 914 3219 969 tua,
3249 914 3303 961 ct
3337 905 3521 958 omnia
3545 903 3658 969 jam

392 1016 488 1068 καὶ
543 1016 722 1076 πάσας
774 1014 877 1085 ἤδη
917 1012 1277 1083 κατώρθωσαι.
1311 1012 1381 1063 Ἦ
1416 1010 1512 1063 καὶ
1541 1010 1745 1078 ἑτέρως
1778 1024 1791 1037 °
1841 1004 1958 1058 Τότε

2077 1004 2388 1072 adimplevi.
2424 1002 2521 1056 Vel
2556 1003 2718 1055 aliter
2753 1018 2767 1054 :
2810 1000 2966 1053 Tunc
2999 1011 3110 1051 non
3147 995 3483 1057 conluttdar,
3532 1011 3653 1046 cum

385 1107 448 1161 οὐ
506 1108 581 1178 μὴ
631 1107 927 1176 αἰσχυνοῶ,
981 1107 1071 1160 ὅτε
1142 1105 1421 1174 ὲπιὸλέψω
1469 1104 1563 1156 ἐπὶ
1611 1102 1791 1163 πάσας

384 1202 605 1262 ἐντολάς
637 1219 731 1255 σου
760 1217 771 1228 ·
792 1202 880 1254 ὅτε
916 1200 1159 1270 μετέλθω
1182 1200 1363 1261 πάσας
1389 1215 1404 1230 ο
1435 1198 1494 1249 τι)
1514 1198 1622 1267 γάρ
1660 1211 1802 1256 τινος
1830 1209 1978 1261 παρ’

384 1295 513 1347 ιδεῖν
570 1293 839 1363 αἰσχύνην
865 1294 1023 1361 φέρει
1073 1291 1166 1344 καὶ
1201 1291 1527 1359 καταδίκην.

1871 1098 1974 1161 τὰς
2078 1111 2411 1165 prospcxcro
2439 1096 2504 1149 ad
2543 1095 2728 1149 omnia
2764 1091 3021 1146 mandata
3087 1099 3216 1154 tua,
3278 1104 3399 1143 cum
3447 1086 3660 1140 scilicet

2080 1189 2262 1242 omnia
2291 1188 2681 1255 adimplerero.
2720 1184 2823 1251 Qui
2855 1184 3001 1239 enim
3033 1180 3255 1252 aliquod
3282 1180 3528 1234 divinum
3563 1193 3661 1231 ne-

2065 1282 2220 1350 gligit
2246 1280 2592 1340 mandatum,
2641 1294 2705 1332 ex
2750 1275 3067 1348 huiusmodi
3116 1281 3439 1342 contemptu
3492 1271 3655 1340 igno-

380 1390 605 1443 miniam
639 1387 847 1457 pariter
879 1386 1070 1451 refert,
1147 1393 1202 1440 et
1246 1384 1795 1441 condemnationem.
1846 1376 2005 1450 (illud
2086 1385 2266 1429 tamen
2328 1371 2704 1427 adnotandum
2778 1379 2887 1472 est.
2942 1368 3088 1472 quod
3138 1369 3319 1438 legere
3367 1379 3659 1472 possumus

377 1484 539 1536 eum“
565 1482 710 1536 hunc
748 1482 1077 1535 versiculum
1113 1499 1126 1535 ε
1164 1480 1442 1534 Tanaum;
1479 1476 1796 1547 confuttdur,
1831 1473 1957 1541 quia
1993 1469 2279 1540 prospicio,
2322 1475 2377 1521 et
2400 1467 2467 1521 ad
2500 1466 2816 1538 huiusmodi
2876 1467 3169 1522 lectionem
3215 1470 3439 1534 aptatur
3479 1466 3658 1533 prima

377 1572 673 1641 expositio.
730 1571 920 1626 Greca
981 1572 1128 1626 enim
1174 1571 1342 1626 dictio
1399 1578 1687 1636 utramque
1737 1566 1944 1634 patitur
1986 1555 2324 1627 lectionem.)

374 1646 387 1658 ’
443 1664 1001 1733 Ἐξοιιολογήσομαί
1042 1663 1232 1716 σοιὲν
1255 1661 1534 1728 εὐθύτητι
1563 1657 1836 1727 καρδίας,
1878 1656 1947 1709 ἐν

2126 1649 2294 1704 Vens.
2347 1649 2399 1703 7.
2442 1648 2751 1717 Conﬁtebor
2806 1650 2903 1702 tibi
2955 1651 3011 1703 in
3069 1649 3389 1709 rectitudine
3452 1646 3654 1705 cordis.

374 1756 454 1822 τῷ
478 1755 891 1825 μεμαθηκέναι
938 1773 1014 1826 με
1044 1756 1117 1809 τὰ
1143 1756 1394 1824 κρίματα
1420 1754 1531 1822 τῆς
1559 1753 1959 1818 δικαιοσύνης

374 1866 515 1902 σου.
552 1849 643 1901 Ἐν
693 1849 770 1917 τῷ
808 1848 1192 1918 μεμαθηκέναι
1239 1850 1330 1899 τὸν
1362 1847 1532 1916 νόμον
1563 1862 1680 1907 σου,
1741 1846 1961 1915 εὐχαρι-

378 1940 563 2007 στήσω
615 1955 699 1992 σοι
739 1938 988 2002 δικαίως,
1021 1940 1079 1991 ὲν
1107 1938 1243 2008 ὀρθῇ
1298 1937 1520 2008 καρδίᾳ,
1557 1941 1615 1989 ὲν
1661 1937 1757 2008 ὅλῃ
1788 1938 1960 2008 ψυχῇ,

371 2032 453 2083 ὅτι
480 2029 703 2099 ἔμαθον,
736 2030 819 2083 ὅτι
859 2029 1176 2099 ὲφωτίσθην
1208 2028 1300 2081 τὸν
1330 2028 1479 2093 νοῦν,
1504 2029 1589 2081 ὅτι
1611 2028 1827 2098 μεγάλα
1879 2030 1961 2083 ἐν·

374 2121 566 2173 τεῦοεν
601 2121 1006 2193 εὐηργετήθην.

450 2215 525 2266 Τὰ
565 2212 930 2282 δικαιώματά
954 2229 1070 2267 σου
1100 2211 1354 2282 φυλάξω
1377 2227 1390 2241 °
1423 2210 1509 2282 μή
1536 2229 1614 2281 με
1644 2209 1961 2281 ἐγκαταλί-

376 2325 497 2377 πῃς
532 2308 641 2372 ἕως
668 2308 926 2377 σφόδρα.
965 2309 1070 2361 Τὸν
1105 2309 1268 2379 νόμον
1304 2323 1398 2360 σου
1435 2305 1677 2376 φυλάξω,
1706 2303 1959 2374 μεμαθη-

376 2399 488 2461 κὼς
515 2400 677 2453 αὐτόν
703 2416 716 2429 ⁸
745 2400 826 2452 διὸ
856 2399 1183 2470 παρακαλῶ,
1213 2401 1288 2470 μή
1317 2417 1383 2470 με
1406 2401 1578 2466 ὲγκατ
1590 2398 1788 2471 αλίπῃς
1838 2398 1960 2449 ἐπι-

378 2491 554 2544 πολύο
612 2490 772 2544 τοῦτο
823 2492 931 2561 γὰρ
974 2492 1130 2561 δηλοῖ
1189 2491 1271 2553 τὸ.
1325 2492 1478 2557 Ἕως
1533 2490 1802 2560 σφόδρα·
1842 2493 1957 2560 εἴγε

376 2582 640 2650 κέκρικας
665 2584 1058 2649 ἐγκαταλιπεῖν
1094 2600 1161 2653 με
1222 2584 1291 2636 δι’
1324 2582 1640 2652 οἰκονομίας
1665 2581 1832 2646 τινὸς,
1882 2581 1957 2645 ὡς

373 2673 572 2736 εἴωθας
598 2673 864 2737 πολλάκις
889 2676 1062 2728 ποιεῖν
1120 2675 1255 2745 πρὸς
1298 2673 1563 2741 ὠφέλειαν
1589 2673 1697 2726 τῶν
1724 2675 1957 2743 ἐγκατα-

376 2760 833 2831 λιμπανομένων.

455 3022 559 3076 Ἐν
586 3023 705 3077 τίνι
729 3025 1094 3091 κατορθώσει
1117 3026 1398 3093 νεώτερος
1426 3025 1701 3093 τὴνόδὸν
1726 3029 1955 3093 acroi};

378 3113 446 3168 ἐν
469 3114 545 3180 τῷ
571 3116 957 3184 φυλάξασθαι
988 3118 1133 3185 τοὺς
1153 3120 1376 3188 λόγους
1414 3137 1555 3175 σου.
1606 3122 1717 3174 Καὶ
1753 3110 1956 3194 ἐρωτᾷ,

375 3206 475 3260 καὶ
529 3208 908 3278 ἀποκρίνεται.
968 3210 1188 3280 Ἐπειδὴ
1225 3212 1337 3283 γὰρ
1375 3215 1408 3281 ἡ
1434 3214 1624 3283 νεότης
1658 3214 1832 3284 κούφη
1864 3215 1961 3269 καὶ

374 3297 793 3367 εὐπαράγωγος,
842 3302 943 3353 καὶ
992 3299 1193 3371 ῥαδίως
1230 3302 1737 3373 ὑποσκελιζομένη,
1797 3306 1960 3375 χρεία

378 3388 554 3457 ταύτῃ
587 3389 682 3457 τῆς
717 3390 969 3457 φυλακῆς
1023 3391 1133 3444 τῶν
1170 3392 1330 3445 θείων
1367 3395 1636 3451 ἐντολῶν·
1677 3394 1818 3466 αὕτη
1848 3396 1958 3467 γὰρ

375 3476 527 3548 ὀρθοί
558 3478 650 3531 τὸν
680 3478 798 3549 βίον
827 3480 923 3533 τοῦ
953 3481 1103 3546 νέου,
1133 3481 1230 3535 καὶ¹
1260 3482 1546 3551 φυλάττει.

434 3654 536 3711 Kal
562 3657 630 3709 ἐν
650 3658 763 3726 ὅλῃ
789 3658 1001 3725 καρδίᾳ
1018 3676 1138 3728 μου
1157 3660 1486 3729 ἐξεζήτησά
1506 3678 1601 3727 σε,
1624 3665 1708 3733 μὴ
1741 3666 1956 3736 ἁπὼσῃ

369 3766 446 3818 με
477 3750 597 3805 ἀπὸ
632 3749 752 3807 τῶν
774 3751 1046 3806 ἐντολῶν
1076 3768 1216 3808 σου.
1261 3755 1349 3809 Ἐν
1376 3755 1472 3827 ὅλῃ
1497 3757 1696 3830 καρδίᾳ
1720 3777 1846 3830 μου,
1880 3761 1957 3832 μὴ

378 3844 616 3911 μερίζων
646 3846 727 3908 εἰς
749 3846 1037 3916 φροντίδας
1076 3846 1342 3916 ﬂammat;
1377 3849 1475 3919 τὴν
1495 3850 1760 3904 διάνοιαν.
1791 3852 1958 3906 Ὅθεν

377 3933 631 3996 ἱκετεύω,
698 3933 775 4005 μὴ
828 3935 1039 4009 dmith
1066 3954 1132 4005 με
1172 3939 1283 3991 ἀπὸ
1306 3939 1416 3992 τῶν
1453 3941 1689 3994 ἐντολῶν
1718 3960 1837 4002 σου.
1880 3944 1957 4008 ὡς

378 4026 624 4093 ἀνάξιον.
648 4026 730 4080 Τα
742 4045 930 4097 πεινοιρ
941 4030 1175 4101 ροσύνης
1197 4031 1255 4083 δὲ
1275 4034 1302 4085 ὁ
1321 4032 1502 4101 λόγος,
1527 4035 1626 4101 τῆς
1656 4035 1958 4103 φυλαττού·

374 4137 475 4189 σης
491 4122 559 4174 τὰ
588 4121 1015 4193 κατορθώματα.
1045 4124 1117 4176 Ἢ
1149 4123 1224 4195 μὴ
1247 4124 1448 4199 ἀπώσει
1476 4143 1542 4197 με
1565 4127 1955 4200 ψυχρασθέντα

373 4214 506 4265 ποτὲ
569 4214 703 4284 περὶ
728 4215 903 4279 αὐτάς
930 4231 945 4247 ·
992 4216 1110 4271 ἀλλ’
1132 4219 1181 4272 εἰ
1216 4218 1309 4272 καί
1342 4237 1394 4274 τι
1427 4220 1659 4292 πάθοιμι
1689 4223 1955 4291 τοιοῦτον,

372 4305 576 4377 ἂναψον
616 4308 716 4380 τὴν
749 4309 847 4380 θέρ
855 4328 984 4381 μην.

446 4576 550 4631 Ἕν
576 4575 651 4645 τῇ
685 4579 897 4646 καρδίᾳ
930 4596 1049 4649 μου
1074 4580 1313 4650 ἔκρυψα
1334 4582 1406 4636 τὰ
1428 4582 1605 4653 λόγιὰ
1629 4600 1769 4646 σου.
1795 4587 1955 4652 ὅπως

377 4668 455 4722 ἂν
474 4670 558 4738 μὴ
601 4671 839 4740 ἁμάρτω
868 4688 990 4727 σοι.
1018 4673 1192 4740 Λόγια
1244 4675 1342 4737 τὰς
1381 4677 1601 4739 ἐντολὰς
1656 4678 1827 4746 λέγει.
1862 4678 1953 4732 Ἐν

374 4761 456 4831 τῷ
485 4762 697 4834 ταμείῳ
740 4763 843 4832 τῆς
882 4765 1109 4835 καρδίας
1146 4782 1249 4837 μου
1288 4767 1504 4839 ἔκρυψα
1537 4770 1765 4836 ταύτας,
1793 4772 1951 4837 ἀνεξ-

346 4856 351 4862 ’
374 4853 632 4909 ἀλειπτον
648 4857 956 4927 ἑγκολάψας
973 4856 1071 4927 τὴν
1102 4860 1325 4929 μνήμην
1356 4863 1561 4927 αὐτῶν,
1588 4864 1738 4929 ὅπως
1770 4865 1837 4918 ἂν
1861 4868 1952 4921 ἀεὶ

376 4944 583 5010 ταύτας
642 4947 806 5017 ὁρῶν,
863 4949 960 5001 καὶ
1009 4950 1393 5020 μνημονεύων,
1445 4955 1517 5024 μὴ
1566 4956 1799 5027 ἁμάρτω
1830 4974 1948 5011 σοι’

377 5035 470 5088 καὶ
491 5037 600 5109 γὰρ
628 5038 728 5091 οὐκ
752 5038 917 5091 ἐῶσιν
939 5039 1278 5110 ἁμαρτάνειν
1298 5041 1390 5096 τὸν
1430 5043 1601 5109 οὕτως
1626 5050 1840 5118 ἔχοντα.

444 5305 793 5372 Εὐλογητὸς
815 5307 887 5369 εἷ,
912 5307 955 5359 Κ
965 5309 1110 5377 cipue,
1130 5309 1383 5377 δίδαξον
1397 5331 1472 5383 με
1494 5314 1567 5370 τὰ
1590 5315 1952 5387 δικαιώματὰ

372 5410 510 5481 (ζου.
550 5394 781 5461 Εὐλογεῖ
817 5399 916 5466 μὲν
963 5400 1056 5453 τὸν
1095 5402 1228 5455 Θεὸν
1288 5405 1601 5475 ὑμνολογῶν
1634 5410 1817 5475 αὑτὸν,
1865 5414 1961 5481 ἐφ’

367 5476 451 5544 οτς
489 5482 753 5554 ὠφελήθη
797 5487 951 5558 παρὰ
977 5489 1072 5543 τοῦ
1106 5492 1273 5561 νόμου
1297 5510 1312 5525 ³
1340 5498 1653 5564 παρακαλεί
1671 5499 1725 5552 δὲ
1748 5476 1945 5571 μαθεέν

368 5576 550 5635 τοῦτο.
582 5578 661 5632 ἔτι
692 5578 1036 5654 βεϐαιότερόν
1060 5602 1116 5639 τε
1149 5587 1244 5641 καὶ
1274 5588 1629 5662 ὑψηλότερον.

436 5685 482 5718 ⁸⁸
515 5686 669 5749 Rom.
700 5707 773 5760 ιι,
808 5693 893 5749 l6.

2069 1758 2183 1795 cum
2213 1741 2446 1794 didicero
2471 1744 2648 1795 omnia
2669 1742 2881 1812 judicia
2900 1742 3134 1812 justitice
3161 1751 3286 1795 tum.
3314 1741 3449 1795 Cum
3483 1740 3656 1811 legem

2071 1843 2217 1885 tuam
2255 1832 2521 1896 didicero,
2553 1834 2761 1903 gratias
2795 1835 2891 1888 tibi
2944 1849 3124 1902 agam,
3174 1834 3228 1886 in
3281 1844 3430 1887 recto
3470 1834 3658 1895 corde.

2067 1933 2232 1993 atque
2264 1933 2469 1979 οῐιοιει
2505 1925 2716 1986 anima,
2776 1929 2920 1995 quod
2979 1926 3209 1979 edoctus
3259 1925 3453 1978 [ιιυνίιιι
3509 1925 3655 1994 quod

2066 2024 2306 2070 mentem
2349 2032 2522 2071 meam
2558 2018 2979 2081 ilhnninaveris,
3012 2027 3065 2070 ct
3098 2018 3243 2085 quod
3273 2018 3511 2073 summis
3545 2034 3574 2072 a
3603 2028 3658 2072 te

2064 2108 2293 2162 allectus
2320 2110 2422 2162 sim
2461 2110 2766 2165 beneﬁciis.

2139 2200 2302 2255 Vens.
2330 2201 2382 2255 8.
2435 2201 2862 2271 Justiﬁcationes
2915 2215 3038 2261 tuas
3086 2207 3409 2274 custodiant,
3463 2223 3526 2260 ne
3575 2224 3659 2263 me

2062 2294 2400 2361 derelinquas
2457 2312 2622 2364 usque
2673 2296 2846 2352 valde.
2933 2299 3168 2369 Legem,
3234 2301 3444 2370 inquit,
3501 2308 3653 2355 tuam

2062 2386 2394 2450 custodiam,
2433 2396 2621 2459 utpote
2651 2406 2767 2443 eam
2808 2391 3073 2460 edoctus;
3115 2401 3280 2463 atque
3310 2393 3433 2447 ideo
3465 2403 3591 2463 peto
3623 2409 3650 2446 τι

2063 2484 2133 2540 te,
2168 2494 2235 2532 ne
2277 2495 2361 2533 me
2400 2479 2492 2533 diu
2548 2480 2901 2549 derelinquas
2947 2501 2962 2536 :
2998 2484 3100 2538 hoc
3149 2485 3297 2540 enim
3352 2482 3652 2554 signiﬁcat,

2060 2568 2202 2635 quod
2245 2568 2321 2622 ait
2366 2585 2381 2623 :
2430 2568 2605 2640 Usque
2630 2571 2803 2626 valde.
2841 2571 2961 2626 Noli
3002 2574 3170 2645 igitur
3220 2591 3307 2629 me
3351 2576 3442 2628 diu
3482 2575 3644 2629 dere-

2058 2661 2335 2731 linquere,
2371 2665 2590 2718 tametsi
2624 2665 2690 2720 ad
2742 2666 3016 2735 privatum
3053 2683 3256 2733 meum,
3296 2677 3350 2723 et
3388 2669 3452 2721 ad
3501 2684 3649 2723 com-

2062 2766 2226 2806 mune
2261 2752 2499 2807 aliorum
2536 2756 2914 2817 commodum,
2969 2759 3095 2811 nm'i
3158 2766 3208 2812 te
3258 2773 3502 2829 persmpe
3548 2760 3650 2814 hoc

2058 2859 2222 2899 usum
2254 2846 2514 2911 consilio,
2549 2859 2609 2901 ut
2637 2863 2723 2902 me
2763 2850 2928 2904 veluti
2984 2852 3296 2921 neglectum
3335 2862 3464 2918 ate,
3495 2852 3653 2907 dere-

2061 2932 2312 3003 linquere
2354 2937 2507 2992 visus
2539 2939 2619 2993 sis

2143 3028 2305 3083 Vens.
2325 3028 2378 3083 9.
2412 3027 2477 3084 In
2502 3047 2604 3101 quo
2629 3034 2855 3103 corrige!
2878 3034 3267 3089 adolescentior
3289 3038 3424 3090 riam
3455 3053 3603 3091 suam
3624 3038 3653 3091 γ

2064 3122 2119 3175 in
2151 3122 2494 3176 custodiendo
2550 3140 2817 3179 sermones
2876 3136 3014 3180 tuos.
3069 3126 3397 3199 lutcrrogat,
3453 3138 3507 3183 ct
3564 3145 3648 3183 re-

2062 3209 2319 3279 spondet.
2371 3209 2440 3263 Et.
2493 3212 2753 3279 quoniam
2807 3213 3192 3270 adolescentia:
3248 3225 3383 3271 actas
3443 3225 3645 3270 natura

2062 3300 2178 3369 ipsa
2210 3301 2438 3369 simplex
2476 3316 2542 3356 ac
2582 3302 2718 3357 levis
2753 3311 2861 3366 est,
2895 3313 2949 3359 et
2978 3306 3155 3361 facilis
3187 3307 3275 3361 cui
3304 3307 3642 3376 imponatur,

2062 3392 2264 3447 merito
2299 3408 2516 3449 summa
2548 3396 2598 3449 ei
2651 3411 2794 3465 opus
2835 3407 2921 3452 est
2989 3400 3266 3461 custodia,
3294 3412 3346 3454 et
3380 3401 3645 3456 observa-

2062 3483 2212 3535 tione
2243 3484 2631 3537 mandatorum
2683 3486 2798 3552 Dei,
2833 3488 3038 3557 quibus
3086 3489 3359 3560 dirigatur
3407 3499 3460 3545 et
3504 3505 3643 3545 con-

2061 3558 2314 3626 servetur
2346 3574 2763 3629 adolescentum
2798 3580 2928 3633 vita.

2136 3663 2300 3720 Vens.
2330 3666 2416 3719 16.
2473 3666 2535 3721 1η
2568 3678 2676 3722 toto
2721 3670 2880 3723 corde
2910 3688 3020 3725 meo
3075 3674 3333 3741 exquisivi
3358 3686 3424 3737 te,
3460 3692 3522 3729 ne
3557 3693 3641 3729 rev

2058 3753 2225 3820 pellas
2261 3771 2345 3809 me
2376 3772 2409 3809 a
2433 3758 2706 3812 mandatis
2744 3762 2873 3814 tuis.
2906 3761 2967 3815 In
3013 3769 3130 3815 toto
3167 3766 3353 3829 corde,
3399 3780 3507 3818 non
3562 3765 3646 3819 di-

2058 3844 2250 3900 videns
2276 3846 2494 3902 scilicet
2523 3860 2759 3904 mentem
2794 3866 2975 3906 meam
3002 3853 3077 3907 ad
3107 3855 3295 3909 saeculi
3333 3854 3500 3923 hujus
3549 3871 3645 3911 co-

2059 3937 2373 4006 gitationes.
2399 3938 2639 4010 Supplex
2666 3942 2833 4012 igitur
2853 3952 2982 4012 peto
3001 3962 3027 3997 a
3055 3954 3126 4005 te.
3155 3961 3329 4001 neme
3350 3947 3636 4014 indignum

2059 4044 2088 4082 a
2124 4031 2399 4087 mandatis
2440 4033 2551 4087 tuis
2611 4034 2863 4101 repellas.
2926 4035 3023 4089 Est
3076 4048 3257 4091 autem
3314 4039 3639 4094 humilitatis

2058 4137 2265 4189 sermo,
2295 4125 2445 4182 illius
2478 4126 2601 4180 dico
2663 4127 3014 4193 humilitatis,
3067 4145 3190 4199 quae
3243 4131 3500 4185 virtutem
3554 4147 3641 4187 se-

2058 4223 2263 4270 ctatur.
2294 4215 2391 4271 Vel
2426 4232 2493 4271 ne
2546 4219 2785 4287 repellas
2833 4234 2939 4281 me,
2975 4222 3019 4274 si
3066 4222 3291 4290 quando
3331 4222 3398 4276 ad
3446 4237 3635 4275 eorum

1985 4338 2031 4395 υ
2059 4308 2502 4364 observationem
2545 4310 2795 4381 frigidior
2821 4309 2980 4365 luero
3013 4329 3026 4366 :
3060 4313 3311 4381 quinimo
3343 4313 3389 4367 si
3412 4314 3545 4379 quid
3582 4315 3634 4368 in

2061 4414 2145 4454 me
2188 4399 2506 4471 huiusmodi
2543 4401 2829 4469 acciderit,
2860 4404 3162 4459 reaccende
3207 4420 3403 4475 precor
3455 4406 3641 4461 denuo

2058 4486 2295 4543 calorem
2331 4505 2515 4545 meum

2131 4580 2295 4637 Vnus.
2325 4583 2413 4637 Η.
2454 4583 2521 4638 In
2554 4585 2711 4640 corde
2744 4603 2870 4640 meo-
2896 4585 3152 4641 abscondi
3180 4586 3391 4656 eloquia
3431 4599 3546 4652 tua,
3578 4597 3637 4642 ut

2056 4692 2161 4729 non
2204 4692 2406 4743 peccem
2454 4678 2570 4733 tibi.
2613 4679 2869 4749 Eloquia,
2907 4679 3012 4734 hoc
3040 4689 3148 4746 est,
3192 4682 3637 4736 mandata.Ahs-

2057 4768 2221 4821 condi
2288 4777 2468 4823 autem
2504 4785 2567 4824 ea
2626 4771 2680 4824 in
2739 4786 2882 4840 penu
2923 4772 3106 4827 cordis
3155 4773 3286 4835 mei,
3332 4783 3391 4827 ut
3442 4789 3632 4828 eorum

2058 4863 2382 4914 memoriam
2441 4861 2785 4917 indeleliilem
2840 4879 3253 4930 conservarem,
3307 4875 3477 4936 utque
3532 4868 3636 4921 hoc

2053 4961 2239 5021 pacto,
2294 4967 2360 5008 ea
2414 4968 2632 5023 semper
2689 4964 2816 5011 ante
2873 4958 3075 5013 mentis
3147 4959 3339 5012 oculos
3400 4959 3629 5020 habens,

2057 5059 2336 5113 nunquam
2370 5060 2592 5114 peccem
2623 5045 2745 5101 tibi.
2777 5046 2966 5119 Neque
2996 5049 3144 5103 enim
3179 5049 3269 5102 ille
3323 5048 3487 5102 homo
3510 5063 3633 5115 pec-

2053 5154 2179 5194 care
2209 5141 2581 5209 permittetur,
2614 5142 2707 5214 qui
2737 5150 2890 5199 tanto
2916 5160 3038 5199 cum
3067 5146 3251 5200 studio
3270 5160 3458 5200 eorum
3487 5162 3631 5200 sem-

2050 5246 2148 5301 per
2180 5233 2514 5288 meminerit.

2124 5323 2291 5378 Vens.
2328 5324 2415 5378 12.
2450 5324 2768 5380 Benedictus
2823 5344 2899 5391 es,
2942 5327 3184 5391 Domine,
3231 5326 3359 5381 doce
3404 5344 3484 5379 me
3532 5326 3629 5396 ju-

2049 5418 2399 5487 stiﬁcationes
2454 5426 2595 5471 tuas.
2661 5417 2941 5473 Benedicit
3000 5419 3292 5472 Dominum
3351 5419 3626 5488 Propheta

2051 5510 2283 5562 laudans
2302 5523 2447 5571 eum,
2470 5508 2615 5578 quod
2642 5509 2932 5563 utilitatem
2955 5512 3227 5578 acceperit
3249 5511 3316 5564 ab
3341 5510 3461 5580 ejus
3488 5512 3625 5581 lege:

2050 5613 2212 5669 quam
2244 5598 2407 5653 etiam
2433 5608 2588 5669 rogat
2620 5600 2813 5657 melius
2838 5614 2917 5666 se,
2967 5614 3031 5654 ac
3055 5600 3346 5659 sublimius
3381 5600 3621 5659 edoceri.
