4076 6204
496 232 636 291 ι139

489 432 571 483 cia
600 434 708 485 oris
740 434 836 487 tui.
885 434 1002 488 Non
1038 442 1249 488 tantum
1323 452 1423 508 ego
1472 453 1534 492 ea
1567 439 1758 504 didici,
1791 440 1885 495 sed
1931 441 2059 497 aliis

487 526 650 578 etiam
682 526 1023 584 annuntiavi.

559 616 725 670 Vens.
766 618 851 671 Η.
894 617 957 671 In
987 628 1067 674 via
1093 623 1511 677 testimoniorum
1534 634 1743 678 tuorum
1767 626 2057 682 delectatus

485 722 622 770 sum,
647 707 781 760 sicut
814 708 862 760 in
895 710 1135 764 omnibus
1172 713 1391 766 divitiis.
1439 712 1555 765 Non
1589 715 1728 768 dixit
1765 716 1817 768 in
1846 716 2058 773 divitiis

486 796 826 865 simpliciter,
865 799 957 851 sed
993 799 1046 852 in
1081 803 1363 856 omnibus.
1398 802 1723 869 Ambulans,
1768 806 1968 875 inquit,
2004 807 2055 860 in

485 880 571 932 via
607 882 989 938 mandatorum
1018 895 1258 951 tuorum,
1295 891 1367 944 ita
1398 891 1703 948 delectatus
1737 909 1882 959 sum,
1917 910 1979 949 ac
2012 897 2057 951 si

487 969 709 1026 divitias
736 986 929 1029 omnes
957 976 1320 1045 possiderem,
1353 981 1437 1034 vel
1467 996 1573 1035 non
1624 996 1785 1037 secus
1818 982 2059 1038 delecta-

483 1072 571 1115 tus
612 1076 755 1126 sum,
808 1072 972 1135 atque
1031 1067 1079 1122 is
1138 1069 1234 1138 qui
1295 1072 1484 1126 saeculi
1537 1072 1747 1129 divitiis
1793 1074 2055 1130 deleCIari

482 1155 642 1209 solet.

553 1245 723 1303 Vens.
754 1248 841 1304 15.
888 1249 955 1304 In
987 1254 1254 1309 mandatis
1287 1259 1390 1310 tuis
1435 1257 1753 1323 meditabor,
1784 1269 1833 1313 et
1873 1262 2053 1314 consi-

481 1336 677 1392 derabo
700 1340 816 1393 vias
846 1349 987 1398 tuas.
1017 1341 1123 1399 Pro
1173 1345 1466 1401 meditabor
1517 1349 1570 1402 in
1612 1348 1802 1406 Grmco
1828 1351 2055 1422 legimus

481 1428 854 1500 ἀδολεσχήσω,
893 1432 962 1487 de
993 1448 1101 1503 quo
1131 1436 1374 1493 diximus
1436 1440 1489 1493 in
1533 1441 1746 1509 psalmo
1776 1442 1883 1506 Liv,
1918 1443 1990 1497 ibi
2025 1459 2039 1496 :

482 1516 848 1576 Contristatus
885 1541 999 1577 sunt
1029 1525 1082 1578 in
1107 1527 1447 1582 meditatione
1506 1546 1644 1583 mea.
1682 1530 1912 1596 Crebro,
1971 1532 2055 1585 in-

482 1609 621 1677 quit,
659 1611 964 1667 meditabor
994 1614 1047 1667 in
1074 1616 1343 1672 mandatis
1378 1617 1506 1681 tuis,
1540 1626 1705 1690 atque
1733 1636 1796 1676 ex
1834 1621 1937 1675 hoc
1959 1637 2054 1676 ex-

1692 237 2077 297 EUTHYMII
2119 237 2489 299 ZIGABENI

563 341 728 397 Vens.
774 344 857 398 i5.
896 341 954 397 1η
984 345 1139 398 labiis
1183 345 1309 400 meis
1344 348 1657 401 annuntiavi
1691 349 1869 401 omnia
1910 349 2054 412 iudi—
2085 356 2129 411 Α

3610 240 3771 303 1140

2240 352 2343 405 Ἐν
2366 352 2491 418 τοῖς
2518 350 2757 421 χείλεσί
2771 368 2892 420 μου
2920 351 3251 422 ἐξήγγειλα
3294 351 3491 405 πάντα
3511 354 3588 407 τὰ
3627 355 3768 419 κρί-

2159 463 2320 515 pata
2348 446 2455 501 τοῦ
2487 446 2787 515 στόματός
2831 462 2971 500 σου.
3010 446 3085 498 Οὐ
3119 445 3284 515 μόνον
3342 444 3502 507 αὐτὸς
3534 442 3770 514 ἔμαθον

2165 537 2328 602 αὐτὰ,
2361 538 2499 593 ἀλλὰ
2531 538 2627 592 καὶ
2656 537 2845 601 ἄλλοις
2876 537 3053 591 ταῦτα
3085 535 3423 607 ἀπήγγειλα.

2235 630 2341 684 Ἐν
2378 629 2451 699 τῇ
2477 626 2594 696 ὁδῷ
2634 631 2754 684 τῶν
2777 630 3121 700 μαρτυρίων
3156 643 3274 683 σου
3301 627 3629 696 ἐτέρφθην,
3684 628 3767 694 ὡς

2162 723 2260 777 ἐπὶ
2281 723 2459 777 παντὶ
2483 723 2744 791 πλούτῳ.
2772 724 2888 775 Οὐκ
2906 719 3061 774 εἶπεν
3091 721 3166 783 ὡς
3182 720 3276 772 ἐπὶ
3294 719 3510 790 πλούτῳ
3535 719 3769 780 ἁπλῶς.

2163 815 2278 868 ἀλλ’
2312 814 2388 878 ὡς
2415 815 2506 868 ἐπὶ
2533 815 2696 868 παντὶ
2725 813 2964 884 πλούτῳ.
2996 811 3265 876 Βαδίζων,
3304 810 3460 881 φησι,
3493 809 3601 878 τὴν
3630 809 3767 861 ᾆδον

2162 907 2270 961 τῶν
2304 907 2535 960 ἐντολῶν
2565 924 2682 968 σου,
2730 906 2907 968 οὕτως
2953 903 3244 975 ὲτέρφθην,
3271 902 3349 965 ὡς
3370 901 3549 955 πάντα
3576 901 3768 953 πλου-

2161 1018 2253 1054 τον
2303 1000 2401 1071 ἤδη
2452 1000 2820 1070 κτησάμενος,
2870 998 2905 1064 ἢ
2940 997 3015 1061 ὡς
3046 997 3141 1050 ἐπὶ
3169 995 3334 1050 παντὶ
3370 994 3589 1063 πλούτῳ
3649 994 3769 1046 τῶν

2162 1095 2220 1145 ὲν
2244 1090 2556 1162 ἀνθρώποις
2609 1091 2697 1144 ἒτε
2707 1106 2819 1160 ρος.

2242 1268 2345 1323 Ἐν
2360 1267 2486 1334 ταῖς
2512 1264 2790 1332 ἐντολαῖς
2818 1280 2935 1318 σου
2959 1262 3386 1331 ἀδολεσχήσω,
3422 1262 3523 1317 καί
3561 1277 3766 1315 κατα-

2158 1360 2361 1429 νοήσω
2417 1360 2526 1427 τὰς
2573 1358 2754 1423 ὁδούς
2787 1371 2925 1411 σου.
2960 1357 3098 1426 Περὶ
3144 1354 3487 1424 ἀδολεσχίας,
3517 1355 3763 1424 εἰρήκει»

2162 1469 2280 1523 μεν,
2312 1452 2370 1504 ὲν
2395 1450 2473 1521 τῷ
2493 1451 2568 1505 νδ¹
2594 1448 2815 1520 ψαλμῷ,
2873 1447 3008 1502 ἔνθα
3048 1447 3131 1513 τὸ,
3174 1446 3539 1514 Ἐλυπήθην
3574 1447 3655 1500 ἐν
3686 1444 3765 1513 τῇ

2157 1544 2494 1612 ἀδολεσχίᾳ
2521 1560 2661 1612 μου.
2690 1542 2858 1612 Φησὶν
2885 1540 2981 1594 οὖν
3011 1540 3094 1594 ὅτι
3133 1538 3533 1609 συνεχέστερον
3563 1538 3766 1608 ἐμμε-

2156 1639 2394 1707 λετήσω
2423 1640 2539 1702 ταῖς
2570 1638 2814 1699 ἐντολαῖς
2850 1654 2968 1701 σου,
3001 1633 3304 1688 κάντεῦθεν
3338 1632 3761 1703 ἀκριϐέστερον

482 1702 744 1769 quisitius
780 1704 896 1759 vias
954 1716 1099 1771 tuas,
1138 1708 1242 1764 boc
1270 1718 1373 1776 est,
1410 1713 1610 1781 placita
1638 1728 1702 1767 ac
1740 1715 2054 1770 voluntates

2161 1692 2483 1804 κατανοήσω
2511 1731 2738 1797 ταύτας,
2766 1730 2886 1800 ἦτοι
2914 1728 2986 1782 τὰ
3033 1726 3317 1798 θελήματά
3348 1743 3464 1780 σου.

485 1802 606 1846 tuas
640 1796 1021 1853 considerabo.

555 1883 725 1942 Vens.
762 1889 847 1942 16.
877 1889 942 1943 In
966 1892 1434 1961 iustiﬁcationibus
1468 1898 1573 1951 tuis
1602 1899 1917 1964 meditabor,
1953 1918 2056 1955 non

483 1978 766 2032 obliviscar
830 1998 1095 2038 sermones
1152 1996 1292 2039 tuos.
1351 1986 1687 2056 Meditabor,
1756 1993 1955 2062 inquit,
2002 2003 2057 2049 et

485 2085 594 2124 non
667 2072 986 2130 obliviscar.
1053 2077 1254 2135 Eorum
1317 2084 1460 2138 enim
1520 2101 1641 2156 qute
1697 2087 1821 2157 quis
1895 2088 2058 2145 fuerit

486 2164 799 2232 meditatus,
826 2169 1228 2229 diuturniorem
1260 2178 1577 2232 memoriam
1604 2189 1912 2235 conservat.

556 2255 724 2313 Vens.
756 2260 843 2315 l7.
892 2262 1144 2320 Retribue
1181 2284 1330 2323 servo
1366 2279 1475 2324 tuo.
1514 2270 1620 2327 Pro
1675 2274 2054 2329 mandatorum

486 2355 540 2400 et
618 2349 1075 2417 justiﬁeationum
1137 2367 1356 2415 tuarum
1412 2362 1789 2431 meditatione,
1854 2367 2054 2436 inquit,

483 2451 645 2494 servo
666 2449 778 2511 tuo
808 2443 1223 2501 retributionem
1250 2450 1437 2505 redde.

563 2621 741 2677 Vivam
765 2634 814 2678 et
843 2628 1147 2681 custodiam
1199 2645 1463 2686 sermones
1506 2641 1645 2687 tuos.
1710 2635 1944 2705 Accepta
1971 2652 2055 2693 re-

486 2716 807 2780 tributione,
846 2733 1011 2787 quam
1044 2721 1177 2776 mihi
1206 2721 1447 2790 dederis,
1480 2726 1684 2787 vivam,
1714 2728 1914 2797 inquit,
1942 2745 2055 2784 me-

482 2810 603 2864 liori
633 2810 765 2876 vita,
810 2811 877 2866 ad
909 2829 974 2869 ea
1002 2829 1221 2884 semper
1274 2832 1360 2872 me
1405 2820 1729 2885 extendens,
1760 2836 1881 2890 qua:
1929 2831 2056 2878 ante

482 2918 568 2958 me
617 2913 766 2961 sunt.
818 2905 1118 2975 (Quaedam
1172 2918 1356 2965 autem
1420 2914 1752 2982 exemplaria
1800 2916 2050 2971 habent:

490 2996 709 3066 Vini/ica
742 3016 841 3067 me,
869 3009 917 3054 et
934 3003 1279 3072 custodiam.)

550 3087 712 3144 Vens.
744 3091 830 3145 i8.
862 3091 1055 3147 Revela
1086 3094 1265 3148 oculos
1298 3112 1461 3159 meos,
1492 3106 1542 3151 et
1576 3098 1920 3153 considerabo
1954 3100 2055 3152 mi-

480 3183 677 3235 rabilia
708 3183 772 3236 de
804 3184 917 3253 lege
940 3195 1054 3239 tua.
1082 3186 1251 3241 Aufer
1287 3189 1467 3241 velum
1498 3189 1623 3254 hoc,
1655 3200 1708 3244 et
1735 3197 1953 3258 tegmen
1983 3191 2053 3245 ab

477 3271 656 3327 oculis
680 3273 878 3327 anima:
922 3289 1055 3329 meae
1083 3291 1096 3328 :
1124 3275 1553 3330 crassitudinem
1578 3277 1837 3331 nimirum
1867 3288 1921 3332 ct
1949 3280 2051 3333 ob-

479 3364 750 3418 staeulum
779 3364 970 3435 legalis
996 3364 1192 3420 litterae
1217 3384 1232 3433 ;
1265 3372 1433 3436 atque
1462 3367 1566 3420 hoc
1596 3375 1760 3438 pacto
1810 3369 2052 3423 admira-

481 3452 641 3517 biles,
672 3461 727 3509 et
780 3454 1100 3511 reconditos
1132 3456 1187 3513 in
1229 3456 1347 3527 lege
1403 3472 1604 3513 sensus
1663 3460 2052 3524 considerabo,

481 3543 575 3613 qui
612 3542 681 3597 ad
725 3542 1185 3612 incarnationem,
1213 3553 1384 3618 atque
1428 3548 1493 3603 ad
1523 3548 1628 3603 alia
1666 3548 1935 3604 adventus
1973 3551 2051 3605 tui

485 3633 754 3702 pertinent
789 3636 1070 3707 mysteria.

553 3726 722 3781 Vsns.
755 3727 841 3783 19.
877 3727 1195 3799 Peregrinus
1234 3745 1328 3800 ego
1376 3746 1493 3785 sum
1545 3733 1601 3785 in
1651 3740 1813 3797 terra,
1858 3749 1920 3787 ne
1965 3734 2055 3786 ab-

483 3820 709 3874 scondas
738 3837 769 3874 a
806 3838 885 3875 me
912 3822 1172 3877 mandata
1207 3832 1322 3877 tua.
1359 3822 1644 3890 Praesenti,
1694 3825 1892 3895 inquit.
1947 3827 2053 3879 vita

483 3921 609 3966 utor
644 3922 702 3965 ut
734 3911 1074 3977 transitoria,
1111 3914 1178 3967 ad
1215 3915 1379 3969 aliam
1404 3916 1663 3971 nimirum
1699 3918 1863 3971 vitam
1899 3917 2055 3972 festi-

485 4015 645 4064 nans,
675 4010 841 4070 atque
873 4001 996 4055 ideo
1031 4002 1214 4057 indica
1272 4003 1427 4067 mibi,
1462 4020 1670 4075 quasso,
1728 4005 2054 4075 profundius

485 4095 737 4148 mandata
777 4103 888 4159 tua,
924 4104 983 4149 ut
1024 4096 1337 4154 studiosior
1370 4113 1563 4154 eorum
1600 4101 1748 4166 llam,
1782 4108 1835 4154 ct
1867 4100 2052 4154 inten-

483 4188 603 4243 sius
635 4189 701 4242 ad
737 4197 789 4242 te
813 4203 1062 4243 curram.

556 4279 720 4334 Vens.
746 4281 835 4335 20.
862 4281 1170 4352 Concupivit
1196 4283 1378 4336 anima
1412 4298 1529 4336 mea
1560 4282 1865 4337 desiderare
1897 4282 2052 4351 judi-

2244 1918 2340 1969 Ἑν
2377 1913 2503 1980 τοῖς
2561 1911 2919 1979 δικαιώμασί
2951 1925 3068 1963 σου
3111 1902 3451 1976 μελετήσω,
3478 1903 3597 1956 οὐκ
3620 1904 3759 1954 em-

2161 2006 2427 2074 λήσομαι
2455 2002 2572 2056 τῶν
2596 2002 2798 2069 λόγων
2858 2014 2997 2053 σου.
3085 1993 3481 2065 Ἐμμελετήτω
3529 1991 3754 2054 αὗτοῖς,

2159 2099 2261 2151 οὐκ
2289 2095 2643 2166 ἐπιλήσομαι.
2703 2090 2769 2145 Ἥ
2802 2091 2913 2161 γὰρ
2957 2087 3332 2159 ὲμμελέτησις
3384 2083 3617 2153 συνέχει
3648 2080 3757 2151 τὴν

2164 2187 2411 2258 μνήμηνο
2715 2271 2738 2276 _
2809 2272 2826 2276 _
2893 2273 2944 2276 η
3235 2268 3278 2276 η
3359 2268 3370 2276 ,
3439 2265 3547 2276 ,,
3706 2264 3729 2276 ,

2244 2276 2611 2339 Ἀνταπόδος
2666 2271 2747 2338 τῷ
2797 2272 2999 2338 δούλῳ
3040 2284 3179 2323 σου.
3235 2268 3383 2321 ’Δντὶ
3406 2265 3505 2335 τῆς
3529 2265 3597 2316 ὲν
3630 2265 3755 2323 ταῖς

2162 2365 2403 2429 ἐντολαῖς
2470 2380 2566 2417 σου
2628 2360 2948 2430 ἀδολεσχίας
2978 2401 2992 2425 ,
3064 2358 3161 2412 καὶ
3221 2359 3320 2427 τῆς
3386 2358 3443 2409 ὲν
3500 2357 3624 2416 τοῖς
3678 2353 3753 2404 διο

2163 2457 2444 2528 καιὼμασί
2481 2472 2574 2509 σου
2607 2456 2864 2525 μελέτης,
2923 2451 3225 2515 ἀνταπόδος
3255 2448 3491 2521 ἀμοιϐὴν
3514 2449 3602 2519 τῷ
3628 2447 3752 2501 δού-

2162 2553 2239 2623 λῳ
2266 2569 2379 2606 σου.
2407 2557 2418 2611 ἶ

2230 2645 2523 2714 Ζήσομαι,
2550 2642 2648 2697 καὶ
2670 2640 2922 2711 φυλάξω
2950 2640 3089 2706 τοὺς
3112 2640 3335 2708 λόγους
3361 2655 3499 2692 σου.
3542 2640 3747 2692 Λαϐὼν

2162 2740 2416 2810 ἀμοιϐὴν,
2455 2736 2690 2809 ζήσομαι
2730 2735 3013 2807 κρείττονα
3048 2732 3229 2802 ζωὴν,
3286 2733 3747 2803 ἐπεκτεινόμενος

2160 2834 2259 2902 τῆς
2294 2828 2629 2901 ἔμπροσθεν.

2242 3099 2668 3168 ’Λποκὰλυψον
2697 3098 2839 3163 τοὺς
2856 3096 3205 3165 ὀφθαλμούς
3242 3112 3386 3165 μου,
3411 3094 3509 3149 καὶ
3555 3110 3748 3148 κατα-

2157 3193 2367 3262 νοήσω
2392 3192 2465 3246 τὰ
2481 3190 2787 3259 θαυμάσια
2806 3190 2873 3243 ἐκ
2902 3188 3008 3242 τοῦ
3034 3190 3224 3257 νόμου
3253 3205 3394 3242 σου.
3428 3187 3663 3257 Περίελε
3685 3188 3747 3240 τὸ

2159 3284 2425 3355 κάλυμμα
2489 3301 2599 3337 των
2653 3280 2951 3351 ὀφθαλμῶν
2980 3279 3077 3347 τῆς
3110 3278 3292 3348 ψυχῆς
3323 3295 3462 3347 μουο
3505 3277 3606 3345 τὴν
3645 3276 3747 3328 τοῦ

2158 3370 2387 3440 νομικοῦ
2447 3371 2778 3442 γράμματος
2814 3369 3103 3439 παχύτητα
3137 3369 3233 3421 καὶ
3288 3366 3694 3437 ὲπιπρόσθησιν
3727 3383 3745 3398 ο

2157 3463 2249 3516 καὶ
2271 3464 2592 3533 κατανοήσω
2608 3462 2678 3515 τὰ
2700 3463 3134 3532 ἐγκεκρυμμένοι
3157 3460 3443 3531 θαυμάσια
3464 3459 3744 3528 νοήματα,

2155 3555 2224 3608 τὰ
2249 3556 2500 3627 περὶτῆς
2532 3556 2800 3624 ὲνσάρκου
2833 3553 3153 3624 οἰκονομίας
3186 3570 3304 3606 σου.

2228 3741 2523 3810 [lapatqu
2556 3735 2671 3803 ἐγώ
2713 3737 2831 3803 ειμι
2886 3734 2957 3788 ἐν
2993 3733 3066 3801 τῇ
3113 3732 3209 3802 γῇ,
3235 3731 3320 3802 μὴ
3375 3732 3746 3799 ἀποκρύψῃ(

2156 3830 2258 3885 ἀπ’
2288 3828 2438 3899 ἐμοῦ
2468 3828 2575 3893 τὰς
2612 3826 2868 3892 ἐντολάς
2897 3841 3039 3881 σου.
3100 3825 3421 3895 Παροδικῶς
3456 3826 3745 3894 κέχρημαι

2155 3921 2233 3991 τῷ
2263 3921 2488 3990 παρόντι
2547 3918 2646 3988 βίῳ
2703 3917 2840 3988 πρὸς
2871 3919 3066 3990 ἑτέραν
3131 3918 3278 3987 ζωὴν
3342 3918 3738 3985 ἐπειγόμενοςο

2153 4012 2235 4065 διὸ
2268 4010 2536 4081 γνώρισόν
2587 4026 2655 4079 με
2701 4008 2999 4079 βαθύτερον
3051 4009 3150 4071 τὰς
3198 4008 3419 4069 ἐντολάς
3476 4024 3592 4069 σου,
3654 4009 3744 4059 ἶνα

2158 4104 2578 4172 σπουδαιότερον
2601 4100 2943 4173 ἐργάζωμαι,
2975 4101 3069 4154 καὶ
3094 4100 3496 4171 συντονώτερον
3529 4100 3741 4169 τρέχω.

2239 4284 2657 4349 Ἐπεπόθησεν
2689 4281 2728 4348 ἡ
2772 4279 2944 4348 ψυχή
2971 4296 3092 4347 μου
3120 4277 3230 4332 τοῦ
3265 4275 3637 4345 ἐπιθυμῆσαι
3670 4277 3743 4330 τὰ

481 4374 566 4426 cia
599 4381 689 4426 tua
718 4373 772 4427 in
797 4375 940 4428 omni
971 4384 1220 4443 tempore.
1252 4374 1454 4430 Anima
1489 4389 1607 4430 mea
1642 4375 1798 4430 valde
1831 4389 2051 4441 semper

2161 4373 2413 4445 χρίματὰ
2433 4388 2549 4427 σου
2576 4373 2838 4426 enataret
2866 4369 3073 4440 καιρῷ.
3091 4369 3435 4439 Ἐπεπόθησε
3466 4368 3679 4438 σφόδρα
3705 4371 3737 4439 ἡ

483 4465 808 4534 concupivit
859 4467 1034 4521 teneri
1082 4467 1361 4521 desiderio
1415 4467 1752 4537 iudiciorum
1809 4476 2052 4523 tuorum.

487 4555 676 4622 Valde,
710 4558 909 4628 inquit,
982 4560 1117 4614 mihi
1180 4561 1388 4630 placuit
1439 4559 1779 4629 judiciorum
1836 4569 2053 4616 tuorum

482 4650 841 4707 desiderium.
868 4652 1046 4722 Atque
1076 4652 1200 4708 ideo
1229 4653 1282 4707 in
1306 4655 1455 4709 omni
1482 4662 1725 4724 tempore
1745 4669 1807 4709 ea
1838 4670 2056 4725 semper

483 4742 817 4809 desideravi,
848 4744 951 4799 hoc
1003 4753 1112 4810 est,
1178 4746 1438 4802 ardenter
1477 4747 1676 4802 amavi.
1723 4748 1818 4802 Vel
1847 4763 2054 4802 concu-

482 4838 620 4906 pivit
648 4837 831 4892 anima
863 4852 982 4893 mea
1032 4839 1245 4909 judicia
1276 4849 1366 4896 tua
1398 4841 1455 4896 in
1491 4840 1640 4895 omni
1677 4848 1946 4910 tempore,
1980 4841 2053 4894 ita

488 4940 548 4985 ut
586 4946 775 4987 eorum
810 4939 1025 4988 tenerer
1055 4932 1355 5002 desiderio,
1400 4932 1483 4989 vel
1519 4932 1650 5004 quia
1673 4947 1738 4989 ea
1775 4931 2058 4989 desidera-

483 5031 631 5077 bam.

559 5289 721 5347 Vens.
764 5292 853 5346 2i.
906 5292 1201 5362 Increpastt
1239 5294 1515 5360 superbos.
1564 5292 1945 5346 Commiuatus
1997 5306 2057 5345 es

484 5384 752 5455 supplicia
802 5386 856 5439 in
889 5387 1007 5454 lege
1044 5396 1132 5441 tua
1178 5387 1245 5442 iis
1292 5386 1386 5456 qui
1421 5384 1802 5439 mandatorum
1838 5393 2056 5437 tuorum

485 5488 887 5548 contemptores
944 5480 1169 5535 iuerint.
1209 5479 1326 5547 Vel,
1361 5477 1687 5534 Maledixisti
1717 5478 1821 5542 eis,
1864 5491 2057 5545 quem-

487 5570 778 5622 admodum
804 5571 858 5624 in
884 5572 1241 5641 sequentibus
1268 5573 1502 5628 dicetur.

560 5658 837 5714 illa/edicti
860 5664 949 5731 qui
975 5665 1243 5718 declinant
1279 5665 1593 5741 amandatis
1626 5666 1754 5719 tuis.
1782 5664 2055 5733 Scriptum

2157 4467 2304 4537 ψυχή
2360 4483 2460 4536 μου
2502 4465 2563 4517 τὸ
2610 4463 2902 4532 ἐπιθυμεῖν
2956 4463 3044 4515 ἀεὶ
3100 4463 3210 4514 τῶν
3280 4462 3566 4532 χριμάτων
3614 4477 3739 4511 σου,

2169 4559 2487 4628 Ἀδιάφορος
2511 4556 2567 4609 δὲ
2597 4558 2631 4625 ἡ
2663 4554 2916 4619 σύνταξις
2943 4552 3182 4608 ἐνταῦθα
3212 4554 3308 4606 καὶ
3352 4552 3448 4605 τοῦ
3487 4551 3735 4606 Ἐπεπόο

2158 4656 2336 4718 θησε,
2361 4651 2459 4705 καὶ
2487 4649 2583 4702 τοῦ
2626 4647 3047 4717 Ἐπιθυμῆσαι.
3083 4646 3219 4699 Δίαν
3252 4645 3537 4715 ἠγάπησα,
3581 4645 3737 4714 φησι,

2157 4743 2255 4813 τὴν
2283 4740 2583 4811 ἐπιθυμίαν
2629 4740 2741 4794 τῶν
2801 4740 3086 4810 κριμάτων
3127 4754 3247 4792 σουο
3278 4738 3362 4791 διδ
3391 4741 3487 4791 καὶ
3538 4737 3737 4792 ἐπεθύο

2162 4853 2298 4904 μουν
2320 4833 2501 4889 αὐτῶν
2524 4836 2581 4887 ὲν
2616 4834 2783 4887 παντὶ
2813 4832 3013 4905 καιρῷ,
3065 4831 3349 4886 τουτέστιν
3407 4831 3735 4900 ἐπιθυμητι-

2159 4929 2271 4992 κῶς
2293 4927 2472 4982 αὐτῶν
2498 4922 2663 4996 εἷχον,
2698 4924 2919 4994 θερμῶς
2942 4923 3184 4993 ἐφίλουν.
3210 4922 3281 4975 Ἢ
3326 4920 3679 4989 ὲπεπόθησεν
3700 4921 3735 4989 ἡ

2157 5022 2303 5093 ψυχή
2338 5037 2439 5092 μου
2485 5019 2555 5073 τὰ
2597 5017 2841 5088 κρίματά
2885 5033 2979 5069 σου
3032 5017 3091 5068 ὲν
3146 5014 3312 5068 παντὶ
3362 5011 3563 5083 καιρῷ,
3594 5011 3733 5064 ὥστε

2159 5110 2568 5183 ἐπιθυμητικῶς
2632 5111 2781 5182 ἔχειν
2830 5108 3044 5163 αὐτῶνθ
3104 5105 3255 5178 eam
3283 5105 3342 5158 τὺ
3386 5103 3731 5175 ἐπιθυμῆσαι

2158 5205 2359 5265 αὐτῶν.

2243 5300 2649 5368 Ἐπετίμησας
2666 5295 3103 5365 ὑπερηφάνοις.
3122 5294 3464 5364 Ἀπειλήσας
3489 5291 3730 5353 κόλασιν,

2160 5391 2316 5461 ὲντῷ
2357 5388 2545 5459 βιϐλίῳ
2605 5386 2698 5440 τοῦ
2762 5386 2950 5456 νόμου,
2989 5390 3102 5449 τοῖς
3152 5384 3492 5455 ὑπερόπταις
3523 5380 3621 5435 τοῦ
3646 5383 3729 5434 νό-

2164 5500 2285 5555 μοι)⁹
2316 5483 2347 5553 ἢ
2387 5480 2781 5551 ὲπικατηράσω
2811 5480 3018 5542 αὐτοῖς,
3056 5477 3132 5540 ὡς
3189 5475 3394 5547 ἐφεξῆς
3409 5473 3586 5545 δῆλον.

2244 5658 2693 5728 Ἐπικατάρατοι
2734 5661 2786 5713 ol
2839 5656 3225 5723 ἐκκλίνοντες
3264 5654 3381 5711 ἀπὸ
3424 5651 3724 5708 τῶνὲντο-
