4102 6206
393 264 525 324 1⁸141

1571 262 1960 325 COMMENT.
2001 264 2083 326 IN
2113 264 2471 326 PSALMOS.

3522 270 3665 343 Ille

392 369 511 424 λῶν
548 386 685 425 σου.
745 369 1064 438 Γέγραπται
1118 371 1263 443 γάρ·
1320 342 1802 443 Ἐπικατάρατος
1837 370 1979 439 πᾶς.

2092 382 2172 429 est
2196 376 2342 430 enim
2370 374 2724 433 :Haledietus
2745 379 2942 446 omnis,
2974 382 3064 452 qui
3094 399 3197 439 non
3224 390 3575 454 permanserit
3609 391 3664 441 iu

390 463 453 528 ὃς
479 464 590 515 οὐκ
614 461 856 530 ἐμμένει
892 462 961 515 ἐν
997 461 1150 520 πᾶσι
1181 462 1308 531 τοῖς
1338 466 1765 536 γεπραμμένοις
1791 466 1863 521 ἐν
1899 464 1980 531 τῷ

392 554 603 619 βιϐλίῳ
624 553 730 608 τοῦ
765 555 978 622 νόμου,
1010 554 1119 610 τοῦ
1151 555 1408 626 ποιῆσαι
1436 559 1611 612 αὐτὰ.

316 670 359 725 4,,-
459 644 706 711 Περίελε
757 646 861 700 ἀπ’
912 646 1061 715 ἐμοῦ
1109 648 1364 716 ὄνειδος,
1412 649 1510 706 καί
1551 650 1979 720 ἐξουδένωσιν,

390 735 482 787 ὅτι
526 734 600 788 τὰ
641 737 942 805 μαρτύριά
1004 753 1124 793 σου
1175 739 1532 811 ἐξεζήτησα.
1587 743 1836 807 Ὀνειδος
1886 744 1983 798 καὶ

393 825 767 892 ὲξουδένωσιν,
800 827 948 897 ἆπερ
984 830 1018 898 ἡ
1051 830 1405 901 προλαϐοῦσα
1431 831 1676 904 ῥᾳθυμία
1699 851 1790 903 μοι
1812 850 1983 904 προσ-

392 916 696 987 ετρέψατο,
742 917 1116 981 ὀνειδιζόντων
1142 921 1238 973 καὶ
1282 919 1713 987 εξουδενούντων
1750 938 1819 991 με
1869 920 1983 975 τῶν

394 1010 600 1081 νοητῶν
642 1011 882 1082 ἐχθρῶν.
918 1012 1016 1078 Ἥ,
1061 1013 1329 1080 Περίελε,
1362 1013 1483 1068 ἀντὶ
1508 1013 1627 1078 τοῦ,
1652 1014 1979 1079 Ἀπέλασον,

398 1102 475 1174 μὴ
514 1105 932 1176 ’συγχωρήσῃς,
994 1105 1134 1169 ὅλως
1191 1107 1596 1179 προστριὸἦναί
1659 1126 1726 1179 με
1780 1109 1986 1173 ταῦτα,

396 1198 843 1267 περιγενομένων
871 1198 981 1251 τῶν
1013 1199 1507 1259 ἐπιδουλευόντων.

466 1287 577 1341 Καὶ
641 1288 754 1358 γὰρ
804 1289 1101 1345 ἐκάθισαν
1152 1293 1483 1364 ἄρχοντες,
1527 1296 1626 1351 καί
1665 1298 1795 1352 κατ’
1835 1297 1982 1367 ἐμοῦ

394 1378 797 1445 κατελάλουν,
838 1382 872 1434 ό
900 1380 968 1434 δὲ
989 1382 1211 1451 δοῦλός
1236 1400 1354 1441 σου
1380 1386 1707 1458 ἠδολέσχει
1730 1390 1803 1443 ἐν
1856 1390 1981 1456 τοῖς

392 1468 750 1540 δικαιώμασί
776 1488 915 1527 σου.
962 1475 1195 1531 Ἐκεῖνοι
1228 1479 1329 1549 μιν
1359 1479 1700 1535 ὲνδιέσαλλόν
1748 1499 1841 1553 με,
1872 1484 1977 1554 τὴν

394 1561 456 1614 ἐν
483 1562 563 1635 τῷ
595 1566 751 1638 νόμῳ
798 1584 896 1623 σου
956 1569 1192 1643 μελέτην
1225 1589 1329 1643 μου
1363 1573 1748 1643 χλευάζοντεςο
1779 1573 1895 1644 ἑγὼ
1924 1577 1984 1630 δὲ

394 1653 675 1710 ἐπέτεινον
720 1659 951 1729 ταύτην,
999 1662 1160 1726 εἰδὼς
1223 1663 1478 1719 ἐντεῦθεν
1504 1665 1644 1737 (30).
1684 1662 1809 1721 Εἶεν
1833 1668 1879 1721 δ’
1911 1667 1984 1722 ἂν

396 1747 683 1819 ἄρχοντες,
712 1751 809 1804 καὶ
830 1725 1022 1823 ἁρχαὶ,
1053 1725 1150 1808 κα).
1167 1754 1435 1820 ἐξουσίαι,
1455 1725 1553 1811 καὶ
1585 1725 1635 1813 ei
1665 1762 1979 1833 κοσμοκρά-
2014 1725 2058 1782 Β

397 1859 557 1913 τορες
579 1842 678 1896 τοῦ
717 1846 943 1910 σκότους
964 1846 1060 1903 τοῦ
1091 1847 1290 1912 αίῶνος
1316 1849 1530 1904 τούτου.

472 2113 579 2168 Καί
608 2115 719 2184 γὰρ
750 2114 823 2169 τὰ
863 2117 1164 2187 μάρτυριά
1216 2136 1334 2176 σου
1384 2123 1610 2192 μελέτη
1653 2143 1771 2196 μου
1826 2127 1982 2195 ἐστὶ,

403 2202 501 2256 καί
560 2207 621 2260 at
676 2207 1046 2275 συμϐουλίαι
1100 2228 1225 2277 μου
1282 2212 1353 2267 τὰ
1414 2213 1783 2286 δικαιώματά
1838 2232 1981 2275 σου.

416 2293 673 2359 Ἐκείνοις
705 2297 804 2368 μὲν
829 2298 966 2353 ἄλλα
997 2301 1368 2375 palumbum
1394 2304 1449 2358 δὲ
1483 2307 1817 2380 pali-ﬁrmata!
1849 2311 1986 2382 σύμ-

403 2383 592 2449 ϐουλος
622 2388 650 2441 ὁ
675 2388 839 2459 νόμος
872 2406 992 2446 σου.
1074 2396 1079 2399 ’

485 2559 821 2629 Ἐκυλλήθη
858 2564 938 2629 τῷ
957 2565 1166 2637 ἐδαφει
1218 2569 1257 2637 ἠ
1290 2574 1462 2641 dum
1491 2591 1635 2641 μου.
1681 2574 1871 2644 ζῆσὸν
1913 2595 1991 2647 με

405 2653 556 2707 κατὰ
605 2654 712 2709 τὸν
757 2659 947 2727 λόγον
981 2675 1123 2720 σου.
1163 2664 1362 2733 Σχεδὸν
1396 2665 1702 2738 ὲκολλήθην
1741 2668 1821 2738 τῷ
1868 2670 1991 2725 ὲδάο

405 2763 519 2814 φει,
568 2748 868 2815 τουτέστιν,
926 2752 1304 2827 ὲταπεινὼθην
1355 2759 1595 2831 σφόδρα·
1629 2759 1710 2813 διὸ
1755 2759 1858 2831 ζῇν
1922 2780 1991 2831 με

406 2840 632 2911 ποίησον
661 2843 806 2899 κατὰ
829 2844 922 2899 τὸν
949 2846 1117 2916 νόμον
1142 2865 1238 2901 σου
1283 2864 1296 2877 '
1324 2850 1357 2920 ἢ
1383 2851 1687 2924 ὲκολλήθην
1716 2854 1831 2914 τοῖς
1864 2856 1990 2926 γηΐ-

415 2948 555 2999 νοις,
579 2935 945 3008 προσηλώθην
974 2940 1181 3004 αὐτοῖς.

485 3113 596 3182 Τὰς
646 3116 826 3185 ὁδούς
851 3136 972 3189 μου
1025 3118 1370 3192 ἑξήγγειλα.
1418 3124 1532 3188 Τας
1570 3125 1853 3198 αμαρτίας
1883 3144 1985 3197 μου

404 3206 701 3277 ὲξήγγειλά
734 3227 839 3265 σοι.

482 3302 589 3356 Καὶ
647 3301 1006 3373 ἐπήκουσάς
1044 3324 1185 3375 μου.
1228 3308 1573 3379 Ζητὴσαντος
1630 3308 1832 3379 ἄφεσιν
1878 3312 1987 3367 τῶν

407 3396 853 3466 ἁμαρτημάτων.
886 3397 1038 3467 Λέγε
1086 3400 1219 3468 γὰρ,
1252 3401 1411 3470 φησὶ,
1436 3402 1544 3469 τὰς
1570 3400 1829 3474 ἀνομίας
1869 3420 1988 3461 σου

405 3488 492 3543 σὺ
522 3487 783 3557 πρῶτος,
805 3489 907 3543 ἵνα
936 3491 1280 3560 δικαιωθῇς.

476 3576 731 3643 Δίδαξόν
757 3595 837 3650 με
859 3580 933 3634 τὰ
966 3579 1333 3652 δικαιώματά
1359 3595 1500 3638 σου.
1540 3585 1987 3659 Ἀκρισέστερον,

410 3670 737 3743 βαθύτερον.

491 3763 661 3820 Ὀδύν
709 3746 1123 3837 δικαιωμάτωῖο
1176 3784 1293 3824 σου
1351 3769 1683 3825 συνέτισόν
1733 3788 1834 3842 με,
1891 3772 1993 3827 καί

408 3855 816 3929 ἀδολεσχήσω
857 3859 929 3914 ἐν
975 3859 1102 3927 τοῖς
1149 3862 1511 3929 θαυμασίοις
1543 3880 1682 3919 σου.
1730 3865 1845 3936 Τὴν
1871 3866 1993 3920 ὁδὸν

407 3948 505 4002 τοῦ
522 3950 689 4021 νόμου
727 3969 823 4006 σου
852 3952 1098 4008 συνιέναι
1137 3971 1206 4024 με
1237 3955 1467 4025 ποίησον
1496 3955 1722 4010 θέλοντα
1754 3956 1993 4026 βαδίζειν

410 4043 666 4118 ἑν-αὐτῇ.
714 4047 812 4101 καὶ
861 4047 1051 4102 λοιπὸν
1093 4047 1459 4119 ὲμμελετήσω
1516 4050 1609 4104 καὶ
1654 4049 1992 4123 ἐνδιατρίψει)

409 4135 523 4194 τοῖς
556 4134 1093 4210 θαυματουργηθεῖσι
1141 4139 1295 4211 παρὰ
1357 4140 1478 4207 σοῦ,
1528 4139 1765 4213 μελέτην
1814 4142 1992 4196 ταῦτα

412 4224 758 4297 ποιούμενος.

2082 469 2348 538 omnibus,
2399 487 2515 542 qua:
2546 472 2743 543 scripta
2774 483 2899 528 sunt
2931 475 2988 529 iu
3025 475 3162 532 libro
3205 478 3352 550 legis,
3391 486 3447 534 ut
3494 480 3663 549 faciat

2080 575 2144 614 ea
2177 560 2267 612 ²⁹“.

2153 648 2321 705 Vens.
2356 649 2448 704 22.
2480 650 2645 720 Aufer
2675 670 2707 707 α
2734 670 2812 708 me
2838 655 3172 723 opprobrium
3194 665 3244 712 et
3267 666 3617 728 contemptum
3644 674 3664 714 :

2081 741 2211 812 quia
2244 744 2548 799 testimonia
2599 752 2693 799 tua
2752 747 3031 816 exquisivi.
3101 748 3237 803 Illud
3293 747 3418 803 dico
3457 765 3659 820 oppro-

2081 832 2291 897 brium,
2314 834 2458 903 quod
2484 836 2636 905 prior
2673 836 3003 908 negligentia
3044 854 3163 893 mea
3204 839 3338 895 mihi
3381 843 3660 910 praestitit,

2083 924 2273 982 multis
2307 926 2564 983 nimirum
2597 926 2667 983 ob
2696 941 2815 982 eam
2844 930 3305 999 exprobrantibus
3327 942 3383 988 et
3412 942 3663 988 contem-

2084 1018 2343 1074 nentibus
2365 1033 2472 1075 me.
2502 1018 2623 1083 Vel,
2654 1019 2842 1090 Aufer,
2886 1037 2985 1093 pro
3023 1021 3266 1092 Repelle,
3302 1033 3355 1080 et
3387 1026 3498 1079 noli
3535 1040 3659 1080 om-

2084 1108 2219 1163 nino
2243 1112 2562 1179 permittere
2593 1111 2737 1166 vinci
2783 1127 2870 1167 me
2916 1123 3010 1168 aut
3057 1114 3222 1187 smigi
3261 1117 3331 1173 ab
3384 1118 3662 1185 hostibus,

2084 1213 2262 1268 neque
2288 1200 2355 1255 ab
2381 1201 2798 1258 insidiatoribus
2831 1204 2988 1260 meis.

2154 1288 2324 1347 Vsus.
2355 1291 2451 1347 25.
2488 1290 2697 1347 Etenim
2732 1294 2979 1349 sederunt
3033 1298 3318 1369 principes,
3361 1308 3412 1354 et
3468 1299 3659 1357 adver-

2083 1398 2200 1437 sum
2223 1398 2307 1437 me
2332 1381 2771 1453 obloquebantur,
2793 1402 2972 1442 servus
3003 1398 3181 1443 autem
3207 1398 3329 1445 tuus
3371 1391 3664 1448 meditaba-

2084 1482 2173 1528 tur
2209 1474 2263 1527 in
2295 1473 2768 1543 iustiﬁcationibus
2801 1478 2927 1531 tuis.
2970 1478 3053 1534 Illi
3098 1480 3319 1550 quidem
3360 1483 3664 1539 calumnia-

2085 1567 2287 1622 bantur
2308 1581 2417 1630 me,
2451 1566 2746 1623 irridentes
2780 1570 2923 1638 quod
2949 1570 3121 1641 legem
3152 1580 3304 1627 tuam
3335 1575 3658 1641 meditarer,

2084 1672 2186 1729 ego
2219 1673 2350 1713 vero
2383 1659 2434 1714 in
2457 1657 2607 1714 illius
2649 1659 3003 1726 meditatione
3032 1678 3249 1733 semper
3270 1663 3443 1734 magis
3480 1664 3665 1719 inten-

2084 1750 2307 1817 debam,
2342 1750 2638 1806 utilitatem
2688 1752 2947 1807 nimirum
2980 1768 3348 1824 cognoscens,
3380 1770 3503 1826 quae
3530 1756 3663 1810 mihi

2086 1841 2236 1896 illinc
2276 1843 2654 1912 proveniebat.
2686 1842 2793 1898 Per
2815 1844 3092 1916 principes
3117 1859 3325 1910 autem,
3364 1847 3666 1918 intelligere

2084 1947 2382 2002 possumus
2414 1931 2752 2003 principatus
2772 1943 2823 1989 et
2850 1942 3153 2004 potestates
3188 1936 3536 1992 tenebrarum
3564 1937 3661 1991 ltu-

2080 2024 2174 2095 jus
2213 2024 2420 2078 saeculi.

2165 2114 2325 2172 Vens.
2357 2115 2447 2169 24.
2484 2113 2627 2169 Nam
2671 2124 2720 2170 et
2768 2116 3069 2170 testimonia
3098 2125 3192 2171 tua
3224 2116 3500 2171 meditatio
3548 2134 3664 2173 mea

2084 2215 2183 2271 est,
2215 2215 2265 2260 et
2298 2206 2523 2259 consilia
2558 2221 2674 2260 mea
2696 2205 3110 2275 justiﬁcationes
3138 2216 3261 2263 tute.
3299 2207 3412 2263 Illis
3443 2209 3663 2280 quidem

2088 2298 2194 2352 alia
2223 2299 2408 2352 omnia
2433 2298 2585 2352 cordi
2617 2306 2768 2362 sunt,
2790 2299 2893 2352 alia
2920 2298 3104 2354 omnia
3131 2314 3360 2369 prorsus
3391 2299 3667 2356 meditao~

2090 2399 2225 2445 tur:
2258 2390 2390 2444 mihi
2430 2402 2615 2445 autem
2653 2391 2739 2445 lex
2775 2399 2867 2445 tua
2914 2391 3201 2448 meditatio
3255 2401 3365 2461 est,
3415 2403 3469 2449 et
3515 2402 3668 2450 certa

2091 2496 2310 2546 norma,
2340 2482 2501 2548 cujus
2538 2482 2768 2537 consilio
2798 2481 3028 2551 dirigar.

2161 2572 2325 2626 Vens.
2364 2570 2453 2626 25.
2482 2570 2717 2627 Adlttesit
2746 2575 3045 2639 pavimento
3076 2574 3258 2629 anima
3293 2591 3430 2640 mea,
3463 2576 3672 2648 oioiﬁca

2094 2679 2175 2719 me
2211 2662 2497 2718 secundum
2555 2664 2767 2719 verbum
2818 2675 2988 2720 tuum.
3046 2664 3205 2733 Fere,
3268 2668 3470 2739 inquit,
3522 2670 3673 2739 pavi-

2095 2762 2281 2809 mento
2313 2769 2376 2809 ac
2407 2755 2526 2809 solo
2559 2756 2663 2825 ipsi
2693 2754 2923 2822 adhaesi,
2952 2758 3057 2814 ltoc
3082 2766 3188 2823 est,
3218 2758 3379 2815 valde
3411 2761 3672 2816 humilia-

2096 2852 2188 2901 tus
2232 2862 2377 2901 sum.
2416 2848 2597 2917 Atque
2627 2848 2750 2902 ideo
2802 2848 2890 2902 fac
2948 2863 3057 2921 me,
3104 2864 3312 2919 quieso,
3368 2852 3674 2907 secundum

2096 2936 2269 3008 legem
2310 2946 2463 2992 tuam
2504 2938 2706 2993 vivere.
2744 2938 2839 2993 Vel
2870 2941 3104 2997 adlimsit
3130 2942 3312 2997 anima
3345 2957 3467 2998 mea
3501 2951 3676 3000 terre-

2021 3053 2067 3112 c
2098 3027 2184 3083 uis
2220 3028 2407 3091 rebus.
2437 3029 2643 3101 quibus
2670 3028 2863 3087 allixus
2891 3047 3038 3089 sum.

2168 3120 2333 3177 Vens.
2367 3119 2458 3177 26.
2502 3119 2628 3177 Vias
2654 3138 2797 3178 meas
2827 3125 3162 3180 aunuutiavi.
3183 3124 3413 3182 Peccata
3432 3139 3551 3182 mea
3579 3125 3677 3182 tibi

2096 3219 2225 3266 nota
2262 3210 2387 3267 feci.

2185 3307 2258 3359 Et
2280 3305 2550 3360 exaudiui
2571 3321 2670 3360 me.
2705 3304 3052 3372 Qumrentem
3082 3307 3464 3365 remissionem
3489 3323 3681 3379 pecca-

2096 3405 2297 3453 torum.
2327 3397 2425 3452 Dic
2452 3397 2621 3464 enim,
2647 3398 2845 3469 inquit,
2873 3408 2930 3453 tu
2947 3400 3153 3470 primus
3188 3402 3502 3473 iniquitates
3532 3411 3678 3468 tuas,

2097 3498 2153 3541 ut
2167 3488 2488 3558 justiﬁeeris
2522 3488 2590 3542 ".

2189 3577 2325 3630 Dore
2354 3594 2435 3632 me
2450 3578 2865 3647 justi/icationes
2895 3587 3036 3633 tuas.
3072 3579 3403 3651 Diligentius
3431 3578 3671 3644 scilicet,

2100 3676 2154 3723 et
2184 3668 2535 3738 profundius.

2174 3763 2340 3818 Vens.
2371 3764 2462 3818 27.
2497 3763 2648 3817 Viam
2694 3764 3157 3834 justiﬁcationum
3211 3773 3430 3818 tuarum
3482 3764 3683 3817 instrue

2102 3872 2203 3921 me,
2233 3864 2283 3910 et
2312 3855 2605 3911 meditabor
2655 3856 2712 3910 in
2759 3855 3097 3911 mirabilibus
3135 3856 3261 3917 tuis.
3304 3856 3435 3919 Fac,
3479 3855 3680 3925 inquit,

2102 3953 2165 4000 ut
2217 3946 2352 4016 legis
2408 3955 2514 4001 tua:
2564 3945 2710 4001 viam
2766 3959 3115 4016 cognoscam.
3159 3946 3331 4014 Cupio
3385 3945 3525 4001 enim
3590 3961 3684 4014 per

2101 4054 2220 4094 eam
2257 4037 2537 4104 incedere,
2601 4047 2655 4093 et
2712 4038 2780 4094 de
2830 4045 3031 4094 caetero
3083 4038 3411 4099 meditabor,
3459 4045 3513 4091 et
3563 4052 3683 4090 ver-

2102 4132 2267 4188 sabor
2305 4131 2360 4186 in
2396 4129 2814 4185 admirabilibus
2857 4130 3146 4200 operibus.
3200 4146 3323 4199 quae
3356 4146 3385 4183 a
3426 4141 3478 4182 te
3536 4128 3678 4181 facta

2105 4232 2280 4289 sunt,
2341 4223 2555 4279 faciens
2580 4213 2659 4278 lea
2700 4237 2826 4279 esse
2859 4238 3247 4293 argumentum
3302 4222 3679 4277 meditationis

2107 4330 2263 4371 ιιιοω.

494 4407 867 4473 Ἐνύσταεεν
896 4411 930 4478 ἡ
985 4410 1158 4480 ψυχή
1202 4430 1323 4481 μου
1376 4412 1496 4468 ἀπὸ
1543 4415 1824 4482 ἀκηόίας,
1884 4418 1991 4482 βε-

2178 4405 2348 4462 Vtttts.
2386 4405 2479 4461 '28.
2502 4405 2820 4462 Dormitaeit
2842 4409 3027 4461 anima
3059 4424 3176 4461 mea
3203 4422 3315 4475 pra:
3340 4405 3525 4472 ιιειιὶυ,
3559 4424 3685 4461 cou-

413 4500 675 4555 6αίωσόν
690 4519 768 4571 με
796 4502 865 4557 ἐν
901 4502 1027 4569 τοῖς
1064 4504 1274 4570 λόγοις
1310 4520 1449 4560 σου.
1506 4506 1858 4579 Ἐχαυνὼθην
1890 4510 1999 4564 ἀπὸ

413 4591 668 4664 ἀκηδίας,
696 4595 765 4667 ἢν
827 4597 1084 4666 ἐμποιεῖν
1118 4596 1369 4667 εἴωθενῆ
1399 4597 1646 4668 μέριμνα
1674 4600 1782 4653 τῶν
1810 4600 1999 4667 βιωτι-

413 4683 529 4738 κῶν
576 4685 939 4754 πραγμάτων,
994 4685 1027 4756 ἢ
1081 4687 1176 4739 καὶ
1225 4687 1255 4739 ὁ
1291 4685 1528 4757 συνεχὴς
1596 4686 1837 4759 πόλεμος
1890 4691 2000 4745 τῶν

411 4776 706 4847 δαιμόνων.
724 4775 985 4848 Στήριξόν
1011 4793 1079 4848 με
1115 4778 1173 4831 ὲν
1203 4781 1316 4841 τοῖς
1346 4778 1527 4847 λόγοις
1557 4797 1671 4845 σου,
1697 4782 1997 4844 τουτέστιν,

415 4869 497 4931 είς
523 4868 624 4937 τὴν
656 4867 888 4939 μελέτην
930 4868 1040 4922 τῶν
1104 4869 1338 4923 ἐντολῶν
1379 4887 1473 4923 σου
1496 4910 1511 4936 ,
1538 4870 1628 4925 ἵνα
1658 4872 1732 4943 μὴ
1773 4873 2001 4927 ἀποστῶ

413 4959 639 5030 ταύτης,
677 4958 745 5013 δι’
774 4954 842 5031 ἦς
884 4961 1194 5033 ἀπορρίψω
1242 4961 1549 5033 δυνήσομαι
1578 4962 1670 5017 τὸν
1687 4965 2001 5036 νυσταγμὸν

415 5054 517 5123 τῆς
549 5053 804 5122 ἀκηδίας.

498 5225 675 5280 Ὀδὸν
727 5227 965 5295 ἀδικίας
1022 5229 1382 5296 ἀπόστησον
1439 5229 1542 5284 ἀπ’
1582 5229 1753 5300 ἐμοῦ,
1779 5233 1876 5285 καί
1914 5233 1993 5299 τῷ

418 5318 579 5385 νόμῳ
616 5333 733 5375 σου
770 5319 1034 5388 ἐλέησόν
1070 5337 1168 5390 με.
1216 5320 1365 5385 Ὁδὸς
1405 5320 1621 5385 ἀδικίας
1666 5324 1699 5392 ἡ
1734 5323 1934 5393 πρᾶξις
1967 5327 2002 5396 ὴ

492 5497 562 5531 ¹⁹⁴
590 5497 750 5555 Deut.
795 5513 963 5565 um,
996 5499 1089 5555 27.
1166 5499 1212 5531 ³⁸
1236 5500 1340 5555 lsa.
1372 5500 1617 5566 xuu,26
1642 5515 1759 5557 sec.
1791 5499 1935 5556 LXX

2099 4499 2257 4568 firma
2287 4515 2371 4553 me
2401 4499 2454 4552 in
2486 4498 2654 4554 verbis
2689 4500 2817 4554 tuis.
2861 4498 3088 4563 Lassus,
3138 4498 3341 4568 inquit,
3379 4514 3442 4553 ac
3481 4500 3684 4569 remis-

2101 4607 2199 4648 sus
2226 4590 2453 4647 ellectus
2489 4608 2635 4659 sum,
2664 4608 2778 4663 prae
2808 4592 3057 4657 tristitia,
3114 4608 3282 4664 quam
3313 4600 3411 4646 aut
3450 4595 3686 4647 stt-cula-

2101 4684 2246 4738 rium
2308 4698 2495 4738 rerum
2555 4684 2876 4741 sollicitudo
2934 4682 3132 4739 aﬂ‘erre
3180 4681 3315 4738 mihi
3373 4680 3538 4747 solet,
3594 4694 3691 4736 aut

2100 4781 2449 4846 perpetuum,
2473 4773 2621 4845 quod
2649 4775 2783 4829 mihi
2808 4784 2893 4830 est
2914 4790 3041 4831 cum
3077 4774 3348 4839 daemone,
3379 4783 3687 4829 certamen.

2102 4862 2347 4921 Firmum
2403 4881 2489 4922 me
2522 4866 2708 4937 igitur,
2746 4882 2811 4921 ac
2840 4866 3094 4922 stabilem
3150 4866 3341 4932 redde,
3380 4865 3438 4920 in
3502 4865 3689 4929 verbis

2102 4956 2236 5021 tuis,
2266 4957 2367 5012 hoc
2393 4966 2499 5022 est,
2529 4956 2583 5010 in
2626 4956 2987 5012 meditatione
3018 4956 3401 5012 mandatorum
3433 4964 3683 5008 tuorum.

2103 5062 2174 5103 ne
2202 5048 2269 5102 ub
2298 5064 2361 5103 ea
2396 5048 2747 5105 meditatione
2778 5050 3081 5114 discedam,
3119 5064 3242 5120 quae
3270 5046 3509 5116 abjicere
3539 5059 3570 5099 a
3602 5058 3681 5098 nt.-

2106 5149 2287 5208 potcst
2314 5155 2530 5194 omnem
2572 5140 3018 5199 dormitationem
3064 5139 3325 5194 tristitiae.

2180 5231 2344 5285 Vens.
2377 5231 2470 5288 29.
2503 5231 2653 5287 Viam
2672 5233 2956 5303 iniustitia:
2988 5246 3168 5285 amove
3188 5246 3219 5281 a
3248 5244 3352 5294 me,
3380 5236 3428 5282 et
3455 5226 3567 5298 lege
3592 5237 3686 5282 tua

2113 5325 2355 5381 miserere
2376 5327 2497 5382 mei.
2523 5325 2617 5383 Via
2648 5327 2936 5398 injustitite
2959 5333 3041 5381 est
3063 5323 3244 5379 omnis
3275 5319 3419 5378 actio
3451 5319 3689 5392 injustu,

1802 5596 2007 5658 Varius
2043 5603 2377 5660 lectiones.

498 5695 611 5767 (30)
647 5696 882 5769 Apparet
905 5697 1098 5755 deesse
1134 5694 1342 5767 aliquid
1376 5714 1388 5753 :
1432 5705 1564 5768 puta
1595 5695 1886 5767 ὠφέλειαν.
