4076 6204
454 195 592 254 1ἱ43

1678 200 2060 261 EUTIlYMll
2105 201 2467 262 ZIGABENI

3558 196 3706 260 11H

450 323 569 378 qtue
623 317 904 364 auctorem
935 326 1093 364 sumn
1129 311 1194 364 ad
1247 312 1572 380 iniustitiam
1631 313 1873 369 deducit.
1912 312 2014 369 Per

2132 316 2324 379 ἱδικος,
2358 307 2455 368 nati.
2499 313 2635 385 πρὸς
2688 311 2900 366 ἀδικίαν
2933 311 3194 380 φέρουσα,
3227 309 3296 381 ἢν
3320 307 3610 362 ὁδεύουσιν
3656 311 3707 361 ci

450 416 570 454 eam
605 401 750 456 enim
785 402 924 455 viam
952 416 1145 457 omnes
1175 405 1482 469 ambulant,
1521 405 1613 474 qui
1646 404 1834 471 injusti
1867 415 2017 461 sunt.

454 492 629 556 lianc,
663 494 861 563 inquit,
894 495 1034 547 viam
1078 511 1270 551 amove
1299 513 1326 550 a
1366 513 1470 560 me,
1501 506 1551 551 et
1587 497 1848 553 miserere
1893 499 2018 564 mei,

451 586 565 653 lege
598 585 987 640 misericordia:
1019 595 1142 652 tute,
1179 605 1295 655 quae
1333 603 1523 642 eorum
1570 588 1816 642 omnium
1875 604 2019 642 sem-

449 691 545 744 per
581 675 826 730 misereri
869 677 1029 740 solct,
1060 680 1153 748 qui
1192 696 1254 733 ex
1289 679 1452 733 corde
1480 680 1544 732 ad
1579 689 1630 733 te
1670 695 1862 750 preces
1893 680 2021 734 fun-

449 769 608 823 dunL
1996 789 1999 793 -

524 861 689 916 Vens.
734 861 822 916 30.
865 862 1012 916 Viam
1044 865 1278 917 veritatis
1327 865 1474 933 elegi,
1517 863 1729 934 judicia
1780 872 1870 917 tua
1919 881 2020 917 non

449 973 565 1008 sum
591 955 810 1009 oblitus.
852 955 992 1010 Vera
1021 957 1299 1025 dogmata.
1342 959 1440 1013 via:
1467 969 1631 1028 atque
1659 959 1856 1013 itinera
1893 967 2022 1013 sunt

452 1045 742 1111 veritatis;
791 1063 888 1116 per
919 1062 980 1102 ea
1021 1047 1224 1103 etenim
1278 1049 1341 1101 al
1384 1048 1554 1103 Deum
1586 1049 1708 1117 quis
1745 1058 1892 1104 recta
1945 1049 2023 1102 in-

450 1135 615 1190 cedit.
652 1135 774 1200 Vel,
817 1139 943 1207 quia
973 1138 1221 1193 Christus
1243 1148 1325 1194 est
1356 1143 1558 1196 veritas
1587 1141 1722 1214 (Ego
1742 1142 1911 1206 enim,
1937 1142 2018 1194 in-

452 1229 590 1298 quit,
630 1246 746 1283 sum
786 1233 976 1284 ueritas
1006 1243 1053 1283 et
1081 1233 1161 1285 via
1181 1232 1290 1300 ³¹),
1323 1234 1506 1287 dicere
1551 1249 1840 1302 possumus
1875 1232 2020 1302 quod

451 1322 538 1375 via
581 1323 848 1386 veritatis,
880 1333 963 1378 est
995 1325 1077 1378 via
1122 1324 1325 1379 Christi
1377 1341 1392 1378 :
1430 1326 1739 1396 evangelica
1766 1327 2020 1381 nimirum

451 1415 824 1480 conversatio,
862 1431 1025 1485 quam
1065 1416 1318 1471 ﬁdelibus
1386 1418 1605 1471 statuit.
1670 1415 1822 1471 lianc
1877 1417 2018 1470 viam

452 1505 745 1576 Propheta,
776 1509 925 1563 velut
961 1509 1064 1563 sibi
1103 1510 1488 1581 praecognitam
1515 1509 1648 1564 dicit
1680 1525 1740 1566 se
1768 1525 2018 1566 amasse:

453 1596 709 1652 similiter
743 1607 796 1652 et
822 1597 1034 1666 judicia
1091 1597 1206 1662 Dei,
1243 1599 1553 1666 evangelica
1588 1598 1847 1653 nimirum
1883 1614 2021 1670 prae-

453 1692 630 1752 cepta.
671 1702 790 1755 qua:
832 1688 1030 1742 asserit
1067 1701 1126 1741 se
1163 1704 1270 1742 non
1299 1687 1607 1757 ignorasse.

526 1773 695 1830 Vens.
727 1777 816 1834 3i.
858 1778 1073 1832 Adhwsi
1113 1782 1426 1833 testimoniis
1467 1782 1589 1845 tuis,
1643 1779 1891 1846 Domine,
1917 1781 2024 1833 noli

453 1884 532 1921 me
560 1871 900 1936 con/undere.
938 1871 1334 1934 lndissoluhili,
1370 1871 1570 1940 inquit.
1623 1874 1859 1941 quodam
1901 1874 2024 1925 vino

452 1960 577 2014 culo
602 1961 681 2014 eis
713 1961 904 2015 aliixus
936 1978 1079 2017 sunt.
1113 1962 1264 2032 Rogo
1286 1963 1452 2033 igitur
1480 1978 1549 2017 ne
1581 1979 1665 2016 me
1693 1962 2023 2028 confundas,

453 2050 769 2118 permittens
796 2067 879 2105 tne
903 2053 970 2106 al)
992 2051 1244 2107 hostibus
1281 2053 1552 2122 superari.

522 2141 690 2197 Vens.
720 2143 808 2197 3‘2.
844 2143 994 2198 Viam
1021 2147 1386 2198 mandatorum
1414 2155 1620 2200 tuorum
1647 2149 1880 2214 cucurri,
1909 2165 2027 2203 cum

452 2231 698 2287 dilatasti
725 2251 815 2287 cor
844 2252 1035 2288 meum.
1078 2233 1308 2300 Quando
1371 2235 1637 2300 liberasti,
1671 2237 1870 2307 inquit,
1909 2239 2030 2292 ani-

455 2339 598 2379 mam
638 2340 815 2379 meam
853 2341 882 2379 a
912 2326 1335 2389 tcntationilms,
1389 2336 1555 2396 atque
1602 2327 1671 2382 ab
1734 2330 2026 2399 angustiis,

455 2425 587 2470 tunc
618 2417 839 2471 cucurri
896 2417 1037 2470 viam
1085 2417 1466 2471 mandatorum
1505 2426 1748 2482 tuorum,
1784 2421 1888 2474 hoc
1918 2430 2025 2486 est,

455 2506 706 2562 studiose
743 2523 841 2577 per
871 2522 990 2561 eam
1023 2507 1248 2572 incessi,
1274 2524 1501 2564 vers-aus
1530 2509 1580 2562 in
1604 2510 1704 2574 eis,
1747 2523 1798 2564 et
1827 2511 1879 2565 in
1911 2513 2031 2583 lege

455 2605 570 2650 tua.

528 2688 692 2742 Vens.
730 2687 818 2741 33.
846 2686 1030 2757 Legem
1057 2702 1196 2756 pone
1229 2687 1378 2753 mihi,
1416 2687 1655 2751 Domine,
1695 2691 1788 2742 via:
1823 2689 2030 2760 justi/io

457 2781 731 2834 cationum
783 2789 1018 2847 tuarum,
1079 2787 1129 2832 et
1162 2780 1437 2850 exquiram
1478 2797 1596 2834 eam
1648 2798 1868 2851 semper.
1927 2782 2030 2837 Sed

457 2873 735 2943 quomodo
760 2873 836 2929 ait
871 2891 883 2928 :
927 2873 1116 2946 Legem
1144 2891 1298 2944 pone,
1348 2891 1470 2930 cunt
1503 2878 1589 2932 lex
1635 2881 1734 2932 via:
1759 2879 2032 2948 justitica-

2126 407 2333 462 ἄδικοι·
2364 409 2430 476 ἣν
2479 406 2754 460 ἀπέλασον
2799 405 2893 458 ἀπ’
2927 403 3086 473 ἐμοῠ,
3149 403 3238 455 καὶ
3281 402 3360 472 τῷ
3401 403 3554 473 νόμῳ
3599 403 3707 470 τῆς

2125 497 2538 569 φιλανθρωπίας
2587 515 2680 550 σου
2727 495 2948 566 ἐλέησόν
2987 511 3092 566 με*
3144 495 3310 566 νόμος
3361 494 3469 566 γὰρ
3521 495 3708 562 αὐτῆς

2123 591 2294 645 ἐλεεῖν
2311 590 2402 645 τὸν
2440 591 2504 644 ἐκ
2558 589 2738 660 ψυχῆς
2784 587 3062 658 δεόμενον.

2205 863 2378 916 Ὀδὸν
2424 862 2712 929 ἀληθείας
2757 859 3153 928 ᾐρετισάμην,
3195 860 3293 914 καί
3335 860 3408 914 τὰ
3447 858 3713 929 κρίμαῒά

2123 973 2240 1010 σου
2273 957 2377 1009 οὐκ
2449 955 2853 1021 ἐπελαθόμην.
2907 953 3058 1007 Ὀδὸν
3094 952 3374 1020 ἀληθείας.
3426 953 3492 1004 τὰ
3521 953 3709 1021 ἀληθῆ

2123 1047 2391 1113 δόγματα,
2424 1047 2491 1099 δι’
2518 1039 2591 1100 ὧν
2625 1044 2798 1099 ὁδεύει
2825 1063 2908 1108 τις
2954 1043 3152 1114 ὀρθῶς,
3182 1045 3305 1096 ἐπεὶ
3341 1043 3580 1112 ἀλήθεια
3612 1043 3712 1112 μὲν

2123 1141 2150 1192 ὁ
2182 1139 2418 1210 Χριστός
2454 1153 2469 1168 ⁶
2537 1138 2683 1209 Ἐγὼ
2736 1139 2866 1208 γὰρ,
2921 1137 3107 1206 φησὶν,
3153 1136 3269 1204 είμὶ
3318 1136 3356 1200 ἡ
3403 1136 3664 1202 ἀλήθεια
3692 1153 3709 1169 ”

2123 1235 2236 1296 ὁδὸς
2289 1233 2346 1285 δέ
2402 1231 2591 1295 αὐτοῦ,
2658 1234 2690 1302 ἡ
2759 1230 3092 1301 εὐαγγελικὴ
3149 1228 3420 1292 πολιτεία,
3447 1230 3515 1298 ἦν
3543 1229 3709 1298 ἔτεμε

2122 1325 2236 1386 τοῖς
2263 1326 2494 1386 πιστοῖς.
2534 1321 2750 1392 Ταύτην
2778 1321 2928 1389 λέγει
2968 1321 3068 1390 τὴν
3091 1321 3206 1374 ὁδὸν
3231 1321 3544 1390 ἀγαπῆσαι,
3577 1337 3710 1389 προ-

2124 1415 2470 1484 γνωσθεῖσαν
2500 1413 2648 1484 αὐτῷ
2677 1431 2692 1447 ο
2725 1413 2926 1484 ὁμοίως
2955 1411 3011 1464 δὲ
3041 1412 3135 1466 καὶ
3168 1411 3412 1482 κρίματα
3435 1410 3537 1475 τὰς
3564 1413 3708 1464 ἐντο-

2123 1510 2242 1575 λὰς,
2278 1509 2362 1572 ἃς,
2394 1508 2582 1577 φησὶν,
2613 1508 2713 1561 οὐκ
2744 1507 3012 1577 ἠγνόησα.

2210 1782 2589 1849 Ἐκολλήθην
2616 1778 3093 1847 τοῒςιιαρτυρίοις
3115 1791 3253 1840 σου,
3294 1777 3494 1842 Κύριε,
3511 1775 3598 1843 μή
3641 1792 3706 1842 με

2128 1875 2567 1943 καταισχύνῃς.
2598 1868 3079 1930 Δυσαποσπὰστως
3107 1866 3214 1936 ἔχω
3236 1865 3466 1928 τούτων,
3507 1865 3706 1931 τρόπον

2127 1966 2248 2021 τινὰ
2279 1963 2645 2037 προσηλὼθην
2677 1962 2864 2023 αὐτοῖς
2891 1975 2905 1989 ·
2957 1957 3038 2012 διὸ
3083 1958 3157 2026 μή
3213 1972 3279 2025 με
3330 1953 3706 2024 καταισχύνῃς

2128 2057 2540 2130 παραχωρήσας
2572 2051 2875 2124 ἡττηθῆναι
2905 2049 3012 2102 τῶν
3036 2047 3270 2118 ἐχθρῶν.

2211 2152 2387 2206 Ὀδὸν
2422 2147 2688 2204 ἐντολῶν
2720 2161 2837 2200 σου
2870 2144 3151 2212 ἔδραμον,
3178 2140 3324 2193 ὅταν
3357 2136 3707 2202 ἐπλάτυνας

2129 2244 2247 2310 τὴν
2305 2240 2558 2310 καρδίαν
2607 2255 2749 2308 μου.
2822 2236 2995 2288 Ὅταν
3040 2228 3361 2302 ἀπήλλαξας
3393 2227 3494 2299 τὴν
3528 2226 3707 2298 ψυχήν

2135 2353 2236 2406 μου
2301 2334 2400 2403 τῆς
2458 2331 2567 2385 ἀπὸ
2622 2329 2732 2383 τῶν
2781 2325 3108 2398 πειρασμῶν
3152 2320 3540 2392 στενοχωρίας.
3594 2320 3706 2372 τότε

2130 2429 2229 2498 τὴν
2264 2427 2380 2480 ὁδὸν
2413 2425 2523 2479 τῶν
2555 2422 2786 2476 ἐντολῶν
2810 2437 2904 2473 σου
2939 2418 3196 2489 ἔδραμον,
3227 2418 3348 2487 ἦτοι
3403 2413 3709 2473 σπουδαίως

2132 2521 2381 2585 ἐϐάδισα,
2414 2517 2615 2588 βαίνων
2643 2517 2700 2568 ἐν
2747 2513 2962 2576 αὑταῖς,
3020 2509 3118 2564 καὶ
3183 2507 3612 2575 πολιτευόμενος
3656 2504 3706 2556 ἐν

2131 2615 2210 2685 τῷ
2244 2615 2396 2683 νόμῳ
2428 2628 2545 2665 σου.

2201 2702 2627 2774 Νομοθέτησόν
2651 2715 2748 2768 με,
2780 2698 2975 2764 Κύριε,
3008 2693 3122 2760 τὴν
3155 2691 3301 2769 ὁδὸν
3333 2689 3452 2743 τῶν
3480 2689 3705 2741 δικαιω-

2129 2799 2335 2870 μάτων
2384 2813 2522 2859 σου,
2576 2793 2674 2846 καὶ
2714 2788 3024 2857 ἐκζητήσω
3081 2784 3279 2849 αὐτὴν
3315 2781 3413 2834 διὰ
3463 2778 3703 2842 παντός.

2133 2889 2245 2944 Καὶ
2278 2888 2384 2958 μὴν
2411 2884 2551 2952 αὕτη
2585 2877 3054 2950 νενομοθετημένη
3087 2871 3154 2946 ἦν
3178 2890 3192 2904 ·
3225 2873 3366 2926 ὥστε
3395 2871 3477 2933 τὸ,
3517 2872 3706 2938 Νομο-

454 2967 668 3022 tionum
709 2965 802 3022 Dei
833 2967 948 3036 jam
985 2967 1078 3021 ditt
1104 2975 1252 3022 esset
1279 2971 1400 3023 data
1426 2969 1449 3022 τ
1480 2967 1783 3024 Dicendum
1811 2982 1895 3026 est
1925 2972 2024 3041 igi-

2132 2981 2412 3048 θέτησον,
2453 2977 2575 3032 ἀντὶ
2623 2973 2845 3039 Δίδαξον
2873 2991 2886 3005 ο
2920 2969 3150 3038 καὶγὰρ
3179 2968 3274 3020 καὶ
3315 2968 3343 3019 ὁ
3393 2964 3705 3055 Σύμμαχοςῖ

458 3069 570 3120 tur.
595 3058 805 3113 dixisse
843 3075 967 3113 eum
1008 3073 1023 3112 :
1059 3057 1243 3128 Legem
1265 3075 1400 3128 pone
1427 3060 1578 3126 mihi,
1608 3076 1706 3128 pro
1729 3061 1873 3116 Doce
1902 3079 2026 3132 me;

453 3149 609 3219 juxta
650 3165 812 3217 quem
837 3164 1059 3204 sensum
1099 3151 1470 3217 Symmachus
1507 3167 1625 3216 pro,
1652 3153 1837 3222 Legem
1866 3169 2026 3222 pone,

457 3239 618 3303 dixit,
653 3238 904 3294 Ostende.
946 3239 1082 3293 Nam
1117 3241 1211 3310 qui
1269 3242 1450 3304 docet,
1507 3243 1722 3299 videtur
1764 3248 2032 3316 quodam-

458 3331 622 3386 modo
681 3332 749 3386 de
803 3345 944 3385 novo
997 3340 1262 3398 statuere,
1317 3350 1380 3389 ac
1416 3334 1586 3405 legem
1627 3353 1853 3407 ponere,
1901 3340 2028 3396 dum

456 3425 681 3495 ignaros
716 3424 1042 3480 exhortatur
1065 3425 1132 3479 ad
1159 3425 1320 3492 bona,
1347 3435 1401 3482 et
1436 3437 1682 3485 avertere
1711 3447 1807 3488 eos
1847 3434 2030 3490 studet

457 3531 486 3569 a
539 3517 709 3571 vitiis.
751 3519 807 3570 in
853 3517 1290 3587 praecedentibus
1335 3520 1497 3574 etiam
1547 3521 1732 3578 dixit:
1768 3526 1906 3580 Doce
1950 3545 2030 3582 me

455 3608 872 3676 iustiﬁcationes
912 3621 1076 3675 tuas;
1109 3609 1214 3674 vel,
1253 3609 1481 3664 Declara
1513 3612 1646 3667 mihi
1687 3614 1827 3668 viam
1857 3616 2026 3686 justi-

456 3700 772 3754 ticatiouum
858 3711 1096 3766 tuarum,
1177 3711 1232 3756 et
1317 3703 1602 3772 exquiram
1698 3722 1817 3761 eam
1918 3725 2153 3782 semper.

456 3795 690 3850 obscura
716 3813 838 3852 esse
878 3797 1114 3852 videtur.

525 3889 691 3946 Vens.
726 3889 816 3944 54.
853 3889 934 3943 Da
961 3890 1089 3944 mihi
1122 3889 1465 3959 intellectum,
1487 3903 1535 3948 et
1566 3897 1845 3950 scrutabor
1867 3901 2028 3970 legem

460 3994 629 4049 tuam,
655 3991 705 4037 et
733 3984 1033 4037 custodiam
1067 3982 1221 4036 illam
1262 3985 1317 4038 in
1364 3994 1472 4039 toto
1496 3987 1651 4041 corde
1684 4006 1819 4043 meo.
1856 3991 2028 4060 scru-

457 4075 619 4130 tabo:
647 4073 868 4145 quidem
900 4087 1102 4143 magno
1127 4075 1334 4141 studio,
1367 4084 1422 4130 et
1463 4076 1754 4147 diligenter
1775 4083 2032 4136 conside—

456 4184 614 4234 rans,
631 4182 752 4222 eam
793 4165 1049 4222 servabo.
1085 4166 1298 4221 Dictum
1332 4175 1416 4223 est
1458 4177 1642 4244 autem
1674 4171 1823 4235 alibi,
1881 4172 2029 4242 quod

455 4260 594 4331 legis
621 4257 871 4314 custodia
895 4273 1019 4315 esse
1061 4258 1290 4324 dicitur,
1333 4261 1554 4329 quando
1587 4261 1712 4331 quis
1767 4263 2032 4335 adimplet

457 4351 596 4422 legis
628 4350 906 4405 mandata.

530 4442 696 4497 Vsus.
731 4441 821 4496 55.
883 4441 1064 4494 Πειίιιο
1124 4457 1205 4495 me
1267 4442 1322 4494 in
1370 4443 1613 4496 semitam
1658 4444 2034 4500 mandatorum

459 4538 690 4592 tuorum,
740 4531 863 4598 quia
910 4531 1079 4598 ipsam
1115 4529 1276 4583 volui.
1333 4528 1517 4585 Deduc
1576 4548 1682 4595 me,
1721 4535 1920 4605 inquit,
1977 4537 2030 4592 in

456 4636 601 4676 eam.
640 4620 795 4677 Solet
821 4620 967 4675 enim
1011 4621 1156 4675 Deus
1196 4636 1390 4676 omnes
1422 4638 1518 4678 eos
1565 4623 1698 4678 illuc
1735 4625 2029 4693 deducere,

458 4713 550 4784 qui
585 4715 770 4767 animo
800 4728 928 4784 erga
973 4729 1098 4768 eum
1136 4716 1368 4784 prompti
1410 4724 1561 4770 sunt.
1612 4717 1721 4771 Per
1778 4719 2028 4773 semitam

457 4815 664 4873 atttetn,
698 4823 862 4877 quam
887 4807 1062 4861 (ἔτκοὶ
1083 4807 1292 4878 τρίϐον,
1324 4807 1616 4876 appellant,
1645 4809 1802 4878 quasi
1827 4811 2032 4877 tritam,

459 4902 606 4956 viam
636 4903 782 4956 hanc
809 4900 1089 4971 intelligit,
1123 4901 1292 4955 veluti
1348 4917 1457 4955 non
1487 4917 1688 4957 novam
1724 4903 1892 4969 viam,
1937 4904 2031 4958 sed

385 5062 391 5066 _
459 4992 673 5056 tritam,
708 5001 766 5048 ut
804 4991 945 5057 dixi,
982 5006 1050 5047 eo
1081 4991 1226 5060 quod
1256 4991 1391 5061 justi
1429 5008 1524 5063 per
1561 5009 1682 5049 eam
1717 4995 2033 5060 ambulant,

457 5100 514 5143 et
555 5090 738 5144 solent
769 5103 887 5142 eam
916 5076 1290 5158 frequentare.

525 5178 699 5236 Vsus.
727 5179 818 5234 36.
851 5179 1068 5234 lnclina
1103 5197 1194 5235 cor
1215 5197 1386 5235 meum
1412 5181 1466 5234 in
1490 5181 1789 5234 testimonia
1835 5191 1948 5246 tua,
1983 5191 2033 5254 et

459 5288 562 5326 non
592 5273 645 5326 in
673 5273 984 5327 avaritiam.
1020 5273 1318 5337 Converte,
1378 5273 1580 5342 inquit,
1616 5289 1715 5327 cor
1747 5287 1926 5326 meum
1959 5271 2028 5326 ad

460 5365 806 5422 dilectionem
843 5366 1230 5422 mandatorum
1262 5373 1506 5430 tuorum,
1555 5375 1611 5420 et
1643 5365 1790 5420 illius
1843 5379 2029 5434 prom-

460 5457 790 5529 ptitudinem
823 5459 1067 5530 adiuva;
1099 5467 1155 5515 et
1196 5458 1304 5516 noli
1344 5459 1689 5530 permittere,
1723 5463 1782 5513 ut
1812 5457 1866 5513 in
1895 5472 2027 5512 ava-

526 5641 565 5672 ³¹
611 5638 765 5696 Joan.
804 5657 914 5702 xw.
948 5642 997 5696 6-

2135 3069 2479 3135 ⁹Υπόδειξον
2511 3067 2794 3133 ἐξέδωκεν.
2842 3064 2900 3116 Ὁ
2954 3063 3062 3133 γὰρ
3113 3060 3382 3113 διδάσκων
3431 3051 3710 3123 νομοθετεῖ

2128 3163 2331 3234 τρόπον
2386 3159 2509 3213 τινὰ
2565 3159 2896 3229 προτρέπων
2942 3156 3037 3207 ἐπὶ
3086 3153 3156 3205 τὰ
3203 3150 3438 3221 χρηστὰ,
3477 3148 3576 3199 καὶ
3608 3144 3706 3197 τῶν

2131 3253 2351 3324 φαύλων
2385 3251 2742 3321 ἀποτρέπων.
2767 3249 2878 3302 Καὶ
2907 3246 3015 3317 γὰρ
3046 3245 3141 3297 καὶ
3165 3239 3455 3313 προλαϐὼν
3479 3238 3669 3306 εἴρηκε
3686 3248 3699 3260 ·

2131 3342 2386 3407 Δι’δαξόν
2413 3357 2490 3411 με
2520 3344 2593 3393 τὰ
2619 3335 2979 3407 δικαιώματά
2998 3351 3115 3390 σου
3145 3334 3195 3403 ’ἢ
3229 3329 3545 3399 Φανέρωσόν
3597 3340 3700 3396 μοι,

2135 3435 2234 3504 τὴν
2269 3434 2385 3487 ὁδὸν
2413 3432 2525 3486 τῶν
2554 3431 2940 3502 δικαιωμάτων
2965 3446 3082 3490 σου,
3103 3425 3198 3480 καὶ
3216 3422 3506 3491 ἐκζητήσω
3536 3417 3704 3480 αὐτὴν

2134 3530 2224 3583 διὰ
2256 3529 2479 3591 παντός.
2519 3526 2843 3594 Κέκρυπται
2874 3520 2983 3592 γὰρ
3031 3522 3144 3581 τοῖς
3193 3515 3436 3577 πολλοῖς,
3493 3509 3703 3579 ἀσαφὴς

2135 3625 2321 3687 αὐτοῖς
2349 3622 2676 3692 φαινομένη.
3025 3628 3072 3662 φ

2248 3691 2472 3772 Occulta
2559 3714 2702 3768 enim
2751 3720 2838 3768 est
2891 3706 3078 3765 multis
3137 3703 3225 3762 illa
3287 3702 3396 3766 via,
3451 3712 3518 3753 eo
3563 3691 3703 3765 quod

2206 3901 2537 3958 Συνέτισόν
2563 3916 2658 3968 με,
2682 3897 2781 3951 καί
2804 3891 3181 3963 ἐξερευνήσω
3213 3890 3319 3944 τὸν
3359 3889 3548 3956 νόμον
3569 3902 3705 3949 σου,

2135 3998 2232 4050 καὶ
2267 3994 2520 4066 φυλάξω
2553 3992 2740 4047 αὑτὸν
2782 3990 2852 4044 ἐν
2881 3989 2994 4056 ὅλῃ
3026 3985 3236 4054 καρδίᾳ
3265 4000 3404 4053 μου.
3463 3979 3706 4050 Ἐξερευ-

2137 4090 2286 4160 νήσω
2325 4087 2443 4156 μετ’
2481 4082 2830 4148 ἐπιστασίας,
2889 4081 2985 4134 καὶ
3036 4076 3283 4149 ἀκρισῶς
3340 4073 3702 4140 κατανοήσας,

2139 4178 2382 4249 φυλάξω.
2420 4176 2655 4245 Εἴρηται
2685 4174 2743 4227 δὲ
2776 4173 2869 4226 καὶ
2899 4167 3160 4239 ἀλλαχοῦ,
3218 4167 3299 4219 ὅτι
3350 4162 3570 4232 φυλακὴ
3629 4160 3705 4249 νο·

2145 4248 2248 4340 μου
2303 4269 2424 4322 ἐστὶ
2477 4267 2537 4320 τὸ
2587 4263 2833 4334 πληροῦν
2864 4261 2934 4314 τὰ
2956 4260 3052 4313 τοῦ
3089 4258 3282 4328 νόμου,
3323 4254 3418 4308 καὶ
3466 4248 3704 4321 πληροῦν

2140 4379 2324 4416 αυτον.

2215 4450 2558 4520 Ὀδήγησόν
2576 4465 2652 4517 με
2692 4448 2761 4500 ἐν
2788 4443 2864 4512 τῇ
2889 4445 3062 4512 τρίϐῳ
3102 4440 3218 4494 τῶν
3268 4435 3534 4491 ἐντολῶν
3573 4450 3703 4492 σου,

2139 4545 2228 4598 ὅτι
2261 4543 2457 4609 αὐτὴν
2485 4540 2781 4609 ἠθέλησα.
2813 4535 3114 4606 ὐδήγησόν
3145 4550 3211 4602 με
3239 4533 3388 4599 ἄγων
3412 4532 3489 4590 είς
3520 4529 3703 4591 αὐτὴν·

2137 4638 2262 4700 τοὺς
2305 4637 2416 4705 γὰρ
2449 4630 2941 4704 προθυμουμένους
2973 4627 3159 4698 ὁδηγεῖ
3185 4627 3213 4679 ὁ
3243 4624 3396 4685 Θεός.
3430 4622 3631 4691 Τρίὸον
3655 4617 3702 4670 δὲ

2137 4729 2236 4800 τὴν
2263 4729 2378 4782 ὁδὸν
2399 4728 2604 4794 ταύτην
2633 4725 2938 4795 ὠνόμασεν,
2979 4722 3055 4783 ὡς
3094 4721 3152 4772 οὐ
3187 4717 3366 4789 ξένην,
3397 4715 3533 4796 ana
3588 4732 3704 4767 συν·

2145 4824 2248 4893 ηθη
2273 4822 2368 4875 καὶ
2386 4818 2782 4891 τετριμμένην,
2816 4817 2922 4870 ὑπὸ
2943 4815 3052 4868 τῶν
3075 4813 3518 4884 προοδευσάντων
3549 4806 3704 4877 αὐτὴν

2141 4913 2385 4968 δικαίων.

2211 5179 2437 5233 [miror
2458 5177 2575 5244 τὴν
2596 5175 2849 5244 καρδίαν
2863 5193 2983 5243 μου
3016 5177 3102 5239 είς
3131 5190 3278 5242 gap:
3293 5171 3427 5243 ὐριά
3451 5186 3590 5232 σου,
3616 5170 3698 5222 καί

2138 5268 2223 5340 μὴ
2249 5271 2338 5334 εὶς
2377 5268 2761 5332 πλεονεξίαν.
2801 5267 3015 5338 Τρέψον
3043 5265 3211 5336 αὐτὴν
3248 5267 3328 5328 εἰς
3365 5263 3586 5332 ἀγάπην
3606 5260 3701 5312 τῶν

2146 5361 2469 5434 μαρτυρίων
2529 5377 2666 5427 σου,
2730 5359 3006 5431 βοηθήσας
3047 5361 3113 5429 τῇ
3161 5356 3445 5428 προθυμίᾳ
3509 5351 3698 5421 αὐτῆς·

2143 5453 2238 5508 καὶ
2276 5452 2351 5523 μὴ
2397 5452 2477 5516 είς
2511 5449 2828 5516 πλεονεξίαν
2852 5448 3132 5522 τραπῆναι
3167 5448 3364 5519 ἐάσῃς,
3393 5442 3699 5517 ἡττωμένην
