4102 6206
301 289 442 353 1145

1489 284 1879 347 COMMENT.
1919 285 1998 343 IN
2040 286 2400 347 PSALMOS.

3432 285 3568 350 1146

300 407 434 468 ῐσως
467 403 578 457 τῶν
619 401 911 473 βιωτικῶν.
951 401 1044 454 Ἐκ
1064 397 1202 452 Θεοῦ
1234 399 1290 452 δὲ
1323 399 1502 452 πάντα
1546 398 1712 462 αἰτεῖ,
1736 396 1882 451 δι.δᾶ-

2018 400 2168 452 itiam
2197 405 2510 458 convertar,
2543 404 2596 450 et
2625 410 2651 449 a
2685 395 2868 451 saeculi
2895 395 3059 464 bujus
3092 393 3326 466 negotiis
3351 395 3564 451 vincar.

305 514 454 550 σκων
483 497 568 548 ὅτι
596 493 657 546 τὸ
685 494 795 546 πᾶν
833 491 996 554 αὐτὸς
1027 490 1289 562 κατορθοῖ
1315 504 1330 517 '
1389 491 1572 559 Χωρὶς
1607 488 1740 558 γὰρ,
1781 505 1889 558 φη-

304 588 413 652 σὶν,
437 585 596 657 ἐμοῦ,
634 585 696 638 οὐ
731 584 962 638 δύνασθε
999 585 1173 636 ποιεῖν
1219 581 1392 636 οὐδέν.
1459 580 1630 639 Τοῦτο
1666 580 1890 633 καθολι-

305 678 403 742 κὸς
420 677 561 730 ἔστω
590 693 674 730 σοι
698 675 880 730 κανὼν
913 674 1006 727 ἐπὶ
1034 673 1142 727 τῶν
1174 673 1373 743 ἐφεξῆς
1407 672 1632 742 ὁμοίων.
1695 670 1893 737 Βοηθεῖ

305 769 364 822 δὲ
423 769 482 822 οὐ
541 770 736 832 πᾶσιν,
781 767 919 821 ἀλλὰ
971 769 1084 830 τοῖς
1117 765 1311 833 ἀξίοις,
1351 765 1447 818 καὶ
1476 764 1538 816 τὸ
1583 763 1668 817 ἐπ’
1703 764 1892 826 αὐτοῖς

309 861 459 915 ἆπαν
491 859 926 928 εἰσενεγκοῦσιν.

391 1045 804 1113 Ἀπόστρεψον
855 1041 996 1108 τοὺς
1054 1039 1405 1110 ὀφθαλμούς
1455 1056 1597 1108 μου,
1653 1037 1761 1091 τοῦ
1804 1034 1891 1106 μὴ

315 1141 466 1197 ἰδεῖν
481 1142 868 1210 paratarum.
897 1137 1267 1208 Ἀπόστρεψον
1291 1135 1486 1198 αὐτοὺς
1504 1133 1612 1188 ἀπὸ
1633 1133 1742 1187 τῶν
1761 1132 1892 1202 βλα-

314 1233 495 1304 ϐερῶν
530 1232 841 1300 θεαμάτων,
867 1230 1011 1284 ὥστε
1069 1230 1143 1299 μὴ
1178 1228 1304 1280 ἰδεῖν
1366 1227 1606 1297 ματαίαν
1636 1223 1892 1294 θεωρίαν.

323 1323 666 1396 Ὀφθαλμοὺς
693 1323 750 1376 δὲ
772 1323 906 1390 νόει,
940 1323 1036 1377 καὶ
1061 1323 1191 1386 τοὺς
1224 1318 1606 1389 σωματικοὺς,
1641 1318 1736 1370 καὶ
1763 1317 1894 1379 τοὺς

311 1415 600 1487 ψυχικούς.

393 1511 497 1564 Ἐν
526 1509 602 1578 τῇ
643 1507 760 1574 ὀδῷ
797 1523 913 1562 σου
953 1506 1142 1574 ζῆσόν
1174 1523 1270 1574 με.
1326 1506 1417 1556 Ἐν
1474 1501 1550 1572 τῷ
1591 1502 1740 1572 νόμῳ
1799 1517 1894 1551 σου

311 1600 650 1671 ζωοποξησόν
683 1617 752 1668 με
781 1615 796 1630 ο
838 1592 992 1658 οὗτος
1027 1601 1122 1666 μὲν
1146 1599 1255 1666 γὰρ
1289 1595 1434 1665 ζωὴν
1485 1594 1658 1664 ἀληθῆ
1704 1591 1900 1661 προξε-

311 1695 394 1746 νεῖ
425 1696 539 1756 τοῖς
598 1689 1152 1762 ἐμτωλιτευομένοις·
1193 1689 1222 1742 ό
1283 1689 1340 1741 δὲ
1384 1687 1577 1758 παρὼν
1628 1686 1743 1757 βίος
1803 1685 1900 1738 θά-

313 1805 495 1850 νατος.

380 1875 626 1958 Στῆσον
665 1875 746 1942 τῷ
775 1875 974 1943 δούλῳ
1022 1891 1139 1930 σου
1167 1875 1235 1928 τὸ
1272 1875 1483 1943 λόγιόν
1509 1885 1646 1936 σου,
1678 1871 1766 1936 εἰς
1795 1869 1902 1922 τὸν

313 1971 504 2040 φόϐον
529 1985 671 2022 σου.
700 1967 961 2038 Στήριξον
983 1968 1040 2020 ἐν
1071 1967 1195 2036 ἐμοὶ
1227 1966 1305 2038 τῷ
1321 1965 1493 2034 δούλῳ
1515 1980 1610 2017 σου
1641 1961 1702 2014 τὸ
1732 1961 1900 2030 πρόσ-

313 2061 503 2131 ταγμά
539 2078 658 2123 σου.
713 2062 776 2114 τὸ
809 2061 1166 2127 Δεσποτικὺν,
1199 2063 1280 2123 εἰς
1309 2060 1402 2112 τὸν
1435 2057 1601 2128 φόϐον
1638 2073 1732 2108 σου
1762 2071 1775 2083 ⁸
1813 2053 1900 2104 λό-

318 2171 439 2224 γιον
475 2153 656 2223 λέγων
687 2153 780 2206 τὸν
836 2154 1022 2223 νόμον,
1079 2153 1382 2217 τουτέστιν,
1458 2149 1786 2222 Ἐδραῐωσον
1844 2147 1900 2198 ἐν

316 2243 443 2314 ἐμοὶ
472 2242 534 2295 τὸ
558 2241 741 2310 λόγιόν
774 2258 870 2294 σου
913 2244 996 2303 εἰς
1033 2241 1124 2294 τὸν
1157 2241 1326 2310 φόϐον
1362 2256 1480 2306 σου,
1539 2239 1626 2290 ῖνα
1673 2233 1900 2307 γένηταί

321 2353 414 2407 μοι
445 2335 604 2389 τοῦτο
631 2335 814 2403 λόγιον
843 2334 1108 2404 ἔμφοϐον.

390 2427 637 2496 Περίελε
675 2427 784 2480 τὸν
825 2425 1176 2495 ὀνειδισμόν
1209 2442 1351 2494 μου,
1414 2423 1488 2477 ὃν
1517 2422 1898 2477 ὑπώπτευσα.

319 2522 424 2574 Τὸν
450 2520 852 2591 προστριϐἐντα
887 2535 976 2588 μοι
1013 2519 1124 2572 ἀπὸ
1156 2518 1255 2587 τῆς
1297 2515 1596 2586 ἁμαρτίας,
1662 2513 1722 2566 δν
1776 2515 1901 2579 ἐφοο

322 2611 518 2681 ϐήθην,
549 2612 966 2682 προσαγόμετον
1005 2627 1097 2678 μοι
1127 2610 1281 2679 παρὰ
1323 2608 1432 2661 τῶν
1485 2605 1762 2675 δαιμόνων
1793 2619 1806 2632 ⁶
1867 2601 1900 2669 ἢ

323 2705 414 2757 τὸν
441 2703 552 2757 ἀπὸ
583 2702 694 2756 τῶν
723 2703 1185 2754 ἐπιϐουλευόντων
1218 2717 1329 2769 μοι,
1357 2698 1418 2751 ὃν
1446 2696 1784 2750 ὑπώπτευσα
1820 2692 1906 2745 αἰ-

326 2795 657 2867 σθανόμενος
687 2793 928 2864 ἐμαυτοῦ
953 2793 1448 2862 ταλαιπωροῦντος.

395 2981 528 3034 ’Ὅτι
561 2980 633 3032 τὰ
662 2973 919 3047 repluunt
947 2989 1065 3028 σου
1111 2971 1368 3040 χρηστά.
1403 2967 1530 3022 Ὅτι
1562 2965 1774 3035 κρίνεις
1828 2963 1907 3016 δίο

1992 492 2138 546 Petit
2191 499 2375 545 autem
2438 490 2623 544 omnia
2657 505 2685 542 a
2730 487 2858 554 Deo,
2912 487 3117 542 decens
3169 488 3321 542 illum
3383 489 3568 542 omnia

1992 588 2205 642 eﬂicerc
2230 602 2242 636 :
2275 584 2402 638 Sine
2423 598 2532 647 me,
2557 581 2756 651 inquit.
2786 580 2920 635 nihil
2950 580 3178 649 potestis
3207 579 3404 634 facere.
3441 579 3566 635 Haec

1993 680 2161 750 igitur
2217 678 2476 745 deinceps
2539 678 2610 730 sit
2672 675 2769 728 tibi
2839 689 3030 728 norma
3079 674 3134 727 in
3189 674 3571 741 sequentibus,

1995 772 2084 825 ubi
2135 769 2336 823 similia
2393 769 2662 822 invenias.
2721 767 2960 835 Adjuvat
3018 773 3200 819 autem
3248 765 3414 828 Deus,
3463 779 3572 818 non

1995 880 2190 920 Omnes
2225 863 2564 934 promiscue,
2603 861 2696 914 sed
2729 861 2928 929 dignos
2965 873 3025 913 se
3052 866 3108 913 et
3133 858 3227 927 qui
3266 865 3443 911 totum
3483 855 3575 910 in-

1995 957 2238 1020 tulerint,
2271 955 2414 1024 quod
2445 955 2495 1007 iu
2531 969 2590 1008 se
2626 952 2807 1006 fuerit.

2070 1053 2240 1109 Vens.
2275 1055 2365 1108 57.
2395 1058 2580 1106 Averte
2613 1049 2795 1104 oculos
2826 1064 2988 1110 meos,
3025 1062 3087 1100 ne
3119 1046 3328 1100 videant
3363 1043 3576 1097 vanita-

1998 1157 2122 1202 tem.
2162 1146 2360 1199 Averte
2398 1159 2495 1197 eos
2529 1158 2557 1197 a
2594 1141 2772 1196 noxiis
2803 1138 3149 1209 spectaculis,
3183 1138 3257 1191 ita
3295 1143 3354 1188 ut
3389 1135 3573 1188 inania

2000 1253 2110 1293 non
2143 1235 2384 1290 videant.
2417 1233 2618 1288 Oculos
2650 1244 2834 1286 autem
2871 1245 2982 1284 non
3029 1227 3278 1299 corporis
3329 1232 3575 1288 tantum,

1999 1330 2092 1388 sed
2119 1329 2314 1384 animae
2347 1326 2511 1380 etiam
2546 1324 2828 1394 intelligit.

2073 1507 2136 1560 In
2169 1505 2251 1560 via
2277 1515 2370 1557 tua
2408 1501 2619 1570 oiviﬁca
2651 1517 2751 1554 me.
2780 1498 2907 1553 Haec
2937 1498 3138 1554 etenim
3177 1496 3266 1551 via
3297 1510 3477 1550 veram
3509 1494 3578 1549 iis

2000 1600 2170 1651 vitam
2203 1602 2448 1666 praestat,
2491 1593 2585 1662 qui
2621 1592 2673 1644 in
2711 1607 2774 1645 ea
2808 1591 3006 1645 versati
3043 1588 3266 1643 fuerint.
3326 1586 3576 1640 Praesens

2001 1690 2201 1745 etenim
2232 1688 2341 1741 vita
2394 1702 2518 1741 vera
2548 1687 2654 1741 vita
2685 1697 2794 1737 non
2825 1692 2931 1745 est,
2981 1695 3103 1735 cum
3134 1686 3364 1733 mortem
3395 1690 3576 1730 secum

2004 1783 2158 1838 ferat.

2072 1873 2238 1926 Vsus.
2267 1869 2356 1926 '58.
2393 1869 2581 1924 Statue
2605 1884 2752 1922 servo
2785 1877 2885 1924 tua
2916 1864 3182 1934 eloquium
3216 1870 3386 1926 tuum,
3421 1860 3475 1912 iu
3516 1858 3583 1910 ti-

2003 1981 2150 2019 more
2201 1972 2312 2017 tuo.
2347 1962 2403 2015 ln
2437 1977 2548 2026 me,
2588 1960 2788 2028 inquit,
2855 1971 3013 2012 servo
3075 1963 3172 2009 tuo
3233 1952 3578 2008 Dominicum

2004 2057 2322 2112 mandatum
2383 2063 2560 2117 tuum,
2619 2051 2763 2123 quod
2829 2050 2918 2104 bic
2975 2048 3255 2118 eloquium
3324 2041 3582 2114 appellat,

2005 2150 2222 2204 firmum
2257 2161 2321 2199 ac
2348 2142 2545 2199 stabile
2568 2140 2768 2195 efﬁcite
2799 2141 2854 2193 in
2899 2139 3120 2202 timore,
3179 2137 3253 2189 ita
3287 2140 3347 2188 ut
3394 2131 3580 2186 divina

2004 2242 2220 2310 eloquia
2251 2248 2342 2290 tua
2368 2234 2604 2290 verenda
2632 2231 2762 2286 mibi
2791 2232 2920 2297 sint,
2954 2244 3017 2283 ac
3052 2227 3314 2282 timenda.

2080 2423 2252 2480 Vsus.
2286 2422 2377 2477 39.
2415 2417 2584 2481 Aufer
2633 2412 2972 2483 opprobrium
3002 2424 3198 2473 meum,
3249 2406 3389 2476 quod
3415 2403 3586 2470 suspi-

2008 2529 2157 2573 catus
2223 2529 2360 2568 sum.
2421 2509 2573 2577 Quod
2627 2506 2891 2560 inflictum
2931 2501 3065 2555 mihi
3103 2508 3186 2554 est
3247 2514 3276 2551 a
3335 2504 3583 2564 peccato,

2007 2609 2264 2680 quodque
2285 2618 2385 2671 ego
2404 2600 2613 2671 jamdiu
2639 2596 2806 2664 infligi
2833 2591 2962 2646 mihi
2987 2591 3242 2645 timebam
3269 2602 3298 2639 a
3320 2586 3583 2648 daemone,

2010 2679 2103 2757 seu
2137 2701 2204 2753 ab
2236 2692 2660 2752 insidiatoribus
2699 2687 2860 2743 meis.
2917 2683 3014 2738 Vel
3067 2681 3213 2752 quod
3273 2679 3588 2747 suspicatus

2011 2773 2169 2858 sum,
2195 2806 2319 2847 cum
2355 2790 2408 2842 in
2435 2783 2725 2846 aerumnis,
2758 2790 2922 2849 atque
2955 2777 3008 2831 in
3039 2773 3280 2829 miseriis
3332 2787 3418 2828 me
3451 2785 3589 2826 con-

2013 2888 2268 2942 stitutum
2306 2893 2614 2934 cernerem.

2091 2977 2232 3043 Quia
2280 2973 2492 3044 judicia
2549 2981 2638 3022 tua
2683 2965 2931 3034 benigna.
2982 2959 3252 3026 Quoniam
3309 2955 3459 3024 juste
3496 2952 3590 3021 ju-

325 3092 478 3141 καια,
519 3073 810 3142 γινώσκων
851 3071 1002 3129 ὅπως
1053 3067 1360 3136 μετενόησα
1382 3064 1473 3116 καὶ
1507 3062 1657 3124 ὅπως
1683 3060 1776 3111 ἐπὶ
1801 3059 1907 3122 σοι,

2017 3071 2193 3132 dicas,
2233 3076 2596 3135 cognoscens.
2639 3057 2786 3128 quod
2819 3053 3145 3124 pmuitentia
3181 3050 3376 3108 ducor.
3411 3045 3592 3115 quod-

326 3165 520 3237 Κύριε,
550 3163 778 3234 ἤλπισα,
809 3162 891 3215 σοὶ
917 3159 1037 3213 ὅλον
1063 3157 1298 3228 ἐμαυτὸν
1332 3153 1571 3215 ἀναθείς.

409 3336 566 3394 Ἰδοὺ
600 3337 955 3406 ἐπεθύμησα
977 3334 1084 3401 τὰς
1117 3332 1370 3399 ἐντολάς
1405 3346 1544 3398 σου,
1579 3331 1649 3394 ἐν
1681 3330 1758 3398 τῇ
1819 3331 1908 3384 δι-

329 3431 628 3497 καιοσύνῃ
659 3445 776 3484 σου
806 3427 993 3495 ζῆσόν
1011 3444 1109 3495 με.
1164 3427 1340 3478 Πεινῶ
1371 3426 1466 3477 καὶ
1509 3424 1648 3493 διψῶ
1686 3423 1786 3486 τὰς
1825 3425 1912 3477 ἐν-

329 3525 494 3588 τολάς
527 3540 640 3576 σου.
696 3523 784 3574 Ἐν
814 3524 881 3590 τῇ
920 3520 1242 3590 δικαιοσύνῃ
1274 3537 1366 3572 σου
1411 3519 1574 3587 ζῆσόν
1623 3534 1712 3588 με.
1765 3513 1910 3569 Ἶσον

333 3617 391 3669 δὲ
417 3613 576 3667 τοῦτο
632 3612 732 3682 τῷ,
785 3612 886 3666 Ἑν
935 3610 1016 3676 τῷ
1043 3615 1206 3680 νόμῳ
1227 3625 1343 3664 σου
1373 3609 1560 3679 ζῆσόν·
1612 3626 1710 3678 με,
1773 3609 1910 3679 ὅπερ

331 3709 557 3779 εἴρηκεν
585 3706 869 3777 ἀνωτέρω.

401 3800 515 3855 Kal
542 3800 708 3854 ἔλθοι
727 3800 820 3854 ἐπ’
843 3798 950 3868 ἐμὲ
969 3797 1034 3852 τὸ
1063 3797 1238 3860 ἔλεός
1265 3812 1405 3860 σου,
1434 3797 1630 3863 Κύριε,
1678 3795 1745 3848 τὸ
1790 3809 1912 3847 σω-

337 3891 546 3961 τήριόν
560 3906 676 3946 σου
704 3891 854 3945 κατὰ
881 3890 988 3944 τὸν
1014 3891 1205 3958 λόγον
1245 3904 1384 3942 σου.
1419 3889 1536 3940 Ἵνα
1565 3885 1773 3949 ἐλεηθῶ
1817 3882 1914 3936 καῖ⁸

340 3985 520 4039 σωθῶ.
575 3984 740 4046 Τέλος
783 3983 892 4053 γὰρ
944 3981 1040 4035 τοῦ
1095 3981 1303 4044 ἐλέους,
1355 3981 1712 4050 ήσωτηρία·
1768 3976 1914 4030 ἔλθοι

335 4078 416 4144 δὲ,
444 4075 585 4130 κατὰ
617 4077 716 4144 τὴν
743 4073 1042 4144 ὑπόσχεσιν
1086 4090 1202 4127 σου.
1229 4071 1578 4141 Ἑπηγγείλω
1607 4071 1714 4138 γὰρ
1751 4073 1808 4123 ἐν
1838 4069 1915 4140 τῷ

337 4170 490 4240 νόμῳ
517 4169 713 4234 ἐλθεῖν,
750 4168 845 4221 καὶ
868 4165 1066 4231 σώζειν
1093 4167 1220 4228 τοὺς
1245 4165 1620 4235 φυλάσσοντας
1647 4163 1714 4217 τά
1745 4178 1918 4233 προσ-

345 4259 608 4331 τάγματά
633 4276 750 4313 σου.

419 4437 525 4490 Kal
548 4433 1030 4503 ἀποκριθήσομαι
1052 4433 1171 4499 τοῖς
1199 4432 1559 4494 ὀνειδίζουσι
1582 4449 1684 4501 μοι
1707 4432 1914 4499 λόγον.

349 4531 476 4594 Τοῖς
498 4526 818 4589 ὀνειδίζουσί
842 4543 930 4594 μοι
964 4523 1063 4595 τὴν
1109 4524 1250 4595 ὑπὲρ
1285 4525 1490 4597 ἀρετῆς
1525 4521 1922 4588 κακοπάθειαν,

345 4619 797 4691 ἀποκριθήσομαι
829 4617 1018 4672 τοῦτον
1044 4617 1137 4671 τὸν
1165 4618 1348 4686 λόγον.

426 4836 555 4887 Ὀτι
582 4833 820 4902 ’ἤλπισα
841 4830 940 4884 ἐπὶ
970 4828 1096 4893 τοῖς
1123 4827 1328 4895 λόγοις
1352 4838 1489 4878 σου.
1534 4821 1707 4876 Τοῦτο
1741 4822 1924 4884 αὐτοῖς

349 4925 799 4995 ἁποκριθήσομαι
827 4961 842 4985 ,
910 4921 993 4974 ὅτι
1038 4918 1246 4988 ἤλπισα
1293 4914 1387 4966 ἐπὶ
1430 4914 1545 4975 τοῖς
1598 4911 1778 4978 λόγοις
1825 4909 1921 4959 τοῦ

349 5019 509 5080 Θεοῦ,
537 5017 910 5087 ὑποσχομένου
971 5012 1144 5067 πολλὰ
1186 5009 1370 5079 ἀγαθὰ
1423 5010 1539 5070 τοῖς
1595 5004 1926 5075 φυλάττουσι

350 5116 446 5177 τὰς
482 5111 703 5174 ἐντολὰς
735 5107 898 5162 αὑτοῦ
933 5125 947 5139 ο
975 5107 1071 5159 καλ⁵
1111 5105 1199 5156 διὰ
1227 5103 1385 5155 τοῦτο
1423 5098 1743 5163 κακοπαθῶ,
1797 5114 1921 5168 τρε·

353 5206 588 5276 φάμενος
621 5203 854 5271 ἀγαθαῖς
890 5200 1096 5254 ἐλπίσι.

428 5383 532 5439 Kal
559 5381 645 5451 μὴ
684 5379 964 5448 περιέλῃς
992 5379 1058 5431 ἐκ
1093 5377 1199 5430 τοῦ
1220 5376 1522 5444 στόματός
1570 5391 1688 5441 μου
1743 5371 1930 5441 λόγον

353 5477 646 5545 ἀληθείας
679 5473 789 5540 ἕως
815 5471 1069 5541 σφόδρα.
1100 5469 1192 5540 Μὴ
1223 5467 1481 5540 περιέλῃς
1533 5465 1629 5519 ἀπ’
1683 5463 1817 5534 ἐμοῦ
1867 5463 1928 5516 τὸ

357 5563 700 5636 προφητικὸν
733 5564 978 5633 χάρισμα
1010 5561 1102 5614 ἐπὶ
1139 5559 1274 5614 πολύ
1295 5576 1309 5591 ο
1340 5558 1458 5612 ἀλλ’
1487 5557 1537 5610 εἰ
1569 5557 1666 5610 καὶ
1691 5557 1814 5609 κατ’
1852 5557 1932 5608 0i-

361 5657 622 5727 κονομίαν
665 5654 950 5726 ἐπισχεθῇ,
1023 5653 1188 5708 πάλιν
1234 5651 1674 5722 άποκαταστήτω
1711 5666 1824 5720 μοι.
1859 5648 1930 5699 Ἥ

371 5751 446 5823 μὴ
477 5747 895 5824 περιαιρεθῆναι
945 5747 1353 5822 παραχωρήσῃς
1389 5746 1481 5802 ἐπὶ
1517 5744 1652 5799 πολὺ
1709 5744 1772 5796 ἐκ
1836 5739 1935 5796 τοῦ

2018 3177 2127 3234 que
2161 3161 2212 3214 in
2253 3169 2302 3212 te
2336 3153 2575 3226 speravi,
2620 3166 2683 3204 ac
2714 3165 2800 3203 me
2835 3147 2936 3202 tibi
2978 3151 3149 3199 totum
3209 3154 3437 3212 prorsus
3489 3135 3593 3192 ob-

2015 3253 2137 3307 tuli.

2088 3343 2256 3399 Vsus.
2290 3341 2378 3396 40.
2405 3339 2541 3392 Ecce
2571 3333 2838 3399 concupiui
2866 3328 3120 3384 mandata
3159 3335 3273 3388 tua,
3298 3325 3354 3376 in
3377 3319 3594 3390 justitia

2017 3451 2110 3497 tua
2145 3436 2350 3499 vivi/ica
2379 3449 2478 3486 me.
2509 3429 2726 3493 Esurio,
2787 3424 2987 3493 inquit,
3040 3433 3094 3474 et
3142 3419 3271 3472 sitio
3335 3413 3594 3469 mandata

2015 3532 2362 3591 tua.Vivifica
2390 3525 2658 3593 meigitur
2682 3523 2734 3575 iu
2755 3517 3071 3586 tuajustitia
3106 3531 3118 3566 :
3149 3508 3292 3581 quod
3325 3505 3593 3562 fcreldem

2017 3638 2102 3684 est
2138 3639 2262 3679 cum
2298 3621 2362 3675 iis
2391 3617 2595 3680 verbis,
2621 3627 2742 3683 qua:
2775 3609 3029 3678 superius
3063 3604 3203 3658 dixit
3233 3621 3246 3657 :
3281 3600 3349 3654 In
3375 3599 3481 3666 lege
3505 3607 3598 3652 tua

2015 3717 2218 3782 viviﬁca
2251 3728 2353 3766 me.

2088 3809 2254 3864 Vens.
2283 3805 2372 3858 41.
2409 3800 2477 3854 Et
2506 3799 2680 3854 veniat
2737 3808 2892 3863 super
2945 3805 3025 3842 me
3059 3783 3427 3842 misericordia
3481 3791 3595 3842 tua,

2025 3901 2265 3962 Domine,
2303 3895 2538 3949 salutare
2596 3898 2742 3942 tuum
2782 3881 3070 3938 secundum
3105 3879 3368 3947 eloquium
3425 3881 3595 3925 tuum.

2024 3997 2096 4053 Ut
2131 3992 2344 4050 scilicet
2375 3982 2818 4041 misericordiam
2867 3985 3204 4042 consequar,
3244 3977 3298 4024 et
3338 3966 3594 4021 salutem.

2021 4082 2414 4144 Misericordiae
2442 4079 2584 4134 enim
2619 4073 2741 4127 finis
2771 4079 2874 4130 est,
2921 4075 2983 4121 ut
3023 4065 3250 4120 salutem
3285 4070 3598 4124 consequa-

2025 4195 2170 4236 mur.
2207 4173 2601 4229 Veniatautem
2642 4166 2757 4218 haec
2788 4156 3140 4228 salus,]uxta
3173 4151 3596 4222 promissionem

2025 4280 2200 4325 tuam.
2241 4263 2525 4319 Pollicitus
2556 4257 2700 4312 enim
2734 4269 2795 4309 es
2818 4253 2871 4305 in
2897 4251 3016 4319 lege
3050 4255 3163 4308 tua,
3188 4253 3238 4298 te
3267 4255 3460 4296 omnes
3492 4238 3603 4294 sal-

2025 4369 2306 4421 vaturum,
2338 4353 2434 4422 qui
2464 4345 2782 4404 custodiunt
2819 4340 3074 4396 mandata
3111 4349 3226 4390 tua.

2097 4457 2264 4510 Vens.
2297 4449 2386 4504 42.
2420 4445 2492 4499 Ει
2521 4436 2835 4508 respondebo
2865 4426 3308 4501 exprobrantibus
3333 4422 3463 4478 mihi
3484 4437 3601 4475 ocr-

2026 4549 2169 4604 bum.
2208 4543 2279 4597 lis
2321 4540 2414 4609 qui
2479 4533 2825 4589 aﬂlictionem
2891 4533 2942 4580 et
2994 4519 3363 4577 calamitatem
3415 4528 3591 4568 meam

2028 4641 2161 4696 mihi
2201 4604 2557 4703 exprobrant,
2605 4619 2948 4694 respondebo
3005 4615 3234 4670 verbum
3299 4611 3404 4664 hoc
3453 4604 3600 4674 quod

2025 4729 2298 4787 sequitur.

2126 4748 2298 4784 uttur.

2088 4748 2252 4886 (ἔλυσα
2283 4811 2488 4884 speravi
2518 4809 2571 4861 iu
2607 4800 2933 4860 sermonibus
2966 4797 3095 4851 tuis.
3130 4793 3247 4849 Hoc
3293 4798 3399 4856 est,
3446 4785 3594 4858 quod

2025 4927 2126 4983 ego
2167 4909 2274 4963 illis
2303 4899 2669 4974 respondebo,
2707 4907 2960 4964 sperasse
3018 4905 3101 4943 me
3137 4888 3188 4940 in
3252 4883 3349 4938 Dei
3401 4879 3604 4946 verbis.

2024 4972 2120 5074 qui
2156 4999 2324 5055 multa
2377 4972 2522 5050 bona
2577 4987 2834 5043 oumibus
2882 4983 3161 5055 pollicitus
3194 4987 3299 5040 est,
3326 4973 3418 5043 qui
3458 4972 3606 5024 illius

2026 5093 2364 5151 servaverint
2388 5084 2677 5140 mandata:
2715 5095 2878 5150 quam
2926 5076 2994 5130 ob
3035 5085 3256 5128 causam
3286 5063 3607 5120 afﬂictiones

2033 5197 2087 5244 et
2129 5183 2471 5241 calamitates
2503 5189 2694 5231 onmes
2734 5170 2892 5225 facile
2945 5166 3218 5225 sustineo,
3247 5163 3450 5228 optima
3515 5154 3604 5207 ni-

2039 5282 2233 5335 mirum
2271 5277 2322 5328 in
2349 5288 2445 5343 spe
2470 5271 2758 5326 educatus.
2851 5264 2856 5269 ’

2103 5372 2268 5426 Vnus.
2301 5341 2393 5419 45.
2433 5364 2500 5416 Et
2531 5378 2592 5416 ne
2628 5358 2843 5425 auferas
2867 5354 2930 5407 de
2958 5368 3045 5406 ore
3070 5365 3183 5402 meo
3212 5348 3418 5400 verbum
3470 5341 3606 5394 veri-

2037 5465 2162 5518 tatis
2211 5475 2373 5530 usque
2428 5455 2600 5512 valde.
2634 5451 2712 5506 Ne
2749 5450 2968 5502 auferas
3005 5461 3032 5497 a
3075 5458 3161 5497 me
3195 5441 3250 5494 in
3283 5442 3607 5508 perpetuum

2037 5525 2412 5630 propheticam
2463 5548 2691 5620 gratiam
2718 5559 2733 5610 ;
2764 5540 2880 5606 sed,
2911 5538 2958 5593 si
2987 5553 3050 5592 es
3087 5529 3498 5605 dispensatione
3542 5525 3608 5580 ad

2035 5622 2255 5717 tempus
2311 5643 2458 5697 illam
2495 5635 2818 5698 abstuleris,
2848 5645 3043 5686 rursus
3071 5640 3263 5698 precor
3295 5622 3430 5679 mihi
3487 5636 3607 5678 cam

2036 5714 2301 5804 restitue;
2329 5734 2436 5803 vel,
2460 5729 2539 5788 Nc
2569 5727 2861 5803 permittas
2885 5722 2980 5782 diu
3010 5735 3076 5778 cx
3128 5733 3220 5778 ore
3250 5732 3372 5775 meo
3406 5714 3610 5773 verita-
