4076 6204
512 272 652 336 1147

1743 272 2131 334 EUTHYMII
2172 271 2535 333 ZIGABENI

3618 269 3769 335 lliS

507 394 615 439 tem
659 383 887 451 auferri,
916 385 961 439 si
997 383 1241 452 quando,
1268 393 1326 437 ut
1362 385 1608 439 accidere
1671 395 1870 455 potest,
1920 389 1987 441 ab
2011 402 2072 442 ea

2204 385 2450 455 ττὸματός
2492 402 2596 455 μου
2627 385 2688 438 τδ
2744 384 3058 456 ἀληθεύειν,
3105 384 3251 447 εἰκὸς
3307 384 3416 454 γὰρ
3455 384 3773 454 ψεύσασθα

508 489 595 528 me
629 473 881 528 decidere
913 475 1202 544 contigerit
1229 493 1245 541 ;
1277 474 1383 541 vel,
1417 475 1497 529 Ne
1518 474 1673 529 valde
1697 491 1814 530 eam
1840 477 2081 541 auferas,

509 572 613 618 hoc
641 574 746 627 est,
770 580 1051 634 nunquam
1089 566 1335 621 auferas.

582 654 843 719 Quoniam
876 657 931 710 in
954 657 1177 727 judiciis
1224 658 1330 711 tuis
1370 659 1756 725 supersperavi.
1813 658 2085 724 Quoniam

510 745 564 798 iu
596 746 709 813 lege
735 756 824 802 tua
853 748 1008 802 valde
1040 749 1253 817 speravi
1282 788 1297 813 ,
1348 749 1628 804 conlidens
1659 750 1703 803 si
1728 751 1902 820 legem
1936 758 2086 804 tuam

516 849 833 901 servavero,
864 839 1302 893 conservandam
1336 839 1386 891 in
1424 854 1508 894 me
1536 855 1657 895 esse
1696 840 1947 896 veritatis
1980 849 2087 896 tua:

512 925 765 994 gratia‘m.

588 1016 750 1072 Vens.
786 1019 875 1073 M.
923 1019 990 1074 Et
1036 1022 1328 1077 custodiam
1375 1024 1537 1094 legem
1586 1031 1731 1077 tuam
1765 1040 1988 1093 semper,
2034 1026 2086 1078 in

512 1108 763 1163 swculum
790 1120 838 1164 et
866 1115 919 1166 in
951 1117 1200 1168 sa’culum
1230 1116 1435 1171 saeculi.
1487 1115 1713 1185 Semper
1744 1116 1912 1183 legem
1940 1126 2087 1171 tuam

514 1203 845 1266 custodiam,
883 1206 984 1259 hoc
1019 1214 1127 1271 est,
1179 1207 1231 1260 in
1275 1206 1427 1262 omni
1467 1208 1705 1277 negotio.
1758 1208 1854 1261 Illa
1902 1216 2085 1263 autem

512 1295 675 1349 verba
708 1313 721 1349 :
764 1295 831 1348 In
866 1298 1119 1351 swculum
1149 1306 1198 1353 et
1227 1302 1280 1353 in
1312 1302 1567 1354 saxulum
1596 1300 1799 1366 steculi,
1838 1300 1980 1354 idem
2011 1302 2091 1356 si-

518 1386 779 1454 gnificant
836 1390 981 1458 quod
1013 1406 1249 1461 semper,
1313 1393 1530 1447 tametsi
1562 1392 1628 1447 ad
1665 1392 1929 1461 majorem
1968 1409 2092 1462 per-

517 1480 795 1549 petuitatis
877 1491 1039 1549 atque
1117 1484 1444 1539 aeternitatis
1508 1485 1868 1539 intensionem
1944 1486 2088 1539 dicta

515 1571 678 1623 etiam
726 1583 846 1624 esse
896 1580 1146 1638 possunt.
1186 1570 1281 1625 Vel
1314 1590 1325 1625 :
1354 1572 1673 1626 Custodiam
1713 1574 1855 1627 hanc
1917 1575 2089 1644 legem

518 1667 687 1723 tuam,
722 1675 829 1713 non
860 1661 912 1713 in
955 1662 1059 1715 hoc
1087 1669 1298 1715 tantum
1333 1662 1554 1729 smculo,
1593 1663 1688 1719 sed
1720 1666 1882 1718 etiam
1919 1665 1973 1718 in
2004 1665 2089 1718 fu-

2195 492 2264 545 με
2286 492 2300 507 ο
2334 480 2426 529 καὶ
2453 476 2527 547 μὴ
2553 475 2811 547 περιέλῃς
2852 474 3114 539 ἐπιπολὺ,
3170 474 3414 528 τουτέστι
3472 478 3797 547 μηδέποτε.

2269 656 2397 708 Ὅτι
2432 656 2531 708 ἐπὶ
2555 655 2679 722 τοῖς
2711 656 2961 725 κρίμασι
2980 670 3099 710 σου
3127 654 3469 720 ἐπήλπισα.
3517 656 3659 707 Ὀτι
3695 656 3801 707 ἐπὶ

2192 745 2284 798 τὸν
2313 746 2479 816 νόμον
2513 762 2607 797 σου
2656 746 2864 815 σφόδρα
2896 746 3124 815 ἧλπισα,
3159 746 3400 816 θαρρῶν,
3448 746 3532 799 ὅτι
3580 764 3803 813 συντη-

2195 836 2497 905 ρηθήσεταί
2526 853 2616 905 μοι
2643 836 2702 888 τὸ
2730 836 2829 906 τῆς
2868 835 3129 905 ἀληθείας
3154 836 3419 907 χάρισμα,
3449 837 3802 905 φυλάττοντι

2196 926 2406 980 τοῦτον.

2264 1016 2376 1069 Κᾶὶ
2430 1015 2682 1084 φυλάξω
2737 1015 2843 1068 τὸν
2901 1016 3093 1085 νόμον
3141 1031 3259 1070 σου
3316 1018 3657 1086 διαπαντὸς
3708 1024 3801 1086 εις

2196 1106 2304 1159 τὸν
2352 1106 2558 1174 αἰῶνα,
2622 1107 2720 1161 καὶ
2780 1109 2868 1172 εις
2902 1108 3012 1160 τὸν
3036 1107 3223 1161 αἰῶνα
3270 1109 3376 1163 τοῦ
3398 1111 3645 1176 αἰῶνος.
3692 1114 3801 1164 Διὰ

2198 1199 2420 1264 παντὸς,
2451 1201 2619 1270 ἧγουν
2645 1200 2702 1252 ἐν
2733 1199 2896 1252 παντὶ
2926 1200 3239 1270 πράγματι.
3297 1201 3369 1252 Τὸ
3418 1201 3473 1255 δὲ
3516 1206 3628 1267 Εἰς
3682 1206 3803 1256 τὸν

2196 1289 2403 1352 αἰῶνα,
2432 1290 2530 1343 καὶ
2562 1294 2651 1357 εις
2677 1291 2784 1344 τὸν
2848 1290 3036 1344 αἰῶνα
3078 1291 3184 1345 τοῦ
3232 1292 3469 1358 αἰῶνος,
3520 1296 3801 1357 snit-aui;

2198 1384 2312 1435 ἐστι
2334 1381 2427 1435 τοῦ
2466 1383 2578 1434 Ἀεί
2619 1398 2632 1412 ο
2668 1382 2699 1452 ἤ
2748 1382 2885 1452 ὁμοῦ
2914 1385 3115 1447 πάντα,
3148 1383 3211 1436 τὸ
3240 1382 3331 1436 ἀεὶ
3390 1386 3799 1452 σημαίνουσιν,

2196 1473 2271 1534 ὡς
2323 1470 2463 1525 εἶναι
2515 1472 2575 1525 τὸ
2597 1474 2735 1541 ’μὲν
2794 1473 3141 1540 διαπαντὸς,
3180 1477 3301 1528 ἀντὶ
3328 1477 3419 1528 τοῦ
3449 1478 3544 1530 ἀεί
3573 1496 3587 1507 ·
3625 1481 3702 1531 τά
3738 1480 3797 1531 δὲ

2199 1561 2397 1631 ἐφεξῆς
2436 1562 2883 1633 ἐφερμηνευτικὰ
2906 1562 3002 1615 τοῦ
3030 1562 3144 1627 ἀεὶ,
3191 1564 3223 1632 ἢ
3260 1565 3355 1615 καὶ
3410 1563 3494 1616 ὃτι
3553 1565 3801 1632 φυλάξω

2199 1652 2411 1719 τοῦτον,
2446 1654 2506 1706 οὐ
2541 1655 2704 1723 μότον
2746 1655 2805 1708 ἐν
2830 1653 2908 1723 τῷ
2931 1656 3167 1725 παρόντι
3204 1654 3325 1726 βίῳ,
3379 1656 3515 1709 ἀλλὰ
3562 1657 3662 1710 καὶ
3738 1661 3801 1709 ἐν

520 1760 668 1814 turo,
700 1751 843 1819 quod
895 1753 1154 1805 saeculum
1208 1754 1390 1807 smculi
1438 1754 1779 1823 appellatur,
1834 1762 2094 1823 tanquam

2204 1743 2277 1812 τῷ
2318 1740 2587 1813 μέλλοντι,
2647 1745 2706 1807 ὃς
2740 1746 2891 1797 ἐστιν
2921 1744 3056 1796 αἰὼν
3086 1744 3180 1797 τοῦ
3220 1745 3414 1808 αἰῶνος
3440 1745 3662 1810 τούτου,
3714 1747 3799 1808 ὠς

517 1844 771 1911 praesenti
842 1845 1043 1897 saeculo
1103 1845 1445 1902 honoratius.
1509 1846 1605 1899 His
1667 1855 1849 1900 autem
1912 1848 2092 1901 verbis

521 1933 972 2002 promptitudinis
1017 1935 1412 1989 vehementiam
1463 1936 1883 2003 demonstravit,
1930 1952 2093 2005 quam

516 2023 770 2086 habebat,
798 2033 867 2077 ut
897 2024 1064 2094 legem
1098 2026 1436 2081 observaret.

586 2112 753 2170 Vens.
790 2117 883 2170 45.
908 2117 977 2168 Ει
1016 2118 1353 2171 umbulabam
1380 2119 1433 2171 in
1460 2118 1761 2183 latitudine,
1790 2121 1914 2190 quia
1946 2136 2097 2173 mone

514 2208 650 2259 data
705 2216 798 2260 tua
840 2209 1118 2277 exquisivi.
1176 2209 1440 2279 Prospere
1478 2212 1753 2279 dirigebar
1799 2212 1865 2266 ad
1906 2212 2088 2265 omnia

515 2313 636 2366 qua}
663 2299 869 2367 agenda
898 2310 1076 2356 erant.
1108 2301 1287 2357 Causa
1315 2310 1495 2356 autem
1523 2302 1685 2370 hujus
1708 2304 1783 2357 rei
1820 2303 1941 2366 fuit,
1967 2304 2091 2372 quia

515 2390 775 2444 mandata
806 2399 897 2445 tua
926 2392 1110 2446 dilexi.
1144 2394 1236 2447 Vel
1268 2409 1392 2447 cum
1420 2395 1824 2449 calamitatibus
1853 2395 2093 2449 cireum-

515 2482 697 2545 darer,
729 2483 911 2538 animo
959 2499 1068 2539 non
1116 2486 1375 2555 angebar,
1412 2487 1538 2555 quia
1585 2487 1728 2540 inter
1767 2486 2091 2541 adiit-tiones

516 2572 647 2627 illud
684 2575 815 2628 mihi
847 2577 1039 2631 saltem
1069 2577 1421 2633 delectationi
1454 2586 1509 2633 et
1542 2578 1740 2634 solatio
1769 2592 1907 2643 erat,
1941 2577 2088 2645 quod

2198 1834 2564 1906 τιμιώτεροςο
2619 1835 2688 1889 δι’
2717 1832 2778 1890 οὗ
2800 1838 3060 1906 ἐμφαίνει
3108 1838 3170 1891 τὸ
3228 1839 3437 1909 σφόδρα
3498 1840 3800 1908 πρόθυμον

2200 1932 2300 2001 τῆς
2332 1930 2578 2003 περὶτοῦ
2610 1932 2776 2003 νόμου
2812 1933 3059 2005 φυλακῆς
3089 1934 3280 1987 αὑτοῦ.

2259 2114 2367 2168 Καὶ
2392 2114 2771 2185 ἐπορευόμην
2793 2115 2866 2169 ἐν
2896 2115 3250 2184 πλατυσμῷ,
3282 2116 3369 2170 ὅτι
3395 2116 3503 2183 τὰς
3527 2117 3795 2187 ἐντολάς

2202 2222 2321 2261 σου
2367 2205 2723 2277 ἐξεζήτησα.
2766 2207 3102 2277 Εὑωδούμην
3126 2209 3209 2271 εις
3237 2209 3439 2274 πάντα,
3464 2210 3548 2263 ὃτι
3575 2211 3680 2274 τὰς
3696 2214 3793 2265 ἐν-

2198 2298 2358 2361 τολάς
2406 2317 2499 2352 σου
2530 2300 2816 2369 ἠγάπησα.
2850 2300 2918 2351 Ἢ
2948 2300 3040 2351 καὶ
3062 2298 3401 2367 θλιὸόμενος,
3429 2301 3532 2355 οὐκ
3569 2305 3787 2356 ἐστενο-

2201 2392 2499 2461 χωρούμην
2533 2408 2546 2421 ·
2570 2392 2632 2444 τὸ
2663 2391 2771 2461 γάρ
2819 2390 3119 2443 συνειδέναι
3155 2392 3238 2445 ὅτι
3286 2393 3386 2455 τὰς
3425 2394 3652 2457 ἐντολάς
3690 2411 3787 2447 σου

2199 2482 2528 2553 ἐξεζήτησα,
2556 2485 2613 2536 ἐν
2641 2484 2821 2552 θλίψει
2845 2483 3117 2538 ἐπλάτυνέ
3156 2503 3224 2555 με
3250 2500 3265 2515 ⁶
3312 2491 3629 2557 παρηγορεῖ
3677 2492 3785 2557 γάρ

2198 2576 2259 2637 τὸ
2292 2574 2499 2642 ἀγαθὸν
2528 2576 2789 2638 συνειδός.

515 2669 776 2735 conscius
806 2671 935 2725 mihi
963 2686 1165 2735 essem,
1196 2671 1487 2741 diligenter
1552 2687 1639 2728 me
1705 2673 2015 2744 exquisisse
2082 2671 2266 2727 omnia
2296 2669 2578 2737 mandata
2632 2678 2748 2726 tua.
2818 2672 2969 2727 Solet
3015 2681 3199 2728 autem
3256 2677 3392 2730 bona
3446 2678 3786 2733 conscientia

516 2765 810 2819 maximum
846 2781 1061 2837 semper
1088 2769 1330 2824 solamen
1362 2776 1644 2839 praestare.

586 2854 751 2913 Vens.
783 2858 870 2911 46.
902 2859 967 2912 Et
995 2859 1241 2929 loquebar
1290 2861 1345 2914 in
1395 2861 1711 2915 testimoniis
1757 2861 1860 2914 litis
1899 2876 2082 2913 coram

2256 2853 2362 2907 Καὶ
2393 2851 2664 2907 ἐλάλουν
2690 2852 2761 2906 ἐν
2785 2870 2907 2921 τοις
2931 2856 3272 2924 μαρτυρίοις
3334 2871 3473 2919 σου,
3504 2858 3784 2913 ἐναντίαν

517 2947 742 3018 regibus,
772 2960 821 3002 et
848 2965 950 3002 non
981 2951 1362 3020 confundebar.
1387 2951 1672 3022 Loquebar
1699 2953 1870 3022 legem
1896 2966 2081 3006 coram

2204 2944 2516 3005 Βασιλέων,
2546 2943 2645 2998 καὶ
2678 2946 2791 2999 οὐκ
2842 2946 3222 3016 ᾐσχυνόμην.
3263 2948 3517 3004 Ἐλάλουν
3550 2952 3644 3005 τὸν
3697 2956 3781 3006 v6-

517 3039 761 3107 rt-gibus.
793 3050 846 3093 et
871 3040 1072 3095 bonum
1103 3043 1228 3098 inde
1252 3059 1453 3099 nomen
1491 3045 1857 3114 reportabam.
1888 3043 2086 3099 Libere

519 3131 664 3183 enim
699 3130 958 3198 loquebar
1001 3133 1055 3183 in
1106 3134 1378 3189 mandatis
1424 3134 1554 3197 tuis,
1606 3143 1661 3188 et
1702 3135 1898 3190 timorc
1941 3134 2090 3187 nullo

517 3221 832 3273 coliibcbar.
894 3221 1218 3290 Congruunt
1271 3224 1436 3276 etiam
1499 3224 1615 3279 hazc
1670 3225 1833 3279 verba
1891 3224 2099 3280 sanctis

516 3310 719 3363 Christi
750 3313 1104 3380 martyribus.

592 3400 751 3455 Vens.
783 3403 869 3465 47,
896 3404 982 3459 48.
1015 3404 1079 3457 Et
1112 3405 1408 3459 meditabar
1435 3406 1491 3460 in
1524 3406 1789 3461 mandatis
1827 3408 1956 3473 tuis,
1976 3425 2095 3478 quae

520 3490 679 3544 dilexi
707 3490 873 3544 valde.
912 3491 981 3544 Et
1010 3494 1177 3547 levavi
1209 3511 1395 3549 manus
1431 3511 1573 3548 meas
1597 3496 1665 3547 ad
1699 3497 1952 3551 mandata
1980 3507 2092 3566 tua,

521 3598 639 3649 quae
662 3582 845 3637 dilexi.
881 3583 1176 3640 Meditabar
1215 3587 1437 3655 quidem
1478 3588 1532 3640 in
1560 3587 1660 3649 eis,
1694 3588 1876 3656 legens
1898 3603 1984 3653 ea,
2016 3590 2093 3643 le-

522 3676 715 3730 vabam
738 3689 915 3731 autem
944 3694 1137 3733 manus
1157 3694 1305 3735 meas
1326 3680 1391 3734 ad
1418 3683 1669 3733 mandata
1695 3686 1811 3745 tua,
1839 3681 2095 3749 operibus

521 3765 773 3822 videlicet
804 3783 866 3822 ea
907 3770 1211 3838 adimplens
1238 3778 1292 3823 et
1323 3770 1628 3838 perficiens.

2194 3055 2294 3107 μον
2312 3053 2427 3100 σου,
2450 3035 2689 3090 ἐνώπιον
2720 3036 3009 3105 βασιλέων,
3072 3040 3169 3092 καὶ
3192 3040 3517 3109 εὐδοκίμουν
3544 3058 3559 3075 ·
3604 3046 3782 3116 ἐπαρ-

2194 3128 2544 3201 ρησιαζόμην
2576 3130 2634 3182 ἐν
2664 3132 2786 3192 ταῖς
2808 3132 3054 3194 ἐντολαῖς
3082 3150 3201 3198 σου,
3229 3135 3325 3188 καὶ
3372 3136 3469 3205 οὐχ
3516 3137 3781 3191 ὑπεστελο

2202 3222 2376 3292 λὸμην
2407 3237 2421 3252 ο
2453 3222 2683 3293 ἁρμόζει
2714 3223 2770 3275 δὲ
2798 3223 2977 3290 τοῦτο,
3028 3224 3124 3277 καὶ
3192 3230 3305 3290 τοῖς
3348 3228 3489 3297 ὑπὲρ
3534 3231 3777 3299 Χριστοῦ

2203 3313 2467 3385 μάρτυσι.
2484 3366 2487 3367 ,

2271 3404 2383 3457 Καὶ
2402 3406 2699 3475 ἐμελέτων
2726 3408 2795 3460 ἐν
2816 3407 2946 3473 ταῖς
2977 3409 3257 3477 ἐντολαῖς
3293 3428 3433 3479 σου,
3484 3409 3579 3479 αἷς
3624 3417 3779 3484 vird-

2200 3511 2373 3564 πησα
2402 3498 2640 3566 σφόδρα
2662 3516 2677 3531 ο
2706 3500 2801 3552 καὶ
2839 3496 2954 3568 ἦρα
2986 3499 3094 3567 τὰς
3118 3503 3320 3570 χεῖράς
3346 3522 3463 3574 μου
3492 3506 3641 3573 πρὸς
3672 3510 3779 3574 τὰς

2194 3588 2451 3656 ἐντολάς
2471 3590 2692 3656 (famae
2732 3590 3045 3659 ἠγάπησα.
3093 3595 3399 3664 Ἑμελέτων
3431 3599 3531 3667 μὲν
3586 3601 3645 3651 ὲν
3676 3601 3777 3652 αὺ-

2201 3683 2332 3744 τοῖς,
2357 3681 2749 3751 ἀναγινώσκων
2784 3686 2956 3749 αὺτάς
2986 3702 3000 3716 ·
3044 3684 3153 3757 ἦρα
3208 3689 3266 3742 δὲ
3314 3692 3413 3753 τὶς
3445 3694 3638 3761 χεῖράς
3675 3713 3775 3763 μου

2204 3771 2341 3841 πρὸς
2368 3772 2559 3837 αὐτὰς,
2589 3775 2846 3844 πράττων
2882 3778 3074 3841 αὑτάς.
3133 3779 3451 3852 Ἀδιάφορον
3484 3785 3541 3836 δὲ
3572 3787 3631 3837 τὸ
3680 3782 3779 3855 Ai;-

520 3858 830 3926 ἠγάπησα,
865 3859 958 3912 καὶ
995 3859 1057 3913 τὸ
1085 3862 1179 3926 “Ac
1218 3860 1524 3929 ἠγάπησα.
1565 3863 1640 3915 Τὸ
1679 3864 1779 3933 μὲν
1803 3863 1943 3916 κατὰ
1966 3862 2046 3929 τὸ,
2084 3862 2172 3915 Ἐν
2188 3865 2309 3926 ταῖς
2330 3865 2570 3929 ἐντολαῖς
2593 3884 2686 3920 σου
2711 3868 2976 3923 ἀποδοθέν
3008 3887 3021 3900 ·
3058 3871 3120 3924 τὸ
3146 3871 3202 3924 δὲ
3237 3876 3377 3928 κατὰ
3409 3876 3468 3928 τὸ
3498 3878 3637 3948 Πρὸς
3681 3878 3779 3933 τά(

521 3953 741 4017 ἐντολάς
796 3970 888 4007 σου
900 3994 913 4008 .
1350 4026 1360 4036 ο

594 4044 665 4098 Ει
699 4046 995 4100 meditabar
1027 4048 1080 4100 in
1113 4046 1584 4117 justiﬁcationibus
1626 4051 1751 4103 tuis.
1784 4048 1886 4103 Pro
1926 4047 2095 4102 Medi-

524 4137 679 4191 tab-ar
703 4138 755 4193 in
790 4138 983 4194 Grch
1016 4139 1246 4209 legimus
1288 4141 1636 4212 ἰιδολέσχουν
1660 4142 1727 4197 de
1754 4142 1912 4210 cujus
1939 4141 2100 4211 signi-

521 4230 776 4285 ticatione
808 4232 1059 4301 superius
1085 4232 1289 4286 dictum
1318 4241 1422 4287 est.

590 4322 754 4376 Vens.
786 4322 873 4377 49.
910 4323 1110 4377 Memor
1146 4335 1258 4380 esto
1294 4326 1431 4380 verbi
1467 4326 1543 4379 tui
1592 4342 1740 4381 servo
1770 4335 1882 4391 tuo,
1912 4328 1964 4381 in
1995 4345 2096 4398 quo

522 4413 655 4471 mihi
680 4430 822 4482 spem
848 4413 1061 4469 dedisti.
1111 4416 1246 4485 Erga
1281 4435 1365 4473 me
1410 4434 1629 4474 servum
1676 4429 1855 4486 tuum,
1897 4422 2096 4489 inquit,

525 4520 734 4559 iuemor
761 4514 880 4559 esto
919 4505 1064 4559 illius
1104 4508 1274 4570 verbi.
1309 4510 1363 4561 in
1409 4510 1552 4578 quod
1592 4526 1675 4564 me
1710 4526 1935 4580 sperare
1975 4511 2095 4581 jus-
2122 4534 2175 4593 D

524 4596 665 4649 sisti.
698 4595 933 4651 Verbum
971 4599 1289 4653 autemhoc
1321 4608 1473 4653 tuum
1512 4602 1643 4655 illud
1676 4614 1780 4667 est,
1819 4619 1926 4673 quo
1956 4604 2096 4659 dixi-

524 4687 595 4739 8ti
637 4696 689 4740 te
735 4687 1144 4743 misericordem
1195 4703 1337 4756 esse,
1384 4700 1547 4760 atque
1592 4694 1713 4750 idco
1763 4711 1955 4749 omnes
2003 4712 2097 4753 eos

524 4778 689 4829 etiam
719 4778 1085 4843 salvaturum,
1115 4782 1207 4851 qui
1243 4784 1500 4840 mandata
1536 4794 1633 4841 tua
1694 4788 2057 4844 custodierint
2082 4831 2095 4851 ,

521 4874 975 4941 quemadmodum
1008 4876 1137 4929 alibi
1169 4878 1591 4935 declaravimus.
1624 4880 1895 4937 Debemus
1933 4883 2098 4937 etiam

524 4963 686 5034 digne
716 4962 827 5019 Deo
859 4965 1156 5038 intelligere
1181 4986 1490 5027 sermonem
1516 4973 1659 5028 hunc
1684 4992 1697 5028 :
1719 4977 1921 5028 Memor
1947 4986 2058 5029 esto
2083 4992 2102 5029 :

520 5070 640 5125 pro,
673 5055 877 5112 Perlice
906 5068 959 5113 et
985 5060 1048 5113 ad
1087 5061 1247 5115 finem
1284 5062 1559 5119 deducito.
1597 5065 1781 5135 Neque
1806 5067 1953 5122 enim
1985 5067 2094 5121 ulla

521 5150 574 5201 in
612 5148 782 5204 Deum
813 5151 962 5206 cadit
1000 5154 1225 5217 oblivio,
1258 5165 1352 5210 aut
1389 5156 1818 5212 reminiscemia.

587 5242 752 5299 Vens.
778 5243 866 5299 50.
891 5244 1015 5300 Ilwc
1050 5264 1128 5299 me
1154 5248 1427 5303 son'solata
1452 5251 1603 5303 estin
1628 5249 1928 5303 humilitate
1952 5265 2085 5302 mea.

518 5330 645 5387 llaec
678 5350 804 5403 spes
840 5336 1049 5391 scilicet
1084 5354 1167 5391 me
1199 5341 1480 5394 eonsulata
1517 5351 1624 5404 εει,
1664 5342 1768 5395 hoc
1798 5349 1918 5404 est,
1965 5354 2091 5409 spvs

520 5428 625 5479 ista
660 5428 926 5481 recreavit
962 5443 1027 5483 ac
1056 5430 1249 5484 refovit
1286 5446 1392 5494 me,
1444 5434 1499 5486 in
1534 5432 1845 5487 humilitate
1882 5447 1945 5485 ac
1990 5434 2090 5485 mi-

524 5518 668 5571 seria
702 5518 789 5572 illa
822 5522 1199 5586 constitutum,
1259 5523 1312 5577 in
1344 5526 1508 5588 quam
1566 5524 1808 5580 assidua}
1834 5523 2091 5579 tentatio-

524 5623 623 5661 nes
659 5619 714 5664 et
737 5611 1075 5671 calamitates
1108 5631 1193 5669 me
1228 5616 1589 5672 deduxerant.

454 5696 457 5697 '
599 5698 735 5763 Quia
776 5702 1035 5772 eloquium
1068 5716 1212 5763 tuum
1247 5708 1525 5777 viviﬁcat‘il
1571 5724 1667 5765 me.
1702 5709 1976 5777 Verbum,
2008 5712 2093 5767 in-

2271 4044 2378 4098 Kai
2404 4046 2793 4115 ἡδολέσχουν
2828 4049 2899 4101 ἐν
2931 4049 3053 4115 τοῖς
3086 4050 3447 4122 δικαιώμασί
3477 4073 3615 4113 σου.
3690 4064 3780 4116 Εἴ-

2205 4152 2364 4206 ρηται
2397 4138 2524 4208 περὶ
2553 4136 2777 4203 τούτων,
2806 4140 2995 4210 ἤγουν,
3038 4144 3168 4213 περὶ
3198 4144 3536 4217 ὰδολεσχῖας-

2271 4317 2583 4386 Μνήσθητι
2618 4321 2724 4373 τὸν
2755 4321 2945 4390 λόγον
2972 4336 3090 4377 σου
3122 4323 3201 4389 τῷ
3258 4325 3459 4394 δούλῳ
3505 4347 3645 4394 σου,
3711 4335 3784 4387 ὃν

2199 4411 2548 4481 ἑπήλπισάς
2574 4429 2672 4479 με.
2722 4413 2839 4466 Ἐπ’
2864 4415 3090 4485 saeue;
3136 4417 3311 4487 δούλῳ
3351 4436 3445 4472 σου
3503 4424 3781 4494 μνήσθητι

2202 4501 2292 4555 τὸν
2320 4502 2478 4571 λόγον
2503 4520 2619 4566 σου,
2646 4503 2733 4572 ἐφ’
2784 4504 2842 4557 ὃν
2866 4504 3021 4573 λόγον
3046 4524 3162 4571 σου,
3199 4508 3444 4574 ἐλπίζειν
3481 4529 3547 4581 με
3589 4514 3783 4585 ἐποίηο

2204 4609 2322 4653 σας.
2361 4594 2457 4654 Τίς
2484 4593 2539 4646 δὲ
2569 4595 2597 4646 ὀ
2628 4594 2787 4661 λόγος
2810 4613 2907 4649 σου
2936 4613 2950 4659 ;
2981 4599 3064 4650 ὅτι
3123 4598 3371 4670 ὲλεήσεις
3421 4604 3517 4657 καὶ
3580 4606 3780 4672 σώσεις

2203 4685 2326 4747 τοὺς
2353 4684 2725 4753 φυλάσσοντας
2749 4686 2817 4739 τὰ
2838 4689 3244 4760 προττάγματά
3270 4710 3386 4758 σου,
3448 4698 3635 4762 καθὼς
3682 4706 3779 4755 καὶ

2204 4778 2465 4847 ἀνωτέρω
2504 4778 2843 4848 δεδήλωται·
2903 4782 3220 4851 Μνήσθητι
3274 4786 3353 4851 τῷ
3412 4788 3615 4855 δούλῳ
3661 4810 3777 4846 σου

2200 4870 2515 4937 τὸνλόγον
2554 4888 2691 4926 σου.
2753 4872 3085 4944 Θεοπρεπῶς
3140 4876 3197 4929 δέ
3258 4880 3498 4949 νοητέον,
3540 4884 3636 4937 ἐπὶ
3680 4886 3775 4939 τοῦ

2199 4958 2333 5012 Θεοῦ
2357 4962 2417 5012 τὸ
2441 4961 2755 5028 Μνήσθητι
2778 4980 2791 4992 ·
2826 4964 2947 5016 ἀντὶ
2973 4963 3065 5017 τοῦ
3092 4967 3418 5036 Περάτωσον
3444 4988 3457 5002 ·
3482 4974 3778 5046 ἀδιάφορος

2199 5048 2256 5101 δὲ
2290 5051 2319 5120 ἡ
2350 5050 2603 5117 σύνταξις
2633 5052 2728 5105 τοῦ
2757 5053 3095 5123 Μνήσθητι.

2262 5252 2418 5317 Αὕτη
2441 5272 2518 5322 με
2553 5257 2972 5324 παρεκάλεσεν
3014 5260 3083 5313 ἐν
3122 5259 3197 5327 τῇ
3246 5263 3599 5316 ταπεινώσει
3628 5282 3769 5332 μου.

2198 5343 2344 5413 Αὕτη
2367 5360 2382 5376 ο
2410 5346 2523 5412 τίς;
2565 5349 2630 5402 Ἥ
2675 5349 2829 5413 ἐλπὶς
2861 5351 3121 5421 δηλονότι.
3152 5350 3300 5426 Αὕτη
3339 5372 3409 5424 με
3454 5358 3773 5427 παρηγόρη-

2202 5454 2314 5501 σεν,
2339 5439 2479 5511 αὕτη
2546 5459 2612 5511 με
2649 5442 3010 5513 ἀνεκλήσατο,
3071 5447 3129 5497 ἐν
3189 5448 3255 5518 τῇ
3288 5444 3615 5501 ταπεινώσει
3646 5465 3770 5519 μου,

2202 5535 2263 5603 τῇ
2300 5534 2408 5587 ἀπὸ
2438 5533 2547 5589 τῶν
2574 5537 2917 5606 πειρασμῶν,
2954 5538 3096 5609 ἐντῇ
3129 5540 3472 5611 κακοπαθείᾳ
3504 5557 3628 5612 μου.

2279 5712 2407 5766 Ὅτι
2477 5713 2541 5769 τὸ
2594 5716 2803 5787 λόγιόν
2854 5731 2969 5773 σου
3023 5714 3198 5788 “nos
3254 5736 3350 5791 με.
3408 5720 3467 5774 Ὀ
3514 5718 3770 5793 δηλωοεὶς
