4076 6204
365 173 510 242 1149

1531 187 1928 254 COMMENT.
1970 191 2057 253 IN
2093 193 2459 258 PSALMOS.

3481 208 3618 274 1150

352 288 612 360 ἀνωτέρω
665 290 822 360 λόγος
873 310 977 364 μου
1002 334 1019 361 ,
1077 287 1232 361 οὗτος
1300 298 1664 371 ὲζωοποίησε.
1736 303 1903 375 Σχεδδ

2008 308 2181 378 ,quit,
2219 308 2350 364 illud
2394 319 2550 366 tuum
2584 311 2652 366 de
2685 327 2794 383 quo
2825 314 2985 385 paulo
3025 323 3150 374 ante
3182 319 3420 378 diximus
3446 363 3460 385 ,
3491 339 3616 378 cum

350 383 808 455 ἀπονεκρωθέντα
836 389 904 458 τῇ
937 387 1144 460 ἀγχόνῃ
1167 388 1277 444 τῶν
1309 390 1568 463 θλίψεων.

433 566 838 638 ’Υπερήφανοι
889 574 1285 642 παρηνόμουν
1335 573 1448 640 ἕως
1501 575 1760 646 σφόδρα,
1809 578 1930 632 ἀπὸ

348 658 417 713 δὲ
475 661 583 715 τοῦ
648 662 836 732 νόμου
895 679 1014 720 σου
1072 667 1182 720 οὐκ
1211 666 1515 731 ἐξέκλινα.
1571 668 1799 722 Ἐκεῖνοι
1830 671 1930 739 μὲν

348 754 678 826 παρέϐαινον
715 757 804 811 τὸν
853 758 1016 829 νόμον
1079 777 1174 812 σου
1224 760 1318 812 ἐπὶ
1376 759 1510 814 πολύ
1546 776 1561 792 ·
1608 759 1718 828 ἐγὼ
1753 759 1810 814 δὲ
1867 761 1927 814 οὐ

350 849 709 920 συναπήχθην
765 852 970 915 αὐτοῖς.
1029 854 1102 906 ’Ἡ
1155 852 1516 924 παρηνόμουν
1566 854 1929 924 διαγελῶντές

352 958 441 1010 με,
485 941 562 1013 τῷ
593 943 745 1015 νόμῳ
785 945 1021 999 πάντοτε
1066 948 1500 1017 προσκείμενον·
1550 947 1662 1017 ἐγὼ
1723 947 1780 1000 δὲ
1825 949 1928 1002 οὐκ

345 1033 590 1104 ἀπέστην
617 1035 717 1106 τῆς
743 1037 976 1109 μελέτης
1003 1038 1191 1094 αὐτοῦ.
1222 1039 1644 1110 ’Υπερηφάνους
1694 1037 1752 1091 δὲ
1775 1039 1925 1108 λέγει

343 1124 470 1188 τοὺς
512 1125 832 1198 ὑπερόπτας
865 1129 960 1184 τοῦ
1001 1131 1192 1202 νόμου.
1243 1129 1492 1185 Τοιοῦτοι
1535 1129 1591 1183 δὲ
1644 1129 1842 1195 πάντες
1875 1131 1924 1184 oi

344 1217 672 1289 ἐπηρμένοι.

428 1308 776 1380 Ἐμνηίσθην
799 1311 920 1368 τῶν
952 1314 1251 1385 χριμάτων
1278 1313 1522 1379 σου,ἀπ’
1538 1313 1778 1380 αίῶνος,
1804 1301 1922 1369 Κύ-

333 1419 449 1470 ριε,
494 1405 594 1458 καί
628 1407 1046 1478 παρεκλήθην.
1080 1407 1204 1462 Τῶν
1229 1407 1516 1480 χριμάτων
1549 1423 1642 1460 σου
1671 1410 1781 1458 τῶν
1825 1403 1923 1458 ἀπ’

337 1491 558 1558 αίῶνος,
589 1495 698 1550 τῶν
725 1498 820 1550 ἀπ’
849 1498 1044 1569 ἀρχῆς,
1083 1499 1178 1551 καὶ
1205 1498 1285 1560 είς
1321 1498 1382 1551 τὸ
1407 1497 1554 1567 ἑξῆς.
1577 1496 1766 1557 Ὅπως
1791 1493 1920 1556 τοὺς

341 1584 442 1653 μὲν
474 1588 644 1658 ἀρετῇ
696 1589 1147 1654 κακοπαθοῦντας
1181 1589 1420 1657 δοξάζει,
1478 1588 1607 1651 τοὺς
1654 1586 1714 1640 δὲ
1748 1586 1920 1656 κακίᾳ

336 1675 749 1749 εὐημεροῦντας
780 1682 1061 1752 ἀτιμάζει.

2042 415 2154 470 prie
2183 401 2351 456 lamis
2383 401 2769 459 afﬂictionibus
2803 419 3052 473 angerer,
3089 422 3151 461 ac
3187 425 3324 479 pene
3368 422 3616 470 mortuus

2038 503 2239 553 essem,
2274 491 2473 546 iterum
2504 507 2590 544 me
2620 493 2685 548 ad
2720 493 2888 548 vitam
2921 499 3218 552 revocavit.

2111 581 2279 638 Vens.
2319 583 2406 638 51.
2437 582 2656 650 Superbi
2690 585 2869 657 inique
2898 588 3120 658 agebant
3164 606 3326 660 usque
3358 594 3538 660 valde,
3583 614 3615 650 a

2037 673 2146 742 lege
2173 681 2348 726 autem
2397 683 2490 726 tua
2518 690 2623 727 non
2650 675 2926 729 declinavi.
2953 676 3037 731 Illi
3070 677 3288 746 quidem
3326 680 3379 732 in
3425 683 3615 736 multis

2036 763 2211 833 legem
2247 770 2395 816 tuam
2428 765 2996 833 transgrediebantur,
3044 781 3145 836 ego
3193 781 3324 822 vero
3357 767 3464 823 illis
3507 783 3614 824 nou

2035 869 2123 908 me
2161 853 2408 923 adjunxi.
2439 853 2535 909 Vel
2574 874 2588 910 :
2622 855 2813 926 Inique
2857 855 3111 924 agebant,
3147 856 3460 915 deridentes
3503 876 3614 926 me,

2035 946 2178 1016 quod
2205 946 2309 1015 legi
2364 954 2468 1001 tuae
2518 961 2734 1016 semper
2781 946 3178 1014 incumberent,
3229 960 3283 1003 et
3338 949 3406 1005 ab
3469 950 3615 1006 illius

2035 1036 2394 1093 meditatione
2420 1051 2701 1108 nunquam
2744 1039 3078 1096 recederem.
3114 1038 3393 1111 Superbos
3428 1048 3610 1096 autem

2032 1129 2293 1199 appellat,
2327 1130 2460 1199 legis
2491 1140 2916 1201 contemptores.
2950 1130 3109 1188 Tales
3150 1133 3294 1186 enim
3344 1147 3466 1188 esse
3519 1148 3613 1188 so-

2031 1219 2142 1276 lent
2177 1221 2306 1276 elati
2330 1236 2520 1278 omnes
2546 1237 2609 1277 ac
2639 1223 2885 1294 superbi.

2099 1309 2268 1367 Vens.
2293 1311 2381 1366 52.
2414 1311 2622 1368 Memor
2643 1315 3078 1384 fuijudiciorum
3105 1324 3312 1370 tuorum
3346 1333 3376 1370 a
3393 1316 3609 1379 sceculo,

2029 1399 2273 1464 Domine,
2303 1413 2352 1456 et
2383 1403 2686 1458 consolatus
2720 1421 2861 1460 sum.
2892 1404 3023 1471 Qua!
3057 1420 3087 1460 a
3119 1407 3342 1472 sacculo,
3375 1406 3480 1460 hoc
3503 1416 3609 1470 est,

2029 1508 2151 1564 quae
2190 1493 2259 1548 ab
2299 1494 2461 1550 initio
2514 1503 2677 1560 sunt,
2726 1505 2780 1551 et
2826 1499 2881 1551 iu
2915 1496 3158 1551 futurum
3205 1507 3388 1553 erunt.
3427 1497 3483 1552 In
3521 1498 3612 1552 bis

2027 1596 2208 1641 autem
2258 1585 2486 1657 judiciis
2533 1589 2868 1652 continetur,
2916 1589 3060 1658 quod
3107 1593 3308 1644 virtute
3354 1588 3610 1656 praeditos

1949 1673 1994 1729 Β
2022 1676 2294 1752 homines,
2334 1680 2550 1735 tametsi
2594 1681 2659 1735 ad
2718 1689 2934 1752 tempus
2993 1681 3154 1751 afﬂigi
3191 1682 3494 1751 permittas,
3529 1689 3612 1733 ta-

335 1791 461 1832 men
511 1774 868 1846 glorilicabis.
917 1775 1189 1846 Quodque
1239 1759 1334 1830 e09
1376 1771 1759 1836 inhonorabis,
1819 1768 1914 1841 qui
1956 1769 2142 1840 pravis
2201 1770 2402 1826 imbuti
2481 1779 2612 1828 sunt
2670 1771 2938 1839 moribus,
3013 1787 3329 1843 quanquam
3395 1772 3599 1826 interea

333 1874 707 1946 tranquillam,
737 1886 801 1928 ac
827 1871 1044 1930 felicem
1079 1873 1246 1927 vitam
1283 1871 1486 1942 degere
1517 1869 1831 1926 videantur.

413 1966 651 2036 Ἇθυμία
683 1966 941 2034 κατέσχε
962 1983 1060 2034 με,
1108 1964 1227 2020 ἀπὸ
1258 1962 1623 2034 ἁμαρτωλῶν
1665 1960 1784 2015 τῶν
1811 1960 1908 2030 ἐτ-

331 2059 906 2129 καταλιμπανόντων
944 2058 1053 2113 τὸν
1102 2059 1291 2128 νόμον
1338 2073 1477 2112 σου.
1508 2055 1801 2127 Ἥούμησα
1839 2053 1908 2109 δι’

333 2153 566 2216 αὐτούς’
609 2151 770 2206 τοῦτο
815 2151 915 2222 μὲν
959 2152 1336 2222 ὀργιζόμενος,
1386 2151 1472 2205 ὅτι
1517 2149 1775 2205 ἀθετοῦσι
1815 2150 1910 2205 τὸν

329 2246 494 2316 νόμον
520 2262 613 2298 σου
640 2261 656 2278 ο
685 2244 846 2298 τοῦτο
869 2245 927 2298 δὲ
950 2243 1314 2316 λυπούμενος,
1343 2244 1426 2298 δτι
1445 2243 1798 2299 ἀπόλλυνται.

402 2424 612 2479 Ψαλτὰ
640 2421 802 2495 ἦσάν
819 2442 923 2494 μοι
964 2424 1036 2480 τὰ
1079 2424 1443 2496 δικαιώματὰ
1480 2440 1598 2481 σου
1637 2426 1708 2480 ἐν
1742 2428 1906 2490 τόπῳ

325 2518 797 2586 παροικίας-μου.
837 2517 1189 2586 Ψαλλόμενα,
1234 2517 1485 2570 τουτέστι
1551 2516 1905 2588 μελετώμενά

329 2626 441 2678 μοι,
472 2607 601 2661 ἔνθα
628 2609 946 2678 παρῴκουν,
971 2610 1030 2662 ὲν
1055 2609 1153 2680 οἴῳ
1173 2608 1241 2664 ἂν
1263 2610 1424 2680 τόπῳ
1442 2609 1653 2678 διῆγον.
1688 2611 1760 2663 Ἦ
1807 2609 1903 2663 καὶ

323 2701 527 2764 ἄλλως·
565 2702 654 2754 Ἕν
674 2701 914 2770 ψαλμοῖς
953 2697 1095 2772 ἤσάν
1125 2720 1219 2772 μοι
1240 2719 1256 2734 ⁶
1287 2701 1540 2772 ψαλμοὺς
1564 2701 1706 2757 αὐτὰ
1745 2704 1901 2755 εποι-

323 2794 384 2847 οὐ
394 2811 523 2864 μην,
544 2794 640 2848 καὶ
659 2794 878 2864 ψάλλων
901 2795 1043 2849 αὐτὰ
1067 2794 1466 2866 εὖφραινόμην.

405 2973 750 3044 Ἐμνήσθην
777 2974 1048 3028 ἐννυκτί
1093 2975 1198 3028 τοῦ
1263 2974 1556 3044 ὀνόματός
1594 2988 1734 3040 σου,
1785 2976 1900 3030 Kli-

318 3064 549 3133 ριε,καί
577 3065 856 3134 ἐφύλαξα
885 3063 994 3118 τὸν
1013 3065 1203 3134 νόμον
1257 3081 1398 3120 σου.
1453 3067 1541 3120 Ἐν
1593 3067 1769 3133 νυκτὶ,
1811 3068 1900 3120 ὅτε

325 3157 530 3227 μᾶλλον
549 3157 600 3209 οί
632 3155 888 3226 δαίμονες
911 3157 1012 3226 τῆς
1054 3156 1400 3222 ἀκαθαρσίας
1462 3157 1763 3229 ἐνοχλοῦσι,
1809 3157 1899 3212 διὰ

319 3340 354 3410 ἢ
381 3341 437 3394 ἐν
477 3341 633 3394 νυκτὶ
652 3340 762 3395 τῶν
790 3339 984 3396 παθῶν
1042 3341 1132 3395 ὅτε
1155 3342 1252 3395 ὑπ’
1277 3342 1460 3396 αὐτῶν
1489 3342 1686 3407 ὲζοφού
1698 3360 1850 3408 μιν,

387 3601 550 3669 Αὕτη
607 3617 715 3670 μοι
757 3599 1056 3670 ἐγενήθη,
1108 3599 1197 3654 ὅτι
1240 3599 1314 3654 τὰ
1367 3600 1730 3670 δικαιώματά
1782 3617 1900 3657 σου

318 3691 669 3761 ἐξεζήτησα.
693 3690 838 3762 Δῦτη
871 3693 904 3762 ἡ
935 3692 1124 3764 μνήμη
1146 3709 1161 3725 ο
1190 3691 1348 3745 εἴωθε
1369 3692 1476 3761 γὰρ
1522 3692 1788 3756 πολλάκις
1818 3695 1901 3758 είς

317 3782 486 3851 ὄνομα
536 3783 596 3835 τὸ
643 3783 794 3853 ῥῆμα
849 3781 1314 3852 μεταλαμϐάνειν,
1372 3781 1448 3846 ώς
1488 3783 1574 3848 τὸ,
1630 3782 1796 3850 Αὕτη
1824 3799 1901 3852 με

319 3873 759 3940 παρεκάλεσεν,
802 3874 871 3927 ἐν
901 3871 976 3942 τῇ
1006 3871 1361 3926 ταπεινώσει
1387 3888 1524 3938 μου.
1551 3872 1714 3941 Λέγει
1743 3872 1896 3940 γοῦν,

316 3963 400 4016 ὅτι
431 3963 568 4033 αὕτη
607 3964 639 4033 ἡ
672 3963 863 4034 μνήμη
933 3962 1128 4033 γέγονέ
1153 3979 1268 4034 μοι,
1306 3963 1415 4015 ἀπὸ
1442 3962 1538 4016 τοῦ
1573 3964 1779 4035 σφόδρα
1802 3965 1898 4033 ζη-

317 4057 429 4106 τεῖν
457 4055 524 4108 τὰ
577 4053 922 4126 δικαιώματά
969 4072 1086 4109 σου.
1151 4054 1392 4109 Ἐκεῖθεν
1436 4054 1545 4127 γὰρ
1580 4055 1672 4110 τὸν
1728 4055 1898 4124 φόϐον

318 4147 533 4204 ἔλαϐον.

387 4242 568 4309 Μερίς
591 4259 711 4311 μου
731 4237 804 4304 εἴ,
839 4241 1033 4309 Κύριε·
1062 4236 1204 4295 εἶπα
1231 4240 1340 4296 τοῦ
1355 4239 1762 4322 φυλάξασθαι
1788 4242 1896 4295 τὸν

316 4331 506 4400 νόμον
529 4347 668 4390 σου.
707 4333 882 4403 Μερίς
921 4349 1022 4402 μου
1041 4327 1112 4396 εἴ,
1138 4332 1476 4404 κληρονομία
1503 4346 1630 4404 μου,
1659 4332 1896 4398 πλοῦτός

319 4441 446 4494 μου,
477 4427 996 4497 καταφρονήσαντος
1041 4426 1140 4497 τῆς
1192 4427 1288 4480 ἐπὶ
1335 4429 1438 4499 γῆς
1505 4426 1744 4498 μερίδος
1807 4427 1897 4481 διὰ

2085 1953 2252 2009 Vens.
2286 1953 2377 2010 55.
2431 1952 2677 2008 Tristitia
2725 1954 2948 2008 detinui!
2984 1971 3082 2015 me.
3119 1970 3213 2021 pro
3245 1955 3604 2021 peccatoribus

2014 2042 2514 2114 derelinquentibus
2567 2043 2732 2114 legem
2781 2053 2952 2097 tuoin.
2988 2043 3189 2100 Tristis
3243 2045 3342 2102 fui.
3388 2045 3604 2116 inquit,

2009 2147 2236 2208 propter
2280 2143 2620 2206 peccatores,
2663 2135 2865 2206 partim
2919 2135 3139 2206 quidem
3185 2136 3391 2202 iratus,
3452 2141 3601 2207 quod

2009 2229 2181 2298 legem
2209 2234 2360 2283 tuam
2385 2225 2525 2282 adeo
2549 2234 2929 2293 contemnant,
2951 2228 3147 2298 partior
3178 2227 3344 2284 etiam
3373 2225 3592 2294 dolens,

2011 2320 2157 2392 quod
2200 2319 2303 2390 ipsi
2339 2320 2567 2390 perituri
2603 2321 2736 2377 sint.

2081 2411 2251 2468 Vens.
2293 2411 2384 2466 54.
2449 2410 2760 2467 Cantabiles
2796 2411 2923 2467 mihi
2977 2421 3127 2467 erant
3175 2413 3591 2481 justiﬁcationes

2008 2515 2134 2572 ture,
2170 2505 2375 2558 inloco
2421 2505 2864 2574 peregrinationis
2915 2521 3068 2559 metr.
3116 2506 3435 2573 Cantandze,
3494 2507 3599 2561 huc

1999 2608 2112 2665 est,
2148 2598 2476 2653 meditandae
2507 2611 2534 2650 a
2571 2610 2657 2650 me
2690 2605 2857 2662 sunt;
2901 2597 3216 2666 ubicunque
3246 2598 3594 2663 habitavere,

2005 2692 2323 2763 ubicunque
2371 2692 2542 2744 vitam
2578 2689 2800 2759 degero.
2832 2689 2928 2745 Vel
2965 2690 3127 2744 aliter
3163 2708 3175 2744 :
3223 2688 3368 2744 Loco
3422 2675 3601 2744 canti-

2007 2797 2201 2838 corum
2239 2781 2373 2835 mihi
2404 2786 2585 2842 erant,
2625 2788 2678 2835 et
2708 2781 2762 2834 in
2813 2780 3054 2848 psalmos
3085 2795 3179 2834 cas
3227 2780 3360 2834 mihi
3391 2782 3600 2836 consti-

1988 2872 2250 2958 }uebam,
2291 2878 2458 2940 atque
2485 2884 2582 2926 eas
2608 2871 2910 2942 psallendo,
2940 2873 3275 2928 delectabar.

2073 2960 2236 3018 Vens.
2271 2965 2360 3020 55.
2395 2963 2598 3019 Memor
2644 2966 2726 3035 fui
2777 2976 2926 3020 nocte
2953 2967 3184 3020 nominis
3214 2967 3313 3032 tui,
3345 2966 3592 3033 Domine,

2001 3063 2048 3108 et
2071 3055 2328 3109 custodivi
2364 3055 2524 3126 legem
2558 3065 2726 3110 tuam.
2760 3054 3061 3121 Nocturno,
3083 3057 3258 3128 inquit
3281 3095 3297 3120 ,
3347 3064 3590 3126 tempore

2001 3146 2221 3212 quando
2252 3143 2520 3200 immundi
2549 3145 2826 3201 daemones
2882 3145 3070 3215 plures
3102 3145 3280 3201 solent
3305 3145 3594 3216 perturba-

325 3215 548 3319 μνήμης
570 3264 631 3303 σε
675 3215 1018 3318 ποιούμενος,
1041 3215 1395 3319 ισωφρόνουν
1421 3249 1499 3320 τῷ
1555 3215 1712 3320 ξόόω
1749 3215 1859 3304 ’σου
1880 3269 1893 3283 ·

2008 3235 2182 3288 tiones
2217 3233 2433 3300 afferre,
2461 3250 2560 3306 ego
2593 3247 2643 3292 te
2675 3236 2729 3291 iu
2755 3237 3013 3292 memoria
3037 3250 3253 3307 semper
3287 3236 3548 3290 habebam
3579 3275 3596 3300 ,

2003 3336 2057 3382 et
2100 3341 2212 3396 prae
2263 3328 2462 3383 timore
2505 3339 2599 3383 tuo
2660 3329 2962 3398 sapientior
3023 3329 3312 3385 reddebar.
3367 3327 3488 3393 Vel,
3537 3330 3592 3382 in

2003 3427 2164 3471 nocte
2224 3419 2541 3487 passionum
2592 3429 2757 3490 atque
2804 3420 3104 3475 affectuum
3137 3458 3152 3485 ,
3184 3426 3238 3475 et
3270 3418 3494 3490 quando
3528 3420 3594 3474 ab

2003 3505 2117 3558 illis
2146 3506 2551 3562 obtenebrabar

2072 3595 2236 3652 Vens.
2273 3596 2361 3650 56.
2405 3596 2533 3650 Ila'c
2567 3597 2712 3666 facta
2747 3607 2826 3652 est
2865 3599 3018 3663 mihi,
3062 3601 3191 3669 quia
3236 3601 3591 3671 justiﬁcatio—

2003 3701 2093 3740 nes
2145 3695 2265 3740 tuas
2307 3688 2586 3756 exquisivi.
2640 3687 2766 3743 llaac
2822 3690 3086 3746 memoria
3139 3691 3377 3746 scilicet.
3440 3691 3594 3748 Solet

1999 3776 2146 3830 enim
2172 3777 2448 3848 Propheta
2473 3779 2770 3850 aliquando
2792 3781 3020 3836 verbum
3049 3790 3265 3837 mutare
3291 3781 3340 3836 in
3367 3797 3590 3848 nomen;

1998 3867 2153 3934 juxta
2206 3868 2340 3924 illud
2379 3885 2394 3922 :
2435 3869 2565 3925 Ηιεο
2601 3888 2683 3926 me
2724 3871 3003 3926 consolata
3056 3881 3134 3927 est
3186 3873 3240 3926 in
3295 3873 3594 3928 humilitate

1999 3974 2138 4013 mea.
2168 3959 2295 4015 ilzec
2323 3961 2615 4025 memoria,
2653 3962 2854 4032 inquit,
2913 3961 3039 4016 ideo
3094 3961 3240 4035 mihi.
3271 3962 3415 4017 facta
3461 3973 3547 4022 est
3572 4004 3588 4026 ,

1998 4051 2126 4119 quia
2184 4052 2342 4108 valde
2393 4052 2665 4123 exquisivi
2722 4053 3156 4123 iustificationes
3221 4063 3368 4110 tuas.
3433 4054 3590 4109 Illinc

1997 4145 2143 4197 enim
2179 4159 2280 4215 ego
2318 4145 2570 4199 timorem
2603 4146 2819 4216 accepi.

2069 4235 2230 4291 Vens.
2270 4237 2359 4291 57.
2396 4237 2578 4292 Portio
2631 4255 2769 4302 mea,
2827 4237 3046 4292 Domine
3099 4254 3118 4293 :
3165 4237 3282 4293 dixi
3323 4237 3591 4293 custodire

1999 4327 2160 4397 legem
2189 4337 2353 4383 tuam.
2382 4329 2485 4390 'l‘u,
2507 4330 2686 4401 portio
2715 4345 2832 4384 mea
2863 4343 2953 4396 es;
2984 4329 3300 4393 haereditas,
3327 4331 3575 4400 inquam,

2002 4432 2142 4482 mea,
2187 4427 2241 4472 et
2291 4419 2495 4474 divitiae
2553 4435 2707 4475 mere.
2754 4421 2871 4474 Alia
2921 4421 3066 4475 enim
3123 4428 3342 4475 terrena
3401 4421 3583 4475 omnia

313 4513 474 4568 τοῦτο
498 4515 684 4569 λοιπὸν
714 4510 866 4568 εἶπα·
895 4515 1228 4588 Συνεθέμην,
1265 4516 1708 4588 ἐπηγγειλάμην,
1762 4519 1892 4588 περὶ

2008 4507 2262 4578 deSpicio.
2296 4510 2473 4577 Atque
2506 4510 2629 4566 ideo
2656 4511 2804 4577 Dixi,
2834 4514 2938 4568 boc
2968 4520 3072 4577 est,
3099 4510 3384 4568 Pollicitus
3418 4505 3539 4568 sum
3570 4553 3585 4577 ,

315 4605 410 4659 τοῦ
446 4608 832 4676 φυλάξασθαι
855 4607 955 4662 τὸν
985 4609 1176 4679 νόμον
1201 4624 1317 4663 σου
1347 4609 1720 4681 ἀπαράϐατον.

398 4786 688 4854 Ἐδεήθην
713 4787 819 4840 τοῦ
852 4785 1176 4854 προσώπου
1218 4800 1335 4840 σου
1376 4785 1448 4839 ἐν
1512 4786 1626 4854 ὅλῃ
1676 4786 1890 4854 καρδίᾳ

310 4897 452 4947 μου,
482 4880 748 4946 ἐλέησόν
789 4896 865 4948 με
899 4880 1050 4933 κατὰ
1094 4878 1160 4930 τὸ
1186 4878 1396 4947 λόγιόν
1429 4893 1567 4931 σου.
1626 4878 1886 4948 Ἐδεήοην

312 4971 668 5042 όλοκαρδίως,
723 4973 853 5041 περὶ
903 4973 1002 5042 τῆς
1051 4971 1326 5040 ἁμαρτίας
1373 4988 1472 5040 μου
1503 4969 1766 5039 ’ἐλέησόν
1792 4987 1882 5038 με,

318 5063 460 5116 κατά
482 5065 543 5117 τὸ
586 5064 767 5130 λόγιόν
812 5081 907 5116 σου
951 5079 964 5093 '
1029 5066 1336 5134 γέγραπται
1379 5063 1489 5133 γὰρ
1537 5065 1593 5116 ὲν
1632 5062 1709 5131 τῷ
1746 5063 1894 5131 νόμῳ

318 5156 586 5209 ἐλεεῖσθαι
609 5158 734 5218 τοὺς
777 5155 1204 5226 μετανοοῦντας·
1235 5156 1268 5226 ἢ
1303 5157 1444 5208 κατὰ
1468 5156 1568 5221 τὴν
1603 5153 1894 5223 ὑπόσχεσίν

318 5263 436 5300 σου·
469 5249 503 5318 ἢ
523 5249 662 5301 κατά
691 5251 789 5320 τὴν
809 5249 1078 5319 διάκρισίν
1126 5266 1220 5302 σου
1243 5265 1256 5278 ·
1312 5248 1420 5302 Τοῦ
1453 5247 1779 5316 προσώπου
1810 5248 1888 5313 δὲ,

317 5344 436 5394 ἀντὶ
457 5341 550 5393 τοῦ
579 5341 703 5403 Σοῦ,
735 5341 875 5394 κατά
911 5344 1264 5412 περίφρασιν.

386 5516 819 5586 Διελογισὰμην
853 5517 957 5584 τὰς
979 5518 1157 5585 ὁδούς
1181 5535 1318 5581 σου.
1372 5520 1468 5574 καί
1536 5521 1883 5590 ἐπέστρεψα

316 5607 454 5676 τοὺς
469 5608 657 5677 πόδας
682 5627 799 5680 μου
823 5611 905 5678 είς
935 5609 1005 5665 τὰ
1021 5610 1310 5681 μαρτύριά
1333 5611 1880 5687 σοικΔιελο-τιζόμην

1997 4600 2262 4656 custodire
2307 4601 2472 4672 legem
2513 4612 2660 4658 tuam
2685 4642 2701 4670 ,
2757 4610 2814 4660 et
2863 4604 3016 4662 nullo
3054 4612 3218 4675 pacto
3255 4618 3377 4668 eam
3409 4614 3589 4659 trans-

2005 4693 2180 4763 gredi.

2071 4783 2238 4841 Vens.
2276 4787 2366 4841 58.
2427 4787 2743 4857 Deprecatus
2784 4805 2902 4843 sum
2951 4787 3137 4858 faciem
3185 4797 3333 4843 tuam
3381 4785 3436 4840 in
3478 4795 3587 4842 toto

1994 4878 2149 4930 corde
2187 4894 2319 4944 meo,
2373 4879 2618 4932 miserere
2647 4881 2746 4932 mei
2778 4879 3064 4933 secundum
3097 4881 3360 4949 eloquium
3415 4887 3584 4933 tuum.

1995 4967 2093 5029 Te.
2128 4969 2326 5038 inquit,
2369 4985 2465 5039 pro
2497 4971 2716 5026 delictis
2752 4971 2887 5024 meis
2920 4987 2986 5025 ex
3034 4978 3150 5026 toto
3197 4970 3364 5026 corde
3393 4968 3584 5036 deprc-

2004 5071 2161 5115 catus
2218 5077 2338 5116 sum
2381 5079 2395 5127 ;
2465 5065 2727 5118 miserere
2773 5079 2902 5135 ergo
2952 5065 3053 5119 mei
3099 5064 3256 5135 juxta
3301 5061 3580 5131 eloquium

2005 5161 2179 5209 tuum.
2217 5154 2494 5225 Scriptum
2524 5164 2608 5209 est
2641 5156 2783 5210 enim
2816 5157 2870 5210 in
2901 5157 3018 5225 lege
3073 5166 3189 5220 tua,
3224 5154 3370 5224 quod
3401 5152 3581 5208 delin—

2001 5246 2287 5314 quentium
2331 5246 2702 5303 misereberis.
2737 5247 2835 5302 Vel
2858 5287 2872 5307 .
2909 5247 3221 5301 Secundum
3254 5245 3581 5316 promissio-

2002 5353 2160 5402 nem,
2194 5346 2289 5392 aut
2327 5338 2735 5394 distinctionem
2793 5348 2976 5404 tuam;
3017 5354 3111 5408 per
3166 5337 3359 5393 faciem
3398 5348 3574 5393 autem

1999 5428 2114 5490 Dei.
2152 5432 2330 5500 ipsum
2368 5431 2536 5485 Deum
2581 5432 3056 5500 circumloquitur.

2063 5521 2227 5578 Vens.
2255 5508 2341 5578 59.
2380 5524 2619 5594 Cogitavi
2640 5524 3397 5592 viastuas,etconvertipedes
3431 5540 3570 5578 meos

1990 5616 2044 5671 in
2078 5618 2370 5673 testimonia
2402 5627 2512 5675 tua.
2538 5617 2732 5689 chcm
2772 5625 2917 5672 tuam
2953 5617 3245 5674 meditatus
3269 5633 3412 5685 sum,
3435 5632 3567 5687 con-
