4076 6204
528 302 666 369 1151

1740 297 2125 357 EUTHYMII
2167 297 2532 356 ZIGABENI

3690 285 3839 349 1152

525 417 976 483 versationisque,
1029 428 1091 465 ac
1143 411 1264 463 vite
1313 424 1444 462 meae
1495 407 1742 462 semitam
1813 407 1986 462 direxi
2041 409 2099 461 ad

2210 410 2301 463 τὸν
2335 411 2500 478 νόμον
2535 426 2650 470 σου,
2694 407 2892 460 ίθύνων
2923 405 3022 475 τὴν
3054 404 3174 458 ὁδὸν
3210 404 3310 473 τῆς
3351 404 3656 459 πολιτείας
3721 423 3832 474 μου

525 511 779 564 mandata
813 516 924 560 tua.
954 502 1210 568 Quaedam
1245 511 1424 555 autem
1460 501 1794 570 exemplaria
1855 501 2048 554 habent
2087 518 2100 554 :

523 603 768 673 Cogitavi
809 601 917 652 vias
969 612 1146 658 meas,
1205 596 1307 648 hoc
1333 603 1414 648 est
1445 636 1457 658 ,
1509 593 1660 662 prius
1717 593 2098 657 consideravi,

519 693 651 764 quid
681 689 944 758 agendum
975 688 1103 741 mihi
1127 696 1295 752 esset,
1322 692 1414 740 aut
1435 685 1564 756 qttid
1588 686 1911 740 dicendum:
1941 695 2104 755 atque

520 787 644 839 ideo
673 781 948 836 ambulavi
981 780 1124 834 intra
1150 780 1408 833 mandata
1445 787 1559 832 tua.

585 979 758 1034 Vens.
781 979 867 1033 60.
909 978 1138 1033 Paratus
1165 996 1304 1044 sum,
1331 990 1378 1033 et
1415 995 1516 1032 non
1565 996 1683 1033 sum
1728 979 1973 1034 turbatus
2001 1020 2016 1043 ,
2047 989 2105 1034 ut

515 1071 814 1128 custodiam
836 1070 1088 1123 mandata
1116 1081 1229 1123 tua.
1273 1069 1505 1125 Paratus
1527 1085 1648 1124 sum
1684 1071 1746 1123 ad
1780 1071 2103 1124 custodien-

514 1167 643 1219 dum
671 1179 758 1226 ea,
798 1175 960 1232 atque
995 1163 1116 1215 ideo
1151 1162 1220 1217 ab
1250 1178 1439 1217 eorum
1478 1163 1798 1217 diﬂicultale
1826 1203 1840 1226 ,
1882 1173 1977 1216 aut
2018 1180 2103 1218 sc-

516 1257 754 1310 veritate
780 1256 1035 1309 turbatus
1064 1270 1174 1308 non
1205 1270 1346 1309 sum.
1376 1256 1571 1308 Malum
1619 1256 1764 1308 enim
1799 1255 1942 1324 quod
1979 1257 2102 1324 quis

516 1350 674 1417 prius
709 1346 1047 1412 considerat,
1081 1356 1246 1416 atque
1277 1353 1583 1416 exspectat,
1617 1346 1957 1401 tolerabilius
1989 1347 2104 1402 elli-

513 1441 681 1494 citur.
719 1438 809 1493 Vel
836 1439 1178 1493 daemonibus
1210 1481 1223 1502 ,
1257 1453 1352 1492 seu
1389 1438 1786 1492 tcntationibus
1837 1453 1921 1492 me
1953 1439 2106 1492 inva-

514 1533 796 1594 dentibus,
823 1533 1080 1585 turbatus
1113 1547 1220 1585 non
1247 1547 1391 1597 sum,
1420 1531 1626 1596 sciens,
1657 1531 1800 1601 quod
1835 1531 2099 1600 impetum

515 1623 568 1675 in
599 1638 684 1676 me
715 1622 911 1676 facturi
941 1634 1120 1679 erant.
1161 1623 1336 1689 Quam
1370 1623 1441 1678 ob
1477 1638 1702 1678 causam
1738 1625 1805 1678 ad
1862 1625 2106 1679 toleran-

521 1716 652 1768 tiam
681 1730 766 1768 me
795 1715 1128 1784 praeparavi.

590 1823 757 1878 Vens.
776 1824 863 1877 61.
894 1823 1068 1878 Funes
1093 1835 1430 1893 peccatorum
1448 1827 1792 1894 circumplexi
1811 1838 1931 1882 sunt
1952 1830 2099 1894 mihi,

511 1923 562 1968 et
595 1913 756 1982 legem
789 1923 935 1966 luam
961 1932 1064 1968 non
1096 1933 1211 1968 sum
1243 1916 1458 1972 oblitus.
1506 1917 1687 1971 Funes
1728 1927 2098 1986 peccatorum,

511 2019 693 2074 prava:
738 2013 866 2058 sunt
895 2005 1204 2060 dzemonum
1257 2007 1621 2076 cogitationes
1654 2049 1668 2072 ,
1700 2008 1901 2078 quibus
1929 2049 1944 2073 ,
2001 2025 2102 2065 ceu

513 2097 754 2152 vinculis
791 2098 1142 2166 quibusdam,
1179 2108 1421 2162 nectere,
1455 2108 1620 2168 atque
1649 2103 1874 2170 alligare
1907 2119 2102 2159 omnes

511 2198 784 2242 conantur
809 2231 823 2255 ,
866 2190 1196 2257 quibuscum
1236 2202 1466 2246 certant.
1499 2191 1564 2246 Hi
1601 2234 1615 2258 ,
1682 2194 1892 2263 inquit,
1946 2197 2104 2250 funes

518 2281 652 2334 mihi
683 2283 1040 2348 circumplexi
1072 2292 1217 2346 sunt,
1253 2299 1352 2338 nec
1390 2291 1572 2338 tamen
1600 2287 1720 2338 ideo
1754 2287 1956 2342 oblitus
1980 2303 2102 2342 sum

523 2369 664 2438 legis
689 2378 816 2424 tute.
847 2371 998 2425 Illius
1025 2371 1170 2425 enim
1210 2372 1426 2436 timore,
1459 2375 1716 2431 om'uibus
1752 2387 2100 2446 peccatorum

511 2459 785 2522 vinculis,
819 2459 988 2512 veluti
1050 2461 1234 2530 gladio
1267 2464 1502 2531 quodam
1561 2466 1757 2520 incisis
1783 2506 1800 2532 ,
1837 2467 2106 2522 liberatus

513 2547 726 2611 aul'ugi.

578 2657 745 2712 Vens.
781 2659 869 2712 62.
903 2659 1078 2712 Media
1103 2672 1252 2716 nocte
1293 2663 1572 2733 surgebam
1602 2675 1662 2720 ut
1690 2667 1969 2736 conﬁterer
1987 2669 2102 2734 tibi,

509 2749 1055 2817 adjudiciajustitite
1096 2763 1218 2808 tute.
1280 2754 1453 2809 Media
1517 2766 1677 2813 nocte
1731 2761 1950 2831 quando
1997 2761 2106 2814 dae—

509 2858 702 2897 moues
731 2843 1026 2898 adversum
1064 2847 1313 2903 homines
1349 2851 1523 2918 magis
1555 2851 1866 2920 insurgunt,
1896 2853 2106 2907 etaliors

506 2936 730 3002 quidem
767 2939 834 2992 ad
878 2953 1076 3007 pravas
1105 2940 1495 3009 cogitationes,
1537 2944 1672 2999 alios
1709 2960 1839 3000 vero
1871 2946 1936 3000 ad
1988 2947 2106 3015 ipsa

507 3037 705 3095 urgent
735 3029 998 3084 facinora.
1023 3031 1120 3086 Vel
1153 3034 1311 3088 aliter
1339 3053 1350 3088 :
1377 3034 1476 3100 Eo,
1503 3037 1701 3106 inquit,
1723 3045 1968 3109 tempore
1985 3056 2106 3094 sur-

505 3119 697 3188 gebam
733 3121 955 3184 electo,
996 3131 1053 3175 ut
1081 3124 1175 3176 tibi
1209 3126 1503 3180 contiterer
1528 3148 1566 3191 ,-
1601 3131 1824 3196 quando
1879 3147 2108 3188 somnus

505 3213 932 3279 quiescentibus
956 3215 1180 3268 suavior
1208 3217 1378 3270 videri
1419 3219 1557 3271 solet
1590 3236 1604 3284 ;
1644 3223 1933 3290 surgebam
1963 3224 2108 3290 dico,

503 3311 560 3354 ut
591 3301 906 3368 confiterer,
943 3305 1044 3357 hoc
1081 3315 1186 3368 est,
1222 3317 1280 3359 ut
1305 3310 1512 3372 gratias
1543 3310 1640 3363 tibi
1681 3327 1896 3381 agerem
1929 3355 1942 3376 ,
1975 3332 2104 3384 pro-

502 3400 624 3459 pter
653 3392 861 3461 judicia
906 3393 1141 3461 iustitiae
1193 3403 1321 3451 tute.
1383 3397 1510 3455 Hree
1563 3409 1744 3454 autem
1789 3402 2001 3471 judicia
2051 3414 2106 3460 tu

503 3483 670 3538 nobis
741 3499 1002 3553 parcens,
1041 3489 1314 3543 mandasti
1374 3491 1494 3561 lege
1538 3499 1628 3546 ttta
1677 3493 1987 3563 observari,
2051 3507 2109 3553 ut

503 3575 633 3627 dum
672 3576 749 3629 tui
786 3577 1042 3632 timorem
1079 3581 1442 3650 addiscimus,
1479 3586 1882 3643 moderatiores
1907 3588 2109 3645 efficia-

504 3684 651 3732 mur,
727 3685 793 3723 ne
827 3670 1308 3743 intemperantiam
1350 3679 1549 3745 secuti,
1585 3681 1891 3750 majoribus
1947 3685 2105 3738 dam-

499 3775 698 3813 nemur
730 3763 1042 3830 suppliciis.
1080 3764 1174 3820 Vel
1205 3785 1217 3822 :
1243 3767 1573 3838 Surgebam,
1611 3783 1668 3825 ut
1691 3773 1986 3829 conﬁterer
2010 3777 2106 3829 tibi

494 3861 729 3920 peccata
773 3871 891 3909 mea
922 3898 936 3922 ,
969 3870 1199 3928 propter
1247 3861 1456 3930 judicia
1507 3863 1742 3934 justitia
1805 3876 1947 3934 tum,
2001 3869 2106 3925 hoc

494 3954 602 4006 est,
638 3945 845 4002 timens
883 3958 1120 4019 propter
1151 3967 1240 4007 ea.

567 4055 735 4113 Vens.
764 4059 1162 4133 63(Particeps
1205 4085 1297 4138 ego
1352 4087 1468 4124 sum
1512 4074 1747 4126 omnium
1802 4076 2097 4131 timentium

497 4153 565 4212 te,
594 4156 644 4201 et
692 4152 1112 4209 custodientium
1156 4160 1414 4214 mandata
1439 4173 1554 4218 tua.
1611 4163 1791 4234 Eque
1830 4180 1931 4236 ego
1960 4207 1974 4229 ,
2011 4169 2098 4222 in-

495 4240 636 4306 quit,
671 4253 837 4312 atque
879 4247 980 4312 illi,
1022 4258 1074 4305 te
1106 4254 1298 4317 timeo,
1333 4270 1489 4324 teque
1521 4257 1684 4310 etiam
1713 4259 1971 4313 mandata
1998 4269 2092 4314 tua

494 4331 751 4391 observo.
784 4335 937 4395 Unus
967 4344 1170 4399 etenim
1200 4361 1268 4400 ex
1309 4347 1524 4402 illorum
1561 4366 1792 4406 numero
1823 4367 1972 4418 smn,
2000 4355 2093 4424 qui

495 4431 547 4475 te
582 4429 820 4482 maxime
852 4443 1216 4498 venerantur,
1252 4447 1417 4506 atque
1448 4440 1770 4495 observant.

566 4513 731 4572 Vens.
758 4520 847 4575 64.
873 4522 1238 4580 Misericordia
1263 4541 1375 4593 tua,
1405 4530 1642 4598 Domine,
1666 4534 1821 4600 plena
1846 4546 1922 4590 est
1941 4547 2101 4601 terra,

490 4603 898 4675 iustiﬁcationes
931 4626 1051 4670 tuas
1074 4619 1201 4673 doce
1229 4637 1327 4674 me.
1367 4621 1446 4675 Tu
1482 4626 1650 4680 totius
1688 4629 1839 4682 orbis
1867 4631 2094 4686 misere-

490 4701 586 4761 ris,
617 4710 671 4756 tu
708 4720 903 4760 omnes
931 4712 1132 4775 nutris,
1169 4722 1226 4765 tu
1260 4715 1508 4768 omnium
1544 4733 1734 4773 curam
1791 4737 1854 4775 ac
1904 4723 2092 4791 provi-

491 4798 735 4851 dentiam
768 4798 958 4864 habes,
995 4812 1049 4856 tu
1089 4806 1304 4872 patiens
1335 4824 1393 4862 es
1438 4810 1503 4864 ad
1552 4827 1766 4868 omnes.
1824 4814 2083 4870 Miserere

492 4894 662 4961 igitur
702 4896 828 4956 mei,
863 4903 916 4948 et
945 4896 1081 4951 doce
1111 4914 1197 4952 me
1229 4899 1658 4966 iustiﬁcationes
1712 4911 1833 4958 tuas
1864 4945 1879 4968 ,
1917 4907 1987 4957 ita
2028 4914 2088 4958 ut

489 4983 659 5038 altius
695 4993 750 5039 et
787 4986 1090 5054 perfectius
1123 5005 1218 5043 eas
1253 4991 1577 5061 intelligant.
1623 4991 1949 5062 Hujusmodi
1986 5010 2088 5048 au-

488 5083 594 5129 tem
627 5077 807 5132 verbis
853 5080 1028 5134 utitur
1063 5081 1255 5138 beatus
1295 5083 1462 5139 David
1501 5128 1508 5136 .
1549 5102 1657 5140 non
1699 5086 1847 5155 quod
1892 5088 2081 5154 procul

2211 504 2348 574 πρὸς
2381 503 2480 566 τὰς
2510 499 2730 562 ἐντολάς
2795 515 2910 552 σου.
2973 497 3111 551 Τινὰ
3155 497 3211 550 δὲ
3253 497 3362 549 τῶν
3415 496 3831 563 ἀντιγράφων,

2209 594 2648 664 Διελογισὰμην
2677 591 2787 654 τὰς
2817 589 2997 652 ὁδούς
3021 605 3163 657 μου,
3196 589 3829 657 γράφουσι,τουτέστι,

2211 687 2427 756 πρῶτον
2457 683 2863 749 διεσκεπτόμην
2923 681 3018 733 καὶ
3064 680 3123 732 τδ
3187 680 3473 749 πρακτέον
3536 698 3666 749 μοι,
3730 683 3831 732 καὶ

2207 782 2267 834 τὸ
2304 779 2567 850 λαλητὲον
2597 794 2609 807 ⁸
2659 778 2741 852 διὸ
2796 777 2892 830 καὶ
2935 773 3068 828 εἴσω
3107 773 3358 836 ἐϐάδιζον
3383 773 3496 826 τῶν
3570 772 3832 826 ἐντελῶν

2211 893 2334 929 σου.

2290 991 2689 1060 Ἠτοιμάσθην
2729 987 2826 1041 καὶ
2854 988 2966 1040 οὐκ
3009 983 3368 1053 ἐταράχθην,
3393 982 3502 1036 τοῦ
3526 980 3834 1051 φυλάξα-

2207 1089 2348 1140 σθαι
2373 1085 2478 1149 τὰς
2501 1081 2759 1148 ἐντολάς
2789 1097 2930 1134 σου.
2973 1078 3375 1147 Ἠτοιμάσθην,
3409 1077 3490 1139 είς
3535 1074 3603 1128 τὸ
3640 1075 3834 1143 φυλά-

2210 1179 2297 1244 ξαι
2332 1177 2430 1239 τὰς
2456 1176 2676 1234 ἐντολάς
2706 1189 2827 1226 σου·
2849 1172 2931 1226 διὸ
2963 1174 3061 1224 καὶ
3084 1171 3186 1223 οὐκ
3219 1168 3541 1239 ἐταράχθην
3559 1168 3677 1220 ὑπὸ
3718 1169 3828 1237 τῆς

2207 1269 2550 1340 τραχύτητος
2585 1268 2681 1320 καὶ
2705 1265 3015 1336 βαρύτητος
3038 1263 3260 1317 αὐτῶν*
3318 1261 3380 1314 τὸ
3420 1261 3534 1332 γὰρ
3570 1262 3824 1329 μελετη-

2210 1363 2298 1417 θὲν
2332 1361 2427 1414 καὶ
2465 1358 2857 1431 προσδοκηθὲν,
2907 1355 3548 1428 εὐμεταχειριστότερον.
3575 1353 3655 1404 Ἥ
3712 1354 3821 1405 οὐκ

2209 1453 2542 1524 ἐταράχθην.
2578 1451 2926 1516 ἐπιθεμένων
2986 1468 3076 1520 μοι
3114 1448 3226 1502 τῶν
3283 1447 3584 1516 δαιμόνων,
3626 1447 3660 1515 ἦ
3703 1447 3819 1498 τῶν

2208 1546 2558 1617 πειρασμῶν,
2587 1546 2745 1605 εἰδὼς
2781 1545 2863 1598 ὅτι
2893 1543 3256 1614 προϐαλοῦσι,
3310 1543 3408 1594 καὶ
3435 1555 3815 1612 παρασκευαο

2210 1639 2360 1701 σθεὶς
2399 1640 2478 1700 είς
2513 1637 2822 1706 ὑπομονήν.

2279 1836 2526 1904 Σχοινία
2556 1836 2928 1904 ἁμαρτωλῶν
2955 1832 3464 1902 περιεπλάκησὰν
3514 1851 3620 1902 μοι
3653 1850 3668 1864 ·
3707 1833 3811 1886 καί

2206 1929 2314 1982 τοῦ
2343 1928 2531 1995 νόμου
2553 1942 2670 1980 σου
2710 1928 2821 1979 οὐκ
2842 1925 3248 1994 ἐπελαθόμην.
3275 1925 3500 1994 Σχοινία
3537 1925 3812 1993 ἁμαρτωο

2210 2019 2320 2071 λῶν
2352 2018 2652 2086 δαιμόνων,
2675 2021 2723 2070 οἱ
2753 2018 2983 2088 πονηροὶ
3000 2016 3284 2086 λογισμοὶ.
3313 2017 3382 2069 δι’
3413 2011 3487 2070 ὧν
3515 2016 3809 2085 πειράζειν

2207 2109 2547 2181 ἐπιχειροῦσι
2587 2111 2714 2170 τοὺς
2764 2109 3233 2176 ἀγωνιζομένους.
3267 2107 3479 2164 Ταῦτα.
3513 2110 3679 2177 φησὶν
3733 2108 3802 2160 τά

2208 2201 2417 2271 σχοινία
2435 2199 2893 2270 περιεπλάκησάν
2925 2217 3036 2269 μοι,
3073 2199 3169 2251 καὶ
3201 2199 3310 2251 οὐδ’
3342 2197 3520 2259 οὕτως
3593 2198 3804 2250 ἐπελα-

2209 2295 2389 2364 θόμην
2449 2293 2544 2346 τοῦ
2599 2295 2770 2362 νόμου
2832 2310 2945 2345 σου.
3009 2291 3102 2361 Τῷ
3165 2290 3319 2360 φόϐῳ
3349 2290 3408 2342 δὲ
3459 2289 3539 2359 τῷ
3582 2289 3800 2352 τούτου,

2208 2387 2459 2457 καθάπερ
2488 2387 2593 2439 τινὶ
2629 2385 2896 2455 διακόψας
2916 2384 3085 2454 ξίφει,
3119 2383 3261 2437 αὐτὰ
3279 2383 3564 2451 διέφυγον.

2279 2671 2696 2726 Mavortia.er
2726 2669 3152 2740 ἐξηγειρόμην,
3173 2668 3280 2722 τοῦ
3299 2667 3801 2737 ἐξομολογεῖσθαι

2209 2777 2310 2817 σοι
2333 2762 2430 2817 ἐπὶ
2458 2764 2532 2816 τὰ
2562 2764 2819 2832 κρίματα
2848 2763 2960 2829 τῆς
2993 2761 3389 2828 δικαιοσύνης
3419 2777 3563 2818 σου.
3619 2762 3802 2819 Meco-

2209 2858 2446 2919 νύκτιον,
2480 2857 2568 2909 ὅτε
2601 2857 2802 2925 μᾶλλον
2823 2858 2871 2909 οί
2911 2857 3174 2927 δαίμονες
3232 2857 3575 2910 ἐπιτίθενται
3598 2873 3612 2888 ·
3671 2861 3798 2920 τοὺς

2214 2950 2312 3020 μὲν
2342 2951 2422 3013 εἰς
2463 2950 2711 3019 πονηρὰν
2746 2949 3004 3018 μελέτην,
3037 2949 3166 3013 τοὺς
3193 2949 3250 3002 δὲ
3316 2950 3457 3020 πρὸς
3519 2951 3800 3021 ἁμαρτίαν

2212 3044 2549 3113 ἀλείφοντες.
2593 3044 2665 3096 ’Ἠ
2693 3043 2790 3095 καὶ
2818 3043 2908 3096 ὅτε
2927 3042 3271 3113 γλυκύτερος
3296 3045 3323 3095 ό
3355 3041 3528 3104 ὕπνος
3555 3046 3798 3115 ἐπιρρεῖ,

2216 3138 2373 3198 Τότε,
2433 3135 2624 3205 φησὶν,
2677 3135 3050 3206 ἐξηγειρόμην
3081 3137 3146 3188 ὲκ
3176 3125 3278 3203 τῆξ
3328 3135 3546 3205 κοίτης,
3601 3137 3699 3189 ἐπὶ
3725 3136 3800 3206 τῷ

2213 3223 2652 3292 ὲξομολογεῖσθαί
2697 3241 2801 3288 σοι,
2836 3226 2928 3278 ἐπὶ
2956 3225 3036 3296 τῷ
3069 3225 3418 3295 εὐχαριστεῖν
3476 3244 3582 3290 σοι,
3605 3228 3698 3280 διὰ
3731 3230 3797 3281 τὰ

2212 3314 2460 3382 κρίματα
2495 3316 2596 3384 τῆς
2619 3315 2971 3383 δικαιοσύνης
3006 3332 3100 3368 σου
3127 3331 3142 3346 ο
3172 3316 3253 3368 ὅτι
3277 3316 3452 3369 ταῦτα
3481 3318 3800 3386 φειδόμενος

2209 3404 2388 3472 ἡμῶν,
2423 3406 2845 3475 ἐνομοθέτησεν,
2878 3408 2966 3460 ἵνα
3001 3407 3336 3478 φοϐούμενοι
3388 3410 3798 3478 σωφρονῶμεν,

2211 3494 2308 3545 καὶ
2335 3495 2408 3563 μὴ
2431 3496 2952 3560 ἁκολασθαίνοντες,
2982 3495 3368 3566 κολασθῶμεν.
3402 3498 3471 3549 Ἦ
3503 3497 3794 3567 ἐξηγειρό-

2214 3603 2321 3654 μην
2351 3587 2443 3638 ἐπὶ
2481 3587 2558 3655 τῷ
2591 3588 2950 3658 ἐξαγορεύειν
2991 3607 3074 3642 σοι
3099 3589 3200 3652 τὰς
3229 3591 3517 3661 ἁμαρτίας
3551 3609 3676 3660 μου,
3708 3592 3798 3645 διὰ

2209 3677 2279 3730 τὰ
2317 3678 2571 3748 κρίματα
2589 3679 2688 3748 τῆς
2711 3679 3069 3751 δικαιοσύνης
3090 3697 3210 3748 σου,
3242 3681 3497 3735 τουτέστι
3521 3681 3799 3753 φοϐούμε-

2208 3787 2296 3834 νος
2332 3771 2401 3824 δι’
2439 3772 2604 3828 αὑτά.

2274 4082 2552 4151 Μέτοχός
2579 4085 2694 4152 εἰμι
2719 4083 2833 4152 ἐγὼ
2856 4082 3100 4137 πάντων
3133 4083 3252 4136 τῶν
3274 4084 3668 4153 φοϐουμένων
3699 4102 3791 4153 σε,

2203 4174 2299 4225 καὶ
2330 4173 2449 4226 τῶν
2466 4175 2916 4241 φυλασσόντων
2935 4174 3041 4238 τὰς
3061 4173 3314 4239 ἐντολάς
3337 4189 3477 4227 σου.
3510 4175 3789 4243 Μέτοχος,

2201 4266 2318 4336 ἤτοι
2347 4265 2600 4326 κοινωνὸς
2628 4265 2724 4318 τοῦ
2755 4265 2873 4318 ἴσου
2903 4265 3095 4334 φόϐου,
3130 4266 3226 4319 καὶ
3266 4266 3362 4337 τῆς
3383 4265 3581 4337 ὁμοίας
3612 4266 3791 4335 (ξύλα-

2200 4359 2321 4426 κῆς,
2353 4357 2520 4428 ἤγουν
2551 4351 2630 4419 εἷς
2664 4357 2870 4411 αὐτῶν.

2292 4533 2402 4587 Τοῦ
2432 4533 2646 4596 ἐλέους
2679 4548 2818 4598 σου,
2854 4534 3049 4602 Κύριε,
3079 4533 3319 4602 πλήρης
3351 4536 3386 4602 ἡ
3416 4535 3514 4604 γῆ,
3579 4537 3654 4590 τὰ
3702 4538 3793 4592 δι-

2203 4626 2509 4695 καιώματά
2545 4643 2663 4680 σου
2693 4627 2946 4691 δίδαξόν
2970 4645 3066 4696 με.
3103 4629 3292 4679 Πᾶσαν
3317 4627 3417 4699 τὴν
3451 4627 3558 4696 γῆν
3593 4630 3789 4693 ἐλεεῖς,

2197 4718 2413 4788 τρέφων
2437 4719 2668 4780 πάντας,
2703 4718 3098 4787 προνοούμενος
3126 4719 3370 4781 πάντων,
3407 4719 3785 4789 μακροθυμῶν

2197 4813 2289 4862 ἐπὶ
2319 4810 2510 4863 πᾶσιν.
2577 4809 2832 4878 Ἐλέησον
2861 4811 3026 4878 κάμὲ,
3083 4812 3178 4863 καὶ
3226 4810 3452 4874 δίδαξόν
3486 4827 3553 4879 με
3598 4812 3668 4864 τὰ
3704 4813 3786 4864 δι-

2198 4899 2496 4970 καιώματά
2534 4918 2652 4964 σου,
2693 4899 3054 4970 ὑψηλότερον,
3097 4903 3189 4954 καὶ
3240 4903 3627 4972 βεϐαιότερον·
3687 4904 3784 4956 καὶ

2200 4993 2307 5064 μὴν
2332 4994 2426 5046 καὶ
2456 4993 2619 5056 αὐτὸς
2651 4993 2790 5063 μετὰ
2818 4993 3038 5045 πάντων
3094 4993 3308 5062 ἠλεεῖτο
3331 5012 3346 5026 ο
3403 4995 3540 5048 ἀλλὰ
3601 4995 3783 5055 τοῦτο,

2194 5084 2748 5154 δυσωπητικὼτερον,
2775 5085 3020 5154 εἴρηκεν.

485 5179 685 5225 esseta
724 5173 1105 5228 misericordia
1136 5176 1253 5242 Dei,
1287 5178 1382 5232 sed
1419 5189 1478 5232 ut
1527 5180 1681 5233 illum
1737 5179 1841 5233 sibi
1897 5181 2070 5250 magis
2114 5179 2438 5234 benevolum
2474 5177 2748 5242 redderet,
2792 5189 2846 5233 et
2888 5179 3291 5248 utatnpliorem
3321 5196 3447 5250 erga
3508 5195 3570 5236 se
3653 5183 3756 5236 mi-

487 5263 851 5317 scricordiam
893 5269 1235 5324 conciliaret.

2264 5365 2655 5431 Χρηστότητα
2676 5363 2974 5430 ἐποίησας
3001 5362 3154 5432 μετὰ
3193 5364 3302 5416 τοῦ
3351 5364 3581 5417 δούλου
3638 5381 3778 5417 σουν

560 5353 726 5409 Vens.
755 5357 842 5411 65.
863 5357 1162 5414 Bonitatem
1191 5361 1360 5430 fecisti
1386 5380 1505 5417 cum
1531 5381 1676 5421 servo
1697 5379 1808 5438 tuo,
1841 5371 2081 5432 Domine,

484 5449 770 5501 secundum
805 5450 1017 5504 verbum
1053 5462 1222 5506 tuum.
1265 5454 1568 5523 Beneﬁcio,
1599 5460 1816 5528 inquit,
1847 5463 2080 5519 affecisti

486 5550 709 5590 servum
745 5551 898 5592 tuum
927 5557 943 5607 ;
978 5541 1052 5595 ita
1080 5543 1227 5598 enim
1281 5542 1646 5616 Symmachus
1690 5551 1948 5608 reddidit.
1981 5553 2082 5608 Se-

493 5625 733 5680 cundum
766 5638 948 5684 autem
979 5631 1208 5688 verbum
1237 5641 1428 5701 tuum,
1463 5637 1608 5705 quod
1638 5638 1693 5693 in
1743 5641 1860 5721 lege
1942 5643 2086 5696 seri-

492 5724 641 5784 ptum
667 5732 788 5774 esse
813 5721 1070 5780 diximus.
1108 5723 1185 5783 lbi
1215 5726 1363 5784 enim
1400 5743 1657 5800 expresse
1688 5732 1962 5804 pollicitus
2000 5749 2077 5800 es,

2188 5455 2384 5522 Κύριε,
2447 5455 2595 5509 κατὰ
2659 5456 2992 5526 τὸν-λόγον
3026 5471 3164 5510 σου.
3222 5456 3618 5525 Εύηργέτησας
3689 5457 3780 5508 τὸν

2187 5548 2380 5603 δοῦλόν
2412 5565 2506 5601 σου
2533 5565 2545 5579 ·
2587 5549 2730 5602 οὕτω
2759 5551 2869 5621 γὰρ
2893 5553 2920 5604 ὁ
2946 5550 3247 5621 Σύμμαχος
3313 5549 3547 5615 ἐξέδωκε
3573 5566 3586 5580 ο
3635 5549 3778 5603 κατὰ

2184 5640 2277 5692 τὸν
2310 5640 2468 5708 λόγον
2496 5659 2588 5693 σου
2620 5643 2698 5707 δὲ,
2758 5644 2851 5695 τὸν
2912 5645 2970 5697 ὲν
2994 5643 3074 5713 τῷ
3131 5645 3285 5712 νόμῳ
3358 5641 3774 5715 γεγραμμένον,

2191 5734 2317 5806 περὶ
2343 5734 2434 5788 τοῦ
2463 5737 2871 5808 εὐεργετεῖσθαι
2903 5739 3030 5802 τοὺς
3064 5736 3577 5809 εὐαρεστοῦντας·ἤ
3615 5732 3770 5788 Κατὰ
