4102 6206
340 295 476 358 1153
1512 288 1907 351 COMMENT.
1950 287 2031 347 IN
2070 288 2441 351 PSALMOS.
3477 293 3617 360 1154

332 410 440 464 τὸν
492 406 680 476 λόγον
741 418 882 471 σου,
939 403 1063 459 ἀντὶ
1086 401 1180 456 τοῦ
1209 399 1371 455 Κατὰ
1424 399 1487 452 τὸ
1544 401 1760 470 πρέπον
1796 396 1900 453 σοι.

2042 416 2071 454 e
2102 399 2425 455 aﬁ‘ecturum
2471 399 2738 455 beneﬁcio
2767 414 2865 457 eos
2892 437 2910 467 ,
2951 400 3045 473 qui
3079 402 3177 459 tibi
3228 403 3445 475 placere
3482 417 3608 464 stu-

334 500 665 569 Εὐχαριστεῖ
683 497 759 561 δὲ,
789 497 875 566 ἐφ’
898 491 983 559 οἷς
1013 493 1406 565 εὐηργέτηται.

2039 496 2265 550 iuerint.
2298 493 2398 551 Vel
2430 494 2589 551 aliter
2620 495 2788 566 (quia
2818 496 3008 553 Graeca
3061 497 3233 553 dictio
3264 500 3425 570 λόγος
3455 541 3472 565 ,
3499 516 3613 556 non

348 591 571 644 Verbum
604 599 836 653 tantum,
865 590 959 643 sed
1005 590 1263 641 rationem
1315 587 1479 641 etiam
1533 584 1847 657 signiﬁcat)
1888 605 1904 641 :
1947 584 2257 642 Secundum
2320 588 2625 653 rationem,
2694 588 2911 658 inquit,
2982 588 3161 644 l‘ccisti
3209 592 3352 646 hanc
3403 593 3619 647 bonita—

335 694 470 752 tem,
507 686 610 740 hoc
639 693 747 750 est,
781 683 1083 739 secundum
1115 682 1168 736 id
1200 683 1345 752 quod
1375 680 1714 735 divinitatem
1746 689 1897 736 tuam
1937 682 2120 737 decet.
2153 682 2418 738 Continet
2449 681 2759 738 autembic
2824 697 3010 737 sermo
3063 682 3370 753 gratiarum
3439 686 3614 738 actio-

337 798 458 841 nes.
491 796 590 851 pro
633 780 874 850 acceptis
908 779 1218 834 beneliciis.

410 879 820 946 Χρηστότητα,
854 876 952 928 καὶ
982 875 1284 937 παιδείαν,
1348 877 1445 929 καὶ
1488 876 1719 947 γνῶσιν
1750 878 1919 931 δίδα-

2099 868 2263 923 Vcns.
2292 865 2382 921 66.
2423 864 2725 919 Bonitatem
2762 873 2817 918 et
2855 864 3222 933 disciplinam,
3249 873 3299 918 et
3339 867 3614 920 scientiam

338 972 450 1037 ξόν
481 969 690 1038 penori
725 967 854 1033 ταῖς
883 968 1164 1033 ἐντολαῖς
1187 984 1305 1022 σου
1341 969 1705 1024 ἐπίστευσα.
1767 974 1921 1041 Χρη-

342 1062 574 1130 στότητα
606 1060 707 1129 μὲν
735 1059 869 1132 πρὸς
903 1063 1030 1123 τοὺς
1068 1062 1379 1131 ὁμογενεῖς,
1422 1063 1676 1118 παιδείαν
1719 1064 1798 1127 δὲ,
1825 1065 1923 1134 τὴν

340 1155 399 1206 ὲν
434 1156 499 1224 τῇ
546 1154 852 1222 πρακτικῇ,
884 1152 1090 1219 γνῶσιν
1118 1154 1197 1220 δὲ,
1230 1155 1328 1224 τὴν
1368 1156 1428 1209 ὲν
1455 1157 1542 1225 τῇΔ
1579 1157 1923 1228 θεωρητικῇ.

342 1246 633 1300 Συνέτισόν
667 1262 757 1315 με,
791 1246 946 1314 φησι,
979 1246 1118 1316 πρὸς
1138 1248 1381 1313 ταύτας,¹
1401 1250 1519 1303 ἀνθ’
1554 1244 1630 1304 ὧν
1659 1250 1924 1321 ἐπείσθην

340 1343 463 1403 ταῖς
492 1338 733 1401 ἐντολαῖς
765 1353 860 1391 σου
886 1353 901 1369 ·
939 1336 972 1407 ἢ
1024 1337 1162 1392 διότι
1214 1341 1521 1395 ἐπίστευσα
1567 1343 1785 1408 αὐταῖς,
1841 1343 1926 1395 ὃτι

342 1431 694 1486 συνετίσουσι
725 1448 818 1501 με.

412 1614 537 1684 Πρὸ
563 1614 671 1670 τοῦ
693 1632 771 1685 με
800 1615 1263 1682 ταπεινωθῆναι,
1288 1611 1406 1682 ἐγὼ
1453 1613 1927 1681 ἐπλημμέλησα,

342 1705 445 1761 διὰ
467 1705 643 1760 τοῦτο
669 1706 736 1760 τὸ
765 1706 977 1776 λόγιόν
1005 1719 1126 1760 σου
1171 1704 1465 1773 ἐφύλαξα.
1521 1704 1636 1773 Πρὸ
1693 1702 1791 1755 τοῦ
1827 1720 1930 1755 κα-

2023 965 2150 1018 doce
2179 977 2257 1014 me
2282 1001 2297 1027 ,
2330 960 2456 1030 quia
2479 957 2750 1012 mandatis
2776 957 2882 1010 luis
2917 956 3142 1010 credidi.
3181 955 3325 1013 Doce
3367 974 3452 1013 me
3478 1000 3492 1023 ,
3525 960 3615 1012 in-

2026 1065 2164 1121 qutt,
2196 1052 2504 1107 bonitatem
2544 1065 2673 1119 erga
2706 1050 2915 1103 amicos
2940 1056 2994 1102 et
3024 1059 3288 1118 cognatos
3311 1090 3325 1112 ,
3359 1051 3613 1123 discipli-

2030 1162 2157 1200 nam
2193 1144 2248 1197 in
2282 1141 2623 1203 actionibus,
2657 1148 2711 1194 et
2745 1139 3035 1195 scientiam
3068 1139 3122 1193 in
3161 1141 3610 1209 contemplando.

2024 1236 2136 1291 Inst
2157 1252 2253 1289 rue
2282 1250 2366 1288 me
2394 1233 2559 1303 igitur
2590 1232 2645 1286 in
2680 1231 2767 1286 his
2807 1231 3064 1287 omnibus
3092 1269 3107 1295 ,
3154 1230 3282 1299 quia
3341 1233 3616 1287 mandatis

2024 1329 2135 1378 tuis
2170 1322 2540 1391 obtemperavi
2572 1359 2587 1382 ,
2622 1320 2707 1374 vel
2731 1319 2864 1389 quia
2913 1317 3119 1373 credidi
3150 1357 3164 1382 ,
3207 1317 3355 1386 quod
3415 1318 3615 1373 instrui

2024 1416 2286 1471 deberem
2317 1427 2345 1464 a
2384 1409 2660 1465 mandatis
2686 1409 2823 1472 tuis,
2867 1418 3032 1479 atque
3062 1408 3133 1463 ab
3172 1407 3282 1464 illis
3306 1409 3615 1478 sapientior

2032 1507 2211 1562 reddi.

2104 1598 2265 1652 Vens.
2302 1595 2389 1651 67.
2423 1594 2747 1663 Priusquam
2767 1593 3082 1648 humiliarer
3111 1610 3203 1665 ego
3235 1593 3472 1663 deliqui:
3497 1610 3618 1663 pro-

2027 1702 2200 1761 pterea
2217 1689 2481 1759 eloquium
2511 1694 2659 1739 tuum
2688 1684 2970 1739 custodivi.
3007 1685 3314 1754 Antequam
3339 1684 3615 1751 amigerer

344 1797 659 1867 κοπαθῆσαί
685 1815 757 1867 με
792 1798 1077 1870 ἥμαρτον
1109 1796 1439 1867 ἁμαρτήσας
1476 1793 1765 1865 πρότερον,
1807 1790 1927 1847 εἶτα

2039 1799 2131 1851 ego
2180 1780 2446 1850 peccavi;
2501 1788 2555 1833 et
2601 1778 2732 1846 quia
2787 1786 2913 1846 post
2970 1787 3255 1845 peceatum
3318 1776 3619 1845 castigatus

346 1890 699 1961 ἐπαιδεύθην.
735 1890 835 1944 Διὰ
863 1889 1030 1944 τοῦτο
1058 1888 1152 1942 τὸν
1182 1887 1350 1958 νόμον
1383 1904 1477 1939 σου
1510 1885 1780 1954 ἐφύλαξα,
1840 1886 1930 1939 ἵνα

348 1984 424 2055 μὴ
450 1984 613 2038 πάλιν
645 1985 992 2054 ἁμαρτήσας,
1038 1980 1345 2051 πειρασθῶ.
1406 1979 1645 2032 "Exstat
1697 1980 1808 2049 γὰρ
1860 1981 1929 2048 τῇ

347 2074 702 2145 πλημμελείᾳ
720 2074 1059 2135 ταπείνωσις
1087 2075 1153 2127 ὲκ
1187 2070 1526 2143 πειρασμοῦ.
1562 2071 1634 2123 Ἢ
1677 2071 1776 2123 καὶ
1833 2086 1931 2122 τα-

347 2165 609 2219 πείνωσιν
664 2165 1025 2235 ὑποληπτέον,
1070 2163 1171 2235 τὴν
1216 2162 1496 2233 ἐνάρετον,
1546 2161 1646 2231 τὴν
1680 2162 1745 2214 ἐκ
1771 2178 1872 2215 συν
1902 2190 1926 2200 -

346 2253 655 2323 αισοήσεως
680 2255 986 2326 ἁμαρτίας,
1010 2256 1123 2317 τοῖς
1184 2255 1553 2325 προσέχουσιν
1615 2252 1934 2320 ἐπιγινομέ-

347 2363 469 2415 νην,
499 2346 586 2399 ἵνα
621 2347 719 2400 καὶ
749 2347 1039 2417 νοήσωμεν
1083 2346 1166 2399 ὅτι
1211 2347 1244 2415 ἡ
1284 2344 1639 2415 πλημμέλεια
1703 2343 1931 2412 γέγονεν

348 2438 503 2511 αὐτῷ
527 2438 791 2511 πρόξενος
811 2437 1352 2509 ταπεινοφροσύνης.

340 2656 345 2660 -
419 2620 695 2690 Χρηστὸς
716 2616 775 2674 εἴ
793 2620 897 2685 σὺ,
923 2620 1124 2687 Κύριε,
1169 2620 1268 2672 καί
1307 2617 1379 2670 ἑν
1418 2616 1494 2685 τῇ
1561 2613 1934 2684 χρηστότητι

348 2733 466 2771 σου
497 2715 748 2779 δίδαξόν
774 2731 851 2784 με
884 2714 955 2768 τὰ
989 2710 1353 2781 δικαιώματά
1392 2725 1527 2764 σου.
1592 2710 1681 2771 Ὠς
1702 2707 1929 2777 ἀγαθὸς,

347 2810 446 2861 καὶ
478 2807 890 2877 φιλάνθρωπος,
936 2807 1033 2859 καὶ
1078 2805 1405 2873 φιλάγαθος,
1444 2800 1660 2866 δίδαξον
1693 2817 1760 2870 με
1794 2816 1933 2870 τρα-

349 2899 610 2970 νὼτερον,
638 2900 726 2953 ἵνα
750 2900 906 2968 κάγὼ
939 2897 1100 2952 τοῦτο
1125 2899 1397 2967 γένωμαι·
1432 2897 1495 2948 τὸ
1521 2895 1658 2948 αὐτὸ
1690 2894 1749 2946 δὲ
1781 2893 1932 2959 λέγει

351 2993 617 3056 πολλάκις
654 2992 945 3045 ἐπιτείνων
977 3008 1036 3042 τε
1059 2990 1158 3059 τὴν
1187 2989 1394 3059 δέησιν,
1426 2987 1524 3040 καὶ
1568 2984 1777 3055 σφόδρα
1833 2982 1934 3044 τῆς

356 3086 510 3155 παρὰ
538 3083 674 3137 ε)εοῦ
707 3080 1059 3144 διδασκαλίας
1088 3079 1441 3150 ὀρεγόμενος.

423 3172 812 3238 Ἐπληθύνθη
842 3170 948 3223 ἐπ’
969 3167 1077 3239 ἐμὲ
1106 3166 1310 3222 ἀδικία
1355 3162 1783 3234 ὑπερηφάνων,
1819 3160 1936 3229 ἐγὼ

351 3261 422 3316 δὲ
447 3263 518 3316 ὲν
559 3262 920 3332 ὅλῃ·καρδίᾳ
959 3279 1079 3330 μου
1115 3258 1500 3328 ἐξερευνήσω
1544 3258 1653 3322 τὰς
1681 3253 1938 3319 ἐντολάς

354 3373 497 3411 σου.
547 3357 779 3409 Ἐκεῖνοι
809 3356 910 3425 μὲν
938 3353 1191 3409 ἀδικοῦσί
1225 3368 1315 3423 με,
1360 3350 1471 3419 ἐγὼ
1499 3350 1578 3410 δὲ,
1604 3349 1711 3401 οὐδ’
1762 3345 1939 3409 οὕτως

357 3451 743 3521 ἀποστήσομαι
779 3451 887 3503 ἀπὸ
902 3448 1011 3501 τῶν
1041 3446 1274 3499 ἐντολῶν
1306 3461 1426 3509 σου,
1458 3443 1581 3495 οὐδὲ
1614 3442 1933 3511 μιμήσομαι

355 3547 608 3607 τούτους,
640 3541 755 3597 ἀλλ’
785 3541 1128 3611 ὲξερευνήσω
1147 3537 1371 3601 ταύτας,
1403 3535 1498 3588 καὶ
1536 3532 1635 3603 τὴν
1680 3547 1939 3600 παραμυ-

359 3638 481 3692 θίαν
508 3638 718 3690 ὲκείοεν
747 3634 1044 3705 ἁρύσομαι.
1071 3630 1488 3700 Ὑπερηφανους
1514 3626 1571 3679 δὲ
1602 3625 1817 3694 νόησον,
1848 3622 1943 3675 καὶ

355 3730 486 3794 τοὺς
509 3729 794 3799 δαίμονας,
824 3727 920 3779 καὶ
947 3724 1075 3786 τοὺς
1109 3721 1432 3793 ὑπερόπτας
1449 3718 1544 3770 τοῦ
1580 3717 1772 3785 νόμου,

443 3909 740 3978 Ἐ’τυρώθη
768 3908 842 3975 ὡς
867 3904 1024 3976 γάλα
1050 3904 1088 3971 ὴ
1113 3900 1327 3971 καρδία
1349 3898 1568 3965 αὐτῶν,
1596 3892 1711 3969 ἐγὼ
1750 3895 1818 3949 δὲ
1838 3894 1943 3948 τὸν

360 4003 550 4069 νόμον
605 4016 724 4055 σου
748 3998 1112 4068 ἐμελέτησα.
1163 3991 1543 4062 Ἐσκληρύνθη
1597 3989 1724 4044 κατ’
1780 3984 1941 4047 ἐμοῦ.

362 4094 438 4147 Τὸ
488 4094 630 4156 γάλα
689 4092 798 4163 γὰρ
823 4093 903 4152 εἰς
921 4088 1087 4159 τυρὸν
1137 4084 1511 4157 πησσόμενον,
1547 4078 1940 4150 σκληρύνεται.

368 4187 442 4239 Ἦ
506 4182 774 4253 ἐλιπὰνοη
839 4178 1278 4250 ἐνευοηνουμένη
1351 4176 1477 4237 ταῖς
1532 4172 1799 4234 ἀδικίαις.
1872 4169 1947 4223 Τὸ

366 4281 511 4349 γάλα
538 4279 647 4350 γὰρ
680 4279 762 4341 εἰς
789 4275 954 4346 τυρὸν
987 4270 1336 4345 πησσόμενον
1391 4266 1694 4321 λιπωδὲστε
1705 4281 1802 4337 ρον
1856 4262 1948 4332 γί-

368 4389 542 4427 νεται.

440 4635 695 4705 Ἀγαθὸν
745 4648 846 4701 μοι
904 4628 992 4683 ὅτι
1036 4623 1446 4689 ἐταπείνωσάς
1501 4636 1600 4690 με·
1672 4619 1831 4684 ὅπως
1877 4615 1955 4672 ἂν

368 4728 540 4800 μάθω
561 4727 635 4780 τὰ
696 4719 1061 4789 δικαιώματά
1120 4736 1261 4772 σου.
1315 4714 1625 4785 Συμφέρον,
1677 4710 1955 4781 ὠφέλιμόν

378 4839 473 4892 μοι
513 4822 757 4887 γέγονεν,
812 4816 895 4868 ὅτι
950 4807 1285 4873 ἐπαίδευσάς
1344 4823 1410 4877 με
1455 4805 1809 4875 πειρασμοῖς,
1869 4801 1956 4853 ἶνα

379 4891 538 4983 μάθω
567 4912 628 4964 τὸ
652 4908 864 4963 δίκαιόν
910 4922 1029 4971 σου,
1071 4894 1152 4956 ὅτι
1208 4897 1456 4963 κολάζεις
1515 4898 1643 4957 τοὺς
1712 4891 1960 4962 ἁμαρτά-

376 5023 568 5068 νοντας
596 5021 609 5034 ·
646 5002 742 5055 καὶ
767 5002 852 5055 ὅτι
880 5000 931 5052 εί
962 4995 1201 5051 ἐνταῦθα
1234 4990 1508 5055 κολάζεις,
1541 4986 1726 5057 πολλῷ
1756 4985 1960 5056 μᾶλλον

378 5099 520 5152 ἐκεῖ.

452 5188 700 5260 Ἀγαθός
744 5203 847 5257 μοι
877 5187 909 5238 ὁ
938 5182 1124 5252 νόμος
1153 5178 1261 5233 τοῦ
1283 5174 1582 5246 στόματός
1631 5184 1772 5233 σου,
1810 5167 1964 5235 ὑπὲρ

383 5284 657 5355 χιλιάδας
685 5281 944 5352 χρυσίου
972 5275 1070 5330 καὶ
1121 5271 1431 5342 ἀργυρίου.
1468 5267 1526 5319 '0
1548 5266 1714 5334 νόμος
1756 5262 1815 5315 ὃν
1864 5262 1968 5314 ὑπ-

383 5378 695 5451 ηγόρευσας
724 5374 806 5446 τῷ
834 5372 1070 5440 Μωῦσῇ,
1094 5366 1302 5436 ἁγαθός
1329 5379 1441 5433 μοι,
1465 5360 1657 5428 ὥσπερ
1688 5355 1967 5423 παιδαγωο

384 5448 505 5540 γῶν
527 5472 589 5523 τὸ
621 5468 802 5539 σῶμα,
832 5466 928 5520 καὶ
958 5461 1239 5534 ῥυθμίζων
1263 5458 1332 5512 τὰ
1360 5455 1488 5526 ἢθη,
1522 5453 1617 5506 καὶ
1671 5448 1967 5511 συνετίζων

385 5560 482 5632 τὴν
504 5559 703 5630 ψυχήν-

449 5655 519 5705 Αί
550 5650 745 5721 χεῖρές
788 5662 906 5701 σου
956 5640 1257 5710 ἐποίησάν
1274 5655 1351 5711 με
1408 5636 1505 5691 καὶ
1560 5632 1845 5691 ἐπλασάν
1870 5648 1967 5701 με,

388 5740 719 5799 συνέτισόν
742 5755 839 5809 με,
868 5734 967 5791 καί
988 5734 1337 5806 μαθήσομαι
1360 5730 1465 5796 τὰς
1499 5726 1755 5790 ἐντολάς
1824 5741 1962 5779 σου.

2034 1887 2180 1935 sum,
2210 1870 2277 1925 de
2311 1879 2505 1925 caetero
2541 1870 2714 1938 legem
2754 1877 2903 1922 tuam
2937 1866 3212 1922 custodivi
3242 1882 3255 1923 ;
3289 1866 3491 1923 timens
3524 1884 3614 1935 ne,

2034 1964 2079 2019 si
2118 1977 2310 2016 rursus
2343 1960 2476 2013 mihi
2519 1974 2751 2030 peccare
2811 1959 3197 2025 contingeret,
3255 1974 3451 2015 rursus
3500 1960 3621 2027 pari

2035 2049 2198 2103 modo
2227 2048 2526 2102 afﬂictione
2555 2047 2737 2118 aliqua
2794 2047 3156 2115 castigandus
3210 2063 3412 2103 essem.
3470 2047 3623 2105 Solet

2035 2144 2182 2198 enim
2219 2150 2339 2211 post
2367 2150 2653 2210 peccatum
2708 2134 2935 2195 aﬂlietio
2977 2142 3243 2210 consequi
3272 2179 3287 2206 ,
3325 2152 3489 2214 atque
3518 2144 3622 2199 bu-

2035 2234 2284 2288 ntiliatio.
2319 2231 2597 2287 Fortassis
2624 2232 2811 2296 etiam,
2851 2231 2919 2286 de
2949 2246 3011 2286 ea
3044 2232 3289 2302 loquitur
3334 2233 3621 2291 humilita-
3732 2246 3737 2250 '

2038 2325 2115 2380 tis
2142 2326 2365 2387 virtute,
2400 2338 2519 2392 quae
2543 2324 2790 2379 cordatis
2837 2322 3155 2379 hominibus
3187 2325 3255 2380 de
3284 2328 3623 2382 conscientia

2035 2417 2342 2471 innascitur
2377 2417 2610 2484 peccati,
2644 2418 2718 2469 ita
2743 2426 2801 2470 ut
2840 2431 3040 2471 sensus
3089 2418 3189 2482 sit,
3240 2417 3387 2486 quod
3418 2432 3619 2487 pecca-

2035 2517 2150 2563 tum
2180 2508 2282 2563 sibi
2319 2507 2420 2561 l'uit
2450 2523 2617 2561 causa
2649 2507 3009 2563 humilitatis.

2125 2593 2292 2651 Vsus.
2331 2596 2418 2652 οε.
2458 2596 2638 2649 Bonus
2663 2611 2716 2649 es
2739 2604 2817 2660 tu,
2850 2604 2900 2649 et
2930 2596 2985 2648 in
3011 2596 3245 2649 bonitate
3282 2605 3375 2650 tua
3396 2598 3523 2652 doce
3543 2613 3625 2651 me

2024 2689 2445 2760 justi/icationes
2477 2698 2619 2741 tuas.
2661 2687 2946 2756 Tanquam
2982 2686 3184 2749 bonus,
3217 2696 3271 2741 et
3307 2688 3624 2745 misericors

2036 2784 2169 2838 doce
2199 2798 2284 2837 me
2315 2782 2611 2843 sincerius.
2647 2788 2707 2834 ut
2731 2796 2832 2850 ego
2868 2781 3034 2834 etiam
3092 2781 3273 2836 bonus
3311 2780 3460 2837 (iam.
3513 2781 3626 2837 Sae-

2038 2889 2161 2943 pius
2188 2887 2320 2928 vero
2349 2872 2492 2925 idem
2529 2872 2729 2940 repetit
2754 2909 2770 2934 ,
2829 2871 3140 2925 orationem
3189 2871 3484 2928 intendens
3511 2913 3526 2938 ,
3559 2886 3625 2927 ac

2038 2967 2205 3023 veluti
2242 2966 2445 3019 divinae
2475 2963 2745 3017 doctrinae
2771 2961 2991 3018 avidus.

1963 3124 2007 3180 ϐ
2112 3162 2281 3216 Vsus.
2318 3160 2407 3216 69.
2439 3159 2792 3228 Multiplicuta
2826 3165 2904 3212 est
2929 3172 3089 3224 super
3123 3172 3204 3210 me
3228 3112 3499 3226 iniustitia
3535 3173 3627 3211 su-

2041 3252 2345 3323 perborum,
2377 3267 2469 3319 ego
2505 3260 2683 3303 autem
2752 3248 2808 3301 in
2845 3256 2951 3300 toto
2997 3244 3155 3299 corde
3185 3260 3297 3299 meo
3343 3246 3627 3298 scrutabor

2042 3344 2300 3398 mandata
2328 3353 2442 3396 tua.
2475 3341 2584 3407 llli,
2629 3339 2827 3410 inquit,
2856 3352 3071 3394 summa
3105 3352 3192 3394 rue
3218 3335 3458 3391 alliciunt
3489 3335 3628 3404 inju-

2043 3437 2147 3500 ria,
2182 3451 2284 3506 ego
2318 3443 2502 3488 tamen
2542 3441 2836 3502 propterea
2865 3445 2894 3483 a
2931 3429 3210 3484 mandatis
3245 3431 3356 3483 tuis
3393 3443 3497 3481 non
3543 3441 3629 3483 re-

2046 3535 2262 3589 cedam,
2297 3542 2401 3580 nec
2433 3526 2702 3593 superbos
2732 3524 2991 3577 imitabor
3026 3520 3313 3590 :quinimo
3342 3519 3630 3574 scrutabor

2045 3618 2303 3673 mandata
2331 3626 2447 3681 tua,
2484 3615 2537 3667 in
2571 3616 2774 3683 quibus
2800 3612 3238 3668 consolationem
3291 3612 3467 3679 capio.
3524 3608 3632 3667 Per

2048 3709 2313 3777 Superbos
2339 3716 2521 3760 autem
2561 3712 2617 3759 et
2643 3704 2923 3758 daemones
2955 3702 3223 3771 intelligo,
3249 3709 3304 3755 et
3332 3702 3465 3770 legis
3492 3717 3631 3757 con-

2048 3810 2372 3869 temptores.

2119 3890 2286 3945 Vens.
2341 3889 2429 3943 70.
2485 3885 2841 3957 Coagulatum
2894 3892 2973 3938 est
3018 3882 3158 3936 sicut
3199 3880 3282 3934 lac
3302 3895 3394 3934 cor
3423 3895 3631 3944 eorum,

2047 4002 2141 4056 ego
2183 4000 2302 4039 vero
2333 3984 2496 4051 legem
2524 3990 2671 4033 tuam
2703 3977 2989 4031 meditatus
3014 3981 3152 4028 sum;
3172 3971 3487 4026 lnduratum
3523 3978 3628 4037 est,

2047 4073 2250 4144 inquit,
2288 4084 2480 4125 eorum
2513 4083 2609 4122 cor
2643 4065 2936 4120 adversum
2979 4078 3086 4117 me.
3117 4061 3227 4115 Lac
3256 4059 3401 4115 enim
3432 4072 3633 4129 coagu-

2050 4167 2218 4222 latum
2244 4165 2298 4219 in
2333 4179 2557 4219 caseum
2591 4159 2930 4215 obdureseit.
2965 4154 3062 4209 Vel
3096 4155 3263 4225 (quia
3312 4153 3500 4208 Graeca
3549 4150 3633 4204 di-

2051 4262 2182 4322 ctio,
2205 4256 2480 4326 ὲτυρὼθη,
2519 4270 2623 4308 non
2657 4265 2766 4306 tam
2802 4250 3144 4321 coagulatum
3172 4262 3335 4318 quant
3362 4255 3634 4299 caecatum

2051 4352 2363 4424 signiﬁcat)
2395 4365 2407 4401 :
2438 4347 2732 4403 Caseatum
2764 4355 2847 4399 est
2868 4382 2883 4409 ,
2915 4343 3134 4412 inquit,
3160 4339 3263 4394 hoc
3291 4346 3407 4403 est,
3436 4337 3636 4407 pingue

1980 4457 2023 4513 Ῑ)
2056 4444 2328 4507 ellectum,
2353 4450 2405 4495 et
2441 4439 2730 4493 abundans
2752 4434 3162 4506 iniquitatibus.
3193 4429 3342 4485 Ellici
3368 4431 3513 4483 enim
3548 4442 3639 4482 so-

2060 4536 2134 4588 let
2166 4532 2448 4601 pingnins.
2480 4529 2585 4593 lac,
2625 4527 2715 4581 ubi
2747 4526 2800 4580 in
2835 4539 3056 4580 caseum
3106 4519 3466 4576 concreverit.

2132 4626 2292 4680 Vens.
2337 4624 2424 4677 τι.
2468 4621 2673 4675 Bonum
2724 4619 2872 4681 mihi,
2922 4617 3047 4686 quia
3103 4613 3397 4667 humiliasti
3430 4627 3532 4671 me.
3578 4615 3638 4662 ut

2058 4716 2260 4769 discam
2286 4712 2704 4783 justiﬁeationes
2738 4718 2878 4762 tuas.
2914 4704 3059 4760 Utile
3099 4704 3323 4774 quidem
3354 4702 3488 4756 mihi
3532 4700 3639 4755 fuit

2058 4806 2266 4876 corripi
2328 4821 2358 4858 a
2411 4816 2486 4868 te,
2539 4802 2711 4855 variis
2764 4796 3181 4859 alllictionibus,
3242 4802 3303 4850 ut
3356 4793 3636 4863 justitiam

2063 4905 2217 4951 tuam
2268 4894 2616 4948 addiscerem
2655 4909 2667 4944 :
2703 4890 2854 4959 quod
2895 4888 3108 4943 scilicet
3139 4896 3193 4941 tu
3228 4893 3519 4955 peccantes
3547 4895 3643 4935 ca-

2063 4992 2254 5059 stigas.
2291 4987 2448 5053 Quod
2483 4988 2528 5039 si
2557 4983 2613 5037 in
2650 4979 2910 5052 praesenti
2942 4980 3052 5033 vita
3081 4978 3254 5049 punis,
3291 4981 3638 5047 peccatores,

2064 5092 2272 5153 quanto
2305 5079 2479 5149 magis
2511 5078 2565 5132 id
2600 5076 2770 5130 facies
2805 5075 2859 5129 in
2894 5072 3120 5128 futura?

2134 5172 2303 5233 Vsus.
2347 5170 2435 5224 7‘2.
2476 5168 2630 5223 Bona
2662 5167 2794 5220 mihi
2841 5165 2929 5219 lea:
2977 5164 3088 5218 oris
3143 5161 3240 5222 tui,
3277 5172 3436 5225 super
3468 5151 3643 5207 millia

2068 5266 2189 5319 auri
2220 5273 2269 5318 et
2297 5264 2523 5333 argenti.
2557 5260 2696 5326 Lex,
2728 5274 2894 5330 quam
2928 5255 3100 5326 Moysi
3149 5249 3454 5315 tradidisti,
3496 5247 3643 5303 bona

2069 5357 2202 5412 milii
2244 5365 2350 5421 est,
2382 5369 2448 5411 eo
2481 5353 2628 5424 quod
2662 5351 2906 5413 instruit,
2940 5356 3110 5417 atque
3139 5342 3328 5401 erudit
3358 5355 3465 5397 tne.
3504 5338 3641 5394 Nam

2071 5458 2127 5504 et
2161 5463 2364 5518 corpus
2391 5446 2647 5514 castigat,
2683 5451 2740 5498 et
2770 5454 2956 5498 mores
2979 5436 3188 5509 dirigit,
3234 5441 3291 5492 et
3342 5430 3646 5501 sapientio-

2073 5556 2187 5595 rem
2225 5543 2462 5596 animam
2496 5538 2696 5594 reddit.

2147 5633 2315 5689 Vsus.
2353 5633 2444 5688 75.
2488 5631 2684 5686 Manus
2718 5637 2823 5681 tua:
2882 5626 3122 5695 fecerunt
3161 5638 3242 5677 me
3268 5629 3317 5676 et
3349 5618 3644 5687 plasmare-

2079 5734 2201 5778 runt
2234 5740 2331 5792 me,
2371 5723 2442 5776 da
2473 5721 2600 5776 mihi
2631 5719 2979 5778 intellectum.
3037 5727 3092 5771 ut
3141 5717 3349 5771 discam
3390 5707 3646 5765 mandata
