4102 6206
554 300 690 367 1155

1763 304 2145 367 EUTHYMII
2186 305 2549 366 ZIGABENI

3661 302 3789 371 ιιδε

552 429 665 473 ιιια.
695 415 775 469 Tu
806 429 913 482 me,
944 415 1147 485 inquit,
1183 415 1491 483 plasmasti,
1519 421 1577 468 tu
1604 415 1734 469 mihi
1767 416 2104 484 prudentiam

2220 417 2291 470 Σύ
2359 434 2426 486 με
2476 415 2740 481 ἔπλασας,
2772 413 2836 467 σύ
2900 432 2969 484 με
3014 414 3311 479 συνέτισον,
3349 414 3414 468 σύ
3466 432 3537 486 με
3564 415 3791 481 δὲδαξον.

548 519 774 575 praesta,
828 513 887 560 tu
947 520 1033 560 me
1088 505 1245 572 doce,
1288 514 1342 561 et
1389 521 1489 575 ego
1535 504 1812 560 addiscam
1862 505 2119 560 mandata

550 616 664 664 tua,
702 613 824 666 quae
875 597 1158 652 hominem
1199 599 1267 652 ad
1314 607 1519 652 rectam
1560 598 1812 653 semitam
1854 598 2117 668 dirigunt.

552 691 732 760 Aliqui
763 689 931 744 etiam
971 688 1188 754 dicunt,
1237 693 1382 757 quod
1428 686 1601 741 Filius
1631 696 1685 742 et
1733 696 1960 743 sanctus
1995 689 2119 758 Spi-

548 785 690 839 ritus
715 782 824 836 dici
856 790 1090 851 possunt
1124 795 1319 835 manus
1352 779 1531 835 Patris
1565 796 1580 834 :
1612 793 1677 834 eo
1707 780 1851 848 quod
1900 795 1998 849 per
2024 794 2121 833 eos

548 876 732 930 omnia
762 873 915 928 fecit.

621 964 787 1019 Vens.
831 964 923 1016 ⁸14.
966 962 1071 1027 Qui
1108 963 1293 1015 timent
1332 969 1401 1025 te,
1436 961 1686 1015 videbunt
1732 978 1832 1027 me,
1879 971 1929 1014 et
1968 961 2120 1016 lwta-

549 1056 765 1121 buntur,
795 1055 920 1124 quia
956 1056 1009 1107 in
1067 1054 1220 1108 verba
1267 1063 1357 1106 tua
1407 1036 1796 1123 supersperavi.
1844 1054 2121 1109 Videbunt

552 1162 636 1199 me
674 1144 959 1214 proiicere,
1020 1143 1066 1197 si
1108 1133 1259 1197 mihi.
1291 1142 1627 1197 intellectum
1675 1143 2031 1211 praastiteris;
2066 1152 2120 1196 et

549 1235 903 1296 laetabuntur,
929 1232 1073 1301 quod
1110 1232 1165 1285 in
1207 1232 1484 1286 mandatis
1516 1232 1628 1287 tuis
1654 1232 1813 1286 valde
1858 1246 2116 1301 sperave-

546 1326 649 1379 rim
681 1333 734 1378 et
767 1340 874 1378 non
908 1325 962 1378 in
1006 1324 1131 1377 aliis
1155 1325 1339 1377 saeculi
1374 1324 1535 1392 hujus
1560 1323 1804 1377 auxiliis.

618 1415 784 1469 Vens.
815 1414 902 1468 75.
943 1413 1196 1483 Cognovi,
1226 1412 1470 1478 Domine,
1501 1413 1639 1481 quod
1662 1413 1883 1480 justitia
1906 1413 2117 1483 judicia

548 1520 665 1573 tua,
714 1518 762 1561 et
807 1509 1025 1562 veritate
1086 1515 1177 1559 tua
1240 1507 1537 1559 humiliasti
1583 1522 1684 1560 me.
1769 1505 2117 1575 Experieutia

546 1604 801 1671 cognovi,
842 1602 989 1671 quod
1033 1601 1241 1671 judicia
1286 1592 1378 1653 tua
1434 1600 1587 1668 justa
1641 1606 1793 1665 sunt,
1858 1600 2118 1667 quodque

552 1693 763 1746 merito
819 1692 1005 1745 multis
1060 1706 1146 1747 me
1207 1690 1593 1744 amictionibus
1652 1690 2001 1759 depressisti,
2060 1699 2118 1745 ut

544 1788 866 1857 prudentior
892 1787 1077 1841 ﬁerem
1108 1802 1123 1841 :
1163 1786 1216 1839 in
1255 1795 1305 1840 te
1337 1788 1481 1841 enim
1514 1786 1870 1855 deliqueram.

615 1878 781 1932 Vens.
827 1878 915 1932 76.
960 1877 1091 1931 Fiat
1123 1878 1251 1930 milii
1298 1876 1663 1931 misericordia
1697 1887 1807 1941 tua,
1849 1886 1904 1929 ut
1931 1893 2119 1930 conso-

542 1969 678 2021 letur
708 1986 788 2022 me
812 1967 1095 2021 secundum
1127 1968 1388 2036 eloquium
1427 1978 1600 2032 tuum,
1654 1984 1801 2021 servo
1855 1976 1964 2021 tuo.
1996 1968 2118 2021 Fiat

542 2059 672 2112 mihi
708 2074 868 2113 servo
908 2067 1004 2112 tuo
1038 2058 1418 2112 misericordia
1464 2066 1582 2119 tua.
1642 2068 1701 2111 ut
1748 2073 1836 2111 me
1884 2057 2113 2111 calami-

542 2150 747 2203 tatibus
780 2148 1038 2202 alllictum
1096 2148 1404 2218 refrigeret.
1461 2147 1581 2201 Fiat
1619 2157 1796 2201 autem
1823 2147 1928 2200 hoc
1954 2146 2112 2208 mihi,

535 2240 691 2308 juxta
743 2238 1161 2306 promissionem
1232 2248 1402 2290 tuam.
1440 2236 1723 2290 Pollicitus
1755 2237 1901 2291 enim
1947 2250 2007 2289 es
2051 2235 2108 2288 iu

538 2331 655 2397 lege
688 2343 802 2394 tua,
836 2344 995 2399 Opem
1039 2338 1093 2382 te
1118 2329 1357 2382 laturum
1388 2343 1510 2382 esse
1539 2328 1801 2382 omnibus
1829 2327 2109 2397 pteniten-

539 2422 711 2473 tibus.

612 2507 774 2561 Vens.
817 2507 903 2559 77.
958 2506 1180 2560 Veniant
1220 2506 1348 2558 mihi
1384 2506 1749 2558 miserationes
1775 2516 1899 2570 tum,
1934 2514 1984 2558 et
2039 2505 2113 2557 ιιί-

536 2614 674 2653 ram.
710 2598 860 2661 Mihi,
895 2598 1146 2666 inquam,
1178 2596 1272 2665 qui
1308 2596 1468 2649 modo
1506 2597 1730 2650 tristitia
1756 2612 1818 2652 ac
1869 2610 2105 2650 maerore

535 2703 674 2758 pene
702 2704 850 2742 eram
880 2688 1201 2743 sutiocattis.

608 2779 745 2844 Quia
795 2779 879 2830 (ea:
948 2790 1041 2831 tua
1088 2778 1363 2832 meditatio
1394 2792 1509 2832 mea
1534 2786 1633 2831 est.
1687 2776 1918 2832 Veniant
1950 2779 2105 2844 mihi,

531 2873 735 2940 inquit,
770 2870 875 2924 illa:
914 2870 1296 2925 miserationes
1347 2878 1473 2935 ture,
1521 2871 1648 2939 quia
1680 2870 1961 2939 deinceps,
1995 2886 2105 2940 pra:

532 2962 744 3019 caeteris
772 2962 1048 3023 omnibus,
1082 2961 1168 3016 lex
1200 2971 1289 3015 tua
1323 2962 1425 3016 erit
1451 2963 1732 3017 meditatio
1758 2978 1901 3016 mea.

604 3053 769 3108 Vens.
804 3054 892 3107 78.
926 3052 1343 3121 Confundantur
1368 3055 1603 3122 superbi,
1632 3055 1755 3124 quia
1780 3055 1974 3124 injuste
2002 3056 2105 3108 ini-

2225 508 2319 561 καὶ
2350 508 2668 577 μαθήσομαι
2701 505 2997 575 κατορθοῦν
3043 507 3140 569 τὰς
3192 506 3411 569 ἐντολάς
3462 524 3577 559 σου.
3638 508 3791 570 Τινὲς

2221 598 2275 650 δὲ
2311 601 2498 668 χεῖρας
2537 597 2629 650 τοῦ
2662 597 2878 669 Πατρδς
2909 596 3091 651 νοοῦσι
3132 597 3223 650 τὸν
3258 597 3406 660 Υιδν,
3432 598 3528 651 καὶ
3557 599 3617 651 τὸ
3648 598 3793 666 ﬁrm

2222 690 2466 760 Πνεῦμα,
2504 689 2574 742 δι’
2601 685 2675 746 ὧν
2699 690 2770 743 τὰ
2793 690 2972 744 πάντα
2996 689 3276 759 ἐποιησεν.

2296 963 2360 1013 Οἱ
2392 958 2752 1028 φοϐούμενοί
2775 976 2848 1013 σε
2886 960 3142 1027 ὄψον-ταί
3162 979 3257 1029 με,
3300 963 3395 1015 καὶ
3458 962 3789 1032 eugepae-6%

2220 1067 2450 1114 σονται,
2516 1048 2605 1102 ὅτι
2666 1050 2753 1114 εις
2810 1050 2953 1115 τοὺς
3009 1052 3232 1118 λόγους
3278 1066 3395 1105 σου
3459 1053 3795 1118 ἐπήλπισα.

2225 1140 2486 1209 Ὄψονται
2527 1156 2594 1202 ps
2654 1139 3057 1209 προκόπτοντα,
3106 1144 3155 1194 ει
3214 1133 3498 1213 συνετῗσῃς
3555 1163 3645 1213 με,
3705 1147 3795 1198 καὶ

2220 1232 2709 1302 εὐφράνθήσονται,
2741 1231 2824 1285 ὅτι
2854 1233 2934 1294 εις
2958 1234 3057 1295 τὰς
3089 1233 3309 1296 ἐντολάς
3340 1252 3437 1287 σου
3486 1236 3794 1307 ἑπήλπισα,

2218 1326 2313 1375 καὶ
2335 1323 2437 1376 οὐκ
2461 1324 2541 1387 εἰς
2568 1323 2748 1377 ἄλλοτι
2773 1324 3048 1393 βιωτικόν.

2294 1412 2546 1477 Ἔγνων,
2563 1411 2761 1477 Κύριε,
2782 1409 2869 1463 ὅτι
2896 1411 3251 1478 δικαιοσύνη
3284 1414 3354 1466 τὰ
3379 1413 3628 1483 κρίματά
3655 1433 3795 1480 σου,

2218 1501 2317 1568 χαὶ
2349 1501 2600 1568 ἀληθείᾳ
2626 1501 3033 1568 ἐταπείνωσάς
3087 1520 3185 1572 με.
3228 1506 3436 1573 Ἐγνων
3496 1511 3560 1577 τῇ
3606 1509 3794 1579 πείρα,

2218 1594 2301 1645 ὅτι
2329 1593 2536 1646 δίκαιαι
2567 1594 2623 1646 αι
2656 1593 2867 1663 κρίσεις
2900 1609 3016 1657 σου.
3047 1596 3141 1647 καὶ
3172 1594 3412 1663 εὐλόγως
3440 1598 3536 1649 καὶ
3570 1599 3796 1661 δικαίως

2218 1684 2591 1746 ὲταπείνωσάς
2611 1687 3054 1755 μεμειρασμοῖς,
3085 1685 3173 1741 ἵνα
3198 1689 3574 1757 σωφρονισθῶο
3606 1692 3796 1761 ἡμαρ-

2149 1813 2191 1867 B
2220 1791 2313 1827 τον
2353 1776 2484 1845 γάρ.

2290 1866 2611 1936 Γενηθήτω
2644 1868 2721 1936 δὴ
2760 1869 2825 1923 τὸ
2846 1868 3023 1937 ἔλεός
3057 1886 3174 1926 σου
3216 1872 3327 1927 τοῦ
3378 1872 3796 1940 παρακαλέσαι

2212 1975 2311 2026 με.
2361 1960 2653 2029 Γενηθήτω
2706 1978 2795 2029 μοι
2838 1962 2917 2032 τῷ
2962 1963 3135 2032 δούλῳ
3171 1981 3264 2017 σου
3288 1966 3348 2017 τὸ
3373 1965 3520 2027 ἔλεός
3547 1982 3669 2030 σου,
3701 1965 3795 2018 ἐπὶ

2220 2050 2297 2121 τῷ
2319 2050 2721 2121 ψυχαγωγῆσαι
2748 2070 2814 2122 με
2838 2054 3158 2110 κακωθέντα
3175 2072 3188 2087 ·
3221 2056 3504 2126 γενηθήτω
3611 2056 3791 2117 τοῦτο,

2218 2145 2361 2198 κατὰ
2412 2147 2511 2215 τὴν
2564 2146 2856 2217 ὑπόσχεσιν
2897 2165 3014 2202 σου.
3073 2150 3418 2218 Ἐπηγγειλω
3461 2151 3572 2221 γὰρ
3616 2154 3674 2204 ἐν
3720 2150 3793 2221 τῷ

2213 2238 2362 2306 νόμῳ
2392 2236 2888 2307 ἀντιλαμϐάνεσθαι
2912 2237 3020 2293 τῶν
3050 2239 3478 2309 μετανοούντων.

3310 2428 3343 2449 δ

2280 2502 2652 2558 Ἐλθέτωσάν
2681 2522 2784 2574 μοι
2810 2510 2865 2561 οὶ
2899 2508 3185 2577 οἰκτιρμοί
3209 2523 3346 2577 σου,
3377 2509 3476 2563 καὶ
3512 2510 3779 2582 ζήσομαι.

2212 2592 2354 2662 Ἤδη
2391 2596 2511 2656 ταῖς
2550 2593 2747 2659 λύπαις
2768 2597 3216 2675 ἀποπνιγομὲνῳ.

2283 2772 2409 2823 Ὅτι
2434 2774 2467 2823 ό
2499 2772 2684 2840 νόμος
2704 2788 2821 2828 σου
2838 2775 3063 2844 μελέτη
3091 2794 3209 2846 μου
3231 2777 3421 2835 ἐστίν.
3451 2780 3787 2836 Ἐλθέτωσάν

2205 2878 2321 3006 ἔοι,
2352 2862 2487 2917 διότι
2522 2867 2550 2920 ὁ
2578 2864 2739 2937 νόμος
2779 2885 2871 2922 σου
2902 2868 3098 2939 μελέτη
3142 2889 3244 2940 μου
3288 2874 3461 2936 ἐστὶν,
3519 2874 3596 2937 ὡς
3630 2876 3782 2929 οὐδὲν

2228 2969 2414 3006 τερον.

2228 2969 2291 3006 τε
2302 2972 2414 3024 ρον.

2274 3051 2781 3116 Αἱσχυνθὴτωσαν
2802 3053 3193 3123 ὑπερήφανοι.
3217 3057 3304 3111 ὅτι
3330 3058 3545 3125 ἀδίκως
3559 3062 3782 3130 ἠγόμη-

526 3147 782 3214 quitatem
807 3144 1044 3211 fecerunt
1096 3145 1152 3198 in
1185 3162 1286 3199 me.
1343 3145 1707 3212 Erulieseant,
1760 3149 1906 3215 quod
1960 3148 2099 3201 nihil

2210 3157 2328 3194 σαν
2359 3145 2446 3207 εις
2471 3143 2575 3210 ἐμέ
2628 3145 3111 3215 Αἰσχυνθήτωσαν,
3159 3150 3235 3221 τῷ
3258 3152 3421 3222 μηδὲν
3454 3153 3676 3217 ἀνύσαι,
3712 3154 3786 3223 τῷ

530 3245 825 3307 potuerunt
855 3235 1141 3304 perlicere,
1173 3250 1239 3289 eo
1286 3237 1433 3304 quod
1466 3236 1710 3303 superati
1744 3246 1798 3289 et
1828 3235 2099 3305 proﬂigati

530 3335 680 3383 sunt.
711 3326 866 3396 lpsos
892 3335 1078 3379 autem
1109 3326 1384 3379 daemones
1414 3326 1691 3395 intelligit,
1746 3340 1845 3380 seu
1893 3326 2098 3383 divinae

527 3420 664 3489 legis
696 3424 1128 3485 contemptores,
1164 3425 1224 3469 ut
1264 3416 1529 3471 diximus.
1564 3416 1772 3487 lnjuste
1797 3426 1981 3472 autem
2012 3419 2097 3475 fe-

528 3522 724 3567 cerunt
755 3510 1098 3579 iniquitatem
1135 3509 1192 3563 in
1228 3524 1335 3577 me,
1380 3510 1511 3580 quia
1555 3520 1780 3581 propter
1835 3513 2094 3567 invidiam

527 3617 615 3657 me
644 3601 886 3671 aggressi
915 3609 1070 3657 sunt.

598 3693 709 3763 Ego
736 3703 911 3746 autem
936 3691 1233 3746 meditabor
1280 3693 1334 3747 in
1367 3695 1636 3747 mandatis
1688 3696 1818 3750 tuis.
1872 3694 1947 3751 De
1992 3697 2095 3753 hoc

519 3784 632 3855 jam
665 3784 793 3837 alibi
827 3798 973 3854 saepe
1004 3784 1213 3837 dictum
1248 3792 1353 3839 est.

593 3896 762 3950 Vens.
792 3895 880 3950 79.
905 3895 1230 3951 Convertant
1253 3912 1333 3949 me
1353 3897 1592 3951 timentes
1619 3908 1688 3961 te,
1716 3910 1766 3952 et
1794 3902 1883 3970 qui
1904 3919 2095 3972 cogno-

523 3997 674 4040 scunt
706 3987 1008 4042 testimonia
1043 3998 1155 4042 tua.
1199 3988 1262 4051 li,
1295 3988 1494 4057 inquit,
1525 3991 1614 4058 qui
1651 3992 1844 4047 timent
1879 4003 1930 4048 te
1961 4011 2095 4049 con-

523 4085 739 4129 vertant
779 4091 883 4142 me,
912 4078 955 4130 si
1006 4078 1302 4146 aliquando
1329 4077 1592 4132 seductus
1623 4095 1653 4131 a
1687 4081 1957 4139 mandatis
1983 4084 2092 4139 tuis

521 4166 872 4220 aberravero.

590 4276 758 4332 Vens.
793 4276 881 4332 80.
919 4276 1043 4330 Fiat
1078 4294 1168 4330 cor
1194 4295 1366 4332 meum
1395 4281 1874 4350 irreprehensibile,
1920 4288 1974 4339 in
1996 4286 2090 4355 ju-

517 4369 927 4438 stiﬁcationibus
970 4371 1096 4431 tuis,
1137 4384 1192 4425 ut
1230 4389 1331 4426 non
1365 4374 1690 4441 confundar.
1734 4376 2088 4444 lrreprehen-

2208 3235 2508 3305 ἡττηθῆναι
2544 3252 2559 3266 ⁸
2601 3236 2747 3304 λέγει
2797 3238 2853 3291 δὲ
2917 3241 3043 3303 τοὺς
3100 3243 3356 3312 ἀνωτέρω
3414 3246 3781 3314 δηλωθέντας.

2207 3322 2436 3388 Ἀδικως
2466 3325 2523 3379 δὲ
2554 3326 2838 3398 ὴνόμησαν
2868 3328 2946 3390 εἰς
2974 3328 3097 3397 ἐμὲ,
3134 3329 3220 3383 διὰ
3252 3330 3414 3400 μόνον
3437 3333 3635 3402 φθόνον
3662 3334 3780 3385 ἔπι-

2207 3416 2446 3487 θέμενοι.

2287 3721 2433 3790 Ἐγὼ
2461 3721 2524 3774 δὲ
2572 3722 2971 3793 ἀδολεσχήσω
3021 3724 3091 3778 ἐν
3137 3724 3265 3790 ταῖς
3316 3725 3594 3791 ἐντολαῖς
3641 3742 3775 3781 σου.

2205 3814 2278 3867 Πε
2289 3814 2341 3881 ρ).
2378 3813 2566 3865 τούτου
2593 3815 2830 3886 εἴρηται.

2269 3901 2846 3973 Ἐπιστρεψάτωσάν
2864 3926 2941 3978 με
2971 3912 3025 3964 οι
3061 3911 3431 3982 φοβούμενοί
3462 3925 3559 3973 σε,
3590 3911 3687 3964 καὶ
3728 3911 3782 3964 οι

2200 3995 2603 4064 γινώσκοντες
2680 4001 2752 4054 τὰ
2789 4002 3081 4070 μαρτύριά
3148 4020 3285 4058 σου.
3340 4003 3781 4073 Ἑπιστρεψάτω-

2201 4090 2301 4143 σάν
2336 4107 2400 4142 με
2428 4093 2476 4144 οι
2508 4093 2765 4160 τοιοῦτοι,
2799 4096 2985 4149 εἴποτε
3019 4097 3390 4167 ἀποπλανηθῶ
3414 4098 3524 4149 τῶν
3554 4095 3782 4149 ἐντολῶν

2201 4197 2316 4233 σου.

2268 4297 2588 4363 Γενηθήτω
2617 4298 2655 4365 ἠ
2679 4298 2890 4367 καρδία
2911 4317 3030 4368 μου
3060 4300 3297 4369 ἄμωμος
3320 4301 3389 4354 ἐν
3410 4299 3534 4365 τοῖς
3556 4299 3783 4353 δίκαιώ

2194 4387 2347 4453 μασι
2379 4401 2516 4451 σου,
2538 4386 2700 4454 ὅπως
2730 4389 2806 4443 ἂν
2826 4391 2910 4459 μὴ
2942 4391 3268 4459 αἱσχυνθῶ.
3294 4390 3586 4462 Γενηθήτω
3626 4393 3781 4461 ἄμω-

517 4462 672 4515 sihile
726 4462 819 4515 ﬁat
870 4476 967 4514 cor
1020 4478 1224 4530 meum,
1292 4466 1421 4517 dum
1478 4466 1531 4518 in
1593 4467 2085 4534 justiﬁcationihus

2210 4494 2325 4547 μος,
2356 4479 2713 4548 ὲμμελετῶσα
2750 4485 2864 4545 τοῖς
2895 4482 3230 4553 δικαιώμασί
3265 4500 3379 4548 σου,
3412 4484 3505 4537 καὶ
3528 4482 3608 4553 τῷ
3632 4482 3783 4552 φόϐῳ

516 4552 625 4606 tuis
656 4552 972 4615 meditatur,
1007 4561 1059 4606 et
1096 4555 1302 4607 utinam
1335 4556 1534 4611 timore
1564 4572 1758 4612 eorum
1789 4572 2078 4631 purgatus,

516 4656 622 4693 non
656 4640 979 4704 coniundar,
1024 4652 1182 4712 turpe
1212 4645 1416 4714 aliquid
1440 4650 1823 4703 committens.

591 4748 753 4803 Vsus.
784 4749 875 4804 81.
924 4750 1113 4820 Deﬁcit
1162 4752 1217 4804 in
1261 4752 1498 4805 salutare
1541 4762 1687 4807 tuum
1738 4758 1918 4810 anima
1950 4775 2085 4813 mea.

513 4840 643 4895 Abit
677 4841 1103 4909 quodammodo,
1135 4853 1302 4915 atque
1353 4845 1680 4901 dissolvitur
1732 4851 1915 4903 anima
1945 4867 2085 4916 mea,

2204 4569 2413 4623 τούτων
2453 4571 2855 4644 καθαιρομένη,
2888 4574 3035 4638 ὅπως
3064 4576 3131 4629 ἂν
3168 4575 3243 4646 μὴ
3296 4573 3592 4646 αἰσχυνθῶ,
3642 4576 3782 4647 πρά-

2200 4659 2297 4726 ξας
2328 4661 2489 4730 ἔργον
2520 4664 2810 4734 αἰσχύνης.

2278 4775 2575 4829 Ἐκλειπει
2637 4777 2719 4841 εις
2750 4778 2814 4831 τὸ
2842 4778 3142 4845 σωτήριόν
3184 4796 3302 4833 σου
3337 4779 3374 4847 ἡ
3431 4780 3602 4848 ψυχή
3634 4798 3777 4848 μου.

2195 4864 2497 4934 Ἀποδημεῖ
2517 4867 2720 4936 τρόπον
2756 4870 2899 4935 τινὰ,
2926 4870 2957 4939 ἢ
2985 4869 3266 4932 ἐκλύεται.
3301 4871 3376 4942 μὴ
3400 4871 3644 4941 φέρουσα
3680 4872 3777 4941 τὴν

514 4934 777 4989 desiderii
841 4937 1240 4993 vehementiam
1293 4956 1401 4993 non
1443 4939 1650 4997 ferens.
1706 4941 1809 4998 Per
1848 4947 2091 5001 salutare

2210 4956 2533 5026 ςφοδρότητα
2555 4934 2649 5010 τοῦ
2684 4934 3183 5032 πόθου.Σωτήριον
3227 4934 3485 5030 salix-st.
3525 4963 3627 5033 τὴν

515 5037 697 5082 autem
727 5028 1021 5084 salutarem
1052 5029 1262 5087 Christi
1302 5033 1742 5089 incarnationem
1786 5037 2039 5107 intelligit
2072 5056 2087 5103 ;

514 5118 591 5171 ait
625 5119 788 5187 igitur
823 5134 884 5174 se
926 5120 1076 5173 illius
1108 5121 1371 5177 salutaris
1400 5121 1682 5177 desiderio
1708 5124 1957 5179 maxime
2000 5133 2089 5179 te-

513 5226 656 5266 neri.

586 5322 651 5379 In
680 5326 834 5379 verba
859 5336 953 5380 tua
972 5328 1359 5395 supersperavi.
1388 5328 1446 5384 In
1481 5332 1660 5387 verbis
1701 5334 1812 5388 tuis
1843 5334 2083 5397 conﬁdo,

516 5417 759 5473 futurum
824 5434 945 5474 esse
995 5421 1145 5491 quod
1196 5421 1406 5491 cupio:
1444 5422 1498 5476 in
1558 5423 1677 5492 ejus
1713 5423 1839 5478 dico
1876 5426 2082 5493 verbis,

2198 5048 2389 5117 τήριον
2416 5049 2833 5120 ὲνανθρώπησιν
2859 5052 2954 5105 τοῦ
2975 5054 3211 5125 Χριστοῦ
3236 5070 3251 5085 ’
3283 5057 3451 5126 φησὶν
3490 5052 3586 5109 οὖν
3614 5072 3629 5086 ·
3661 5056 3779 5118 ὅτι,

2206 5136 2421 5208 Σφόδρα
2453 5139 2601 5192 ποθῶ
2628 5140 2690 5193 τὸ
2721 5143 3017 5214 σωτήρειον
3041 5146 3221 5200 τοῦτο.

2266 5339 2371 5402 Εὶς
2426 5337 2568 5404 τοὺς
2598 5340 2821 5409 λόγους
2850 5358 2968 5397 σου
3025 5343 3361 5409 ἐπήλπισα.
3412 5344 3539 5406 Τοῖς
3596 5342 3779 5415 λόγοις

2198 5444 2292 5481 σου
2321 5428 2510 5500 θαρῤὦ
2537 5432 2620 5485 ὅτι
2654 5433 2946 5504 γενήσεται
2982 5434 3048 5504 ³³,
3079 5438 3192 5500 τοῖς
3213 5436 3393 5506 λόγοις
3415 5452 3510 5490 σου
3542 5437 3661 5502 τοῖς
3720 5436 3782 5489 ἐν

1856 5599 2057 5663 Variae
2087 5598 2415 5666 lectiones.

586 5690 697 5759 (3i)
727 5690 970 5749 Subaudi
1003 5694 1061 5747 τὸ
1095 5694 1383 5766 σωτήριον.
