4076 6204
333 266 463 331 1157
1473 277 1865 340 COMMENT.

1990 281 1994 290 ’
2027 281 2392 346 PSALMOS.
2732 313 2736 320 -
3430 300 3572 366 “53

324 378 398 450 τῷ
420 382 570 450 νόμῳ
606 383 1013 454 γεγραμμένοις
1078 386 1206 458 περὶ
1233 386 1419 442 αὐτοῦ.
1450 387 1606 450 Τινὲς
1629 389 1688 442 δὲ
1705 389 1885 444 νοοῦσι

2013 409 2136 462 quae
2169 394 2225 448 in
2260 395 2376 466 lege
2403 395 2473 450 de
2518 395 2638 466 ipso
2691 399 2920 454 salutari
2959 404 3167 474 scripta
3208 417 3359 463 sunt.
3399 410 3581 482 Aliqui

325 475 451 542 περὶ
477 475 570 542 τῆς
606 475 800 528 ἑαυτοῦ
839 479 1112 547 σωτηρίας
1150 478 1324 532 ταῦτα
1365 478 1546 546 λέγειν
1585 481 1782 534 αὐτόν·
1816 482 1888 534 ὅτι

2009 500 2140 540 vero
2169 487 2486 557 intelligunt
2524 489 2739 544 beatum
2774 492 2948 548 David
2989 494 3108 552 hate
3153 499 3319 554 verba
3372 475 3582 560 dixisse

327 569 480 620 Ποθῶ
510 569 609 639 τὴν
638 573 789 641 παρὰ
822 572 916 624 σοῦ
948 577 1247 646 σωτηρὲαν,
1289 575 1385 629 καὶ
1431 577 1518 638 είς
1547 577 1649 638 τὰς
1679 575 1888 638 ἐντολάς

2009 576 2078 631 de
2100 591 2199 630 sua
2233 577 2438 632 salute:
2458 577 2617 648 Opto,
2644 580 2846 648 inquit,
2877 599 2997 639 eam
3029 591 3292 659 consequi
3317 592 3574 658 salutem,

323 677 416 712 σου
453 661 659 730 θαρρῶ.
695 664 779 716 ὃτι
814 664 1159 736 σωθήσομαι,
1191 667 1474 736 φυλάττων
1502 666 1671 731 αὐτὰς
1705 682 1718 698 ⁶
1750 667 1900 722 ἀδιά-

321 770 484 820 φορον
505 753 582 816 δὲ,
607 753 714 806 εἴτε
743 757 967 824 λόγους
991 761 1192 825 εἴποις,
1225 759 1336 812 εἴτε
1357 759 1566 826 λόγον.

2010 683 2134 736 quae
2165 683 2193 721 a
2237 677 2290 724 te
2321 671 2579 738 provenit
2610 686 2624 724 :
2656 681 2711 727 et
2739 676 2792 728 in
2818 676 3073 732 mandata
3106 685 3199 734 tua
3232 681 3388 736 valde
3448 697 3581 737 con-

2011 759 2146 827 fido,
2211 762 2359 830 quod
2406 762 2618 819 scilicet
2655 779 2720 820 ea
2769 767 3072 826 observans
3100 770 3378 827 salvabor.
3440 773 3576 829 Illud

322 848 485 900 etiam
540 846 914 905 adnotandum
973 852 1255 918 duximus,
1309 851 1454 921 quod
1513 851 1893 908 indifferenter
1935 851 2202 923 Propheta
2251 871 2401 911 nunc
2440 857 2707 928 singulari
2756 843 3040 929 sermone,
3119 865 3329 917 uerbum
3419 867 3576 935 dicit,

322 955 468 994 nunc
507 943 660 996 verba
699 946 752 998 in
783 944 1002 1013 plurali.

388 1053 706 1115 Ἐξέλιπον
739 1059 792 1110 oi
817 1059 1115 1126 ὀφθαλμοί
1136 1075 1257 1128 μου
1279 1061 1368 1125 είς
1385 1061 1450 1114 τὸ
1480 1061 1692 1132 λόγιόν
1750 1076 1893 1125 σου,

310 1144 624 1221 λέγοντες,
659 1149 812 1202 Πότε
873 1153 1317 1218 παρακαλέσας
1351 1169 1469 1222 με;
1510 1152 1898 1222 Ἐξελύθησαν,

2073 1058 2238 1113 Vsus.
2273 1057 2364 1114 82.
2397 1058 2712 1126 Defecerunt
2736 1062 2876 1116 oculi
2903 1065 3002 1117 mei
3029 1066 3080 1116 in
3103 1065 3371 1135 eloquium
3403 1076 3572 1132 tuum,

1996 1152 2272 1206 dicentes‘:
2308 1151 2527 1221 quando
2577 1155 2931 1210 consolaberis
2965 1173 3046 1210 me
3070 1157 3096 1211 ἲ
3139 1158 3352 1213 Debiles
3397 1159 3573 1216 effecti

315 1235 586 1306 ἠτόνησαν
666 1239 716 1291 οἱ
793 1241 1062 1312 ὀφθαλμοὶ
1111 1243 1209 1312 τῆς
1267 1243 1448 1312 ψυχῆς
1515 1262 1641 1314 μου,
1695 1247 1776 1308 εἰς
1807 1244 1888 1297 τὸν

1999 1250 2125 1297 sunt
2150 1242 2353 1297 animae
2381 1257 2513 1298 mete
2541 1245 2713 1308 oculi,
2742 1245 3076 1316 aspicientes
3106 1248 3159 1301 in
3196 1249 3368 1319 legem
3398 1257 3569 1304 tuam.

316 1327 480 1396 νόμον
512 1345 604 1380 σου
644 1331 984 1398 ἀτενίζοντες
1011 1351 1025 1364 ο
1057 1334 1307 1399 ἐξέλιπον
1333 1336 1390 1389 δὲ
1431 1335 1743 1406 ζητοῦντες,
1767 1337 1897 1390 πότε

315 1417 740 1491 ψυχαγωγήσεις
773 1441 864 1494 με,
896 1426 1204 1491 συνετίσας,
1235 1427 1328 1478 καὶ
1358 1426 1450 1480 τὸν
1507 1429 1899 1499 ἐγκεκρυμμέ-

317 1528 408 1564 νον
441 1513 675 1567 πλοῦτον
708 1517 1086 1588 ἀνακαλύψας.

389 1624 515 1678 Ὀτι
549 1626 846 1697 ἐγενήθην
860 1631 940 1698 ὡς
971 1633 1163 1701 ἀσκὸς
1189 1635 1258 1690 ἐν
1291 1636 1514 1706 πάχνη,
1546 1635 1618 1690 τὰ
1659 1633 1902 1690 δικαιώ-

2001 1334 2328 1390 Defecerunt
2355 1343 2540 1390 autem
2573 1347 2906 1406 quaerentes,
2943 1340 3164 1408 quando
3193 1341 3570 1398 consolaberis

2005 1441 2138 1480 me:
2182 1426 2464 1481 instruens
2499 1427 2710 1483 scilicet
2737 1438 2790 1484 et
2841 1429 3046 1486 docens
3087 1447 3194 1496 me,
3245 1441 3300 1487 et
3327 1433 3574 1490 occultos

2005 1515 2058 1570 in
2091 1516 2208 1586 lege
2236 1525 2329 1571 tua
2357 1517 2649 1573 thesauros
2683 1520 2957 1577 revelans.

2075 1629 2239 1685 Vsus.
2271 1629 2359 1685 85.
2405 1630 2546 1696 Quia
2591 1633 2766 1701 factus
2807 1649 2922 1686 sum
2951 1635 3084 1688 sicut
3124 1643 3238 1688 uter
3265 1636 3319 1688 in
3356 1637 3571 1705 pruina,

309 1716 467 1782 μιιτά
493 1733 610 1772 σου
642 1723 753 1774 οὐκ
814 1723 1219 1795 ἐπελαθόμην.
1273 1729 1412 1782 Φασὶ
1465 1729 1556 1781 τὸν
1618 1727 1788 1781 ἀσκδν
1841 1731 1888 1781 ὲκ

1992 1720 2403 1789 justiﬁcationes
2445 1733 2565 1778 tuas
2602 1740 2708 1777 non
2752 1740 2869 1777 sum
2916 1724 3135 1778 oblitus.
3179 1727 3348 1781 Aiunt
3388 1737 3568 1783 utrem

314 1810 492 1879 ﬂixvn
543 1809 852 1880 ψυχόμενον
910 1818 1348 1886 συσιρίγγιεσθαι⁹
1422 1821 1635 1874 τοιοῦτο
1680 1821 1888 1889 ἐγένετο

2005 1814 2197 1882 pruina
2260 1812 2605 1882 frigefactum
2635 1815 2968 1885 constringi.
3024 1814 3209 1870 Talem
3266 1831 3327 1872 se
3371 1816 3572 1870 beatus

313 1903 404 1952 καὶ
435 1903 595 1968 αὐτὸς
623 1911 680 1957 ὲν
702 1908 814 1969 τοῖς
843 1913 1170 1978 πειρασμοῖς
1211 1911 1519 1974 συσταλεὶς,
1545 1913 1637 1965 καὶ
1689 1929 1888 1982 σωφρο-

2007 1899 2178 1954 David
2211 1901 2472 1956 effectum
2533 1916 2657 1956 esse
2705 1903 2858 1966 dicit,
2894 1907 3259 1959 constrictum
3309 1905 3569 1960 nimirum

315 1994 542 2056 νισθείς·
572 1997 664 2048 καὶ
702 1996 788 2049 διὰ
813 1999 969 2052 τοῦτο
1020 2003 1113 2054 τοῦ
1179 2003 1388 2069 λοιποῦ,
1439 2005 1508 2057 τὰ
1554 2003 1896 2072 δικαιώματα

311 2086 405 2137 τοῦ
435 2086 570 2138 Θεοῦ
599 2090 675 2157 μὴ
704 2089 1119 2161 ἐπιλαθόμενος,
1155 2094 1245 2147 ira
1275 2095 1350 2164 μὴ
1380 2094 1548 2147 πάλιν
1605 2093 1894 2165 περιπέσοι

310 2181 659 2246 πειρασμοῖς.
696 2179 913 2250 Ἐτεροι
946 2181 1002 2234 δὲ
1027 2183 1244 2250 λέγουσι
1277 2185 1368 2237 τὸν
1412 2185 1581 2238 ἀσκὸν
1605 2188 1663 2238 ὲν
1710 2186 1895 2257 πάχνη

317 2270 614 2338 συρόμενον
644 2271 1068 2340 μαλακίζεσθαι,
1100 2275 1193 2328 καὶ
1244 2275 1592 2346 χαυνοῦσθαι.
1619 2276 1892 2340 Τοιοῦτος,

315 2361 474 2425 φησι,
527 2362 905 2431 γέγοναοτοῖς
963 2369 1292 2435 πειρασμοῖς
1344 2367 1452 2437 γὰρ
1513 2369 1891 2438 ἐνσυρόμενος,

312 2452 569 2522 ᾑτὸνησα,
595 2456 688 2506 καὶ
715 2455 1030 2526 ἒχαυνώθην
1057 2472 1069 2486 ·
1108 2456 1222 2509 ἀλλ’
1255 2459 1423 2526 ὅμως,
1453 2459 1519 2511 τὰ
1548 2458 1894 2528 δικαιώματά

313 2561 406 2594 σου
429 2546 530 2596 οὐκ
554 2545 920 2618 ἐπελαθθῖμην,
947 2546 1088 2600 ῶστε
1123 2549 1213 2601 καὶ
1243 2549 1464 2618 ποιῆσαί
1482 2567 1533 2602 τι
1555 2551 1888 2620 παράνομον.

315 2632 381 2682 Ἣ
409 2634 500 2685 καὶ
528 2634 750 2704 ἑτέρως’
769 2636 1073 2707 Ἐγενήθην
1093 2639 1170 2700 ῶς
1192 2639 1381 2703 ἀσκὸς,
1403 2641 1597 2708 νεκρὸς
1623 2643 1722 2708 μὲν
1756 2638 1892 2709 πρὸς

309 2724 374 2773 τα
410 2722 901 2795 πάθη,χωρητικὸς
932 2727 986 2779 δὲ
1009 2728 1118 2779 τῶν
1141 2727 1299 2781 θείων
1314 2729 1538 2797 λογίων.
1586 2730 1887 2800 Ἐγενὴθην

307 2812 363 2864 δὲ
415 2815 572 2867 τοῦτο
595 2817 651 2868 ὲν
679 2819 742 2887 τῇ
775 2817 954 2889 πάχνῃ
986 2819 1082 2888 τῆς
1115 2817 1264 2881 θείας
1299 2822 1541 2888 χάριτος,
1573 2823 1640 2890 τῇ
1685 2819 1891 2873 ἄνωθεν

309 2905 663 2978 κατελθούσῃ,
704 2908 799 2960 καὶ
823 2907 1150 2980 ψυχρανάσῃ
1181 2909 1279 2978 τὴν
1307 2909 1511 2962 εἴσοδον
1538 2909 1647 2960 τῶν
1676 2907 1887 2961 παθῶν.

308 2996 398 3050 Διὸ
425 2998 521 3050 καὶ
543 2999 640 3050 οὑκ
664 2985 908 3068 ἀπέστην
932 2998 1026 3051 τοῦ
1053 3000 1217 3069 νόμου
1254 3017 1368 3065 σου,
1399 3000 1680 3067 γινώσκων
1718 3000 1799 3051 ὅτι
1822 2997 1889 3050 δι’

308 3090 471 3145 αὐτοῦ
492 3091 692 3159 ταύτης
714 3090 994 3160 τετύχηκα
1022 3092 1120 3162 τῆς
1158 3092 1402 3162 χάριτος.

1998 2001 2054 2045 et
2079 1992 2410 2063 castigatum
2446 1992 2874 2048 calamitatibus.
2921 1993 3038 2058 Qua
3075 1996 3141 2048 de
3176 2009 3346 2049 causa
3400 2007 3564 2067 neg-it

1999 2097 2058 2137 se
2086 2082 2198 2136 ullo
2231 2098 2472 2152 unquam
2511 2081 3238 2152 temporejusliflcationum
3277 2084 3371 2139 Dei
3413 2084 3565 2140 futu-

2000 2191 2118 2227 rum
2157 2175 2562 2240 immemorem,
2621 2189 2688 2228 ne
2741 2189 2962 2229 rursum
2996 2173 3053 2228 in
3098 2175 3433 2232 tentationes
3467 2177 3564 2232 de-

1998 2267 2128 2321 ferri
2164 2283 2288 2321 eum
2322 2268 2626 2335 contingat.
2654 2265 2761 2319 Alii
2804 2275 2980 2320 utrem
3016 2266 3210 2321 dicunt
3238 2276 3480 2323 tractum
3509 2271 3563 2324 in

1998 2356 2192 2426 pruina
2227 2359 2534 2412 molliorem
2575 2372 2638 2411 ac
2667 2356 2932 2411 laxiorem
2967 2356 3106 2411 ﬁeri.
3151 2353 3327 2424 Talis,
3359 2358 3563 2430 inquit,

1995 2464 2096 2520 ego
2135 2449 2359 2504 ell'ectus
2409 2463 2556 2515 sum,
2604 2449 2731 2516 quia
2779 2447 2965 2502 multis
3011 2447 3420 2504 calamitatibus
3453 2450 3566 2505 dis-

1998 2548 2226 2603 tractus,
2295 2539 2510 2592 tandem
2560 2538 2728 2592 etiam
2765 2537 3108 2600 debilitatus,
3160 2551 3222 2591 ac
3253 2537 3563 2593 dissolutus

1995 2647 2115 2688 sum
2175 2648 2189 2686 :
2243 2639 2486 2685 attamen
2540 2643 2719 2698 neque
2777 2627 2899 2682 ideo
2958 2628 3388 2698 justificationes
3441 2643 3564 2684 tuas

1993 2726 2196 2780 oblitus
2226 2741 2365 2780 sum.
2413 2722 2506 2777 Vel
2556 2721 2754 2777 aliter;
2791 2719 2994 2776 Factus
3043 2736 3165 2776 sum
3221 2723 3367 2778 sicut
3396 2730 3560 2787 uter,

1994 2827 2247 2871 mortuus
2304 2815 2566 2870 nimirum
2628 2822 2896 2882 quantum
2955 2812 3024 2866 ad
3096 2814 3265 2868 animi
3306 2813 3561 2880 allectus,

1993 2895 2378 2958 verumtamcn'
2398 2919 2570 2974 capax
2597 2904 2946 2973 eloquiorum
2997 2903 3114 2958 Dei.
3169 2903 3408 2960 Eﬂ'ectus
3459 2920 3561 2960 au-

1995 3003 2104 3046 tem
2142 3008 2261 3048 sum
2295 2992 2631 3061 liujusmodi,
2659 2992 2714 3046 in
2751 2993 2944 3062 pruina
2975 2994 3171 3048 divina:
3201 2998 3409 3066 gratiae,
3441 3011 3560 3065 qua:

1915 3080 1961 3139 C
1995 3087 2061 3140 ab
2083 3100 2146 3140 eo
2178 3087 2485 3149 descendit,
2531 3093 2589 3140 et
2619 3086 2943 3154 passionum
2985 3102 3232 3142 mearum
3283 3087 3556 3143 ﬂammam

308 3180 694 3251 refrigeravit;
737 3191 901 3253 atque
955 3182 1080 3239 ideo
1121 3199 1228 3238 non
1276 3184 1480 3240 recessi
1532 3200 1562 3238 a
1612 3185 1729 3254 lege
1761 3191 1877 3248 tua,
1914 3180 2100 3236 sciens
2143 3178 2291 3248 quod
2345 3194 2440 3248 per
2493 3180 2645 3234 illam
2708 3194 2810 3249 ego
2894 3181 3128 3251 gratiam
3169 3181 3337 3235 etiam
3391 3196 3423 3236 a
3503 3191 3558 3237 to

309 3281 642 3328 εοηεεευιιιε
672 3290 815 3328 sum.

383 3389 572 3442 Πόσαι
594 3390 756 3444 εἰσίν
783 3392 844 3444 αἱ
868 3391 1082 3461 ἡμέραι
1121 3393 1227 3446 τοῦ
1267 3392 1496 3447 δούλου
1543 3407 1693 3457 σου;
1735 3394 1881 3444 πότε

305 3479 584 3546 ποιήσεις
610 3497 714 3549 μοι
747 3481 815 3535 ἐκ
845 3481 963 3536 τῶν
993 3483 1485 3538 καταδιωκόντων
1506 3501 1584 3552 με
1637 3484 1837 3552 κρίσιν
1859 3499 1880 3548 ;

309 3573 476 3626 Πόσαι
504 3572 610 3625 είσί
661 3590 676 3637 ;
709 3574 928 3638 πάντως
955 3574 1134 3645 ὀλίγαι
1155 3591 1168 3605 ο
1195 3575 1326 3628 πότε
1361 3574 1454 3627 οὖν
1485 3574 1734 3643 ποιήσεις
1790 3589 1882 3643 μοι

308 3665 490 3735 κρίσιν
536 3669 602 3721 ὲκ
661 3664 770 3719 τῶν
830 3665 1284 3720 καταδιωκόντων
1345 3681 1415 3733 με
1469 3663 1741 3734 ἀοράτων,
1786 3664 1882 3716 καὶ

304 3756 516 3827 ὁρατῶν
575 3755 814 3827 ὲχθρῶν;
842 3756 1096 3827 Ποιήσεις
1141 3754 1198 3808 δὲ
1278 3755 1483 3825 ταύτην
1536 3751 1885 3824 ἀποστρέψας

307 3847 528 3916 αὐτοὺς,
552 3850 646 3902 καὶ
673 3848 864 3919 πόρρω
891 3846 1110 3912 διώξας.

378 4021 756 4091 Διηγήσαντό
796 4037 898 4089 μοι
937 4018 1266 4087 παράνομοι
1312 4017 1704 4086 ἀδολεσχίας,
1749 4016 1884 4070 ἀλλ’

307 4112 417 4180 οὐχ
443 4112 523 4177 ὡς
549 4114 582 4164 ό
604 4111 788 4179 νόμος
810 4125 949 4174 σου,
980 4109 1176 4176 Κύριε.
1215 4108 1561 4178 Διηγήσαντό
1595 4123 1685 4176 μοι
1711 4106 1882 4176 φλυα-

315 4203 431 4271 ρίας
477 4203 785 4273 δογμάτων,
834 4201 970 4255 ἀλλὰ
1010 4199 1259 4263 ἐναντίας
1288 4200 1365 4270 τῷ
1415 4200 1565 4272 νόμῳ
1626 4217 1741 4253 σου.
1809 4202 1879 4253 ’Ἡ

310 4297 638 4369 διηγήσαντό
671 4315 760 4367 μοι
796 4293 1087 4365 ληρωδίας,
1141 4292 1535 4363 ἑρμηνεύοντες
1580 4292 1744 4364 δῆθεν
1789 4291 1881 4346 τὸν

309 4389 471 4459 νόμον
503 4406 619 4454 σου,
649 4387 762 4442 ἀλλ’
789 4388 850 4440 οὐ
877 4383 1309 4454 συνεψθέγγοντο
1349 4385 1524 4457 τούτῳ
1542 4401 1555 4416 ο
1579 4385 1790 4455 λέγοιτο
1836 4386 1883 4438 δ’

310 4481 374 4534 ἂν
394 4479 552 4534 τοῦτο
585 4481 712 4549 περὶ
740 4477 956 4530 πάντων
987 4473 1121 4545 ὁμοῦ
1155 4475 1262 4529 τῶν
1293 4475 1604 4546 αἱρετικῶν.

383 4662 576 4716 Πᾶσαι
628 4661 688 4712 al
738 4658 978 4711 ἐντολαί
1021 4673 1137 4710 σου
1175 4656 1444 4723 ἀλήθεια,
1489 4656 1706 4721 ἀδίκως
1751 4672 1888 4710 κατ-

308 4756 562 4820 εδίωξαν
589 4771 690 4823 με,
746 4749 1070 4821 ,βοήθησόν
1127 4767 1250 4820 μοι.
1315 4750 1491 4803 Πᾶσαι
1537 4749 1778 4820 ἀληθεῖς,
1827 4749 1886 4802 ὲν

309 4843 398 4910 αἷς
431 4846 721 4905 ἐκέλευσας
753 4842 828 4912 μὴ
863 4839 1088 4892 ἀδικεῖν.
1123 4838 1492 4907 ’Λδικουμένῳ
1542 4837 1636 4891 οὖν
1689 4839 1888 4911 βοήθη-

314 4939 404 4991 σόν
425 4957 540 5008 μοι,
564 4940 688 4998 τοὺς
717 4934 844 4994 σοὺς
868 4931 1105 5000 μάλιστα
1135 4930 1332 5000 νόμους
1356 4929 1588 4983 ἐκδικῶν
1609 4932 1886 5002 παραϐαι-

312 5031 570 5100 νομένους
595 5043 610 5059 ο
638 5024 869 5080 ἐνταῦθα
893 5021 949 5075 δὲ
984 5021 1110 5091 περὶ
1145 5021 1252 5074 τῶν
1302 5020 1576 5091 αἰσθητῶν
1602 5023 1813 5094 ἐχθρῶν
1857 5025 1886 5077 ὁ

311 5125 486 5190 λόγος.

385 5329 548 5392 Παρὰ
575 5324 777 5392 βραχὺ
806 5323 1224 5378 συνετέλεσαν
1267 5341 1344 5393 με
1405 5324 1474 5378 ἐν
1514 5323 1588 5392 τῇ
1626 5320 1704 5392 τῇ
1724 5364 1739 5388 ,
1769 5320 1884 5390 ἐγὼ

312 5419 380 5470 δὲ
407 5419 518 5472 οὐκ
557 5417 954 5484 ἐγκατέλιπον
993 5417 1100 5482 τὰς
1127 5415 1386 5483 ἐντολάς
1419 5431 1558 5472 σου.
1593 5414 1732 5485 Παρ⁹
1767 5413 1881 5468 ὀλί-

313 5529 409 5578 γον
467 5509 676 5561 ἀνεῖλον
730 5524 818 5577 με.
881 5507 1172 5560 Συντέλεια
1229 5507 1339 5576 γὰρ
1398 5506 1617 5575 λέγεται
1692 5508 1788 5560 καὶ
1845 5509 1878 5574 η

311 5600 753 5670 Συμπλήρωσις
783 5599 894 5668 τῆς
935 5598 1107 5667 ζωῆς.
1150 5598 1569 5653 Συνετέυίεσαν
1595 5597 1710 5667 οὖν,
1760 5600 1882 5652 ἀντὶ

310 5695 402 5748 τοῦ
444 5695 763 5748 Συντελέσαι
797 5695 896 5766 τὴν
935 5693 1082 5762 ζωὴν
1112 5692 1534 5762 παρεσκεύασαν
1558 5708 1571 5724 ·
1625 5692 1682 5762 ἢ,
1747 5692 1879 5745 Συν-

2059 3381 2228 3437 Vens.
2264 3380 2352 3435 84.
2400 3381 2540 3446 Quot
2579 3389 2698 3433 sunt
2724 3378 2836 3432 dies
2870 3378 3004 3432 servi
3037 3377 3164 3431 tui?
3217 3379 3430 3447 quando
3468 3381 3558 3446 fa-

1982 3475 2086 3530 cies
2139 3472 2268 3528 mihi
2327 3471 2390 3525 de
2449 3469 2881 3540 persequentibus
2935 3485 3016 3523 nte
3050 3469 3365 3539 judicium?
3411 3467 3558 3536 Quot

1984 3564 2347 3621 sunt?Pauci
2384 3577 2630 3631 prorsus.
2691 3561 2928 3627 Quando
2985 3561 3153 3629 igitur
3204 3561 3374 3616 facies
3423 3561 3556 3615 mihi

1979 3657 2252 3728 justitiam
2285 3655 2352 3708 de
2388 3653 2853 3722 persequentibus
2900 3666 2986 3705 me
3038 3651 3411 3706 invisibilibus
3457 3667 3554 3706 seu

1987 3749 2151 3805 etiam
2190 3745 2506 3802 visibilibus
2550 3743 2832 3798 inimicis?
2871 3740 3064 3797 Facies
3096 3752 3276 3796 autem
3313 3741 3417 3794 hoc
3467 3741 3558 3809 ju-

1987 3839 2218 3903 dicium,
2247 3836 2295 3893 si
2335 3836 2456 3891 illos
2487 3837 2540 3890 in
2573 3835 2759 3905 fugam
2789 3847 3158 3900 convertens,
3201 3842 3256 3888 et
3299 3832 3493 3902 procul
3523 3847 3557 3887 a

1988 3949 2076 3990 me
2106 3946 2203 3988 eos
2234 3929 2520 3984 insecutus
2553 3927 2746 3982 fueris.
3075 3980 3077 3982 .

2058 4025 2229 4092 sts.
2267 4021 2358 4077 85.
2406 4019 2777 4074 Narravcrunt
2814 4017 2942 4074 mihi
2987 4018 3153 4086 iniqui
3191 4015 3554 4088 garrulitates,

1989 4115 2080 4173 sed
2110 4131 2211 4169 non
2234 4125 2291 4170 ut
2339 4115 2430 4170 lex
2479 4120 2591 4167 tua.
2635 4110 3007 4166 Narraveruut
3060 4109 3195 4165 mihi
3242 4108 3554 4177 dogmatqu

1988 4208 2356 4283 quorumdam
2391 4207 2735 4277 nugacitates
2779 4202 2885 4273 legi
2938 4210 3046 4258 tua:
3084 4201 3411 4257 contrarias.
3456 4197 3556 4254 Vel

1990 4307 2049 4372 ii,
2080 4305 2175 4376 qui
2207 4303 2381 4374 legem
2414 4311 2566 4356 tuam
2611 4296 3144 4368 interpretabantur,
3193 4301 3556 4349 narraverunt

1993 4395 2548 4465 mibigarrulitates;
2605 4391 2709 4462 legi
2761 4397 2945 4444 tamen
2997 4401 3301 4444 consonum
3348 4385 3555 4454 aliquid

1996 4504 2102 4542 non
2131 4487 2404 4542 dicebant.
2436 4485 2674 4540 Possunt
2709 4489 2891 4536 autem
2920 4481 3038 4535 hate
3090 4479 3256 4534 verba
3321 4491 3556 4548 genera-

1991 4580 2115 4633 liter
2149 4578 2412 4633 adversus
2446 4592 2639 4630 omnes
2674 4575 2963 4629 hmreticos
2995 4570 3421 4626 accommodari.

2062 4669 2228 4725 Vens.
2267 4669 2357 4725 86.
2401 4666 2593 4726 Omnia
2617 4666 2874 4720 mandata
2928 4673 3021 4717 tua
3055 4664 3276 4732 azquitas
3303 4676 3325 4714 .°
3359 4661 3556 4729 injuste

1986 4762 2246 4831 persecuti
2269 4768 2392 4818 sunt
2417 4775 2518 4825 me,
2546 4759 2745 4825 adjuva
2769 4773 2870 4810 nte.
2917 4755 3018 4818 Ea,
3053 4754 3251 4824 inquit,
3297 4753 3553 4808 mandata

1989 4851 2173 4907 omnia
2227 4864 2354 4905 vera
2398 4855 2547 4910 sunt,
2586 4849 2644 4904 in
2697 4847 2903 4916 quibus
2944 4845 3151 4898 nemini
3214 4843 3552 4898 inferendam

1988 4959 2112 4999 esse
2141 4941 2394 5011 injuriam
2429 4939 2726 4995 mandasti.
2753 4937 2963 5009 Adjuva
2995 4951 3082 4990 me
3108 4936 3276 5004 igitur
3303 4936 3552 4989 affectum

1989 5033 2214 5104 injuria,
2269 5041 2324 5088 et
2377 5031 2676 5086 vindictam
2725 5043 2880 5085 sume
2935 5029 3002 5082 de
3034 5027 3102 5082 iis
3141 5023 3552 5091 omnibus,qui

1988 5127 2160 5194 legem
2189 5134 2336 5179 tuam
2365 5123 2875 5193 transgrediuntur.
2912 5120 3009 5175 Est
3034 5126 3217 5174 autem
3253 5117 3344 5172 liic
3367 5129 3555 5170 sermo

1987 5218 2054 5273 de
2085 5217 2401 5274 visibilibus
2432 5215 2698 5270 inimicis.

2057 5330 2221 5385 Vsus.
2260 5330 2350 5386 87.
2399 5330 2571 5386 Paulo
2613 5331 2785 5385 minus
2837 5333 3330 5384 consummaverunt
3376 5339 3457 5378 me
3500 5323 3556 5377 in

1988 5435 2153 5488 terra,
2192 5440 2285 5494 ego
2314 5436 2490 5478 autem
2521 5440 2624 5478 non
2665 5423 2920 5492 dereliqui
2959 5419 3216 5473 mandata
3257 5428 3372 5471 tua.
3414 5415 3558 5472 Pene

1985 5517 2184 5585 inquit,
2218 5519 2616 5571 interemerunt
2649 5529 2756 5568 me.
2792 5513 3188 5566 Consummare
3239 5508 3396 5571 dixit.
3457 5522 3557 5576 pro

1995 5604 2170 5659 Vitam
2210 5607 2384 5674 ﬁnire.
2417 5606 2954 5661 Consummaverunt
2979 5616 3064 5655 me
3094 5601 3282 5670 igitur,
3315 5598 3418 5654 hoc
3449 5605 3554 5664 est,

1980 5693 2433 5766 Praepararerunt
2461 5703 2520 5750 ut
2544 5708 2720 5752 meam
2742 5683 2907 5749 vitam
2938 5700 3408 5749 consummarent.
3433 5689 3555 5758 Vel,
