4102 6206
576 277 718 340 lli.9

1767 264 2153 329 EUTHYMII
2190 258 2557 323 ZIGABENI

3692 248 3831 314 116’)

571 388 972 445 Concluserunt
1005 396 1091 437 me
1140 382 1197 436 in
1240 390 1409 446 terra,
1441 394 1538 436 seu
1583 380 1915 436 Everterunt
1959 393 2045 432 me
2097 377 2152 430 in

2271 370 2510 425 ἔκλεισαν
2549 385 2618 440 με
2651 367 2710 421 ὲν
2762 368 2829 438 τῇ
2859 368 2928 437 γῇ
2956 406 2970 431 ,
3020 364 3053 436 ἢ
3086 361 3484 434 Κατέστρεψάν
3521 378 3589 431 με
3618 361 3699 424 είς
3728 362 3833 430 τὴν

572 494 804 545 terram;
850 492 950 549 ego
983 486 1160 531 tamen
1196 492 1225 528 a
1258 475 1614 530 meditatione
1656 483 1749 527 aut
1781 472 1848 526 ab
1889 471 2152 527 observa-

575 576 722 629 tione
750 568 1131 625 mandatorum
1164 575 1386 621 tuorum
1423 582 1533 620 non
1567 564 1794 620 recessi.

648 665 808 718 Vens.
844 661 932 716 88.
976 658 1274 713 Secundum
1310 659 1731 712 misericordiam
1763 667 1906 709 tuam
1945 654 2151 722 vivi/ica

2254 467 2378 534 γῆν.
2428 460 2569 531 Ἐγὼ
2599 462 2657 514 δὲ
2689 460 2803 513 οὐδ’
2850 458 3025 521 οὕτως
3049 456 3297 527 ἀπέστην
3328 455 3430 527 τῆς
3464 453 3699 525 μελέτης
3733 455 3835 507 καὶ

2255 557 2506 626 φυλακῆς
2537 553 2645 606 τῶν
2675 552 2905 605 ἐντολῶν
2932 568 3048 603 σου.

2326 645 2491 701 Κατὰ
2541 646 2608 698 τὸ
2643 644 2819 709 ἔλεός
2871 656 2987 695 σου
3022 640 3210 709 ζῆσόν
3237 656 3328 706 με.
3352 638 3449 693 καί
3477 636 3728 705 φυλάξω
3757 634 3835 687 τὰ

574 774 674 821 me,
700 767 745 809 et
768 753 1065 808 custodiam
1091 753 1391 806 testimonia
1423 753 1528 804 oris
1561 751 1658 802 tui.
1687 750 1744 801 lu
1775 745 2151 802 misericordia

2271 740 2546 807 καρτύρια
2599 737 2705 791 τοῦ
2763 734 3064 804 στόματός
3118 750 3257 788 σου,
3304 732 3391 783 Ἑν
3421 730 3499 801 τῷ
3531 730 3669 782 ἐλέει
3732 744 3833 780 σου

578 860 667 903 tua
697 848 908 902 viviﬁca
940 861 1044 911 me,
1072 853 1335 914 tanquam
1372 842 1704 896 misericors.
1743 840 1807 893 Et
1832 841 1896 893 de
1924 839 2007 892 his
2030 851 2153 890 ver-

575 939 660 992 bis
692 953 705 990 :
757 935 973 1002 Viviﬁca
1005 950 1104 998 me,
1165 934 1274 999 jam
1312 931 1567 999 superius
1593 929 1795 982 dictum
1825 933 1927 979 est.
1968 922 2152 978 Testi-

582 1028 767 1081 monia
795 1041 922 1080 vero
948 1025 1061 1079 oris
1094 1025 1194 1087 tui,
1226 1038 1287 1077 ea
1324 1024 1465 1089 dico,
1508 1038 1629 1091 quae
1653 1020 1823 1089 Moysi
1856 1018 2150 1073 mandasti.

649 1120 815 1173 Vens.
844 1118 931 1171 89.
968 1116 1028 1169 In
1056 1116 1331 1182 saxulum,
1360 1114 1597 1179 Domine,
1630 1112 1839 1166 verbum
1867 1121 2014 1164 tuum
2039 1126 2157 1178 per-

580 1221 755 1263 manet
787 1208 839 1261 in
869 1208 1015 1262 cwlo.
1059 1208 1367 1261 Mandatum
1411 1218 1564 1261 tuum
1611 1203 2063 1260 incommutabile
2099 1202 2153 1257 in

580 1300 721 1352 ctelo
752 1314 969 1366 semper
1002 1307 1304 1365 permanet.
1344 1296 1500 1357 illud.
1540 1297 1783 1365 inquam,
1816 1294 2154 1358 mandatum,

582 1402 691 1455 quo
722 1386 922 1439 cwlum
959 1387 1011 1438 in
1049 1400 1150 1440 suo
1178 1401 1394 1454 semper
1424 1385 1615 1439 ordine
1641 1384 1977 1439 continetur.

658 1477 823 1529 Vens.
847 1475 936 1530 90.
976 1474 1037 1527 In
1067 1475 1456 1542 generationem
1477 1486 1522 1527 et
1554 1473 1940 1543 generationem
1965 1472 2156 1526 veritas

586 1573 699 1615 tua.
738 1561 952 1615 Veritas
984 1562 1145 1629 hujus
1181 1562 1424 1615 mandati
1469 1561 1522 1613 in
1553 1561 1700 1614 omni
1744 1576 1959 1629 semper
1992 1575 2158 1629 gene-

590 1653 806 1705 ratione
833 1662 1096 1705 constans
1125 1661 1404 1720 permanet
1438 1666 1451 1702 :
1486 1661 1537 1705 et
1569 1654 1702 1706 ordo
1735 1652 1907 1706 semel
1950 1651 2158 1705 consti-

589 1752 760 1807 tutus,
796 1743 848 1794 in
882 1744 1096 1796 diversa
1132 1758 1236 1796 non
1264 1751 1528 1796 mutatur.
1734 1806 1741 1812 ι

661 1833 826 1889 Vens.
862 1835 949 1888 9|.
988 1834 1255 1887 Fundasti
1292 1845 1510 1898 terram,
1540 1844 1590 1888 et
1631 1845 1900 1905 permanet
1942 1836 2162 1890 ordina-

589 1928 727 1979 tione
769 1936 881 1978 tua.
938 1925 1062 1978 Haec
1111 1929 1273 1979 etiam
1335 1935 1615 1996 permanet
1650 1927 1996 1983 ordinatione
2040 1936 2158 1995 tua,

588 2021 692 2073 hoc
720 2027 823 2082 est,
860 2018 1320 2087 quemadmodum
1357 2030 1410 2073 tu
1439 2019 1782 2090 disposuisti.

666 2103 977 2157 Persecerat
1007 2104 1135 2167 dies,
1163 2107 1413 2173 quoniam
1437 2110 1613 2161 omnia
1630 2112 1859 2163 serviunt
1881 2110 1993 2164 tibi.
2031 2110 2162 2166 Per-

593 2203 777 2248 manet
807 2194 946 2259 dies,
992 2203 1049 2247 ut
1084 2196 1374 2249 ordinasti.
1410 2198 1708 2268 Autiquum
1745 2203 1891 2255 enim
1936 2212 2098 2273 atque
2130 2217 2161 2256 a

590 2292 643 2339 te
676 2293 938 2338 statutum
983 2286 1228 2339 ordinem
1260 2298 1573 2343 conservat.
1608 2292 1782 2361 Hujus
1814 2303 1993 2347 autem
2036 2309 2163 2363 per-

594 2376 918 2428 severantiae
942 2390 1108 2428 causa
1130 2388 1233 2438 est,
1264 2382 1391 2447 quia
1420 2380 1555 2444 huic,
1582 2390 1634 2435 et
1658 2384 1762 2436 alia
1788 2386 1967 2438 omnia
2002 2385 2163 2439 simul

590 2462 687 2515 tibi
721 2462 992 2525 serviunt,
1024 2474 1075 2515 et
1117 2466 1376 2518 mandato
1408 2477 1525 2528 tuo,
1574 2483 1681 2522 non
1723 2486 1881 2525 secus
1912 2487 1975 2525 ac
2019 2473 2164 2526 servi

590 2549 814 2603 domino
869 2565 995 2610 suo,
1052 2550 1460 2619 obtemperant.
1514 2556 1690 2610 Altius
1744 2560 1906 2611 etiam
1966 2559 2167 2614 intelli-

591 2633 811 2704 gendo:
846 2631 1078 2687 Verbum
1130 2643 1283 2688 tuum
1320 2637 1376 2691 in
1430 2640 1569 2693 caelo
1608 2657 1821 2712 semper
1863 2655 2166 2712 permanet,

601 2727 743 2795 apud
779 2728 1021 2795 angelos.
1058 2726 1339 2782 Facientes
1376 2731 1520 2784 enim
1558 2733 1753 2802 inquit,
1794 2735 2003 2790 verbum
2032 2739 2171 2806 ejus.

599 2817 659 2871 In
694 2820 1105 2887 generationem
1144 2822 1304 2873 etiam
1349 2833 1401 2876 et
1439 2827 1846 2892 generationem
1875 2832 2084 2901 antiqui
2116 2845 2172 2889 et

598 2910 723 2960 novi
758 2910 941 2977 populi
973 2918 1056 2964 est
1099 2913 1305 2966 veritas
1336 2922 1424 2966 tua
1462 2931 1476 2968 :
1511 2915 1623 2980 illa,
1666 2918 1911 2989 inquam,
1945 2926 2170 2990 veritas,

596 3014 717 3070 qua:
740 3008 821 3055 est
850 3001 903 3054 in
937 3002 1072 3070 lege.
1102 3003 1256 3071 Apud
1284 2998 1575 3076 utramque
1599 3010 1742 3063 enim
1767 3016 2169 3080 generationem

591 3092 820 3143 verbum
877 3099 1029 3144 tuum
1084 3108 1273 3148 verum
1326 3113 1449 3152 esse
1497 3100 1847 3168 praedicatur.
1909 3106 2168 3164 Fundasti

597 3182 763 3235 etiam
800 3180 1130 3248 Ecclesiam,
1176 3195 1229 3240 et
1262 3188 1315 3241 in
1357 3192 1671 3261 evangelica
1704 3210 1822 3248 eam
1856 3197 1960 3252 [ide
2000 3202 2170 3256 stabi-

596 3273 711 3327 listi
744 3290 756 3324 :
794 3272 1092 3329 Ecclesiam
1119 3277 1262 3342 dico,
1301 3295 1422 3349 quae
1455 3293 1613 3336 antea
1654 3293 1794 3338 terra
1828 3290 2023 3343 merito
2065 3293 2170 3347 dici

595 3370 834 3430 poterat,
870 3365 995 3432 quia
1035 3374 1252 3420 terrena
1284 3370 1554 3438 sapiebat,
1591 3382 1645 3426 et
1686 3374 1741 3429 in
1785 3380 2019 3436 terrenis
2049 3396 2170 3436 ver-

597 3453 847 3507 sabatur.
883 3453 1118 3524 ideoque
1152 3468 1452 3526 permanet,
1487 3471 1547 3514 ut
1576 3465 1865 3525 ordinasti.
1894 3468 1956 3522 Et
1984 3487 2172 3539 quan-

596 3558 763 3611 quam
794 3545 963 3598 multa
999 3552 1383 3616 tentationum,
1415 3568 1477 3606 ac
1502 3558 1943 3623 persecutionum
1975 3566 2168 3632 maria,

567 3637 656 3707 ,ιιι
691 3632 761 3684 ita
805 3633 1006 3699 dicam,
1055 3639 1211 3704 quasi
1270 3653 1508 3696 oceanus
1543 3643 1790 3711 quidam,
1826 3649 2068 3720 undique
2111 3653 2168 3708 in

594 3734 712 3774 eam
743 3723 1023 3789 irrueriut,
1059 3741 1164 3780 non
1205 3737 1386 3783 tamen
1417 3732 1679 3789 adversus
1705 3751 1824 3790 eam
1864 3743 2166 3807 przevalue-

598 3822 746 3873 runt.
793 3813 1109 3870 Perseverat
1149 3819 1313 3872 etiam
1360 3823 1501 3886 dies,
1548 3823 1651 3879 hoc
1689 3838 1793 3891 est,
1838 3832 2058 3898 pietatis
2105 3851 2169 3891 ac

2256 832 2423 903 ζῆσόν
2452 848 2540 900 με,
2567 830 2644 893 ὡς
2677 828 2930 897 ἐλεήμων
2961 826 3088 895 περὶ
3125 825 3220 877 τοῦ
3252 824 3461 892 Ζῆσόν
3477 838 3553 890 με
3574 818 3843 890 προείρτδς

2255 942 2365 977 ται.
2399 922 2481 975 Τά
2508 921 2793 992 μαρτύρια
2824 919 2880 971 δὲ
2917 917 3012 972 τοῦ
3051 916 3323 987 στόματός
3376 932 3503 981 σου,
3540 912 3575 967 ἃ
3616 909 3836 980 ὑπηγό-

2260 1030 2458 1085 ρευσας
2475 1013 2551 1081 τῷ
2580 1012 2833 1065 Μωῦσεῖ.
3320 1058 3339 1079 ,

2332 1108 2436 1171 Εις
2464 1103 2572 1157 τὸν
2593 1103 2799 1167 αἰῶνα,
2822 1102 3022 1168 Κύριε,
3054 1102 3088 1154 ὀ
3116 1104 3297 1170 λόγος
3322 1115 3436 1153 σου
3467 1097 3730 1165 διαμένει
3764 1095 3837 1149 ἐν

2257 1198 2338 1264 τῷ
2368 1195 2623 1265 οὐρανῷ.
2679 1196 2791 1248 Ἀεὶ
2819 1194 2877 1246 τὸ
2904 1192 3237 1263 πρόσταγμά
3261 1209 3352 1243 σου
3390 1191 3686 1243 ἀσάλευτον
3715 1188 3836 1239 δια.

2265 1292 2419 1361 μένει
2468 1290 2525 1344 ὲν
2578 1287 2656 1358 τῷ
2700 1286 2918 1357 οὐρανῷ
2943 1301 2958 1316 °
2986 1285 3049 1338 τὸ
3083 1284 3214 1354 περὶ
3259 1285 3358 1352 τῆς
3400 1282 3609 1347 τάξεως
3637 1279 3834 1344 αὑτοῦ,

2261 1382 2482 1451 συνέχον
2516 1380 2679 1433 αὑτὸν
2704 1380 2761 1432 ὲν
2786 1379 2947 1447 αὐτῇ.

2330 1476 2435 1538 Εις
2468 1472 2685 1540 γενεὰν
2712 1472 2809 1523 καὶ
2844 1468 3064 1537 γενεὰν
3115 1469 3147 1537 ἠ
3192 1465 3448 1535 ἀλήθειά
3474 1479 3612 1519 σου.
3656 1462 3771 1515 Ἀεὶ
3802 1463 3837 1529 ἡ

2260 1565 2491 1635 ἀλήθεια
2520 1563 2614 1617 τοῦ
2647 1563 3071 1633 προστάγματός
3106 1579 3202 1614 σου
3290 1560 3379 1612 διὰ
3426 1558 3605 1627 πάσης
3639 1556 3840 1623 γενεᾶς

2260 1657 2539 1728 ἀληθεύει,
2562 1655 2638 1727 μὴ
2662 1656 3121 1727 μετακινηθείσης
3145 1654 3244 1724 τῆς
3269 1651 3583 1724 ὁρισθείσης
3603 1650 3839 1713 τάξεως.

2345 1837 2785 1906 Ἐθεμελίιυσας
2815 1834 2929 1902 τὴν
2956 1833 3097 1905 γῆν,
3139 1832 3239 1886 καί
3271 1832 3537 1901 διαμένει
3588 1828 3658 1897 τῇ
3714 1829 3842 1880 δια-

2264 1929 2431 1995 τάξει
2453 1944 2591 1982 σου.
2625 1927 2884 1997 Διαμένει
2935 1929 3031 1981 καὶ
3063 1927 3206 1996 αὕτη
3237 1926 3294 1978 ὲν
3321 1927 3386 1994 τῇ
3422 1922 3662 1985 διατάξει
3720 1938 3837 1980 σου,

2263 2024 2340 2087 ὡς
2361 2022 2614 2092 διετάγη.

2337 2115 2605 2183 Διαμένει
2635 2112 2673 2179 ἡ
2710 2111 2923 2181 ἡμέρα,
2957 2111 3045 2165 ὅτι
3067 2110 3140 2164 τὰ
3159 2110 3483 2179 σύμπαντα
3510 2105 3703 2159 δοῦλα
3735 2102 3836 2156 σά.

2267 2207 2528 2276 Διαμένει
2588 2204 2865 2276 ήήμέρα,
2923 2203 2997 2266 ὡς
3035 2202 3399 2274 προσέταξας,
3458 2197 3706 2269 τηροῦσα
3737 2195 3837 2263 τὴν
3912 2188 3917 2189 ⁷

2271 2297 2408 2349 ἰδίαν
2437 2295 2592 2362 τάξιν
2616 2336 2629 2349 .
2679 2296 2863 2349 Αἴτιον
2908 2294 2963 2346 δὲ
2995 2298 3094 2363 τῆς
3124 2292 3381 2359 τοιαύτης
3416 2289 3679 2358 διαμονῆς
3701 2327 3715 2351 ,
3758 2287 3840 2338 ὅτι

2268 2389 2363 2441 καὶ
2390 2388 2564 2442 ταῦτα
2593 2386 2687 2439 καὶ
2711 2388 2847 2455 ὁμοῦ
2880 2388 3059 2438 πάντα
3089 2383 3253 2437 δοῦλα
3284 2384 3369 2436 σά.
3403 2382 3548 2433 Διότι
3595 2380 3691 2432 καὶ
3722 2378 3841 2430 πεί·

2271 2480 2457 2533 θονται
2491 2479 2568 2549 τῷ
2601 2479 2988 2547 προστάγματι
3012 2475 3106 2528 τοῦ
3143 2475 3440 2536 Δεσπότου,
3476 2471 3731 2540 καθάπερ
3764 2487 3840 2521 τι-

2271 2572 2358 2635 νὲς
2392 2572 2608 2625 δοῦλοι·
2648 2571 2792 2624 κατά
2821 2570 2877 2622 δὲ
2914 2569 3253 2638 ὑψηλοτέραν
3287 2567 3539 2635 θεωρίαν,
3591 2565 3678 2617 ἀεὶ
3718 2565 3842 2616 δια-

2277 2666 2425 2735 μένει
2463 2666 2519 2715 ὲν
2543 2664 2619 2733 τῷ
2647 2661 2865 2732 οὐρανῷ
2893 2662 3041 2730 παρά
3074 2663 3184 2721 τοῖς
3210 2653 3463 2726 ἀγγέλοις
3482 2658 3508 2708 ὁ
3536 2657 3693 2721 λόγος
3724 2672 3843 2708 σου.

2273 2750 2599 2815 Ποιοῦντες
2621 2751 2752 2819 γὰρ,
2796 2752 2951 2818 φησι,
2999 2748 3103 2802 τὸν
3131 2750 3317 2817 λόγον
3343 2745 3549 2799 αὐτοῦ.
3568 2745 3655 2797 Ἐν
3676 2746 3844 2815 γενεᾷ

2274 2841 2330 2893 δὲ
2393 2843 2488 2895 καὶ
2543 2845 2744 2912 γενεᾷ,
2806 2846 2871 2912 τῇ
2934 2860 2993 2894 τε
3063 2840 3157 2894 τοῦ
3224 2838 3454 2893 παλαιοῦ
3503 2839 3597 2892 καὶ
3642 2840 3708 2907 τῇ
3750 2836 3843 2889 τοῦ

2275 2931 2419 2995 νέου,
2479 2933 2511 3002 ἡ
2575 2932 2807 3002 ἀλήθειά
2864 2950 2957 2985 σου
3008 2934 3136 3002 ήέν
3182 2932 3259 3001 τῷ
3290 2930 3631 3001 νόμῳ.‹Παρ’
3665 2932 3846 2998 ἀμφο-

2276 3022 2458 3093 τέροις
2543 3024 2648 3094 γὰρ
2716 3024 2923 3093 ἀληθὴς
2983 3019 3134 3087 οὗτος
3196 3022 3557 3093 ὁμολογεῖται.
3622 3020 3841 3088 Ἐθεμε-

2277 3113 2478 3176 λίωσας
2514 3115 2571 3167 δὲ
2600 3115 2702 3185 τὴν
2746 3115 3077 3186 Ἐκκλησίαν
3119 3117 3214 3169 καὶ
3245 3115 3558 3185 ἡδραίωσας
3584 3112 3758 3181 αὐτὴν
3790 3114 3844 3161 ἐν

2277 3209 2342 3274 τῇ
2373 3205 2556 3259 πίστει
2581 3205 2676 3259 τοῦ
2701 3207 3039 3275 Εὑαγγελίου
3062 3224 3075 3237 ’
3104 3207 3209 3276 γῆν
3246 3208 3512 3277 πρότερον
3542 3203 3733 3266 οὖσαν.
3754 3202 3845 3255 καὶ

2279 3296 2443 3364 γήϊνα
2477 3296 2809 3364 φρονοῦσαν,
2837 3296 2933 3350 καὶ
2964 3296 3093 3367 περὶ
3119 3296 3187 3349 τὰ
3220 3291 3386 3366 γήϊνα
3416 3297 3748 3365 συρομένην·
3768 3291 3845 3343 διὸ

2281 3389 2373 3438 καὶ
2400 3386 2667 3455 διαμένει,
2711 3389 2785 3450 ὡς
2839 3388 3091 3453 διετάξω·
3137 3388 3351 3441 πολλῶν
3390 3387 3489 3457 μὲν
3519 3384 3843 3455 πειρασμῶν

2277 3478 2417 3548 αὐτῇ
2463 3481 2926 3550 προσρηξάντων,
2996 3480 3213 3543 οὐδενὸς
3261 3481 3319 3534 δὲ
3349 3479 3554 3550 ταύτης
3583 3475 3845 3546 κατισχύ-

2280 3588 2496 3634 σαντος.
2527 3573 2783 3640 Διαμένει
2813 3573 2868 3625 δὲ
2895 3575 2927 3643 ἠ
2955 3573 3158 3644 ἡμέρα,
3189 3574 3465 3635 τουτέστι,
3500 3572 3563 3624 τὸ
3595 3570 3715 3639 φῶς
3749 3569 3843 3636 τῆς

2278 3662 2582 3726 εὐσεϐείας,
2613 3663 2750 3733 ὅπερ
2780 3664 3022 3715 ἀνέτειλε
3049 3703 3065 3728 ,
3110 3664 3198 3716 διὰ
3224 3663 3318 3716 τοῦ
3361 3662 3742 3732 κηρύγματος,
3773 3657 3844 3727 μὴ

2274 3753 2609 3821 τεμνόμενον
2658 3754 2691 3823 ἢ
2756 3755 3118 3824 σϐεννύμενον
3151 3756 3254 3808 ὑπὸ
3323 3755 3420 3824 τῆς
3466 3752 3845 3822 ἀντικειμένης

2274 3842 2581 3911 δυνάμεως.
2618 3844 2980 3913 Προφητικῶς
3006 3846 3062 3899 δὲ
3090 3845 3282 3899 ταῦτα.
3385 3860 3416 3894 ο

596 3903 875 4009 I'cligionis
911 3906 1117 3974 lumen,
1153 3911 1489 4018 quodsimul
1522 3932 1585 3970 ac
1615 3934 1681 3971 ex
1714 3920 1995 3991 Evangelii
2030 3930 2418 3995 praedicatione
2455 3946 2635 3989 ortum
2667 3945 2834 4007 atque
2896 3954 3188 3994 accensum
3243 3945 3349 4001 est,
3416 3937 3484 3990 ab
3543 3935 3840 3991 adversarii

597 4191 720 4278 tunc
749 4185 885 4251 forte
917 4188 1189 4278 periissem
1219 4191 1273 4243 in
1299 4192 1596 4250 humilitate
1621 4216 1756 4253 mea.
1786 4202 1925 4271 Nisi,
1968 4163 2168 4278 inquit:

596 4288 663 4326 ea
692 4274 760 4329 de
790 4290 956 4330 causa
992 4276 1218 4335 fuissem
1263 4281 1554 4351 liberatus,
1584 4288 1713 4356 quia
1748 4295 1970 4349 assidue
1994 4274 2171 4352 medi-

599 4375 685 4418 tor
728 4367 899 4435 legem
937 4374 1111 4435 tuam,
1145 4374 1334 4439 procul
1379 4373 1546 4430 dubio
1588 4381 1993 4440 calamitatibus
2040 4399 2169 4445 tunc

597 4457 793 4524 majori
829 4459 882 4511 in
911 4475 998 4514 me
1022 4477 1145 4516 cum
1177 4464 1379 4533 impetu
1412 4468 1769 4539 irruentibus,
1800 4480 2085 4544 periissem
2115 4484 2169 4537 in
2207 4458 2246 4511 Β

598 4547 896 4604 afﬂictione
922 4568 1061 4606 mea.

676 4638 835 4695 Vens.
874 4643 964 4697 95.
1008 4646 1075 4701 In
1104 4653 1359 4706 saeculum
1389 4670 1489 4708 non
1516 4657 1802 4714 obliviscar
1826 4662 2175 4735 justiﬁcatio-
2228 4722 2229 4725 η

599 4744 687 4781 nes
729 4743 848 4785 tuas
883 4749 901 4787 :
941 4738 1068 4803 quia
1117 4741 1170 4793 in
1208 4743 1337 4810 ipsis
1384 4745 1663 4813 viviﬁcasti
1707 4766 1807 4803 me.
1851 4749 1957 4806 Per
2001 4764 2174 4810 totum

600 4822 886 4886 saeculum,
925 4826 1380 4895 justiﬂcationum
1434 4842 1651 4890 tuarum
1694 4844 2015 4897 memoriam
2066 4862 2176 4904 non

600 4911 849 4965 amittam
887 4935 899 4969 :
935 4921 1196 4985 quoniam
1242 4936 1339 4989 per
1371 4938 1432 4977 ea
1462 4932 1517 4978 tu
1553 4944 1637 4982 me
1672 4928 1786 4999 jam
1824 4948 1964 5002 pene
1996 4939 2181 5006 exspi-

600 5013 815 5097 rantem
849 5007 1163 5065 viviﬁcasti.
1196 5014 1324 5068 ideo
1359 5024 1541 5071 autem
1582 5018 1842 5078 liberatus
1873 5040 2013 5093 sum,
2045 5030 2171 5097 quia

599 5092 774 5163 legem
798 5104 958 5152 tuam
997 5103 1324 5162 meditabar.

672 5185 837 5280 Vens.
877 5191 965 5244 94.
1004 5191 1145 5246 Tuus
1175 5211 1289 5248 sum
1319 5215 1433 5269 ego,
1469 5210 1518 5254 et
1550 5204 1753 5258 salvum
1795 5223 1874 5261 me
1909 5208 2015 5277 fac,
2048 5212 2172 5280 quia

591 5277 1009 5346 justiﬁcationes
1043 5293 1158 5339 tuas
1198 5291 1473 5355 exquisivi.
1513 5292 1789 5365 Scriptum
1825 5308 1909 5351 est
1942 5277 2086 5355 enim
2116 5303 2170 5356 in

601 5370 718 5439 lege
752 5380 866 5436 tua,
901 5376 1045 5442 quod
1072 5379 1167 5445 qui
1207 5378 1395 5435 fecerit
1428 5401 1521 5439 eas
1549 5387 1995 5456 justilicationes,
2030 5392 2173 5447 vivet

600 5461 656 5514 in
688 5462 787 5515 eis.
822 5463 1092 5530 Quoniam
1142 5470 1309 5539 igitur
1338 5489 1437 5543 ego
1471 5486 1597 5529 tuus
1618 5494 1762 5543 sum,
1800 5481 1947 5534 salva
1990 5499 2075 5538 me
2105 5486 2171 5541 ab

602 5550 1026 5648 insidiatoribus
1069 5561 1228 5616 meis.
1266 5561 1416 5618 Tuus
1455 5576 1636 5620 autem
1685 5583 1827 5638 sum,
1860 5574 2027 5630 veluti
2076 5578 2170 5647 qui

601 5642 1023 5707 iustiﬁcationes
1055 5658 1180 5706 tuas
1210 5659 1328 5707 toto
1352 5655 1517 5711 corde
1543 5661 1796 5729 exquiro.

2346 4130 2414 4182 El
2434 4127 2518 4195 μὴ
2545 4129 2634 4181 ὅτι
2675 4133 2707 4183 ό
2737 4133 2921 4199 νόμος
2947 4145 3064 4185 σου
3110 4132 3331 4201 μελέτη
3365 4148 3485 4200 μου
3515 4130 3673 4191 ἐστι,
3719 4128 3848 4180 τότε

2278 4222 2355 4277 ἂν
2388 4225 2717 4293 ἀπωλόμην
2747 4226 2818 4277 ἐν
2854 4223 2931 4293 τῇ
2964 4224 3319 4278 ταπεινώσει
3346 4242 3487 4293 μου.
3513 4225 3574 4275 Εἰ
3612 4223 3690 4293 μὴ
3722 4223 3850 4273 διότι

2277 4316 2305 4365 ὁ
2340 4315 2504 4383 νόμος
2546 4332 2641 4368 σου
2687 4316 2887 4387 μελέτη
2946 4334 3046 4385 μου
3083 4319 3230 4369 ἐστὶν
3252 4317 3599 4386 ἀπηλλάγην,
3634 4317 3759 4367 τότε
3788 4312 3851 4366 ἂν

2280 4404 2555 4458 ἀπέθανον
2593 4406 2652 4459 ἑν
2679 4409 2746 4478 τῇ
2781 4408 3126 4477 κακοπαθείᾳ
3153 4426 3279 4478 μου,
3346 4391 3714 4478 σφοδρότερον
3739 4408 3857 4459 ἑπι-

2278 4497 2527 4566 θεμένων
2559 4515 2651 4568 μοι
2674 4500 2781 4554 τῶν
2813 4500 3164 4569 πειρασμῶν.

2335 4672 2441 4735 Εἰς
2468 4670 2575 4724 τὸν
2603 4670 2791 4726 αἰῶνα
2830 4673 2901 4725 οὑ
2922 4673 3009 4741 μὴ
3040 4671 3406 4740 ἐπιλάθωμαι
3442 4671 3564 4724 τῶν
3615 4671 3851 4724 61mm-

2268 4763 2475 4831 μάτων
2501 4778 2638 4827 σου,
2663 4763 2751 4817 ὅτι
2782 4764 2851 4816 ἐν
2880 4763 3079 4829 αὐτοῖς
3107 4762 3326 4828 ἕζησάς
3350 4780 3446 4831 με.
3468 4763 3610 4830 Παρ⁹
3628 4764 3755 4815 ὅλον
3770 4763 3851 4815 τδν

2274 4852 2447 4905 αἰῶνα
2477 4853 2536 4905 οὐ
2571 4853 2645 4923 μὴ
2676 4854 3026 4922 ἐπιλάθωμαι
3052 4854 3391 4907 αὑτῶν,“οτι
3424 4853 3491 4905 δι’
3517 4853 3665 4905 αὐτὰ
3692 4855 3848 4915 Kano-

2278 4945 2511 5014 ποίησάς
2540 4963 2607 5015 με
2633 4947 3100 5015 ἀποπνιγόμενον.
3126 4947 3274 4999 Διότι
3297 4946 3407 5015 γὰρ
3439 4946 3681 5015 μελέτην
3713 4942 3852 5012 εῗχον

2280 5039 2372 5091 τὸν
2403 5036 2570 5108 νόμον
2604 5055 2722 5103 σου,
2759 5036 3106 5110 ἀπηλλάγην.

2348 5216 2462 5281 Σός
2489 5219 2604 5287 εἰμι
2630 5218 2767 5287 ἐγὼ,
2787 5216 2997 5272 σῶσόν
3011 5235 3108 5287 με,
3141 5218 3230 5273 ὅτι
3253 5220 3325 5273 τὰ
3342 5219 3711 5285 δικαιώματά
3739 5239 3849 5274 σου

2278 5308 2631 5375 ἐξεζήτησα,
2692 5311 3009 5378 Γέγραπται
3062 5311 3170 5381 γὰρ
3236 5311 3295 5363 ὲν
3344 5310 3419 5374 τῷ
3466 5311 3640 5379 νόμῳ,
3704 5314 3786 5364 δτι
3824 5311 3851 5365 ὀ

2281 5403 2515 5471 ποιήσας
2539 5401 2700 5463 αὐτὰ,
2724 5402 2950 5469 ζήσεται
2983 5402 3040 5453 ὲν
3063 5402 3248 5464 αὐτοῖς
3269 5417 3284 5433 ·
3315 5404 3439 5455 ἐπεὶ
3463 5398 3557 5455 οὖν
3591 5403 3687 5465 σός
3713 5406 3846 5471 εἰμι,

2280 5493 2453 5546 σῶσόν
2476 5510 2544 5563 με
2567 5496 2674 5547 ἀπὸ
2701 5496 2808 5546 τῶν
2834 5494 3296 5550 ἐπιϐουλευόντων
3320 5497 3547 5567 μοι-,σὸς
3576 5498 3691 5567 γὰρ
3718 5498 3845 5569 ἐγὼ,

2278 5585 2353 5648 ὡς
2382 5584 2451 5639 τὰ
2483 5587 2551 5640 σὰ
2584 5584 2932 5656 δικαιώματα
2963 5585 3231 5659 ἐκζητῶν.
