4102 6206
309 372 453 437 llBl
994 352 1006 359 “
1477 376 1869 437 COMMENT.
1904 369 1982 435 IN
2017 376 2377 439 PSALMOS.
3401 374 3548 437 1162

392 484 539 553 Ἐμὲ
562 483 896 555 ὑπέμειναν
925 487 1263 557 ἁμαρτωλοὶ
1282 527 1298 551 ,
1332 487 1438 543 τοῦ
1462 489 1763 544 ἀπολέσαι
1787 506 1884 557 με.
1914 491 1965 551 Α

1938 491 1965 551 ι
2062 486 2228 543 Vens.
2271 486 2359 544 95.
2404 485 2492 542 lle
2517 495 2946 556 exspectaverunt
2984 496 3302 556 peccatores,
3339 498 3400 543 ut
3441 505 3558 558 per-

315 575 449 646 Ἒμὶ
479 575 833 646 ἐνήδρευσαν.
884 576 943 631 '0
975 578 1086 648 γὰρ
1119 576 1421 648 ὲνεδρεύων
1461 580 1750 649 περιμένει
1781 578 1872 631 τὸν

1983 579 2165 633 derent
2210 594 2314 632 me.
2354 576 2506 640 Mihi,
2545 575 2745 646 inquit,
2789 576 3033 633 insidiati
3079 585 3232 632 sunt.
3286 578 3417 632 Nam
3459 579 3554 650 qui

307 665 742 739 tveopeuopsvov.
1980 667 2316 725 insidiantur
2363 676 2696 739 exspectare
2743 684 2867 723 cum
2924 669 3133 735 solent,
3189 670 3276 725 cui
3328 669 3559 730 insidias

1981 759 2237 814 tendunt.

382 845 462 899 re
505 843 805 914 μαρτύριά
858 860 976 901 σου
1027 846 1293 915 συνῆκα.
1328 844 1689 909 Συνετισθεὶς
1725 845 1880 917 παρὰ

2053 849 2371 907 Testimonia
2402 862 2496 907 tua
2517 851 2782 908 intellexi.
2810 852 3141 909 Prudentior
3169 869 3199 908 a
3228 863 3280 909 te
3308 852 3558 920 ell‘cctus,

318 938 438 992 σοῦ’
470 937 552 991 διὸ
582 937 794 1003 τούτοις
814 937 1274 1011 ψυχαγωγοῦμαι.

1982 948 2149 1009 atque
2176 939 2301 996 ideo
2347 942 2402 996 in
2453 942 2564 997 illis
2598 942 2898 1014 refrigeror
2930 952 2985 997 et
3019 945 3303 999 consolor.

379 1028 593 1098 Πάσης
646 1033 1006 1098 συντελείας
1054 1028 1222 1087 εἶδον
1276 1029 1482 1100 πέρας.
1543 1031 1797 1086 πλατεῖα
1841 1032 1881 1101 ἠ

2053 1030 2221 1086 Vens.
2253 1029 2343 1086 96.
2376 1029 2558 1086 Omnis
2575 1033 3041 1087 consummationis
3057 1033 3164 1087 vidi
3184 1034 3367 1103 ﬁnem,
3396 1032 3564 1089 latum

305 1119 530 1191 ἐντολή
551 1136 671 1177 σου
700 1122 958 1192 σφόδρα.
1001 1124 1190 1196 nam;
1221 1123 1459 1192 σπουδῆς
1488 1124 1580 1177 καὶ
1609 1123 1886 1193 ἀνθρωπί-

1982 1123 2299 1177 mandatum
2351 1132 2499 1177 tuum
2553 1124 2724 1179 ualde.
2800 1121 3016 1190 Finem,
3071 1124 3272 1195 inquit,
3327 1126 3566 1195 cognovi

310 1231 413 1285 νης
438 1222 535 1269 καὶ
564 1214 889 1286 ὼιμονικῆς
941 1215 1119 1286 εγνων
1164 1216 1363 1287 πέρας.
1399 1216 1639 1271 Πλατεῖα
1691 1217 1804 1289 γὰρ
1848 1217 1885 1289 ἠ

1985 1227 2111 1267 esse
2144 1212 2200 1267 in
2251 1212 2497 1267 humano
2525 1213 2769 1281 quolibet
2797 1222 2891 1268 aut
2918 1213 3189 1269 diabolica
3221 1215 3428 1270 studio.
3458 1214 3569 1271 La-

308 1305 498 1376 ὲντολή
531 1323 625 1360 σου
656 1306 888 1378 σφόδρα,
916 1307 992 1378 μὴ
1011 1306 1424 1378 στενοχωροῦσα
1452 1308 1546 1365 τὸν
1563 1308 1715 1375 νοῦν,
1746 1295 1915 1377 ἀλλὰ,

1989 1316 2101 1358 tum
2154 1303 2303 1358 enim
2357 1303 2670 1358 mandatum
2733 1314 2879 1357 tuum
2951 1305 3349 1377 valde:ncquc
3421 1309 3566 1363 enim

306 1395 658 1450 πλατύνουσα
703 1400 844 1470 πρὸς
867 1398 1074 1467 γνῶσιν
1094 1415 1109 1432 ο
1143 1399 1237 1468 ὑφ’
1263 1394 1331 1472 ἦς
1357 1399 1514 1468 κάγὼ
1538 1399 1883 1464 πλατυνθεὶς,

1986 1393 2286 1448 humanam
2323 1402 2557 1447 mentem
2623 1400 2824 1458 arctat,
2872 1394 3121 1463 quinimo
3173 1397 3238 1451 ad
3299 1400 3571 1467 cognitio.

304 1488 480 1555 ἔγνων
531 1486 772 1559 ἑκάστης
820 1490 1135 1554 συντελείας
1171 1490 1368 1562 πέρας.
1400 1492 1470 1545 Ἦ
1519 1493 1615 1545 καὶ
1647 1492 1885 1562 ἑτέρως’

1990 1501 2113 1541 nem
2149 1493 2315 1564 atque
2356 1485 2424 1538 ad
2473 1483 2887 1554 intelligentiam
2939 1501 3060 1542 eam
3117 1487 3325 1543 dilatat.
3373 1490 3457 1545 Ab
3505 1488 3569 1547 eo

305 1578 497 1650 Πάσης
518 1582 907 1651 καταστροφῆς
930 1582 1106 1651 ἔγνων
1121 1582 1319 1655 πέρας,
1345 1585 1530 1637 ὁποῖον
1557 1584 1656 1654 μέν
1682 1586 1797 1637 ἐστι
1826 1583 1889 1637 τὸ

1989 1577 2136 1629 enim
2166 1590 2268 1643 ego
2305 1574 2569 1630 dilatatus
2599 1589 2745 1637 sum,
2792 1583 2848 1628 et
2886 1577 3047 1630 tinem
3096 1578 3280 1633 omnis
3310 1594 3572 1635 consum-

306 1671 490 1745 πέρας
530 1671 632 1742 τῆς
669 1673 933 1742 τελευτῆς
967 1674 1066 1728 τοῦ
1114 1676 1350 1741 δικαίου,
1398 1676 1584 1729 ὁποῖον
1611 1675 1670 1729 δὲ
1703 1675 1763 1728 τι
1788 1674 1890 1744 τῆς

1993 1667 2257 1721 mationis
2291 1667 2545 1737 cognovi.
2600 1663 2699 1721 Vel
2729 1665 2888 1721 aliter
2929 1683 2945 1720 :
3007 1667 3194 1723 Omnis
3227 1688 3570 1725 consumma-

306 1762 404 1817 τοῦ
454 1760 803 1834 ἁμαοτωλοῦ.
855 1760 995 1819 Εἶτα
1021 1765 1082 1818 τδ
1105 1764 1252 1836 ἑξῆς·
1287 1763 1616 1833 Πλατεῑανή
1668 1762 1887 1833 ἐντολή

2000 1759 2183 1821 tionis.
2220 1758 2327 1813 hoc
2366 1766 2471 1824 est,
2525 1755 2709 1813 omnis
2767 1757 3171 1815 destructionis
3204 1761 3364 1817 linem
3401 1763 3566 1819 novi:

302 1879 424 1918 σου
472 1861 743 1933 σφόδραί
782 1862 1130 1918 πλατύνουσα
1178 1863 1239 1916 ιν
1271 1864 1609 1934 στενοχωρίᾳ
1655 1860 1891 1929 θλίψεως

1952 1848 2179 1924 'qualis
2226 1851 2491 1907 nimirum
2540 1851 2736 1907 mortis
2768 1851 2893 1907 linis
2930 1852 3003 1907 sit
3047 1853 3199 1919 justo
3253 1855 3486 1924 homini,
3519 1867 3572 1914 et

300 1955 395 2009 τδν
432 1955 950 2027 ἐμπολιτευόμενον.
1001 1954 1180 2025 Νόμον
1219 1955 1279 2009 δὲ
1325 1955 1439 2009 νόει
1511 1954 1613 2018 τὰς
1645 1953 1888 2016 ἐντολάς.

1991 1945 2174 2018 qualis
2194 1943 2496 2015 peccatori.
2522 1940 2784 2013 Sequitur
2822 1943 3052 1999 :Latmn
3070 1949 3382 2003 mandatum
3417 1957 3568 2004 tuum

306 2049 378 2101 Ἣ
411 2048 661 2115 πλατεῖα,
693 2048 774 2119 τῷ
805 2050 881 2121 μὴ
914 2049 1302 2120 στενοχωρεῢ,
1340 2046 1477 2119 μηδὲ
1503 2044 1888 2116 ταλαιπωρίαν

1987 2038 2162 2101 valde,
2211 2036 2342 2106 quia
2377 2050 2476 2092 eos
2526 2051 2720 2091 omnes
2785 2047 3020 2105 recreat,
3053 2048 3107 2093 et
3159 2054 3350 2094 eorum
3402 2045 3568 2096 corda

303 2140 536 2210 ἐπάγειν
587 2143 637 2197 εί
679 2143 775 2196 καὶ
815 2142 965 2195 δοκεῖ
1017 2142 1133 2203 τοῖς
1163 2139 1562 2212 ῥᾳθυμοτέρως
1596 2138 1877 2201 ἐπίπονος.

1988 2129 2318 2200 dilatat,qui
2365 2126 2422 2182 in
2468 2128 2740 2200 angustiis
2777 2140 2946 2199 atque
3011 2129 3399 2188 alllictionilms
3448 2150 3570 2190 ver-

302 2247 518 2294 santur.
549 2234 653 2289 Per
682 2234 998 2288 mandatum
1039 2245 1171 2286 vero
1242 2231 1415 2303 legem
1481 2231 1747 2301 intelligo.
1781 2229 1924 2285 Vel:
1964 2224 2163 2280 Latum
2231 2230 2315 2276 est
2358 2220 2680 2275 mandatum
2743 2228 2921 2286 tuum,
2972 2237 3039 2279 eo
3096 2225 3241 2293 quod
3287 2230 3572 2297 angustias

301 2336 359 2383 et
410 2342 686 2382 mrumnas
726 2326 908 2382 nullas
955 2333 1203 2395 praestat,
1234 2324 1447 2380 tametsi
1484 2323 1762 2379 inertibus
1816 2337 1882 2377 ac
1919 2318 2088 2392 pigris
2136 2314 2451 2370 hominibus
2501 2314 2835 2369 laboriosum
2919 2315 2970 2369 id
3044 2331 3168 2371 esse
3225 2319 3499 2374 videatur.

389 2424 485 2491 Ὧς
516 2421 810 2493 ἠγάπησα
828 2422 937 2476 τὸν
971 2424 1162 2492 νόμον
1189 2439 1331 2490 σου,
1350 2423 1526 2492 Κύριε
1547 2422 1567 2476 !
1591 2420 1745 2491 ὅλην
1773 2419 1889 2487 τὴν

2060 2412 2227 2467 Vens.
2257 2410 2349 2465 97.
2375 2409 2551 2475 Quam
2579 2409 2743 2464 dilexi
2778 2410 2939 2480 legem
2973 2418 3143 2475 tuam,
3177 2410 3436 2467 Domine!
3461 2422 3572 2467 tota

305 2514 538 2584 ἡμέραν
561 2512 788 2582 μελέτη
810 2512 934 2582 μού
968 2513 1161 2567 ἐστιν.
1187 2515 1325 2566 Δίαν
1370 2514 1639 2583 ἠγάπησα
1670 2512 1762 2567 τὸν
1798 2512 1887 2565 νό-

1989 2504 2075 2559 die
2125 2502 2401 2558 meditatio
2432 2517 2549 2555 mea
2576 2510 2676 2555 est.
2733 2499 3146 2571 Valde,inquit,
3187 2505 3363 2559 amavi
3405 2506 3571 2575 legem

311 2622 415 2675 μον
443 2620 561 2667 σου,
591 2602 688 2656 καὶ
716 2601 845 2670 ὃλην
879 2601 981 2670 τὴν
1032 2601 1245 2671 ἡμέραν
1286 2602 1574 2673 ὲμμελετῶ
1600 2604 1658 2656 ὲν
1695 2599 1847 2672 αὕτῷ
1870 2617 1884 2631 ο

1996 2609 2167 2657 tuam,
2220 2603 2386 2661 atque
2417 2591 2543 2646 ideo
2607 2600 2718 2645 tota
2757 2590 2846 2646 die
2906 2594 3137 2647 meditor
3185 2593 3241 2647 in
3305 2610 3577 2665 ea:qua-

308 2693 559 2766 δηλονότι
624 2690 748 2746 καθ’
803 2692 1079 2762 ἑκάστην,
1130 2691 1263 2744 ποτὲ
1333 2694 1433 2763 μὲν
1484 2692 1891 2762 ⁸ἀναγινώσκων

1992 2702 2211 2755 cunque
2259 2686 2471 2740 scilicet
2518 2685 2664 2754 _die,
2726 2684 2885 2739 modo
2956 2685 3103 2740 illam
3152 2687 3360 2756 legens,
3413 2688 3574 2741 modo

311 2788 447 2842 αύτδ
468 2827 484 2853 ,
515 2788 649 2840 ποτὲ
677 2784 734 2838 δὲ
770 2785 1049 2855 πράττων,
1078 2784 1211 2839 ποτὲ
1243 2784 1300 2838 δὲ
1326 2784 1726 2855 διανοούμενος.

1996 2787 2181 2833 mente
2212 2776 2619 2847 contemplans,
2658 2774 2822 2831 modo
2851 2778 3015 2830 etiam
3070 2778 3330 2846 operibus
3390 2783 3573 2834 omnia

1996 2871 2312 2942 perliciens,
2355 2884 2475 2939 qua:
2511 2869 2568 2923 in
2617 2884 2681 2923 ea
2722 2870 3075 2922 mandantur.

393 2967 566 3037 Ὑπὲρ
595 2967 738 3033 τοὺς
760 2965 1014 3037 ἐχθρούς
1044 2984 1163 3036 μου
1192 2967 1491 3037 sedsetqu
1528 2983 1602 3036 με
1631 2965 1747 3033 τὴν
1790 2966 1889 3021 ἐν·

2064 2963 2231 3018 Vsns.
2264 2962 2355 3017 98.
2422 2960 2596 3030 Super
2654 2962 2896 3015 inimicos
2956 2976 3095 3014 meos
3135 2961 3440 3018 instruxisti
3488 2981 3568 3021 me

314 3057 507 3125 tolrjr
535 3072 676 3122 σου,
704 3057 797 3112 ὅτι
827 3058 916 3123 εἰς
944 3058 1053 3111 τὸν
1075 3055 1263 3113 altiora
1288 3056 1423 3127 ἐμοί
1442 3057 1634 3111 ἐστιν.
1670 3055 1889 3127 Ἐχθροὶ

1992 3058 2246 3112 mandato
2287 3065 2400 3119 tuo,
2440 3056 2563 3126 quia
2608 3055 2665 3108 in
2722 3053 2978 3108 saxulum
3022 3071 3192 3108 meum
3232 3066 3333 3115 est.
3365 3056 3573 3115 Omnes

312 3152 426 3205 τῶν
456 3150 844 3221 φυλασσόντων
865 3151 959 3205 τὸν
988 3151 1175 3221 νόμον,
1204 3149 1257 3205 οἱ
1313 3150 1389 3221 μὴ
1440 3147 1630 3204 τοῦτον
1678 3149 1886 3219 φυλάσ-

1993 3151 2088 3221 qui
2136 3150 2314 3222 legem
2353 3167 2463 3206 non
2517 3150 2836 3214 observant,
2893 3150 3097 3205 inimici
3154 3152 3372 3208 illorum
3419 3163 3572 3222 sunt,

315 3259 508 3308 σοντες
528 3282 544 3298 .
587 3241 761 3313 ’Υπὲρ
783 3240 1033 3305 τούτους,
1084 3242 1271 3311 φησὶν,
1297 3239 1606 3312 σοφώτερον
1649 3238 1893 3305 ἐδίδαξας
1920 3232 1935 3289 1

1957 3229 2095 3314 ἶηυί
2121 3258 2240 3298 eam
2275 3244 2593 3299 observant.
2661 3242 2838 3313 Super
2897 3259 3015 3308 eos,
3060 3244 3278 3314 inquit,
3335 3247 3577 3303 docuisti

318 3351 391 3405 με
416 3332 518 3405 τὴν
542 3330 768 3404 ἑντολήν
795 3347 915 3386 σου.
944 3330 1089 3384 Διότι
1116 3331 1204 3386 ἀεὶ
1224 3331 1560 3402 ἠγαπημένη
1596 3330 1688 3401 μοί
1719 3330 1888 3384 ἐστιν.

2001 3351 2088 3391 me
2142 3337 2460 3392 mandatum
2521 3343 2703 3403 tuum,
2750 3336 2877 3407 quia
2912 3337 3045 3391 illud
3124 3352 3342 3407 semper
3386 3339 3576 3397 dilexi.

319 3423 484 3479 Ὅθεν
504 3426 704 3479 ἐκεῖνοι
744 3423 844 3493 μὶν
875 3422 1124 3478 ἀδικοῦσί
1167 3439 1266 3491 με’
1320 3419 1431 3491 ἐγὼ
1483 3422 1540 3476 δὲ
1568 3422 1767 3486 αὐτοὺς
1791 3421 1893 3476 οὐκ

2000 3425 2273 3493 Quocirca
2325 3427 2400 3481 illi
2445 3427 2669 3499 quidem
2743 3443 2829 3482 tne
2882 3428 3080 3498 injuria
3153 3429 3446 3499 alliciunt;
3480 3447 3580 3504 ego

320 3516 629 3581 ἀνταδικῶ,
656 3514 965 3588 σοφώτερον
993 3514 1219 3568 ἐκείνων
1239 3513 1645 3584 δεδιδαγμένος.

1999 3533 2131 3574 vero
2182 3534 2278 3574 eos
2309 3520 2560 3580 minime.
2636 3519 2761 3589 quia
2790 3522 3052 3590 majorem
3109 3523 3319 3579 scilicet
3348 3539 3379 3579 a
3411 3533 3462 3580 te
3489 3540 3582 3581 sa-

2002 3610 2264 3681 pientiam
2302 3610 2531 3665 edoctus
2588 3609 2764 3665 sum.’

400 3698 583 3769 ’Υπὲρ
619 3697 852 3765 πάντας
895 3697 1038 3763 τοὺς
1086 3694 1488 3761 διδάσκοντάς
1524 3712 1600 3766 με
1626 3695 1891 3765 συνῆκα,

2075 3701 2246 3756 Vens.
2282 3701 2373 3756 99.
2437 3701 2608 3771 Super
2666 3718 2843 3757 omnes
2890 3702 3133 3758 docentes
3195 3722 3277 3761 me
3324 3709 3578 3775 intellexi,

317 3793 410 3848 ὅτι
454 3792 529 3848 τὰ
557 3790 853 3862 μαρτύριά
880 3806 999 3845 σου
1024 3790 1249 3860 μελέτη
1284 3790 1404 3859 μού
1434 3791 1624 3843 ἐστιν.
1656 3790 1767 3843 Καὶ
1798 3790 1895 3843 αύ-

2002 3793 2128 3862 quia
2157 3790 2454 3843 testimonia
2500 3799 2591 3842 tua
2626 3790 2902 3844 meditatio
2935 3808 3049 3846 mea
3077 3803 3178 3850 est.
3236 3796 3375 3861 Ipsis
3413 3798 3578 3851 etiam

317 3884 431 3939 τῶν
453 3884 563 3938 τῶν
582 3882 919 3938 διδασκάλων
948 3884 1150 3952 γέγονα
1185 3882 1575 3951 συνετώτερος,
1606 3881 1743 3934 διότι
1799 3897 1895 3950 με·

2002 3882 2329 3939 doctoribus
2390 3880 2527 3936 meis
2586 3882 2886 3950 sapientior
2965 3883 3191 3941 ellectus
3249 3904 3395 3954 sum,
3452 3891 3582 3958 quia

315 3973 484 4043 λὲτην
517 3972 627 4045 ἔχω
663 3975 861 4043 συνεχῆ
890 3972 986 4026 τδν
1021 3973 1362 4045 vanavana,
1394 3970 1452 4038 ὃς
1502 3970 1761 4041 φωτίζειν
1784 3966 1893 4023 οἶδε

2003 3974 2221 4030 assidue
2256 3972 2490 4027 meditor
2547 3968 2720 4043 legem
2755 3983 2924 4037 tuam,
2981 3991 3102 4044 quae
3160 3978 3472 4037 illuminare
3498 3992 3584 4037 at-

318 4064 421 4118 καλ
458 4063 700 4139 σοφίζειν
734 4062 828 4121 τὸν
853 4061 1004 4121 νοῧν.

2000 4082 2109 4136 que
2143 4066 2416 4122 instruere
2444 4064 2584 4119 solet
2614 4075 2825 4119 mentes
2860 4065 3166 4123 hominum.

418 4162 586 4229 ’Υπὲρ
615 4158 1059 4230 πρεσϐυτέρους
1090 4154 1355 4225 συνῆκα,
1395 4153 1485 4208 ὅτι
1514 4156 1621 4220 τὰς
1647 4151 1899 4220 ἐντολάς

2074 4155 2242 4212 Vens.
2271 4156 2395 4212 100.
2422 4155 2593 4224 Super
2638 4174 2786 4211 senes
2846 4158 3091 4213 intellexi
3123 4200 3140 4226 ,
3171 4163 3296 4230 quia
3328 4167 3586 4223 mandata

322 4267 445 4307 dav
482 4250 834 4320 ἐξεζήτησα.
880 4249 1055 4320 ’Υπὲρ
1086 4246 1211 4311 τοὺς
1241 4245 1631 4316 παλαιοτέρους
1672 4261 1773 4315 μου
1802 4245 1899 4297 xa‘t

2006 4261 2098 4305 tua
2130 4249 2406 4321 exquisivi.
2484 4247 2661 4320 Super
2718 4248 3062 4318 antiquiores
3128 4268 3236 4315 me,
3285 4254 3485 4325 inquit.
3530 4268 3586 4314 et

322 4344 405 4417 τῷ
437 4343 616 4417 χρόνῳ
662 4341 1061 4413 προειληφότας
1086 4352 1101 4367 ⁶
1146 4337 1298 4408 δηλοῖ
1333 4336 1392 4391 δὲ
1424 4336 1520 4391 καὶ
1563 4335 1653 4388 τὸν
1700 4333 1897 4389 Σαούλ.

2007 4342 2247 4412 majores
2276 4350 2472 4407 aetate;
2532 4350 2584 4396 et
2637 4340 2936 4396 subnotare
2967 4341 3183 4397 videtur
3220 4346 3396 4413 ipsum
3430 4350 3584 4408 Saul.

326 4436 580 4499 Τοιοῦτος
613 4435 805 4505 γέγονε
832 4435 927 4488 καὶ
955 4434 983 4487 δ
1010 4431 1232 4503 Δανιὴλ,
1265 4430 1447 4493 συνεὶς
1472 4428 1572 4499 τὴν
1595 4426 1779 4497 κρίσιν
1802 4430 1903 4497 τῆς

2009 4434 2160 4491 Talis
2198 4435 2361 4490 etiam
2399 4434 2499 4488 fuit
2544 4442 2599 4490 et
2651 4434 2861 4498 Daniel,
2908 4433 3002 4505 qui
3065 4435 3330 4493 Susanna:
3357 4454 3583 4499 causam

330 4527 622 4598 Σωσάννης
673 4527 817 4597 ὑπὲρ
840 4527 966 4590 τοὺς
999 4522 1399 4594 πρεσϐυτέρους
1427 4520 1522 4575 τοῦ
1545 4518 1698 4574 λαοῦ.
1723 4519 1904 4574 Αἴτιον

2012 4541 2178 4595 supra
2211 4541 2404 4581 omnes
2444 4523 2627 4597 populi
2665 4526 2913 4580 seniores
2960 4526 3247 4583 intellexit.
3282 4531 3376 4586 Est
3406 4544 3586 4588 autem

327 4618 388 4674 δδ
415 4620 514 4689 τῆς
535 4618 780 4682 πλείονος
802 4620 1073 4678 συνέσεως
1098 4617 1151 4687 ’ἡ
1181 4615 1477 4687 ὶκζήτησις
1498 4615 1608 4668 τῶν
1629 4613 1790 4667 θείων
1814 4613 1902 4665 ἐν·
1939 4603 1947 4656 Ι

1970 4608 1981 4652 ⁵
2012 4619 2180 4689 hujus
2224 4618 2447 4686 majoris
2478 4619 2762 4690 sapientiae
2806 4633 2968 4673 causa
3010 4618 3321 4675 divinorum
3355 4624 3590 4679 manda-

328 4712 524 4779 τολῶν,
553 4713 588 4782 ἠ
623 4711 855 4784 ἀκριϐὴς
912 4709 1111 4781 ἔρευνα
1160 4708 1255 4762 καὶ
1287 4707 1524 4778 φυλακή.
1553 4707 1818 4760 Δύνανται
1845 4703 1905 4757 δὲ

2012 4722 2196 4768 torum
2230 4713 2534 4783 inquisitio,
2567 4711 2915 4782 tliligenszue
2976 4711 3327 4782 invuszigatio
3362 4725 3445 4771 ,οι
3490 4732 3594 4774 cu-

328 4804 509 4859 ταῦτα
534 4803 789 4874 λέγεσθαι
820 4805 916 4859 καὶ
942 4805 1049 4859 ἀπὸ
1078 4801 1172 4857 τοῦ
1202 4801 1324 4854 νέου
1350 4799 1480 4853 λαοῦ
1524 4814 1547 4833 ο
1578 4798 1767 4852 τούτου
1799 4798 1907 4866 γὰρ

2014 4805 2212 4859 stodia.
2245 4803 2477 4858 Possunt
2523 4805 2683 4856 etiam
2729 4803 2842 4857 haec
2876 4802 3035 4858 verba
3094 4804 3198 4877 legi
3234 4820 3300 4862 ex
3356 4824 3590 4878 persona

330 4898 522 4969 ἐχθροὶ
552 4897 651 4969 μὶν
698 4898 751 4951 οἱ
795 4896 1059 4959 Ἰουδαῖοι,
1107 4896 1182 4955 ὡς
1218 4892 1307 4947 διὰ
1353 4892 1554 4955 παντὸς
1590 4880 1911 4961 ’ἐχθραίνον-

2017 4895 2143 4949 novi
2193 4894 2401 4965 populi,
2456 4891 2615 4961 cuju’s
2689 4893 2894 4948 inimici
2931 4903 3058 4949 sunt
3102 4894 3321 4953 Judaei:
3355 4916 3421 4954 eo
3445 4903 3592 4970 quod

330 5008 425 5056 τες
448 5008 463 5023 ο
505 4991 815 5045 διδάσκαλοι
842 4991 922 5055 δὲ,
951 4990 1031 5053 ὡς
1058 4990 1215 5043 αὐτοὶ
1255 4986 1459 5058 πρῶτοι
1491 4985 1560 5037 τὰ
1592 4984 1723 5052 ἔθνη
1775 4982 1909 5051 περὶ

2021 4986 2289 5042 adversus
2346 5000 2443 5038 eos
2486 4985 2709 5040 inimico
2758 4994 2923 5055 atque
2951 4987 3170 5044 infenso
3220 5007 3438 5061 semper
3464 5000 3595 5047 sunt

332 5084 429 5139 τοῦ
455 5085 620 5156 μόνου
646 5082 781 5138 Θεοῦ
804 5083 1113 5149 διδάξαντες
1136 5080 1231 5134 καὶ
1258 5079 1357 5142 τὰς
1386 5076 1604 5148 βίϐλους
1625 5072 1909 5145 παρασχό-

2016 5078 2219 5132 animo.
2280 5076 2391 5131 Dici
2449 5080 2612 5132 etiam
2668 5088 2898 5147 possunt
2976 5077 3146 5135 Judmi
3217 5082 3593 5148 doc:ores,en

337 5193 495 5247 μενοι
517 5192 533 5207 ο
568 5174 930 5247 πρεσϐύτεροι
960 5174 1039 5236 δὲ,
1066 5173 1141 5234 ὡς
1163 5171 1379 5241 πρῶτος
1409 5169 1558 5231 λαός.
1610 5168 1745 5232 Υἱὸς
1777 5168 1907 5236 γὰρ,

2019 5171 2167 5240 quod
2225 5168 2386 5239 primi
2453 5169 2558 5238 ipsi
2628 5177 2816 5239 gentes
2888 5169 3192 5225 docuerunt
3248 5187 3371 5228 esse
3421 5189 3590 5227 unum

337 5272 493 5342 φησὶ,
547 5269 920 5339 πρωτότοκός
956 5285 1076 5338 μου
1138 5263 1405 5334 Ἰσραήλ.
1459 5263 1631 5333 ’Υπὲρ
1686 5261 1912 5324 τούτους

2024 5259 2216 5324 Deum,
2257 5260 2532 5329 primique
2585 5275 2757 5314 sacrm
2800 5260 3096 5330 Scriptura:
3125 5262 3296 5318 libros
3349 5266 3430 5319 eis
3481 5275 3593 5319 tra-

332 5362 430 5417 οῦν
470 5362 836 5432 ὲσοφίσθημεν
858 5361 949 5413 τὸν
972 5363 1155 5429 νόμον,
1194 5356 1502 5426 σοφώτερον
1530 5353 1728 5418 αὐτῶν,
1768 5352 1911 5405 κατά

2021 5352 2303 5408 diderunt.
2337 5351 2747 5421 Appellabimus
2784 5366 2877 5407 eos
2908 5352 3071 5405 etiam
3124 5353 3394 5420 seniores,
3423 5354 3589 5410 veluti

338 5455 401 5508 τὸ
423 5455 827 5524 κεκρυμμένον,
862 5451 1110 5514 νοοῦντες
1133 5467 1146 5480 ·
1165 5449 1300 5503 διότι
1329 5448 1423 5501 καὶ
1462 5448 1646 5499 πλεῖον
1676 5444 1909 5513 ἀγαπῶ-

2023 5444 2259 5512 priorem
2297 5450 2459 5510 atque
2490 5441 2854 5510 antiquiorem
2889 5440 3148 5510 pupulum
3175 5456 3191 5494 :
3219 5439 3392 5497 Filius
3426 5462 3592 5508 meus,

342 5561 445 5616 μεν
471 5544 626 5597 αὐτά·
654 5545 725 5598 τά
739 5560 798 5596 τε
829 5542 987 5607 ἄλλα,
1019 5544 1116 5597 καὶ
1147 5543 1223 5605 ὡς
1245 5541 1315 5594 τὰ
1343 5541 1471 5610 περὶ
1502 5538 1739 5610 Χριστοῦ
1774 5553 1911 5607 προ-

2026 5533 2227 5603 iuquit,
2279 5532 2661 5601 primogenitus
2693 5529 2866 5583 Israel
2896 5531 2983 5584 “‘.
3019 5530 3194 5602 Super
3244 5533 3345 5589 llos
3377 5534 3594 5591 Judaei).

346 5633 641 5705 μηνύοντα.
2030 5625 2199 5694 igitur
2223 5639 2323 5678 nos
2354 5624 2407 5676 in
2454 5622 2570 5690 lege
2626 5620 2819 5675 melius
2877 5622 3131 5675 instructi
3194 5642 3294 5678 sun
3322 5631 3386 5681 us
3418 5643 3431 5680 :
3466 5629 3595 5697 quia

346 5712 499 5783 illam
547 5726 871 5794 sapientius,
916 5726 1069 5796 juxta
1114 5726 1449 5782 occultiores
1489 5740 1687 5782 sensus
1732 5722 2110 5794 intell'gimus.
2150 5719 2420 5785 Quocirca
2458 5715 2637 5785 magis
2690 5716 2853 5770 ctiam
2943 5731 3063 5772 eam
3141 5708 3412 5787 amamus,
3470 5738 3593 5777 cum

428 5821 501 5853 "‘
531 5819 706 5876 Exod.
740 5833 813 5883 tv,
847 5822 939 5875 52.

684 5912 955 5972 ΡΑτιιοι..
1001 5911 1120 5971 Gtt.
1150 5906 1480 5969 CXXVIII.
3127 5905 3202 5967 37
