4102 6206
557 325 707 389 1103

1761 315 2140 376 EUTHYMII
2189 315 2547 375 ZlGABENi
2607 373 2616 375 _

3657 302 3806 364 1164

547 438 738 498 multis
793 439 856 493 de
923 434 1127 494 causis.
1189 442 1298 487 ttun
1369 431 1664 502 prrecipue,
1755 432 1884 502 quia
1960 432 2142 485 omnia
2173 433 2333 486 nobis
2389 431 2781 502 praesignavit,
2873 445 2991 499 quae
3088 429 3431 499 pertinerent
3483 426 3550 480 ad
3644 424 3810 480 (31.τί-

552 548 723 594 etum.

621 623 790 682 Vens.
827 614 1054 671 101.;10
1114 611 1256 664 omni
1326 611 1409 664 via
1473 607 1630 660 mala
1671 603 1916 674 prohibui
1974 605 2128 673 pedes

2315 615 2415 666 Ἐκ
2447 611 2652 679 πάσης
2683 612 2826 666 ὁδοῦ
2852 612 3117 681 πονηρᾶς
3145 610 3430 666 ἐκώλυσα
3459 610 3599 676 τοὺς
3622 610 3818 672 πόδας

555 733 716 780 meos,
758 721 813 766 ιιι
841 707 1136 764 custodiam
1169 705 1323 758 verba
1387 710 1497 756 tua.
1559 698 1680 754 Feci
1754 699 1875 763 hoc,
1929 699 2125 768 inquit,

2241 721 2365 769 ttov,
2393 704 2552 768 ὅπως
2581 705 2656 757 ἂν
2683 705 2933 772 φυλάξω
2956 704 3094 770 τοὺς
3126 704 3349 772 λόγους
3372 718 3511 756 σου.
3552 702 3820 770 Ἐποίῃσα

557 823 624 862 ne
657 801 912 858 mandata
973 808 1063 850 tua
1112 808 1454 866 spernerem,
1498 806 1619 862 quae
1675 791 1778 844 hoc
1803 789 2019 859 jubent.

622 987 788 1042 Vens.
828 981 948 1034 102.
999 980 1040 1031 Α
1065 977 1287 1048 judiciis
1320 975 1425 1029 tuis
1469 991 1573 1028 non
1605 973 1887 1037 declinavi,
1920 973 2047 1042 quia
2077 982 2132 1024 tu

555 1080 715 1146 legem
746 1071 986 1126 statuisti
1029 1070 1176 1122 mihi.
1238 1067 1355 1121 Non
1400 1067 1586 1130 homo,
1618 1067 1708 1120 sed
1747 1065 1888 1120 Deus
1921 1083 1933 1116 :
1969 1081 2130 1134 quem

555 1185 677 1223 cmn
711 1167 981 1231 timerem,
1037 1177 1146 1215 non
1181 1158 1450 1215 declinavi
1491 1159 1556 1212 ab
1585 1157 1705 1228 ejus
1743 1157 2034 1212 mandatis.

631 1335 794 1391 Vens.
821 1335 941 1388 105.
988 1334 1158 1398 Quam
1199 1331 1375 1384 dulcia
1398 1332 1602 1400 gutturi
1633 1346 1744 1385 meo
1784 1330 1990 1399 eloquia
2021 1338 2133 1396 tua,

558 1449 714 1502 super
763 1431 860 1485 mel
893 1429 973 1482 ori
1029 1444 1162 1482 meo.
1227 1425 1457 1495 Eloquia
1503 1426 1647 1488 dico,
1718 1439 1840 1494 quae
1891 1423 2136 1492 corporis

551 1525 781 1595 quidem
816 1530 1039 1591 gutture
1071 1518 1449 1589 proferuntur,
1518 1517 1613 1573 sed
1660 1516 1909 1570 interiori
1941 1517 2138 1569 animze

557 1629 783 1696 gutture
831 1625 1142 1688 sustantur.
1183 1616 1336 1668 illam
1389 1621 1567 1668 autem
1600 1611 1854 1682 intelligit
1887 1611 2139 1679 volupta-

563 1724 692 1777 tem,
727 1723 834 1779 qua
867 1721 1058 1760 omnes
1108 1704 1142 1757 ii
1179 1703 1459 1767 fruuntur,
1533 1702 1622 1772 qui
1676 1700 2139 1756 intellectualibus

554 1803 757 1858 animae
786 1798 1045 1855 sensibus
1091 1796 1317 1866 pollent.
1354 1795 1424 1850 lis
1469 1794 1669 1849 etenim
1705 1795 1795 1862 qui
1830 1793 2138 1847 invalidiori

565 1900 696 1949 sunt
745 1889 1053 1953 stomacho,
1119 1889 1324 1956 quique
1390 1886 1571 1940 cibum
1651 1885 1791 1939 male
1864 1885 2138 1953 digerunt,

566 1986 746 2056 ipsum
775 1983 943 2038 etiam
975 1980 1078 2034 mel
1110 1993 1354 2032 amarum
1387 1977 1624 2032 videtur.

635 2076 798 2131 Vens.
835 2074 958 2129 101.
992 2073 1034 2124 Α
1081 2072 1345 2124 mandatis
1379 2071 1485 2124 tuis
1551 2070 1807 2134 intellexi,
1865 2077 2138 2138 propterea

565 2171 651 2224 odi
683 2185 888 2222 omnem
916 2166 1050 2220 viam
1078 2164 1378 2234 injustitire.
1423 2163 1505 2217 Ab
1541 2163 1647 2230 his,
1689 2164 1886 2232 inquit,
1935 2162 2142 2216 instru-

563 2273 686 2319 ctus
737 2276 860 2316 sum
923 2267 977 2314 et
1023 2257 1249 2314 eil‘ectus
1305 2257 1622 2326 sapientior.
1676 2258 1855 2326 Atque
1903 2257 2023 2313 ideo
2074 2256 2142 2311 ab

564 2345 821 2409 erunibus
867 2352 1116 2421 malignis
1155 2349 1472 2404 hominibus
1498 2362 1724 2403 aversus
1750 2363 1894 2402 sum.

637 2445 802 2498 Vens.
845 2442 966 2497 105.
1000 2441 1240 2496 Lucerna
1269 2441 1486 2509 pedibus
1519 2441 1648 2492 meis
1691 2425 1774 2492 lea:
1818 2447 1933 2503 tua,
1968 2448 2016 2491 et
2055 2437 2142 2491 lu-

565 2551 684 2589 men
724 2535 924 2588 semitis
960 2535 1108 2586 meis.
1140 2533 1390 2587 Luminis
1425 2532 1571 2585 enim
1603 2547 1666 2584 ac
1699 2531 1938 2585 lucernae
1971 2531 2144 2584 instar

567 2627 708 2682 lucis
751 2628 935 2681 radios
967 2626 1222 2678 emittens
1278 2624 1530 2678 semitam
1590 2621 1736 2674 illam
1795 2621 2140 2674 manifestam

563 2717 772 2783 reddit,
815 2731 936 2786 quae
962 2717 1027 2769 ad
1064 2716 1319 2769 virtutem
1371 2712 1612 2768 deducit.
1661 2711 1718 2765 lu
1751 2720 1908 2767 nocte
1942 2712 2140 2766 etenim

563 2809 857 2881 praesentis
891 2810 1034 2872 vitae,
1087 2814 1252 2876 atque
1299 2805 1355 2858 in
1403 2804 1693 2858 allectuum
1721 2815 2034 2860 nostrorum
2068 2813 2146 2858 te-

570 2902 775 2966 nebris,
812 2908 1016 2956 rectam
1055 2899 1214 2952 nobis
1254 2899 1340 2952 lex
1403 2898 1544 2951 viam
1579 2897 1644 2950 ad
1691 2898 1827 2951 bene
1882 2911 1944 2952 ac
1990 2898 2145 2952 beate

567 2995 858 3053 vivendum
896 2995 1256 3056 demonstrat,
1285 3005 1384 3046 nec
1414 2991 1524 3044 labi
1572 3004 1672 3044 nos
1698 2989 1824 3044 sinit
1863 2990 1918 3043 in
1949 3004 2140 3058 pecca-

566 3099 706 3147 tum.
747 3089 850 3143 Per
880 3089 1045 3157 pedes
1106 3088 1330 3152 etenim,
1379 3095 1433 3139 et
1485 3097 1582 3152 per
1626 3083 1870 3147 semitas,
1913 3084 2038 3136 vitae
2081 3097 2144 3136 ac

565 3181 1006 3236 conversationis
1047 3180 1266 3232 modum
1297 3175 1562 3243 intelligo.
1594 3172 1728 3226 Illud
1777 3173 1940 3227 etiam
1973 3174 2148 3227 scicn-

565 3273 721 3338 dum,
773 3273 916 3341 quod
950 3272 1036 3324 lex
1089 3268 1325 3321 Mosaica
1364 3266 1521 3332 juxta
1564 3265 1806 3316 litteram
1837 3263 2143 3332 intellecta,

2151 811 2154 814 ’
2230 795 2407 860 τοῦτο,
2445 795 2534 850 ἵνα
2587 797 2663 867 μὴ
2708 796 2956 868 ἀθετήσω
2987 795 3085 859 τὰς
3143 793 3360 856 ἐντολάς
3403 809 3495 846 σου
3526 793 3682 846 τοῦτο
3715 811 3819 846 κε-

2231 885 2517 941 λευούσας.

2316 977 2449 1030 Ἀπὸ
2482 977 2600 1031 τῶν
2649 979 2944 1048 χριμάτων
2971 995 3089 1033 σου
3128 981 3238 1032 οὑκ
3269 978 3576 1044 ἐξέκλινα,
3609 976 3699 1029 ὅτι
3729 974 3818 1027 σὺ

2235 1069 2678 1137 ὲνομοθέτησάς
2706 1087 2802 1138 με.
2836 1071 2950 1123 Οὐκ
2982 1069 3293 1140 ἄνθρωπος,
3321 1068 3437 1125 ἀλλ’
3465 1071 3495 1121 ό
3552 1068 3709 1130 Θεὸς,
3754 1065 3819 1119 ὃν

2237 1161 2573 1230 φοϐούμενος
2601 1163 2702 1216 οὑκ
2731 1161 3000 1226 ἐξέκλινα.
3045 1162 3363 1232 Ἀδιάφορος
3399 1161 3456 1214 δὲ
3489 1162 3524 1232 ἡ
3556 1159 3820 1224 σύνταξις

2236 1255 2329 1308 τοὺ
2359 1255 2824 1324 ἐνομοθέτησας.

2321 1349 2419 1413 Ὠς
2443 1347 2667 1416 γλυκέα
2695 1346 2774 1412 τῷ
2800 1346 3054 1416 λάρυγγί
3067 1365 3186 1416 μου
3209 1344 3278 1398 τὰ
3308 1343 3482 1412 λότιά
3503 1357 3641 1404 σου,
3659 1345 3821 1409 ὑπερ

2232 1440 2372 1507 μέλι
2407 1438 2485 1504 τῷ
2518 1441 2773 1508 στόματί
2815 1457 2957 1509 μου.
2991 1438 3080 1508 Τῷ
3126 1439 3227 1508 μὲν
3269 1437 3366 1489 τοῦ
3404 1435 3675 1506 στόματος
3725 1434 3820 1486 λά-

2241 1518 2405 1602 ρυγγί
2464 1531 2556 1584 καὶ
2604 1531 2834 1601 στόματι
2868 1529 3215 1597 λαλούμενα,
3269 1528 3349 1598 τῷ
3397 1528 3452 1580 δὲ
3486 1526 3585 1595 τῆς
3636 1525 3823 1596 ψυχῆς

2240 1622 2528 1693 νοούμενα.
2571 1622 2853 1693 Ἐμφαίνει
2902 1622 2958 1674 δὲ
2990 1622 3088 1692 τὴν
3111 1621 3197 1674 ἐπ’
3229 1621 3412 1684 αὑτοῖς
3455 1618 3664 1690 ἡδονὴν,
3695 1619 3828 1686 ἥτις

2240 1713 2516 1782 ἐγγίνεται
2571 1714 2684 1775 τοῖς
2718 1711 3054 1783 ἐρρωμένοις
3088 1711 3152 1763 τὰ
3176 1709 3540 1780 αἰσθητήρια*
3566 1710 3677 1771 τοῖς
3707 1707 3824 1776 γὰρ

2241 1806 2570 1873 κακοσίτοις,
2604 1806 2758 1874 φασὶ,
2796 1805 2890 1860 καὶ
2917 1804 2977 1857 τὸ
3011 1804 3133 1874 μέλι
3163 1802 3381 1873 πικρόν.

2323 2071 2466 2127 Ἀπὸ
2519 2070 2640 2126 τῶν
2687 2072 2946 2126 ἐντολῶν
3004 2088 3118 2126 σου
3176 2068 3440 2138 συνῆκα,
3493 2067 3594 2121 διὰ
3642 2065 3823 2120 τοῦτο

2241 2165 2506 2234 ἐμίσησα
2535 2163 2744 2220 πᾶσαν
2774 2165 2920 2218 ὁδόν
2949 2163 3205 2228 ἀδικίας.
3271 2161 3408 2216 Ἀπὸ
3456 2159 3664 2213 τούτων
3699 2162 3823 2212 ὲσο-

2243 2260 2463 2333 φίσθην,
2492 2262 2583 2314 καὶ
2604 2260 2968 2330 συνετώτερος
3002 2259 3295 2328 ἐγενόμην·
3325 2257 3402 2311 διὸ
3422 2255 3519 2310 καὶ
3547 2255 3822 2324 ἀπεστρά-

2243 2371 2349 2422 φην
2381 2355 2450 2406 τὰ
2481 2353 2713 2423 πονηρά.

2315 2447 2554 2514 Λύχνος
2582 2445 2707 2511 τοῖς
2737 2445 2885 2499 ποσί
2925 2462 3045 2513 μου
3077 2445 3109 2496 ὁ
3157 2459 3340 2511 νομος
3369 2456 3510 2508 σου,
3565 2441 3666 2494 καὶ
3696 2438 3823 2508 φῶς

2243 2539 2373 2604 ταῖς
2407 2540 2626 2606 τρίϐοις
2649 2555 2789 2607 μου.
2825 2530 2995 2601 Οὗτός
3028 2554 3094 2607 με
3136 2537 3324 2605 ὁδηγεῖ
3376 2536 3514 2604 πρὸς
3569 2534 3638 2587 τὰ
3681 2535 3824 2588 καλὰ

2242 2629 2398 2698 δίκην
2427 2629 2621 2698 λύχνου
2675 2628 2770 2682 καὶ
2819 2628 3015 2696 φωτὸς,
3053 2626 3421 2679 ὑποδεικνύων
3451 2627 3505 2678 ἐν
3532 2625 3686 2678 νυκτὶ
3723 2623 3821 2677 τοῦ

2247 2718 2362 2787 βίου
2403 2717 2495 2771 καὶ
2542 2719 2723 2770 σκότει
2749 2718 2856 2770 τῶν
2885 2717 3093 2784 παθῶν,
3126 2720 3219 2771 καὶ
3242 2719 3305 2770 οὑ
3335 2717 3631 2786 συγχωρῶν
3659 2731 3826 2785 apoc-

2245 2809 2468 2862 κόπτειν
2500 2811 2578 2871 εἰς
2628 2810 2924 2879 ἁμαρτίαν.
2969 2811 3140 2873 Πόδας
3169 2810 3224 2862 δὲ
3277 2810 3373 2862 καὶ
3411 2810 3632 2878 τρίϐους
3672 2808 3824 2876 λέγει

2245 2901 2344 2971 τὴν
2377 2900 2621 2970 πορείαν,
2663 2901 2760 2970 τὴν
2790 2901 2922 2972 πρὸς
2959 2902 3144 2956 αὑτόν.
3193 2902 3403 2965 Ἀλλως
3435 2916 3450 2930 ⁸
3485 2901 3513 2953 ὁ
3565 2903 3656 2954 διὰ
3692 2902 3825 2954 Mm-

2248 2990 2388 3053 σέως
2421 2993 2604 3060 νόμος,
2644 2991 2972 3062 σωματικῶς
3009 2994 3108 3062 μὲν
3142 2993 3578 3062 λαμϐανόμενος,
3635 2991 3825 3062 λύχνος

2247 3082 2363 3134 ἐστὶ
2394 3085 2504 3146 τοῖς
2535 3083 2624 3137 διὰ
2659 3085 2968 3154 πρακτικῆς
3000 3085 3202 3155 ἀρετῆς
3234 3084 3543 3154 βαδίζουσι·
3578 3101 3822 3154 πνευμα-

2246 3174 2410 3237 τικῶς
2430 3175 2487 3228 δὲ
2511 3176 2632 3230 νοού
2640 3194 2822 3247 μενος,
2843 3178 2956 3246 φῶς
2985 3179 3236 3248 east-toi;
3256 3178 3345 3232 διὰ
3365 3178 3460 3248 τῆς
3483 3176 3822 3250 θεωρητικῆς

2249 3269 2500 3335 γνώσεως
2540 3269 2914 3338 ἀναγομένοις.

558 3365 792 3417 lucerna
820 3363 886 3417 iis
915 3371 1018 3424 est,
1069 3360 1162 3428 qui
1219 3372 1314 3426 per
1361 3357 1509 3409 illam
1575 3357 1836 3409 virtutum
1891 3359 2143 3414 semitam
2179 3360 2460 3427 incedunt,
2495 3377 2617 3432 quae
2667 3363 2732 3418 ad
2778 3364 3028 3419 actiones
3106 3341 3365 3434 pertinet.
3451 3363 3826 3432 Spiritualiter

561 3469 696 3511 vero
733 3455 1031 3518 intellecta,
1077 3453 1302 3508 lucerna
1341 3451 1450 3505 illis
1506 3459 1610 3513 est,
1653 3449 1747 3520 qui
1781 3465 1877 3519 per
1902 3455 2382 3525 contemplationis
2432 3459 2625 3512 callem
2657 3456 2989 3513 ferunturad
3015 3458 3205 3515 Deum.

643 3547 808 3602 Vens.
852 3545 969 3599 106.
1002 3543 1189 3598 Juravi
1215 3552 1262 3596 et
1301 3542 1468 3595 statui
1520 3540 1786 3594 custodire
1818 3541 2026 3609 judicia
2051 3543 2147 3612 ju—
2177 3555 2220 3612 ο

567 3643 730 3697 stitiae
763 3651 887 3695 tute.
932 3636 1037 3692 Ubi
1089 3635 1343 3691 utilitatis
1375 3635 1519 3689 illius
1553 3635 1945 3702 experientiam
2003 3636 2145 3705 cepi,

563 3749 689 3805 qua:
744 3748 774 3786 a
816 3731 1087 3786 mandatis
1115 3730 1220 3783 tuis
1266 3729 1536 3798 provenit,
1593 3729 1775 3781 statim
1811 3727 2012 3796 juravi,
2049 3730 2149 3782 hoc

568 3839 673 3893 est,
719 3827 994 3898 pollicitus
1031 3839 1176 3888 smn,
1227 3833 1279 3874 et
1344 3821 1509 3873 statui
1567 3821 1697 3875 mihi
1744 3821 1910 3874 veluti
1940 3820 2148 3875 incom-

573 3923 837 3978 mutabile
868 3919 1274 3988 juramentum,
1297 3922 1354 3966 ut
1393 3929 1458 3968 ea
1489 3915 1865 3970 observarem.
1897 3914 2150 3971 Staluere

569 4016 711 4070 enim
745 4014 904 4074 dixit,
950 4028 1049 4082 pro
1081 4013 1367 4066 Stabilire.

641 4103 804 4159 Vens.
851 4102 970 4156 107.
1006 4101 1334 4154 Humiliatus
1364 4115 1480 4152 sum
1500 4113 1661 4167 usque
1685 4095 2101 4162 vatde,Domiue
2132 4113 2149 4150 :

566 4198 776 4266 viviﬁca
830 4209 910 4248 me
940 4195 1227 4247 secundum
1288 4192 1495 4245 verbum
1533 4199 1706 4242 tuum.
1773 4187 1899 4252 Diu,
1949 4189 2148 4258 inquit,

569 4290 891 4343 humiliatus
928 4302 1049 4341 smn
1086 4300 1116 4339 a
1156 4284 1490 4346 voluntaria,
1542 4297 1635 4335 seu
1694 4281 1856 4334 etiam
1899 4281 1966 4333 ab
1999 4282 2152 4334 invo-

567 4382 804 4437 lunzaria
863 4378 1178 4432 amictione.
1239 4374 1314 4429 De
1375 4373 1558 4428 verbis
1644 4380 1883 4426 autem:
1935 4371 2151 4438 Viviﬁca

569 4489 669 4535 me,
701 4471 812 4542 jam
849 4468 1103 4537 superius
1159 4466 1366 4521 dictum
1429 4474 1532 4528 est,
1576 4464 1646 4517 ibi
1688 4482 1699 4518 :
1738 4464 1972 4516 Adlut'sit
2005 4464 2148 4531 pavi

573 4575 748 4618 mento
782 4564 961 4615 anima
997 4578 1132 4624 mea,
1175 4568 1229 4614 et
1257 4567 1476 4613 caetera.

645 4653 810 4707 Vens.
850 4653 971 4706 108.
1020 4651 1337 4704 Voluntaria
1369 4652 1473 4701 oris
1527 4648 1628 4700 mei
1682 4645 2001 4712 beneplucita
2068 4644 2153 4713 [ac

576 4749 816 4800 Domine.
856 4744 1232 4809 Voluntarias,
1285 4742 1486 4809 inquit,
1532 4739 1926 4809 promissiones
1982 4752 2148 4796 meas.

570 4853 708 4909 quas
734 4837 880 4891 nulla
917 4836 1264 4897 necessitate,
1301 4833 1394 4888 sed
1447 4843 1644 4902 sponte
1681 4845 1743 4883 ac
1780 4829 1984 4881 volenti
2025 4831 2148 4880 ani-

2329 3549 2579 3616 Ὥμοσα,
2634 3548 2732 3602 καὶ
2782 3551 3019 3619 ἓστησα
3046 3550 3154 3603 τοῦ
3181 3548 3566 3618 φυλάξασθαι
3595 3547 3668 3601 τὰ
3702 3549 3828 3616 κρι-

2241 3656 2398 3708 ματα
2447 3639 2558 3708 τῆς
2611 3641 3004 3708 δικαιοσύνης
3051 3657 3187 3696 σου.
3224 3643 3428 3710 Πεῖραν
3479 3640 3663 3693 λαϐὼν
3731 3640 3826 3708 τῆς

2246 3730 2513 3797 ὡφελείας
2543 3730 2651 3783 τῶν
2689 3732 2918 3785 ἐντολῶν
2955 3749 3048 3784 σου
3115 3731 3329 3802 ὤμοσα,
3362 3730 3645 3786 τουτέστιν
3694 3729 3828 3798 ἁλη-

2248 3820 2355 3883 οῶς
2383 3822 2701 3894 ὑπεσχόμην
2731 3824 2827 3877 καὶ
2857 3822 3058 3894 ἔστησα
3087 3825 3180 3876 τὸν
3208 3825 3368 3894 ὅρκον
3399 3822 3590 3875 τοῦτον
3623 3823 3825 3894 ἀμετα-

2248 3911 2484 3982 κίνητον,
2518 3916 2647 3985 περὶ¹
2687 3915 2780 3969 τοῦ
2820 3915 3056 3986 τηρῆσαι
3097 3914 3286 3978 αὑτάς.
3335 3915 3534 3968 Στάσιν
3564 3913 3623 3967 δὲ
3680 3912 3828 3980 λέγει

2247 4011 2344 4076 τὴν
2371 4007 2655 4077 ἑδραίωσιν
2680 4008 2773 4061 τοῦ
2795 4008 3037 4062 τοιούτου
3062 4009 3248 4077 ὅρκου.

2326 4100 2762 4168 Ἐταπεινώθην
2808 4100 2920 4166 ἕως
2960 4100 3217 4170 σφόδρα,
3260 4100 3438 4166 Κύριε
3465 4115 3479 4129 ·
3514 4095 3710 4166 ζ’ἦσόοι⁵
3755 4114 3832 4167 με

2254 4195 2406 4250 κατὰ
2440 4194 2548 4248 τὸν
2578 4195 2931 4267 λόγον-σου.
2963 4192 3368 4263 Ἐταπεινώθην
3406 4192 3499 4244 ἐπὶ
3539 4190 3681 4243 πολὺ
3715 4190 3829 4244 εἴτε

2250 4288 2360 4342 ἀπὸ
2385 4290 2485 4357 τῆς
2513 4285 2764 4339 ἑκουσίου
2797 4285 3200 4356 ταλαιπωρίας,
3235 4285 3344 4338 εἴτε
3375 4284 3486 4338 ἀπὸ
3514 4286 3619 4352 τῆς
3668 4283 3832 4336 ἑκου-

2254 4381 2366 4434 σίου
2401 4379 2801 4442 κακοπαθείας.
2840 4380 2971 4447 Περὶ
3002 4379 3058 4431 δὲ
3092 4377 3186 4430 τοὺ
3233 4377 3441 4445 Ζῆσόν
3483 4393 3583 4445 με,
3614 4375 3833 4446 εἴρηται

2252 4473 2543 4542 ἀνωτέρω,
2600 4470 2730 4524 ἔνθα
2768 4470 2850 4537 τὸ,
2881 4469 3221 4538 Ἐκολλήθη
3245 4468 3324 4534 τῷ
3349 4466 3557 4536 ἐδάφει
3586 4466 3624 4533 ἡ
3658 4465 3830 4536 ψυχή

2248 4582 2388 4635 μου.

2327 4655 2404 4708 Τὰ
2433 4655 2682 4708 ἑκούσια
2715 4653 2818 4707 τοῦ
2870 4652 3168 4722 στόματός
3200 4668 3319 4719 μου
3350 4650 3702 4719 εὐδόκησον
3733 4649 3830 4717 δὴ,

2256 4748 2451 4815 Κύριε.
2507 4747 2619 4809 Τὰς
2677 4746 2961 4808 ἑκουσίους
3021 4745 3369 4814 ὑποσχέσεις,
3433 4745 3534 4805 τὰς
3589 4742 3650 4796 οὑ
3713 4741 3828 4796 κατ’

2253 4841 2522 4911 ἀνάγκην,
2591 4840 2731 4895 ἀλλά
2784 4839 2903 4894 κατ’
2967 4837 3392 4908 εὐγνωμοσύνην
3467 4836 3827 4904 ἐπαγγελίας,

573 4947 660 4984 mo
705 4929 978 4999 pollicitus
1017 4942 1162 4991 sum,
1211 4926 1453 4994 suscipe,
1506 4937 1721 4993 precor,
1786 4922 2074 4990 benignus,
2099 4931 2146 4973 et

2260 4933 2537 4999 ἀπόδεξαι,
2591 4931 2924 4986 κατεύουνον
2957 4947 2969 4960 ·
3012 4923 3124 4982 οἷον
3177 4924 3245 4999 ἦν
3281 4929 3310 4981 ὁ
3343 4929 3508 4999 ὅρκος
3537 4927 3635 4982 τοῦ
3665 4925 3828 4998 φυλά-

571 5024 762 5092 tlirige.
814 5019 1201 5092 l-lujuscemodi
1252 5027 1435 5070 autem
1493 5016 1591 5067 fuit
1628 5012 1921 5084 promissio
1944 5013 2055 5075 illa,
2086 5027 2148 5064 ac

565 5120 943 5187 juramentum
971 5110 1296 5167 observandi
1330 5108 1607 5162 mandata.

641 5208 709 5261 Et
733 5205 946 5274 judicia
997 5213 1086 5256 tua
1123 5201 1249 5255 doce
1314 5217 1412 5254 me.
1480 5199 1726 5253 Dillicilia
1802 5200 1944 5252 enim
2001 5206 2148 5257 sunt,

570 5309 734 5367 atqtte
769 5299 1024 5352 obscura.
1059 5294 1279 5348 Iudicia
1321 5293 1491 5358 enim,
1529 5291 1728 5361 inquit,
1783 5301 1896 5354 tua,
1933 5290 2151 5359 abyssus

568 5390 826 5444 multa”.
864 5388 1176 5445 Vel:Doce
1247 5399 1354 5450 me,
1406 5395 1466 5439 ut
1539 5381 1868 5452 profundius
1933 5397 1994 5433 ca
2055 5383 2150 5435 in-

568 5483 830 5552 telligatn.

642 5573 804 5628 Vens.
844 5572 965 5627 109.
1032 5569 1223 5624 Anima
1265 5586 1377 5624 mea
1411 5570 1462 5622 in
1515 5567 1756 5621 manibus
1791 5567 1892 5622 tuis
1921 5581 2142 5635 semper,

651 5754 695 5786 ⁸³
725 5754 851 5810 Psal
901 5772 1066 5820 xxxv,
1105 5757 1156 5812 7.

2260 5027 2471 5091 ξασθαι,
2488 5027 2586 5090 τὰς
2622 5029 2678 5078 ὲν
2692 5025 2843 5086 τολὰς
2878 5040 2995 5081 σου.

2323 5205 2432 5258 Καὶ
2498 5204 2568 5255 τὰ
2630 5201 2888 5270 κρίματα
2927 5217 3044 5254 σβυ
3093 5199 3344 5263 δίδαξόν
3379 5214 3478 5268 με.
3539 5196 3829 5264 Δυσκατὰ-

2250 5295 2432 5364 ληπτα
2471 5293 2619 5345 ὄντα.
2685 5293 2761 5343 Τὰ
2824 5292 3069 5362 κρίματα
3125 5290 3253 5358 γὰρ,
3309 5291 3474 5360 φησὶ,
3541 5288 3640 5342 τοῦ
3699 5287 3828 5340 Θεοὺ

2252 5387 2486 5449 ἄϐυσσος
2522 5385 2715 5454 πολλή.
2752 5381 2844 5448 Ἢ,
2882 5383 3100 5448 Δίδαξόν
3135 5401 3202 5450 με
3235 5382 3407 5435 ταῦτα
3437 5381 3763 5452 βαθύτερον.

2338 5567 2407 5620 Ἦ
2451 5565 2620 5636 ψυχή
2643 5583 2761 5635 μου
2798 5566 2864 5619 ἐν
2895 5565 3019 5631 ταῖς
3051 5565 3228 5635 χερσί
3263 5578 3380 5620 σου
3429 5563 3526 5617 διὰ
3579 5560 3809 5625 παντὸς
