4102 6206
378 278 528 342 1165

1541 265 1932 330 ΟΟΜΜΕΝΤ.
1969 264 2050 324 IN
2091 266 2224 325 PSA
2235 263 2450 326 LMOS.

3487 254 3630 319 1166

373 388 472 442 καὶ
506 384 612 440 τοῦ
637 387 826 456 νόμου
873 400 992 440 σου
1036 386 1146 439 οὐκ
1190 385 1597 453 ἐπελαθόμην.
1631 386 1744 454 Τὴν
1771 385 1950 454 ψυχήν

2062 385 2293 452 etlegem
2350 394 2495 435 tuam
2537 398 2638 436 non
2691 399 2807 436 sum
2859 383 3074 438 oblitus.
3117 383 3392 447 Animam,
3427 381 3630 452 inquit,

379 476 482 542 μού
514 493 597 529 σοι
631 475 928 546 ἐγχειρίζω
981 475 1236 539 πάντοτε,
1277 475 1336 528 σέ
1378 475 1622 546 φρουρὸν
1661 474 1947 544 ποιοῦμαι,

378 569 474 622 καὶ
527 568 968 638 ὑπερασπιστήν,
1043 568 1138 621 καὶ⁵
1201 567 1541 638 κυϐερνήτην
1608 568 1797 636 αὐτῆς.
1852 567 1950 619 Διὰ

377 658 538 713 τοῦτο
592 659 688 714 τοῦ
705 660 870 730 νόμου
897 659 999 713 οὐκ
1042 658 1413 730 ἐπελαθόμην,
1447 658 1533 711 ἵνα
1570 656 1644 728 μὴ
1665 657 1949 710 ἀποπέσω.

451 843 701 896 Ἐθεντο
737 838 1074 910 ἁμαρτωλοὶ
1114 839 1339 908 παγίδα
1379 856 1505 908 μοι,
1566 837 1665 892 καὶ
1726 838 1796 890 ἐκ
1833 836 1954 891 τῶν

377 931 648 984 ἐντολῶν
701 946 819 985 σου
881 931 991 984 οὐκ
1051 929 1428 997 ἐπλανήθην.
1474 929 1698 982 Ἐθεντο
1750 929 1953 997 παγίδα

383 1041 497 1092 μοι,
533 1023 800 1094 θηρεῦσαί
851 1041 916 1094 με
951 1023 1297 1088 σπεύδοντες,
1349 1025 1443 1077 καὶ
1486 1024 1587 1076 οὐκ
1641 1023 1953 1093 ἐπλανήθην

377 1116 488 1168 τῶν
517 1115 754 1169 ἐντολῶν
777 1134 893 1179 σου,
915 1113 1102 1180 δεδιὼς
1130 1117 1204 1187 μὴ
1235 1117 1463 1184 ἐμπέσω
1493 1116 1739 1180 ταύταις.
1759 1117 1816 1169 Ὀ
1846 1117 1954 1187 γὰρ

383 1209 614 1281 βαδίζων
647 1209 708 1262 ἐν
733 1209 808 1280 τῷ
839 1210 991 1280 νόμῳ
1022 1209 1114 1262 τοῦ
1175 1209 1309 1262 Θεοῦ
1367 1211 1574 1277 πάγαις
1639 1212 1739 1264 οὐκ
1792 1209 1954 1279 ἐμπί-

381 1318 528 1354 πτει.
569 1300 961 1373 Ἀμαρτωλοὺς
1016 1302 1071 1355 δὲ
1105 1303 1231 1364 τοὺς
1269 1300 1556 1372 δαίμονας,
1607 1301 1639 1372 ἢ
1695 1302 1791 1354 καὶ
1829 1301 1953 1364 τοὺς

380 1392 735 1462 παρανόμους
759 1393 1102 1463 ἀνθρώπους.

452 1485 956 1554 Ἐκληρονόμησα
1021 1487 1093 1541 τὰ
1152 1487 1450 1556 μαρτύριὰ
1517 1503 1634 1541 σου
1691 1490 1780 1552 εἰς
1848 1488 1953 1540 τὸν

377 1578 584 1641 αιῶνιι,
633 1577 723 1632 ὅτι
779 1578 1125 1647 circum/atra
1176 1578 1287 1649 τῆς
1336 1579 1588 1648 καρδίας
1637 1581 1756 1648 μού
1811 1583 1951 1638 εισι.

381 1669 764 1739 κληρονομίαν
793 1671 966 1723 ταῦτα
1001 1669 1207 1740 ἐθέμην
1233 1671 1484 1742 διηνεκῆ,
1521 1673 1614 1726 καὶ
1649 1672 1948 1742 ἀναφαίρε-

378 1780 473 1818 τον
528 1764 740 1834 κέρδος.
776 1766 1065 1836 Ἐμφαίνει
1115 1766 1170 1821 δὲ
1231 1768 1260 1820 ὁ
1310 1767 1468 1835 λόγος
1521 1767 1622 1839 τὴν
1653 1767 1784 1838 περὶ
1813 1768 1955 1823 αὐτὰ

381 1854 622 1909 διάθεσιν
653 1857 844 1910 αὐτοῦ.

455 1947 702 2001 Ἕκλινα
728 1948 842 2019 τὴν
865 1949 1119 2018 καρδίαν
1153 1969 1274 2020 μου
1325 1951 1433 2006 τοῦ
1466 1949 1715 2019 ποιῆσαι
1768 1953 1838 2006 τὰ
1871 1952 1956 2006 δι-

381 2034 684 2104 καιώματὰ
729 2055 847 2094 σου
904 2043 991 2108 εις
1038 2041 1146 2095 τὸν
1207 2041 1394 2096 αἰῶνα
1448 2042 1523 2096 δι’
1574 2043 1954 2113 ἀντάμειψιν.

386 2131 627 2184 Ἐπεισα
674 2133 845 2206 αὐτὴν
905 2135 1268 2205 μετέστρεψα,
1321 2136 1459 2206 πρὸς
1505 2137 1564 2190 τὸ
1599 2139 1822 2206 ποιῆσαι
1860 2139 1957 2200 τὰς

382 2224 604 2288 ἐντολάς
645 2242 742 2278 σου
788 2230 874 2279 ἀει
901 2227 990 2280 διὰ
1033 2230 1133 2298 τὴν
1167 2230 1542 2300 ἀποκειμένην
1572 2231 1808 2301 ἀμοιϐὴν
1844 2233 1954 2292 τοῖς

383 2316 742 2386 εὐαρεστοῦσί
771 2335 872 2371 σοι.

455 2497 847 2565 Παρανόμους
876 2499 1164 2568 ἐμίσησα,
1196 2499 1302 2553 τὸν
1332 2501 1400 2553 δὲ
1439 2504 1627 2570 νόμον
1662 2517 1780 2555 σου
1807 2503 1944 2570 mmi-

385 2599 574 2653 πησα.
605 2588 834 2656 Βοηθός
869 2608 990 2658 μου
1042 2591 1139 2644 καὶ
1167 2590 1549 2659 ἀντιλήπτωρ
1572 2610 1693 2660 μου
1740 2588 1798 2644 εἷ
1853 2593 1956 2644 σύο

379 2681 472 2746 εἰς
496 2681 638 2747 τοὺς
663 2684 886 2750 λόγους
912 2700 1029 2737 σου
1050 2683 1387 2750 ἐπήλπισα.
1421 2685 1514 2748 Εἰς
1539 2685 1630 2738 τὸν
1669 2685 1834 2755 νόμον
1864 2703 1956 2738 σου

383 2770 668 2841 ἐπήλπισα
707 2773 798 2824 τὸν
844 2772 1156 2826 δικαιοῦντα
1205 2775 1332 2837 τοὺς
1385 2773 1731 2844 πληροῦντας
1768 2775 1956 2840 αὑτὸν,

385 2863 480 2914 καὶ
519 2863 700 2930 ἀγαθὰ
733 2864 944 2927 τούτοις
977 2865 1480 2936 ἐπαγγειλάμενον.

457 2955 814 3010 Ἐκκλίνατε
847 2956 948 3010 ἀπ’
981 2958 1152 3026 ἐμοῦ,
1187 2959 1680 3028 πονηρευόμενοι,
1714 2956 1810 3010 καὶ
1835 2956 1962 3021 ἐξε-

2058 491 2233 530 meam
2293 475 2346 529 in
2415 489 2611 529 manus
2678 482 2802 529 tuas
2853 489 3068 544 semper
3121 475 3298 536 trado,
3356 482 3517 543 teque
3574 487 3634 529 ut

2056 567 2202 622 illius
2238 568 2546 631 custodem,
2579 575 2963 638 protectorem,
3002 581 3063 619 ac
3088 567 3480 623 moderatorem
3513 583 3638 624 sus-

2055 660 2219 729 cipio.
2263 662 2440 731 Atque
2487 661 2608 715 ideo
2645 660 2778 729 legis
2831 668 2934 713 tua:
2961 659 3165 713 oblitus
3229 675 3337 713 non
3365 675 3510 724 sum,
3564 675 3636 714 ne

2057 753 2311 810 fortassis
2347 754 2620 808 caderem.

2131 845 2296 900 Vsus.
2353 847 2482 903 110.¹
2525 847 2821 901 l’osuerunt
2857 858 3150 915 peccatores
3184 846 3426 916 laqueum
3479 847 3634 910 mihi,

2056 949 2104 994 et
2135 940 2198 992 de
2226 943 2494 994 mandatis
2543 943 2645 993 tuis
2690 958 2789 994 non
2823 940 3014 994 erravi.
3049 938 3363 992 Pusuerunt
3392 939 3524 992 mihi
3557 939 3637 992 la-

2057 1049 2280 1102 queum,
2323 1042 2380 1085 ut
2413 1035 2942 1102 comprehenderem
2989 1049 3092 1098 me,
3136 1041 3189 1086 et
3221 1033 3482 1088 seductus
3525 1049 3634 1086 non

2057 1139 2178 1178 Sum
2217 1141 2245 1178 a
2284 1127 2552 1180 mandatis
2579 1126 2708 1190 luis,
2764 1128 2962 1180 timens
3020 1141 3086 1180 ne
3132 1125 3183 1178 in
3230 1125 3486 1193 laqueum
3547 1125 3636 1178 itt-

2057 1217 2292 1272 ciderem
2341 1237 2352 1272 :
2393 1235 2580 1273 velum
2638 1220 2730 1288 qui
2795 1219 3078 1272 amltufant
3140 1217 3192 1270 in
3240 1217 3356 1284 ltge
3411 1217 3526 1280 Dei,
3579 1216 3635 1270 in

2056 1311 2283 1380 laqueos
2321 1311 2564 1365 incidere
2599 1327 2705 1364 non
2739 1325 2994 1380 possunt.
3057 1310 3382 1365 Pecratores
3451 1319 3633 1363 autem

2057 1409 2219 1455 vocat
2245 1401 2547 1462 daemones,
2584 1410 2678 1454 aut
2709 1403 2968 1470 antiquos
3003 1400 3273 1454 homines.

2131 1491 2296 1546 Vsus.
2342 1493 2462 1546 111.
2503 1492 2825 1546 Ha'rvditavi
2887 1493 3189 1546 testimonia
3225 1502 3317 1544 tua
3374 1491 3424 1543 in
3471 1507 3639 1545 sa’cn-

2059 1586 2167 1639 lum
2201 1601 2218 1639 :
2254 1587 2380 1656 quia
2432 1585 2721 1641 exsultatio
2752 1587 2926 1639 cordis
2965 1587 3064 1638 mei
3113 1595 3253 1638 sunt.
3309 1584 3637 1654 Perpetuam

2059 1676 2438 1731 ltmreditatem
2475 1692 2536 1730 ca
2561 1692 2680 1731 esse
2718 1677 2986 1745 reputavi,
3016 1686 3067 1730 et
3103 1676 3312 1728 lucrum
3337 1675 3636 1744 quoddam,

2059 1770 2205 1840 quod
2258 1769 2436 1840 perire
2490 1786 2596 1824 non
2667 1778 2877 1838 posset.
2955 1768 3070 1823 Hoc
3140 1780 3318 1823 autem
3384 1784 3640 1824 sermone

2058 1861 2311 1916 allectum
2356 1877 2515 1915 suum
2547 1859 2752 1913 indicat
2803 1875 2932 1929 erga
2963 1859 3144 1913 divina
3176 1860 3454 1914 mandata.

2133 1951 2294 2006 Vens.
2348 1952 2467 2005 “2.
2526 1951 2788 2005 Inclinari
2832 1967 2922 2003 cor
3001 1967 3171 2002 meum
3229 1952 3297 2002 ad
3360 1952 3638 2019 faciendas

2049 2046 2467 2114 justi/irationes
2501 2053 2620 2095 tuas
2647 2044 2698 2095 in
2745 2042 3020 2104 sa'culum,
3059 2053 3275 2111 propter
3335 2043 3642 2097 retributio-

2059 2155 2198 2193 nem.
2259 2135 2542 2199 Persuasi,
2606 2135 2805 2202 inquit,
2866 2151 2962 2188 cor
3033 2151 3237 2202 meum,
3306 2145 3360 2189 et
3391 2136 3642 2190 converti

2060 2231 2191 2284 illud
2215 2229 2281 2282 ad
2326 2228 2575 2284 iacienda
2609 2243 2828 2296 semper
2862 2228 3112 2281 mandata
3150 2239 3238 2280 tua
3275 2244 3289 2279 :
3323 2235 3486 2296 atque
3511 2227 3638 2292 hoc,

2057 2323 2127 2375 ob
2155 2321 2446 2390 repositam
2473 2385 2481 2392 _
2508 2321 2575 2375 iis
2607 2321 2863 2375 omnibus
2902 2320 3338 2387 retributionem,
3375 2321 3491 2390 qui,
3518 2335 3641 2390 qua

2061 2415 2158 2468 tibi
2185 2414 2386 2482 placita
2431 2426 2580 2478 sunt,
2615 2414 3051 2480 adimpleverint.

2131 2504 2278 2560 Vnus
2345 2507 2467 2565 115.
2508 2506 2631 2558 114.
2709 2504 2930 2570 Iniquos
2979 2506 3098 2558 odio
3127 2505 3310 2568 habui,
3370 2515 3418 2558 et
3475 2505 3638 2573 legem

2061 2608 2208 2650 tuam
2243 2595 2710 2660 dilexi.‘Atljutor
2758 2607 2807 2648 et
2871 2594 3114 2664 defensor
3163 2612 3306 2649 meus
3359 2612 3411 2648 es
3455 2605 3510 2648 tu
3546 2597 3642 2648 :in

2062 2686 2215 2739 verba
2249 2695 2338 2737 tua
2382 2686 2763 2753 super-speravi.
2818 2684 2872 2740 In
2914 2685 3051 2754 lege,
3093 2684 3293 2753 inquit,
3359 2695 3447 2738 tua
3511 2679 3646 2739 con-

2064 2779 2196 2831 lisus
2251 2793 2396 2840 sum,
2429 2795 2548 2847 quae
2599 2789 2652 2834 et
2687 2794 2782 2832 eos
2833 2778 3124 2846 iustiﬁcat,
3170 2777 3263 2845 qui
3325 2776 3476 2831 illam
3535 2775 3640 2831 ob-

2063 2879 2310 2938 servant,
2338 2881 2389 2926 et
2421 2873 2564 2926 bona
2591 2873 2813 2938 insuper
2864 2874 2943 2927 eis
2979 2873 3288 2935 pollicetur.

2137 2966 2299 3020 Vens.
2338 2965 2460 3019 115.
2506 2965 2779 3018 Declinate
2813 2982 2844 3017 a
2867 2981 2968 3028 me,
3005 2964 3379 3034 malignantes,
3410 2974 3457 3018 et
3493 2981 3642 3018 scm-

376 3046 662 3116 ρευνήσω
702 3050 810 3114 τὰς
853 3048 1108 3115 ἐντολὰς
1136 3049 1243 3104 τοῦ
1280 3049 1428 3103 Θεοῦ
1451 3067 1592 3118 μου.
1629 3050 1692 3102 υἱ
1733 3049 1958 3119 πονηροὶ

2065 3056 2218 3110 labor
2246 3055 2502 3110 mandata
2541 3056 2632 3110 Dei
2665 3058 2789 3110 mei.
2849 3055 3068 3126 Maligni
3129 3071 3363 3122 namque
3393 3056 3644 3111 homines

384 3135 498 3203 γὰρ
531 3135 810 3206 ἄνθρωποι
852 3137 945 3190 καὶ
983 3138 1239 3208 δαίμονες
1267 3139 1634 3208 ἐνοχλοῦντες,
1670 3155 1958 3210 παρεμπο-

2062 3153 2117 3200 et
2144 3145 2422 3200 daemones
2472 3145 2713 3200 ﬁdelium
2779 3155 2942 3214 atque
3014 3147 3228 3214 piorum
3274 3144 3487 3200 animos
3515 3161 3643 3215 per-

383 3222 622 3286 δίζουσιν
653 3227 732 3288 εἰς
754 3225 932 3280 τοῦτο.

457 3315 812 3371 Ἀντιλαόοῦ
831 3337 952 3386 μου
986 3320 1136 3374 κατὰ
1169 3319 1234 3374 τὸ
1266 3321 1478 3392 λόγιόν
1499 3337 1638 3377 σου.
1671 3323 1834 3378 Κατὰ
1861 3323 1960 3394 τὴν

313 3465 317 3474 η
385 3407 682 3478 ὑπόσχεσὶν
733 3427 828 3464 σου
854 3427 867 3439 ·
911 3411 1226 3482 ἐπηγγείλω
1272 3415 1382 3485 γὰρ
1426 3415 1486 3466 ἐν
1515 3415 1593 3486 τῷ
1647 3415 1817 3486 νόμῳ,
1858 3417 1959 3468 ὐπ-

386 3503 710 3570 ερασπίςειν
764 3503 874 3556 τῶν
929 3505 1322 3572 φυλασσόντων
1352 3507 1538 3562 αὐτόν.
1570 3509 1643 3561 Ἦ
1674 3509 1771 3562 καὶ
1821 3508 1960 3562 κατὰ

385 3593 488 3663 τὴν
524 3593 712 3656 ἁπλῶς
742 3612 835 3648 σου
859 3596 1178 3666 ὑπόσχεσιν.

463 3776 571 3830 Καὶ
610 3775 800 3845 ζῆσόν
815 3795 911 3848 με.
944 3779 1274 3848 Προείρηται
1302 3780 1431 3850 περὶ
1463 3777 1677 3832 τούτου.

460 3871 566 3926 Καὶ
605 3872 690 3940 μὴ
722 3873 1140 3940 καταισχύνῃς
1187 3890 1266 3941 με
1290 3872 1410 3927 ἀπὸ
1445 3871 1556 3941 τῆς
1587 3870 1962 3940 προσδοκίας

386 3982 527 4034 μου.
555 3965 646 4034 Μὴ
701 3964 1167 4034 καταισχυνθῆναί
1225 3982 1293 4035 με
1325 3965 1581 4035 ποιήσῃς,
1619 3964 1964 4034 ἅποτυχόντα

389 4059 492 4128 τῆς
522 4061 614 4113 ἐπὶ
637 4061 721 4113 σοὶ
753 4060 972 4122 ἐλπίδος
1009 4078 1133 4129 μου.

464 4152 783 4218 Βοήθησόν
817 4170 938 4222 μοι,
974 4155 1071 4207 καὶ
1095 4154 1470 4222 σωθήσομαι,
1517 4153 1614 4208 καὶ
1647 4155 1967 4230 μελετήσωη

390 4246 461 4298 ἐν
493 4245 620 4310 τοῖς
678 4245 1038 4313 δικαιώμασί
1075 4263 1190 4300 σου
1218 4247 1316 4300 διὰ
1357 4248 1603 4313 παντός.
1642 4247 1964 4318 Σωθήσομαι

391 4338 502 4392 ἀπὸ
531 4340 633 4408 τῆς
663 4339 958 4407 ἐπιϐουλῆς
987 4340 1094 4392 τῶν
1130 4340 1362 4410 ἐχθρῶν.

2063 3237 2288 3292 turbant
2320 3248 2374 3292 et
2401 3238 2640 3308 impediu
2668 3248 2857 3292 entum
2913 3239 2994 3291 eis
3030 3246 3315 3306 praestant.

2135 3329 2297 3386 Vens.
2324 3331 2445 3386 116.
2479 3332 2691 3400 Adjava
2726 3348 2807 3385 me
2859 3330 3146 3385 secundum
3176 3330 3440 3400 eloquium
3469 3340 3640 3385 tuum.

2062 3419 2224 3474 Juxta
2257 3422 2682 3489 promissionem
2713 3431 2901 3475 tuam:
2939 3420 3217 3490 pollicitus
3273 3425 3420 3476 enim
3479 3439 3540 3477 es
3587 3422 3643 3475 in

2063 3512 2180 3583 lege
2223 3521 2276 3566 te
2332 3528 2428 3566 eos
2460 3513 2654 3568 omnes
2705 3512 3085 3571 defensurum.
3148 3512 3241 3582 qui
3274 3513 3420 3567 illam
3451 3529 3642 3569 εει-νει·-
3673 3521 3676 3525 ’

2065 3605 2261 3658 verint.
2369 3602 2467 3659 Vel
2560 3603 3119 3675 sitnpliciteeruxta
3220 3609 3640 3675 promissionem

2063 3705 2235 3755 tuam.

2134 3789 2202 3842 ιιι
2229 3789 2435 3859 viviﬁca
2472 3805 2572 3841 me.
2605 3787 2679 3842 De
2709 3788 2812 3842 hoc
2835 3788 2950 3858 jam
2986 3789 3198 3842 dictum
3237 3797 3345 3844 est.

2143 3879 2207 3934 Et
2254 3897 2358 3934 non
2397 3880 2690 3952 confundas
2730 3897 2810 3933 me
2842 3879 2905 3932 ab
2945 3882 3337 3949 exspectatione
3368 3892 3504 3934 mea.
3563 3879 3644 3934 Ne

2065 3974 2327 4028 confundi
2399 3991 2483 4028 me
2539 3975 2845 4044 permittas,
2899 3982 2996 4027 aut
3054 3974 3309 4028 frustrari
3360 3989 3458 4044 spe
3503 3973 3560 4029 in
3593 3985 3645 4029 te

2067 4082 2210 4120 mea.

2144 4158 2307 4213 Vsus.
2348 4157 2470 4212 117.
2512 4156 2718 4224 Adjura
2740 4173 2820 4209 me
2842 4167 2890 4210 et
2920 4155 3105 4210 salvus
3134 4173 3245 4220 ero,
3271 4165 3320 4208 et
3352 4155 3645 4210 meditabor

2067 4253 2120 4304 in
2137 4249 2615 4320 justiﬁeationibus
2655 4251 2759 4301 tuis
2794 4265 3018 4317 semper.
3062 4248 3140 4302 Ab
3176 4247 3524 4302 inimicorum
3559 4250 3646 4304 in.

2069 4343 2225 4396 sidiis
2255 4342 2527 4395 salvabor.

477 4431 934 4496 Ἐξουδένωσας
998 4430 1230 4497 πάντας
1259 4432 1402 4497 τοὺς
1465 4433 1958 4498 ἁποστατοῦντας

2141 4433 2305 4487 Vens.
2353 4431 2471 4484 118.
2516 4430 2770 4499 Sprevisti
2813 4445 2991 4483 omnes
3022 4429 3346 4483 discedentes
3381 4430 3646 4498 ajustiﬁ-

393 4522 513 4576 ἀπὸ
555 4522 672 4575 τῶν
697 4522 1107 4590 δικαιωμάτων
1168 4539 1306 4586 σου,
1343 4523 1429 4575 ὅτι
1453 4523 1666 4576 ἄδικον
1694 4523 1757 4575 τὸ
1789 4524 1963 4576 ἐνθύ-

387 4631 559 4682 μημα
583 4613 802 4667 αὐτῶν.
859 4612 1210 4680 Ἐφαύλισας,
1260 4613 1465 4666 ἀπώσω
1517 4612 1591 4675 ῶς
1635 4615 1960 4682 ἀχρήστους.

407 4707 837 4777 Ἐνθυμούμενοι
866 4709 975 4777 γὰρ
1006 4708 1372 4777 παρανομεῖν,
1409 4705 1812 4759 ἀποστατοῦσιν
1859 4707 1966 4758 ἀπὸ

392 4799 488 4852 τοῦ
523 4800 692 4869 νόμου
725 4817 841 4854 σου.

467 4893 954 4957 Παραϐαἱνοντας
1031 4887 1406 4957 ἐλογισάμην
1447 4889 1678 4955 πάντας
1732 4889 1875 4953 τοὺς
1900 4889 1966 4943 d-

390 4983 746 5052 μαρτωλοὺς
763 4983 874 5051 τῆς
905 4981 1017 5052 γῆς
1039 4999 1054 5013 ο
1090 4981 1189 5034 διὰ
1212 4981 1389 5034 τοῦτο
1415 4982 1702 5051 ἠγάπησα
1731 4983 1801 5036 τὰ
1820 5000 1971 5052 μαρ-

395 5077 566 5146 τύριά
603 5091 740 5132 σου.
775 5077 1106 5146 Παραόάτας
1133 5073 1226 5128 τοῦ
1256 5075 1420 5144 νόμου
1455 5075 1789 5144 ἐλογισάμην
1827 5077 1966 5130 πάνυ

395 5187 494 5230 τας
525 5170 649 5231 τοὺς
685 5169 1122 5238 ἁμαρτάνοντας*
1147 5166 1227 5218 διὸ
1251 5165 1514 5234 ἠγάπησα
1542 5166 1634 5216 τὸν
1665 5166 1828 5235 νόμον
1847 5184 1967 5232 σου,

403 5261 489 5313 ἴνα
519 5260 596 5332 μὴ
628 5263 723 5313 καὶ
759 5261 924 5322 αὐτὸς
956 5257 1281 5328 παραϐάτης
1309 5256 1571 5324 λογισθῶ.
1614 5255 1729 5325 Τῆς
1770 5259 1873 5327 γῆς
1907 5259 1966 5312 δὲ

397 5345 574 5416 εἶπεν,
607 5350 683 5412 ὡς
714 5351 779 5402 ἐκ
805 5349 904 5418 τῆς
952 5349 1057 5416 γῆς
1095 5348 1277 5412 ὄντας,
1305 5347 1340 5418 ἢ
1375 5346 1450 5407 ὡς
1475 5346 1532 5399 ἐν
1553 5348 1620 5416 τῇ
1664 5349 1734 5415 γῇ
1784 5349 1968 5418 ἀμαρ-

401 5444 686 5502 τὰνοντας.

470 5531 842 5598 Καθήλωσον
883 5532 952 5585 ἐκ
1005 5530 1110 5583 τοῦ
1169 5531 1358 5598 φόϐου
1416 5531 1524 5594 τὰς
1557 5528 1789 5596 σάρκας
1815 5548 1967 5599 ,κου’

401 5628 519 5683 ἀπὸ
559 5628 668 5697 γὰρ
691 5624 811 5678 τῶν
842 5623 1137 5692 κριμιὶτων
1157 5637 1273 5676 σου
1313 5623 1639 5690 ἐφοϐήθην.
1697 5624 1829 5676 Ἀπὸ
1877 5624 1970 5676 τοῦ

402 5718 806 5788 ἀναγινώσκειν
849 5717 917 5772 τὰ
964 5715 1211 5787 κρίματα
1243 5731 1336 5767 σου
1394 5713 1670 5783 ἐφοϐήθην
1702 5714 1801 5784 μὲν
1834 5715 1974 5768 κατὰ

2068 4525 2364 4577 cationibns
2395 4524 2523 4586 tuis,
2559 4523 2682 4590 quia
2707 4523 2910 4591 injusta
2946 4523 3200 4590 cogitatio
3235 4537 3440 4576 eorum.
3493 4521 3644 4577 Tau-

2068 4635 2229 4687 quam
2265 4618 2488 4671 inutiles
2526 4614 2812 4685 neglexisti
2839 4624 2890 4670 et
2923 4614 3172 4682 repulisti
3205 4629 3321 4667 eos.
3354 4614 3640 4668 Becedunt

2069 4717 2252 4762 autem
2313 4725 2343 4762 a
2401 4707 2493 4762 Dei
2554 4709 2692 4778 lege,
2744 4707 2861 4775 qui,
2905 4722 3025 4775 qua:
3086 4705 3270 4774 iniqua
3310 4714 3438 4760 sunt
3491 4704 3646 4776 cogi-

2071 4811 2210 4853 tant.

2142 4890 2305 4944 Vsus.
2349 4888 2472 4943 119.
2517 4886 2956 4954 Transgressores
2993 4887 3232 4954 reputavi
3254 4904 3433 4941 omnes
3457 4904 3646 4956 pecca-

2071 4992 2208 5036 tores
2239 4989 2394 5034 terra
2421 4995 2439 5032 :
2480 4977 2596 5030 ideo
2640 4977 2804 5029 dilexi
2855 4977 3161 5051 testimonia
3217 4989 3329 5032 tua.
3385 4979 3644 5047 Quisquis

2071 5071 2384 5141 deliquerit,
2434 5069 2643 5138 judicio
2699 5084 2840 5131 meo,
2904 5069 3038 5138 legis
3095 5079 3200 5125 tum
3263 5081 3643 5138 transgressor

2072 5165 2324 5220 ellicitur.
2385 5162 2565 5231 Atque
2626 5161 2747 5215 ideo
2801 5161 2974 5230 legem
3011 5177 3114 5230 ego
3172 5172 3318 5215 tuam
3355 5162 3540 5224 dilexi,
3573 5177 3644 5215 ne

2073 5258 2238 5312 simili
2274 5256 2433 5310 modo
2471 5263 2818 5324 trangressor
2847 5253 3212 5307 existimarer.
3247 5252 3429 5306 Terra:
3454 5259 3638 5306 autem

2075 5357 2390 5416 peccatores
2424 5346 2581 5411 dixit,
2625 5345 2755 5414 quia
2805 5345 2873 5397 de
2923 5353 3071 5397 terra
3108 5354 3260 5410 sunt,
3295 5345 3380 5396 vel
3425 5345 3554 5412 quia
3586 5343 3640 5398 in

2074 5451 2216 5492 terra
2251 5448 2501 5507 peccant.

2145 5528 2309 5583 Vsus.
2356 5528 2477 5579 120.
2523 5526 2738 5594 Conﬁge
2789 5526 2976 5576 timore
3027 5535 3114 5577 tuo
3167 5540 3350 5577 carnes
3406 5541 3573 5591 meas,
3607 5543 3640 5581 α

2067 5621 2287 5691 judiciis
2324 5621 2462 5673 enim
2492 5619 2594 5671 tuis
2624 5617 2794 5669 timui.
2850 5616 2982 5668 Dum
3034 5615 3240 5686 judicia
3271 5624 3386 5681 tua,
3439 5618 3640 5688 inquit,

2078 5716 2217 5783 lego,
2261 5715 2314 5766 iu
2364 5713 2547 5766 animo
2598 5709 2817 5779 quidem
2854 5708 3049 5765 timore
3095 5711 3362 5781 corripior
3409 5728 3424 5768 :
3462 5712 3640 5780 ipsum
