4102 6206
505 226 651 292 ιιοτ

1710 207 2099 268 EUTHYMII
2143 207 2506 272 ZlGABENI

3601 204 3740 268 1168

503 343 690 387 tamen
726 342 927 399 corpus
960 322 1341 396 hujuscemodi
1385 323 1582 376 timore
1617 337 1722 375 non
1749 321 2068 390 castigatur.

2187 319 2377 390 ζευχήν.
2439 320 2550 373 υύκ
2607 317 2715 388 ἔχω
2775 319 2830 372 δὲ
2858 319 2918 372 τὸ
2968 318 3127 390 σῶμα
3167 318 3244 389 τῷ
3309 319 3538 388 τοιούτῳ
3600 317 3754 394 φόδῳ

508 426 591 479 Tu
625 422 789 492 igitur
820 419 1027 487 conlige
1056 427 1109 472 et
1142 418 1319 486 ipsum
1352 430 1556 485 corpus
1595 414 1699 467 hoc
1741 411 1962 474 timore,
1999 410 2075 462 ita

511 524 569 570 ut
597 513 662 570 ad
702 509 1053 566 immoderata
1086 508 1378 570 desideria,
1407 513 1502 560 aut
1535 507 1600 559 ad
1635 505 1817 558 minus
1847 503 2076 556 honesta

507 619 695 675 opera,
733 597 967 669 amplius
1002 613 1106 650 non
1150 595 1380 652 feratur.

581 691 745 747 Vens.
791 689 912 743 12-1.
959 685 1365 756 Fecijudicium
1389 698 1438 741 et
1459 687 1776 756 justitiam:
1827 702 1928 740 non
1967 695 2081 738 tra-

507 790 604 842 das
634 801 712 838 me
728 780 1180 837 calumniantibus
1209 797 1305 833 me.
1331 778 1570 844 Iustum,
1597 775 2077 848 inquit,judicium

511 880 635 934 feci.
669 879 751 931 Me
795 877 978 945 igitur,
1034 875 1177 944 quod
1212 874 1420 943 justum
1473 881 1577 936 est,
1623 871 1956 940 iudicantem
2013 883 2081 922 ne

507 969 712 1033 tradas,
746 981 957 1037 qttmso,
984 964 1182 1034 iis,qui
1205 964 1403 1032 injuste
1428 963 1555 1016 milli
1587 962 1938 1016 insidiantur.
1970 958 2080 1013 Nec

505 1061 858 1115 dominentur
909 1063 1010 1110 mei
1061 1055 1232 1124 iniqui
1284 1055 1555 1118 homines,
1606 1069 1732 1106 ettm
1778 1067 1876 1122 ego
1921 1066 2076 1120 aqua

505 1151 721 1220 etjusta
766 1161 978 1217 semper
1010 1155 1252 1201 svctatus
1279 1147 1405 1198 sim.
1439 1143 1634 1215 (Dictio
1666 1151 1843 1198 autem
1872 1143 2077 1210 Graeca,

503 1242 768 1304 ἀδικοῦσι,
798 1256 901 1292 non
934 1250 1042 1291 tam
1078 1237 1468 1289 calumniantes
1506 1250 1667 1303 quam
1703 1233 1960 1301 injuriam
1987 1248 2078 1288 501‘

505 1333 822 1401 injustitiam
862 1331 1113 1400 facientes
1154 1326 1486 1397 significat.)

582 1425 739 1479 Vens.
788 1422 907 1476 1‘32.
954 1421 1171 1486 Suscipe
1204 1427 1578 1472 scrvnmtnum
1619 1418 1672 1470 in
1703 1417 1932 1470 bonum:
1979 1431 2083 1469 non

493 1517 897 1572 calumniantur
932 1532 1010 1567 me
1033 1513 1265 1582 superbi.
1295 1511 1645 1582 Lunganimis
1670 1519 1788 1564 esto
1809 1523 1965 1564 servo
1989 1517 2083 1561 tuo

505 1626 604 1682 pro
636 1611 800 1674 bono,
833 1609 904 1664 ita
938 1616 996 1661 ut
1025 1621 1119 1676 per
1150 1607 1418 1659 sinceram
1479 1602 1853 1674 pmnitentiam
1891 1615 2084 1670 super-

506 1703 781 1757 venientes
808 1701 1012 1770 peccati
1040 1699 1229 1753 sordcs
1245 1698 1418 1767 possit
1445 1697 1686 1760 abluere,
1717 1709 1816 1748 nec
1836 1691 2078 1762 superbi,

505 1795 608 1847 hoc
657 1800 760 1857 est,
800 1806 898 1846 nec
927 1791 1064 1860 legis
1100 1797 1511 1859 contemptores
1539 1786 1945 1842 calumnientur
1974 1799 2081 1846 me,

503 1883 661 1954 quasi
690 1882 798 1936 fato
836 1881 1117 1952 quopiam,
1153 1889 1201 1934 et
1235 1894 1342 1934 non
1378 1879 1576 1934 delicto
1603 1893 1722 1930 meo
1754 1877 1808 1929 in
1850 1877 2079 1930 calami-

505 1985 669 2031 tatem
701 1971 1009 2045 ltujusmodi
1067 1973 1376 2026 inciderint.
1405 1969 1500 2024 Vel
1549 1989 1561 2023 :
1599 1969 1715 2024 Non
1745 1969 2084 2023 calumnien~

508 2076 595 2120 tur
629 2079 734 2131 me,
788 2074 848 2116 ut
880 2073 1084 2117 temere
1133 2061 1489 2132 pmnitentem
1540 2066 1634 2114 aut
1671 2068 1929 2128 tanquam
1967 2057 2084 2111 lru-

507 2169 617 2211 stra
647 2163 958 2226 sperantem
989 2153 1155 2206 ullam
1187 2152 1441 2207 salutem.

578 2247 744 2301 Vsus.
788 2247 913 2300 123.
959 2244 1232 2302 Oculimei
1257 2243 1626 2312 defereruntiu
1649 2240 1887 2293 salutare
1914 2248 2082 2301 tuum,

499 2350 556 2394 ct
591 2343 641 2392 in
677 2339 940 2408 eloquium
969 2336 1199 2405 justitia:
1239 2345 1363 2388 lucc.
1419 2333 1648 2395 Animtn,
1707 2332 1907 2400 inquit,
1951 2345 2086 2385 mete

508 2433 651 2486 oculi
698 2447 805 2483 non
849 2427 1197 2482 mediocriter
1226 2424 1499 2479 debilitati
1549 2429 1701 2486 sunt,
1748 2422 1877 2475 dum
1913 2423 1975 2474 ad
2001 2436 2087 2474 sa-

512 2527 678 2577 lntem
714 2521 861 2575 illam
913 2519 1134 2573 assidue
1166 2517 1460 2585 aspiciunt,
1497 2531 1618 2583 quae
1649 2530 1712 2568 ex
1751 2525 1800 2570 te
1847 2514 2079 2584 pendet:

511 2629 564 2669 et
601 2613 665 2665 ad
699 2609 1121 2680 promissionem
1157 2607 1388 2678 justitize
1425 2616 1552 2659 ture.

586 2705 745 2760 Vens.
795 2704 917 2758 1‘24.
962 2700 1074 2754 Fac
1103 2717 1221 2754 cum
1261 2715 1406 2754 servo
1443 2707 1552 2763 tuo,
1609 2697 1849 2761 Domine,
1895 2713 2082 2751 secun-

501 2799 637 2851 dum
669 2795 1090 2850 misericordiam
1125 2802 1293 2854 luant,
1321 2791 1795 2860 etjustiﬁcationes
1820 2801 1938 2843 tuas
1960 2788 2086 2844 doce

514 2907 610 2946 me.
655 2888 760 2942 Fac
795 2887 1224 2942 miscricordiam
1259 2894 1406 2939 tuam
1439 2887 1492 2938 in
1522 2902 1738 2942 servum
1771 2894 1952 2948 tuum,
1974 2892 2087 2937 tan-

2183 410 2609 480 συστελλόμενον
2638 428 2650 440 ·
2707 410 3024 481 καθήλωσον
3054 407 3148 466 οὖν
3201 412 3295 464 καὶ
3329 410 3483 474 αὐτὸ,
3526 411 3661 482 πρὸς
3689 412 3755 465 τὺ

2184 502 2260 572 μὴ
2289 502 2705 571 μετακινεῖσοαι
2751 505 2830 566 είς
2883 502 3152 566 ἀτάκτους
3172 502 3349 573 ὁρμὰς
3404 501 3497 555 κει)⁹
3525 501 3756 572 πράξεις

2180 593 2437 656 ἀτόπους.

2265 684 2553 751 Ἐποίησα
2610 686 2787 753 κρίμα
2833 685 2931 737 καὶ
2973 684 3370 753 δικαιοσύνην
3397 702 3411 716 ο
3439 685 3525 754 μὴ
3571 703 3759 753 παρα-

2187 774 2308 840 δῷς
2331 793 2408 845 με
2437 775 2560 842 τοῖς
2587 777 2868 832 ἀδικοῦσι
2900 795 2995 846 με.
3018 777 3283 847 Ἐποίησα
3314 794 3494 848 κρισιν
3517 778 3755 830 δικαίαν·

2181 869 2337 923 τοῦτο
2388 871 2497 940 γὰρ
2548 866 2702 922 εἶπεν
2762 871 2823 922 ὲκ
2883 870 3291 941 παραλλήλου..
3323 869 3416 921 Διὸ
3448 869 3521 938 μὴ
3577 886 3759 938 παρα·

2182 961 2287 1031 δῷς
2319 977 2408 1032 με,
2461 962 2646 1014 δίκαια
2675 961 2951 1032 κρίνοντα,
2991 963 3106 1024 τοῖς
3137 962 3337 1024 ἀδίκως
3366 961 3757 1013 ἐπιϐουλεύοι)-

2184 1069 2258 1115 σι,
2312 1051 2444 1121 μηδὲ
2483 1052 3082 1121 κατακηριευσάτωσαν
3115 1051 3210 1109 τοῦ
3242 1051 3470 1120 ἐννόμου
3526 1051 3575 1102 οἱ
3644 1068 3757 1104 πα-

2184 1144 2434 1215 ρόινομοι.

2259 1411 2539 1475 Ἕκδεξαι
2569 1413 2680 1465 τὸν
2705 1411 2931 1466 δοῦλόν
2959 1429 3075 1467 σου
3101 1429 3189 1479 εις
3226 1413 3453 1483 αγαθόν
3483 1427 3497 1441 ’
3533 1411 3613 1480 μὴ
3648 1426 3766 1464 συ-

2186 1503 2834 1574 κοφαντησὰτωσάνμε
2855 1504 3249 1574 ὑπερήφανοι.
3309 1502 3762 1574 Μακροθύμησον

2186 1597 2264 1668 τῷ
2287 1597 2459 1666 δούλῳ
2491 1614 2584 1650 σου
2610 1597 2751 1666 ὑπὲρ
2767 1597 2998 1665 ἀγαθοῦ,
3026 1597 3167 1650 ὥστε
3219 1597 3307 1650 διὰ
3356 1599 3649 1666 μετανοίας
3679 1599 3761 1647 εί-

2188 1691 2465 1762 λικρινοῦς
2510 1693 2919 1746 ἀπολούσασοαι
2966 1696 3058 1746 τὸν
3112 1692 3501 1761 ἐπιγενόμενόν
3535 1707 3626 1758 μοι
3666 1706 3764 1759 μο-

2187 1785 2396 1854 λυσμὸν
2429 1786 2526 1854 τῆς
2578 1785 2880 1855 ἁμαρτίας.
2947 1785 3023 1855 μὴ
3081 1782 3655 1853 συκοφαντησάτωσάν
3695 1797 3762 1848 με

2189 1878 2550 1948 ὑπερήφανοι,
2601 1878 2901 1940 τουτέστιν,
2959 1877 3261 1946 ὑπερόπται
3317 1873 3410 1928 τοῦ
3467 1875 3661 1944 νόμου,
3685 1874 3761 1934 ὡς

2187 1969 2311 2022 καθ’
2343 1967 2686 2040 εἱμαρμένην
2717 1972 3044 2039 πειρασμοῖς
3079 1966 3627 2038 ταλαιπωρούμενον,
3663 1967 3761 2018 καὶ

2186 2063 2247 2114 οὒ
2282 2061 2372 2114 διὰ
2399 2062 2498 2132 τὴν
2559 2059 3050 2133 πλημμεληθεῖσαν
3102 2061 3398 2130 ἁμαρτίαν·
3433 2059 3465 2129 ἦ
3500 2058 3575 2121 ὡς
3629 2059 3754 2127 εἰκῇ

2191 2155 2635 2226 μεταμελόμενον
2663 2173 2674 2186 ·
2705 2155 2738 2226 ῆ
2772 2155 2847 2218 ὡς
2877 2154 3056 2224 μάτην
3097 2153 3388 2217 ἐλπίζοντα
3455 2151 3761 2221 σωτηρίαν.

2262 2251 2325 2302 Ol
2365 2248 2662 2317 ὀφθαλμοί
2703 2265 2822 2318 μου
2866 2248 3155 2312 ἐξέλιπον
3203 2249 3290 2309 είς
3342 2245 3408 2298 τὸ
3455 2243 3760 2311 σωτήριόν

2187 2357 2324 2398 σου.
2389 2339 2488 2393 καὶ
2542 2343 2628 2404 εὶς
2679 2340 2745 2392 τὸ
2791 2341 3001 2408 λόγιον
3027 2337 3138 2406 τῆς
3176 2335 3569 2403 δικαιοσύνης
3619 2348 3760 2388 σου.

2201 2432 2586 2503 Ἐξελύθησαν,
2622 2432 2896 2501 ἡτόνησαν
2926 2432 2974 2484 οἱ
2994 2430 3262 2499 ὀφθαλμοὶ
3291 2429 3389 2496 τῆς
3421 2425 3598 2495 ψυχῆς
3635 2442 3761 2494 μου,

2188 2527 2264 2588 είς
2293 2526 2390 2593 τὴν
2419 2525 2571 2596 παρὰ
2621 2523 2713 2576 σοῦ
2749 2522 3025 2594 σωτηρίαν
3044 2522 3403 2583 ἀτενίζοντες,
3434 2520 3526 2570 καὶ
3553 2519 3633 2579 είς
3662 2516 3762 2587 τὴν

2188 2616 2521 2684 ἐπαγγελίαν
2551 2617 2654 2682 τῆς
2679 2615 3025 2685 δικαιοσύνης
3063 2631 3175 2668 σου.

2257 2708 2526 2774 Ποίησον
2547 2707 2693 2775 μετὰ
2722 2706 2828 2759 τοῦ
2855 2705 3082 2759 δούλου
3114 2720 3229 2758 σου
3282 2704 3433 2758 κατὰ
3459 2702 3522 2756 τό
3583 2702 3764 2766 ἔλεός

2186 2814 2324 2863 σου,
2357 2801 2453 2852 καὶ
2489 2799 2559 2852 τὰ
2592 2797 2955 2868 δικαιώματά
2976 2814 3093 2852 σου
3154 2797 3404 2860 δι’δαξόν
3451 2813 3552 2866 με.
3597 2797 3765 2864 Ποίη-

2191 2906 2281 2942 σον
2302 2891 2380 2952 εἰς
2404 2889 2494 2943 τὸν
2513 2888 2699 2943 δοῦλόν
2719 2906 2812 2941 σου
2844 2888 3015 2953 ἕλεος,
3034 2888 3108 2950 ὡς
3138 2888 3382 2956 ἐλεήμων
3401 2902 3416 2915 ·
3449 2886 3503 2957 ἢ,
3527 2884 3764 2954 Ποίησον

511 2998 674 3054 quam
719 2981 1055 3036 misericors.
1089 2976 1184 3032 Vel
1217 2997 1230 3032 :
1266 2977 1375 3032 Fac
1409 2979 1733 3034 beneﬁcium
1769 2980 1821 3030 in
1873 2975 2083 3031 miscri-

2189 2981 2435 3034 εὐποιίαν
2487 2983 2544 3034 ἐν
2583 2980 2660 3051 τῷ
2716 2980 2855 3034 ἐλέει
2883 2998 2999 3048 σου,
3045 2981 3138 3033 καὶ
3167 2980 3397 3049 ἐλεήσας
3427 2993 3516 3048 με,
3550 2977 3766 3043 δίδαξον

511 3076 697 3132 cordia
726 3083 816 3128 tua
845 3093 858 3129 :
914 3083 967 3128 et
999 3075 1258 3128 misertus
1291 3072 1415 3137 mei,
1459 3071 1594 3126 doce
1624 3086 1709 3125 me
1740 3067 2086 3140 justiticatio~

511 3185 610 3224 I185
651 3178 799 3221 tuas.

582 3257 750 3311 Vnus.
795 3255 918 3309 1'25.
964 3252 1152 3307 Servus
1184 3262 1306 3306 tuus
1333 3267 1589 3322 snmego,
1631 3251 1702 3304 da
1747 3251 1874 3304 milli
1920 3250 2080 3303 intrl-

514 3351 728 3413 lectum,
766 3354 823 3397 ut
859 3359 1172 3414 cognoscam
1204 3343 1507 3395 testimonia
1536 3351 1650 3394 tua.
1713 3339 1778 3395 Et
1836 3343 1882 3395 si
1928 3341 2088 3395 intel-

512 3443 710 3497 lectum
736 3437 867 3491 mihi
904 3435 1242 3506 prmstiteris,
1276 3449 1605 3503 cognoscam
1638 3449 1722 3488 ea.

588 3529 749 3585 Vens.
794 3529 910 3582 1:26.
955 3526 1175 3594 Tempus
1210 3527 1440 3608 faciendi
1486 3527 1707 3580 Domino
1734 3546 1753 3582 :
1789 3528 2084 3597 dissipave-

511 3633 632 3677 runt
667 3623 829 3692 legem
864 3619 1288 3689 tuam.Tempns
1320 3626 1406 3674 est
1433 3619 1529 3674 tibi
1559 3617 1791 3673 Domino
1818 3619 2081 3684 faciendi,

512 3715 720 3769 scilicet
752 3712 1042 3777 ultionem,
1075 3727 1196 3766 cum
1230 3711 1404 3780 iniqui
1458 3712 1628 3780 legem
1673 3719 1820 3764 tuam
1856 3725 2084 3782 spreve-

511 3807 622 3861 rint
649 3815 700 3860 et
731 3804 1130 3860 destruxct'int.

587 3923 756 3978 Vsus.
801 3923 922 3975 127.
970 3919 1254 3988 Propterea
1283 3917 1445 3971 dilexi
1493 3917 1748 3971 mandata
1783 3927 1897 3982 tua,
1931 3934 2085 3986 super

511 4033 700 4071 aurum
735 4025 782 4067 et
817 4012 1084 4081 topazion.
1111 4011 1251 4076 Quia
1293 4011 1369 4063 illi
1406 4010 1573 4081 legem
1604 4019 1748 4064 tuam
1783 4011 2087 4078 dissipave-

512 4117 663 4164 runt,
713 4118 814 4174 ego
848 4102 1057 4157 idcirco
1094 4115 1212 4153 eam
1247 4099 1422 4169 magis
1457 4099 1642 4162 dilexi,
1692 4115 1854 4169 quam
1889 4116 2083 4154 aurum

507 4208 601 4251 aut
662 4196 934 4268 pretiosos
1000 4192 1229 4263 lapides,
1289 4201 1382 4245 aut
1417 4206 1608 4248 onmes
1663 4192 1896 4264 denique
1954 4195 2086 4248 divi-

513 4300 638 4342 ιιιις.

581 4395 742 4451 Vrsas.
807 4395 927 4449 128.
995 4393 1280 4462 Propterea
1333 4392 1404 4446 ad
1450 4393 1629 4446 omnia
1684 4394 1940 4447 mandata
1989 4402 2081 4446 tua

509 4487 804 4555 dirigebar.
845 4483 964 4538 Non
1015 4483 1080 4537 ad
1109 4483 1216 4537 hoc
1251 4491 1488 4547 tantum,
1539 4493 1636 4536 attt
1672 4483 1737 4536 ad
1773 4484 1907 4538 illud
1942 4501 2090 4538 man-

505 4582 722 4644 datum,
779 4578 875 4633 sed
910 4578 974 4630 ad
1008 4577 1190 4631 omnia
1231 4574 1486 4628 mandata
1517 4583 1606 4629 tua
1634 4591 1648 4629 :
1691 4576 1836 4644 quod
1865 4576 2087 4645 majoris

507 4671 870 4739 pet-feetionis
901 4671 1119 4739 signum
1157 4675 1263 4722 est.
1295 4669 1375 4720 Ad
1427 4664 1478 4718 id
1529 4680 1658 4720 vero
1691 4664 1994 4736 dirigebar,
2028 4675 2088 4720 ut

515 4763 612 4817 tibi
646 4749 1005 4823 inservirent,
1042 4772 1207 4828 utque
1240 4759 1334 4812 tibi
1384 4772 1648 4826 parerem,
1689 4757 1783 4825 qui
1836 4760 2088 4812 mandata

511 4871 573 4909 ea
607 4855 888 4910 observari
933 4855 1204 4922 jusseras,
1265 4868 1388 4905 cum
1425 4850 1500 4903 illi
1534 4859 1722 4904 contra
1760 4859 1812 4906 te
1840 4851 1908 4906 ad
1949 4852 2084 4906 iram

511 4950 839 5000 excitarent.

581 5058 805 5113 Omnem
837 5057 972 5112 vium
1003 5055 1258 5125 injustam
1300 5055 1424 5110 odio
1456 5055 1639 5109 habui.
1693 5054 1797 5122 Qui
1831 5054 2088 5110 mandata

511 5151 604 5202 Dei
633 5151 830 5219 diligit.
856 5163 1019 5204 omne
1043 5149 1234 5201 vitium
1260 5149 1394 5213 odit,
1426 5149 1592 5202 veluti
1621 5149 1701 5202 eis
1726 5149 2085 5203 contrarium.

512 5240 701 5312 Neque
736 5241 886 5296 enim
922 5241 1065 5294 inter
1113 5254 1172 5294 se
1205 5240 1542 5294 conveniunt
1578 5239 1772 5294 vitium
1799 5249 1856 5293 et
1883 5239 2084 5302 virtus,

512 5335 606 5388 lux
632 5344 687 5388 et
715 5333 974 5396 tenebrae,
1003 5330 1269 5402 agritudo
1303 5338 1358 5383 et
1390 5330 1620 5384 sanitas.

589 5448 750 5502 Vens.
797 5446 917 5501 1‘29.
967 5445 1243 5499 Mirabilia
1297 5445 1598 5499 testimonia
1650 5455 1762 5504 tua,
1815 5443 1933 5496 ideo
1966 5459 2085 5512 per-

515 5548 754 5591 scrutata
779 5547 856 5592 cst
886 5555 946 5592 ea
974 5538 1159 5591 anima
1192 5553 1328 5590 mea.
1366 5536 1634 5589 Mirabilia
1668 5543 1796 5588 sunt
1830 5554 1841 5588 :
1885 5539 2012 5605 quia
2037 5547 2090 5589 et.

513 5642 677 5684 onme
695 5630 908 5686 virtutis
933 5644 1103 5701 genus
1131 5627 1353 5696 docent,
1384 5637 1436 5681 et
1462 5641 1622 5681 omne
1651 5628 1839 5683 vitium
1874 5641 2084 5684 arcent.

2191 3090 2260 3145 με
2316 3076 2384 3128 τὰ
2434 3074 2782 3145 δικαιώματά
2808 3092 2926 3127 σου.

2257 3253 2484 3319 Δοῦλός
2516 3255 2631 3307 σού
2667 3257 2782 3323 εἰμι
2821 3253 2956 3323 ἐγὼ,
2997 3252 3328 3308 συνέτισόν
3363 3271 3453 3322 με,
3484 3253 3583 3307 καί
3616 3251 3766 3322 γνώ-

2181 3347 2364 3412 ρισόν
2383 3363 2460 3414 με
2485 3347 2553 3401 τὰ
2587 3345 2880 3415 μαρτύριά
2926 3363 3065 3401 σου.
3095 3347 3205 3400 Καὶ
3226 3347 3274 3398 εί
3313 3345 3612 3407 συνετίσεις
3675 3361 3762 3414 με,

2189 3439 2474 3510 γνώσομαι
2505 3439 2704 3493 ταῦτα.
2843 3429 2846 3432 λ

2257 3529 2473 3599 Καιρὸς
2526 3531 2632 3586 τοῦ
2682 3531 2934 3601 ποιῆσαι
2970 3531 3050 3599 τῷ
3080 3532 3276 3602 Κυρίῳ
3313 3547 3327 3562 ·
3352 3529 3765 3585 διεσκέδασαν

2187 3626 2293 3677 τὸν
2317 3625 2507 3692 νόμον
2523 3639 2659 3678 σου.
2691 3626 2897 3696 Καιρός
2921 3643 3004 3679 σοι
3031 3626 3106 3694 τῷ
3136 3626 3326 3696 Κυρίῳ
3366 3624 3460 3677 τοῦ
3506 3622 3765 3692 ποιῆσαι,

2187 3713 2465 3783 ἐκδίκησιν
2497 3714 2763 3787 δηλονότι.
2808 3717 3150 3783 Κατέλυσαν,
3177 3717 3451 3787 ἠθέτησαν
3477 3715 3569 3768 τὸν
3594 3716 3765 3784 νύμον

2189 3823 2280 3857 σου
2333 3805 2382 3857 οἱ
2407 3807 2734 3878 παράνομοι.

2256 3921 2359 3974 Διὰ
2414 3920 2591 3974 τοῦτο
2633 3922 2922 3989 ἠγάπησα
2971 3931 3079 3986 τας
3124 3920 3381 3986 ἐντολάς
3455 3932 3575 3975 σου
3609 3919 3765 3987 ὑπὲρ

2185 4010 2445 4078 χρυσίον
2491 4011 2589 4063 καὶ
2651 4010 2950 4070 τοπάζιον.
2997 4012 3142 4064 Διότι
3190 4011 3542 4064 διεσκέδασαν
3599 4010 3766 4064 αὑτὸν

2184 4103 2403 4154 ἐκεῖνοι·
2432 4100 2542 4169 ἐγὼ
2597 4101 2796 4171 μᾶλλον
2835 4101 3098 4172 ἠγάπησα
3139 4101 3350 4167 τοῦτον,
3377 4104 3519 4174 ὑπὲρ
3535 4104 3765 4174 χρυσίον

2187 4192 2280 4244 καὶ
2325 4191 2472 4245 λίθον
2504 4193 2707 4261 τίμιον,
2743 4192 2886 4264 ὑπὲρ
2909 4193 3138 4248 πλοῦτον
3173 4194 3367 4249 πολύν.

2261 4397 2362 4449 Διὰ
2387 4397 2558 4452 τοῦτο
2609 4397 2761 4466 πρὸς
2793 4396 2998 4466 πάσας
3025 4398 3134 4466 τὰς
3175 4399 3430 4465 ἐντολάς
3471 4413 3595 4453 σου
3622 4417 3764 4453 κατ·

2191 4489 2524 4556 ωρθούμην.
2572 4486 2650 4543 Οὐ
2691 4489 2823 4558 πρὸς
2847 4489 3116 4562 ταύτηνῆ
3153 4490 3390 4559 ἐκείνην,
3441 4489 3581 4542 ἀλλὰ
3626 4491 3766 4560 πρὸς

2191 4583 2372 4635 πᾶσαν
2391 4599 2405 4613 ο
2465 4580 2626 4635 τοῦτο
2657 4582 2768 4654 γὰρ
2796 4584 3157 4648 τελειότητος.
3217 4584 3498 4655 ἰουνόμην
3525 4585 3583 4638 δὲ
3622 4587 3764 4655 πρὸς

2192 4673 2392 4737 πάσας,
2450 4673 2537 4725 ἵνα
2569 4673 2733 4737 αὐτὸς
2784 4673 3077 4745 θεραπεύω
3119 4693 3202 4742 σε,
3238 4677 3330 4730 τὸν
3378 4677 3766 4748 ἐντειλάμενον

2189 4762 2414 4826 ταύτας,
2448 4763 2672 4816 ἐκείνων
2709 4765 3178 4835 παροργιζὸντων.

2262 5054 2474 5109 narrar
2499 5051 2645 5107 ε’δὸν
2677 5052 2886 5108 ἀδικον
2911 5055 3197 5123 ἐμίσησα.
3250 5057 3308 5108 Ὁ
3339 5059 3448 5127 γὰρ
3475 5059 3573 5120 τὰς
3611 5060 3765 5112 ἐντο-

2191 5145 2286 5208 λὰς
2313 5142 2545 5212 ἀγαπῶν
2605 5143 2700 5195 τοῦ
2756 5144 2892 5196 Θεοῦ
2954 5147 3103 5214 μισεῖ
3167 5147 3354 5199 πᾶσαν
3407 5148 3628 5210 κακίαν,
3685 5149 3762 5211 ὡς

2191 5237 2574 5306 ἀντικειμένην
2605 5236 2818 5298 αὐταῖς.
2861 5236 3180 5308 Ἀσύμδατα
3196 5238 3306 5308 γὰρ
3330 5239 3497 5310 ἁρετὴ
3528 5242 3622 5292 καί
3657 5258 3760 5291 κα·-

2195 5333 2308 5394 κτα,
2335 5331 2450 5398 φῶς
2484 5330 2578 5383 καὶ
2610 5331 2823 5396 σκότος,
2851 5331 3010 5397 ὑγεία
3035 5333 3130 5384 καὶ
3151 5332 3327 5395 νόσος.

2263 5446 2586 5510 Θαυμαστὰ
2616 5442 2687 5495 τὰ
2707 5445 3001 5510 μαρτύριά
3028 5459 3164 5506 σου,
3185 5445 3281 5498 διὰ
3314 5448 3487 5502 τοῦτο
3518 5449 3764 5516 ἐξηρειτ-

2194 5535 2561 5600 νησενιιὺτὰ
2583 5535 2620 5601 ἡ
2663 5533 2834 5602 ψυχή
2885 5553 3020 5600 μου.
3069 5537 3393 5605 Θαυμαστὰ,
3459 5543 3566 5594 πᾶν
3614 5536 3761 5601 εἴδεος

2195 5625 2394 5695 ἀρετῆς
2427 5624 2771 5688 παιδεύοντα,
2834 5628 3007 5679 πᾶσαν
3067 5629 3266 5681 κακίαν
3302 5632 3607 5686 ἐλιύνοντα.
3661 5634 3760 5683 Διὰ
