4076 6204
525 329 657 393 1171

1733 328 2116 388 EUTIIYMII
2154 331 2323 389 ZIGA
2337 332 2515 391 BEN!

3640 319 3798 384 £172

517 440 705 512 populi
740 441 804 494 ad
837 438 1007 492 Deum
1041 436 1336 506 Supplicat,
1371 443 1559 505 petens
1594 437 1736 490 mitti
1787 438 1891 491 sibi
1943 438 2087 492 hunc

2209 443 2378 508 τῆσαι.
2409 444 2476 495 Ἣ
2511 442 2605 494 καὶ
2630 439 2905 511 προσώπῳ
2928 438 3022 491 τοῦ
3065 437 3187 491 νέου
3214 436 3347 490 λαοῦ
3375 438 3616 489 ποιεῖται
3683 435 3799 502 τὴν

512 533 736 599 Filium,
767 543 817 587 et
853 531 1037 587 doceri
1075 547 1133 585 se
1165 531 1233 584 ab
1267 545 1333 586 eo
1368 530 1794 601 justiﬁeationes
1825 532 1983 603 legis.

588 707 751 762 Vens.
794 707 916 763 156.
981 709 1248 763 Decursus
1302 726 1563 778 aquarum
1625 710 1896 764 subierunt
1951 711 2092 764 oculi

512 801 637 860 mei,
672 801 797 869 quia
828 817 933 853 non
974 800 1342 854 custodierunt
1375 800 1532 871 legem
1567 812 1737 857 tuam.
1776 799 1879 854 Per
1915 818 2089 871 aqua-

510 909 634 947 rum
683 893 972 958 decursus,
1025 893 1324 947 charadras
1373 905 1426 947 et
1479 894 1644 949 valles
1696 894 1970 964 intelligit,
2024 909 2088 948 ac

512 987 630 1038 loca
664 999 928 1050 concava,
967 999 1062 1054 per
1095 1000 1216 1054 quae
1247 1000 1402 1054 aqua:
1441 984 1611 1039 ﬂuere
1643 987 1846 1040 solent.
1893 987 2086 1050 Oculi,

513 1077 716 1146 inquit,
755 1077 855 1130 mei
888 1077 1242 1147 lacrymando
1274 1077 1498 1130 concavi
1546 1077 1721 1132 effecti
1775 1089 1926 1143 sunt,
1960 1081 2090 1134 cha-

513 1168 801 1238 radraaque
848 1183 911 1223 ac
952 1168 1112 1224 vallis
1148 1169 1435 1238 cujusdam
1473 1171 1709 1238 speciem
1759 1172 2086 1237 subierunt;

510 1264 597 1316 vel
638 1264 1045 1317 contahncrunt
1093 1262 1462 1332 lacrymarum
1512 1261 1665 1330 copia
1703 1277 1916 1331 ,.quam
1969 1261 2092 1315 ideo

513 1355 693 1421 emisi,
732 1359 856 1424 quia
883 1367 1320 1423 transgressores
1355 1371 1462 1408 non
1497 1354 1882 1408 custodierunt
1915 1356 2088 1426 legem

512 1458 662 1501 tuam
695 1463 710 1501 :
747 1458 854 1502 tota
887 1448 1089 1502 etenim
1125 1457 1285 1503 nocte
1316 1449 1592 1500 miseriam
1619 1462 1718 1516 ego
1747 1447 1962 1502 illorum
1991 1449 2092 1503 de-

513 1538 732 1594 flebam.
775 1541 1011 1608 Intelligi
1043 1540 1207 1593 etiam
1243 1547 1472 1608 possunt
1512 1539 1624 1592 haec
1659 1541 1843 1604 verba,
1884 1553 1942 1595 ut
1975 1558 2090 1612 per-

2193 533 2395 602 δέησιν,
2426 533 2685 586 ἱκετεύων
2714 530 3031 585 ἀποστεῖλαι
3052 527 3197 599 αὐτῷ
3209 528 3416 591 τοῦτον,
3443 529 3535 581 καὶ
3559 527 3800 592 διδάξαι

2191 624 2260 677 τὰ
2283 624 2616 692 εύαγγελικὰ
2646 623 3012 692 δικαιώματα.

2263 716 2581 782 Διεξόδους
2647 716 2884 771 ὑδάτων
2942 713 3283 768 κατέδυσαν
3333 713 3389 766 οι
3471 710 3803 779 ὀφθαλμοί

2183 828 2325 878 μου,
2360 809 2490 862 ἐπεὶ
2516 811 2626 863 οὐκ
2658 806 3095 876 ἐφύλαξαντὸν
3119 807 3308 872 νόμον
3368 820 3504 857 σου.
3537 802 3803 864 Διέξοῖοι

2195 903 2406 955 ὑδάτων
2458 903 2512 954 αἱ
2540 902 2808 972 χαράδραι
2833 901 2925 953 καὶ
2951 901 3019 954 τὰ
3049 899 3365 967 κοιλώματα
3387 912 3401 926 ’
3449 896 3618 964 φησὶν
3663 892 3804 958 οὖν,

2195 997 2276 1049 ὅτι
2304 994 2637 1065 Κοιλώματα
2690 993 3083 1062 ὲκοιλάνθησαν
3125 992 3175 1044 οἱ
3224 988 3492 1059 ὀφθαλμοί
3539 1005 3651 1055 μου
3693 987 3803 1039 δα-

2197 1089 2478 1160 κρύοντες,
2512 1089 2678 1157 ἤγουν
2703 1086 3001 1155 ἐτάκησαν,
3036 1083 3241 1152 πλῆθος
3285 1080 3540 1149 δακρύων
3593 1081 3801 1147 ἀττορ-

2200 1181 2437 1250 ῥέοντες,
2471 1181 2721 1233 διότιούκ
2763 1177 3039 1248 ἐφύλαξαν
3064 1178 3156 1228 τὸν
3192 1175 3357 1244 νόμον
3383 1190 3475 1225 σου
3507 1174 3559 1224 οἱ
3593 1188 3804 1240 παρα-

2206 1271 2523 1342 νομοῦντες
2541 1272 2840 1341 παννύχιον
2866 1270 2976 1340 γὰρ
2996 1267 3376 1335 ἁπεκλαιὸμην
3389 1265 3511 1327 τοὺς
3538 1263 3808 1324 ἀθλίους.

2201 1367 2424 1420 Νοεῖται
2454 1367 2511 1420 δὲ
2559 1367 2716 1419 τοῦτο
2746 1366 2841 1418 καὶ
2869 1364 2997 1434 περὶ
3023 1363 3132 1415 τῶν
3172 1361 3465 1421 Ἰουδαίων,
3493 1359 3544 1410 οἳ
3585 1375 3795 1426 παρα-

2205 1458 2496 1526 νομοῦντες
2534 1457 2745 1512 ἀνεῖλον
2794 1456 2885 1508 τὸν
2942 1453 3180 1525 Χριστόν
3209 1468 3225 1485 ⁸
3258 1451 3490 1522 ἐδάκρυε
3538 1451 3653 1519 γὰρ
3691 1449 3807 1501 αὖε

2199 1551 2345 1613 τοὺς,
2382 1551 2456 1614 ὡς
2486 1551 2761 1622 ὁμογενεῖς
2773 1591 2786 1604 .

518 1635 729 1687 tineant
768 1633 834 1687 ad
874 1631 1109 1696 Judaeos,
1163 1632 1254 1701 qui
1306 1631 1493 1700 inique
1539 1641 1764 1702 agentes
1811 1633 2096 1690 Christum
2139 1638 2569 1712 interemerunt;
2603 1647 2939 1713 lacrymatus
2964 1641 3109 1696 enim
3150 1649 3238 1694 est
3283 1634 3552 1692 Dominus
3618 1641 3808 1703 super

515 1741 630 1789 eos,
665 1734 922 1794 tanquam
959 1740 1123 1793 super
1154 1734 1441 1795 cognatos,
1479 1739 1542 1778 ac
1580 1723 1826 1792 ejusdem
1880 1726 2095 1794 generis
2137 1729 2411 1787 hemines.

594 1817 753 1870 Vens.
807 1817 927 1870 157.
971 1815 1162 1870 Justus
1205 1833 1280 1881 es,
1319 1815 1568 1880 Domine,
1612 1825 1661 1869 et
1695 1825 1839 1869 recta
1878 1817 2091 1886 judicia

2273 1827 2514 1893 Δίκαιος
2552 1821 2627 1890 εἴ,
2680 1825 2878 1893 Κύριε,
2915 1822 3016 1876 καὶ
3043 1820 3240 1886 εὐθεῖς
3262 1821 3322 1874 al
3345 1818 3579 1887 κρίσεις
3644 1831 3800 1872 σοιν

522 1919 634 1962 ιιια.
671 1907 784 1962 Hoc
809 1909 1029 1962 assidue
1063 1908 1327 1978 Cogitare,
1363 1907 1567 1973 dicere,
1598 1909 1824 1963 credere
1877 1917 1932 1964 et
1960 1925 2097 1964 con-

519 1999 661 2053 titeri
689 2001 953 2066 optimum
980 2010 1084 2054 est.

589 2089 758 2144 Vsus.
797 2091 917 2145 138.
950 2090 1226 2146 Mandasti
1246 2093 1521 2160 justitiam
1553 2091 1855 2144 testimonia
1904 2100 2017 2155 tua,
2051 2099 2101 2143 et

521 2185 798 2237 veritatem
828 2193 972 2238 tuam
1004 2185 1174 2239 valde.
1219 2183 1485 2238 Mandasti
1519 2199 1582 2237 ea
1610 2183 1787 2248 valde,
1830 2183 2099 2253 justitiam

523 2277 782 2331 nimirum
813 2287 867 2333 et
899 2279 1208 2333 veritatem.
1237 2275 1354 2344 Vel,
1390 2277 1661 2331 mandasti
1694 2293 1757 2332 ea
1783 2277 2102 2332 testimonia

523 2371 826 2433 observari,
859 2381 917 2424 ut
941 2371 1096 2426 valde
1123 2370 1293 2440 justa,
1317 2383 1371 2424 et
1395 2370 1553 2424 valde
1583 2384 1732 2424 vera.
1762 2368 1870 2422 Lex
1899 2368 2102 2422 etenim

522 2471 654 2525 tua,
690 2463 836 2530 quod
878 2465 1086 2532 justum
1131 2473 1236 2526 est,
1283 2463 1540 2518 omnibus
1575 2463 1852 2527 retribuit,
1889 2472 1996 2516 tam
2037 2461 2104 2515 iis

525 2553 618 2621 qui
658 2563 804 2610 recte
833 2563 1022 2623 agunt,
1054 2571 1217 2624 quam
1259 2556 1324 2609 iis
1355 2555 1451 2625 qui
1483 2569 1592 2609 non
1641 2565 1827 2620 recte;
1855 2562 1910 2608 et
1940 2566 2104 2607 verax

525 2648 689 2704 etiam
717 2656 802 2702 est
830 2647 881 2699 in
916 2645 1370 2716 promissionihus
1402 2646 1548 2700 suis.

597 2735 764 2791 Vsus.
798 2736 920 2790 159.
956 2734 1239 2789 Tabescere
1280 2751 1358 2788 me
1405 2735 1526 2804 fecit
1573 2733 1716 2788 zelus
1761 2750 1906 2788 meus
1932 2775 1946 2798 ,
1980 2733 2107 2803 quia

527 2830 678 2884 obliti
715 2839 836 2882 sunt
866 2828 1021 2881 verba
1045 2835 1138 2881 tua
1169 2827 1374 2880 inimici
1399 2827 1520 2880 mei.
1553 2825 1716 2881 Zelus
1745 2841 1854 2895 quo
1887 2836 2109 2896 propter

526 2930 582 2978 te
613 2922 908 2986 accendor,
945 2920 1091 2992 quod
1131 2921 1198 2976 ab
1229 2921 1308 2975 eis
1337 2921 1653 2990 spernaris;
1687 2921 1771 2973 vel
1823 2918 1970 2987 justa
2002 2920 2103 2982 ira,

527 3031 637 3084 qua
667 3030 766 3085 pro
795 3023 848 3069 te
878 3029 1251 3079 commoveor,
1285 3013 1431 3082 quod
1462 3013 1842 3066 mandatorum
1889 3023 2107 3066 tuorum

528 3108 686 3162 obliti
731 3117 880 3167 sunt,
921 3107 1178 3176 quodque
1209 3121 1238 3158 a
1273 3106 1446 3160 veteri
1480 3105 1832 3160 meditatione
1878 3121 1978 3159 sua
2017 3122 2104 3160 re-

529 3207 819 3252 cesserunt
847 3199 1053 3252 inimici
1087 3198 1162 3250 illi
1211 3198 1335 3262 mei,
1375 3197 1468 3264 qui
1517 3197 1588 3252 ob
1631 3198 1881 3252 ardorem
1934 3197 2103 3250 animi
2134 3183 2179 3244 C

528 3288 587 3340 in
617 3294 670 3340 te
701 3301 907 3350 memn,
945 3286 1077 3339 mild
1107 3285 1310 3339 infensi
1346 3293 1496 3339 sunt.

606 3375 770 3431 Vuns.
807 3377 930 3431 MO.
978 3375 1211 3446 Ignitum
1253 3375 1519 3444 eloquium
1569 3383 1714 3427 tuum
1759 3377 2103 3443 vehementer,

529 3480 580 3522 et
619 3484 795 3523 servus
829 3483 948 3521 tuus
973 3468 1158 3521 dilexit
1188 3467 1342 3520 illud.
1365 3466 1686 3529 Purissima,
1718 3467 1914 3536 inquit,
1943 3477 2107 3536 atque

531 3562 883 3617 immaculata
935 3571 1012 3616 est
1066 3561 1150 3614 lex
1208 3570 1334 3623 tua,
1384 3559 1541 3628 quasi
1591 3576 1784 3614 aurum
1836 3561 2107 3630 quoddam

532 3656 765 3723 ignitum
801 3661 972 3722 atque
1019 3653 1142 3720 igne
1173 3651 1569 3705 examinatum.
1614 3650 1856 3705 Similem
1890 3659 2110 3705 senten-

535 3748 666 3800 tiam
704 3747 998 3801 habuimus
1035 3745 1086 3798 in
1137 3744 1346 3812 psalmo
1392 3742 1702 3808 undecimo,
1737 3742 1808 3796 ibi
1839 3762 1852 3798 :
1883 3744 2110 3814 Eloquia

532 3838 772 3902 Domini,
817 3838 1025 3906 eloquia
1073 3844 1260 3901 casta,
1296 3841 1573 3904 argentum
1617 3834 1841 3902 ignitum
1895 3833 2104 3905 (eadem

532 3929 680 3980 enim
716 3927 885 3982 dictio
917 3925 1210 3994 utrobique
1241 3932 1324 3978 est
1370 3923 1425 3976 in
1461 3921 1647 3976 Grazca
1693 3923 1949 3986 lectione,
1987 3939 2108 3992 qua:

2200 1921 2371 1974 Τοῦτο
2395 1922 2491 1972 καὶ
2517 1923 2677 1985 νοεῖν,
2715 1921 2809 1972 καὶ
2831 1917 3012 1986 λέγειν
3036 1916 3125 1969 ἀεὶ
3149 1914 3333 1980 καλὸν,
3362 1912 3456 1966 καὶ
3477 1910 3797 1974 πιστεύειν,

2201 2015 2296 2068 καὶ
2333 2016 2638 2084 ὁμολογεῖν.

2287 2104 2597 2157 Ἐνετείλω
2621 2102 3022 2168 δικαιοσύνην
3059 2100 3131 2152 τὰ
3165 2097 3460 2168 μαρτύριὰ
3491 2113 3637 2160 σου,
3691 2095 3797 2148 καί

2201 2194 2494 2261 ἀλήθειαν
2551 2192 2809 2261 σφόδρα.
2869 2190 3150 2243 Ἐνετείλω
3202 2188 3368 2250 αὐτὰ,
3427 2186 3794 2254 δικαιοσύνην

2201 2287 2545 2356 αὐτόχρημα,
2574 2286 2670 2338 καὶ
2709 2285 2967 2353 ἀλήθειαν
3011 2283 3176 2336 πάνυ.
3209 2283 3308 2348 Ἢ,
3344 2280 3598 2334 ἐνετείλω
3622 2279 3795 2339 αὐτὰ,

2203 2379 2388 2433 δίκαια
2441 2379 2537 2431 καὶ
2591 2377 2768 2446 ἀληθῆ
2812 2377 2977 2431 πάνυ.
3010 2374 3067 2427 'U
3091 2375 3256 2444 νόμος
3309 2389 3404 2424 σου
3434 2371 3544 2442 γὰρ
3564 2371 3796 2433 δικαίως

2205 2470 2494 2540 ἀμείϐεται
2524 2471 2618 2522 καὶ
2674 2468 2766 2522 τὸν
2807 2467 3206 2536 κατορθοῦντα,
3238 2465 3444 2519 καὶτὸν
3477 2463 3797 2532 σφαλλόμε-

2206 2579 2319 2628 νον,
2354 2562 2446 2615 κα“ι
2469 2560 2724 2631 ἀληθεύει
2754 2563 2875 2624 ταῖς
2903 2559 3283 2628 ἐπαγγελίαις.

2290 2738 2571 2806 Ἐξέτηξέ
2595 2755 2674 2808 με
2706 2741 2738 2792 ὁ
2769 2737 2948 2806 ζῆλός
2977 2754 3115 2802 σου,
3150 2734 3626 2789 ὅτιέπελάθογτο
3670 2730 3801 2784 τῶν

2207 2836 2406 2902 λόγων
2462 2848 2578 2884 σου
2638 2832 2694 2883 οἱ
2739 2830 2943 2899 ἐχθροί
2994 2847 3133 2897 μου.
3188 2829 3246 2879 '0
3296 2827 3436 2894 ὑπὲρ
3487 2825 3581 2878 σοῦ
3627 2825 3797 2893 ζῆλος

2210 2924 2755 2996 καταφρονουμένου·
2792 2923 2826 2992 ἢ
2855 2922 2995 2989 ὑπὲρ
3048 2919 3142 2973 σοῦ
3192 2919 3376 2973 δικαία
3423 2918 3599 2987 ὀργή·
3657 2916 3799 2968 διότι

2211 3019 2535 3073 ἐπελάθοντο
2576 3017 2685 3071 τῶν
2743 3015 2974 3069 ἐντολῶν
3027 3031 3144 3078 σου,
3176 3015 3225 3065 οἱ
3275 3011 3366 3065 διὰ
3413 3010 3574 3062 τοῦτο
3605 3007 3802 3078 ἐχθροί

2217 3130 2315 3183 μου
2338 3113 2676 3170 ἀποστάντες
2696 3109 2794 3179 τῆς
2826 3107 3056 3177 μελέτης
3087 3105 3290 3159 αὐτῶν.

2274 3371 2714 3440 Πεπυρωμένον
2738 3370 2805 3423 τὸ
2835 3369 3044 3436 λόγιόν
3072 3381 3189 3420 σου
3213 3360 3577 3433 σφόδρα,καὶ
3599 3365 3634 3414 ό
3649 3359 3799 3414 δοῦ-

2205 3464 2316 3530 λός
2343 3478 2461 3516 σου
2494 3461 2814 3531 ἠγάπησεν
2847 3461 3013 3514 αὑτό.
3040 3454 3798 3528 Καθαρώτατος,άμεμπτος·

2209 3560 2238 3610 ὁ
2269 3559 2431 3626 νόμος
2466 3573 2593 3609 σου·
2622 3556 2864 3621 τοιοῦτον
2893 3556 3001 3625 γὰρ
3034 3554 3094 3607 τὸ
3125 3551 3518 3621 πεπυρωμένον
3543 3547 3800 3619 χρυσίον.

2216 3649 2447 3719 Εἴρηται
2469 3649 2527 3702 δὲ
2561 3649 2657 3701 καὶ
2679 3650 2736 3700 ἐν
2762 3647 2839 3714 τῷ
2867 3644 2933 3700 ια’
2962 3645 3162 3715 ψαλμῷ
3185 3662 3199 3675 '
3251 3644 3328 3700 Τὰ
3358 3643 3534 3712 λόγια
3564 3641 3799 3706 Κυρίου

2215 3740 2388 3810 ἁγνὰ,
2413 3741 2698 3810 ἀργύριον
2722 3739 3170 3809 πεπυρωμένον·
3200 3739 3295 3790 καὶ
3323 3735 3609 3806 ἠγάπησεν
3663 3734 3804 3787 αὐτὸ

2219 3833 2378 3902 μόνος
2411 3835 2438 3885 ὁ
2461 3831 2644 3895 δοῦλός
2683 3849 2801 3896 σου,
2854 3833 2907 3885 εί
2934 3831 3015 3895 τίς
3053 3835 3170 3883 ἐστι
3202 3828 3456 3898 θεράπων
3485 3843 3605 3890 σου,
3633 3826 3688 3878 εί
3709 3841 3798 3887 τις

2219 3923 2356 3994 μετὰ
2381 3924 2547 3992 φὸὁου
2577 3924 2850 3993 λατρεύει.

533 4029 588 4075 et
618 4021 840 4091 ignitum
865 4018 1154 4089 significat,
1183 4027 1234 4070 et
1263 4017 1378 4086 igne
1401 4015 1811 4078 examinatum).
1843 4014 1955 4070 Hoc
1979 4031 2107 4070 vero
2146 4016 2425 4086 eloquium
2459 4033 2554 4071 seu
2595 4016 2910 4070 mandatum
2946 4023 3101 4070 tuum
3137 4016 3183 4072 is
3251 4015 3405 4070 solus
3464 4014 3666 4083 diligit,
3699 4013 3796 4081 qui

535 4132 730 4172 servus
763 4125 890 4168 tuus
917 4123 1023 4172 est.
1068 4113 1158 4181 qui
1197 4110 1293 4166 tibi
1346 4112 1549 4177 servit,
1587 4119 1639 4164 te
1679 4111 1810 4164 colit
1861 4119 1914 4164 et
1952 4127 2076 4166 cum
2115 4113 2310 4167 timore
2335 4120 2640 4168 veneratur.

609 4209 775 4265 Vsus.
812 4210 931 4263 Ml.
958 4207 1394 4264 Adolescentulus
1427 4193 1544 4259 sunt
1565 4222 1657 4275 ego
1683 4214 1730 4258 et
1758 4215 2106 4274 contemptus,

2287 4206 2583 4274 Νεώτερός
2629 4209 2745 4275 εἰμι
2779 4205 2895 4273 ἐγὼ
2927 4205 3025 4258 καὶ
3053 4203 3554 4272 ἐξουδενωμένος,
3597 4202 3677 4255 τὰ
3703 4201 3802 4254 δι-

525 4303 941 4376 justi/icationes
975 4310 1095 4354 tuas
1128 4317 1231 4354 non
1255 4315 1368 4352 sunt
1398 4298 1609 4352 oblitus.
1635 4293 1799 4350 Juxta
1827 4297 2109 4352 historiam

537 4397 732 4450 beatus
766 4391 932 4446 David
968 4390 1372 4446 adolescentior
1404 4398 1524 4441 erat
1561 4390 1706 4443 inter
1732 4397 1960 4441 caeteros
2002 4389 2112 4440 fra-

536 4494 675 4550 tres,
706 4494 755 4538 et
790 4491 1011 4552 propter
1042 4490 1262 4536 statura:
1297 4481 1596 4534 exilitatem
1637 4479 1736 4533 fuit
1769 4480 1933 4532 etiam
1977 4494 2112 4534 con-

537 4584 782 4644 temptus
816 4588 844 4626 a
891 4580 1068 4642 patre,
1099 4571 1318 4640 quando
1352 4569 1571 4623 Samuel
1612 4573 1878 4640 propheta
1915 4583 2113 4624 unctu-

507 4691 510 4694 ~
539 4679 638 4717 rus
669 4678 791 4716 eum
826 4663 879 4716 in
916 4678 1118 4730 regem,
1154 4659 1392 4714 advenit.
1431 4657 1554 4711 Fuit
1583 4659 1744 4712 etiam
1776 4659 1964 4725 junior
1992 4660 2113 4728 ipso

541 4752 671 4808 Sani
700 4762 754 4808 ct
784 4753 1064 4822 neglectus
1115 4751 1185 4804 ab
1227 4766 1314 4814 eo,
1347 4765 1468 4802 cum
1516 4748 1920 4816 persecutiones
1957 4749 2024 4801 ab
2051 4763 2118 4802 eo

541 4845 724 4902 varias
768 4845 1110 4900 sustineret:
1143 4852 1514 4896 verumtamen
1566 4841 1653 4895 hic
1700 4840 1888 4909 junior
1928 4850 1981 4894 et
2019 4855 2116 4894 ne-

545 4943 753 5007 qlet‘ltls
784 4954 948 5007 supra
982 4937 1081 4991 hos
1111 4951 1323 4999 omnes,
1369 4933 1681 4987 divinorum
1731 4933 2115 4986 mandatorum

601 5031 816 5084 eminit.
864 5031 1164 5084 Possumus
1195 5028 1360 5081 etiam
1395 5025 1701 5094 intelligere
1750 5026 1862 5078 haec
1911 5026 2074 5079 verba
2100 5064 2115 5089 ,

542 5135 601 5176 nt
634 5125 842 5191 prolata
866 5122 978 5178 sint
1012 5137 1076 5176 ex
1107 5135 1338 5190 persona
1367 5119 1490 5175 novi
1528 5119 1732 5189 pepuli,
1760 5117 1852 5188 qui
1883 5129 2122 5173 eontem-

2213 4295 2516 4366 καιώματά
2531 4312 2647 4350 σου
2671 4297 3075 4365 ἐπελαθόμην.
3111 4294 3249 4347 Καθ’
3282 4294 3522 4365 ἱστορίαν
3553 4296 3581 4346 ὁ
3632 4295 3803 4348 eam

2212 4389 2475 4460 νεώτερος
2491 4385 2557 4459 ἦν
2571 4389 2680 4442 τῶν
2696 4387 3063 4458 ἀδελφῶν.)ιώ
3081 4387 3413 4457 ἐξουδενωμέ
3423 4405 3510 4451 νος
3529 4405 3604 4439 πα
3613 4388 3683 4456 ρὰ
3699 4385 3800 4439 τοῦ

2213 4483 2422 4552 πατρὸς
2465 4481 2555 4535 διὰ
2601 4482 2701 4550 τὴν
2759 4481 3080 4552 βραχύτητα
3109 4481 3208 4550 τῆς
3252 4480 3490 4549 ἡλικίας,
3516 4481 3658 4532 ὅτεὸ
3698 4481 3803 4533 Sa-

2217 4574 2388 4645 μουὴλ
2443 4575 2776 4641 παρεγένετο
2807 4575 3008 4644 χρίσων
3039 4573 3202 4626 αὑτὸν
3225 4574 3304 4635 εἰς
3338 4572 3585 4641 βασιλέα.
3634 4572 3799 4626 Ἀλλὰ

2213 4666 2307 4717 καὶ
2339 4663 2430 4718 τοῦ
2477 4667 2652 4718 Σαοζλ
2711 4666 2977 4736 νεώτερος
3019 4662 3108 4735 ἦν,
3139 4667 3235 4718 καὶ
3263 4666 3609 4730 ἐξουδενοῦτο
3659 4665 3796 4736 παρ’

2217 4755 2405 4816 αὐτοῦ,
2440 4756 2534 4808 καὶ
2561 4757 2836 4809 ἐδιώκετοο
2869 4757 2964 4810 καὶ
2987 4756 3136 4824 ὅμως
3169 4756 3311 4825 ὑπὲρ
3339 4758 3546 4818 πάντας
3572 4758 3797 4819 τούτους

2217 4845 2242 4896 ἐ
2252 4843 2558 4912 μνημόνευε
2581 4845 2678 4914 τῆς
2702 4845 2923 4914 ἐντολῆς
2941 4845 3032 4898 τοῦ
3058 4845 3215 4897 Θεοῦ.
3243 4845 3465 4898 Νοεῖται
3489 4846 3550 4899 δέ
3593 4848 3622 4899 ὁ
3638 4847 3794 4913 λόγος

2217 4935 2312 4988 καὶ
2345 4935 2622 5007 προσώπῳ
2674 4937 2766 4989 τοῦ
2823 4939 2943 4990 νέου
2990 4936 3144 5001 λαοῦ,
3206 4937 3640 5007 ἐξουδενωμένου
3697 4939 3794 5007 μὲν

2219 5027 2323 5081 ὑπὸ
2346 5027 2440 5085 τοῦ
2495 5029 2745 5094 παλαιοῦ,
2795 5029 2887 5082 τὸν
2919 5029 2974 5082 δὲ
3011 5031 3177 5098 νόμον
3232 5030 3376 5100 ὑπὲρ
3429 5031 3639 5082 ἐκεῖνον
3701 5029 3793 5082 καὶ

2218 5120 2465 5183 νοοῦντος
2501 5121 2597 5173 καὶ
2627 5121 3018 5189 φυλάσσοντος.

542 5223 669 5282 ptus
691 5214 909 5284 quidem
933 5222 987 5269 et
1017 5213 1300 5284 neglectus
1330 5212 1429 5267 fuit
1460 5211 1528 5266 ab
1556 5212 1779 5280 antiquo
1805 5208 2115 5265 Judaeorum
2161 5213 2383 5281 pepulo,
2422 5223 2474 5267 et
2508 5226 2690 5269 tamen
2725 5228 2888 5283 supra
2922 5228 3047 5267 eum
3115 5211 3355 5266 divinam
3401 5212 3573 5282 legem
3627 5213 3792 5267 intel-

542 5310 678 5362 lexit.
716 5317 878 5378 atque
910 5306 1238 5361 observavit.

615 5395 776 5450 Vens.
818 5396 939 5450 142.
970 5393 1193 5449 Iustitia
1226 5405 1338 5460 tua,
1379 5395 1598 5462 justitiu
1632 5394 1684 5445 in
1716 5392 1990 5446 sceculum.
2023 5390 2118 5444 Di-

542 5490 672 5543 vina
709 5489 919 5560 justitia
953 5490 1169 5557 proprie
1197 5504 1260 5542 ac
1302 5502 1427 5540 vere.
1452 5495 1537 5540 est
1565 5495 1616 5538 et.
1651 5485 1854 5537 dicitur
1874 5483 2114 5551 justitia;

545 5596 931 5651 nuemcunque
961 5581 1104 5634 enim
1139 5581 1282 5633 Deus
1318 5577 1724 5647 justilicaverit,
1757 5577 1804 5630 is
1848 5577 1996 5645 juste
2034 5585 2119 5628 at-

545 5687 652 5738 que
673 5671 725 5724 in
753 5682 1014 5726 aeternum
1045 5671 1416 5740 justilicatur:
1441 5670 1718 5723 luuninum
1749 5683 1878 5722 vero
1901 5667 2117 5736 justitia

549 5763 865 5833 huiusmodi
903 5780 1006 5817 non
1041 5774 1144 5831 est,
1181 5765 1272 5819 sed
1311 5764 1625 5834 temporalis
1661 5771 1706 5817 et
1750 5777 1985 5832 perswpc
2023 5760 2116 5813 fal-

549 5853 696 5909 litur.

2302 5389 2370 5443 ’11
2404 5390 2760 5466 δικαιοσύνη
2788 5406 2904 5444 σου
2946 5390 3307 5455 δικαιοσύνη
3343 5391 3430 5456 είς
3454 5388 3563 5442 τὸν
3581 5386 3789 5443 αἰῶνα.

2216 5484 2548 5553 Δικαιοσύνη
2579 5483 2820 5547 αἰώνιος,
2846 5483 3164 5551 δικαιοσύνη
3215 5479 3424 5552 κυρίως
3452 5497 3466 5509 ·
3500 5480 3560 5533 ὃν
3593 5481 3702 5551 γὰρ
3725 5480 3790 5533 ἂν

2215 5580 2469 5640 δικαιοῖς,
2533 5576 2767 5638 αἰωνίως
2808 5576 2904 5629 καὶ
2953 5575 3178 5638 δικαίως
3223 5575 3489 5636 δικαιοῖς·
3540 5573 3651 5644 ἠδὲ
3682 5572 3788 5624 τῶν

2215 5669 2521 5737 ἀνθρώπων
2580 5669 2640 5719 οὐ
2691 5666 2937 5738 τοιαύτη,
3003 5666 3341 5738 πρόσκαιρός
3392 5682 3451 5719 τε
3505 5661 3639 5720 οὖσα
3695 5666 3788 5718 καὶ

2217 5760 2560 5831 σςραλλομένη
2594 5760 2655 5812 τὰ
2680 5758 2870 5814 πολλὰ.
