4076 6204
357 171 499 239 1173
1523 188 1910 252 COMMENT.
1968 192 2051 275 IN
2092 191 2453 254 PSALMOS.
3463 190 3605 258 ιιτι

423 292 533 346 Kal
563 292 598 347 ὁ
625 293 810 363 νόμος
831 310 948 351 σου
977 296 1250 368 ἀλήθεια.
1276 299 1613 373 Αὐτὸχρημα
1644 301 1878 373 ἀλήθεια
1900 322 1916 338 ·

2098 305 2164 359 Et
2205 307 2291 360 lea:
2330 316 2421 360 tua
2465 306 2682 361 veritas.
2712 280 2823 360 Lex
2858 305 3127 361 tuaidem
3168 306 3277 362 fere
3307 316 3422 375 at,
3455 313 3603 380 quad

350 381 561 453 σφόδρα
584 384 869 454 ἀληθεύων
897 389 956 443 ἐν
977 391 1134 446 πᾶσι.
1166 391 1389 446 Νοεῖται
1410 393 1467 447 δὲ
1519 395 1749 465 ἀλήθεια
1780 398 1916 467 καὶὴ

2030 400 2253 464 veritas,
2286 415 2411 455 cum
2452 400 2505 454 in
2537 400 2792 454 omnibus
2825 412 2951 454 vera
2997 398 3159 453 dicat.
3188 397 3283 454 Vel
3314 401 3597 457 veritatem

347 472 604 544 ὀρθότης,
676 478 817 532 κατὰ
870 480 952 543 τὸ,
985 483 1222 551 Δίκαιος
1262 486 1337 551 εί,
1372 486 1569 554 Κύριε,
1603 487 1703 540 καί
1726 489 1916 554 εὐθεῖ(

2030 490 2192 557 dixit,
2235 507 2334 561 pro
2379 490 2729 554 rectitudine,
2758 490 2913 560 juxta
2947 489 3079 543 illud
3109 506 3122 541 :
3162 487 3349 544 Justus
3382 510 3459 557 es,
3498 493 3600 549 Do-

347 568 411 619 al
441 568 673 635 κρίσεις
691 586 828 626 σου.
849 573 1078 644 Εἴρηται
1098 576 1156 629 δὲ
1175 579 1269 631 καὶ
1300 580 1357 631 ὲν
1387 579 1466 648 τῷ
1499 585 1575 643 ις’
1597 578 1820 651 ψαλμῷ·
1846 579 1925 634 Τὰ

348 659 604 727 κρίματα
640 663 744 717 τοῦ
766 667 993 735 Κυρίον
1028 669 1313 738 ἀληθινοὶ,
1343 670 1773 742 δεδικαιωμένα
1821 674 1923 728 ἐπὶ

348 749 419 804 τὸ
445 754 616 808 αὑτό.

420 847 673 916 eligi-etc
709 851 807 906 καί
849 853 1106 925 ἀνάγκαι
1152 856 1420 927 εὕροσάν
1442 875 1520 927 με
1547 873 1562 889 ’
1604 860 1665 911 al
1681 857 1930 911 ἐντολαί

348 952 469 993 σου
494 940 717 1013 μελέτη
752 962 892 1013 μου.
938 947 1027 1001 Ἐν
1054 950 1177 1011 ταῖς
1226 949 1472 1020 θλίψεσιν
1498 952 1556 1005 αἱ
1584 948 1797 1004 ὲντολαί
1830 966 1924 1002 σου

354 1028 554 1102 μελέτη
609 1052 713 1104 μου
742 1031 907 1108 ἦσαν,
938 1043 1379 1114 παρηγοροῦσαι,
1403 1044 1501 1098 καὶ
1531 1043 1590 1098 τὸ
1611 1043 1776 1112 ἄλγος
1804 1043 1925 1096 ἐπι-

349 1121 730 1192 κουφίζουσαι.

417 1303 778 1376 Δικαιοσύνη
835 1310 908 1364 τὰ
950 1313 1244 1382 μαρτύριὰ
1281 1330 1398 1369 σου
1434 1316 1523 1381 εις
1566 1313 1673 1367 τὸν
1713 1310 1920 1366 αἰῶνα.

344 1391 673 1466 Δικαιοσύνη
728 1399 950 1466 αἰώνιος
980 1444 995 1466 ,
1046 1405 1125 1468 ὥς
1168 1407 1532 1477 προείρηταν
1593 1401 1924 1473 ἐνδιατρίϐει

342 1481 453 1553 γὰρ
486 1489 553 1557 τῇ
583 1488 881 1564 ὗμνολογίᾳ
909 1495 1004 1548 τοῦ
1030 1495 1221 1566 νόμον.

414 1576 746 1635 Συνέτισόν
758 1600 860 1651 με,
884 1586 982 1639 καί
1010 1584 1284 1657 ζήσομαι.
1307 1588 1415 1641 Καὶ
1445 1587 1685 1657 ζήσομαι
1717 1585 1914 1641 ὅντως*

2029 577 2188 637 mine.
2219 586 2271 631 et
2295 586 2436 632 recta
2456 577 2665 647 judicia
2694 585 2805 631 tua.
2830 576 2906 632 De
2943 577 3043 631 hoc
3070 576 3235 631 etiam
3271 577 3486 632 dictum
3514 592 3598 636 est

2031 664 2085 719 in
2116 666 2325 734 psalmo
2364 682 2519 731 xvm,
2552 667 2626 722 ibi
2656 683 2671 720 :
2705 664 2925 720 Iudicia
2967 664 3179 720 Domini
3211 681 3331 719 vera
3369 666 3597 723 simulet

2018 756 2351 826 justiﬁcatu.

2096 848 2267 905 Vens.
2306 850 2430 905 H5.
2470 847 2854 904 Tribulationes
2902 858 2951 903 et
2987 850 3248 919 angustia'
3290 851 3596 905 invenerunt

2026 964 2108 1003 me
2136 962 2155 1001 :
2190 948 2444 1001 mandata
2475 955 2565 999 tua
2591 945 2867 1000 meditatio
2892 962 3007 999 mea
3030 954 3128 1000 est.
3161 946 3308 1000 inter
3335 952 3415 1001 tot
3451 946 3596 1000 cala-

2026 1039 2244 1094 mitates
2275 1052 2424 1093 meas
2460 1038 2591 1093 illud
2621 1037 2755 1091 mihi
2786 1036 3011 1091 unicum
3045 1035 3145 1090 iuit
3172 1037 3415 1092 solamen
3437 1076 3450 1100 ,
3484 1052 3594 1104 quo

2024 1130 2268 1185 dolorem
2303 1128 2549 1184 levabam
2579 1168 2595 1190 ,
2628 1127 2774 1199 quod
2809 1128 2863 1182 in
2896 1127 3169 1183 mandatis
3201 1127 3311 1182 tuis
3338 1126 3597 1184 assiduus

2027 1221 2355 1276 meditabar.

2094 1310 2259 1366 Vens.
2302 1310 2424 1365 Ml.
2465 1308 2687 1364 Iustitia
2728 1310 3027 1364 testimonia
3069 1319 3163 1364 tua
3208 1312 3263 1365 in
3319 1310 3590 1367 amulum.

2026 1401 2140 1458 Hoc
2171 1412 2273 1468 est,
2304 1400 2521 1458 Iustitia
2556 1407 2781 1464 :eterna,
2813 1409 2872 1455 ut
2899 1400 3275 1471 przediximus.

2096 1575 2433 1631 Intellectum
2470 1576 2541 1630 da
2594 1576 2745 1640 mihi,
2795 1585 2846 1630 et
2894 1578 3082 1630 vivam.
3130 1576 3345 1640 (Graeca
3404 1575 3592 1637 dictio,

342 1663 394 1715 οἱ
417 1664 526 1737 γὰρ
561 1668 638 1741 μὴ
700 1645 1107 1743 συννετισθέντές
1133 1645 1232 1733 οὐκ
1262 1679 1431 1744 ὅντως
1456 1645 1649 1744 tam,
1680 1676 1754 1739 ὡς
1778 1672 1916 1743 φαύο

2024 1664 2324 1728 συνέτισον,
2374 1678 2482 1718 non
2541 1665 2719 1719 solum
2747 1664 3355 1735 signiﬁcatintellectum
3383 1667 3472 1728 da,
3501 1667 3601 1720 sed

340 1750 452 1816 λως
484 1754 704 1825 ζῶντες.

2025 1757 2191 1809 etiam
2245 1755 2553 1825 prudentem
2605 1755 2814 1826 facito.)
2862 1755 2917 1810 Si
2956 1756 3121 1828 igitur
3157 1756 3492 1812 intellectum
3541 1773 3596 1823 οι

348 1847 691 1912 prudentiam
745 1858 876 1912 mihi
928 1860 1169 1928 dederis,
1219 1866 1399 1920 vivam
1449 1874 1505 1919 et
1556 1876 1685 1919 vere
1760 1857 1960 1910 vivam.
1999 1846 2136 1902 Nam
2205 1847 2296 1918 qui
2349 1847 2644 1918 prudentes
2696 1863 2802 1903 non
2847 1857 2997 1912 sunt,
3050 1864 3177 1904 vere
3227 1864 3334 1904 non
3382 1848 3592 1902 vivunt.

338 1949 528 1994 eorum
561 1946 765 2001 etenim
794 1949 903 2006 vita
930 1953 1110 2011 inanis
1149 1965 1253 2013 est.

413 2036 743 2107 Ἐκέκραξα
767 2045 836 2099 ἐν
866 2048 981 2117 ὅλῃ
1006 2053 1220 2123 καρδίᾳ
1231 2074 1375 2125 μου,
1407 2054 1757 2110 ἐπάκουσόν
1770 2066 1913 2122 μουν

340 2127 535 2220 ιε’
571 2132 642 2186 τὰ
678 2135 1043 2208 δικωώματά
1070 2161 1187 2201 σου
1206 2146 1533 2216 ἐκζητήσω.
1566 2150 1659 2201 Ἐν
1689 2148 1767 2220 τῷ
1795 2148 1912 2201 θλί-

340 2215 536 2272 ϐεσθαι
595 2241 665 2292 με
708 2227 987 2300 ἐκέκραξα
1019 2235 1156 2304 πρὸς
1184 2236 1243 2288 σέ
1265 2253 1279 2267 ·
1319 2215 1415 2291 καὶ
1442 2240 1539 2309 οὐχ
1558 2215 1768 2303 annos,
1798 2240 1915 2295 ἀλλ’

343 2309 404 2401 ev
433 2310 528 2383 ὅλῃ
564 2316 765 2390 καρδίᾳ
815 2338 917 2390 μου
954 2340 970 2356 ·
1006 2325 1095 2379 διὰ
1124 2327 1284 2382 τοῦτο
1312 2330 1617 2384 ἐπάκουσον
1668 2347 1795 2401 μοιν
1847 2330 1915 2384 τὰ

341 2399 691 2494 δικαιώματά
719 2428 816 2465 σου
845 2413 1160 2485 ἐκζητήσω,
1196 2422 1245 2473 εί
1281 2422 1612 2487 ὲπακούσεις
1639 2399 1762 2494 μου.

416 2490 747 2564 Ἔκέκραξά
773 2515 895 2565 σοι,
920 2505 1134 2560 σῶσόν
1151 2526 1242 2577 με.
1280 2512 1376 2563 καὶ
1404 2490 1656 2581 φυλάξώ
1680 2514 1750 2568 τὰ
1772 2530 1918 2583 μαρ-

340 2585 513 2679 τιῖριά
554 2604 695 2647 σου.
737 2593 811 2646 Τὸ
847 2597 980 2651 αὐτὸ
1009 2599 1160 2669 λέγει
1191 2604 1287 2657 καὶ
1334 2605 1454 2669 νῦν,
1493 2608 1780 2662 ἐπιτείνων
1818 2608 1920 2679 τὴν

340 2676 548 2749 δέησιν,
582 2685 679 2739 καὶ
714 2685 952 2757 βεϐαιῶν
988 2693 1087 2765 τὴν
1110 2695 1428 2769 ὑπόσχεσιν.
1469 2698 1654 2754 Σῶσόν
1695 2718 1763 2770 με
1798 2676 1918 2755 κιν-

340 2770 651 2834 δυνεῦοντα.

410 2934 771 3005 Προέφθασα
812 2940 884 2993 ἐν
911 2943 1115 3011 duplo,
1152 2946 1247 2998 καί
1297 2946 1611 3015 ἐκέκραξα,
1653 2953 1740 3016 εις
1777 2954 1920 3017 τοὺς

339 3024 563 3095 λόγους
594 3044 714 3083 σου
752 3030 1084 3097 ἐπήλπισα.
1135 3037 1441 3105 Προέλαϐον
1468 3040 1562 3093 τὸν
1608 3040 1828 3112 δρθρον,
1860 3044 1919 3096 ὲν

339 3116 523 3187 ἀωρίᾳ
575 3120 677 3189 τῆς
730 3124 971 3187 νυκτόςο
1015 3127 1186 3195 μήπω
1223 3130 1321 3197 τῆς
1373 3131 1525 3199 ὥρας
1580 3134 1916 3204 ἐπιστάσης,

341 3207 468 3261 καθ’
494 3208 561 3279 ἢν
587 3210 906 3265 ἀνίστανται
933 3217 983 3267 οἱ
1012 3216 1291 3279 ἄνθρωποι
1309 3236 1323 3249 ·
1362 3222 1455 3275 καὶ
1486 3224 1757 3293 ἐκέκραξα
1781 3226 1918 3296 πρὸς

340 3299 440 3353 σέ·
469 3302 551 3364 είς
575 3304 702 3366 τοὺς
730 3304 925 3373 λόγους
968 3325 1064 3362 σου
1108 3310 1446 3385 τεθάρρηκα,
1502 3316 1598 3380 οὓς
1644 3319 1915 3389 ὲνήχησάς

342 3407 436 3460 μοι
480 3391 570 3446 διὰ
617 3392 714 3447 τοῦ
763 3396 922 3465 ἁγίου
973 3398 1313 3470 Πνεύματος.
1359 3405 1717 3473 Κεκράξεται
1766 3411 1917 3476 πρός

338 3499 435 3551 με.
462 3484 559 3539 καί
586 3485 1002 3558 ἐπακούσομαι
1039 3493 1247 3547 αὑτοῦ.

410 3576 811 3646 Προέφθασαν
832 3583 889 3634 ol
917 3582 1218 3652 ὀφθαλμοί
1239 3603 1357 3654 μου
1382 3588 1533 3655 πρὸς
1558 3589 1793 3657 ὄρθρον.
1808 3594 1916 3649 τοῦ

340 3665 600 3736 pelagiae
633 3670 705 3724 τὰ
728 3671 904 3741 λόγια
928 3689 1067 3727 σου.
1108 3674 1416 3743 Προέλαϐον
1442 3679 1491 3731 oi
1524 3678 1790 3750 ὀφθαλμοί
1813 3698 1916 3752 μου

340 3754 441 3826 τὴν
459 3756 675 3828 ἡμέραν
706 3762 844 3832 πρὸς
894 3763 1088 3835 καιρὸν
1119 3764 1342 3835 ὄρθρου.
1378 3766 1521 3821 ὥστε
1555 3768 1793 3843 μελετᾷν
1824 3772 1916 3825 τὸν

341 3849 507 3919 νόμον
544 3869 664 3907 σου.
729 3856 816 3910 Ἐν
849 3857 1034 3929 ἀωρία
1070 3858 1173 3928 μὶν
1203 3860 1314 3931 γὰρ
1354 3862 1735 3935 προσηύχετο’
1776 3867 1917 3921 κατὰ

341 3941 434 3995 τὸν
464 3942 663 4015 ὄρθρον
685 3946 742 4000 δὲ
772 3946 1007 4019 ἐμελέτα
1033 3949 1128 4005 τὸν
1164 3951 1349 4021 νόμον.

414 4239 531 4309 Τῆς
556 4241 763 4309 φωνῆς
785 4258 907 4311 μου
926 4242 1218 4309 ἄκουσον,
1248 4246 1445 4314 Κύριε,
1474 4246 1624 4303 κατὰ
1654 4249 1721 4302 τὸ
1742 4249 1918 4318 ἔλεός

343 4343 481 4385 σου.
519 4331 608 4383 Ἐν
647 4331 725 4402 τῷ
754 4331 895 4387 ἐλέει
919 4349 1037 4400 σου,
1066 4333 1143 4398 ὡς
1166 4335 1444 4407 ἐλεήμων.

408 4510 574 4567 Κατά
601 4511 670 4566 τὸ
712 4511 893 4583 κρῒμά
923 4529 1042 4568 σου
1075 4512 1265 4583 ζῆσόν
1298 4533 1398 4585 με.
1443 4518 1603 4572 Κατά
1625 4520 1717 4573 τὸν
1747 4524 1913 4589 ννεμον

345 4619 436 4658 σου
470 4603 570 4674 ζῇν
598 4606 844 4677 ποίησον,
877 4607 1119 4678 ιννόμως
1155 4607 1326 4677 βιοῦν.

408 4697 616 4764 Προσή
626 4715 838 4767 meumr
860 4702 914 4753 οι
942 4698 1409 4768 καταδιώκοντές
1427 4719 1505 4771 με
1532 4705 1769 4774 ἀνομίᾳ,
1788 4706 1909 4760 ἀπὸ

343 4784 409 4842 δὲ
450 4785 558 4840 τοῦ
584 4790 773 4858 νόμου
806 4804 924 4845 σου
952 4788 1436 4858 ἐμακρύνθησιιν.
1477 4794 1638 4848 Ὅσον
1690 4796 1796 4867 γὰρ
1840 4798 1906 4867 τῇ

348 4874 546 4946 ἀνομίᾳ
592 4876 895 4945 ἐγγίζουσι,
944 4876 1200 4931 τοσοῦτον
1262 4880 1634 4949 μακρῠνουσιν
1671 4876 1780 4935 ἀπὸ
1812 4883 1907 4936 τοῦ

349 4969 532 5037 νόμου.
570 4966 707 5021 Τινά
736 4967 793 5022 δὲ
842 4968 954 5021 τῶν
991 4969 1344 5040 ἀντιγράφων
1401 4972 1634 5042 ἀνομίαν
1666 4974 1909 5044 γράφου-

346 5075 452 5124 σιν,
500 5060 578 5126 ὡς
635 5062 875 5117 νοεῖσθαι
914 5063 998 5116 ὅτι
1044 5064 1473 5135 Προσεπᾶασάν
1504 5084 1594 5139 μοι
1628 5068 1861 5139 ἀνομίαν
1892 5088 1908 5104 θ

345 5153 508 5222 ἐγγύς
552 5172 654 5225 μου
692 5156 899 5226 ἤγαγον
924 5156 1021 5228 τὴν
1046 5158 1278 5228 ἀνομίαν
1316 5158 1517 5227 αὐτῶν,
1565 5162 1698 5233 παρ’
1730 5162 1910 5231 ὀλίγον

344 5243 644 5316 ἑϐήρευσάν
680 5264 768 5317 με,
800 5248 907 5301 ἀπὸ
930 5249 986 5302 δὲ
1016 5250 1111 5303 τοῦ
1142 5252 1307 5322 νόμου
1344 5269 1437 5307 σου
1470 5255 1913 5329 ἑμακρύνϐησαν,

344 5335 566 5391 τοιαῦτα
595 5339 1016 5410 σκαιωροῢντςς.

421 5606 467 5641 ³⁷
499 5607 645 5665 l‘sal.
668 5624 754 5678 xc,
777 5611 860 5667 l5.

2099 2031 2257 2087 Vens.
2293 2033 2415 2087 “5.
2452 2032 2693 2088 Clamavi
2722 2035 2776 2087 in
2810 2043 2914 2088 toto
2940 2036 3096 2090 corde
3121 2052 3252 2095 meo.
3278 2037 3470 2090 exaudi
3495 2053 3596 2100 me,

2026 2123 2266 2186 Domine.
2296 2124 2713 2194 justiﬁeationes
2751 2134 2869 2181 tuas
2909 2128 3202 2190 exquiram.
3243 2127 3376 2180 Dum
3415 2127 3590 2181 tribu-

2022 2217 2189 2282 larer,
2226 2216 2425 2289 inquit,
2461 2216 2690 2270 clamavi
2724 2216 2790 2271 ad
2828 2224 2909 2281 te;
2962 2232 3061 2272 nec
3111 2217 3457 2286 simpliciter,
3500 2218 3603 2271 sed'

2021 2309 2075 2362 in
2110 2316 2224 2363 toto
2253 2308 2416 2363 corde
2449 2322 2591 2369 meo.
2625 2308 2746 2363 ideo
2780 2308 2976 2363 exaudi
3024 2324 3110 2362 me
3134 2351 3151 2375 ,
3187 2324 3311 2364 nam
3343 2310 3389 2364 si
3427 2324 3597 2365 exau-

2022 2397 2252 2462 diveris,
2277 2397 2704 2465 iustiﬁcationes
2732 2406 2857 2452 tuas
2888 2398 3222 2467 pcrquiram.

2095 2489 2261 2544 Vens.
2296 2487 2421 2541 μϐ.
2454 2487 2699 2542 Clamavi
2721 2488 2791 2541 ad
2824 2500 2891 2549 te,
2919 2489 3125 2543 salvum
3162 2505 3242 2543 me
3274 2489 3382 2559 fac,
3420 2499 3471 2543 et
3501 2505 3593 2542 cu-

2020 2578 2249 2632 stodiam
2279 2575 2537 2630 mandata
2567 2584 2680 2630 tua.
2711 2575 2968 2631 Eamdem
3001 2579 3198 2648 repetit
3225 2578 3555 2633 sententiam
3575 2618 3592 2642 ,

2022 2682 2214 2734 preces
2266 2681 2399 2722 suus
2451 2666 2626 2735 magis
2684 2666 3013 2735 intendens,
3069 2676 3124 2723 et
3172 2667 3592 2737 promissionem

2022 2756 2340 2811 conﬁrmari
2372 2756 2625 2824 cupiens.
2659 2754 2884 2812 Salvum
2912 2764 3096 2812 autem
3117 2756 3204 2812 fac
3237 2772 3343 2823 me,
3374 2757 3594 2827 pericli-

1946 2843 1989 2898 C
2025 2854 2231 2900 tantem
2273 2844 2505 2900 scilicet.

2098 2938 2266 2994 Vens.
2300 2938 2424 2994 147.
2457 2938 2696 2993 Prwveni
2730 2946 2851 2992 ante
2874 2948 3097 3008 tempus,
3122 2949 3172 2993 et
3198 2940 3444 3000 clamaui.
3468 2940 3601 3010 quia

2023 3030 2078 3083 in
2116 3027 2273 3082 verba
2304 3036 2399 3082 tua
2429 3029 2810 3096 supersperaui.
2841 3028 3109 3096 Prteveni,
3142 3030 3344 3098 inquit,
3378 3030 3595 3086 dilucu-

2024 3118 2173 3185 lum,
2208 3119 2261 3173 in
2294 3118 2411 3189 ipsa
2441 3119 2604 3173 etiam
2638 3119 2968 3190 intempesta
3004 3130 3187 3187 nocte,
3221 3138 3347 3176 cum
3378 3131 3613 3190 tempus.

2020 3210 2199 3265 adhuc
2228 3195 2336 3263 non
2364 3220 2512 3265 esset
2539 3225 2647 3279 quo
2673 3225 2973 3280 exsurgere
3002 3212 3255 3268 homines
3288 3214 3468 3267 solent
3494 3230 3509 3266 :
3536 3223 3593 3268 et

2020 3302 2253 3357 clamavi
2286 3301 2352 3356 ad
2387 3310 2454 3355 te.
2486 3300 2769 3356 conlidens
2815 3301 2869 3355 iu
2921 3302 3102 3357 verbis
3152 3302 3280 3368 tuis,
3331 3318 3453 3374 qua:
3495 3319 3594 3373 per

2021 3379 2272 3449 Sanctum
2300 3394 2428 3451 mihi
2444 3392 2709 3463 Spiritum
2736 3392 3119 3450 manifestasti.
3138 3394 3402 3451 Clamabit
3424 3396 3591 3461 enim,

2020 3486 2220 3554 inquit,
2253 3485 2324 3539 ad
2359 3501 2460 3543 me.
2489 3492 2539 3539 et
2578 3501 2671 3555 ego
2709 3485 2996 3539 exaudiam
3029 3501 3149 3539 eum
3184 3487 3251 3541 ³⁷.

2091 3577 2259 3633 Vsus.
2293 3576 2417 3631 M8.
2469 3576 2847 3631 Prcvenerunt
2891 3579 3037 3632 oculi.
3077 3580 3177 3632 mei
3222 3578 3483 3646 diluculo,
3536 3593 3596 3637 ut

2019 3668 2305 3722 meditarer
2340 3668 2553 3736 eloquia
2593 3675 2708 3720 tua.
2755 3666 2934 3734 Ipsum
2976 3666 3140 3721 etiam
3188 3668 3331 3723 diem
3383 3686 3588 3739 prmoc—

2019 3768 2362 3829 cupaveruut
2388 3759 2534 3814 oculi
2563 3758 2691 3824 mei,
2728 3758 2954 3813 diluculi
3000 3759 3257 3814 nimirum
3310 3769 3589 3831 tempore;

2019 3859 2186 3919 atque
2222 3850 2324 3904 hoc
2354 3860 2413 3904 ut
2438 3850 2611 3920 legem
2658 3856 2808 3904 tuam
2836 3850 3154 3904 meditarer.
3182 3849 3387 3906 Orabat
3412 3864 3589 3908 autem

2019 3943 2212 3996 beatus
2240 3941 2409 3995 David
2437 3950 2562 3994 ante
2593 3949 2829 4010 tempus,
2861 3943 2962 3996 hoc
2984 3951 3088 4005 est.
3111 3952 3238 3998 ante
3264 3943 3586 4001 diluculum.

2018 4033 2076 4087 in
2100 4033 2220 4102 ipso
2244 4048 2373 4087 vero
2409 4032 2650 4087 diluculo
2689 4032 3138 4091 meditationibus
3162 4048 3323 4107 atque
3353 4047 3591 4093 conteru-

1942 4164 1993 4223 Ι)
2021 4125 2355 4195 plationibus
2389 4129 2641 4190 vacabat,

2089 4217 2256 4273 Vens.
2285 4219 2411 4275 H9.
2446 4218 2635 4274 Vocem
2669 4236 2839 4274 meam
2868 4221 3016 4284 audi,
3044 4221 3280 4285 Domine,
3304 4222 3591 4277 secundum

2015 4309 2443 4364 misericordiam
2488 4320 2654 4365 tuam.
2686 4310 2748 4365 ln
2785 4319 2878 4366 tua
2916 4312 3126 4367 scilicet
3167 4312 3545 4369 misericordia
3572 4355 3586 4378 ,

2014 4416 2078 4454 ac
2115 4411 2375 4470 tanquam
2412 4401 2754 4457 misericors.

2082 4489 2385 4547 Secundum
2412 4493 2677 4561 judicium
2708 4504 2854 4547 tuum
2889 4493 3094 4557 vivi/ica
3135 4511 3236 4550 me.
3275 4495 3587 4552 Secundum

2012 4582 2183 4652 legem
2220 4596 2365 4637 tuam
2401 4584 2508 4651 fac,
2546 4594 2606 4639 ut
2632 4585 2828 4647 vivam,
2858 4594 3021 4656 atque
3043 4594 3101 4641 ut
3124 4588 3362 4657 legitime
3389 4590 3588 4647 vivam.

2088 4673 2255 4729 Vens.
2290 4674 2412 4729 150.
2463 4676 3031 4746 Αρρνορὶιιᾳιιαυενιιιιι
3081 4690 3441 4748 persequentes
3509 4698 3590 4735 me

2015 4766 2306 4835 iniquitati,
2332 4785 2363 4820 a
2401 4767 2508 4838 lege
2540 4777 2716 4823 autem
2748 4778 2839 4823 tua
2867 4769 3016 4839 longe
3040 4770 3171 4837 facti
3192 4781 3334 4825 sunt.
3370 4772 3590 4838 Quanto

2019 4855 2099 4908 illi
2135 4856 2311 4927 magis
2347 4857 2627 4926 iniquitati
2659 4859 3099 4930 appropinquant
3120 4902 3133 4923 ,
3173 4869 3322 4915 tanto
3354 4862 3525 4931 magis
3556 4876 3588 4914 ιι

2016 4946 2133 5015 lege
2174 4956 2267 5001 tua
2300 4960 2360 5004 se
2392 4949 2674 5017 eiongant.
2705 4950 2761 5004 In
2791 4952 3118 5021 quibusdam
3149 4967 3279 5007 vero
3307 4954 3587 5021 exempla-

2014 5039 2173 5095 ribus
2202 5041 2544 5111 iniquitatem
2581 5043 2635 5096 in
2665 5052 2865 5113 quarto
2895 5059 3027 5100 casu
3062 5045 3329 5114 scriptum
3375 5051 3481 5105 est,
3530 5053 3589 5097 ut
3670 5069 3674 5073 -

2013 5129 2087 5184 sit
2117 5144 2332 5194 sensus,
2391 5130 2536 5203 quod
2567 5132 2968 5203 Persequentes
2993 5148 3079 5188 me
3107 5124 3585 5203 appropinquave—

2012 5229 2142 5276 runt
2179 5223 2709 5293 iniquitatem~mibi,
2751 5225 2854 5280 hoc
2881 5233 2988 5291 est,
3036 5223 3378 5293 iniquitatem
3427 5239 3583 5280 suam

2012 5328 2181 5385 prope
2225 5330 2313 5371 me
2356 5316 2739 5382 adduxerunt,
2778 5332 2844 5372 ac
2875 5331 3014 5387 pene
3046 5317 3584 5386 comprehenderunt

2018 5421 2126 5460 me.
2160 5405 2486 5476 llujusmodi
2520 5423 2649 5464 vero
2674 5408 2925 5465 homines
2958 5417 3066 5465 tam
3095 5423 3261 5481 prava
3296 5417 3601 5491 operantes

2019 5499 2179 5571 longe
2219 5499 2350 5558 facti
2384 5513 2511 5557 sunt
2542 5517 2569 5557 a
2600 5502 2718 5572 iege
2747 5509 2861 5557 tua.
