4032 6238
524 205 660 270 1175
1755 211 2067 270 ΕυΤΗΥΜ

2192 210 2546 269 ZIGABENI

566 324 731 377 'v'tatts.
773 324 888 377 liii.
928 323 1094 390 Prope
1123 340 1173 376 es
1208 323 1540 386 tu,Domiue.
1579 323 1719 376 Alibi
1755 323 1918 376 etiam
1951 322 2021 375 ait
2055 337 2068 371 :
2105 319 2148 378 Α

500 417 670 482 Prope
709 428 785 470 est
835 417 1088 468 Dominus
1133 415 1375 469 omnibus
1423 416 1786 469 invocantibus
1841 432 1957 468 eum
2004 417 2069 466 ⁸⁸.

499 507 632 559 item
674 507 800 559 alibi
837 506 1098 574 scriptum
1145 511 1230 558 est
1267 521 1280 558 :
1330 504 1465 558 Deus
1515 507 1942 574 appmpiuquans
1981 521 2074 574 ego

500 615 638 657 sum,
678 605 726 650 et
772 613 874 650 non
928 596 1064 649 Deus
1109 613 1139 650 a
1194 596 1344 666 longe
1376 598 1440 658 ’9,
1481 597 1634 666 juxta
1675 597 1847 649 illud:
1889 595 2074 648 Nonne

506 690 690 744 certum
729 698 777 741 et
824 697 1021 741 (errant
1052 703 1145 756 ego
1182 687 1412 756 impleo?
1465 688 1592 742 dicit
1630 688 1883 742 Dominus
1910 687 1976 739 ⁵ο.
2011 685 2076 740 Et

501 796 689 836 rursus
721 798 736 833 :
771 781 952 832 Adhuc
985 781 1226 849 loquente
1273 791 1321 835 te
1369 781 1567 848 dicant,
1598 782 1732 835 Ecce
1783 783 1972 836 adsum
2004 780 2070 836 “.

497 873 912 944 Appropinquat
945 873 1110 944 igitur
1138 874 1280 929 Deus
1311 875 1377 930 iis
1411 877 1532 945 qui,
1565 892 1661 946 per
1691 876 1992 944 profectum
2022 881 2077 928 et

499 986 812 1036 ascensum,
862 970 909 1025 ei
967 973 1172 1041 pariter
1215 971 1680 1040 appropinquant.
1751 969 2076 1023 Peccatores

500 1074 631 1113 vero
666 1060 990 1128 elongantnr
1018 1075 1045 1112 a
1095 1060 1223 1125 Deo,
1259 1061 1327 1116 de
1367 1060 1447 1115 eis
1479 1061 1622 1114 enim
1659 1059 1922 1129 scriptum
1954 1064 2071 1112 est:

503 1149 636 1204 Ecce
668 1153 756 1220 qui
789 1168 842 1205 se
873 1151 1224 1222 elongavermt
1258 1169 1289 1205 a
1320 1164 1386 1216 te,
1422 1152 1666 1220 peribunt
1701 1150 1767 1204 δ’.

3634 205 3812 268 1176

2259 322 2472 391 Ἐγγυς
2505 319 2562 375 εἷ
2582 320 2685 386 σὺ,
2718 320 2916 387 Κύριε.
2949 321 3057 374 Καὶ
3093 319 3324 392 ἀλλαχοῦ
3358 339 3528 392 φησιν
3563 338 3580 352 ·
3648 320 3812 385 Ἐγ-

2179 413 2286 481 γὺς
2340 415 2550 482 Κύριος
2597 412 2747 468 πᾶσι
2797 412 2920 480 τοῖς
2970 413 3472 480 ἐπικαλουμένοις
3529 414 3804 467 αὐτόν’

2177 507 2271 556 καὶ
2317 506 2374 556 ἐν
2405 505 2576 575 ἑτέρῳ
2615 495 2921 576 Ϋέγραπται
2952 522 2966 536 °
3015 504 3160 570 Θεὸς
3191 502 3432 573 ἑγγίζων
3461 505 3588 573 ἐγώ
3633 505 3807 571 εἰμι,

2177 596 2274 649 καὶ
2308 599 2380 651 οὐ
2407 597 2553 661 Θεὸς
2578 596 2906 666 πόρρωθεν,
2930 595 3068 649 κατὰ
3095 595 3175 663 τὺ,
3203 597 3346 663 Οὐχὶ
3369 596 3810 663 τὸνοὺρανιῖγ

2177 686 2277 739 καὶ
2325 686 2443 755 τὴν
2494 688 2613 758 γῆν
2666 687 2878 756 πληρώ
2925 689 3182 756 Κύριος;
3230 688 3322 741 καὶ
3358 689 3571 740 πάλιν·
3649 690 3808 740 Ἔτι

2177 778 2518 845 λαλοῦντός
2551 797 2674 834 σου
2705 779 2838 846 ἐρῶ,
2875 779 3029 833 Ἰδοὺ
3069 778 3329 849 πάρειμι.
3373 781 3636 848 Ἐγγίζει
3683 781 3805 848 μὲν

2177 868 2319 924 οὗνὸ
2353 871 2506 937 Θεὸς,
2542 871 2677 926 ἀλλὰ
2710 875 2824 936 τοῖς
2873 873 3220 942 ἐγγίζουσιν
3272 875 3320 926 οἱ
3372 873 3473 942 μὲν
3523 874 3652 942 γὰρ
3706 873 3806 925 δὶ-

2178 981 2324 1016 καιοι
2395 963 2703 1032 ἐγγίζουσιν
2749 964 2897 1034 αύτῷ
2966 964 3053 1017 διὰ
3086 964 3370 1034 προκοπῆς
3419 966 3513 1017 καὶ
3547 965 3801 1018 ἀναδά-

2180 1071 2356 1118 σεως·
2397 1055 2448 1106 οἱ
2495 1055 2552 1108 δὲ
2599 1055 2915 1124 ἁμαρτωλοὶ
2979 1054 3351 1124 μακρύνουσιν
3395 1055 3492 1108 ἀπ’
3547 1055 3742 1108 αὐτοῦ
3776 1073 3796 1086 ο

2183 1147 2314 1216 περὶ
2348 1138 2421 1200 ὧν
2452 1147 2668 1216 εἴρηται
2703 1161 2718 1174 '
2774 1145 2928 1200 Ἰδοὺ
2956 1149 3010 1199 ol
3044 1146 3454 1214 μακρύνοντες
3499 1145 3800 1210 ἑαυτοὺς

2180 1237 2299 1290 ἀπὸ
2327 1237 2444 1291 σοῦ
2479 1237 2871 1291 ἀπολοῦνται.

573 1330 639 1384 Et
664 1347 840 1384 omnes
879 1332 975 1384 uice
1015 1341 1118 1384 mw
1157 1333 1372 1386 veritas.
1407 1331 1522 1384 Tua
1564 1330 1744 1384 omnia
1791 1342 1918 1382 vera
1950 1332 2078 1381 sunt

500 1431 554 1477 et
595 1424 767 1476 ﬁrma.
801 1421 893 1477 Vel
926 1438 1116 1478 omnes
1144 1424 1506 1493 providentiae
1529 1432 1638 1477 tua:
1661 1422 1930 1486 rationes,
1957 1420 2079 1488 qui-

504 1517 604 1570 bus
638 1515 900 1568 mundum
937 1517 1234 1584 gubernas,
1274 1531 1415 1568 verm
1447 1524 1616 1577 sunt,
1655 1522 1914 1580 tanquam
1951 1525 2080 1580 pro~

500 1608 740 1662 vitlentia
768 1617 859 1662 tua
887 1622 1012 1662 vera
1043 1610 1115 1663 sit
1145 1607 1510 1676 providentia.
1535 1605 1636 1662 Vel
1662 1605 1846 1660 omnia
1870 1603 2077 1674 judicia

504 1710 596 1752 tua
638 1715 763 1752 vera
803 1709 953 1762 sunt,
984 1708 1244 1768 tauquam
1277 1708 1388 1753 llllﬂ
1425 1711 1478 1754 ΘΙ.
1509 1707 1679 1754 recta.

573 1787 741 1844 Vens.
769 1790 888 1844 152.
919 1789 1082 1842 Initio
1111 1792 1326 1856 cognovi
1357 1805 1422 1844 ea:
1446 1788 1913 1850 testimoniis‘tuis,
1938 1789 2075 1852 quod

498 1882 558 1935 in
589 1881 842 1935 surculum
868 1881 1108 1949 fundasti
1139 1898 1221 1937 ea.
1254 1883 1298 1935 A
1340 1881 1630 1951 principio,
1661 1879 1863 1947 inquit,
1899 1893 1966 1932 ex
1992 1876 2078 1930 his

502 1973 757 2042 cognovi,
788 1973 931 2040 quod
965 1982 1169 2026 aeterna
1204 1973 1292 2026 illa
1325 1987 1448 2026 esse
1474 1971 1752 2026 stabilisti.
1789 1969 1923 2022 Nam
1952 1982 2075 2021 cum

505 2078 568 2116 ea
604 2062 907 2132 intelligere
935 2063 1255 2132 inciperem,
1289 2063 1545 2132 cognovi,
1578 2063 1722 2131 quod
1753 2059 1931 2115 fecisti
1974 2059 2077 2111 int-

503 2155 722 2209 mobilia
769 2171 832 2209 ea
877 2171 1020 2222 esse,
1073 2165 1239 2226 atque
1291 2154 1792 2219 incommutabilia,
1843 2161 1897 2207 et
1931 2151 2075 2221 quod

502 2247 685 2301 nullus
715 2263 776 2301 ea
805 2248 1113 2302 aboliturus
1138 2257 1302 2314 esset;
1329 2249 1476 2317 quod
1501 2249 1548 2303 si
1581 2247 1738 2316 plura
1772 2261 1838 2300 ex
1865 2244 1954 2299 bis
1985 2258 2080 2312 per

507 2341 860 2408 Evangelium
894 2341 1099 2395 aboleri
1139 2342 1412 2405 videntur,
1457 2356 1649 2397 revera
1704 2351 1883 2394 tamen
1921 2337 2077 2407 juxta

504 2433 818 2486 interiorem
850 2441 1014 2501 atque
1063 2434 1408 2488 reconditum
1444 2449 1666 2488 sensum
1699 2447 1810 2486 non
1855 2431 2078 2484 abolen-

507 2531 617 2582 tur,
675 2523 768 2574 sed
794 2520 950 2588 juxta
999 2521 1328 2576 exteriorem
1377 2521 1665 2590 quamdam
1704 2519 2078 2589 apparentiam

505 2622 560 2665 et
589 2612 763 2682 ipsius
788 2612 979 2668 littera:
1012 2613 1281 2679 umbram,
1313 2621 1371 2666 ut
1393 2615 1505 2682 jam
1538 2611 1876 2667 declaratum
1908 2618 2016 2664 est.

575 2726 744 2781 Vsus.
782 2728 905 2783 155.
949 2727 1078 2783 Vide
1111 2728 1464 2782 humilitatem
1498 2744 1669 2782 meam
1702 2736 1751 2781 et
1777 2725 1918 2794 eripe
1962 2741 2078 2789 me,

505 2819 630 2886 quia
660 2821 820 2888 legem
849 2831 994 2873 tuam
1023 2837 1127 2873 non
1153 2837 1268 2873 sum
1299 2821 1514 2876 oblitus.
1541 2821 1696 2884 Vide,
1723 2820 1920 2891 inquit,
1949 2819 2084 2873 allii-

507 2911 740 2963 ctionem
773 2925 972 2972 turam,
1001 2918 1055 2963 et
1084 2925 1148 2964 ex
1177 2909 1492 2978 huiusmodi
1521 2926 1605 2964 me
1627 2911 1783 2980 eripe
1802 2908 2083 2964 calamitac

2252 1329 2361 1381 Kal
2393 1326 2585 1382 πᾶσαι
2619 1331 2680 1387 αἱ
2711 1327 2841 1382 ὁδοί
2872 1345 2990 1382 σου
3028 1329 3304 1396 ἀλήθεια.
3355 1328 3542 1381 Πάντα
3584 1329 3671 1380 τὰ
3715 1330 3794 1380 si

2181 1418 2409 1490 ἀληθινά
2427 1420 2521 1473 καὶ
2551 1419 2764 1489 βέϐαια,
2792 1421 2824 1491 ἢ
2854 1423 3029 1474 πᾶσαι
3063 1423 3117 1473 αἱ
3153 1421 3403 1492 πρόνοιαί
3426 1437 3519 1472 σου
3544 1422 3689 1473 καθ’
3713 1422 3791 1482 ἃς

2182 1513 2407 1576 διοικεῖς
2439 1513 2531 1566 τὸν
2575 1514 2801 1582 κόσμον,
2839 1514 3081 1584 ἀληθεῖς,
3129 1514 3404 1577 ὡς’δντως
3454 1515 3726 1584 πρόνοιαι
3767 1531 3788 1546 ο

2181 1605 2214 1675 ἢ
2258 1606 2429 1658 πᾶσαι
2475 1607 2529 1658 αἱ
2562 1607 2773 1674 κρίσεις
2823 1623 2918 1658 σου
2963 1606 3203 1678 ἀληθεῖς.
3237 1607 3312 1670 ὡς
3352 1606 3620 1676 ἀσφαλεῖς
3676 1607 3786 1660 καὶ

2181 1697 2359 1765 ὀρθαί.

2253 1792 2392 1845 Κατ’
2429 1791 2619 1859 ἀρχὰς
2655 1791 2848 1860 ἔγνων
2871 1791 2940 1844 ἐκ
2983 1789 3102 1844 τῶν
3117 1791 3458 1860 μαρτυρίων
3497 1807 3646 1850 σου.
3684 1790 3784 1844 ὅτι

2181 1886 2268 1947 εὶς
2291 1881 2397 1934 τὸν
2427 1880 2610 1934 αἰῶνα
2655 1881 3056 1949 ἐθεμελίωσας
3088 1879 3259 1933 αὐτά.
3319 1881 3404 1931 ‘Ev
3448 1878 3782 1948 προοιμίοις

2183 1975 2355 2044 ἔγνων
2388 1975 2452 2028 ἐκ
2487 1976 2593 2026 τῶν
2641 1973 2956 2044 μαρτυρίων
3003 1990 3117 2038 σου,
3151 1973 3233 2026 ὅτι
3280 1970 3469 2025 αἰώνια
3518 1972 3783 2041 ῆδρασας

2185 2067 2345 2122 αὐτὰ.
2394 2066 2726 2135 Ἀρξάμενος
2756 2067 2998 2119 συνιέναι
3045 2064 3252 2129 ταῦτα,
3289 2064 3460 2133 ἐγνων
3504 2066 3594 2116 ὅτι
3638 2065 3780 2116 dai-

2184 2160 2350 2214 λευτα
2374 2161 2684 2228 πεποίηκας
2718 2157 2876 2222 αὐτὰ,
2925 2158 3021 2210 uati.
3055 2156 3230 2219 οὐδεὶς
3257 2155 3396 2209 αὐτὰ
3436 2155 3776 2213 καταλύσει.

2184 2252 2244 2305 Εἰ
2267 2252 2375 2322 γὰρ
2400 2252 2494 2304 καὶ
2523 2250 2742 2303 δοκοῦσι
2777 2249 2844 2303 τὰ
2873 2250 3045 2302 πλείω
3079 2249 3449 2318 καταλυθῆναι
3479 2247 3642 2318 παρὰ
3673 2248 3776 2301 τοῦ

2185 2345 2544 2414 Εὑαγγελεου.
2580 2344 2696 2397 ἀλλ’
2727 2343 2788 2396 οὐ
2819 2344 2960 2398 κατὰ
2991 2342 3082 2396 τὸν
3129 2342 3585 2413 ἐγκεκρυμμένον
3616 2340 3773 2404 νοῦν,

2187 2437 2328 2492 ἀλλὰ
2363 2437 2505 2490 κατὰ
2549 2435 2609 2490 τὸ
2644 2435 2972 2506 φαινόμενον
3001 2435 3095 2489 καὶ
3127 2434 3376 2499 σκιῶδες,
3411 2434 3488 2497 ὡς
3522 2431 3780 2504 προδιεὶο

2183 2528 2420 2596 ληπταα,

2259 2727 2371 2783 Ἴδε
2393 2729 2510 2794 τὴν
2528 2727 2892 2782 ταπείνωσιν
2907 2746 3048 2794 μου,
3065 2726 3163 2780 καὶ
3178 2724 3392 2791 ἐξελοῦ
3409 2741 3508 2792 με,
3539 2725 3635 2777 ὅτι
3657 2723 3778 2778 τοῦ

2186 2821 2376 2891 νόμου
2427 2838 2544 2874 σου
2597 2822 2710 2874 οὐκ
2750 2822 3153 2889 ἐπελαθόμην.
3216 2820 3321 2872 Ἴδε
3373 2817 3470 2888 τὴν
3513 2816 3780 2870 κακοπὰσ

2189 2914 2341 2966 θειάν
2369 2930 2492 2982 μου,
2535 2912 2630 2968 καὶ
2658 2911 2842 2976 ἐξελοῦ
2875 2929 2942 2980 με
2977 2911 3085 2964 τῶν
3127 2908 3473 2979 πειρασμῶν,
3516 2908 3634 2973 ὅτι,
3677 2906 3775 2958 διὰ

507 3004 656 3057 tibus
691 3020 705 3056 :
739 3004 892 3072 quia,
926 3003 1052 3056 licet
1109 3012 1333 3072 propter
1383 3003 1551 3072 legem
1599 3011 1747 3057 tuam
1788 3000 2079 3072 amigerer,

2192 3007 2276 3059 τὸν
2303 3006 2467 3074 νόμον
2513 3022 2608 3057 σου
2662 3003 3011 3070 κακοπαθῶν,
3051 3003 3150 3056 ούκ
3187 3000 3532 3070 ἐπελαθόμην
3571 2997 3773 3060 αὐτοῦ,

507 3096 628 3162 ejus
657 3104 838 3148 tamen
875 3095 1079 3149 oblitus
1110 3110 1218 3148 non
1249 3110 1394 3158 sum,
1427 3110 1526 3148 nec
1554 3095 1794 3150 sustinui
1828 3095 2077 3164 iniquum

507 3183 715 3252 aliquid
750 3198 911 3250 agere
952 3191 1048 3234 aut
1096 3183 1281 3237 odisse
1329 3183 1679 3238 insidiatores
1733 3198 1909 3260 meos.
1943 3183 2078 3245 Vel,

509 3272 640 3326 Vide
673 3271 996 3325 humilitatis
1022 3287 1155 3325 mea:
1179 3273 1463 3335 virtutem,
1500 3283 1558 3328 et
1603 3274 1761 3342 eripe
1808 3287 1916 3338 me,
1949 3274 2082 3341 quia

506 3362 642 3431 legis
685 3374 790 3416 tuae
832 3361 1041 3414 oblitus
1087 3377 1196 3416 non
1236 3377 1392 3424 sum,
1427 3363 1596 3427 illius,
1633 3364 1894 3434 inquam,
1924 3358 2081 3434 legis,

507 3468 629 3522 quae
665 3453 1020 3506 humilitatem
1057 3451 1214 3522 jubet
1250 3469 1372 3509 esse
1403 3455 1746 3510 sectandam.
1848 3439 1871 3464 ⁸

578 3565 748 3621 Vens.
775 3567 896 3622 154.
927 3568 1126 3622 Indica
1153 3568 1416 3636 judicium
1448 3585 1642 3632 meum,
1667 3580 1718 3624 et
1757 3571 1955 3625 redime
1980 3587 2080 3627 me.

507 3659 780 3712 .ludicium
814 3675 994 3713 meum
1055 3661 1204 3718 dico.
1235 3661 1377 3730 quod
1420 3675 1546 3714 cum
1583 3661 1650 3716 iis
1686 3661 1815 3716 mibi
1848 3671 1954 3729 est,
1985 3663 2080 3732 qui

511 3765 598 3805 tne
625 3761 966 3819 oppugnant.

578 3861 801 3933 Propter
836 3864 1046 3918 verbum
1093 3873 1240 3915 tuum
1267 3863 1470 3932 viviﬁca
1506 3880 1605 3918 me.
1647 3863 1880 3934 Propter
1910 3863 2080 3932 legem

514 3965 684 4018 tuam,
717 3964 940 4024 propter
968 3969 1132 4023 quam
1171 3954 1226 4006 in
1259 3955 1452 4009 mortis
1480 3954 1725 4024 periequ
1749 3957 2084 4012 constitutus

512 4047 892 4108 sum,v’tvitica
927 4064 1010 4100 me
1041 4062 1070 4100 a
1099 4047 1420 4102 stevissimis
1452 4046 1703 4102 hostibus
1735 4062 2080 4116 oppressum.

582 4164 749 4221 Vens.
791 4166 913 4220 155.
937 4164 1110 4234 Longe
1134 4181 1165 4217 a
1188 4163 1552 4234 peccatoribus
1589 4163 1758 4228 salus,
1783 4166 1905 4235 quia
1920 4163 2086 4232 justi-

511 4259 782 4327 ﬁcationes
813 4269 931 4312 tuas
978 4275 1079 4312 non
1123 4259 1532 4328 exquisiverunt.
1577 4256 1764 4326 Longe
1805 4264 1889 4311 est
1934 4255 2084 4310 salus

513 4353 582 4406 ab
612 4353 834 4420 iniquis.
869 4351 926 4408 In
962 4349 1202 4421 periculo
1220 4350 1364 4403 enim
1395 4361 1547 4413 sunt,
1573 4349 1664 4418 qui
1695 4347 1956 4402 mandata
1989 4355 2080 4401 tua
2118 4371 2157 4426 ο

515 4451 894 4503 contemnunt,
938 4457 1124 4495 verum
1157 4441 1292 4494 mihi
1323 4456 1385 4494 ea
1428 4441 1581 4496 salus
1645 4455 1809 4510 prope
1839 4447 1942 4494 est.
1985 4439 2081 4493 Li-

513 4535 749 4590 berabor
781 4533 982 4589 etenim
1021 4533 1090 4586 ab
1126 4533 1342 4585 illorum
1386 4531 1626 4595 insidiis,
1664 4533 1790 4601 quia
1828 4533 2082 4588 mandata

516 4637 609 4680 tua
645 4641 746 4695 ego
775 4623 1068 4694 exquisivi.
1103 4621 1200 4678 Vel
1231 4622 1482 4679 docentis
1517 4639 1698 4680 sermo
1733 4634 1838 4688 est,
1871 4626 2086 4689 dicens.

515 4718 662 4785 quod
692 4715 824 4769 nulli
857 4725 1172 4784 peccatores
1203 4715 1582 4779 salvabuntur,
1625 4714 1842 4770 tametsi
1885 4715 1940 4769 in
1985 4715 2087 4768 hac

515 4806 628 4859 vita
662 4804 926 4860 fortunati
961 4821 1023 4859 ac
1057 4805 1244 4861 felices
1271 4819 1396 4860 esse
1425 4806 1736 4860 videantur.
1765 4803 1862 4860 Vel
1893 4819 2087 4876 pecca—

514 4905 686 4960 tores,
727 4910 757 4948 a
793 4896 903 4952 Deo
941 4897 1201 4951 auxilium
1235 4913 1341 4952 non
1378 4907 1804 4967 consequentur,
1841 4912 1908 4953 eo
1936 4895 2087 4966 quod

514 4988 662 5044 illius
688 4988 1118 5058 justiticationes
1156 4997 1632 5060 contempserunt.
2075 4973 2082 4976 ’

586 5099 752 5155 Vens.
788 5101 910 5156 156.
937 5100 1314 5155 Misericordia:
1340 5109 1444 5155 tute
1477 5102 1676 5166 mutue,
1724 5101 1964 5165 Domine,
1999 5116 2084 5154 se-

515 5195 742 5247 cundum
762 5195 1028 5262 judicium
1057 5203 1206 5248 tuum
1235 5195 1442 5263 vivi/ica
1483 5211 1583 5248 me.
1611 5194 1690 5248 Tu
1723 5194 1882 5250 valde
1921 5195 2084 5249 mise-

515 5287 693 5342 ricors
719 5303 799 5342 es.
832 5285 940 5341 Fac
973 5287 1137 5356 igitur
1176 5296 1237 5341 ut
1281 5287 1334 5340 in
1369 5287 1669 5342 universali
1711 5286 1920 5355 judicio
1956 5286 2084 5340 bea-

517 5389 628 5433 tam
655 5395 758 5449 ego
793 5380 957 5434 vitam
999 5381 1201 5445 vivam,
1230 5379 1449 5450 quando
1475 5379 1604 5434 boni
1635 5395 1698 5432 ac
1727 5379 1859 5449 justi
1905 5379 1960 5432 in
2000 5378 2082 5432 vi-

592 5621 634 5652 ”
663 5621 803 5676 l‘sal.
837 5639 1012 5682 chtv.
1048 5626 1134 5679 ll.
1240 5628 1282 5658 3°
1307 5626 1507 5680 Jerem.
1541 5625 1789 5689 xxutﬂS.

1868 5623 1912 5655 ‘°
1942 5623 2081 5677 lbitl.
2115 5623 2203 5677 9-4.

2188 3095 2298 3148 οὐδ’
2333 3094 2644 3164 ἠνεσχόμην
2671 3093 3081 3163 παρανομῆσαι,
3108 3091 3230 3145 οὐδὲ
3259 3089 3610 3162 μιμήσασθαι
3641 3087 3774 3152 τοὺς

2188 3187 2661 3249 ἐπιϐουλεύοντας.
2716 3189 2809 3251 Ἢ,
2845 3186 2950 3240 Ἴδε
2990 3185 3088 3255 τὴν
3136 3186 3391 3255 ἐνάρετον
3433 3183 3774 3237 ταπεὶνωσίν

2188 3295 2312 3347 μου,
2349 3277 2445 3330 καὶ
2470 3275 2660 3342 ἐξελοῦ
2694 3294 2782 3347 με,
2810 3277 2891 3329 ὅτι
2915 3274 3012 3328 τοῦ
3042 3274 3206 3342 νόμου
3239 3291 3336 3326 σου
3375 3273 3477 3327 οὐκ
3502 3272 3773 3328 ἐπελαθό-

2189 3387 2317 3440 μην,
2344 3369 2437 3422 τοῦ
2478 3366 2794 3430 κελεύοντος
2825 3368 3300 3436 ταπεινοφρονεῖν.

2261 3575 2480 3643 Κρῖνον
2507 3572 2623 3641 τὴν
2665 3573 2866 3640 κρίσιν
2886 3589 3027 3638 μου,
3058 3569 3154 3623 και
3195 3568 3505 3635 lemma!
3523 3583 3621 3637 με.
3648 3566 3766 3636 Τὴν

2187 3667 2373 3734 κρίσιν
2405 3683 2506 3735 μου
2540 3663 2678 3734 μετὰ
2709 3662 2819 3714 τῶν
2851 3661 3233 3731 πολεμούντων
3266 3647 3379 3728 μόι.

2258 3865 2359 3918 Διὰ
2380 3864 2484 3918 τὸν
2511 3863 2701 3931 λόγον
2724 3877 2844 3916 σου
2871 3860 3059 3928 ζῆσόν
3076 3875 3172 3928 με.
3205 3859 3305 3911 Διὰ
3333 3857 3424 3910 τὸν
3467 3857 3632 3926 νόμον
3668 3875 3763 3911 σου

2191 3957 2527 4025 ζωοποίησόν
2563 3972 2652 4024 με,
2689 3954 2758 4006 δι’
2780 3954 2840 4006 ὃν
2869 3951 3164 4004 ἀποθανεῖν
3188 3950 3501 4015 κινδυνεύω,
3531 3950 3633 4022 ἢδη
3665 3968 3768 4004 κα-

2192 4046 2598 4115 ταπονούμενος
2628 4044 2734 4098 ὑπὸ
2761 4044 2870 4096 τῶν
2897 4042 3129 4112 ἐχθρῶν.
3569 4046 3572 4049 ’

2263 4159 2511 4227 Μακρὰν
2560 4157 2681 4212 ἀπὸ
2713 4155 3078 4226 ἁμαρτωλῶν
3119 4158 3402 4223 σωτηρία.
3443 4157 3530 4211 ὅτι
3562 4155 3633 4210 τὰ
3683 4156 3769 4209 δι-

2191 4251 2495 4320 καιώματὰ
2525 4265 2640 4304 σου
2682 4252 2792 4303 οὐκ
2833 4248 3219 4315 ἐξεζήτησαν.
3249 4250 3483 4320 Μακρὰν
3515 4251 3622 4302 ἀπὸ
3655 4250 3766 4302 τῶν

2192 4343 2586 4414 παρανόμωνή
2621 4342 2865 4410 σωτηρέα
2907 4354 2922 4368 ⁸
2945 4341 3316 4394 κινδυνεύουσι
3359 4341 3489 4412 γὰρ,
3537 4344 3620 4396 ὅτι
3658 4343 3767 4396 τῶν

2191 4436 2420 4490 ἐντολῶν
2450 4452 2540 4488 σου
2569 4433 2983 4503 κατεφρόνησαν
3008 4448 3024 4462 ο
3070 4434 3232 4502 ἐγγὺς
3257 4434 3312 4486 δὲ
3345 4435 3478 4503 ἐμοῦ
3508 4450 3524 4464 ο
3561 4437 3763 4508 ρυσθή.

2193 4545 2359 4598 σομαι
2394 4526 2503 4596 γὰρ
2531 4525 2629 4594 τῆς
2653 4523 2947 4591 ἐπιϐουλῆς
2988 4524 3188 4588 αὐτῶν,
3212 4525 3296 4578 ὅτι
3327 4525 3467 4578 αὐτὰ
3499 4525 3764 4596 ἐξεζήτηο

2191 4641 2280 4676 σα.
2307 4623 2376 4673 Ἢ
2402 4620 2495 4672 καὶ
2529 4615 2907 4670 διδασκαλικὸς
2943 4619 2970 4669 δ
3000 4616 3176 4685 λόγος,
3225 4618 3307 4671 ὅτι
3335 4618 3395 4670 ού
3431 4619 3764 4688 σωθήσονται

2193 4715 2242 4765 οἱ
2289 4709 2625 4780 ἁμαρτωλοὶ,
2664 4709 2764 4761 κᾶν
2799 4707 3145 4778 εύημερῶσιν
3182 4707 3414 4764 ἐνταῦθα
3441 4710 3517 4780 ’ἢ
3558 4711 3639 4762 ὅτι
3669 4710 3764 4780 οἰχ

2192 4803 2380 4869 ἕξουσι
2409 4799 2562 4870 παρὰ
2591 4797 2724 4850 Θεοῦ
2759 4796 3029 4868 βοήθειαν,
3075 4799 3149 4863 ὠς
3189 4799 3494 4870 ὑπερόπται
3539 4801 3650 4853 τῶν
3689 4801 3765 4853 δι-

2192 4893 2527 4965 καιωμάτων
2551 4889 2738 4946 αὐτοῦ.

2267 5105 2330 5156 Ol
2362 5101 2649 5169 οἰκτιρμοί
2677 5117 2794 5154 σου
2822 5100 3064 5164 πολλοὶ,
3097 5100 3294 5167 Κύριοι
3331 5099 3482 5152 κατὰ
3512 5098 3582 5152 τὸ
3648 5095 3762 5166 κρῖ-

2184 5194 2271 5265 μὰ
2290 5212 2406 5250 σου
2445 5194 2632 5264 ζῆσόν
2658 5211 2758 5263 με.
2799 5193 3096 5258 Πολυέλεος
3127 5189 3194 5247 ei.
3233 5193 3390 5248 Κατὰ
3435 5193 3535 5263 τὴν
3583 5192 3762 5263 κρίσιν

2192 5305 2286 5341 σου
2338 5288 2436 5357 τὴν
2491 5287 2838 5357 παγκόσμιον
2874 5287 2972 5356 ζῇν
3001 5303 3069 5355 με
3099 5287 3323 5354 ποίησον
3362 5285 3457 5354 τὴν
3491 5283 3760 5356 μακαρίαν

2195 5380 2358 5451 ζωὴν,
2391 5381 2478 5433 ὅτε
2504 5380 2896 5434 ἀπελεύσονται
2922 5380 2972 5432 οἱ
2995 5377 3193 5432 δίκαιοι
3224 5381 3305 5443 εἰς
3335 5377 3480 5450 ζωὴν
3503 5377 3720 5432 αἰώνιον
3743 5388 3758 5405 ⁸

2287 5622 2324 5652 ⁵⁸
2357 5623 2458 5676 lsa.
2492 5637 2640 5688 LVI",
2673 5622 2726 5678 9.
2806 5623 2851 5655 δ’
2882 5621 3026 5678 Psal.
3088 5638 3260 5688 Lxxtt,
3300 5621 3388 5676 27.
