4032 6238
500 268 644 335 11³79

1685 239 2071 321 EUTHY’MII
2111 257 2474 319 ZIGABENI

3619 241 3648 307 1
3667 243 3792 308 180

494 399 552 442 ut
576 389 668 458 qui
691 387 878 442 invenit
901 385 1071 456 spolia
1100 385 1287 436 multa.
1322 379 1818 448 Quemadmodum,
1861 378 2058 447 inquit,

2191 391 2332 430 πκων
2373 375 2578 429 σκῦλα
2629 375 2847 429 πολλὰ.
2887 373 3098 440 Ὠσπερ
3137 370 3244 440 γὰρ
3294 369 3505 422 ἐκεῖνον
3529 363 3614 418 τὰ
3662 363 3790 417 M-

495 481 620 548 quis
648 480 802 535 dives
825 478 1056 534 eilicitur
1088 475 1310 544 Spoliis,
1348 474 1419 527 ita
1445 471 1662 540 eloquia
1697 481 1787 522 tua
1826 480 2059 522 mentem

496 571 884 632 illuminantia,
913 576 967 624 et
990 568 1235 623 scientiae
1261 567 1579 620 thesaurum
1608 563 1949 633 prmstantia,
1978 573 2066 614 me

495 660 717 714 divitem
750 661 982 716 iaciunt.

565 751 726 805 Vsus.
772 751 894 806 163.
940 751 1273 822 Injustitiam
1300 749 1420 802 odio
1465 747 1626 800 habui
1653 753 1702 802 et
1727 745 2065 799 abominatus

494 857 635 904 sum,
665 841 827 912 legem
851 853 1026 896 autem
1059 853 1204 895 tuam
1233 842 1415 895 dilexi.
1442 839 1558 893 Non
1583 837 1911 908 simpliciter
1941 835 2066 888 odio

497 931 686 998 habui,
715 934 808 988 sed
834 934 995 987 etiam
1029 933 1376 988 abominatus
1407 948 1548 986 sum.
1585 931 1680 984 Est
1714 938 1894 983 autem
1933 929 2068 982 abo-

498 1021 730 1078 minatio
783 1023 961 1092 major
1023 1022 1268 1091 quaedam
1331 1021 1442 1075 odii
1501 1021 1760 1073 intentio.
1817 1018 1891 1072 De
1940 1017 2068 1071 odio

493 1112 639 1166 enim
671 1114 783 1182 jam
823 1115 1078 1183 superius
1110 1114 1320 1167 dixerat
1348 1131 1360 1166 :
1384 1111 1601 1182 lniquos
1634 1111 1754 1165 odio
1795 1111 1979 1175 habui,
2017 1121 2070 1164 et

497 1207 656 1275 legem
693 1219 837 1261 tuam
863 1208 1049 1262 dilexi.

571 1299 737 1352 Vens.
784 1299 904 1353 164.
950 1299 1152 1368 Septies
1187 1300 1238 1353 in
1269 1300 1350 1352 die
1387 1297 1596 1352 laudem
1622 1297 1737 1349 dixi
1766 1295 1882 1359 tibi,
1913 1311 2074 1364 super

490 1389 700 1459 judicia
719 1392 949 1461 justitia:
974 1401 1097 1446 tute.
1119 1422 1184 1431 —
1212 1391 1414 1461 Septies
1442 1392 1582 1460 apud
1621 1391 1876 1444 Hebraeos
1897 1403 2071 1458 smpe—

498 1497 730 1537 numero
778 1485 1002 1553 ponitur
1033 1499 1131 1554 pro
1186 1483 1409 1537 Pluries.
1492 1482 1667 1551 Saepe,
1729 1481 1933 1550 inquit,
2015 1481 2069 1533 in

503 1574 592 1629 die
622 1575 838 1629 laudavi
879 1584 951 1641 te,
1007 1586 1229 1646 propter
1259 1577 1462 1644 judicia
1493 1575 1727 1644 justitim
1785 1583 1915 1637 true,
1971 1575 2073 1628 hoc

499 1671 610 1727 est,
646 1674 867 1732 propter
906 1665 1077 1734 legem
1110 1673 1283 1726 tuam,
1311 1666 1392 1719 vel
1450 1673 1671 1734 propter
1708 1665 2076 1734 diSpvnsatio-

505 1769 604 1808 nes
663 1765 826 1823 atque
858 1757 1370 1812 administrationes
1393 1766 1537 1821 tuas,
1564 1773 1686 1826 qua:
1713 1774 1833 1809 cum
1860 1757 2073 1825 judicio

505 1853 614 1899 ate
658 1847 814 1911 ﬁunt,
876 1863 999 1902 cum
1055 1850 1197 1918 juste
1247 1849 1431 1903 omnia
1464 1858 1518 1902 et
1571 1847 1832 1903 decenter
1879 1848 2068 1902 facias.

507 1935 667 2001 Quod
699 1939 744 1991 si
777 1941 966 2008 septies
999 1941 1189 1996 referri
1221 1941 1470 1994 dicamus
1496 1940 1562 1994 ad
1592 1956 1904 2008 numerum,
1928 1942 2072 1995 diem

507 2029 597 2082 hic
617 2030 888 2100 intelliges
919 2033 1248 2100 perfectum,
1302 2034 1404 2086 hoc
1433 2041 1540 2096 est,
1578 2033 1721 2086 diem
1750 2042 1805 2088 et
1833 2043 2072 2088 noctem.

503 2119 570 2173 Et
595 2136 929 2177 connumera
963 2124 1064 2178 hoc
1093 2136 1250 2194 pacto
1303 2126 1534 2179 mediam
1581 2135 1819 2186 noctem,
1863 2125 2078 2180 dilucu-

510 2211 645 2272 lum,
675 2230 853 2276 mane,
914 2217 1127 2270 tertiam
1193 2217 1409 2281 horam,
1460 2224 1694 2285 sextam,
1744 2232 1967 2283 nonam,
2022 2228 2078 2272 ct

502 2315 778 2370 ve5peras.

574 2397 737 2451 Vens.
779 2398 901 2452 165.
939 2399 1057 2453 Pax
1091 2399 1261 2452 multa
1305 2400 1645 2469 diligentibus
1703 2399 1863 2470 legem
1906 2408 2074 2465 tuam,

503 2497 553 2540 et
589 2497 794 2543 nonest
827 2490 935 2544 illis
969 2491 1304 2544 scandalum.
1340 2490 1704 2560 Diligentihus
1734 2492 1904 2561 legem
1931 2500 2076 2545 tuam

509 2592 614 2644 pax
648 2588 754 2644 est,
793 2596 900 2634 nou
943 2595 1068 2635 cum
1102 2581 1481 2636 invisibilihus
1513 2581 1778 2644 inimicis,
1828 2585 1923 2636 sed
1955 2596 2076 2634 cum

508 2667 661 2732 Deo;
697 2680 751 2724 et
801 2687 907 2725 non
941 2682 1026 2728 est
1080 2672 1188 2728 illis
1239 2673 1629 2728 olfendiculum
1667 2673 1909 2741 aliquod.
1967 2672 2078 2726 Lex

506 2762 708 2818 etenim
776 2777 990 2819 omnem
1041 2765 1149 2820 illis
1216 2765 1360 2818 viam
1430 2765 1654 2818 virtutis
1696 2766 1982 2828 explanat,
2024 2771 2080 2819 et

507 2868 671 2907 omne
720 2855 929 2923 peccati
963 2855 1417 2925 impedimentum
1461 2855 1663 2909 aufert.
1701 2854 1793 2909 Vel
1844 2854 1950 2908 illis
1998 2865 2081 2909 est.

513 2959 616 3012 pax
668 2961 793 2999 eum
853 2946 921 3002 iis
958 2947 1051 3017 qui
1096 2947 1344 3016 ejusdem
1384 2957 1513 3002 sunt
1548 2946 1706 3011 ﬁdei,
1770 2947 1987 3001 tametsi
2025 2946 2076 3000 hi

511 3048 890 3103 smpcnumero
922 3051 1108 3105 pacem
1141 3038 1341 3092 habere
1375 3053 1497 3091 cum
1526 3038 1607 3092 eis
1644 3037 1841 3091 nolint.

577 3123 740 3178 Vens.
787 3125 904 3179 166.
934 3129 1316 3194 Exspectabam
1349 3127 1586 3180 salutare
1623 3135 1794 3190 tuum,
1838 3126 2082 3193 Domine,

508 3225 560 3267 et
589 3216 851 3268 mandata
889 3224 978 3268 tua
1009 3217 1198 3269 dilexi.
1233 3215 1299 3268 Et
1333 3216 1500 3271 dilexi
1535 3230 1623 3278 ea,
1677 3225 1735 3269 ut
1790 3213 2080 3272 aditiveni-

513 3320 651 3369 rem,
683 3306 826 3375 quod
860 3308 1270 3373 exspectabam.

580 3395 744 3451 Vsus.
786 3395 910 3449 167.
955 3396 1252 3450 Custodivit
1278 3399 1460 3451 anima
1488 3410 1607 3454 mea
1633 3401 1934 3454 testimonia
1967 3409 2082 3462 tua.

510 3499 562 3541 et
584 3487 770 3541 dilexit
800 3505 863 3542 ea
889 3487 1230 3543 vehementer.
1257 3488 1374 3544 Non
1409 3491 1586 3546 solum
1626 3493 1952 3558 custodivit,
1985 3496 2080 3549 sed

511 3580 679 3634 etiam
703 3582 916 3649 dilexit;
950 3597 1050 3638 nec
1082 3589 1296 3638 tantum
1326 3585 1541 3654 dilexit,
1573 3586 1668 3642 sed
1695 3586 1884 3643 dilexit
1915 3588 2086 3644 vehe-

515 3683 748 3730 menter.

2109 1716 2148 1768 Β

2102 3038 2147 3100 C

592 3770 749 3826 Vens.
789 3771 910 3827 168.
939 3773 1154 3830 Servavi
1184 3776 1436 3853 mandata
1461 3785 1552 3831 tua
1571 3786 1620 3832 et
1647 3779 1946 3833 testimonia
1971 3789 2084 3835 tua.

514 3863 648 3930 Quae
680 3867 938 3936 superius
967 3869 1173 3932 divisit,
1209 3886 1355 3926 nunc
1387 3871 1694 3940 conjungit.

590 3958 729 4023 Quia
767 3977 942 4014 omnes
990 3964 1088 4017 vite
1127 3979 1255 4017 mete
1296 3969 1350 4018 in
1388 3974 1668 4034 conspectu
1696 3975 1807 4030 tuo,
1841 3966 2087 4022 Domine.

2167 487 2316 536 φυρα
2343 468 2526 520 ἐκεῖνα
2561 466 2962 530 πλουτίζουσιν,
2997 463 3144 516 οὕτω
3171 461 3315 530 κάμὲ
3346 459 3416 512 τὰ
3441 457 3618 524 λόγιά
3643 474 3786 517 σου,

2169 557 2475 626 φωτίζοντά
2526 573 2630 625 μου
2673 555 2765 608 τὸν
2827 552 2975 618 νοῦν,
3004 549 3101 605 καὶ
3155 545 3430 618 Θησαυρδν
3486 543 3789 612 γνώσεως

2166 649 2527 720 χαριζόμενοι.

2253 741 2519 797 Ἀδικίαν
2553 740 2819 808 ἐμίσησα
2871 736 2970 791 καὶ
3038 733 3480 800 ἐϐδελυξάμην,
3545 728 3679 782 τὸν
3708 727 3792 778 δὲ

2168 839 2358 906 νόμον
2387 852 2502 889 σου
2531 833 2844 903 ἠγάπησα.
2911 833 3022 900 Οὐχ
3069 829 3258 892 ἁπλῶς
3293 827 3560 896 ἐμίσησα,
3621 821 3788 876 ἀλλὰ

2171 929 2263 982 καὶ
2314 927 2730 996 ἐϐδελυξάμην·
2796 924 3050 986 ἐπίτασις
3090 921 3148 974 δὲ
3185 919 3344 972 τοῦτο
3368 916 3464 970 τοῦ
3532 913 3786 984 μίσους.

2173 1017 2283 1071 Καὶ
2316 1017 2577 1086 ἀνωτέρω
2629 1015 2684 1068 δὲ
2710 1013 2900 1084 εἴρηκε
2926 1028 2940 1042 °
2992 1011 3383 1089 Παρανόμους
3456 1005 3783 1074 ἐμίσησα,

2168 1106 2278 1161 τὸν
2326 1105 2395 1160 δὲ
2438 1106 2626 1175 νόμον·
2665 1118 2783 1158 σου
2835 1103 3143 1171 ἠγάπησα.

2253 1299 2528 1366 Ἐπτάκις
2558 1299 2668 1366 τῆς
2689 1297 2912 1368 ἡμέρας
2943 1294 3138 1366 ῇνεσά
3187 1309 3261 1348 σε
3288 1292 3385 1346 ἐπὶ
3425 1290 3498 1345 τὰ
3537 1291 3776 1358 χρῆμα-

2172 1409 2244 1446 τα
2266 1390 2376 1459 τῆς
2402 1389 2793 1455 δικαιοσύνης
2827 1403 2965 1442 σου.
2997 1386 3071 1439 Τδ
3125 1381 3410 1448 Ἔπτάκις
3458 1381 3613 1433 ἐστιν
3675 1381 3777 1432 ὅτε

2179 1483 2304 1552 παρ’
2349 1481 2620 1552 Ἑϐραίοις
2673 1479 2733 1533 τὸ
2796 1477 3093 1544 πολλάκις
3141 1476 3310 1546 δηλοῖ.
3339 1475 3614 1534 Πολλάκις
3664 1471 3776 1538 τῆς

2175 1577 2408 1646 ἡμέρας,
2487 1576 2682 1644 φησὶν,
2748 1572 2975 1642 ὑμνήσω
3045 1587 3103 1623 σε
3180 1570 3268 1624 διὰ
3358 1569 3424 1622 τὰ
3503 1565 3774 1636 κρίματα

2177 1664 2277 1733 τῆς
2326 1664 2671 1734 δικαιοσύνης
2725 1681 2842 1728 σου,
2897 1661 2986 1716 διὰ
3054 1659 3145 1714 τὸν
3183 1659 3349 1730 νόμον
3399 1669 3533 1711 σου·
3598 1657 3631 1725 ἦ
3675 1655 3771 1708 διὰ

2179 1756 2278 1819 τὰς
2326 1755 2464 1825 μετά
2511 1755 2840 1825 διακρίσεως
2879 1753 3195 1816 οἰκονομὲας
3232 1768 3346 1811 σου,
3396 1747 3489 1802 τοῦ
3522 1745 3770 1808 δικαίως

2181 1848 2359 1901 πάντα
2388 1849 2484 1902 καὶ
2510 1848 2832 1915 πρεπόντως
2867 1845 3172 1908 ποιοῦντος.
3205 1845 3268 1897 Ei
3289 1843 3344 1896 δὲ
3371 1841 3490 1894 κατ’
3517 1838 3774 1908 ἀριθμὸν

2179 1941 2410 2003 ἑπτάκις
2447 1940 2724 2010 λάϐοιμεν,
2758 1941 2972 2011 ἡμέραν
3005 1939 3102 2008 μὲν
3123 1937 3315 2007 νόησον
3365 1934 3423 1986 τὸ
3476 1930 3770 2002 ἡμερονύο

2179 2047 2350 2086 κτιον.
2412 2031 2670 2103 Ἀριθμεϊ
2725 2034 2783 2087 δὲ
2847 2031 3225 2103 μεσονύκτιον,
3279 2027 3615 2098 καὶὸρϐρον,
3660 2024 3766 2077 καὶ

2181 2125 2349 2197 πρωῒ,
2385 2126 2478 2178 καὶ
2500 2125 2650 2197 ὥρας
2673 2126 2860 2194 γ’,καὶ
2886 2131 2963 2190 ς’,
2995 2125 3090 2177 καὶ
3122 2123 3188 2187 θ’,
3221 2124 3317 2175 καὶ
3349 2120 3612 2190 ἑσπέραν.

2254 2393 2476 2463 ΕΙρήνη
2521 2395 2722 2462 πολλὴ
2752 2395 2878 2462 τοῖς
2911 2391 3184 2465 ἀγαπῶσι
3238 2393 3350 2447 τὸν
3391 2393 3584 2460 νόμον
3612 2406 3761 2452 σου,

2181 2487 2278 2541 καὶ
2309 2491 2418 2541 οὐκ
2448 2489 2620 2543 ἐστιν
2640 2487 2842 2554 αὐτοῖς
2869 2485 3241 2541 σκάνδαλον.
3275 2484 3478 2554 Εἰρήνη
3503 2483 3567 2535 οὐ
3617 2481 3762 2552 πρὸς

2181 2580 2310 2642 τοὺς
2333 2581 2603 2650 ἀοράτους
2667 2581 2920 2651 ἐχθροὺς,
2953 2578 3088 2633 ἀλλὰ
3136 2577 3274 2649 πρὸς
3306 2577 3398 2629 τὸν
3447 2575 3581 2628 Θεόν
3613 2591 3628 2602 ’
3658 2576 3763 2627 καὶ

2179 2672 2282 2724 οὐκ
2313 2671 2462 2726 ἔστιν
2526 2673 2714 2734 αὐτοῖς
2759 2672 3178 2743 πρόσκρουσμα.
3243 2667 3588 2738 Ἐξομαλίζει
3643 2667 3764 2735 γὰρ

2181 2762 2395 2826 τούτοις
2431 2764 2458 2816 ὁ
2487 2763 2650 2833 νόμος
2677 2762 2776 2834 τὴν
2832 2762 2952 2815 ὁδὸν
2981 2760 3080 2831 τῆς
3115 2759 3342 2830 ἀρετῆς,
3396 2759 3504 2811 πᾶν
3556 2756 3762 2810 σκῦλον

2181 2856 2458 2927 ἁμαρτίας
2490 2856 2745 2926 ἐξαίρων.
2793 2857 2863 2909 Ἥ
2916 2856 3106 2925 εἰρήνη
3148 2853 3284 2924 πρδς
3317 2853 3444 2915 τοὺς
3499 2851 3607 2919 τῆς
3659 2850 3764 2903 αὖ.

2182 2949 2287 3017 τῆς
2319 2947 2557 3010 πίστεως
2611 2963 2626 2978 ο
2654 2948 2704 2999 ei
2744 2946 2838 3000 καὶ
2881 2946 3082 2999 ἐκεῖνοι
3135 2943 3399 3006 πολλάκις
3449 2942 3762 3014 εἰρηνεύειν

2183 3038 2317 3108 πρὸς
2344 3038 2568 3102 τούτους
2597 3040 2656 3092 οὐ
2687 3037 2991 3108 βούλονται.

2251 3129 2646 3196 Προσεδόκων
2673 3129 2739 3183 τὸ
2779 3129 3081 3197 σωτήριόν
3111 3145 3252 3193 σου,
3286 3128 3485 3195 Κύριε,
3517 3128 3618 3181 καὶ
3653 3128 3764 3193 τὰς

2187 3221 2443 3286 ἐντολάς
2468 3237 2585 3276 σου
2620 3221 2929 3291 ἠγάπησα.
2963 3224 3074 3277 Καὶ
3117 3221 3380 3292 ἠγάπησα
3411 3220 3634 3287 ταύτας,
3670 3222 3763 3274 ἵνα

2183 3312 2311 3382 ἔλθῃ
2345 3314 2404 3366 τὸ
2427 3315 2631 3384 προσδο
2640 3316 2911 3385 κώμενον.

2255 3407 2604 3476 Ἐφύλαξεν
2641 3410 2680 3477 ἡ
2712 3411 2883 3479 ψυχή
2905 3427 3025 3478 μου
3050 3410 3123 3464 τὰ
3149 3409 3444 3480 μαρτύριά
3469 3424 3603 3474 σου,
3653 3409 3762 3463 και

2181 3498 2508 3568 ἠγάπησεν
2542 3502 2694 3555 αὐτὰ
2720 3501 2976 3570 σφόδρα.
3002 3502 3076 3555 Οὐ
3117 3501 3282 3572 μόνον
3311 3501 3592 3568 ἐφύλαξεν,
3615 3502 3760 3558 ἀλλᾶ

2180 3593 2278 3646 καὶ
2291 3592 2476 3664 ὴγάπη
2485 3609 2596 3662 σεν,
2611 3593 2706 3649 καὶ
2717 3593 2814 3664 οὐχ
2833 3593 3020 3658 ἅπλῶς
3035 3594 3343 3666 ἠγάπησεν,
3361 3593 3496 3647 ἀλλὰ
3517 3593 3611 3647 καὶ
3622 3595 3760 3661 σφό-

2177 3687 2303 3756 δρα.

2215 3792 2229 3804 ·
2253 3779 2566 3849 Ἐφύλαξα
2609 3780 2714 3847 τὰς
2772 3779 3028 3848 ἐντολάς
3083 3797 3202 3835 σου
3241 3779 3342 3834 καὶ
3375 3777 3448 3834 τὰ
3466 3777 3763 3848 μαρτύριὰ

2187 3888 2325 3926 σου.
2356 3873 2425 3924 Ἀ
2451 3870 2738 3936 διέστειλε,
2775 3872 2872 3926 νῦν
2899 3873 3131 3944 ἥνωσεν.

2213 3971 2216 3974 ’
2259 3961 2392 4018 ’Ότι
2413 3962 2607 4020 πᾶσαι
2659 3967 2718 4018 al
2751 3964 2880 4019 ὁδοί
2925 3983 3044 4035 μου
3067 3963 3348 4019 ἐναντιον
3395 3977 3533 4025 σου,
3561 3963 3759 4031 Κύριε.

513 4051 716 4116 Causa,
749 4054 947 4122 inquit,
997 4055 1166 4124 hujus
1207 4057 1614 4112 observationis
1664 4073 1799 4113 mea:
1851 4057 1972 4123 vim,
2032 4067 2078 4113 et

2191 4055 2368 4108 Αἴτιον
2421 4056 2478 4108 δὲ
2511 4056 2610 4124 τῆς
2639 4056 2888 4126 φυλακῆς
2914 4057 3143 4120 τούτων,
3195 4057 3280 4108 ὅτι
3351 4057 3521 4108 πᾶσαι
3561 4057 3615 4107 αἱ
3645 4057 3754 4108 ὁδοὶ

514 4144 697 4198 omnis
749 4145 894 4198 actio
933 4161 1052 4201 mea
1095 4147 1150 4201 in
1186 4157 1486 4218 conspectu
1538 4157 1634 4202 tuo
1675 4147 1976 4216 perﬁcitur,
2032 4159 2078 4204 el

2194 4147 2296 4216 τῆς
2334 4147 2614 4210 πολιτείας
2661 4165 2761 4218 μου
2794 4149 2889 4201 καὶ
2951 4149 3103 4201 πᾶσα.
3141 4148 3343 4218 πρᾶξίς
3379 4164 3478 4217 μου
3529 4145 3760 4199 ἐνώπιόν

515 4247 570 4290 te
604 4246 768 4301 teste,
801 4238 926 4292 vitae
958 4255 1044 4293 mc
1090 4239 1341 4294 semitam
1417 4240 1661 4296 ambulo.
1729 4238 2078 4294 Praevidcbam

2191 4257 2287 4292 σου
2316 4240 2580 4306 τελεῖται,
2634 4241 2731 4294 καὶ
2772 4241 2876 4294 ὑπὸ
2912 4244 2994 4294 σοὶ
3023 4242 3265 4312 μάρτυρι
3292 4239 3462 4293 ὀδεύω
3492 4241 3582 4292 τὸν
3618 4239 3756 4309 βίον.

516 4327 685 4390 enim,
721 4329 919 4398 inquit,
977 4329 1255 4385 Dominum
1304 4333 1359 4383 in
1411 4342 1685 4399 conspectu
1721 4347 1833 4385 meo
1863 4347 2078 4400 semper.

2191 4332 2588 4401 Ῑιροεωρώμην
2631 4332 2760 4402 γὰρ,
2811 4333 2968 4402 φησὶ,
2995 4333 3103 4388 τὸν
3129 4333 3348 4400 Κύριον
3368 4333 3626 4387 ἐνώπιόν
3640 4351 3759 4400 μου

517 4418 676 4473 Unde
727 4421 927 4475 timens
969 4430 1043 4484 te,
1091 4423 1181 4490 qui
1236 4423 1420 4475 omnia
1488 4438 1604 4476 mea
1640 4438 1860 4492 semper
1907 4422 2085 4490 vides,

516 4513 750 4566 observo
779 4512 942 4566 etiam
984 4513 1240 4567 mandata
1270 4521 1382 4572 tua,
1414 4521 1467 4566 et
1495 4513 1811 4568 testimonia
1844 4523 1954 4568 tua.

586 4603 749 4658 Vens.
794 4602 915 4658 169.
956 4603 1343 4672 Appropinquet
1389 4603 1690 4670 deprecatio
1728 4621 1843 4658 mea
1884 4606 1936 4658 in
1963 4622 2088 4658 ron-

516 4703 696 4763 spectu
731 4705 840 4758 tuo,
871 4695 1111 4752 Domine.
1152 4695 1268 4749 Non
1301 4703 1600 4758 avertatur,
1628 4712 1729 4752 nec
1765 4699 2088 4765 repudietur

519 4803 548 4838 a
583 4796 655 4851 te,
687 4796 942 4856 tanquam
968 4803 1088 4856 quae
1137 4789 1475 4843 admittenda
1524 4805 1629 4842 non
1686 4791 1776 4845 sit.
1823 4791 2082 4856 Quaenam

521 4886 700 4932 autem
732 4877 894 4937 fuerit.
925 4880 1036 4934 lucc
1077 4881 1411 4949 deprecatio,
1444 4882 1599 4935 audi.

589 4971 756 5026 Juxta
791 4971 1052 5040 eloquium
1086 4983 1229 5026 tuum
1262 4972 1332 5026 da
1371 4974 1500 5026 mihi
1543 4972 1885 5026 intellectum.
1952 4971 2088 5026 Ecce

520 5064 798 5134 propheta:
859 5065 1031 5118 nostri
1075 5065 1546 5134 deprecationem.
1597 5063 1726 5128 Fac,
1761 5064 1960 5134 inquit,
2002 5079 2090 5118 me

523 5175 632 5212 non
676 5159 832 5228 juxta
883 5159 1156 5212 lnuuanas
1196 5169 1368 5220 artes,
1424 5167 1517 5212 aut
1574 5157 1766 5212 mundi
1820 5157 2087 5213 scientias

524 5267 740 5321 sapere,
770 5251 863 5304 sed
891 5251 1043 5320 juxta
1078 5253 1347 5306 rationem
1387 5261 1558 5313 tuam,
1596 5260 1656 5302 ut
1705 5259 1758 5303 et
1803 5265 2092 5305 sermones

526 5353 652 5400 tuos
679 5345 1004 5412 intelligant,
1038 5353 1088 5398 et
1127 5345 1298 5414 legem
1330 5353 1479 5397 tuam
1515 5343 1582 5396 ad
1615 5343 1843 5412 plenum
1881 5357 2089 5411 cogno-

529 5451 701 5489 $03!“.

601 5527 765 5582 Vens.
810 5527 930 5582 170.
970 5527 1142 5580 Intret
1208 5524 1498 5596 postulatio
1544 5539 1659 5577 mea
1697 5524 1766 5576 ‘in
1814 5532 2092 5588 conspectu

534 5628 644 5680 tuo,
679 5618 919 5674 Domine.
1013 5619 1439 5673 Postulationem
1528 5615 1726 5685 Aquila
1786 5613 2098 5667 Orationem

534 5708 696 5775 dixit,
733 5719 786 5764 et
821 5711 1187 5779 Symmachus
1221 5708 1688 5778 Supplicationem.
1742 5704 1808 5759 Et
1844 5705 2101 5774 superius

2191 4423 2289 4476 διὰ
2317 4425 2574 4489 παντός-ξ’
2603 4424 2724 4477 ὅθεν
2749 4425 2860 4490 καὶ,
2880 4424 3215 4494 φοϐούμενός
3245 4441 3304 4477 σε
3317 4425 3385 4477 τὰ
3412 4425 3518 4491 ἐμὰ
3537 4424 3759 4492 βλέπον.

2189 4532 2280 4578 τα,
2313 4515 2571 4581 φυλάσσω
2600 4515 2698 4577 τὰς
2715 4515 2938 4579 ἐντολάς
2969 4533 3063 4569 σου
3112 4516 3204 4568 καὶ
3227 4516 3296 4568 τὰ
3336 4513 3614 4585 μαρτύριά
3640 4531 3756 4570 σου,

2260 4606 2584 4675 Ἐτγισάτω
2621 4608 2660 4674 ἡ
2690 4605 2901 4673 δέησις
2921 4623 3041 4675 μου
3077 4605 3334 4659 ἐνώπιόν
3387 4620 3525 4666 σου,
3561 4604 3757 4669 Κύριε.

2191 4699 2715 4770 Ἁ1ὴάποστραφείη,
2756 4700 2836 4766 ὡς
2892 4700 3278 4770 ἁπρὸσδεκτος.
3312 4699 3410 4760 Τίς
3433 4697 3526 4763 δέ;
3588 4695 3757 4764 Αὕτη.

2267 4967 2431 5020 Κατὰ
2467 4965 2536 5018 τὸ
2576 4964 2788 5033 λόγιόν
2816 4977 2934 5016 σου
2953 4960 3285 5016 συνέτισὸν
3297 4975 3393 5027 με.
3435 4956 3583 5026 Αὕτη
3623 4957 3765 5008 ἐστὶν

2198 5064 2230 5133 ἠ
2265 5060 2467 5128 δέησις,
2493 5059 2573 5112 ὅτι
2606 5055 2886 5111 Συνέτισὸν
2921 5073 2986 5124 με
3029 5054 3104 5124 μὴ
3161 5052 3301 5105 κατὰ
3333 5049 3526 5120 τέχνην
3562 5047 3762 5116 ἀνθρω-

2199 5154 2424 5225 πίνηνῆ
2462 5152 2778 5220 ἐπιστήμην
2812 5146 3094 5218 βιωτικὴν,
3131 5144 3261 5199 ἀλλὰ
3304 5141 3446 5196 κατᾶ
3475 5141 3567 5193 τὸν
3613 5139 3766 5206 λόγον

2206 5265 2323 5312 σου,
2352 5248 2439 5300 ἵνα
2495 5248 2638 5299 συνῶ
2688 5244 2815 5308 τοὺς
2867 5243 3060 5311 λόγους
3089 5257 3204 5305 σου,
3257 5239 3345 5292 ἵνα
3383 5236 3498 5306 γνῶ
3529 5232 3764 5304 ἀκριϐῶς

2201 5343 2293 5394 τὸν
2325 5342 2488 5410 νόμον
2519 5358 2636 5394 σου.

2275 5518 2551 5573 Εὶσέλθοι
2589 5516 2655 5570 τὸ
2699 5514 2930 5584 ἀξίωμά
2953 5531 3072 5583 μου
3108 5509 3365 5566 ἐνώπιόν
3411 5522 3548 5566 σου,
3579 5505 3758 5569 Κύριε,

2213 5611 2286 5665 Τὸ
2325 5609 2543 5680 ἀξίωμα
2567 5611 2595 5661 ὁ
2619 5607 2717 5676 μὲν
2759 5605 2990 5668 Ἀκύλας
3030 5604 3249 5670 Δέησιν
3287 5597 3554 5667 ἐξέδωκεν
3583 5635 3598 5661 ,
3647 5593 3677 5645 ὁ
3717 5591 3764 5646 ὁ)

2216 5701 2510 5770 Σύμμαχος
2549 5697 2827 5753 Ἰκεσίιιν.
2845 5691 3128 5763 ’Λνωτέρω
3154 5690 3250 5761 μὲν
3271 5686 3363 5743 οὖν
3388 5680 3561 5750 εἶπεν,
