4102 6206
544 303 684 370 1183

1743 321 2128 381 EUTIIYMII
2161 323 2524 383 ZIGABENI

3659 319 3794 386 1184

529 435 778 489 tuorum,
825 428 916 481 sed
949 430 1124 483 erravi
1162 433 1213 484 in
1275 434 1572 498 montibus,
1629 439 2103 494 crralmmlusiilic

2217 441 2387 496 τολῶν
2448 460 2566 505 σου,
2602 441 2718 497 ἀλλ’
2769 443 2828 496 ὲν
2855 444 2968 506 τοῖς
3019 440 3172 514 ὄρεσι
3197 441 3568 511 διαιρὸμενος,
3591 441 3689 495 καὶ
3721 445 3790 512 τῇ

525 516 759 583 degens,
790 519 893 571 huc
926 530 1087 588 atque
1121 523 1250 578 illuc
1301 528 1699 594 pertransiens,
1764 530 1894 584 dum
1928 547 2110 600 perse—

526 606 812 661 cutionem
856 613 1128 666 sustineo.
1172 614 1395 688 'Qumre
1453 617 1624 686 igitur
1665 636 1771 683 me,
1825 633 1878 675 et
1915 625 2109 676 iterum

533 699 599 751 ad
629 700 870 767 priorem
933 703 1324 760 habitationem
1401 709 1671 776 reducito,
1727 724 2112 781 persecutores

529 804 684 845 meos
716 805 1098 860 compescens,
1135 799 1261 867 quia
1297 801 1556 855 mandata
1601 813 1689 856 tua
1729 820 1835 857 non
1874 808 2109 875 neglexi.

527 880 624 936 Vel
679 899 861 938 sermo
885 897 967 941 est
1031 906 1096 943 ex
1148 895 1271 946 novi
1325 896 1507 965 populi
1571 913 1804 966 persona
1843 917 1857 953 ι
1899 899 2111 968 Erravi,

526 974 728 1043 inquit,
781 982 937 1047 quasi
969 984 1088 1037 ovis
1144 987 1356 1052 perdita
1417 1005 1512 1056 per
1566 999 1773 1045 rectam
1826 993 2112 1061 religionis

527 1067 782 1121 semitam
814 1087 920 1124 non
948 1073 1258 1140 ambulans,
1308 1078 1402 1131 sed
1435 1095 1530 1146 per
1564 1080 1818 1149 obliquas
1843 1083 2110 1151 quasdam

525 1166 693 1226 atque
718 1163 1006 1230 ambiguas
1051 1168 1187 1233 vias,
1238 1186 1358 1237 quas
1412 1171 1475 1224 ad
1512 1173 1639 1240 perd
1671 1175 1875 1228 tionem
1902 1175 2112 1230 ferunt.

525 1249 720 1314 Quaere
751 1269 968 1309 servum
1007 1269 1156 1313 tuum
1189 1279 1201 1313 :
1231 1261 1425 1317 Omnia
1459 1267 1620 1327 enim,
1650 1267 1847 1333 inquit,
1881 1272 2112 1323 serviunt

530 1344 642 1397 tibi.
679 1346 870 1410 Quaere
897 1367 1021 1404 cum
1062 1353 1227 1422 ἱεῑιιιτ
1260 1367 1339 1418 tu,
1366 1373 1396 1409 0
1423 1369 1611 1426 pastor
1652 1361 1814 1424 bone,
1844 1362 1934 1429 qui
1958 1363 2112 1429 juxta

528 1439 903 1505 evangelicum
937 1443 1236 1511 deperdita:
1289 1448 1407 1501 ovis
1470 1451 1814 1517 parabolam,
1873 1455 2111 1505 animam

525 1530 759 1595 posuisti
795 1548 891 1600 pro
922 1534 1118 1589 ovibus
1147 1537 1279 1599 tuis,
1327 1549 1380 1591 et
1433 1555 1518 1593 me
1550 1541 1818 1608 perditam
1853 1558 2007 1596 ovem
2043 1544 2111 1597 ad

529 1620 673 1672 ovile
705 1629 856 1676 tuum
887 1641 1181 1696 congrrga.
1239 1627 1438 1682 Verum
1496 1632 1641 1700 quod
1682 1635 1952 1702 St‘qltillll‘,
2019 1636 2113 1690 ad-

525 1714 732 1765 versari
766 1715 980 1769 videtur
1015 1719 1141 1772 huic
1189 1723 1396 1776 sensui.
1443 1722 1630 1792 Neque
1688 1729 1832 1780 enim
1859 1728 2110 1782 oblivisci

2213 536 2442 588 κάκεῖσε
2502 534 2871 605 μεταϐαίνων,
2906 535 2964 588 ὲν
2991 534 3068 604 τῷ
3100 533 3562 588 καταδιώκεσθαι.
3615 533 3795 605 Ζήτη-

2215 629 2308 680 σὸν
2333 645 2422 697 με,
2454 628 2551 681 καὶ
2584 626 2901 695 ἐπανάγαγε
2929 627 3009 689 είς
3047 626 3147 696 τὴν
3175 626 3452 698 προτέραν
3483 625 3794 692 κατοικίαν,

2214 719 2470 788 φιμώσεις
2493 719 2621 781 τοὺς
2651 717 3113 784 καταδιώκοντας,
3148 717 3231 769 ὅτι
3261 717 3361 769 οὐκ
3388 716 3640 786 ἠμέλησα
3683 718 3795 770 τῶν

2213 807 2448 859 ἐντολῶν
2479 825 2596 861 σου.
2637 808 2708 859 Ἢ
2735 809 2829 861 καὶ
2853 806 3133 878 προσώπῳ
3157 805 3251 859 τοῦ
3284 809 3406 860 νέου
3433 806 3564 859 λαοῦ
3617 811 3796 861 ποιεῖς

2212 917 2303 952 ται
2331 898 2422 952 τὸν
2463 899 2620 967 λόγον
2661 913 2674 928 ⁸
2696 898 3040 969 Ἐπλανήθην
3065 899 3141 961 ὡς
3169 897 3445 968 πρόϐατον
3479 898 3794 963 ἀπολωλὸς,

2216 991 2292 1060 μὴ
2324 990 2420 1062 τὴν
2456 991 2626 1062 ὀρθὴν
2665 991 2853 1060 τρίϐον
2887 992 2990 1059 τῆς
3013 990 3304 1053 εὐσεϐείας
3333 991 3593 1059 βαδίζων,
3651 992 3797 1045 ἀλλά

2216 1083 2438 1146 σκολιάς
2497 1102 2650 1148 τινας
2681 1084 2778 1137 καὶ
2840 1085 3183 1156 πολυσχιδεῖς
3245 1085 3342 1138 καὶ
3393 1085 3671 1154 φερούσας
3713 1086 3798 1149 είς

2213 1176 2435 1248 ὄλεθρον
2453 1177 2675 1248 ἐμαυτῷ
2701 1170 3053 1248 τεμνόμενος.
3072 1179 3320 1248 Ζήτησον
3343 1179 3436 1231 τὸν
3459 1177 3647 1233 δοῦλόν
3667 1197 3794 1231 σου·

2220 1269 2293 1323 Τὰ
2313 1271 2635 1339 σύμπαντα
2655 1270 2782 1342 γὰρ,
2805 1272 2962 1342 φησὶ,
2981 1271 3176 1325 δοῦλα
3191 1271 3294 1324 σά.
3323 1271 3589 1341 Ζήτησον,
3617 1273 3645 1323 ὁ
3668 1288 3797 1324 ποι-

2218 1363 2326 1431 μὴν
2343 1366 2370 1414 ὁ
2394 1363 2581 1426 καλὸς,
2609 1364 2636 1415 ὁ
2659 1363 2831 1426 τιθεὶς
2853 1363 2950 1434 τὴν
2979 1363 3160 1434 ψυχὴν
3188 1365 3327 1434 ὑπὲρ
3349 1364 3458 1416 τῶν
3476 1364 3795 1433 προϐάτων,

2216 1457 2357 1507 κατὰ
2384 1456 2483 1524 τὴν
2513 1458 2571 1507 ὲν
2602 1455 2961 1524 Εὑαγγελίοις
2980 1456 3306 1528 παραϐολὴν
3332 1455 3425 1508 τοῦ
3452 1455 3798 1517 ἀπολωλότος

2217 1548 2515 1615 προϐάτου,
2540 1549 2632 1601 καὶ
2667 1549 2948 1616 συνάγαγε
2979 1551 3059 1610 είς
3085 1547 3184 1616 τὴν
3217 1548 3462 1617 μάνδραν
3492 1564 3608 1599 σου.
3637 1547 3714 1599 Τὸ
3742 1547 3800 1600 δὲ

2215 1641 2342 1709 ἑξῆς
2369 1639 2676 1707 ἀντιλέγειν
2707 1640 2876 1694 δοκεῖ.
2934 1640 3389 1694 Ἐπιλανθάνεται
3436 1641 3548 1708 γὰρ
3600 1641 3700 1708 οὐχ
3767 1641 3798 1692 ὁ

2220 1735 2385 1800 μήπω
2405 1731 2592 1800 μαθὼν
2608 1732 2705 1796 τὰς
2727 1730 2970 1795 ἐντολὰς,
3001 1731 3116 1785 ἀλλ’
3134 1734 3162 1785 ὁ
3188 1732 3358 1785 πάλαι
3381 1733 3586 1794 ταύτας
3616 1749 3683 1800 με
3693 1749 3800 1800 μα-

529 1802 734 1856 dicitur
767 1808 1153 1863 mandatorum
1201 1810 1290 1864 Dei
1327 1813 1372 1866 is
1399 1816 1490 1881 qui
1525 1817 1764 1870 nuttdum
1796 1835 1858 1871 ea
1895 1819 2103 1885 dilicit,

2219 1822 2426 1892 θηκὼς,
2477 1826 2526 1876 εί
2579 1825 2652 1894 μή
2687 1842 2768 1886 τις
2803 1824 3198 1895 ἀντιχρονικῶς
3227 1824 3510 1894 ὲρμηνεύῃ
3539 1824 3607 1876 τὰ
3630 1825 3795 1894 ῥητά.

525 1893 622 1946 sed
653 1897 743 1964 qui
797 1913 859 1950 ea
916 1899 1044 1952 olim
1089 1901 1315 1957 edoctus
1363 1915 1468 1970 est,
1526 1909 1630 1961 nisi
1693 1912 1816 1978 quis
1875 1912 2110 1966 fortasse

524 1996 742 2056 tempus
779 1989 882 2044 hoc
939 1991 993 2044 in
1047 1993 1170 2047 loco
1226 1997 1467 2064 positum
1520 2018 1644 2056 esse
1705 2004 1848 2058 dicat
1911 2021 2008 2075 pro
2068 2016 2313 2076 tempore

523 2080 728 2138 viscar.

983 2191 1260 2250 Canticum
1312 2216 1652 2254 ascemuum.

1085 2289 1409 2349 PSALMUS
1437 2293 1630 2347 CXIX.

590 2367 917 2435 Quindecim
966 2377 1080 2433 haec
1119 2383 1334 2435 cantica
1391 2384 1640 2458 eamdem
1675 2385 2120 2446 prorsusiuscri‘

520 2462 759 2530 plionem
778 2467 1254 2532 habent.videlicet
1271 2475 1547 2530 Canticum
1567 2495 1876 2532 ascensuum
1898 2479 2110 2546 veljux-

522 2555 743 2608 taalium
768 2559 1146 2626 interpretem,
1174 2565 1459 2619 Canticum
1499 2570 1891 2621 ascensionum.
1917 2569 2114 2637 Hujus-

518 2645 666 2698 modi
681 2656 860 2703 autem
876 2649 1258 2719 iucriptionem
1281 2657 1470 2710 sortita
1485 2660 1764 2728 sunl,quia
1783 2661 2031 2728 captivos
2051 2662 2106 2716 in

518 2733 794 2807 Babylone
809 2740 1030 2798 Judaaos
1049 2762 1380 2802 ascensuros
1401 2765 1525 2804 esse
1546 2753 1847 2817 praedicunt
1872 2753 1924 2806 in
1958 2752 2111 2808 Jeru-

518 2829 1014 2890 salem.COntinent
1034 2853 1269 2908 namque
1287 2841 1602 2908 hujusmodi
1620 2845 1984 2909 materiam,et
2003 2854 2113 2900 tra-

517 2921 656 2977 dunt
673 2927 948 2993 quomodo
968 2929 1040 2982 illi
1055 2939 1184 2986 tunc
1200 2934 1253 2985 in
1279 2935 1594 3003 captivitate
1614 2938 1921 3000 constituti,
1939 2937 2106 2992 Deum

516 3020 852 3086 rogaveriut,
886 3035 949 3074 ac
1006 3023 1222 3078 tandem
1240 3026 1308 3080 ab
1327 3041 1391 3081 eo
1409 3029 1675 3092 exauditi,
1695 3047 1848 3084 suam
1874 3033 2104 3099 patriam

2219 1913 2336 1966 037.
2370 1913 2739 1984 ἐπελαθόμην,
2771 1914 2888 1966 ἀντὶ
2919 1913 3036 1979 τοῦ,
3078 1914 3177 1967 οὐκ
3205 1915 3560 1984 ἐπιλήσομαι.

2357 2005 2534 2061 :Non
2615 2023 2739 2062 sum
2812 2006 3055 2072 oblitus,
3121 2007 3226 2062 hoc
3295 2016 3403 2072 est,
3448 2008 3566 2062 Non
3653 2005 3800 2061 obli-

2619 2195 2755 2268 ᾨδὴ
2805 2194 2922 2249 τῶν
2974 2195 3345 2264 ἀναϐαθμῶν.

2751 2287 3050 2341 ΨΑΛΜΟΣ
3077 2285 3222 2340 ΡΙΘἏ

2293 2381 2698 2436 Πεντεκαίδεκα
2731 2383 2830 2452 μὲν
2853 2374 3018 2436 αὗται
3053 2381 3284 2453 αἱῴδαί.
3323 2382 3469 2436 Μίαν
3513 2383 3571 2436 δὲ
3620 2386 3795 2437 πᾶσαι

2217 2471 2316 2542 τὴν
2338 2473 2656 2543 ἐπιγραφὴν
2703 2475 2926 2542 ἔχουσιν
2959 2489 2973 2504 ⁶
3019 2473 3156 2544 ’ῼόὴ
3197 2474 3314 2527 τῶν
3343 2475 3727 2544 ἀναϐαθμῶν,
3765 2477 3800 2548 ἢ

2219 2564 2341 2615 καθ’
2373 2563 2561 2634 ἓτερον
2604 2566 2978 2634 ὲρμηνευτὴν,
3037 2566 3177 2636 ’ῼδὴ
3226 2565 3347 2619 τῶν
3402 2569 3797 2623 ἀναϐάσεωνο

2217 2655 2364 2718 τινὲς
2412 2656 2467 2708 δὲ
2523 2657 2644 2710 τῶν
2701 2656 3062 2726 ἀναϐαθμῶν
3121 2661 3575 2728 ἀναγινώσκουσι,
3631 2678 3800 2730 περι-

2219 2748 2490 2812 σπῶντες.
2568 2749 2799 2820 Ἔλαχον
2823 2752 2880 2804 δὲ
2929 2752 3030 2823 τὴν
3089 2753 3260 2822 αὐτὴν
3311 2755 3653 2824 ἐπιγραςὴν,
3705 2756 3795 2809 ὃτι

2217 2841 2348 2910 περὶ
2405 2842 2508 2910 τῆς
2535 2843 2600 2894 ἐκ
2639 2844 2963 2907 Βαϐυλῶνος
2991 2845 3129 2916 πρὸς
3171 2845 3533 2916 Ἰερουσαλὴμ
3586 2848 3798 2900 ἀναϐά-

2219 2956 2358 3002 σεως
2389 2939 2500 2992 τῶν
2535 2943 2656 2992 ἐκεῖ
2693 2941 3146 3011 κατασχεθέντων
3193 2940 3560 3012 αἰχμαλώτων
3581 2961 3800 3014 προφη-

2214 3031 2467 3083 τεύουσιο
2510 3033 2630 3093 πῶς
2656 3035 2712 3085 ὲν
2738 3032 2914 3102 θλίψει
2967 3033 3123 3095 ὄντες
3172 3037 3460 3086 ἱκέτευσαν
3493 3034 3587 3088 τὸν
3623 3035 3797 3086 Θεὸν*

517 3111 920 3177 receperint.Et
940 3114 1210 3183 incipiunt
1232 3119 1452 3185 quidem
1469 3135 1496 3172 a
1516 3120 1756 3176 clamore
1772 3134 1973 3191 atqnea
1989 3139 2103 3191 pre-

2216 3124 2311 3175 καὶ
2345 3123 2795 3189 είσακουσθέντες
2828 3125 3104 3178 ἀπέλαϐον
3130 3125 3229 3197 τὴν
3263 3127 3472 3179 ἑαυτῶν
3528 3128 3796 3196 πατρίδα.

511 3200 698 3263 cibus.
719 3219 858 3269 quas
879 3203 946 3257 ad
970 3205 1136 3258 Deum
1186 3207 1514 3277 fundebant,
1534 3228 1662 3267 cum
1679 3229 1742 3266 ea
1792 3215 2109 3268 calamitate

514 3303 906 3358 premerentur
933 3314 945 3348 :
971 3297 1131 3349 linem
1159 3312 1288 3352 vero
1314 3300 1708 3371 habentquiad
1731 3303 1860 3355 illud
1891 3312 2107 3373 tempus

515 3388 773 3453 pertinet,
817 3405 927 3457 quo
955 3392 1166 3460 integre
1209 3394 1263 3446 in
1309 3395 1541 3460 patriam
1578 3397 1820 3450 restituti
1856 3395 2101 3453 fuerunt.

513 3477 580 3531 Et
625 3481 728 3534 hoc
773 3482 996 3548 quidem
1063 3487 1367 3540 secundum
1445 3488 1756 3543 historiam.
1791 3489 1952 3544 Juxta
1976 3506 2112 3544 ana-

513 3582 691 3636 gogen
723 3585 872 3634 vero,
943 3574 1256 3642 hujusmodi
1311 3577 1730 3648 inscriptionem
1767 3582 1968 3635 habent
1993 3585 2108 3636 haec

510 3661 756 3727 cantica,
822 3664 950 3732 quia
1010 3668 1154 3720 inter
1227 3681 1455 3726 caeteros
1495 3673 1739 3739 psalmos
1792 3669 2102 3740 llujUSInodi

513 3756 812 3822 pracipue,
877 3755 973 3810 Dei
1032 3761 1296 3828 populum
1376 3779 1404 3816 a
1448 3765 1748 3832 Babylone,
1785 3766 1888 3821 hoc
1940 3777 2043 3832 est,
2074 3783 2103 3822 λ

509 3849 696 3900 surculi
746 3849 908 3917 hujus
956 3853 1308 3920 confusione,
1354 3859 1443 3910 ubi
1499 3859 1554 3912 in
1587 3861 1911 3928 passionum
1937 3872 2102 3930 atque

511 3941 566 3992 in
619 3940 918 3996 aﬂ'ectuum
999 3947 1265 4002 servitute
1312 3950 1564 4017 captivus
1619 3950 2001 4017 detinebalur,
2033 3955 2102 4009 ad

511 4049 810 4102 supernam
868 4037 1149 4092 deducunt
1188 4039 1519 4096 Jerusalem.
1570 4041 1902 4114 Quicunque
1947 4050 2098 4101 enim

509 4123 706 4194 legerit
778 4137 946 4196 atque
1017 4132 1378 4200 intellexerit,
1416 4147 1624 4204 quanto
1691 4139 1955 4207 antiquus
2011 4140 2102 4195 ille

509 4218 748 4287 populus
790 4222 1073 4277 terrestris
1129 4223 1437 4280 Jerusalem
1477 4236 1760 4283 teneretur
1791 4231 2096 4298 desiderio,

507 4319 565 4364 et
598 4313 876 4378 quomodo
917 4313 1347 4384 lamentabatur,
1396 4331 1453 4374 et
1543 4322 1738 4391 quales
1793 4324 1860 4377 ad
1927 4324 2096 4378 Deum

506 4405 794 4460 emittebat
855 4422 1036 4473 voces,
1085 4426 1334 4479 quanam
1400 4415 1563 4469 etiam
1632 4416 1842 4472 diceret
1904 4417 2092 4482 verba,

2217 3216 2325 3268 Καὶ
2367 3218 2626 3286 ἄρχονται
2662 3217 2762 3287 μὲν
2785 3219 2893 3271 ἀπὸ
2925 3219 3024 3286 τῆς
3047 3221 3105 3271 ὲν
3129 3219 3206 3289 τῷ
3235 3219 3518 3272 θλίϐεσθαι
3543 3223 3798 3289 κραυγῆς

2213 3311 2307 3362 καὶ
2341 3308 2581 3378 δεήσεως
2607 3310 2742 3380 πρὸς
2767 3311 2898 3364 Θεόν
2919 3327 2933 3341 ⁸
2959 3329 3022 3364 συ
3033 3313 3444 3384 μπερατοῦνται
3483 3313 3538 3366 δὲ
3570 3314 3663 3366 ἐπὶ
3691 3317 3798 3380 τὴν

2211 3400 2430 3453 τελείαν
2458 3403 2538 3457 εἰς
2567 3402 2666 3472 τὴν
2727 3403 3092 3474 Ἰερουσαλὴμ
3143 3405 3620 3458 ἀποκατάστασιν.
3675 3407 3798 3460 Καὶ

2210 3490 2354 3544 οὕτω
2381 3494 2479 3562 μὲν
2503 3495 2623 3548 καθ’
2647 3497 2885 3560 ἱστορίαν
2911 3512 2927 3527 ⁸
2985 3497 3126 3549 κατὰ
3161 3497 3215 3549 δί
3246 3497 3565 3566 ἀναγωγὴν,
3628 3499 3797 3567 ἔσχον

2209 3585 2470 3653 τοιαύτην
2500 3588 2836 3658 ἐπιγραφὴν,
2867 3589 2944 3655 ώς
3013 3589 3250 3658 μάλιστα
3298 3590 3409 3642 τῶν
3439 3589 3614 3644 ἄλλων
3651 3590 3798 3658 Qui.

2213 3676 2330 3745 μῶν
2359 3678 2660 3745 ἀνάγουσαι
2721 3679 2816 3733 τὸν
2875 3680 3002 3734 λαὸν
3044 3681 3137 3734 τοῦ
3191 3681 3330 3734 Θεοῦ
3384 3681 3492 3734 ἀπὸ
3539 3685 3636 3751 τῆς
3683 3683 3796 3734 Βα-

2209 3769 2472 3836 ϐυὶῶνος,
2504 3773 2624 3838 ἦτοι
2659 3773 2759 3841 τῆς
2799 3773 2895 3826 τοῦ
2944 3775 3214 3846 παρόντος
3273 3774 3386 3843 βίον
3449 3775 3798 3844 συγχύσεως,

2207 3864 2573 3933 αίχμάλωτον.
2609 3866 2691 3927 είς
2718 3867 2967 3921 δουλείαν
2993 3867 3102 3919 τῶν
3132 3867 3322 3922 παθῶν
3352 3866 3590 3921 ἐνταῦθα
3621 3884 3792 3920 κατε-

2206 3955 2616 4028 χόμενο·θ,πρὸς
2658 3958 2757 4020 τὴν
2785 3957 2901 4012 ἀνω
2939 3959 3320 4032 Ἰερουσαλήμ.
3371 3958 3800 4028 Ἀναγινώσκων

2205 4049 2311 4116 γὰρ
2337 4049 2538 4111 ταύτας
2567 4052 2660 4101 καὶ
2693 4050 3093 4118 διαγινώσκων,
3133 4048 3248 4106 οἷον
3282 4044 3442 4122 εἶχεν
3497 4054 3717 4116 ἐκεῖνος
3766 4054 3798 4106 ὁ

2205 4139 2331 4202 λαός
2366 4139 2545 4209 ἔρωτα
2569 4141 2669 4210 τῆς
2709 4142 3089 4213 Ἰερουσαλὴμ,
3111 4145 3207 4197 καὶ
3228 4145 3379 4207 ὅπως
3406 4146 3655 4215 ἐθρήνει,
3696 4145 3798 4197 καὶ

2202 4230 2317 4292 οἵας
2351 4229 2506 4298 ἠφίει
2543 4229 2682 4301 πρὸς
2709 4230 2844 4284 Θεὸν
2880 4235 3089 4300 φωνὰς,
3127 4234 3222 4288 καὶ
3245 4229 3338 4286 οἷα
3393 4233 3588 4300 ἔλεγεν
3654 4235 3796 4288 ἀνα·

2201 4321 2460 4391 γόμενος,
2481 4323 2577 4375 καὶ
2595 4323 2694 4376 ὅσα
2722 4323 2832 4376 τῶν
2866 4324 3022 4394 ᾠδῶν
3048 4326 3280 4388 τούτων,
3325 4325 3798 4396 διαθερμαίνεται

2203 4415 2298 4468 καὶ
2315 4415 2477 4478 αὐτὸς
2508 4418 2646 4486 πρὸς
2667 4416 2847 4488 ἔρωτα
2878 4420 3111 4491 σφοδρὸν
3145 4422 3244 4490 τῆς
3275 4419 3794 4490 ἄνωῚερουσαλήμ.

507 4515 633 4552 cum
669 4502 800 4555 illuc
845 4502 1226 4569 reduceretur,
1261 4519 1426 4576 atque
1475 4525 1540 4563 ea
1592 4509 1832 4579 denique
1887 4511 2093 4575 omnia,
2138 4525 2259 4578 quae
2326 4510 2378 4562 in
2426 4508 2512 4563 his
2563 4511 2796 4566 canticis
2846 4513 3254 4569 continentur:
3309 4513 3592 4598 ardentior
3664 4531 3800 4586 pro-

510 4590 650 4642 ferto
702 4602 754 4642 et
803 4589 921 4659 ipse
997 4595 1277 4661 reddetur,
1335 4612 1386 4652 et
1452 4601 1851 4655 vehementiori
1889 4617 2076 4656 amore
2115 4599 2649 4669 “agn-abitsnpcrnre
2679 4617 2745 4656 ac
2775 4604 3019 4660 caalestis
3052 4589 3380 4660 Jerusalem.

577 4681 743 4734 Vsus.
784 4683 832 4733 i.
863 4681 946 4734 Ad
986 4683 1265 4738 Dominum
1306 4705 1423 4742 cum
1488 4691 1776 4744 tribularer
1832 4692 2084 4756 clamaui,

2267 4694 2424 4759 Πρὸς
2453 4694 2674 4759 Κύριον
2699 4695 2770 4748 ἐν
2801 4693 2883 4760 τῷ
2913 4697 3228 4751 θλίϐεσθαι
3235 4713 3314 4764 με
3329 4695 3651 4763 ἐκέκραξα,
3685 4699 3792 4752 καί

505 4774 854 4857 “exaudiuit
896 4793 995 4828 me.
1022 4778 1080 4830 In
1111 4781 1446 4847 captivitatis
1496 4783 1708 4838 scilicet
1760 4785 2093 4848 calamitate,

505 4877 674 4929 quam
711 4864 763 4917 in
795 4864 1072 4937 Babylone
1120 4871 1379 4926 suStinui.
1414 4875 1720 4931 Clamorem
1763 4886 1946 4931 autem
1977 4892 2086 4931 non

506 4955 622 5009 oris
654 4956 932 5028 intelligit,
995 4962 1090 5016 sed
1121 4966 1318 5019 anima:
1365 4968 1524 5022 valde
1580 4969 1841 5034 dolentis,
1878 4979 1932 5026 et
1957 4985 2094 5024 con-

505 5053 674 5114 gritze,
709 5059 873 5121 atque
900 5053 969 5107 ad
1021 5055 1198 5110 solum
1260 5055 1438 5113 Deum
1491 5060 1736 5125 intentat,
1797 5066 1891 5132 qui
1943 5064 2095 5119 solus

502 5143 724 5208 eripere
775 5145 1050 5200 hominem
1107 5159 1285 5216 potest
1347 5166 1374 5202 a
1433 5153 1717 5219 periculis.
1769 5153 2096 5220 Hujusmodi

505 5236 707 5288 ctenim
769 5239 963 5292 anima:
1021 5241 1314 5296 clamorem
1368 5247 1552 5297 statim
1635 5249 1863 5302 exaudit
1921 5249 2090 5302 Deus.

500 5323 681 5382 Verba
725 5341 906 5385 autem
941 5333 1054 5388 haac
1109 5351 1173 5388 ex
1211 5337 1452 5390 tldelium
1477 5340 1641 5393 etiam
1678 5356 1914 5410 persona
1945 5340 2094 5395 dicta

499 5435 624 5474 esse
659 5432 910 5490 possunt.

575 5511 709 5569 Vsa.
747 5517 800 5570 2.
845 5519 1085 5579 Domine,
1138 5522 1280 5589 eripe
1321 5523 1558 5575 animant
1605 5539 1777 5576 nteant
1830 5542 1864 5577 a
1928 5525 2082 5580 labiis

503 5601 745 5670 iniustis,
802 5599 859 5661 ρι’
886 5627 918 5661 a
950 5615 1129 5678 lingua
1169 5612 1376 5664 dolosa.
1434 5612 1544 5666 Hoc
1575 5625 1678 5677 est,
1714 5615 1858 5682 quod
1885 5632 1913 5669 a
1969 5616 2081 5672 Ι)ιό

504 5697 662 5761 petiit
695 5715 818 5753 cum
861 5703 1140 5757 clamaret.
1184 5703 1274 5758 Vel
1317 5706 1421 5759 hoc
1473 5722 1578 5760 una
1613 5724 1736 5761 cum
1786 5708 1933 5774 aliis,
1960 5726 2081 5780 quae

510 5783 743 5842 inferius
775 5794 1084 5857 postulasse
1116 5813 1239 5851 eum
1296 5797 1620 5856 videbimus.
1661 5802 1760 5856 l‘cr
1812 5802 1952 5858 labia
1979 5819 2076 5858 au—

2203 4785 2536 4853 είσήκουσέ
2564 4805 2706 4855 μου.
2774 4787 2864 4840 Ἑν
2904 4791 2969 4858 τῇ
3007 4787 3185 4857 θλίψει
3245 4789 3344 4859 τῆς
3399 4790 3793 4860 αἰχμαλωσίας

2203 4878 2418 4947 καὶτῆς
2448 4880 2656 4932 ἐκεῖθεν
2679 4880 3078 4944 κακοπαθείας.
3103 4881 3370 4955 Κραυγὴν
3400 4882 3456 4935 δὲ
3485 4883 3637 4950 λέγει
3684 4883 3788 4951 τὴν

2202 4971 2268 5023 ὲκ
2302 4971 2613 5025 κατωδύνου
2642 4971 2824 5042 ψυχῆς
2857 4975 2954 5028 καὶ
2990 4976 3469 5045 συντετριμμένης
3499 4977 3598 5028 καὶ
3619 4995 3790 5034 τετα-

2205 5061 2374 5132 μὲνης
2391 5062 2522 5133 πρὸς
2558 5064 2720 5132 μόνον
2747 5064 2838 5116 τὸν
2862 5065 3163 5132 δυνάμενον
3194 5065 3440 5135 ῥύεσθαι,
3477 5061 3546 5136 ἦς
3572 5068 3786 5134 εὐθέως

2201 5154 2462 5207 ἐπακούει
2480 5154 2632 5218 Θεὸς.
2657 5155 2939 5225 Προσώπῳ
2969 5157 3022 5210 δὲ
3040 5156 3134 5211 τοῦ
3153 5157 3546 5227 εὐσεϐεστέρου
3579 5161 3788 5232 μέρους

2195 5245 2245 5296 οί
2279 5246 2450 5314 λόγοι.

2265 5527 2458 5596 Κῦριε,
2483 5529 2672 5596 ῥῦσαι
2703 5531 2818 5600 τὴν
2841 5534 3054 5602 ψυχήν
3077 5553 3189 5605 μοι
3223 5537 3344 5592 ἀπὸ
3374 5536 3626 5606 χειλέων
3643 5537 3782 5592 ἀδί-

2194 5636 2315 5671 κων
2353 5622 2450 5673 καὶ
2510 5623 2630 5676 ἀπὸ
2682 5626 2974 5694 γλώσσης
3026 5627 3259 5694 δολίης.
3308 5627 3542 5699 Κράζων
3616 5628 3780 5681 τοῦτο

2192 5709 2428 5778 ηὔξατοο
2469 5713 2500 5784 ἢ
2535 5716 2673 5782 μετὰ
2703 5717 2811 5770 τῶν
2860 5717 3036 5772 ἄλλων
3095 5719 3189 5773 καὶ
3224 5719 3405 5773 τοῦτο.
3478 5719 3643 5788 Χείλη
3698 5719 3759 5772 δὲ

2187 5803 2346 5856 ἀδικα
2391 5805 2460 5860 τὰ
2498 5807 2712 5864 ἀδικίαν
2751 5813 2829 5876 εἰς
2861 5812 2920 5864 τὸ
2953 5811 3083 5881 ὕψος
3106 5812 3396 5879 λαλοῦντα,
3418 5813 3493 5877 ὡς
3514 5815 3569 5866 ἐν
3591 5811 3665 5882 τῷ
3691 5809 3778 5882 οβ’
