4102 6206
303 222 438 291 1185

1465 223 1855 285 COMMENT.
1901 222 1983 283 IN
2023 220 2385 283 PSALMOS.

3405 221 3547 285 1186

296 338 501 410 ψαλμῷ
549 336 888 409 γέγραπται,
948 337 1079 394 ἔνθα
1142 338 1206 393 τὸ
1233 338 1476 392 ’Δδικξαν
1522 339 1604 401 εἰς
1653 337 1716 390 τδ
1745 336 1878 407 ὕψος

1996 349 2091 390 tem
2137 332 2365 402 injuste,
2418 344 2480 386 ea
2508 328 2782 400 intelligit,
2848 344 2970 402 qua:
3001 327 3328 398 iniustitiam
3363 331 3418 387 in
3443 334 3556 387 alto

299 431 599 501 ᾶλάλησαν,
630 431 728 486 καὶ
751 430 823 485 τὰ
848 430 961 485 τῶν
984 430 1372 501 συκοφαντῶν,
1402 431 1500 484 καὶ
1552 427 1740 493 ἁπλῶς
1767 428 1878 482 τῶν

303 520 640 592 παρανόμων
669 521 910 578 πάντων.
939 521 1168 577 Γλῶσσα
1188 522 1249 578 δὲ
1272 521 1424 577 δολία
1453 520 1488 592 ἢ
1517 519 1701 577 αὐτῶν
1747 519 1877 575 τού-

302 628 433 678 των,
460 611 494 684 ἢ
509 612 620 665 τῶν
635 610 896 666 ὲπιδουλε
904 611 1132 669 υόντων.

313 930 321 938 _
380 877 443 929 Tt
461 875 662 944 δοθείη
681 891 799 940 σοι,
818 876 919 931 καὶ
939 877 999 931 τί
1022 858 1383 945 apameaqu
1396 891 1497 931 σοι
1513 876 1663 945 πρὸς
1682 877 1882 944 γλῶσ-

304 984 427 1035 σαν
451 968 703 1032 δο.ἶίιιν;
737 968 966 1037 ’Έτερος
995 970 1051 1023 δέ
1087 987 1254 1040 φησιν
1284 968 1659 1040 ἑρμηνευτὴς,
1699 970 1760 1024 Τί
1782 967 1883 1022 «⁷30⁴

306 1056 558 1123 θήσεται
626 1072 746 1119 σοι,
791 1057 892 1111 και
940 1059 1001 1112 τι
1055 1058 1537 1126 προστεθήσεται
1575 1072 1678 1112 σοι
1733 1058 1883 1126 πρὸς

309 1150 599 1218 γλῶσσαν
621 1149 838 1203 δολίαν
854 1164 876 1213 ;
904 1150 1048 1221 Πρὸς
1075 1152 1184 1221 γὰρ
1213 1151 1303 1204 τὸν
1327 1150 1639 1203 ἱκετεύοντα
1665 1150 1696 1203 ὁ
1743 1166 1883 1218 atpo-

310 1242 485 1309 φήτης
512 1240 867 1311 ἀποκρίνεται
900 1243 1308 1313 πυνθανόμενος
1340 1242 1406 1296 Τί
1465 1242 1751 1313 δοθήσεται
1801 1260 1884 1296 σοι

309 1333 402 1384 καὶ
430 1332 936 1403 τίπροστεθήσεταί
986 1351 1071 1387 σοι
1121 1335 1460 1406 ἀμυντήριον
1508 1331 1645 1406 πρὸς
1703 1333 1884 1402 γλῶσ-

309 1439 409 1474 σαν
431 1423 610 1476 δολίαν
637 1442 652 1491 ;
696 1425 981 1495 Ἐμφαῑνει
1011 1426 1068 1480 δὲ
1090 1427 1119 1480 ό
1151 1426 1307 1494 λόγος
1355 1426 1390 1496 ἦ
1420 1428 1504 1481 ὅτι
1531 1422 1884 1493 δυσκαταγώ-

307 1531 490 1580 νιστος
552 1515 693 1586 αῦτη
739 1517 827 1571 διὰ
892 1518 1158 1589 πονηρίας
1216 1516 1621 1589 ὑπερϐολὴν,ἢ
1672 1517 1755 1569 ὅτι
1822 1515 1885 1568 οὐ

308 1608 467 1677 χρεεα
527 1625 609 1661 σοι
655 1610 1032 1681 ἀμυντηρίου·
1070 1608 1208 1679 αὕτη
1262 1610 1371 1681 γὰρ
1416 1609 1451 1679 ἠ
1490 1607 1735 1680 δολιότης
1782 1606 1883 1679 ἀρα

308 1697 481 1751 κοῦσα
504 1698 601 1752 τοῦ
627 1699 801 1752 δολίου
833 1701 1099 1771 τιμωρία.

384 1881 461 1936 Τὰ
510 1880 669 1949 ,ϐέλη
737 1880 847 1937 τοῦ
897 1879 1163 1937 δυνατοῦ
1210 1879 1561 1951 ἠκονημένα
1590 1878 1719 1936 σὺν
1764 1878 1893 1947 τοῖς

310 1970 560 2039 ὔνθραει
592 1971 717 2037 τοῖς
766 1971 1089 2042 ἐρημικοῖς.
1142 1974 1252 2028 Καὶ
1294 1972 1455 2026 τοῦτο
1522 1972 1658 2043 πρὸς
1708 1988 1892 2041 παρη·-

312 2063 504 2133 γορξαν
530 2062 626 2117 τοῦ
660 2063 1020 2129 ἱκετεύοντος,
1050 2065 1126 2136 μὴ
1182 2064 1416 2135 ἀθυμεῖν
1472 2064 1888 2134 ὑποτιθέμενον.

315 2157 428 2209 Καὶ
459 2157 569 2227 γὰρ
604 2157 673 2210 τὰ
732 2156 861 2227 βέλη
913 2155 1011 2209 τοῦ
1065 2157 1295 2210 δυνατοῦ
1356 2155 1494 2210 Θεοῦ
1577 2157 1895 2228 ἠκονημένα

311 2246 456 2300 κατὰ
491 2247 824 2319 παρανόμων
880 2246 976 2301 καὶ
1003 2246 1199 2301 δολίων
1250 2247 1390 2318 μετὰ
1440 2245 1730 2318 ἀνθράκων
1762 2249 1896 2320 ἐρη-

319 2339 598 2408 μοποιῶν,
630 2338 772 2392 ὥστε
801 2340 1041 2411 τέμνειν,
1072 2339 1171 2394 καὶ
1197 2341 1395 2407 καίειν,
1455 2340 1557 2395 καὶ
1610 2340 1895 2409 ἀφανίζειν

313 2430 535 2494 αὐτούς.
564 2430 704 2502 Βέλη
740 2430 799 2484 δὲ
856 2432 953 2485 καὶ
995 2432 1279 2503 ἄνθρακας
1326 2432 1426 2496 τὰς
1461 2432 1757 2509 διαιρόρους
1808 2450 1896 2486 τι-

315 2521 534 2593 μωρίας
566 2522 870 2592 ὠνόμασεν.
920 2523 1182 2595 Ἐνόησαν
1211 2522 1267 2577 δέ
1315 2539 1456 2587 τινες
1506 2524 1735 2576 δυνατὸν
1796 2524 1897 2594 μὲν

316 2616 412 2668 τὸν
451 2614 717 2683 διάσολον,
770 2613 847 2679 ώς
895 2614 1265 2685 κατισχύοντα
1313 2613 1422 2669 τῶν
1478 2615 1892 2687 ῥᾳθυμούντων·

315 2706 453 2778 τβέλη
481 2707 536 2760 δὲ
566 2706 734 2763 αὐτοῦ
765 2707 1082 2778 ἠκονημένα
1112 2706 1229 2777 μετ’
1265 2706 1559 2779 ἀνθράκων
1603 2708 1894 2777 ἁφανιστι-

322 2797 440 2853 κῶν
483 2801 612 2863 τοὺς
662 2800 936 2868 ἐμπαθεῖς
976 2800 1293 2872 λογισμοὺς,
1327 2799 1496 2864 ὀξέως
1530 2800 1896 2866 εἰσδύνοντας,

322 2893 420 2946 καὶ
443 2892 913 2963 ὲμπιμπρῶντας,
961 2891 1056 2945 καὶ
1100 2889 1469 2960 ἀφανίζοντας
1525 2890 1627 2961 τὴν
1672 2891 1895 2961 ἀρετήν·

1979 426 2302 496 loquuutur,
2357 422 2822 493 quemadmodum
2871 423 2924 477 in
2995 437 3147 477 usu
3176 424 3387 492 psalmo
3412 424 3556 481 acri-

1980 527 2133 588 ptum
2172 525 2294 584 est;
2330 515 2415 570 vel
2472 516 2949 583 calumniantium,
2984 524 3040 572 et
3079 517 3396 586 iniquorqu
3456 518 3559 570 ho-
3666 558 3689 570 λ

1981 610 2188 663 minum
2217 608 2379 663 labia.
2436 606 2704 676 Linguam
2746 608 2911 662 etiam
2962 609 3207 663 dolwsam
3240 607 3557 663 earumdem

1981 700 2221 770 linguam
2316 698 2573 769 appellat,
2663 698 2748 752 v.21
2824 699 3108 770 speciatim
3174 698 3561 756 insidiatorum

1980 790 2239 860 linguam.
2786 824 2791 828 ο

2060 877 2228 935 Vsus.
2257 879 2311 934 ὅ.
2354 877 2495 944 Quid
2516 878 2672 933 detur
2695 877 2790 932 tibi
2805 884 2855 933 et
2881 878 3010 949 quid
3036 889 3334 949 apponatur
3365 879 3462 934 tibi
3492 896 3561 933 aa

1982 969 2220 1039 linguam
2242 970 2527 1028 dolosam?
2585 971 2738 1026 Alius
2775 972 3044 1041 interpres
3094 973 3326 1053 reddidit
3363 989 3381 1027 :
3417 971 3560 1038 Quid

1983 1064 2201 1119 dabitur
2225 1065 2341 1130 tibi,
2360 1066 2558 1136 etquid
2587 1075 2885 1135 apponatur
2903 1067 2929 1120 ?
2956 1067 3035 1120 Ad
3059 1066 3237 1134 ipsum
3261 1066 3410 1119 enim
3429 1079 3566 1135 sup-

1987 1156 2275 1227 plicantem
2294 1158 2558 1227 Propheta
2572 1173 2882 1215 sermonem
2899 1158 3173 1214 convertit
3188 1158 3560 1228 interrogans,

1986 1258 2235 1314 quamam
2267 1243 2318 1301 ei
2348 1244 2624 1309 defensio,
2655 1259 2753 1300 seu
2786 1260 3035 1314 qua-nam
3071 1247 3293 1301 dabitur
3321 1245 3563 1300 vindicta

1990 1334 2254 1388 adversus
2312 1333 2560 1388 dolosam
2610 1335 2856 1405 linguam
2910 1336 3077 1390 illam.
3128 1335 3195 1389 Et
3232 1335 3566 1405 ;signilicare

1989 1426 2151 1483 nobis
2179 1426 2397 1482 videtur
2426 1426 2532 1480 hoc
2581 1442 2874 1492 sermone,
2919 1427 3005 1483 vel
3054 1429 3200 1498 quod
3249 1423 3569 1497 huiusmodi

1991 1519 2173 1591 lingua
2205 1520 2275 1573 ob
2300 1534 2572 1573 summam
2629 1533 2786 1573 suam
2816 1520 3211 1590 malignitatem
3252 1519 3571 1575 difﬁcillime

1992 1612 2194 1683 poterit
2216 1611 2469 1682 superari
2493 1648 2509 1675 ,
2547 1610 2634 1666 vel
2660 1600 2808 1681 quod
2837 1610 2984 1665 nulla
3017 1610 3066 1665 ei
3112 1609 3435 1666 defensioue
3471 1622 3569 1665 aut

1918 1678 1963 1734 Β
1994 1678 2234 1759 νίιιιίἱειο
2270 1678 2543 1758 adversus
2578 1678 2744 1757 talem
2792 1701 3036 1772 linguam
3083 1714 3227 1772 opus
3272 1711 3398 1757 est:
3443 1715 3568 1755 CIIII)

1994 1794 2189 1850 dolose
2214 1794 2419 1849 homini
2453 1795 2613 1848 dolus
2646 1793 2764 1863 ipse
2793 1793 2929 1850 satis
2957 1793 3138 1863 ampla
3168 1793 3240 1848 sit
3271 1806 3457 1861 paena.

2077 1886 2241 1943 Vnus.
2273 1886 2329 1942 4.
2356 1885 2580 1956 Sagitta:
2618 1887 2843 1955 potentis
2887 1894 3060 1940 acuta
3089 1901 3207 1939 cum
3253 1884 3571 1941 carbonibus

1993 1980 2354 2035 desolatoriis.
2391 1979 2507 2033 Hoc
2535 1981 2702 2035 etiam
2727 1993 2759 2033 a
2785 1977 3054 2048 Propheta
3084 1979 3150 2032 ad
3198 1979 3568 2049 supplicantis

1995 2072 2176 2142 populi
2202 2070 2637 2127 consolationem
2687 2070 2897 2126 dictum
2949 2079 3027 2126 est
3057 2110 3072 2135 ,
3125 2071 3215 2125 cui
3250 2071 3338 2126 his
3386 2072 3571 2129 verbis

1996 2162 2229 2218 suadere
2256 2162 2470 2227 nititur,
2508 2162 2839 2217 tristandum
2870 2162 2919 2217 ei
2949 2162 3175 2217 minime
3220 2177 3345 2219 esse
3367 2202 3383 2226 ,
3447 2179 3570 2219 cum

1997 2254 2235 2325 potentis
2270 2253 2363 2307 Dei
2407 2253 2619 2321 sagittae
2657 2261 2835 2307 acutae
2878 2251 3097 2308 eﬂ‘ectae
3140 2254 3252 2309 sint
3304 2255 3574 2312 adversus

1997 2344 2221 2414 iniquos
2312 2353 2370 2398 et
2396 2343 2622 2399 dolosos
2647 2383 2662 2407 ,
2690 2352 2745 2399 et
2787 2357 2913 2399 cum
2968 2342 3319 2399 desolatoriis
3364 2346 3575 2414 pariter

1997 2436 2330 2492 carbonibus
2356 2443 2583 2506 paratae,
2655 2435 2729 2488 ita
2760 2442 2823 2488 ut
2857 2434 3029 2504 iniqui
3086 2434 3231 2489 ferro
3287 2436 3571 2500 credendi,

1997 2536 2164 2599 atque
2190 2530 2313 2597 igne
2362 2527 2628 2583 exureudi
2655 2566 2671 2593 ,
2727 2534 2785 2583 et
2813 2527 3032 2596 penitus
3061 2525 3277 2582 delendi
3304 2527 3449 2582 sint.
3473 2526 3577 2583 Per

1999 2619 2227 2690 sagittas
2256 2625 2436 2672 autem
2468 2625 2521 2671 et
2555 2616 2827 2672 carbones
2860 2617 3011 2671 varia
3045 2617 3446 2686 suppliciorum
3511 2632 3576 2673 ac

1996 2725 2289 2783 pinnarum
2325 2723 2523 2779 genera
2554 2708 2827 2779 intelligit.
2872 2708 3107 2774 Quidam
3148 2724 3281 2764 vero
3332 2724 3429 2778 per
3476 2725 3575 2780 po-

2000 2810 2207 2857 tentem
2242 2803 2346 2856 hoe
2373 2800 2426 2854 in
2463 2800 2586 2853 loco
2644 2798 2926 2853 diabolum
2960 2798 3266 2869 signiﬁcari
3295 2800 3583 2867 dixerunt,

2003 2904 2263 2964 tanquam
2290 2891 2713 2947 inralescentem
2734 2891 2999 2946 adversus
3023 2891 3355 2961 negligentes
3413 2906 3581 2963 atque

323 2982 420 3047 οὓς
476 2983 572 3037 καὶ
600 2985 626 3037 ό
673 2981 1001 3046 Ἀπόστολος
1047 2981 1178 3052 βέλη
1203 2983 1576 3053 πεπυρωμένα
1620 2982 1893 3037 ἐκάλεσεν.

2009 2988 2233 3051 inertes,
2252 2993 2307 3041 et
2329 3000 2426 3055 per
2446 2983 2672 3054 sagittas
2695 2998 2821 3038 cum
2843 2983 3179 3039 carbonibus
3196 2984 3569 3048 desolatoriis,

318 3072 459 3131 Εἶτα
476 3077 641 3131 πάλιν
668 3077 697 3129 ὁ
724 3075 880 3144 λόγος
899 3073 1008 3129 ἀπὸ
1039 3072 1133 3127 τοῦ
1153 3073 1531 3142 ἱκετεύοντος.⁵

2011 3079 2371 3152 cogitationes
2423 3093 2783 3149 quascunque
2840 3077 3159 3148 passionum
3224 3086 3388 3149 atque
3452 3079 3584 3134 alie-

316 3176 510 3224 ctuum
540 3168 750 3239 plenas.
814 3170 950 3225 Nam
979 3177 1033 3225 et
1063 3169 1175 3224 cito
1208 3173 1533 3243 sagittarum
1573 3173 1755 3231 instar
1803 3185 2195 3257 penetranttet
2218 3176 2544 3240 carbonum,
2593 3178 2696 3231 hoc
2755 3184 2863 3240 est,
2920 3174 3227 3230 ardentium
3282 3191 3582 3244 prunarum

316 3261 498 3318 instar
524 3262 847 3329 incendunt,
874 3269 930 3317 et
962 3262 1219 3319 virtutem
1244 3264 1429 3320 delent
1454 3284 1468 3319 :
1500 3268 1888 3340 quasqucipse
1924 3270 2093 3326 etiam
2122 3268 2433 3339 Apostolus
2452 3268 2723 3324 carbones
2749 3266 2891 3338 ignis
2929 3267 3222 3337 appellavit
3250 3265 3322 3323 “.

3379 3267 3590 3324 Deinde

323 3373 516 3415 rursus
545 3370 729 3413 sermo
751 3366 835 3411 est
866 3370 932 3410 ex
969 3372 1205 3427 persona
1249 3359 1612 3429 supplicantis
1665 3362 1852 3431 populi
1894 3361 2181 3431 (sequitur
2219 3358 2412 3422 enim)
2450 3375 2465 3413 :

395 3449 689 3519 αμοι,ὅτι
730 3451 771 3519 ἡ
816 3453 1098 3520 ampoutt'a
1139 3469 1262 3521 μου
1316 3455 1682 3523 ὲμακρύνθη.
1742 3456 1806 3510 Ἦ
1847 3456 1906 3509 ὲν

326 3541 637 3612 Βαϐυλῶνι,
678 3542 714 3615 ἦ
767 3543 827 3598 ἐν
882 3543 1234 3615 αἰχμαλωσίᾳ
1253 3559 1269 3577 θ
1301 3544 1635 3617 ἀποδύρεται
1685 3548 1796 3617 γὰρ
1847 3545 1909 3600 τὸ

329 3635 592 3698 mlum;
620 3635 814 3706 αὐτῆς.

400 3725 851 3796 Κατεσκήνωσα
878 3726 1028 3795 μετὰ
1067 3725 1186 3780 τῶν
1229 3728 1638 3797 σκηνωμάτων
1682 3727 1905 3797 Κηδὰρ.

329 3820 517 3876 Μέσον
541 3822 652 3873 τῶν
679 3820 1060 3888 σκηνωμάτων
1105 3820 1331 3891 Κηδὰρ’
1386 3821 1746 3875 ἀποκλαίεται
1800 3822 1910 3893 γὰρ

331 3912 430 3968 καὶ
481 3910 662 3966 τοῦτο.
691 3911 886 3981 Κηδὰρ
927 3910 985 3964 δὲ
1035 3909 1193 3982 χώρα
1237 3911 1319 3976 τίς
1368 3913 1485 3967 ἐστι
1528 3913 1908 3984 παρακειμένη

332 4005 725 4071 Βαϐυλωνίοις,
756 4006 1053 4076 οἰκήτορας
1089 4004 1292 4075 ἔχουσα
1344 4003 1668 4078 βδελυρούςο
1724 4006 1785 4058 ἐν
1830 3999 1913 4066 οἷς

335 4100 431 4154 καὶ
452 4100 651 4164 αὐτοὺς
678 4100 729 4153 οἱ
756 4098 1091 4153 Βαϐυλώνιοι
1129 4097 1366 4167 σκηνοῦν
1390 4097 1608 4164 ἔταξαν.
1652 4097 1807 4151 Ἐπεὶ
1850 4097 1910 4150 δὲ

2082 3454 2247 3511 Vsus.
2274 3455 2329 3510 ὅ.
2356 3453 2470 3508 Heu
2500 3454 2649 3516 mihi,
2675 3451 2802 3521 quia
2824 3452 3180 3520 peregrinatio
3221 3468 3337 3507 mea
3374 3453 3593 3520 prolon-

2002 3555 2133 3619 gata
2161 3555 2262 3601 est.
2298 3544 2359 3599 In
2392 3543 2673 3614 Babylone
2707 3543 2988 3604 nimirum,
3020 3557 3116 3597 seu
3143 3545 3197 3598 in
3250 3546 3592 3621 captivitate,

2008 3638 2167 3707 cujus
2189 3650 2336 3691 nunc
2367 3633 2785 3690 diuturnitatem
2814 3632 3087 3701 deplorat.

2080 3727 2334 3785 Habitari
2363 3741 2481 3779 cum
2522 3723 2876 3779 tabernaculis
2916 3720 3114 3777 Cedar.
3165 3722 3418 3777 Habitari
3451 3763 3466 3787 ,
3503 3724 3590 3778 io-

2012 3820 2154 3891 qnit,
2176 3819 2235 3873 in
2270 3818 2451 3874 medio
2473 3816 2950 3872 tabernaculorum
2986 3814 3183 3870 Cedar.
3210 3815 3361 3872 llaec
3380 3816 3586 3871 etenim

2012 3911 2297 3968 miseriam
2326 3910 2488 3966 etiam
2514 3909 2785 3979 deplorat.
2819 3907 2998 3963 Cedar
3029 3916 3214 3963 autem
3260 3907 3413 3978 regio
3442 3922 3596 3978 quat-

2012 4004 2140 4058 datn
2164 4013 2250 4057 est
2298 4000 2558 4072 Babyloni
2591 4001 2859 4069 proxima.
2885 4013 3007 4065 qua)
3027 3998 3370 4053 habitatores
3391 4014 3593 4068 pravos

2013 4093 2274 4151 habebat.
2309 4094 2456 4151 inter
2506 4093 2608 4148 hos
2634 4106 2762 4146 vero
2786 4090 3071 4160 Babylonii
3093 4087 3312 4144 Judzeos
3337 4090 3587 4145 habitare

338 4193 534 4264 Κηδὰρ
561 4192 915 4262 σκοτασμός
937 4191 1329 4262 ἑρμηνεύεται,
1362 4190 1590 4254 εἰκότως
1621 4189 1893 4262 θρηνοῦσι·

2016 4194 2343 4243 statuerant.
2369 4186 2434 4240 Et
2452 4185 2578 4255 quia
2593 4183 2768 4238 Cedar
2813 4182 3201 4250 interpretatur
3216 4181 3597 4245 obtenebratio,

334 4289 385 4343 ei
439 4284 910 4356 κατασκηνοῦντες
972 4285 1032 4340 ἰν
1082 4285 1194 4347 τοῖς
1264 4283 1587 4355 σκηνώμασι
1641 4282 1736 4337 τοῦ
1786 4299 1917 4336 exeo

2022 4278 2217 4334 merito
2249 4279 2285 4333 ii
2318 4277 2411 4334 aui
2446 4280 2586 4332 inter
2630 4275 2974 4330 tenebrarum
3031 4273 3387 4339 tabernacula
3443 4274 3601 4328 babi-

333 4379 575 4450 τασμοῦ.
607 4377 952 4448 Σκηνώματα
980 4376 1037 4429 δὲ
1064 4376 1377 4446 σκοτασμοῦ
1431 4378 1464 4447 ἡ
1492 4378 1552 4430 ὲν
1574 4378 1688 4440 rei;
1721 4375 1893 4430 πάθεσ

1996 4374 2165 4449 (iant,
2200 4368 2588 4424 lamentantur.
2642 4366 2943 4420 Possumus
3004 4372 3184 4418 autem
3240 4365 3599 4420 tenebrarum

330 4472 615 4545 διατριϐὴ,
636 4473 748 4536 τοῖς
773 4469 1082 4535 σκοτίζουσι
1115 4468 1206 4523 τὸν
1226 4468 1388 4523 νοῦν.

413 4734 621 4789 Πολλὰ
643 4733 1006 4803 παρῴκησεν
1038 4734 1077 4802 ἡ
1129 4732 1301 4803 ’ψυχή
1354 4750 1497 4804 μου.
1562 4733 1744 4789 Πολλὰ
1798 4732 1919 4805 ἐτη,

337 4826 512 4879 πολὺν
539 4823 871 4895 παρῴκησεν
898 4824 1091 4897 καιρὸν
1127 4827 1184 4879 ὲν
1213 4827 1279 4897 τῇ
1308 4826 1681 4896 αἰχμαλωσίᾳ.

419 4917 583 4972 Μετὰ
610 4917 730 4971 τῶν
749 4918 1095 4989 μισούντων
1115 4917 1227 4985 τὴν
1257 4918 1528 4987 εἰρήνην,
1557 4917 1721 4988 ἤμην
1762 4921 1923 4988 sipu-

2022 4459 2437 4515 tabernaeulum
2468 4457 2764 4527 appellare,
2798 4470 3010 4510 moram
3044 4456 3188 4509 illam
3218 4497 3233 4520 ,
3262 4470 3326 4511 ac
3369 4472 3604 4511 consue-

2024 4552 2288 4615 tudinem,
2325 4567 2489 4620 quam
2526 4550 2649 4619 quis
2680 4551 2822 4605 inter
2866 4548 3036 4604 animi
3090 4548 3314 4605 affectus
3373 4555 3426 4603 et
3475 4564 3605 4618 pas-

2026 4645 2212 4700 siones
2245 4643 2420 4704 ducit.
2454 4656 2577 4712 qum
2612 4648 2844 4696 mentem
2878 4641 3267 4696 obtenebrant.
3682 4708 3685 4709 γ

2002 4722 2003 4729 “
2100 4734 2331 4789 Multum
2358 4735 2690 4804 peregrinata
2730 4740 2807 4786 est
2840 4733 3022 4785 anima
3041 4748 3180 4785 mea.
3212 4730 3398 4786 Multis
3446 4730 3607 4786 annis

2025 4842 2092 4883 ac
2123 4828 2282 4899 longo
2308 4836 2553 4897 tempore
2588 4826 2641 4878 in
2670 4824 2986 4892 captivitate
3022 4825 3312 4894 peregrina
3343 4824 3470 4878 fuit.

2100 4919 2262 4974 Vsus.
2286 4918 2340 4973 6.
2360 4918 2489 4974 Cum
2512 4917 2576 4969 iis
2593 4916 2683 4986 qui
2703 4914 2926 4968 oderant
2948 4931 3312 4984 pacem,eram
3330 4914 3605 4985 paciﬁcus.

334 5011 537 5077 νικός.
599 5010 759 5065 Μετὰ
800 5011 911 5065 τῶν
960 5010 1279 5082 φιλονείκων
1334 5011 1589 5073 ἐκείνων,
1650 5011 1759 5065 τῶν
1822 5012 1889 5082 τῆ

2025 5011 2163 5068 Cum
2193 5008 2554 5067 contentiosis
2571 5007 2679 5062 illis
2706 5006 3023 5062 hominibus
3048 5007 3244 5067 Cedar,
3266 5020 3456 5075 pacem
3482 5016 3610 5072 age-

337 5103 536 5174 Κηδὰρ
595 5104 896 5174 εἰρήνευον,
942 5104 1043 5158 οὐκ
1085 5102 1481 5174 ἀνθιστάμενος
1545 5103 1728 5168 αὐτοῖς
1793 5121 1893 5176 περ

2028 5105 2174 5171 bam,
2202 5117 2307 5159 nec
2329 5116 2427 5173 pro
2455 5100 2727 5155 mundana
2772 5105 2868 5153 aut
2919 5096 3208 5168 temporali
3260 5109 3317 5149 re
3368 5092 3476 5148 ulla
3531 5098 3612 5148 eis

337 5190 604 5264 βιωτικοῦ
657 5209 803 5257 τινος
833 5193 1181 5266 πράγματος,
1233 5192 1374 5248 ἀλλὰ
1421 5193 1794 5266 παραχωρῶν,
1846 5194 1891 5249 ὼ

2028 5197 2397 5253 advorsabar:
2430 5193 2700 5265 quinimo,
2732 5201 2792 5249 ut
2821 5191 3067 5263 captivus
3115 5186 3302 5243 omnia
3351 5185 3460 5241 illis
3487 5200 3613 5255 per-

340 5282 718 5353 αἰχμάλωτος.
750 5283 1002 5339 Παιδεύει
1030 5285 1086 5339 δὲ
1120 5284 1217 5340 καὶ
1249 5284 1399 5357 ἡμᾶς
1446 5284 1476 5337 ό
1521 5283 1675 5354 λόγος
1744 5283 1890 5339 τοιού

2032 5289 2338 5346 mittebam.
2372 5288 2638 5343 Docemur
2660 5295 2842 5343 autem
2872 5285 2961 5339 his
2995 5281 3184 5336 verbis
3218 5279 3352 5335 tales
3405 5278 3519 5333 ﬁeri
3558 5282 3613 5331 et

294 5362 307 5367 ’
335 5390 474 5438 τους
498 5375 766 5442 γίνεσθαι,
799 5377 895 5429 καὶ
919 5378 1058 5447 μετὰ
1089 5379 1309 5434 πάντων
1363 5376 1669 5450 εἰρηνεύειν
1688 5391 1703 5407 ·
1737 5376 1787 5430 εἰ
1817 5376 1888 5446 τὰ

2035 5394 2137 5437 nos
2165 5420 2182 5445 ,
2208 5394 2330 5435 cum
2361 5378 2619 5434 omnibus
2649 5376 2859 5434 scilicet
2888 5386 3077 5443 pacem
3127 5367 3349 5422 habere.
3393 5365 3527 5419 Nam
3564 5365 3615 5419 si

340 5465 624 5535 μετὰτῶν
679 5468 982 5538 μισούντων
1033 5471 1133 5544 τὴν
1186 5472 1432 5546 εἰρήνην,
1492 5469 1671 5542 πολλῷ
1729 5470 1893 5542 μᾶλλο

2037 5485 2162 5529 cum
2194 5470 2263 5527 iis
2291 5470 2481 5535 etiam,
2511 5469 2604 5541 qui
2637 5480 2827 5538 pacem
2856 5465 3029 5535 ipsam
3062 5460 3321 5526 oderunt,
3356 5456 3619 5523 paciliros

428 5647 475 5679 “
504 5643 669 5702 Bom.
715 5663 815 5714 xu,
847 5648 938 5704 20.
