4032 6238
583 246 722 312 1187

1804 239 2187 304 EUTHYMII
2240 241 2605 301 ZIGABENI

3723 245 3866 309 1188

576 375 682 415 nos
706 375 826 414 esse
856 360 1031 419 decet,
1053 366 1262 425 quanto
1293 355 1465 425 magis
1510 369 1635 409 cum
1684 355 1753 408 iis
1806 357 1899 424 qui
1951 372 2136 425 pacem

2252 361 2391 425 μετὰ
2420 359 2529 409 τῶν
2556 359 2898 426 ἀγαπώντων
2930 358 3123 429 αὑτήν.
3165 358 3432 427 Ἐσόμεθα
3462 359 3524 412 δὲ
3588 364 3867 424 τοιοῦτον..

578 450 887 504 amaverint
919 451 933 501 !
971 449 1183 501 Erimus
1214 454 1396 500 autem
1422 448 1596 513 tales,
1628 447 1675 501 si
1705 448 1870 500 veluti
1898 449 2136 515 hospites

2252 449 2345 502 ἐὰν
2370 450 2446 512 ὡς
2470 449 2611 514 ξένοι
2648 450 3040 519 διατρίϐωμεν,
3085 452 3182 503 ἐὰν
3241 450 3317 512 ὡς
3364 452 3644 521 πάροικοι
3709 453 3868 505 πολι-

578 548 743 609 atqne
768 538 934 592 exteri
969 538 1022 591 in
1051 539 1153 593 hoc
1207 538 1410 591 mundo
1459 539 1773 600 vixerimus,
1809 541 1853 593 si
1886 549 2144 607 tauquam

579 629 845 698 peregrini
894 630 1382 694 convcrsabimur,
1437 645 1546 683 non
1594 633 1994 684 contendentes
2044 646 2144 698 pro

2252 540 2565 609 τευώμεθα,
2602 542 2676 611 μὴ
2717 543 2926 612 σφόδρα
2976 544 3085 595 τῶν
3115 545 3400 613 παρόντων
3457 545 3866 614 ἀντεχόμενα,

2251 632 2386 701 μηδ’
2422 632 2497 695 ὡς
2521 635 2905 703 παραμένουσι
2932 635 3360 705 προστρέχοντες
3389 636 3647 699 τούτοις.

577 721 932 789 pra-sentibus
965 721 1126 790 hujus
1159 720 1343 774 seculi
1376 721 1560 785 rebus,
1601 735 1775 790 neque
1806 720 2048 773 animum
2089 723 2143 772 iu
2182 720 2264 775 eis
2297 725 2454 793 quasi
2485 725 2538 779 in
2568 726 3016 794 permanentibus
3082 741 3147 780 ac
3184 728 3461 797 perpetuis
3506 727 3697 782 rebus
3765 744 3867 799 po-

574 822 788 867 nentes.

642 903 774 957 Cum
826 903 1073 970 loquebar
1122 903 1254 965 illis,
1298 904 1674 971 oppugnabant
1711 918 1791 956 me
1836 903 2028 970 gratis.
2077 932 2141 942 —

578 1001 757 1053 Gratis
782 1000 919 1052 dixit
948 1013 1045 1067 pro
1079 1000 1189 1052 sine
1229 1016 1394 1053 causa
1419 1039 1433 1064 ,
1468 1000 1675 1052 ttullam
1730 999 1990 1052 nimirum
2044 1014 2138 1051 oc-

568 1092 845 1146 casionem
879 1091 1160 1152 habentes,
1188 1090 1283 1145 sed
1319 1099 1520 1146 temere
1544 1092 1727 1145 omnia
1752 1092 2141 1144 administran-

570 1195 651 1238 tes
687 1200 701 1236 :
732 1182 877 1252 quod
909 1197 972 1236 ex
998 1197 1064 1236 eo
1110 1183 1419 1251 pchpicere
1463 1184 1589 1237 licet
1614 1223 1629 1247 ,
1681 1184 1824 1252 quod
1878 1198 1976 1235 nec
2012 1192 2141 1236 tunc

567 1275 863 1342 parcebant
904 1274 1058 1336 mihi,
1093 1274 1314 1342 quando
1348 1290 1448 1345 ego
1488 1276 1713 1345 pacilice
1736 1274 1963 1345 agebam
2010 1287 2135 1327 cum

569 1368 674 1423 eis.

1034 1483 1314 1538 Canticum
1350 1500 1682 1538 asceitsuum.

1089 1593 1409 1651 PSALMUS
1449 1595 1612 1651 CXX.

650 1706 807 1761 tiens.
841 1709 892 1762 l.
925 1708 1110 1763 Levavi
1149 1708 1325 1763 oculos
1358 1726 1497 1763 meos
1530 1712 1582 1763 in
1620 1722 1819 1765 montes
1844 1751 1858 1776 ,
1890 1712 2026 1766 unde
2058 1728 2138 1766 ve-
2170 1746 2213 1804 Β

565 1798 668 1852 niet
706 1796 963 1851 auxilium
1004 1799 1152 1854 mihi.
1198 1798 1311 1853 Hoc
1360 1801 1573 1854 cantico
1618 1815 1680 1855 ea
1718 1802 1883 1855 verba
1935 1802 2134 1870 prmdi-

563 1899 764 1944 cuntur
791 1905 821 1943 a
858 1888 1127 1958 Propheta
1152 1928 1167 1953 ,
1212 1904 1333 1959 qua:
1381 1889 1586 1943 dicturi
1627 1899 1786 1944 erant
1817 1880 2131 1946 Judatorum

564 1979 810 2049 captivi,
845 1994 968 2033 cum
997 1994 1061 2032 ex
1116 1979 1386 2049 Babylone
1433 1979 1737 2035 discessuri
1786 1991 1973 2035 essent
2005 2022 2022 2048 ,
2080 1990 2135 2038 et

564 2074 847 2129 ascensuri
879 2075 932 2127 in
959 2072 1282 2127 Jerusalem.
1319 2072 1420 2128 Per
1475 2083 1687 2127 montes
1732 2084 1915 2128 autem
1960 2072 2133 2129 caelos

564 2163 855 2237 intelligit,
884 2164 954 2220 ob
977 2179 1246 2220 summam
1283 2164 1495 2219 scilicet
1528 2180 1719 2219 eorum
1763 2165 2132 2219 altitudinem.

2321 904 2508 956 Ὅταν
2533 902 2802 956 ἐλάλουν
2826 904 3053 968 αὐτοις,
3089 901 3433 971 ἐπολέμουν
3470 920 3553 971 με
3586 905 3869 973 δωρεάν.

2249 997 2420 1049 Ὅταν
2449 996 2671 1048 ἐλάλουν
2690 996 2872 1057 αὐτοῖς
2899 997 3180 1065 εἰρηνικὰ,
3208 996 3512 1063 ἐπολέμουν
3541 1013 3612 1065 με
3642 998 3863 1066 μάτην,

2250 1090 2523 1160 μηδεμίαν
2552 1087 2806 1157 ἀφορμὴν
2846 1087 3084 1157 ἔχοντες,
3109 1088 3207 1141 xui.
3240 1088 3358 1140 οὐδὲ
3390 1087 3511 1141 τότε
3537 1088 3861 1158 ὲφείδοντο’

2247 1183 2361 1251 ἐγὼ
2395 1182 2450 1233 δὲ
2492 1181 2586 1233 καὶ
2616 1180 2789 1242 οὕτως
2816 1181 3122 1251 εἰρήνευον.

2669 1467 2807 1542 ’ῼὸὴ
2838 1468 2948 1523 τῶν
2998 1471 3059 1523 Ἀ
3068 1466 3403 1538 ναϐαθμῶν.

2811 1586 3108 1640 ΨΑΛΜΟΣ
3136 1586 3271 1639 PK'.

2317 1700 2471 1770 ’Ἥρα
2508 1700 2652 1765 τοὺς
2684 1699 3033 1767 ὀφθαλμούς
3053 1715 3175 1765 μου
3222 1698 3310 1762 εἷς
3368 1695 3443 1749 τὰ
3494 1696 3634 1765 ὄρη,
3704 1698 3847 1755 ὅθεν

2246 1797 2379 1865 ἣξει
2409 1794 2448 1861 ἢ
2470 1791 2722 1858 ,βοήθειά
2749 1808 2890 1859 μου.
2941 1786 3092 1857 Αὕτη
3152 1790 3185 1857 ἡ
3247 1787 3359 1858 ᾠδὴ
3404 1788 3755 1858 προφητεύει
3808 1790 3847 1843 ἃ.

2242 1892 2448 1957 ελεγον,
2477 1887 2776 1955 ἀρξάμενοι
2824 1880 3159 1936 ἀναϐαίνειν.
3206 1882 3346 1951 Ὀρη
3374 1882 3429 1932 δὲ
3498 1881 3655 1949 λέγει
3717 1885 3844 1945 τοὺς

2240 1980 2505 2050 οὐρανοὺς
2559 1976 2649 2029 διὰ
2681 1976 2740 2029 τὸ
2764 1974 2924 2042 ὓψος.
2967 1971 3213 2026 Ἐκεῖθεν
3242 1974 3353 2042 γὰρ
3374 1970 3609 2040 ἡλπιζον
3662 1972 3843 2027 ἐλθεῖν

2241 2074 2426 2133 αὐτοῖς
2511 2069 2611 2140 τὴν
2686 2067 2893 2137 συνήθη
2971 2066 3266 2135 σιήθειαν,
3346 2064 3839 2134 παραπέμπουσιν

2243 2158 2527 2219 ἀϐλαϐεῖς.
2569 2150 2721 2209 Ἐἶτα
2765 2155 2861 2207 καὶ
2890 2153 3183 2222 σαφηνίζει
3206 2154 3299 2204 τὸν
3337 2151 3513 2217 λόγον.

563 2260 715 2318 illinc
740 2260 940 2313 etenim
976 2258 1268 2328 sperabant
1290 2258 1654 2314 adventuram
1705 2261 1809 2315 sibi
1845 2276 1969 2315 esse
1995 2268 2321 2314 consuetum
2348 2255 2439 2309 Dei
2471 2251 2759 2314 auxilium,
2788 2256 2898 2319 quo
2957 2249 3198 2303 ducente
3260 2247 3411 2303 illaesi
3477 2247 3533 2301 in
3599 2247 3832 2316 patriam

568 2358 933 2426 pervenirent.
995 2352 1196 2407 Deinde
1237 2368 1546 2409 sermonem
1593 2370 1754 2409 suum
1813 2357 1986 2425 magis
2042 2354 2308 2420 declarat,
2341 2352 2584 2405 dicens:

636 2445 801 2501 Vsus.
830 2447 886 2499 9.
916 2446 1193 2499 Auxilium
1220 2462 1388 2499 meum
1418 2465 1451 2501 a
1484 2449 1727 2515 Domino,
1752 2450 1840 2519 qui
1870 2450 1993 2519 fecit
2013 2466 2087 2503 cae
2101 2480 2129 2490 -»

564 2540 675 2592 lum
728 2549 777 2592 et
800 2547 1013 2591 terram.
1050 2538 1130 2591 Ab
1159 2552 1224 2591 eo
1252 2539 1344 2606 qui
1395 2554 1519 2593 vere
1560 2542 1825 2594 Dominus
1864 2550 1967 2595 est.
1997 2542 2132 2595 Pro-

566 2630 744 2698 prium
773 2629 917 2683 enim
948 2627 1039 2681 Dei
1079 2636 1197 2694 est,
1244 2636 1302 2683 ut
1352 2630 1598 2683 omnium
1645 2639 1862 2685 creator
1896 2632 2130 2696 dicatur,

564 2737 688 2775 eum
721 2721 837 2790 ipse
870 2720 1023 2776 solus
1056 2720 1149 2785 sit,
1190 2720 1283 2790 qui
1320 2722 1495 2790 possit
1519 2736 1727 2775 creare.
1766 2721 1831 2774 Et
1884 2737 1985 2778 nos
2031 2722 2137 2792 igi-

565 2824 653 2867 tur
683 2813 727 2867 si
755 2813 949 2866 animae
975 2814 1165 2867 oculos
1200 2815 1251 2866 in
1291 2813 1490 2868 coelum
1524 2815 1907 2878 levaverimus,
1928 2830 2136 2884 eosque

562 2923 591 2959 a
621 2906 851 2961 terrenis
896 2905 1059 2960 rebus
1099 2906 1355 2961 omnibus
1409 2905 1839 2973 dimoverimus,
1889 2907 2133 2962 divinum

562 2999 729 3053 simili
763 2997 922 3053 modo
946 3013 1351 3068 consequemur
1386 2999 1678 3053 auxilium.

632 3111 797 3165 Vens.
831 3112 883 3165 5.
923 3113 1000 3164 Ne
1039 3111 1127 3163 des
1174 3112 1227 3163 in
1278 3113 1677 3165 commotionem
1711 3112 1889 3175 pedem
1942 3120 2088 3165 tuum
2114 3156 2129 3179 ,

2324 2447 2395 2501 'H
2418 2441 2675 2511 βοήθειά
2706 2459 2826 2511 μου
2852 2444 3013 2509 παρὰ
3044 2443 3270 2509 Κυρίου
3309 2440 3415 2495 τοῦ
3452 2441 3831 2517 ποιήσαντος

2240 2540 2349 2593 τὸν
2385 2538 2647 2602 οὐρανὸν
2678 2536 2777 2588 καὶ
2819 2535 2936 2602 τὴν
2989 2532 3126 2603 γῆν.
3172 2533 3283 2587 Τοῦ
3332 2534 3551 2605 ἀληθῶς
3601 2539 3828 2608 Κυρίου.

2246 2631 2406 2682 Ἷδιον
2435 2629 2544 2698 γὰρ
2575 2628 2637 2680 τὸ
2667 2627 3066 2697 δημιουργικὸν
3090 2628 3185 2680 τοῦ
3219 2627 3379 2680 Θεοῦ.
3411 2629 3524 2681 Καὶ
3554 2631 3685 2699 ἡμῖν
3712 2628 3829 2697 οὖν,

2244 2724 2340 2775 ἐὰν
2367 2723 2589 2791 ἄρωμεν
2614 2721 2743 2781 τοὺς
2774 2719 3091 2788 ὀφθαλμοὺς
3117 2720 3215 2788 τῆς
3248 2719 3431 2789 ψυχῆς
3461 2723 3544 2783 εις
3592 2724 3685 2774 τὸν
3744 2727 3830 2777 οὐ.

2243 2814 2847 2887 ρανὸν,ἀποστήσαντες
2875 2814 3072 2874 αὐτοὺς
3094 2813 3205 2867 τῶν
3228 2815 3432 2885 γηΐνων
3457 2818 3828 2886 πραγμάτων,

2240 2909 2274 2977 ή
2306 2905 2531 2976 βοήθεια
2560 2904 2712 2974 παρὰ
2743 2905 2951 2974 Κυρίου
2988 2904 3166 2960 ἔσται.

2296 3105 2395 3173 Μὴ
2431 3103 2702 3172 odim-xli:
2726 3104 2925 3157 σάλον
2940 3105 3045 3156 τὸν
3069 3104 3225 3157 πόδα
3251 3122 3391 3169 σου,
3415 3107 3577 3175 μηδὲ
3605 3112 3832 3165 νυστά-

560 3220 720 3272 neque
753 3204 997 3256 dormitet
1027 3203 1116 3271 qui
1165 3205 1392 3254 custodit
1435 3213 1501 3256 te.
1550 3203 1663 3257 lloc
1708 3205 1775 3257 ad
1829 3203 2130 3259 fraternum

2252 3198 2314 3264 ξῃ
2349 3201 2381 3251 ό
2410 3197 2753 3266 φυλάσσων
2783 3212 2877 3249 σε.
2917 3196 3090 3249 Τοῦτο
3153 3198 3534 3267 φιλαδελφίας,
3595 3202 3833 3256 ἕκαστον

562 3308 802 3346 amorem
840 3292 1110 3361 pertinet,
1145 3298 1204 3344 ut
1253 3292 1634 3361 unusquisque
1690 3308 1789 3361 pro
1832 3294 2005 3351 altero
2054 3296 2136 3349 ef-

564 3386 790 3440 fundere
827 3387 894 3438 ad
931 3385 1096 3438 Deum
1127 3400 1317 3453 preces
1345 3385 1615 3439 addiscat.
1661 3385 1736 3439 Ne
1766 3385 1864 3440 des
1885 3426 1899 3451 ,
1933 3386 2131 3456 inquit,

560 3480 749 3549 pedem
782 3488 932 3531 tuum
971 3478 1024 3530 in
1056 3476 1504 3540 commotionem,
1533 3478 1636 3531 hoc
1668 3486 1771 3540 est,
1808 3479 1861 3531 itt
1894 3477 2097 3532 lluctua

561 3572 763 3624 tionem
799 3587 811 3623 :
845 3585 1020 3639 neque
1049 3583 1077 3622 a
1112 3579 1262 3623 recta
1300 3571 1567 3624 virtutum
1599 3572 1685 3625 via
1729 3572 2031 3634 avertaris,
2068 3587 2135 3626 ne

562 3663 767 3717 idcirco
806 3662 921 3731 ipse
956 3664 1121 3716 etiam
1163 3662 1303 3715 Deus
1326 3704 1340 3726 ,
1375 3662 1467 3731 qui
1500 3671 1550 3715 te
1576 3661 1857 3716 custodire
1892 3663 2136 3726 solebat,

559 3754 839 3817 dormitet,
885 3754 987 3807 hoc
1016 3760 1121 3815 est,
1154 3768 1221 3806 ne
1253 3754 1369 3821 ipse
1418 3752 1583 3806 etiam
1637 3752 1919 3823 negligens
1964 3753 2136 3807 videri

561 3847 733 3914 possit
772 3845 826 3898 in
858 3845 926 3899 iis
961 3860 1079 3914 qua:
1116 3844 1183 3897 ad
1238 3844 1542 3898 custodiam
1590 3850 1741 3897 tuam
1797 3845 2078 3912 pertinent
2117 3859 2133 3897 :

558 3951 623 3989 eo
660 3935 802 4003 quod
836 3933 1247 3989 iuadvertcnter
1284 3934 1361 3989 sis
1394 3934 1600 4002 lapsus.
1639 3932 1755 3999 Vel,
1786 3949 1855 3989 ne
1889 3936 1985 3989 des
2030 3934 2137 3989 iter

558 4038 709 4081 tuum
742 4029 794 4082 in
827 4028 1150 4082 ﬂuctuantia
1190 4035 1242 4082 et
1277 4028 1486 4081 lubrica
1522 4027 1779 4097 negotia,
1815 4027 1911 4082 sed
1956 4036 2132 4082 tutam

561 4121 692 4192 legis
746 4136 808 4175 ac
859 4121 1237 4175 mandatorum
1294 4120 1544 4175 semitam
1627 4121 1971 4185 conscende,
2017 4136 2138 4191 quae

560 4224 767 4269 rectum
800 4216 905 4270 iter
931 4215 1318 4270 incedentibus
1348 4222 1591 4285 prarstat.

634 4328 797 4382 Vens.
840 4329 891 4381 vi.
927 4327 1063 4382 Ecce
1088 4346 1192 4383 non
1221 4330 1553 4390 dormitabit,
1586 4345 1746 4399 neque
1776 4329 2135 4397 soporabilur,

2238 3289 2469 3341 ἑκάστου
2531 3287 2954 3358 ὑπερεύχεσθαι.
2994 3289 3083 3360 Μὴ
3126 3289 3269 3359 δῴης
3321 3295 3404 3354 εἰς
3465 3297 3833 3366 παρατροπὴν

2237 3380 2328 3432 τὸν
2370 3380 2504 3433 πόδα
2538 3396 2656 3446 σου,
2725 3382 2857 3449 μηδὲ
2917 3382 3340 3451 παρατραπείης
3411 3384 3513 3454 τῆς
3582 3387 3829 3450 εὐθείας,

2236 3471 2357 3541 ἥτις
2385 3472 2533 3524 ἐστὶν
2561 3473 2594 3541 ἡ
2626 3472 2881 3540 ἐνάρετος
2912 3473 3030 3535 ὁδός
3056 3490 3069 3503 ο
3103 3475 3242 3544 μηδὲ
3286 3475 3378 3527 διὰ
3426 3476 3581 3528 τοῦτο
3622 3482 3833 3532 ward-

2240 3565 2328 3630 ξαι
2359 3565 2388 3616 ὁ
2414 3563 2704 3633 φυλάσσων
2746 3582 2805 3617 σε
2831 3565 2983 3627 Θεὸς,
3019 3565 3095 3635 μὴ
3151 3568 3240 3619 διὰ
3288 3568 3448 3621 τοῦτο
3505 3570 3832 3641 ρᾳθυμήσαι

2241 3660 2371 3728 περὶ
2386 3657 2485 3728 τὴν
2507 3657 2760 3727 φυλακήν
2785 3675 2901 3721 σου,
2937 3658 3013 3719 ὡς
3046 3659 3104 3713 ὲε
3133 3659 3472 3728 ἀπροσεξιας
3495 3662 3831 3732 ἁλισθήσαν-

2238 3769 2350 3813 τος.
2379 3752 2471 3817 Ἢ,
2507 3753 2581 3822 μὴ
2608 3750 2751 3820 δώῃς
2776 3752 2854 3813 si;
2886 3752 3225 3821 σαλευόμενα
3243 3754 3337 3805 καὶ
3354 3753 3627 3822 ὀλισθηρὰ
3650 3759 3830 3825 πρᾶγ-

2243 3859 2388 3911 ματα
2417 3844 2516 3914 τὴν
2542 3844 2767 3913 πορείαν
2797 3859 2914 3906 σου,
2937 3841 3035 3895 ἀλλ
3053 3843 3066 3864 ’
3102 3843 3404 3906 ἐπιϐαίνοις
3428 3845 3623 3913 τρίσου
3655 3848 3827 3913 ἀσφα-

2239 3934 2386 3998 λοῦς,
2447 3935 2571 4004 ἥτις
2625 3936 2775 3988 ἐστὶν
2820 3937 2854 4005 ἡ
2898 3934 3144 4004 ἔννομος,
3195 3937 3521 4007 εὐθυπορεῖν
3582 3954 3647 3991 σε
3718 3955 3829 3992 u-

2244 4026 2685 4098 ρασκευάζουσα.

2308 4319 2466 4375 Ἰδοὺ
2491 4322 2581 4374 ὀὐ
2624 4319 2939 4383 νυστάξει,
2988 4321 3134 4373 οὐδὲ
3176 4321 3446 4377 ὑπνὼσει
3484 4325 3520 4377 ό
3580 4327 3834 4392 φυλάσ-

557 4419 646 4487 qui
670 4419 897 4471 custodit
949 4418 1147 4471 Israel.
1197 4418 1345 4473 Deus
1390 4436 1513 4474 eum
1568 4435 1675 4474 non
1718 4421 1948 4491 negliget
1977 4461 1991 4485 ,
2038 4437 2136 4476 nec

2252 4430 2367 4468 των
2387 4414 2497 4467 τὸν
2516 4412 2786 4479 Ἰσραήλ.
2817 4414 2878 4465 Ei
2925 4414 3195 4483 ἀπέχεται
3233 4415 3479 4483 δηλονότι
3545 4416 3660 4468 τῶν
3710 4418 3828 4470 ὀλι-

560 4508 891 4577 neg’igenter
922 4507 1131 4576 aliquid
1158 4522 1287 4576 erga
1313 4508 1465 4560 illum
1496 4518 1641 4578 aget,
1674 4510 1767 4577 qui
1809 4525 1903 4577 per
1935 4518 2129 4571 tutam,

2243 4504 2477 4582 σθηρῷν,
2520 4506 2568 4556 εἰ
2607 4504 2867 4573 ἀσφαλῶς
2893 4504 3089 4573 βαίνει,
3137 4503 3263 4557 οὔτε
3315 4506 3649 4578 ρᾳθυμήσει,
3698 4507 3828 4560 οὔτε

558 4611 719 4663 quam
762 4596 1021 4659 diximus,
1059 4597 1200 4650 viam
1226 4598 1534 4666 incesserit,
1557 4608 1611 4654 et
1651 4616 1677 4651 a
1709 4586 1920 4654 lubrico
1947 4601 2134 4655 Steculi

2252 4597 2662 4665 ἱμελήσειῶὲ).
2702 4598 2917 4668 Ἰσραὴλ
2940 4598 2995 4650 δὲ
3024 4598 3119 4651 καὶ
3167 4601 3333 4668 ἡμεῖς
3388 4599 3532 4663 νέος,
3563 4600 3641 4664 ὡς
3694 4602 3827 4653 πολ-

557 4687 694 4739 calle
725 4686 1074 4741 ab5tiuucrit.
1106 4686 1408 4743 Possumus
1440 4697 1495 4744 et
1536 4704 1638 4745 nos
1670 4690 1856 4747 ﬁdeles
1897 4706 2090 4745 omnes
2119 4731 2133 4755 ,

559 4773 662 4826 dici
698 4787 869 4827 novus
910 4774 1099 4838 Israel,
1133 4776 1594 4844 quemadmodum
1630 4793 1774 4848 szepe
1810 4778 1938 4832 alibi
1994 4776 2135 4831 dixi-

558 4883 697 4931 mus,
732 4870 1005 4938 praecipue
1042 4867 1097 4922 in
1134 4869 1344 4937 psalmo
1366 4885 1519 4938 xuu,
1547 4874 1621 4928 ibi
1653 4873 1950 4943 :Exsurge,
1972 4888 2134 4943 quare

556 4959 840 5026 obdormis,
879 4959 1100 5015 Domine
1123 4963 1148 5018 ?

632 5075 795 5131 Vens.
828 5074 880 5128 5.
920 5075 1169 5131 Dominus
1200 5080 1456 5134 custodiet
1495 5088 1563 5145 te,
1599 5078 1854 5133 Dominus
1876 5076 2135 5148 protectio

2240 4689 2397 4752 λάκις
2426 4692 2749 4761 εἰρήκαμεν.
2795 4692 3039 4761 Ζήτησον
3083 4693 3180 4746 καί
3230 4695 3291 4744 ἐν
3334 4691 3415 4761 τῷ
3440 4693 3535 4762 μγ¹
3592 4694 3823 4764 ψαλμῷ,

2246 4783 2641 4853 Ἐξεγέρθητι,
2676 4783 2778 4837 ἵνα
2810 4784 2866 4837 τί
2892 4782 3131 4850 ὐπνοῗς,
3164 4785 3343 4852 Κύριε
3368 4800 3389 4848 ;

2311 5069 2522 5136 Κύριος
2552 5069 2811 5138 φυλάξει
2838 5086 2931 5132 σε,
2969 5072 3180 5139 Κύριος
3206 5072 3408 5140 σκέπη
3432 5089 3554 5138 σοι,
3582 5073 3684 5127 ἐπὶ
3703 5074 3822 5143 zei-

495 5172 499 5177 ‘
560 5175 651 5217 tua
707 5167 775 5217 ad
810 5181 1025 5218 manum
1071 5166 1345 5222 dexteram
1395 5180 1565 5224 tuam.
1629 5170 1891 5222 Dominus
1937 5176 1990 5220 te
2037 5167 2136 5220 hoc

2252 5179 2311 5215 αα
2336 5162 2542 5226 δεξιάν
2565 5180 2704 5217 σου.
2739 5164 2939 5228 Κύριος
2966 5164 3194 5234 φυλάξει
3226 5184 3284 5219 σε
3310 5167 3481 5229 οὕτως
3508 5167 3819 5237 βαδίζοντα,

563 5268 720 5323 pacto
776 5257 1116 5312 incedentem
1164 5261 1475 5329 custodiet,
1534 5260 1799 5314 Dominus
1873 5258 2136 5328 protectio

2252 5258 2444 5327 Κύριος
2467 5259 2640 5329 σκέπη
2682 5276 2766 5311 σοι
2810 5261 2963 5330 παρὰ
2988 5260 3087 5331 τὴν
3115 5259 3298 5323 δεξιάν
3325 5278 3416 5313 σου
3469 5263 3651 5331 χεῖρα,
3698 5277 3821 5312 του-

566 5345 660 5399 tibi
688 5348 812 5411 erit,
852 5347 1008 5416 juxta
1056 5365 1274 5404 manum
1325 5353 1603 5406 dexteram
1651 5363 1838 5415 tuam,
1871 5350 1974 5403 boe
2016 5358 2136 5416 est,

2240 5350 2391 5404 τέστι
2461 5352 2851 5424 παραστάτης,
2906 5354 3242 5424 σχεπαστὴς,
3298 5355 3518 5407 σκέπων
3557 5370 3615 5406 σε
3646 5346 3821 5423 πράτ-

1894 5524 2091 5585 νδτίςο
2121 5522 2454 5587 lectiones.

612 5644 747 5741 ’(32)
784 5669 1046 5727 Nimirum
1076 5675 1226 5743 Θεὸς,
1260 5678 1307 5729 εἰ
1339 5677 1604 5746 ἀπέχεται
1636 5677 1880 5749 Ἰσραήλ.
