4102 6206
371 290 508 356 1189

1541 301 1926 366 COMMENT.
1975 299 2053 358 IN
2115 297 2477 358 PSALMOS.

3458 308 3601 374 1190

362 419 524 456 τοντα
577 404 757 473 ἁγαθά
788 423 802 439 ·
838 406 892 479 ἦ,
932 411 1111 480 σκέπη
1177 427 1258 463 σοι
1305 410 1391 463 sta
1453 409 1682 479 πράξεις
1735 425 1827 462 σου
1865 407 1942 458 δε-

2053 406 2268 473 adjutor
2303 405 2398 459 tibi
2431 403 2536 459 erit
2568 403 2620 456 in
2651 404 2814 460 bello.
2835 406 3043 476 (So!ent
3065 409 3228 475 enim,
3252 412 3346 481 qui
3373 413 3616 485 aliqua»

365 495 505 561 ξιάς.

447 769 690 838 Ἡμέρας
722 774 754 823 ό
785 771 957 838 ἣλιος
994 771 1065 824 οὐ
1097 771 1433 840 συγκαύσει
1460 783 1554 834 σε,
1585 767 1728 823 οὐδὲ
1756 768 1794 836 ἡ
1831 782 1940 820 σε·

364 861 525 926 λήνη
552 861 665 926 τὴν
686 861 894 914 νύκτα.
919 860 1201 931 Τοσαύτην
1232 879 1324 914 σου
1349 861 1634 932 ποιήσεται
1659 859 1939 930 πρόνοιαν,

363 953 439 1014 ὡς
473 952 606 1022 μηδὲ
635 952 807 1004 ταῦτα
834 955 992 1006 ἐᾶται
1027 953 1432 1024 παρενοχλῆσαί
1460 970 1563 1005 σοι.
1594 951 1735 1022 Πρὸς
1769 950 1945 1019 ἐμφα-

369 1061 455 1096 σιν
487 1045 542 1096 δὲ
572 1043 732 1096 τοῦτο
771 1040 895 1096 εἰπε
953 1046 1050 1115 τῆς
1098 1046 1274 1116 ἄκρας
1316 1044 1653 1114 ἐπιμελείας.
1694 1041 1856 1104 Εἰκὸς
1887 1040 1944 1094 δὲ

367 1137 567 1196 αὐτοὺς
625 1138 718 1190 καὶ
755 1138 1010 1207 τοιαύτης
1039 1137 1343 1190 ἀπολαῦσαι
1380 1137 1620 1205 χάριτος.
1649 1133 1943 1202 Συγκαίειν

369 1225 424 1276 δὲ
475 1227 695 1293 λέγουσι
754 1227 848 1278 καὶ
893 1228 991 1297 τὴν
1037 1227 1270 1297 σελήνην
1305 1226 1374 1278 τὰ
1407 1227 1658 1296 σώματα,
1687 1225 1750 1277 ού
1789 1224 1949 1294 μόνον

373 1316 548 1386 ὑγρὰν
577 1312 764 1381 οὖσαν,
799 1316 938 1370 ἀλλά
979 1317 1073 1371 καὶ
1104 1317 1356 1387 θερμήν·
1381 1316 1440 1386 ἢ,
1465 1318 1493 1369 ὁ
1530 1316 1680 1386 ἦλιος
1722 1315 1782 1367 ού
1813 1329 1948 1381 συγ-

370 1407 565 1460 καύσει
595 1426 676 1472 σε,
697 1410 819 1462 οὐδὲ
847 1412 881 1480 ἡ
917 1409 1135 1479 σελήνη,
1168 1407 1362 1479 βλάψει
1391 1407 1658 1477 δηλονότι.

2047 505 2336 564 protegunt
2373 495 2518 549 illius
2553 495 2790 550 dextera:
2815 498 3122 568 assistere.)
3161 502 3294 556 Vel:
3336 503 3616 562 Pratectio

2050 597 2137 640 tua
2167 587 2233 641 ad
2259 589 2513 640 dexteras
2551 589 2800 644 actiones
2831 598 2951 645 tuas
2992 607 3006 643 :
3040 601 3332 662 protegens
3355 597 3616 654 nimirum

2047 688 2100 732 te
2129 678 2268 731 bona
2294 692 2460 746 opera
2497 677 2806 733 facientem.
3351 679 3362 688 ’

2126 765 2291 820 Vens.
2319 767 2371 820 θ.
2407 765 2507 820 Per
2541 768 2678 820 diem
2707 768 2790 822 sol
2817 786 2916 823 nor.
2949 783 3061 825 uret
3098 782 3164 838 te,
3196 792 3356 845 neque
3377 779 3502 833 luna
3523 797 3617 849 per

2050 869 2272 911 noctem.
2311 858 2538 912 Tantam
2570 861 2645 914 tui
2698 876 2886 915 curam
2945 865 3181 932 habebit,
3209 877 3266 920 ut
3308 886 3484 940 neque
3527 890 3616 927 so-

2051 947 2176 1011 lem,
2211 957 2306 1001 aut
2351 949 2534 1002 lunam
2572 951 2851 1018 permittat
2876 953 2972 1006 tibi
3002 957 3470 1022 perturbationem
3519 963 3620 1016 ali-

2049 1053 2211 1107 quam
2245 1040 2450 1095 inferre
2490 1057 2505 1096 :
2536 1042 2679 1112 quod
2705 1043 2862 1110 dixit,
2889 1054 2945 1098 ut
2984 1061 3258 1102 summum
3296 1065 3420 1121 erga
3447 1053 3621 1106 homi-

2054 1147 2175 1184 nem
2216 1131 2304 1186 Dei
2347 1135 2588 1189 studium
2635 1152 2760 1191 csse
2812 1139 3239 1196 demonstraret.
3307 1141 3618 1200 Verisimile

2047 1233 2133 1277 est
2173 1234 2356 1278 autem
2411 1231 2695 1297 antiquum
2734 1231 2996 1297 populum
3048 1235 3309 1301 praedicto
3371 1245 3615 1306 tempore

2047 1315 2187 1368 hanc
2241 1317 2471 1384 gratiam
2515 1334 2543 1371 a
2601 1317 2709 1373 Deo
2750 1319 2921 1376 luisse
2975 1333 3353 1378 consecutum.
3406 1323 3616 1381 Lunam

2053 1414 2238 1460 autem
2263 1424 2424 1463 urere
2457 1410 2615 1474 dixit,
2643 1411 2797 1478 juxta
2827 1413 3058 1483 aliquos,
3092 1431 3156 1470 co
3186 1421 3329 1485 quod
3375 1434 3482 1473 non
3514 1421 3618 1474 bu-

371 1505 519 1559 mida
569 1507 640 1561 sit
693 1515 928 1573 tantum,
970 1506 1062 1561 sed
1113 1505 1278 1560 etiam
1325 1505 1524 1559 calida.
1569 1502 1667 1557 Vel
1713 1501 1796 1556 sol
1829 1515 1939 1554 non
1983 1509 2104 1556 uret
2138 1513 2210 1565 te,
2247 1520 2421 1575 neque
2447 1506 2607 1560 etiam
2634 1508 2762 1562 luna
2794 1509 2948 1566 laedet
2989 1520 3064 1567 te.
3130 1511 3296 1569 Urere
3330 1515 3474 1570 enim
3536 1517 3619 1571 di-

369 1604 451 1658 xit
492 1617 590 1672 pro
622 1603 843 1658 laedere.

439 1697 654 1761 Κύριος
677 1695 934 1764 φυλάξει
963 1711 1037 1749 σε
1063 1694 1182 1748 ἀπὸ
1205 1695 1434 1761 παντὸς
1449 1693 1656 1760 κακοῦ,
1684 1689 1944 1764 φυλάξει

2125 1686 2290 1745 Vsus.
2327 1690 2378 1742 7.
2414 1691 2669 1744 Dominus
2701 1695 2960 1746 custodiet
2990 1704 3036 1747 te
3067 1695 3130 1748 ab
3163 1700 3306 1750 omni
3336 1700 3493 1765 malo,
3521 1716 3617 1754 cu-

369 1783 488 1852 τὴν
516 1783 731 1853 ψυχήν
766 1800 885 1839 σου
917 1787 949 1838 ὁ
980 1785 1222 1852 Κύριος.
1253 1785 1533 1849 Πολλάκις
1573 1784 1733 1838 τοῦτο
1769 1783 1942 1850 λέγει,

2053 1784 2265 1836 stodiet-
2301 1783 2534 1836 animant
2571 1792 2715 1836 tuam
2770 1785 3049 1842 Dominus.
3111 1788 3368 1845 Eamdem
3415 1793 3616 1860 sa'pius

375 1877 609 1949 βεϐαιῶν
635 1877 727 1930 τὸν
774 1879 934 1947 λόγον
967 1878 1062 1932 καί
1091 1878 1536 1949 ὑποτρεπόμενος
1559 1881 1638 1940 εἰς
1653 1877 1714 1930 τὸ
1742 1877 1947 1948 βαίνειν

369 1969 544 2039 ὀρθῶς
597 1967 750 2040 πόθῳ
797 1969 896 2040 τῆς
950 1970 1014 2023 ὲκ
1050 1969 1184 2024 Θεοῦ
1220 1969 1499 2041 φυλακῆςο
1531 1969 1590 2040 ἢ,
1622 1967 1848 2039 φυλάξει
1887 1967 1948 2020 τὸ

374 2060 536 2131 σῶμά
565 2077 660 2114 σου
691 2059 800 2114 ἀπὸ
823 2061 1026 2126 παντὸς
1047 2060 1318 2128 κινδύνου,
1350 2063 1442 2116 καί
1464 2062 1563 2133 τὴν
1580 2062 1759 2132 ψυχήν
1792 2077 1906 2115 σου.

441 2332 656 2400 Κύριος
679 2330 937 2400 φυλάξει
965 2329 1081 2400 τὴν
1107 2330 1352 2385 εἷσοδόν
1375 2345 1492 2385 σου
1551 2329 1649 2384 καί
1681 2328 1794 2398 τὴν
1821 2327 1950 2391 ἕξο-

371 2423 484 2479 δόν
505 2441 642 2479 σου.
681 2425 793 2494 Τὴν
834 2423 1184 2494 ἀναστροφήν
1218 2439 1338 2486 σου,
1369 2422 1467 2492 τὴν
1515 2421 1791 2474 πολιτείαν
1826 2436 1943 2486 σου,

369 2518 464 2568 τ“.ν
495 2515 608 2586 βίον
636 2533 729 2570 σου
753 2529 768 2544 ⁸
801 2516 834 2585 ἢ
862 2515 956 2569 καὶ
989 2515 1190 2579 ἄλλως,
1224 2516 1326 2583 τήν
1362 2531 1422 2566 τε
1448 2515 1528 2576 εἰς
1562 2513 1652 2566 τὸν
1679 2511 1794 2582 βίον
1819 2511 1946 2563 τοῦ-

371 2625 461 2662 τον
491 2609 716 2669 εἴσοδον,
747 2605 844 2659 καί
875 2607 973 2678 τὴν
1001 2603 1060 2670 ἐξ
1089 2603 1251 2658 αὑτοῦ
1285 2604 1465 2671 ἔξοδον
1495 2619 1507 2632 ·
1552 2604 1584 2675 ἢ
1631 2603 1724 2656 καὶ
1767 2601 1946 2654 πάντα

369 2701 463 2752 τὸν
496 2701 632 2770 βίον.
675 2700 762 2752 Ἐν
793 2699 1017 2761 εἰσόδοις
1058 2697 1165 2768 γὰρ
1219 2692 1377 2760 οὗτος
1414 2697 1505 2748 καὶ
1548 2693 1748 2758 ἐξόδοις
1791 2694 1947 2746 καθο-

372 2795 556 2863 ρᾶται.

454 2885 588 2940 Ἀπὸ
633 2885 738 2940 τοῦ
765 2884 883 2939 νῦν
938 2884 1033 2940 καὶ
1077 2883 1188 2950 ἕως
1215 2881 1322 2938 τοῦ
1351 2880 1585 2945 αἰῶνος.
1619 2875 1729 2931 Καὶ
1776 2875 1857 2939 εἰς
1883 2875 1946 2927 τὸ

371 2967 500 3048 ἑξῆς
524 2995 540 3010 ο
587 2977 620 3048 ἢ
652 2977 746 3030 καί
770 2978 874 3041 ’ἐως
904 2977 998 3030 τοῦ
1034 2977 1232 3039 αἰῶνος
1264 2976 1361 3045 τῆς
1391 2973 1536 3043 ζωῆς
1573 2987 1691 3024 σου.

803 3069 942 3139 ’ῼδὴ
967 3067 1086 3122 τῶν
1115 3066 1516 3138 Ἀναϐαθμῶν.

914 3163 1209 3216 ΨΑΛΜΟΣ
1238 3159 1414 3216 ΡΚΛ’.

442 3253 798 3324 Εὐφράνθην
825 3253 921 3306 ἐπὶ
943 3255 1062 3319 τοῖς
1093 3255 1356 3322 εὶρηκόσι
1375 3269 1495 3324 μοι,
1516 3255 1620 3317 Εἰς
1643 3246 1811 3306 οἷκον
1829 3252 1944 3304 Κυ-

360 3349 500 3417 ρίου
519 3343 1132 3416 πορευσόμεθα.Τοῦτο
1154 3347 1339 3415 ἔλεγον
1357 3346 1657 3412 ὁδεύοντες,
1682 3344 1778 3398 καὶ
1803 3360 1942 3414 προ-

368 3442 665 3504 κόπτοντες
704 3439 845 3510 μετὰ
880 3437 1264 3510 περιχαρείας.

447 3640 744 3706 Ἐστῶτες
776 3654 940 3712 ησαν
965 3642 1018 3694 ol
1047 3638 1230 3704 πόδες
1268 3637 1439 3708 ἡμῶν
1468 3637 1538 3691 ἐν
1563 3635 1694 3702 ταῖς
1723 3634 1939 3700 αὐλαῖς

365 3749 507 3801 σου,
549 3734 967 3802 Ἰερουσαλήμ.
995 3731 1366 3785 Ἀκουσάντων
1384 3728 1562 3798 ἡμῶν,
1581 3728 1742 3788 εὐθὺς
1772 3726 1943 3778 ἑστῶ-

365 3847 458 3894 τες
483 3826 625 3900 ἦσαν
657 3830 714 3880 ὲν
742 3829 862 3886 ταῖς
906 3824 1096 3888 αὐλαῖς
1153 3840 1246 3875 σου
1290 3825 1355 3893 τῇ
1383 3822 1622 3892 δοκήσειο
1651 3821 1805 3883 ἔδοξα
1841 3819 1942 3888 μὲν

373 3924 485 3993 γὰρ
517 3921 739 3975 ἑστάναι
764 3920 821 3970 ὲν
847 3917 1060 3979 αὐταῖς,
1085 3913 1228 3983 οὕτω
1245 3913 1341 3984 τῆς
1372 3912 1608 3982 σφοδρᾶς
1642 3909 1940 3980 ἐπιθυμίας

372 4012 942 4087 παρασκευασθείσης.

448 4216 850 4288 Ἰερουσαλὴμ
902 4209 1370 4282 οἰκοδομουμένη
1464 4209 1545 4274 ὡς
1608 4207 1804 4273 πόλις.
1869 4201 1940 4258 Ὦ

378 4310 738 4383 Ἰερουσαλὴμ
785 4305 1218 4375 οἰκοδομουμένη
1296 4300 1372 4364 ὡς
1419 4300 1574 4362 πόλις
1619 4299 1789 4354 πάλαι
1836 4316 1936 4351 κυ-

369 4406 520 4476 ρίως.

2053 1873 2242 1942 repetit
2267 1877 2617 1937 sententiam,
2643 1892 2947 1931 sermonem
2968 1880 3321 1944 conﬁrmans,
3347 1893 3400 1936 et
3420 1885 3618 1938 divinas

2051 1963 2414 2032 protectionis
2454 1965 2730 2020 desiderio
2762 1983 2861 2022 nos
2907 1969 3229 2033 exhortans,
3283 1983 3340 2024 ut
3385 1989 3480 2042 per
3527 1991 3618 2032 re-

2048 2067 2216 2122 ctam,
2245 2071 2404 2126 quam
2433 2057 2691 2120 diximus,
2715 2058 2976 2114 virtutum
3000 2061 3252 2116 semitam
3274 2063 3614 2121 incedamus.

2049 2147 2145 2202 Vel
2185 2167 2197 2201 :
2237 2148 2523 2204 Custodiet
2557 2165 2756 2220 corpus
2795 2162 2947 2206 tuum
2997 2161 3052 2208 et
3080 2155 3317 2209 animam
3359 2163 3508 2212 tuam
3548 2159 3621 2214 ab

2048 2241 2198 2293 ntnni
2237 2241 2499 2309 periculo.

2122 2333 2288 2387 Vens.
2325 2334 2380 2390 8.
2425 2336 2684 2391 Dominus
2724 2338 2978 2392 custodiet
3028 2341 3300 2396 introitum
3363 2353 3514 2418 tuum
3566 2356 3619 2400 et

2047 2427 2250 2479 exitum
2294 2437 2464 2480 tuum.
2502 2426 2615 2481 lloc
2667 2437 2771 2492 est,
2817 2435 3299 2486 conversationem
3359 2443 3413 2488 et
3448 2435 3616 2489 vitam

2051 2524 2220 2569 tuam.
2266 2517 2358 2570 Vel
2400 2517 2704 2586 ingressum
2748 2517 2804 2571 in
2846 2519 2984 2573 banc
3021 2521 3206 2585 vitam,
3241 2531 3292 2574 et
3319 2523 3522 2576 exitum
3550 2540 3615 2578 es

2048 2621 2134 2661 ea.
2174 2605 2266 2660 Vel
2301 2621 2516 2661 omnem
2563 2609 2756 2676 vitam,
2793 2623 2917 2680 quae
2957 2611 3010 2664 in
3063 2611 3314 2681 ingressu
3363 2621 3522 2684 atque
3562 2617 3618 2671 in

2047 2699 2194 2754 exitu
2223 2699 2574 2770 perspicitur.

2116 2878 2202 2931 Ex
2239 2895 2376 2931 nunc
2413 2889 2460 2932 et
2496 2897 2656 2952 usque
2681 2882 2733 2934 in
2754 2883 3026 2938 sicculum.
3063 2882 3174 2938 Hoc
3197 2894 3279 2940 est
3311 2896 3364 2940 et
3393 2886 3444 2940 in
3471 2885 3616 2941 futu-

2046 2986 2166 3026 rum
2225 2971 2308 3026 vel
2341 2988 2514 3042 usque
2555 2974 2609 3026 in
2643 2978 2902 3028 saeculum
2943 2977 3066 3030 vitae
3093 2987 3221 3030 tuae.

2509 3065 2786 3120 Canticum
2821 3083 3154 3124 ascensuum.

2560 3159 2879 3214 PSALMUS
2911 3159 3095 3215 CXXI.

2121 3251 2284 3306 Vsus.
2322 3253 2374 3306 1.
2410 3250 2644 3306 ιαἰαιιιε
2668 3269 2780 3304 sum
2803 3253 2856 3305 in
2884 3255 2985 3315 Itis,
3008 3269 3124 3322 qua:
3150 3266 3293 3309 aucta
3317 3265 3435 3310 sunt
3465 3258 3618 3325 milis,

2050 3344 2114 3397 In
2145 3345 2356 3398 domum
2392 3343 2601 3398 Domini
2640 3345 2853 3400 ibimus.
2901 3345 3225 3415 Hujusmodi
3265 3350 3424 3404 verba
3471 3351 3622 3407 dice-

2051 3439 2202 3497 bant.
2269 3452 2391 3491 cum
2453 3437 2791 3501 incederent,
2847 3446 2901 3492 et
2952 3439 3438 3508 proﬁciscerentur
3489 3458 3618 3498 cum

2048 3527 2268 3593 gaudio.

2123 3636 2283 3692 Vsus.
2316 3639 2372 3692 ξ’..
2411 3638 2623 3693 Stantes
2647 3652 2795 3693 erant
2833 3642 2988 3708 pedes
3022 3645 3190 3698 nostri
3222 3644 3274 3696 in
3319 3647 3458 3699 aulis
3487 3645 3619 3714 tuis,

2046 3729 2363 3783 Jerusalem.
2397 3729 2532 3784 Cum
2567 3732 2822 3798 prazdicta
2855 3733 3206 3788 audissemus
3232 3734 3416 3797 verba,
3453 3736 3618 3803 pedes

2050 3820 2222 3874 nostri
2293 3820 2444 3873 illico
2501 3828 2712 3874 stantes
2765 3829 2921 3874 erant
2977 3819 3030 3873 in
3094 3821 3235 3874 aulis
3290 3818 3616 3887 Jerusalem,

2049 3914 2309 3982 opinione
2338 3911 2570 3977 scilicet,
2623 3927 2718 3967 seu
2771 3913 3114 3982 reputatione
3176 3920 3388 3966 nostra.
3457 3911 3618 3969 Visus

2048 4005 2193 4060 enim
2230 4005 2358 4058 inibi
2387 4020 2507 4059 sum
2547 4004 2660 4059 illic
2684 4007 3004 4070 consistere,
3033 4006 3109 4060 ita
3145 4006 3328 4060 animo
3353 4006 3618 4076 imagina-

2050 4107 2162 4162 tus,
2190 4095 2260 4150 ob
2292 4096 2588 4150 vehemens
2617 4094 2806 4163 patriae
2829 4093 3189 4150 desiderium.

2119 4203 2284 4258 Vens.
2321 4204 2374 4257 3.
2419 4202 2716 4257 Jerusalem
2759 4201 3057 4270 wdiﬁcata,
3104 4211 3159 4254 ut
3212 4201 3419 4255 civitas.
3450 4199 3494 4256 0
3525 4199 3616 4256 le—

2047 4299 2325 4360 rusalem,
2381 4312 2502 4366 qua:
2567 4296 2737 4362 olim,
2796 4307 2854 4348 ιιι
2915 4310 3043 4350 vera
3098 4295 3294 4349 civitas
3351 4304 3608 4351 constru-

2047 4400 2130 4444 cta
2170 4405 2248 4445 88.

438 4513 545 4583 Ἦς
579 4519 615 4584 ἡ
643 4514 869 4585 μετοχὴ
912 4510 1101 4578 αὐτῆς
1137 4509 1234 4562 ἐπὶ
1266 4509 1331 4560 τὸ
1365 4506 1532 4558 αὐτό.
1581 4503 1718 4557 Καθ’
1753 4503 1936 4570 ἓτερον

2072 4463 2288 4574 *διῄτα
2330 4503 2674 4574 participatis
2737 4501 2853 4572 ejus
2899 4503 2952 4557 in
3002 4502 3256 4571 idipsum.
3313 4501 3406 4557 Vel
3455 4501 3613 4572 juxta

363 4612 422 4664 δὲ
453 4606 815 4679 ὲρμηνευτὴν,
847 4599 960 4667 Ἷις
990 4603 1029 4670 ἡ
1074 4597 1376 4668 συνάφεια
1422 4593 1597 4664 ὁμοῦ,
1637 4594 1941 4656 τουτέστιν,

364 4695 472 4763 Ἧς
491 4699 560 4751 τὰ
595 4697 844 4766 μετόχια,
875 4695 943 4746 τὰ
969 4691 1184 4760 συναφῆ
1207 4688 1622 4758 οἰκοδομήματα
1660 4683 1818 4756 ὁμοῦ,
1853 4683 1941 4736 διὰ

365 4796 424 4848 τὸ
455 4791 662 4862 πλῆθος
688 4789 795 4844 τῶν
831 4786 1145 4841 οἰκούντων.

447 5077 610 5134 Ἐκεῖ
654 5077 762 5147 γὰρ
809 5077 1118 5142 ἀνέϐησαν
1147 5073 1208 5125 al
1230 5071 1440 5140 φυλαὶ,
1472 5070 1661 5138 φυλαὶ
1695 5069 1936 5136 Κυρίου.

367 5170 540 5226 Τοῦτο
575 5171 832 5241 μέγιστον
867 5170 1141 5238 ἐγκώμιον
1180 5167 1345 5220 αὑτοῦ
1375 5168 1632 5218 ποιεῖται.
1663 5166 1774 5234 Οὐχ
1799 5163 1941 5217 οὕτω

369 5263 479 5336 γὰρ
529 5263 815 5332 ἐκοσμεῖτο
844 5261 921 5331 τῷ
953 5259 1180 5330 μεγέθει
1216 5259 1312 5312 καὶ
1341 5260 1451 5321 τοῖς
1491 5257 1938 5326 οἰκοδομήμασιν,

367 5357 443 5421 ὡς
471 5356 549 5426 τῷ
579 5356 759 5417 πάσας
782 5353 881 5417 τὰς
914 5353 1085 5422 φυλὰς
1114 5350 1336 5423 Ἰσραὴλ
1383 5350 1502 5421 τρὶς
1528 5350 1644 5402 ἐκεῖ
1679 5347 1937 5415 συλλέγε-

376 5449 502 5502 σθαι
555 5447 789 5500 ἑκάστου
844 5448 997 5508 ἔτους
1038 5449 1096 5498 ὲν
1133 5447 1253 5506 ταῖς
1325 5443 1646 5513 δημοτελέσι
1695 5441 1939 5511 πανηγύ-

367 5556 541 5614 ρεσιν,
581 5539 641 5591 ὲν
678 5536 756 5608 τῷ
792 5539 1001 5621 Πάσχα,
1040 5537 1102 5588 ὲν
1127 5538 1196 5606 τῇ
1235 5535 1605 5604 Πεντηκοστῇ,
1649 5533 1744 5586 καὶ
1786 5535 1845 5585 ὲν
1872 5535 1937 5602 τῇ

369 5633 740 5702 Σκηνοπηγηίᾳ.
760 5629 1056 5699 Ἐκεὶνγὰρ,
1086 5645 1199 5699 φησ
1223 5645 1252 5681 ν
1274 5667 1290 5691 ,
1323 5626 1593 5695 ἀνέϐησαν
1638 5626 1804 5678 πάλαι
1833 5624 1940 5692 πρὸ

365 5725 462 5793 τῆς
487 5722 864 5793 αἰχμαλωσίας
880 5758 898 5786 ,
920 5721 1035 5773 ἐκεῖ
1057 5719 1423 5789 συνελέγοντο.
1445 5719 1621 5782 Φυλὰς
1647 5717 1702 5771 δὲ
1726 5716 1934 5786 Κυρίου

2044 4601 2211 4655 alium
2245 4598 2596 4667 interpretem
2636 4613 2648 4648 :
2696 4595 2860 4664 Cujus
2910 4595 3230 4666 contiguitas
3289 4593 3456 4647 simul
3512 4603 3613 4655 est,

2046 4693 2146 4746 hoc
2177 4700 2280 4755 est,
2309 4689 2482 4758 Cujus
2540 4687 2997 4758 participationes
3047 4697 3211 4754 atque
3243 4685 3616 4740 habitationes

2041 4788 2110 4839 ob
2142 4784 2566 4839 inhabitantium
2595 4781 3004 4836 multitudinem
3041 4781 3312 4849 contigua:
3367 4786 3533 4848 atque
3555 4777 3612 4831 in

2045 4891 2211 4928 unum
2248 4887 2510 4928 connexa:
2541 4881 2695 4927 sunt.
2734 4870 2888 4939 (Nam
2929 4869 3074 4939 quod
3107 4871 3184 4923 ait
3212 4884 3227 4923 :
3275 4868 3329 4921 in
3359 4869 3613 4937 idipsum,

2045 4967 2186 5021 idem
2219 4973 2324 5030 est,
2355 4964 2500 5034 quod
2535 4980 2663 5028 una,
2707 4973 2798 5017 aut
2827 4963 3036 5028 simul.)

2116 5078 2283 5134 Vsus.
2311 5078 2364 5132 4.
2399 5077 2540 5131 Illuc
2577 5077 2714 5130 enim
2777 5076 3128 5129 ascenderunt
3186 5076 3356 5128 tribus
3385 5111 3400 5136 ,
3441 5071 3615 5123 tribus

2047 5171 2279 5226 Domini.
2315 5170 2428 5225 Hoc
2457 5171 2525 5225 ad
2569 5170 2863 5223 maximam
2913 5167 3218 5223 Jerusalem
3271 5162 3483 5217 laudem
3524 5161 3609 5215 di-

2043 5273 2190 5320 ctum
2232 5269 2335 5316 est.
2373 5262 2562 5331 Neque
2592 5261 2738 5314 enim
2771 5261 2904 5314 adeo
2938 5256 3310 5328 magnitudine
3365 5268 3486 5323 sua,
3515 5261 3611 5307 aut

2043 5354 2398 5411 aediﬁciorum
2455 5354 2754 5408 structuris
2785 5360 2976 5406 ornata
3031 5360 3166 5408 erat.
3205 5355 3469 5414 quantum
3501 5360 3611 5398 una

2045 5449 2147 5502 hac
2173 5463 2251 5512 re,
2293 5445 2439 5517 quod
2471 5447 2738 5500 universa:
2775 5443 2955 5497 tribus
2989 5441 3170 5510 populi
3209 5438 3400 5500 Israel.
3436 5445 3520 5492 ter
3550 5436 3612 5492 in

2044 5555 2212 5604 anno,
2235 5540 2368 5593 illuc
2398 5537 2893 5607 congregabantur,
2924 5531 3147 5603 quando
3195 5538 3345 5587 totus
3377 5529 3612 5600 populus

2045 5633 2098 5686 in
2132 5645 2301 5684 unum
2347 5629 2755 5689 conveniebat;
2800 5625 2853 5677 in
2901 5624 3174 5680 Paschate
3233 5622 3518 5680 nimirum.
3554 5621 3612 5674 in

2043 5723 2383 5782 Pentecoste,
2413 5727 2574 5787 atque
2607 5717 2659 5772 in
2694 5716 3075 5789 Sccnopegiis.
3113 5715 3242 5772 Illuc
3282 5714 3450 5786 igitur
3473 5712 3610 5768 olim
