4102 6206
576 317 711 385 1191

1787 320 2173 381 EUTHYMII
2212 321 2573 382 ZIGABENI

3673 318 3814 384 1192

563 448 692 492 ante
740 435 1112 505 captivitatem
1144 436 1515 492 ascenderunt
1560 436 1735 492 tribus
1767 437 1960 501 Israel,
2011 437 2125 490 illut

2244 440 2450 502 ταύτας
2481 439 2790 508 ὠνόμασεν,
2828 439 2903 504 ὡς
2931 439 3058 494 λαὸν
3081 439 3246 493 αὐτοῦ
3272 482 3286 504 ,
3314 440 3388 503 ὡς
3417 439 3509 493 ὑπ’
3538 438 3700 494 αὐτοῦ
3725 458 3813 494 τε·

563 528 1062 598 congregabantur.
1099 528 1312 582 Domini
1338 538 1517 582 autem
1551 528 1730 583 tribus
1761 543 1855 583 eas
1893 527 2135 598 appella-

561 619 661 683 vit,
694 626 952 687 tanquam
988 620 1315 688 peculiarem
1347 620 1438 674 Dei
1463 621 1747 690 populum,
1769 620 1851 675 vel
1878 631 2133 689 tanquam

563 710 738 765 tribus
768 725 798 764 a
838 709 945 763 Deo
983 709 1290 765 ordinatas.

632 802 1010 857 Testimonium
1040 804 1141 871 ipsi
1166 803 1362 861 Israel.
1384 803 1516 870 Qum
1551 819 1657 866 res,
1684 804 1883 875 inquit,
1910 804 2137 858 demon-

559 894 756 951 stratio
809 894 1057 963 quaedam
1090 902 1178 951 est
1237 911 1345 950 non
1386 896 1629 967 vulgaris
1670 896 1774 966 ipsi
1834 895 2136 948 Israelitico

559 986 786 1055 populo,
819 986 1018 1042 divina:
1056 988 1464 1057 promissionis,
1491 1004 1612 1058 quae
1634 988 1794 1051 tinem
1828 1001 1990 1040 suum
2018 986 2132 1054 jam

558 1087 643 1133 est
683 1087 1000 1133 consecuta.
1033 1079 1168 1133 Nam
1232 1086 1287 1134 et
1342 1080 1766 1149 multiplicatum
1826 1086 1908 1133 est
1948 1092 2133 1132 semen

560 1170 862 1231 Abraham.
900 1182 955 1227 et
1005 1174 1392 1243 promissionis
1453 1181 1656 1228 terram
1710 1172 1967 1227 obtinuit.
2038 1167 2132 1223 Vel

559 1265 892 1319 contestatio
932 1266 1047 1320 haec
1076 1265 1177 1320 fuit
1210 1259 1409 1336 popqu
1440 1266 1629 1321 Israel.
1666 1266 2017 1318 Contestatus
2044 1270 2133 1315 est

558 1368 741 1412 autem
779 1357 943 1424 Deus,
986 1359 1132 1429 quod
1158 1361 1481 1430 aliquando,
1510 1369 1565 1413 ct
1594 1359 1763 1413 certis
1793 1354 2134 1425 temporibus

558 1449 668 1503 illic
683 1460 866 1504 essent
894 1452 1282 1522 eongregandi.
1309 1451 1456 1506 Ordo
1479 1460 1596 1505 est:
1629 1450 1766 1502 Illuc
1797 1448 2137 1501 ascenderunt

556 1544 749 1607 tribus,
786 1554 840 1598 et
900 1562 1022 1615 qua:
1052 1555 1361 1615 sequuntur
1390 1586 1405 1611 ,
1443 1546 1515 1598 ita
1577 1552 1634 1598 ut
1680 1543 1923 1596 abundet
1970 1539 2140 1593 dictio

2243 533 2546 601 ταγμὲνας.

2314 800 2653 866 Μηρτύριον
2694 796 2775 861 τῷ
2829 798 3087 865 Ἰσραήλ.
3136 796 3436 861 ’Δπόδειξις
3465 796 3543 868 τῷ
3571 798 3681 866 λαῷ
3709 800 3811 869 τῆς

2246 890 2661 959 περατωῦείσης
2714 889 3064 959 ὑποσχέσεως
3090 889 3181 942 τοῦ
3211 888 3365 952 λαοῦ,
3396 890 3476 942 ὅτι
3504 890 3810 962 ἐπληθύνθη

2239 980 2299 1032 τὸ
2328 981 2549 1049 σπέρμα
2574 978 2666 1032 τοῦ
2701 978 2971 1048 Ἀϐραὰμ,
3000 979 3093 1030 καὶ
3114 978 3212 1046 τὴν
3230 977 3332 1045 γῆν
3360 977 3457 1045 τῆς
3485 977 3812 1044 ἐπαγγελίας

2238 1072 2703 1142 ἐκληρονόμησεν.
2743 1071 2815 1124 “Il
2845 1071 3213 1141 διαμαρτυρία
3235 1071 3313 1139 τῷ
3343 1071 3479 1139 λαῷ.
3512 1072 3813 1141 Διεμαρτύ-

2242 1182 2370 1236 ρατο
2400 1165 2507 1233 γὰρ
2539 1163 2685 1233 αὑτῷ
2706 1165 2731 1217 ὁ
2756 1163 2886 1224 Θεὸς
2917 1165 3094 1215 ἐκεῖσε
3143 1162 3497 1229 συλλέγεσθαι
3524 1165 3663 1216 κατὰ
3686 1168 3814 1226 τοὺς

2242 1261 2565 1331 εἰρημένους
2597 1257 2849 1328 καιρούς.
2892 1257 2958 1308 'H
2999 1256 3054 1308 δὲ
3090 1254 3342 1321 σύνταξις
3387 1255 3558 1317 οὕτως
3587 1272 3601 1288 θ
3652 1255 3819 1309 Ἐκεῖ

2243 1350 2551 1413 ἀνέϐησαν
2580 1346 2788 1416 φυλαὶ,
2840 1343 3251 1414 περιττεύοντος
3280 1342 3375 1396 τοῦ
3408 1342 3541 1411 γάρ.
3593 1343 3779 1413 Ἀνέὸη

2248 1460 2371 1506 σαν,
2405 1441 2592 1511 φησιν,
2618 1439 2704 1491 διὰ
2744 1436 3026 1507 μαρτύρια
3078 1436 3171 1489 καὶ
3199 1435 3468 1499 κέλευσιν,
3497 1434 3682 1503 ἤγουν,
3704 1451 3813 1486 κα-

2243 1536 2311 1588 τὰ
2341 1534 2590 1586 κέλευσιν
2631 1530 2801 1584 Θείαν.

553 1638 692 1689 enim
730 1638 806 1702 (et
843 1638 986 1706 (μιυά
1021 1640 1095 1690 ait
1130 1656 1145 1691 :
1184 1638 1559 1692 Testimonium
1598 1637 1700 1706 ipsi
1732 1634 1927 1697 Israel,
1962 1630 2265 1687 tlel‘ectivus
2293 1635 2378 1682 est
2440 1640 2650 1681 sermo.
2720 1620 3185 1721 Spbintrlligenda
3247 1619 3394 1674 enim
3470 1625 3553 1721 est
3618 1618 3813 1721 dictio.

546 1728 756 1795 juxta),
797 1738 853 1780 nt
883 1728 955 1781 sit
990 1743 1211 1791 sensus,
1251 1728 1394 1798 quod
1426 1729 1552 1783 illuc
1583 1724 2124 1793 ascenderuntjuxta
2167 1717 2628 1775 contestationem
2661 1723 2713 1770 et
2740 1715 2986 1770 divinum
3023 1714 3367 1776 mandatum,
3432 1726 3464 1767 a
3500 1711 3605 1764 Deo
3673 1710 3812 1763 olim

556 1818 760 1872 factum
800 1818 901 1888 ipsi
941 1822 1163 1889 populo.

628 1911 710 1963 Ad
741 1911 1102 1979 conﬁtendum
1134 1912 1337 1965 nomini
1372 1910 1605 1969 Domini.
1661 1912 1779 1968 I'Ioc
1803 1922 1905 1977 est,
1940 1917 1999 1965 ut
2033 1923 2125 1980 per

2314 1898 2424 1952 Τοῦ
2475 1896 3042 1967 ἐξομολογήσασθαι
3103 1894 3183 1959 τῷ
3244 1894 3489 1963 ὀνόματι
3545 1895 3761 1963 Κυρίου
3793 1932 3809 1947 .

549 2002 804 2056 divinum
862 2004 1075 2057 cultmn
1108 2021 1134 2056 a
1169 2007 1285 2074 lege
1315 2006 1657 2072 ordinatum,
1687 2006 1989 2075 condignas
2026 2004 2133 2058 Deo

548 2096 756 2165 gratias
786 2106 1032 2166 agerent.

624 2186 794 2243 Vens.
829 2189 882 2242 5.
928 2188 1065 2253 Quia
1099 2190 1210 2243 illic
1262 2190 1540 2246 collocata:
1573 2200 1693 2245 sunt
1720 2190 1866 2245 sedes
1897 2192 1948 2244 in
1976 2191 2128 2260 judi—

550 2279 709 2333 cium.
753 2279 892 2336 Ecce
918 2282 1023 2334 alia
1062 2280 1180 2336 laus
1212 2284 1363 2336 urbis
1400 2283 1703 2336 Jerusalem
1737 2302 1749 2336 :
1787 2284 1901 2337 Illic
1928 2283 2126 2337 etenim

555 2371 785 2424 stabiliti
823 2379 975 2436 sunt,
1007 2373 1211 2442 inquit,
1250 2377 1462 2444 regales
1522 2377 1714 2429 throni
1757 2375 1823 2429 ad
1868 2361 2125 2445 portulqu

548 2460 935 2527 iudicandum.

628 2549 791 2605 Sedes
848 2570 1006 2619 super
1035 2556 1249 2607 domum
1293 2555 1481 2609 David.
1544 2556 1657 2612 Iloc.
1708 2567 1808 2621 cst,
1853 2559 1908 2613 In
1943 2561 2127 2624 domo,

555 2656 651 2696 seu
691 2643 742 2696 in
775 2646 972 2713 palatio
1005 2645 1205 2713 David;
1244 2649 1325 2701 vel
1360 2651 1535 2717 primo
1570 2651 1692 2703 looo
1728 2653 1887 2706 sedes
1937 2669 2123 2708 sat-er-

552 2733 744 2790 dotum
779 2737 939 2802 dixit,
974 2739 1219 2794 secundo
1252 2750 1434 2794 autem
1466 2742 1585 2795 loco
1624 2744 1802 2813 regias
1835 2744 2015 2799 sedes.

621 2829 787 2885 Vens.
819 2830 873 2884 6.
916 2829 1253 2903 Interrogata
1301 2851 1419 2904 qum
1446 2835 1514 2886 ad
1546 2852 1727 2903 pacem
1779 2846 1901 2889 sunt
1958 2838 2126 2906 ipsam

549 2921 868 2978 Jerusalem.
930 2926 1009 2979 Ad
1044 2926 1246 2995 ipsam,
1304 2928 1503 2995 inquit,
1541 2927 1841 2984 Jerusalem
1900 2931 2126 2998 paciﬁca

550 3015 843 3083 loquimini
874 3016 1066 3071 verba.
1114 3017 1225 3072 Pax
1257 3020 1469 3074 scilicet
1491 3020 1561 3075 sit
1597 3021 1724 3087 tibi;
1760 3036 1861 3090 pax
1900 3022 2124 3090 populo.

552 3105 827 3177 Deinceps
848 3112 1051 3162 etenim
1094 3111 1444 3175 immensam,
1484 3121 1670 3182 atque,
1726 3122 1783 3165 ut
1819 3112 1890 3164 ita
1919 3112 2124 3177 dicam,

554 3197 877 3266 profundam
913 3213 1101 3267 pacem
1163 3199 1386 3253 habebit
1417 3210 1469 3253 et
1505 3202 1783 3270 gaudium.
1810 3202 1966 3255 Alius
1996 3218 2125 3257 vero

549 3289 831 3358 interpres
866 3303 879 3339 :
914 3288 1160 3341 Salutate
1194 3307 1329 3351 eam,
1359 3291 1520 3343 dixit.

631 3377 696 3431 Et
752 3378 1085 3431 abundantia
1127 3378 1470 3444 diligentibus
1528 3390 1594 3434 te.
1647 3383 1713 3435 Et
1767 3385 2125 3441 abundabunt

556 3484 666 3522 non
705 3470 783 3521 tui
812 3477 1023 3522 tantum
1044 3470 1211 3535 cives,
1235 3474 1325 3526 sed
1359 3472 1555 3527 vicina:
1578 3475 1741 3527 etiam
1770 3486 1980 3544 gentes,
2005 3496 2127 3548 quae

555 3573 608 3613 te
638 3561 887 3627 diligunt.
913 3560 1262 3633 Propltetiam
1280 3572 1463 3619 autem
1490 3570 1913 3649 contineut'buse
1939 3574 2123 3628 verba.

625 3649 785 3706 Vens.
816 3653 869 3707 7.
903 3653 1021 3706 I'iat
1046 3671 1152 3715 pax
1188 3657 1240 3709 in
1278 3658 1465 3711 virtute
1500 3668 1611 3712 tua.
1645 3660 1800 3716 Alius
1829 3672 2009 3717 autem
2046 3668 2128 3718 in-

548 3751 767 3813 terpres
795 3744 848 3798 in
882 3744 1070 3799 futuro
1104 3745 1263 3811 dixit,
1297 3749 1432 3803 Fiet.
1470 3747 1573 3804 Per
1628 3751 1885 3805 virtutem
1917 3764 2123 3820 autent,

548 3836 696 3904 ipsos
726 3834 942 3890 Iudaici
982 3840 1168 3907 populi
1208 3841 1411 3897 milites
1447 3844 1724 3913 intelligit,
1768 3846 1967 3911 quibus
2004 3864 2127 3903 cer-

548 3928 763 3984 tissima
795 3932 899 3983 erit
928 3946 1049 4000 pax,
1084 3931 1128 3985 si
1156 3932 1379 3996 bellum,
1409 3944 1503 3986 ant
1539 3935 1751 3990 hostem
1786 3938 1995 3991 nullum
2030 3940 2126 3993 ba-

548 4019 790 4074 buerint.

618 4111 687 4164 Et
715 4113 1043 4167 abundantia
1071 4114 1123 4167 in
1156 4117 1388 4170 turribus
1416 4120 1538 4171 tuis.
1567 4119 1720 4175 Alius
1755 4122 1915 4176 etiam
1952 4124 2121 4179 inter-

546 4219 699 4272 pres,
725 4204 790 4257 Et
818 4206 1017 4260 divitite
1040 4207 1095 4259 in
1121 4210 1273 4277 regiis
1294 4211 1584 4277 tuis,dixit;
1614 4223 1665 4265 et
1695 4214 1942 4269 alius:ln
1961 4219 2121 4285 septis

548 4297 673 4349 tuis.
724 4293 855 4350 Illud
884 4298 1047 4351 etiam
1077 4299 1361 4354 sciendum
1389 4313 1494 4365 est,
1523 4305 1667 4372 quod
1706 4304 1759 4358 in
1795 4304 1981 4361 Gtmca
2042 4310 2116 4363 le-

544 4388 749 4455 ctione;
778 4404 884 4443 non
929 4390 985 4443 in
1021 4392 1256 4446 turribus
1290 4393 1619 4461 simpliciter
1645 4396 1901 4466 legimus,
1933 4400 2026 4454 sed
2063 4401 2117 4454 in

546 4479 926 4550 πυργοὸάρεσι
959 4497 974 4535 :
1012 4497 1116 4550 qua
1144 4483 1386 4538 dictione
1414 4486 1517 4538 hoc
1551 4487 1603 4539 in
1632 4489 1753 4543 loco
1779 4490 1978 4545 mmnia
2002 4500 2117 4546 tur—

543 4569 701 4623 ribus
731 4571 1095 4640 circumsepta
1126 4587 1191 4626 ac
1213 4573 1421 4627 munita
1453 4577 1833 4645 intelligimus.

617 4660 775 4714 Vens.
806 4662 854 4715 8.
896 4662 1120 4731 Propter
1142 4664 1336 4731 fratres
1378 4683 1537 4728 meos,
1566 4669 1623 4721 et
1657 4672 1929 4737 proximos
1980 4689 2119 4727 meos

543 4748 795 4817 loquebar
850 4767 1035 4818 pacem
1081 4752 1146 4806 de
1205 4764 1273 4807 te.
1324 4754 1608 4825 Propheta:
1653 4760 1818 4814 verba
1861 4772 1990 4815 sunt
2050 4763 2117 4815 ad

544 4843 714 4909 ipsam
750 4842 1076 4900 Jerusalem.
1116 4845 1344 4916 Propter
1369 4862 1657 4920 cognatos,
1713 4853 1911 4922 inquit,
1965 4870 2115 4909 meos

547 4932 843 4999 Israelitas,
872 4945 926 4988 et
977 4948 1199 5006 propter
1247 4940 1424 4996 tribus
1481 4942 1725 5011 ejusdem
1780 4945 1984 5013 populi,
2024 4962 2114 4998 ro-

542 5026 735 5093 gabam
791 5042 978 5095 pacem
1016 5045 1114 5099 pro
1167 5040 1220 5085 te
1257 5047 1271 5085 :
1308 5042 1368 5086 ut
1434 5036 1511 5088 illi
1567 5036 1824 5091 nimirum
1881 5040 1935 5093 in
1990 5056 2121 5110 pace

542 5114 800 5184 degentes
834 5128 888 5172 et
921 5118 1092 5173 Deum
1129 5138 1290 5176 suum
1329 5126 1598 5189 colerent,
1651 5138 1705 5181 ct
1744 5144 1842 5197 pro
1879 5134 2122 5202 acceptis

544 5206 827 5263 beneﬁciis
853 5210 1158 5280 condignas
1186 5214 1235 5267 ei
1267 5216 1474 5281 gratias
1523 5226 1768 5287 agerent.

616 5288 781 5356 Vnus.
812 5302 865 5356 9.
905 5302 1130 5373 Propter
1157 5305 1371 5359 domum
1398 5306 1609 5361 Domini
1633 5308 1731 5362 Dei
1758 5315 1946 5376 nostri,
1975 5331 2116 5384 qutu-

542 5391 637 5443 sivi
669 5391 805 5445 bona
845 5394 963 5448 tibi.
995 5393 1227 5466 Propter
1262 5413 1480 5452 sacrum
1515 5398 1606 5454 Dei
1653 5404 1936 5471 templum,
1970 5408 2115 5475 quod

546 5488 597 5538 in
685 5497 736 5542 te
785 5500 1170 5547 constructum
1239 5503 1363 5555 est.
1421 5496 1873 5566 tranquillitatem
1956 5511 2117 5572 atque

544 5577 935 5634 abundantiam
975 5584 1074 5638 tibi
1128 5585 1374 5641 studiose
1416 5589 1648 5655 quaesivi
1683 5606 1697 5644 :
1732 5600 1789 5644 ut
1833 5597 2114 5663 proprium

609 5669 753 5722 ilicet
789 5680 954 5741 atque
1028 5677 1312 5745 antiquum
1360 5678 1617 5732 decorem
1664 5696 2019 5754 recuperares
2062 5696 2116 5742 et

604 5757 783 5813 vinum
817 5762 1021 5815 cultum
1048 5765 1161 5833 lege
1201 5767 1579 5823 constitutum.

2250 1992 2377 2044 Ἐπὶ
2436 1991 2513 2061 τῷ
2564 1990 2963 2061 ετῦχαριστῆσαι
3021 1988 3107 2041 διὰ
3165 1988 3262 2057 τῆς
3305 1985 3811 2057 νενομοθετημένης

2234 2084 2513 2154 λατρείας.

2307 2177 2437 2228 ’Ὅτι
2467 2173 2599 2227 ἐκεῖ
2639 2171 2928 2225 ἐκάθισαν
2958 2171 3153 2238 θρόνοι
3185 2171 3269 2234 εις
3294 2169 3513 2235 κρίσιν.
3558 2168 3690 2221 Ἰδοὺ
3712 2171 3809 2221 καὶ

2236 2267 2365 2319 ἄλλο
2387 2265 2485 2334 τῆς
2538 2262 2895 2331 Ἰερουσαλὴμ
2930 2260 3225 2329 ἐγκώμιον.
3270 2259 3419 2310 Ἐκεῖ
3447 2256 3578 2327 γὰρ,
3618 2260 3803 2326 φησιν,

2240 2357 2571 2428 ἱδρύνθησαν
2626 2354 2804 2423 θρόνοι
2854 2352 3152 2423 βασιλείας,
3222 2351 3300 2414 είς
3356 2350 3415 2403 τὸ
3468 2351 3671 2420 κρίνειν
3714 2351 3807 2401 τὸν

2236 2449 2384 2502 λαόν.

2308 2544 2516 2612 Θρόνοι
2545 2540 2638 2595 ἐπ’
2666 2536 2838 2595 οἶκον
2884 2540 3083 2594 Δαϐίδ.
3127 2540 3217 2592 Ἑν
3253 2539 3329 2609 τῷ
3359 2540 3492 2608 οἴκῳ
3529 2536 3707 2597 Δαεὶδ,
3740 2537 3803 2587 ἐν

2232 2640 2346 2698 τοῖς
2380 2635 2701 2704 ἀνακτόροις
2740 2633 2905 2687 Δαόίδ
2932 2650 2947 2664 ο
2980 2633 3012 2704 ἢ
3055 2633 3115 2685 τὸ
3144 2633 3360 2702 πρῶτον
3392 2633 3486 2701 μὲν
3515 2632 3684 2700 Ορηόνοι
3720 2630 3801 2682 ἱε-

2236 2728 2394 2797 ρέων,
2426 2727 2486 2779 τὸ
2508 2727 2761 2796 δεύτερον
2808 2725 2863 2779 δὲ
2894 2725 3072 2795 θρόνοι
3109 2725 3398 2794 βασιλέων.

2315 2814 2685 2882 Ἐρωτήσατε
2714 2814 2790 2882 δὴ
2830 2816 2900 2868 τὰ
2929 2816 3017 2879 εἰς
3059 2814 3310 2883 εἰρήνην
3356 2816 3471 2881 τὴν
3514 2816 3800 2881 Ἰερουσαο

2232 2903 2375 2974 λήμ.
2427 2905 2912 2976 Προσαγορεύσατε
2962 2905 3133 2975 αὐτὴν
3160 2907 3408 2978 εἰρηνικὰ
3433 2945 3447 2968 ,
3477 2908 3561 2959 ὅτι
3598 2906 3801 2977 Εἰρήνη

2234 3013 2336 3061 σοι,
2383 2998 2574 3065 εἰρήνη
2612 2998 2690 3065 τῷ
2736 2996 2851 3065 λαῷ
2884 3013 3016 3049 σου’
3047 2996 3140 3049 τοῦ
3190 2997 3375 3051 λοιποῦ
3418 2997 3529 3068 γὰρ
3582 2999 3801 3067 εἰρήνην

2231 3087 2341 3149 ἕξει
2372 3087 2597 3157 βαθεῖαν
2626 3089 2719 3141 καὶ
2744 3089 2941 3159 χαράν.
2956 3089 3181 3161 Ἕτερος
3204 3089 3259 3143 δὲ
3276 3091 3574 3161 ἑρμηνεὺς,
3591 3091 3805 3145 Ἀσπά-

2231 3182 2427 3234 σασθε
2454 3182 2669 3248 αὐτὴν,
2703 3179 2847 3234 εἶπε.

2302 3365 2411 3417 Kal
2440 3368 2686 3433 εὐθηνία
2708 3368 2831 3432 τοῖς
2847 3367 3124 3437 ἀγαπῶσί
3148 3386 3241 3424 σε.
3287 3372 3394 3424 Καὶ
3418 3371 3610 3440 εὖοτςνὴ
3622 3390 3811 3428 acuatu

2230 3457 2327 3527 οὐχ
2359 3460 2408 3510 οἱ
2441 3458 2657 3513 πολιταί
2690 3479 2781 3514 σου
2819 3463 3000 3532 μόνον,
3033 3463 3168 3516 ἀλλὰ
3198 3465 3423 3516 καὶτῶν
3448 3463 3601 3534 πέριξ
3630 3464 3810 3516 ιονιίν

2230 3550 2283 3602 οἱ
2316 3550 2639 3617 ἀγαπῶντες
2682 3571 2762 3608 σε.
2794 3556 3107 3627 Προφητεία
3142 3556 3197 3608 δὲ
3227 3556 3319 3609 καὶ
3347 3556 3521 3611 τοῦτο.

2301 3645 2580 3698 Γενέσθω
2619 3646 2695 3713 δὴ
2746 3648 2955 3715 εἰρήνη
2993 3648 3063 3702 ἐν
3108 3648 3182 3716 τῇ
3220 3648 3469 3717 δυνάμει
3497 3665 3635 3704 σου.
3672 3650 3805 3703 Καθ’

2229 3733 2414 3805 ἕτερον
2446 3738 2809 3809 ἐρμηνευτὴν,
2842 3739 3086 3794 ι’ἐνοιτο
3122 3742 3152 3810 ἢ
3185 3740 3524 3810 γενήσεται.
3560 3741 3799 3809 Δύναμιν

2228 3826 2283 3878 δὲ
2319 3828 2494 3898 αὐτῆς
2538 3829 2686 3898 λέγει
2747 3832 2876 3895 τοὺς
2904 3835 3241 3903 στρατιώτας
3276 3834 3467 3903 αὐτῆς,
3504 3828 3580 3888 ὧν
3608 3836 3793 3903 εἰρήνη

2227 3918 2287 3970 τδ
2317 3918 2390 3988 μὴ
2423 3921 2712 3990 μάχεσθαι,
2739 3923 2877 3993 μηδὲ
2910 3924 3053 3995 ἔχειν
3086 3925 3363 3994 πολέμιον.

2296 4140 2403 4194 Kal
2431 4144 2685 4211 εὐθηνὶα
2708 4145 2778 4197 ἐν
2808 4146 2931 4212 τοῖς
2966 4147 3370 4217 πιφγοϐἁρεσί
3400 4164 3537 4202 σου.
3571 4148 3799 4212 Ἔτερςς

2224 4236 2279 4290 δέ
2327 4254 2480 4309 φησι.
2533 4240 2643 4294 Kal
2693 4242 2957 4309 πλοῦτος
2997 4245 3066 4298 ἐν
3108 4245 3230 4310 τοῖς
3259 4245 3603 4308 βασιλείοις
3630 4260 3749 4297 σου
3780 4259 3797 4274 ·

2224 4329 2381 4392 ἄλλος
2404 4332 2480 4397 δὲ,
2523 4332 2627 4386 Ἐν
2656 4334 2779 4398 τοῖς
2798 4337 3135 4403 περιϐόλοις
3155 4354 3290 4391 σου.
3324 4337 3669 4407 Πυργόϐαοις
3688 4336 3797 4407 γάρ

2224 4420 2284 4472 τὸ
2310 4422 2650 4492 ὀχυρώτατον
2678 4425 2957 4497 τείχισμα.

2300 4683 2515 4737 Ἕνεκα
2567 4682 2686 4738 τῶν
2724 4685 3007 4757 ἀδελφῶν
3053 4706 3173 4757 μου
3239 4689 3335 4741 καὶ
3367 4688 3484 4742 τῶν
3519 4693 3801 4757 πλησίων

2221 4790 2341 4840 μου
2373 4774 2643 4830 ἐλάλουν
2670 4777 2746 4844 δὴ
2797 4780 3049 4847 εἰρήνην
3084 4782 3216 4849 περὶ
3275 4782 3414 4838 σοῦ.
3446 4781 3618 4835 Τοῦτο
3664 4782 3800 4851 πρὸς

2224 4867 2384 4919 αὑτὸν
2412 4869 2740 4939 ὁπροφήτης
2767 4871 2952 4941 φησίν·
2987 4873 3069 4923 ὅτι
3098 4872 3199 4925 Διὰ
3224 4873 3349 4935 τοὺς
3385 4876 3666 4939 συγγενεῖς
3696 4891 3797 4940 μου

2224 4960 2348 5021 τοὺς
2396 4960 2756 5031 Ἰσραηλίτας,
2790 4963 2879 5017 διὰ
2909 4964 3009 5026 τὰς
3038 4964 3211 5032 φυλὰς
3243 4964 3335 5018 τοῦ
3369 4965 3604 5037 Ἰσραὴλ,
3641 4966 3801 5034 ηὐχό-

2226 5067 2335 5119 μην
2363 5052 2587 5121 εἰρήνην
2649 5054 2790 5124 ὑπὲρ
2836 5053 2932 5107 σοῦ
2959 5072 2973 5087 ο
3013 5057 3123 5118 ἵνα,
3150 5057 3209 5109 ὲν
3256 5057 3448 5127 εἰρήνῃ
3496 5057 3797 5125 διάγοντες,

2221 5140 2533 5213 λατρεύωσι
2567 5145 2661 5197 καὶ
2690 5146 3063 5215 εὐχαριστῶσι
3097 5147 3174 5217 τῷ
3205 5147 3344 5217 Θεῷ.

2298 5326 2521 5381 Ἕνεκα
2545 5328 2653 5382 τοῦ
2679 5329 2852 5382 οῑκου
2877 5329 3100 5396 Κυρίου
3126 5328 3232 5382 τοῦ
3268 5328 3417 5401 θεοῦ
3446 5326 3616 5396 ἡμῶν
3664 5327 3797 5391 ἐξόο

2223 5416 2451 5485 ζήτησα
2485 5419 2679 5489 ἀγαθά
2700 5436 2820 5473 σοι.
2860 5419 2961 5473 Διά
2988 5421 3079 5473 τὸν
3113 5420 3240 5474 ναὸν
3282 5420 3373 5472 τὸν
3400 5422 3460 5472 ἐν
3501 5420 3586 5472 oo".
3614 5420 3796 5489 ιεεςη-

2228 5514 2484 5582 τησὰμην
2523 5530 2604 5565 σοι
2637 5514 2883 5583 γαλήνην
2947 5516 3045 5567 καὶ
3101 5514 3409 5584 εὐετηρίαν·
3462 5514 3552 5566 ἴνα
3588 5514 3686 5582 τὴν
3718 5517 3798 5565 οἰ-

2221 5604 2377 5656 κείαν
2405 5604 2689 5677 ἁπολάὃῃς
2713 5607 3073 5677 εὐπρέπειαν,
3131 5620 3227 5681 κατ
3272 5609 3669 5675 νενομισμένην
3702 5604 3798 5655 λα-

2220 5696 2431 5764 τρείαν.
