4102 6206
793 410 928 483 ᾨδὴ
964 407 1119 463 ἁτῶν
1172 403 1503 473 νασαθμῶν.

870 500 1163 560 ΨΑΛΜΟΣ
1229 501 1402 554 ΡΚΒ’.

420 603 575 674 Πρὸς
617 601 692 656 σὲ
733 597 846 670 ἦρα
873 597 1016 662 τοὺς
1054 595 1397 665 ὀφθαλμούς
1431 611 1566 661 μου,
1595 594 1701 646 τὸν
1727 607 1924 645 κατοι-

352 696 581 750 κοῦντα
610 695 679 747 ἐν
701 691 781 757 τῷ
807 691 1063 760 οὐρανῷ.
1098 689 1212 742 Καὶ
1246 680 1391 739 οὗτοι
1419 686 1498 737 ἔτι
1536 684 1830 738 ὁδευόντων
1875 684 1924 734 οἱ

356 787 526 856 λόγοι.
567 786 860 840 Κατοικεῖν
887 784 943 835 δὲ
984 784 1013 836 ὁ
1058 781 1188 844 Θεὸς
1221 782 1277 834 ὲν
1315 780 1392 850 τῷ
1434 777 1647 850 οὐρανῷ
1684 775 1925 845 λέγεται,

358 881 436 943 ὡς
460 881 581 943 ταῖς
614 879 732 931 ἐκεῖ
756 876 1021 946 καθαραῖς
1051 874 1145 927 καὶ
1184 873 1371 941 ἁγίαις
1395 870 1688 940 δυνάμεσιν
1723 870 1926 921 ἐπανα-

309 957 314 971 ’
360 968 689 1038 παυόμενος.
725 967 834 1020 Καὶ
855 968 963 1036 γὰρ
987 965 1079 1018 καὶ
1109 965 1238 1034 περὶ
1266 963 1373 1015 τῶν
1403 963 1496 1016 ἐπὶ
1520 963 1621 1031 γῆς
1646 961 1814 1028 ἁγίων
1843 961 1925 1012 εί-

361 1077 568 1130 ρηκενο
645 1056 972 1124 Ἐνοικήσω
1023 1058 1092 1110 ἐν
1162 1054 1389 1120 αὐτοῖς,
1445 1054 1541 1107 καὶ
1604 1054 1926 1121 ἐμπεριπα-

361 1167 547 1218 τησω.

442 1321 598 1375 Ἰδοὺ
631 1322 711 1387 ὡς
757 1319 1051 1390 ὀφθαλμοὶ
1087 1320 1323 1376 δούλων
1345 1325 1432 1389 εὶς
1454 1322 1650 1394 χεῖρας
1685 1322 1802 1376 τῶν
1828 1340 1931 1377 κυ-

1497 287 1884 353 COMMENT.
1926 285 2004 346 IN
2051 283 2414 346 PSALMOS.

1945 393 2001 453 Α

3453 286 3590 353 119i

2491 388 2767 446 Canticum
2809 405 3140 448 ascensuum.

2417 479 2839 537 PSALMUS
2914 483 3206 539 CXXII.

2102 576 2266 629 Vnus.
2309 576 2357 629 1.
2390 575 2473 629 Ad
2503 583 2550 628 te
2576 574 2737 629 levavi
2771 576 2950 629 oculos
2983 592 3144 641 meos,
3175 579 3263 646 qui
3305 579 3515 635 habitus
3544 583 3598 633 in

2029 668 2177 722 caelo.
2217 667 2290 720 Ex
2322 666 2569 736 ejusdem
2606 667 2792 737 populi
2840 682 3071 737 persona
3101 670 3501 739 proﬁciscentis
3543 674 3597 727 in

2031 763 2284 831 patriam,
2331 761 2557 830 legenda
2592 768 2720 814 sunt
2748 760 2861 814 luec
2893 760 3077 815 verba.
3127 761 3384 817 Habitare
3415 773 3596 819 autem

2034 851 2176 905 Deus
2224 851 2426 904 dicitur
2493 851 2547 904 in
2604 848 2768 914 cmlo,
2802 851 2968 904 veluti
3023 852 3115 920 qui
3174 851 3228 906 in
3283 857 3493 910 sanctis
3539 872 3600 909 ac

2031 941 2411 996 mundissimis
2449 940 2708 1011 angelicis
2741 941 3059 1009 virtutibus,
3092 944 3201 1000 illic
3227 946 3279 1000 in
3336 947 3475 1002 coelo
3503 949 3603 1002 ba-

2031 1032 2362 1096 bitantibus,
2395 1032 2713 1100 requiescit.
2751 1031 2887 1086 Nam
2919 1043 2974 1088 et
3016 1035 3084 1089 de
3126 1037 3356 1105 sanctis,
3407 1040 3498 1108 qui
3546 1041 3600 1094 in

2033 1136 2178 1182 terra
2215 1136 2363 1190 sunt,
2395 1128 2600 1182 dictum
2635 1128 2863 1199 legimus
2894 1147 2907 1183 :
2942 1129 3257 1186 Inltabitabo
3312 1134 3364 1187 in
3411 1138 3507 1199 eis,
3554 1147 3604 1190 et

2031 1221 2450 1274 inambulaba“.

2107 1311 2272 1366 Vens.
2311 1313 2364 1365 2.
2419 1312 2550 1366 Ecre
2603 1314 2740 1366 sirut
2793 1315 2934 1368 oculi
2980 1332 3247 1371 servorum
3301 1329 3369 1373 aa
3418 1336 3607 1374 manus

355 1413 502 1478 ρίων
533 1411 751 1478 αὐτῶν,
799 1415 880 1480 ὡς
916 1415 1209 1482 ὀφθαλμοί
1249 1414 1579 1481 παιδίσκης
1615 1417 1702 1480 εὶς
1731 1413 1934 1482 χεῖρας

2051 1405 2370 1458 laminarum
2413 1421 2654 1471 suorum,
2701 1407 2836 1460 sicut
2881 1406 3021 1460 oeuli
3061 1409 3272 1464 ancilla:
3312 1412 3381 1464 ad
3419 1429 3606 1468 manus

360 1500 471 1569 τῆς
528 1505 739 1570 κυρίας
801 1503 1024 1570 αὐτῆςμ
1080 1503 1268 1569 οὕτως
1308 1507 1360 1557 οἱ
1419 1503 1713 1572 ὀφθαλμοὶ
1767 1502 1935 1572 ἡμῶν

2051 1497 2264 1552 tominw
2308 1513 2436 1562 suae,
2483 1497 2559 1550 ita
2605 1497 2745 1551 oculi
2783 1499 2952 1552 nostri
3002 1500 3070 1552 ad
3115 1500 3399 1557 Dominum
3440 1505 3606 1560 Deum

361 1595 509 1662 πρὸς
547 1593 766 1662 Κύριον
795 1594 900 1648 τὸν
925 1594 1076 1648 Θεὸν
1108 1592 1298 1664 ἡμῶν,
1329 1595 1439 1661 ἕως
1467 1591 1539 1650 οὗ
1566 1594 1934 1664 οἰκτειρήσω

2051 1600 2296 1650 rostrum,
2338 1589 2500 1642 donec
2570 1589 2882 1642 misereatur
2920 1592 3107 1645 nostri.
3159 1594 3276 1648 [lac
3327 1610 3608 1650 servorum

360 1684 542 1756 ἡμᾶς.
600 1687 698 1740 Διά
735 1687 830 1740 τοῦ
851 1685 1094 1740 τοιούτου
1129 1687 1572 1758 παραδείγματος
1597 1687 1704 1740 τῶν
1733 1687 1934 1739 δούλων

2051 1691 2199 1748 atque
2229 1679 2548 1733 ancillarum
2579 1680 3014 1754 costvparatione,
3049 1698 3146 1738 seu
3170 1687 3441 1756 exemplo,
3476 1688 3606 1743 illud

362 1788 459 1833 καὶ
492 1781 591 1850 τῆς
621 1777 814 1850 δούλης
843 1778 998 1832 τοῦτο
1027 1779 1298 1849 δηλοῦσιν,
1340 1781 1422 1834 ὅτι
1461 1782 1556 1835 καὶ
1603 1779 1739 1852 πρδς
1767 1779 1932 1833 αὐτδιν

2051 1771 2346 1841 signiﬁcare
2389 1771 2596 1848 volunt,
2630 1752 2776 1841 quod
2809 1773 2876 1827 ad
2923 1773 3091 1829 Deum
3139 1752 3359 1834 assidue
3392 1752 3444 1835 et
3475 1796 3614 1836 con-

359 1869 550 1938 ὁρῶσι,
581 1869 678 1923 καὶ
705 1870 992 1942 διηνεκῶς,
1032 1873 1126 1926 καὶ
1154 1870 1449 1941 οὐδαμόθεν
1479 1871 1752 1941 ἑτέρωθεν
1784 1870 1934 1940 ἐχου-

291 1999 304 2010 .
363 1977 448 2012 σιν
487 1961 826 2033 ἀντιλήψεως
871 1963 1086 2028 ἐλπίδα,
1137 1963 1232 2016 καὶ
1263 1965 1364 2016 οὐκ
1397 1963 1800 2034 ἀποστήσονται
1831 1963 1933 2025 ἕως

363 2045 426 2104 οὒ
468 2052 884 2124 οίκτειρηθῶσι.
919 2053 992 2105 Τὸ
1021 2053 1100 2116 δὲ,
1135 2051 1511 2122 Οίκτειρήσαι
1546 2049 1799 2104 εὐχτικοῦ
1838 2049 1937 2120 μὲν

365 2145 480 2213 εχει
525 2144 736 2215 σχῆμα,
795 2144 1068 2215 σημασίαν
1100 2144 1158 2198 δὲ
1194 2143 1500 2214 μέλλοντος,
1549 2143 1669 2196 ἀντὶ
1709 2141 1804 2194 τοῦ
1845 2142 1938 2193 Ol-

369 2237 685 2305 κτειρήσῃ.
741 2237 897 2300 Τινὲς
945 2236 1003 2290 δέ
1058 2254 1190 2308 φασι
1254 2235 1768 2308 προσπαρειλῆφθαι
1841 2235 1938 2302 τῆς

367 2330 566 2402 δούλης
625 2329 685 2382 τὸ
741 2325 1243 2400 παράδειγμαέῑς
1291 2330 1538 2383 ἐπίτασιν
1590 2327 1882 2390 διαθέσεως
1922 2343 1938 2359 ο

371 2420 533 2474 πλέον
556 2420 667 2492 γὰρ
694 2419 804 2474 τῶν
835 2419 1042 2476 δούλων
1069 2421 1126 2474 αι
1159 2419 1340 2474 δοῦλαι
1369 2419 1529 2475 τοῦτο
1563 2418 1830 2484 ποιοῦσιν,
1866 2417 1940 2483 ὡς

372 2509 782 2582 ἀσθενέστεραι.

460 2765 756 2834 Ἐλέησον
784 2765 964 2838 ἡμᾶς,
989 2767 1039 2822 Κ
1044 2770 1190 2838 ripis,
1217 2767 1482 2835 ἐλέησον
1510 2767 1688 2837 ἡμᾶς,
1727 2767 1814 2821 ὅτι
1843 2768 1943 2823 ἐπὶ

376 2858 538 2912 πολὺ
591 2857 992 2928 ἐπλήσθημεν
1051 2858 1528 2925 ἐξουδενώσεως.
1585 2859 1894 2930 Φαυλισμθῦ
1928 2903 1942 2927 ,

376 2948 705 3019 όνειδισμοῦ,
721 2951 872 3020 παρά
897 2967 954 3002 τε
988 2950 1096 3002 τῶν
1117 2945 1703 3020 αίχμαλιιγτευσάντων,
1723 2953 1818 3006 καὶ
1839 2953 1950 3005 τῶν

378 3043 640 3107 γειτόνων
673 3043 827 3112 ἡμῖν,
877 3045 1151 3114 πονηρῶν,
1191 3045 1541 3115 ἐφηδομένων
1581 3047 1701 3106 ταῖς
1721 3025 1946 3114 ’συμφοο

382 3134 507 3201 pati;
548 3131 736 3201 ἡμῶν
784 3133 816 3203 ἢ
867 3133 974 3186 τῶν
1026 3134 1202 3189 ἀλλων
1242 3135 1411 3188 ἐθνῶν
1449 3135 1516 3188 δι’
1550 3131 1625 3190 ὧν
1658 3135 1903 3201 ἐϐάδιζον
1931 3153 1946 3168 ’

383 3225 722 3295 θερμότητος
752 3224 808 3278 δὲ
837 3227 866 3278 ό
908 3225 1305 3298 διπλασιασμὸς
1329 3231 1423 3282 τοῦ
1465 3227 1780 3297 Ἐλέησον.
1817 3229 1953 3284 Ὶκε-

358 3316 632 3369 ’τεύουσιν
664 3313 757 3370 οὖν
773 3317 1061 3389 ἐλεηθῆναι
1083 3319 1170 3373 διὰ
1193 3318 1368 3387 τοῦτο,
1403 3321 1498 3374 καὶ
1526 3321 1712 3392 τάχιον
1740 3323 1939 3378 ἀποκαο

385 3407 651 3477 ταστῆναι
687 3410 769 3470 είς
794 3409 896 3477 τὴν
925 3410 1181 3479 πατρίδα.

469 3679 599 3733 Ἐπὶ
630 3678 840 3735 πλεῖον
857 3678 1135 3748 ἐπλήσθη
1169 3680 1207 3748 ἠ
1233 3679 1402 3749 ψυχή
1424 3696 1564 3748 μου.
1593 3679 1705 3748 Τῆς
1724 3681 1845 3751 εἱρη
1856 3678 1954 3749 μέ-

385 3789 482 3844 νης
510 3772 930 3836 ἑξουδενὼσεως.

460 3865 536 3918 Τὸ
586 3864 818 3930 ὄνειδος
854 3866 981 3934 τοῖς
1003 3866 1348 3935 εὐθηνοῦσι,
1382 3865 1536 3934 καίή
1556 3864 1956 3931 ἐξουδένωσις

383 3959 509 4023 τοῖς
558 3958 984 4027 ὑπερηφάνοις.
1065 3959 1506 4030 ’Λντιστραφείη,
1562 3960 1830 4029 δηλονότι,
1873 3963 1954 4024 εἰς

383 4049 720 4104 ταπείνωσιν
771 4051 863 4102 καὶ
897 4050 1202 4112 παίδευσιν,
1235 4051 1320 4103 ἵνα
1353 4051 1429 4120 μὴ
1459 4051 1546 4103 διὰ
1574 4050 1633 4103 τὺ
1656 4051 1954 4121 εὐπραγεῖν

387 4140 483 4192 καὶ
517 4139 1030 4211 ὕπερηφανεύεσθαι
1087 4141 1530 4211 κατεπαίρωνται
1568 4141 1676 4194 τῶν
1712 4141 1956 4212 δυσπρα-

383 4231 648 4300 γοῦντων,
699 4233 790 4284 καὶ
818 4234 1323 4302 τεταπεινωμένων.
1362 4232 1628 4304 Ἀρμόζει
1661 4232 1718 4285 δὲ
1762 4235 1790 4285 δ
1820 4233 1956 4302 ψαλ-

387 4326 486 4395 μδς
524 4327 619 4378 καὶ
657 4326 768 4385 τοῖς
811 4324 1055 4378 ὁδεύουσι
1111 4326 1247 4395 πρὸς
1273 4326 1373 4396 τὴν
1404 4327 1517 4381 ἄνω
1571 4327 1953 4399 Ἰερουσαλὴμ,

2037 1872 2248 1920 Stanter
2275 1862 2570 1932 aspiciunt,
2597 1863 2853 1932 quodque
2910 1866 3112 1920 nullam
3145 1869 3366 1925 aliunde
3408 1872 3613 1927 habent

2039 1955 2226 2009 auxilii
2265 1970 2440 2024 spem,
2479 1954 2724 2025 quinimo
2757 1963 2810 2010 et
2843 1957 2988 2025 quod
3019 1973 3298 2030 nunquam
3326 1962 3613 2030 desistent,

2039 2047 2213 2102 donec
2257 2045 2693 2100 miscricordiam
2747 2058 3177 2119 consequentur.
3221 2049 3462 2108 Verbum
3514 2071 3615 2108 au.

2043 2148 2172 2204 tem,
2207 2135 2548 2199 Misereatur,
2585 2135 2801 2192 tametsi
2851 2140 3095 2208 optantis
3139 2140 3360 2196 modum
3412 2152 3614 2208 teneat,

2043 2228 2209 2283 futuri
2235 2237 2415 2282 tamen
2436 2227 2890 2298 signiﬁcationem
2911 2230 3070 2286 habet
3094 2246 3220 2299 pro,
3261 2232 3614 2290 Miserebitur.

2043 2319 2274 2386 Quidam
2305 2320 2465 2374 etiam
2503 2320 2694 2374 dicunt
2731 2321 2944 2377 ancillae
2987 2325 3452 2393 comparationem
3498 2327 3619 2382 ideo

2044 2412 2348 2481 appositam
2405 2411 2599 2476 fuisse,
2650 2421 2709 2466 ut
2759 2413 3018 2479 majorem
3075 2414 3387 2472 all‘ecdonis
3438 2419 3621 2472 inten-

2043 2504 2256 2560 sionem
2315 2503 2370 2558 in
2429 2502 2595 2557 Deum
2651 2504 3030 2560 ostenderent.
3086 2505 3257 2574 Magis
3303 2507 3507 2562 etenim
3570 2508 3622 2562 id

2047 2594 2165 2651 ﬁeri
2207 2594 2347 2650 solet
2370 2594 2438 2648 ab
2470 2592 2709 2659 ancillis,
2738 2601 2927 2665 utpote
2953 2594 3244 2651 inﬁrmiori
3276 2611 3436 2665 sexu,
3461 2613 3624 2667 quam

2047 2701 2076 2740 a
2114 2687 2311 2742 servis.

2098 2777 2261 2832 \‘Ens.
2282 2777 2394 2840 5,4.
2421 2774 2673 2830 Miserere
2697 2778 2892 2842 nostri,
2910 2775 3148 2842 Domine,
3167 2781 3409 2835 miserere
3435 2782 3622 2842 nostri,

2048 2866 2172 2936 quia
2206 2865 2430 2918 multum
2455 2863 2642 2932 repleti
2670 2880 2850 2918 sumus
2891 2865 3242 2933 despectione.
3274 2868 3626 2939 Contempto,

2050 2957 2250 3027 inquit,
2288 2968 2449 3026 atque
2479 2957 2779 3026 opprobrio
2838 2957 2908 3010 ab
2960 2957 3029 3012 iis
3062 2956 3349 3023 alﬁcimur,
3394 2963 3488 3032 qui
3521 2979 3624 3019 nos

2054 3046 2231 3102 fecere
2265 3048 2537 3118 captivos,
2572 3056 2739 3117 atque
2789 3062 2816 3100 a
2855 3049 3036 3118 pravis
3071 3050 3232 3105 etiam
3274 3051 3494 3118 vicinis,
3529 3055 3622 3123 qui

2058 3137 2463 3192 calamitatibus
2520 3138 2730 3192 nostris
2779 3136 3120 3192 delectantur
3168 3157 3182 3193 :
3235 3140 3315 3195 vel
3373 3143 3439 3196 ab
3505 3145 3628 3199 aliis

2057 3231 2314 3302 gentibus
2343 3245 2441 3301 per
2481 3245 2714 3300 quarum
2754 3231 3005 3300 regiones
3049 3231 3102 3284 in
3139 3234 3366 3300 patriam
3407 3236 3627 3291 incede-

2058 3323 2212 3376 bant.
2247 3321 2521 3392 Repetitio
2552 3329 2735 3376 autem
2769 3320 2859 3374 illa
2884 3320 3032 3376 verbi
3068 3320 3340 3391 Miserere,
3375 3324 3627 3380 ardorem

2055 3414 2347 3484 quemdam
2378 3413 2542 3468 animi
2580 3414 2961 3480 demonstrat;
3007 3414 3321 3484 supplicant
3363 3416 3528 3486 igitur
3563 3433 3628 3476 ea

2055 3507 2269 3560 ratione
2301 3504 2734 3559 misericordiam
2772 3519 2802 3557 a
2839 3504 2949 3560 Deo
2983 3505 3270 3576 consequi,
3301 3514 3354 3562 et
3392 3509 3629 3565 celerius

2057 3597 2113 3649 in
2143 3597 2376 3666 patriam
2406 3594 2640 3650 restitui.

2128 3687 2371 3755 Amplius
2404 3688 2601 3754 repleta
2630 3694 2708 3739 est
2733 3687 2912 3742 anima
2948 3693 3155 3740 nostra.
3211 3685 3473 3744 Praedicta
3519 3691 3629 3746 sci-

2058 3779 2186 3835 licet
2214 3779 2584 3848 despectioue.

2130 3869 2479 3940 Opprobrium
2525 3869 2941 3935 abundantibus,
2977 3877 3027 3924 et
3051 3870 3308 3940 despectio
3361 3873 3625 3941 superbis.

2061 3961 2304 4017 Subaudi
2346 3963 2573 4016 verbum
2610 3960 2883 4016 Obveniet.
2921 3960 3187 4018 Obveniet
3223 3962 3389 4033 igitur
3428 3979 3629 4034 oppro-

2060 4057 2237 4110 brittm
2311 4063 2366 4111 et
2433 4055 2713 4126 despectio
2788 4054 2854 4109 ad
2929 4055 3360 4110 humiliationem
3418 4057 3630 4112 scilicet

2059 4161 2221 4219 atque
2251 4149 2616 4205 eruditionem
2639 4162 2850 4212 eorum,
2886 4161 2976 4212 ne,
2996 4146 3124 4201 dum
3156 4162 3417 4218 prospere
3446 4149 3631 4203 omnia

2060 4243 2142 4296 eis
2183 4241 2493 4296 succedunt
2531 4249 2586 4294 et
2634 4239 2854 4309 superbi
2901 4251 3054 4302 sunt,
3109 4239 3446 4294 estollantur
3481 4240 3631 4304 inde,

2059 4343 2224 4403 atque
2282 4333 2566 4386 eleveutnr
2594 4331 2856 4387 adversus
2903 4330 3224 4384 humiliores
3256 4340 3421 4402 atque
3456 4330 3632 4384 infor-

382 4419 480 4472 mi.
534 4418 996 4489 ὲπηρεαζομέιιοις
1031 4418 1138 4471 ὑπὸ
1175 4419 1386 4490 ὁρατῶν
1442 4419 1535 4474 καὶ
1573 4419 1821 4490 ἀοράτων
1869 4422 1944 4491 ὲχι

2067 4431 2286 4479 lunatas
2310 4421 2584 4478 homines.
2613 4420 2880 4492 Cougruit
2922 4422 3083 4475 etiam
3140 4419 3228 4473 hic
3275 4419 3514 4488 psalmus
3564 4421 3632 4475 iis

383 4512 550 4583 θρῶν.

965 4786 1104 4860 ’ῼδὴ
1140 4789 1374 4857 ὁμοίως.

918 4881 1212 4935 ΨΑΔΜΟΣ
1257 4878 1428 4935 PKF'.

465 4975 530 5024 Ei
573 4973 655 5039 μὴ
685 4971 773 5025 ὅτι
815 4969 1036 5040 Κύριος
1064 4971 1142 5045 ἦν
1166 4975 1235 5028 ἐν
1267 4975 1430 5044 ἡμῖν,
1478 4976 1696 5028 suram
1724 4972 1800 5040 δὴ
1839 4973 1958 5028 ’10-

380 5065 566 5129 ιπαὴλ,
601 5067 651 5116 εὶ
685 5064 772 5132 μὴ
806 5064 894 5118 ὅτι
928 5062 1148 5136 Κύριος
1174 5062 1254 5136 ἦν
1289 5069 1358 5121 ἐν
1387 5065 1563 5138 ἡμῖν’
1597 5066 1666 5119 ἐν
1695 5065 1774 5131 τῷ
1812 5066 1962 5121 ἐπα-

388 5152 686 5220 νιιστῆναι
734 5154 1085 5223 ἀνθρώπους
1135 5157 1228 5226 ἐφ’
1272 5157 1449 5227 ἡμᾶς,
1474 5158 1588 5226 ἄρα
1627 5155 1846 5224 ζῶντας
1885 5158 1962 5212 ἂν

390 5245 677 5298 κατέπιον
707 5243 888 5312 ἡμᾶς.
914 5246 1099 5301 Ταῦτα
1128 5248 1229 5317 ἤδη
1283 5247 1688 5301 ἐπανελθόντων
1719 5249 1798 5311 ei;
1859 5247 1957 5317 τὴν

357 5319 370 5340 ’
393 5336 631 5404 πατρίδα
666 5337 734 5388 τὰ
777 5339 999 5406 ῥήματα
1025 5355 1038 5369 ο
1080 5338 1536 5409 εὐχαριστοῦντες
1567 5341 1675 5409 γὰρ
1713 5357 1958 5410 παρακε-

390 5425 640 5478 λεύονται
686 5426 766 5496 τῷ
813 5426 922 5497 λαῷ
961 5427 1138 5494 λέγειν
1167 5445 1179 5458 ο
1217 5429 1300 5481 ὅτι
1356 5429 1414 5481 ἐν
1455 5430 1532 5498 τῷ
1586 5429 1962 5498 ὲπαναστῆναί

393 5539 545 5586 τινας
579 5521 696 5574 καθ’
727 5523 883 5592 ἡμῶν
907 5523 1309 5576 ἐπανελθόντων
1335 5541 1347 5555 ·
1372 5525 1438 5577 τὰ
1470 5526 1821 5600 πλησιόχωρα
1853 5531 1962 5601 γὰρ

466 5701 513 5734 δ’
547 5699 721 5756 Levit.
769 5719 920 5764 sim.
968 5702 1073 5766 ης
1117 5702 1158 5756 ll
1192 5702 1315 5758 Cor.
1373 5719 1445 5764 vt.
1504 5705 1591 5760 l6.

716 5799 985 5859 Parnm.
1014 5801 1129 5858 Gn.
1162 5797 1500 5859 CXXVIII.

2065 4517 2318 4570 omnibus
2362 4516 2452 4585 qui
2507 4513 2574 4568 ad
2628 4528 2920 4584 supernam
2974 4511 3254 4568 ambulant
3299 4511 3629 4575 Jerusalem,

2065 4609 2268 4678 quique.
2300 4623 2330 4660 a
2368 4605 2677 4662 visibilihus
2702 4613 2864 4674 atque
2920 4605 2988 4660 ab
3026 4604 3395 4663 invisibilibus
3423 4604 3635 4661 laedun-

2066 4701 2168 4756 dur
2201 4700 2457 4754 inimicis.

2520 4791 2797 4844 Canticum
2843 4806 3174 4845 ascensuum.

2446 4877 2869 4936 PSALMUS
2937 4878 3264 4935 CXXIII.

2137 4975 2300 5031 Vnus.
2338 4975 2458 5029 ιρι.
2495 4973 2619 5028 Nisi
2646 4973 2770 5044 quia
2802 4970 3056 5026 Dominus
3106 4983 3220 5026 erat
3262 4973 3318 5024 in
3352 4970 3519 5031 nobis,
3551 4967 3636 5019 di-

2068 5077 2154 5122 cat
2194 5082 2322 5121 sane
2371 5065 2560 5130 Israel,
2600 5065 2703 5119 nisi
2749 5063 2874 5134 quia
2917 5063 3174 5119 Dominus
3219 5071 3334 5115 erat
3381 5062 3435 5113 in
3465 5059 3634 5121 nobis,

2065 5175 2182 5213 eum
2213 5165 2554 5228 exsurgerent
2585 5156 2816 5211 homines
2849 5156 2905 5210 in
2944 5172 3060 5223 nos,
3109 5169 3236 5208 sane
3280 5151 3420 5205 vivos
3459 5149 3640 5220 deglu-

2071 5253 2255 5306 tissent
2287 5266 2398 5303 nos.
2451 5247 2576 5303 Haec
2610 5248 2772 5302 verba
2806 5262 2869 5300 ex
2923 5259 3112 5300 eorum
3145 5255 3378 5312 persona
3425 5241 3634 5310 prolata

2073 5353 2224 5410 sunt,
2256 5344 2348 5413 qui
2380 5341 2492 5411 jam
2527 5340 2734 5395 reversi
2765 5346 2923 5393 erant
2970 5337 3023 5390 in
3070 5335 3398 5390 Jerusalem.
3452 5334 3638 5402 Agunt

2072 5437 2214 5492 enim
2253 5435 2454 5506 gratias
2483 5431 2612 5496 Deo.
2643 5441 2806 5503 atque
2852 5431 3140 5484 hortantur
3188 5428 3500 5481 universum
3535 5440 3634 5494 po-

2072 5529 2284 5600 pulum,
2321 5536 2379 5579 ut
2415 5541 2537 5581 cum
2583 5525 2664 5581 cis
2694 5525 2838 5578 dicat
2868 5542 2881 5575 :
2911 5522 3056 5578 quod
3103 5536 3224 5575 cum
3275 5519 3494 5590 quidam
3541 5519 3638 5570 hu-

3189 5787 3268 5849 38
