4102 6206
499 337 637 405 Ῑῖὶὸ

1710 323 2088 384 EUTIIYMH
2127 323 2487 382 ZIGABENI

3606 313 3746 378 ιιιιτῑ

494 468 607 512 stes
638 455 903 511 adversus
934 465 1049 516 eos,
1093 445 1270 516 modo.
1310 459 1373 498 ex
1425 449 1742 512 captivitate
1790 453 2066 501 reversos,

2196 437 2300 506 0w;
2334 437 2538 489 τούτων
2567 431 3038 503 ἐπεστράτευσαν,
3077 427 3243 496 μήπω
3259 423 3620 495 τειχισθείσης
3649 427 3752 492 τῆς

496 545 971 603 consurrexissem
1007 539 1223 606 (vicina:
1283 536 1428 592 enim
1486 543 1677 604 gentes
1727 541 1917 586 contra
1977 543 2072 582 eos

501 641 700 694 bellum
742 639 1048 696 moverant,
1087 645 1210 686 cum
1244 628 1485 684 nondum
1533 622 1744 679 munita
1796 630 1938 678 esset
1981 619 2073 674 Je-

500 729 782 798 rusalem).
830 727 944 782 Nisi
986 724 1182 795 erepti,
1231 722 1505 792 inquiunt,
1545 717 1840 773 fuissemus
1869 731 1898 769 a
1933 715 2075 785 peri-

498 823 643 886 culo,
680 836 744 876 ea
775 819 990 873 ratione
1045 815 1175 887 quia
1205 812 1471 868 Dominus
1515 818 1632 864 erat
1655 811 1707 863 in
1747 806 1931 865 nobis.
1965 819 2076 876 pra:

2191 527 2553 598 Ἰερουσαλήμ
2580 542 2592 556 ο
2625 527 2672 578 εἰ
2705 523 2797 594 μὴ,
2831 523 2966 577 διότι
2999 520 3201 589 Κύριος
3223 513 3291 588 ἦν
3318 519 3375 570 ἐν
3401 518 3550 586 ἡμῖν,
3583 517 3756 587 ὲρρύ-
3830 528 3835 532 ‘

2182 620 2412 690 σΟημεν,
2439 618 2546 688 ἄρα
2577 617 2783 682 ζῶντας
2816 615 2879 670 ἂν
2921 613 3067 683 ἡμᾶς
3095 611 3360 666 κατέπιον
3395 609 3499 662 ὑπὸ
3531 609 3752 675 φθόνου.

2193 712 2479 782 Ἐμφαὶνει
2506 711 2562 764 δὲ
2589 711 2615 762 ὁ
2646 709 2803 777 λόγος
2845 706 2942 776 τὴν
2974 706 3115 772 ἄγαν
3143 703 3422 774 ’παχύτητα
3444 703 3542 771 τῆς
3568 720 3760 754 πανω-

2180 802 2398 872 λεθρίας
2428 821 2442 834 ·
2476 802 2616 866 τινὲς
2649 801 2705 854 δὲ
2753 799 2829 866 τὸ,
2866 797 2956 851 ὅτι
3021 793 3294 864 παρέλκον
3333 793 3751 865 ἑρμηνεύουσιν.

499 927 714 971 summa
751 927 885 966 sane
923 919 1056 964 tunc
1120 904 1350 970 invidia,
1378 903 1537 958 vivos
1593 915 1694 955 nos
1771 914 1966 954 omnes
2029 896 2411 967 deglutisseut.
2481 893 2590 948 Hoc
2637 902 2818 948 autem
2874 889 3108 958 ﬁgurato
3169 901 3422 941 sermone
3489 885 3756 954 Pmphcta

500 1021 771 1065 summam
804 1001 1143 1059 imminentis
1175 1001 1350 1054 ruinae
1391 996 1729 1052 celeritatem
1777 995 2075 1049 denotavit.
2117 990 2348 1058 Quidam
2375 992 2537 1044 etiam
2569 991 2723 1043 aiunt
2757 988 3080 1045 dictionem,
3130 983 3278 1048 quia,
3350 979 3452 1034 hoc
3531 978 3583 1032 in
3633 980 3761 1030 loco

502 1099 806 1155 abundare.

571 1194 704 1249 Cum
753 1191 1072 1242 irasceretur
1123 1183 1275 1252 furor
1305 1195 1485 1234 eorum
1529 1178 1582 1231 in
1629 1193 1744 1237 nos.
1781 1191 1905 1229 sane
1939 1189 2078 1242 aqua

503 1281 844 1336 demersisset
873 1291 988 1330 nos.
1022 1273 1129 1327 Per
1170 1286 1366 1339 aquam
1423 1268 1792 1322 vehementem
1837 1265 2075 1317 hostium

503 1374 767 1442 impetum
798 1367 1070 1438 intelligit,
1116 1363 1206 1434 qui
1239 1360 1445 1415 idcirco
1481 1360 1562 1413 ira
1609 1373 1673 1411 ac
1725 1356 1910 1410 furore
1957 1369 2079 1423 per-

501 1462 594 1516 citi
627 1469 808 1523 erant,
835 1457 981 1526 quod
1010 1453 1323 1508 Judaaoruni
1364 1446 1596 1518 populus
1649 1445 1844 1498 fuisset
1901 1444 1952 1495 in
1989 1459 2079 1511 pa-

502 1552 662 1605 triam
707 1547 1012 1602 restitutus.
1068 1543 1371 1596 Dictioncm
1425 1547 1605 1591 autem
1665 1552 1814 1597 sane,
1872 1533 2075 1602 posuit,

503 1660 602 1714 pro
629 1651 898 1699 eceteram,
926 1651 1022 1692 seu
1052 1634 1214 1690 etiam
1255 1646 1350 1702 pro
1385 1645 1518 1684 vere.

576 1730 743 1786 Visus.
786 1729 839 1782 5.
879 1713 1198 1780 Torrentem
1235 1717 1571 1788 pertransiuit
1613 1717 1792 1770 anima
1864 1726 2073 1772 nostra.

2264 1169 2361 1221 Ἐν
2386 1166 2463 1232 τῷ
2493 1165 2841 1236 οργισθῆναι
2868 1167 2977 1219 τὸν
3009 1165 3198 1233 θυμὸν
3221 1159 3418 1216 αὐτῶν
3453 1157 3546 1226 ἐφ’
3575 1155 3758 1226 ἡμᾶς,

2180 1264 2292 1331 ἄρα
2324 1263 2388 1315 τὸ
2420 1261 2573 1328 ὕδωρ
2602 1261 2677 1314 ἂν
2714 1262 3152 1314 κατεπόντισεν
3180 1256 3358 1326 ἡμᾶς.
3399 1255 3582 1321 ’Ύδωρ
3605 1253 3759 1320 λέγει

2179 1357 2278 1426 τὴν
2313 1357 2492 1423 ῥύμην
2515 1354 2828 1413 αὐτῶνκαὶ
2857 1351 3093 1420 σφοδρὰν
3138 1351 3348 1419 κίνησιν
3371 1347 3758 1417 ὀργισθέντων,

2181 1449 2317 1500 διότι
2343 1447 2507 1499 πάλιν
2536 1444 2810 1496 ἀπέλαϐον
2842 1443 2940 1513 τὴν
2965 1441 3219 1511 πατρίδα.
3251 1441 3322 1492 Τὸ
3356 1441 3412 1492 δὲ
3471 1439 3604 1506 ἄρα,
3625 1435 3759 1488 συλ-

2181 1539 2492 1608 λογιστικὸν
2519 1538 2639 1590 ἀντὶ
2669 1536 2760 1589 τοῦ
2793 1536 3031 1598 λοιπὸν,
3060 1533 3095 1604 ἢ
3135 1533 3342 1597 ὄντως.

2256 1721 2586 1790 Χείμαρῤον
2638 1716 2889 1784 διῆλθεν
2933 1716 2972 1782 ἡ
3025 1713 3195 1782 ψυχὴ
3229 1711 3420 1781 ἡμῶν.
3457 1710 3759 1780 Χειμὰῤῥῳ

505 1821 897 1878 Vehementem
925 1823 1090 1884 atque
1127 1811 1496 1867 inordinatum
1539 1808 1778 1863 hostium
1815 1807 2075 1876 impetum

2196 1813 2518 1884 παρεικάζει
2547 1809 2645 1880 τὴν
2662 1809 2842 1873 ὀξεῖαν
2876 1806 2972 1860 καὶ
2999 1808 3229 1860 ἄτακτον
3256 1802 3350 1856 καὶ
3379 1804 3480 1856 πᾶν
3505 1803 3565 1854 τὸ
3590 1818 3761 1871 προσ-

508 1924 1064 1981 momentaneumque
1094 1915 1148 1964 et
1179 1922 1341 1962 omne
1370 1904 1594 1960 obvium
1642 1917 1829 1958 secum
1862 1901 2080 1970 rapien-

2190 1908 2350 1975 τυχὸν
2415 1901 2840 1972 παρασύρουσαν
2905 1899 2996 1950 καὶ
3044 1897 3378 1967 πρόσκαιρον
3423 1893 3633 1962 φθορὰν
3664 1892 3760 1944 αὑ-

508 2021 639 2070 tem,
675 2004 894 2074 turgido
921 1999 1154 2056 torrenti
1196 2005 1497 2063 comparat,
1533 1990 1998 2064 quemadmodum
2027 2001 2080 2046 et

2196 1998 2314 2059 τῶν,
2363 1996 2553 2067 ὥσπερ
2588 1995 2682 2047 καὶ⁷
2730 1992 2984 2062 ἀνωτέρω
3036 1988 3218 2042 ὕδατι.
3268 1986 3484 2054 Διῆλθε
3513 1984 3602 2047 δὲ,
3638 1982 3759 2035 ἀντὶ

507 2099 764 2169 superius
820 2109 976 2165 aqua:
1033 2089 1394 2161 comparavit.
1470 2084 1835 2140 Pertransisse
1898 2091 2078 2137 autem

506 2193 645 2246 dixit
703 2203 800 2259 pro
880 2185 1333 2253 Prtetergressam
1395 2192 1514 2234 esse
1580 2186 1742 2245 atque
1803 2173 2076 2244 effugisse.

508 2283 700 2338 Anima
735 2277 900 2334 etiam
932 2283 1116 2330 nostra
1158 2273 1316 2339 dixit,
1372 2283 1470 2341 pro
1508 2267 1611 2338 Ipsi
1663 2280 1784 2330 nos,
1837 2265 2004 2319 veluti
2049 2279 2080 2316 ιι

511 2377 664 2439 parte
695 2377 862 2422 totum
897 2362 1233 2433 signiﬁcans.

580 2460 721 2514 Sane
760 2456 1068 2526 pertransiit
1113 2454 1295 2508 anima
1352 2460 1538 2504 nostra
1583 2464 1779 2520 aquam
1820 2447 2064 2502 intolera-

512 2547 686 2600 bilem.
719 2545 856 2600 Vere
894 2557 1013 2597 eam
1044 2539 1416 2611 praetergressi
1467 2553 1681 2602 sumus,
1711 2546 1876 2606 atque
1912 2538 1965 2591 in
1993 2551 2082 2592 se-

512 2640 742 2693 curitate
778 2648 924 2689 nunc
963 2631 1343 2689 consistimus.

588 2726 750 2783 Vens.
787 2723 840 2780 6.
879 2723 1190 2778 Benedictus
1216 2721 1497 2785 Dominus,
1535 2718 1625 2788 qui
1674 2735 1776 2772 non
1807 2716 1950 2772 dedit
1990 2734 2082 2772 nos

510 2820 564 2875 in
597 2817 830 2888 praedam
861 2814 1100 2868 dentibus
1131 2829 1334 2868 eorum.
1362 2812 1466 2867 Per
1491 2810 1704 2875 dentes,
1731 2817 1785 2864 et
1813 2808 2083 2864 feritatem

512 2922 566 2967 et
641 2909 937 2981 potentiam
1008 2906 1249 2961 hostium
1317 2903 1634 2970 denotavit;
1699 2905 1857 2972 quasi
1942 2900 2085 2954 avidi

515 3003 852 3064 viderentur,
886 3004 944 3050 ut
993 2996 1142 3065 ipsos
1181 2995 1350 3052 etiam
1399 2994 1556 3050 vivos
1606 2992 1856 3047 homines
1899 2989 2087 3060 deglu-

516 3095 704 3148 tircnt.

590 3187 750 3242 Vens.
780 3185 832 3238 Ἰ.
865 3183 1054 3237 Anima
1082 3177 1445 3242 nostra,sicut
1473 3189 1686 3243 passer,
1717 3181 1895 3240 erepta
1929 3178 2003 3223 est
2031 3170 2093 3222 de
2119 3152 2162 3208 (ἶ

526 3273 718 3341 laqueo
775 3269 1073 3322 venantium
1121 3281 1139 3318 :
1177 3264 1395 3334 laqueus
1450 3261 1707 3314 contritus
1757 3269 1856 3322 est,
1901 3268 1950 3311 et
2001 3273 2094 3310 nos

518 3362 728 3416 liberati
773 3374 978 3414 sumus.
1020 3353 1498 3421 Quemadmodum
1542 3351 1782 3405 hostium
1827 3349 1974 3402 vires
2032 3361 2095 3401 ac

520 3455 794 3508 feritatem
855 3448 1156 3510 denotavit,
1211 3443 1699 3515 indignationeqne
1749 3448 1803 3494 et
1855 3439 2093 3509 potentia

522 3552 762 3598 armatos
793 3556 890 3595 cos
913 3554 1038 3595 esse
1088 3537 1298 3601 docuit,
1352 3537 1429 3589 ita
1474 3533 1639 3588 etiam
1686 3531 1870 3602 populi
1907 3530 2097 3584 debili-

522 3632 976 3694 tatemdeclarat.
1011 3627 1221 3700 passeri
1263 3628 1416 3681 illum
1460 3639 1809 3694 comparans.
1860 3622 1958 3677 Est
2009 3631 2095 3676 et—

523 3725 668 3778 enim
733 3738 922 3794 passer
984 3720 1416 3775 inllrmissimum
1449 3717 1721 3786 quoddam
1762 3713 1988 3779 animal,
2040 3721 2096 3767 et

523 3827 686 3886 captu
720 3815 1067 3870 facillimum.
1097 3811 1202 3868 Per
1235 3811 1456 3880 laqueos
1484 3822 1614 3863 vero
1642 3807 1874 3861 insidias
1904 3818 2093 3858 eorum

525 3909 731 3974 varias,
778 3919 843 3962 ac
897 3903 1339 3959 machinationes
1389 3899 1664 3971 intelligit,
1711 3909 1851 3967 quas
1907 3908 2100 3949 omnes

523 3999 793 4054 contrltas
822 4011 946 4052 esse
977 3995 1109 4050 dicit
1137 4007 1199 4047 ac
1235 3991 1554 4046 dissolutas.

601 4091 767 4145 Vens.
795 4091 846 4145 8.
875 4087 1214 4160 Adjutorium
1261 4094 1499 4138 nostrum
1532 4083 1582 4134 in
1616 4081 1825 4134 nomine
1863 4079 2096 4139 Domini,

527 4186 616 4253 qui
643 4183 768 4254 fecit
803 4181 988 4235 cretum
1047 4187 1094 4233 et
1127 4189 1343 4232 terram.
1376 4207 1436 4217 -
1461 4173 1578 4227 Non
1614 4173 1666 4224 in
1700 4171 1972 4234 curribus,
2004 4185 2100 4222 ne-

528 4290 636 4342 que
664 4276 716 4326 in
747 4272 928 4342 equis,
983 4278 1077 4323 aut
1137 4272 1190 4322 in
1237 4265 1553 4334 hujusmodi
1582 4261 1809 4326 viribus,
1842 4259 2102 4330 quemad-

530 4365 750 4416 modum
801 4365 854 4416 in
890 4363 1105 4431 psalmo
1135 4375 1224 4412 itis
1261 4357 1582 4427 praedictum
1628 4362 1734 4417 est,
1784 4353 1879 4406 sed
1916 4352 1968 4404 in
2013 4365 2104 4402 no-

2185 2088 2530 2155 Διεπέρασε,
2581 2084 2837 2152 διέφυγεν
2872 2084 2905 2152 ἡ
2937 2081 3085 2152 ψυχὴ
3121 2078 3299 2151 ἡμῶν,
3367 2077 3535 2147 ἡγουν
3577 2076 3756 2146 ἡμεῖς.

2184 2182 2294 2234 dmi:
2328 2179 2528 2250 μέρους
2560 2177 2619 2228 τὸ
2647 2175 2787 2231 ὅλον.

2261 2447 2399 2512 Ἄρα
2447 2443 2699 2512 διῆλθεν
2725 2443 2763 2510 ἡ
2795 2441 2969 2511 ψυχὴ
3011 2435 3183 2508 ἡμῶν
3220 2435 3283 2489 τὸ
3318 2434 3476 2501 ὕδωρ
3521 2432 3587 2486 τὸ
3626 2431 3764 2486 dru-

2186 2537 2516 2591 πόστατον.
2558 2535 2766 2596 Ὄντως
2795 2521 3222 2602 διεπεράσαμεν,
3255 2529 3314 2580 ὲν
3352 2524 3584 2596 ἀσφαλεῖ
3610 2524 3762 2592 γεγό·

2187 2645 2379 2698 ναμεν.

2261 2719 2608 2791 Εὐλογητὸς
2660 2719 2896 2786 Κύριος,
2953 2716 3018 2783 ὃς
3075 2716 3186 2768 οὐκ
3227 2711 3449 2766 ἔδωκεν
3492 2706 3642 2777 ἡμᾶς
3672 2707 3758 2770 εις

2189 2812 2380 2880 θήραν
2429 2811 2553 2877 τοῖς
2595 2810 2847 2864 ὀδοῦσιν
2878 2806 3096 2862 αὐτῶν.
3130 2804 3228 2857 Διὰ
3269 2802 3376 2857 τῶν
3406 2802 3631 2854 ὀδόντων
3667 2797 3763 2867 τὴν

2189 2904 2484 2977 θηριωδίαν
2531 2905 2625 2956 καὶ
2673 2903 2904 2970 δύναμιν
2936 2899 3131 2952 αὐτῶν
3165 2896 3416 2966 ἐνέφηνε,
3481 2888 3763 2964 μονονουχὶ

2191 2999 2484 3052 καταπιεῖν
2526 2996 2734 3061 ζῶντας
2768 2990 3126 3062 γλιχομένων.

2280 3169 2344 3225 Ἠ
2364 3169 2533 3239 ψυχή
2568 3167 2739 3238 ’ἡμῶν
2783 3168 2864 3233 ὡς
2889 3165 3215 3235 στρουθίον
3246 3163 3512 3232 ἐρῤύσθη
3544 3161 3613 3216 ἐκ
3660 3159 3766 3228 τῆς

2197 3261 2449 3330 παγίδος
2471 3259 2588 3313 τῶν
2611 3261 2984 3328 θηρευόντων
3009 3273 3022 3286 ·
3050 3257 3087 3325 ἠ
3111 3258 3289 3326 παγις
3309 3255 3658 3322 συνετρίϐη,
3676 3252 3768 3306 και

2197 3353 2370 3421 ’ἡμεῖς
2407 3352 2804 3421 ὲρῤὐσθημεν.
2859 3351 3071 3420 Ὠσπερ
3114 3344 3338 3401 ἐκείνων
3399 3348 3627 3415 ὲνέτρηνε
3677 3344 3768 3416 τὴν

2202 3445 2487 3515 ἱσχὺν,κα“ι
2516 3443 2828 3514 θηριωδίαν,
2885 3441 3042 3509 θυμῷ
3097 3441 3189 3493 καὶ
3221 3439 3450 3506 δυνάμει
3493 3434 3768 3489 καθωπλι-

2201 3538 2442 3602 σμένων,
2492 3535 2636 3589 οὕτω
2685 3537 2779 3588 καὶ
2809 3534 2906 3606 τὴν
2937 3535 3143 3586 τούτων
3172 3530 3482 3586 ἀσθένειαν.
3523 3527 3770 3590 ’Δοθενὲς

2199 3631 2309 3700 γὰρ
2349 3631 2445 3683 καὶ
2500 3628 2775 3682 εὐάλωτον
2827 3629 2888 3680 τὸ
2939 3625 3242 3697 στρουθίον.
3273 3623 3486 3690 Παγίδα
3518 3625 3570 3676 δὲ
3624 3622 3769 3688 λέγει

2199 3720 2299 3783 τὰς
2329 3721 2549 3791 ἐνέδρας
2584 3721 2678 3774 καὶ
2716 3721 2967 3790 μηχανὰς
2997 3717 3055 3771 αἶ
3101 3714 3518 3788 συνετρίϐησαν,
3545 3714 3643 3768 καὶ
3670 3714 3771 3766 διε-

2202 3812 2467 3884 λύθηταν.

2285 4078 2354 4132 Ἠ
2383 4076 2640 4143 βοήθεια
2662 4075 2831 4145 ἡμῶν
2852 4075 2922 4130 ἐν
2945 4074 3190 4144 ὀνόματι
3215 4071 3460 4140 Κυρίου,
3480 4071 3589 4125 τοῦ
3612 4071 3770 4135 πειήο

2203 4185 2427 4234 σαντος
2452 4169 2560 4221 τὸν
2594 4166 2856 4236 οὐρανὸν
2893 4165 2986 4218 καὶ
3020 4164 3135 4230 τὴν
3176 4161 3312 4232 γῆν.
3341 4162 3456 4214 Οὐκ
3494 4164 3551 4214 ἐν
3590 4163 3770 4232 ἅρμα-

2207 4275 2278 4322 σι,
2316 4260 2408 4311 καὶ
2444 4258 2653 4320 ἵπποις,
2693 4258 2785 4308 καὶ
2815 4253 3042 4326 τοιαύτῃ
3073 4253 3320 4322 δυνάμει,
3366 4251 3441 4314 ὼς
3472 4254 3532 4304 ὲν
3589 4252 3666 4322 τῷ
3698 4246 3771 4314 ις’

2204 4348 2407 4419 ψαλμῷ
2463 4348 2806 4418 προείρηται,
2839 4345 2956 4398 ἀλλ’
3009 4349 3068 4398 ὲν
3107 4344 3182 4413 τῷ
3225 4344 3451 4413 ὀνόματι
3482 4344 3643 4408 Θεοῦ,
3682 4341 3770 4395 τοῦ

531 4456 666 4509 mine
688 4455 920 4518 Domini,
944 4452 1040 4524 qui
1061 4465 1190 4506 vere
1215 4450 1358 4505 Deus
1379 4456 1481 4504 est.
1504 4446 1616 4502 Hoc
1637 4454 1740 4510 est,
1765 4443 2093 4513 adju'orium

2205 4443 2376 4504 ὅντως
2409 4441 2568 4508 Θεοῦ,
2600 4443 2657 4495 ὲν
2689 4439 2764 4510 τῷ
2789 4436 3081 4508 ὀνομάζειν
3113 4439 3206 4490 καὶ
3245 4436 3632 4488 ἐπικαλεῖσθαι
3678 4435 3772 4486 αὑ-

533 4557 782 4600 nostrutn
832 4545 889 4598 in
937 4544 1050 4599 sola
1086 4541 1180 4597 Dei
1239 4542 1588 4596 invocatione
1639 4538 1891 4592 consistit
1927 4552 1940 4588 :
1970 4534 2096 4587 dum

533 4638 746 4692 scilicet
777 4636 859 4691 vel
885 4636 1053 4689 Deum
1087 4633 1240 4688 illum
1279 4631 1645 4703 appellamus,
1679 4638 1772 4681 aut
1803 4624 1913 4679 alio
1942 4623 2102 4677 modo

531 4743 655 4783 cuin
695 4729 1032 4782 invocamus.
1071 4723 1190 4791 Vel,
1235 4727 1292 4779 in
1341 4725 1554 4779 nomine
1606 4724 1818 4778 Domini
1857 4725 2100 4780 circum-

2206 4536 2296 4589 τόν
2320 4551 2334 4566 °
2368 4534 2401 4604 ἧ
2430 4534 2499 4588 ἐν
2526 4533 2606 4598 τῷ
2627 4532 2819 4601 Κυρίῳ
2865 4531 3005 4584 κατὰ
3032 4529 3382 4600 περίφρασιν.
3422 4528 3681 4597 ’Λρμὸζει
3721 4525 3773 4577 δὲ

2206 4634 2234 4684 ὁ
2262 4630 2475 4700 ψαλμὸς
2502 4630 2594 4681 καὶ
2625 4630 2759 4681 πᾶσι
2782 4629 2895 4689 τοῖς
2925 4627 3064 4678 κατᾶ
3103 4625 3252 4677 Οεῐαν
3286 4625 3542 4692 πρόνοιαν
3567 4624 3774 4677 ὲλευῦε·

2212 4721 2497 4794 ρουμένυις
2527 4718 2874 4790 πειρασμῶν.

531 4825 804 4896 loquendo
845 4824 1002 4888 dixit,
1057 4837 1158 4893 pro
1194 4824 1253 4876 1n
1305 4822 1557 4878 Domino.
1607 4821 1872 4892 Congruit
1929 4821 2091 4875 etiam
2135 4821 2223 4874 hic
2277 4818 2522 4888 psalmus
2585 4817 2652 4871 iis
2713 4814 2973 4870 omnibus
3020 4813 3117 4883 qui
3194 4811 3377 4868 divina
3435 4810 3773 4881 previdt-ntia

534 4940 563 4977 a
601 4920 990 4977 tentatioziibus
1031 4927 1085 4974 et
1125 4935 1152 4972 a
1189 4918 1594 4974 calamitatibus
1648 4918 1850 4970 fuerint
1902 4917 2138 4971 liberati.

1005 5015 1284 5070 Canticum
1313 5028 1649 5067 ascensuum.

1025 5104 1341 5160 PSALMUS
1377 5103 1610 5160 CXXIV.

611 5203 776 5260 Vens.
811 5202 863 5268 l,
894 5200 949 5255 ἓ.
982 5199 1090 5264 Qui
1117 5197 1384 5266 conﬁdunt
1420 5197 1474 5250 in
1511 5196 1752 5266 Domino,
1790 5198 1928 5253 sicut
1961 5214 2109 5252 mam

542 5297 695 5351 Sion.
732 5293 829 5348 Hic
857 5293 1104 5363 psalmus
1141 5289 1348 5360 optime
1405 5290 1768 5360 consequitur
1799 5294 1866 5344 ad
1901 5305 2110 5360 praece-

542 5392 757 5452 dentes,
791 5396 844 5442 et
881 5385 1182 5456 gratiarum
1226 5383 1476 5436 actiones
1513 5382 1781 5445 continet,
1817 5396 1918 5451 pro
1974 5382 2112 5435 libe-

545 5481 766 5534 ratione
799 5477 866 5532 ab
901 5475 1165 5531 inimicis.
1223 5474 1287 5537 li,
1336 5474 1542 5545 inquit,
1577 5473 1670 5543 qui
1731 5472 2015 5527 confidunt
2067 5476 2117 5526 in

2791 5003 2928 5075 ’ῼδὴ
2957 5003 3194 5072 ὁμοίως.

2747 5095 3042 5150 ΨΑΛΜΟΣ
3079 5093 3247 5148 PKA'.

2291 5197 2354 5248 Ol
2379 5193 2730 5256 πεποιθότες
2759 5189 2855 5243 ἐπὶ
2880 5188 3118 5256 Κύριον,
3150 5187 3229 5252 ὡς
3262 5184 3395 5252 ὅρος
3423 5182 3594 5238 Σιών.
3635 5179 3780 5234 Ἀκό-

2216 5285 2382 5338 λουθα
2403 5285 2512 5344 τοῖς
2548 5279 2879 5351 προλαϐοῦσι
2928 5281 2994 5330 τὰ
3025 5277 3119 5329 τοῦ
3150 5277 3416 5345 πρῶτος
3440 5271 3655 5343 ψαλμοῦ
3691 5268 3780 5324 καὶ

2220 5379 2360 5448 ὑπὲρ
2406 5377 2504 5446 τῆς
2545 5371 2870 5440 ἀπαλλαγῆς
2901 5371 3008 5422 τῶν
3060 5366 3337 5438 πολεμίων
3370 5365 3776 5435 εὑχαριστὴςια.

2232 5471 2321 5533 Ὠς
2355 5468 2417 5520 τὸ
2468 5466 2591 5538 ὅρος
2627 5465 2687 5519 τὸ
2739 5463 2902 5528 Σιὼν,
2937 5461 3350 5532 ἀπερίτιιεπτοι,
3385 5458 3734 5524 ἀκαῡαὶρετοι
3764 5489 3781 5516 ,

550 5570 804 5635 Domino,
833 5577 995 5622 erunt
1024 5568 1164 5622 sicut
1197 5581 1352 5620 mons
1389 5566 1520 5620 Sion
1562 5584 1576 5620 :
1605 5569 1928 5639 constantes
1960 5562 2122 5616 nisui-
2218 5562 2499 5632 ἀσφαλεῖς.

554 5673 700 5718 rum.
727 5655 1232 5718 incommutabiles,
1263 5667 1317 5709 et
1347 5655 1551 5709 securi.

633 5746 751 5798 Non
792 5745 1196 5798 commovebitur
1243 5747 1295 5798 in
1348 5745 1622 5812 sa'culuvn,
1675 5744 1766 5815 qui
1811 5743 2014 5799 Itttbt'tttt
2069 5743 2120 5796 in

2287 5741 2367 5793 Οὐ
2427 5738 2872 5806 σαλευθήσεται
2925 5737 3009 5804 εις
3056 5733 3162 5788 τὸν
3201 5732 3384 5788 αἰῶνα
3429 5731 3460 5784 ὀ
3505 5721 3783 5782 κατοικῶν
