4102 6206
463 265 598 331 1197

1567 280 1961 342 COMMENT.
2006 283 2084 343 IN
2115 283 2474 348 PSALMOS.

3562 292 3692 362 “93

455 385 870 453 Ἰερουσαλήμ.
899 387 972 439 Οὐ
1004 391 1535 462 περιτραπήσονται,
1569 395 1669 447 οὐκ
1727 395 2005 448 ἐκπεσοῦν-

2123 394 2442 452 Jerusalem.
2468 400 2572 467 Qui
2603 400 2850 457 habitant
2883 404 2934 459 in
2961 405 3287 473 Jerusalem,
3325 407 3377 462 in
3414 411 3691 464 saeculum.

442 489 532 524 ται
575 475 623 525 oi
686 475 1077 542 κατοικοῦντες
1132 480 1492 552 Ἰερουσαλὴμ
1559 484 1638 546 εἰς
1682 484 1774 536 τὸν
1818 483 2013 548 αἰῶνα,

441 565 562 615 ἀντὶ
598 564 691 617 τοῦ
717 606 732 631 ,
767 567 898 638 παρ’
940 569 1060 623 ὅλον
1098 570 1189 624 τὸν
1252 573 1423 626 αίῶνα
1471 573 1562 626 τὸν
1609 574 2012 646 ἀφωρισμένον.

447 655 666 726 κυρίως
695 657 752 711 δὲ
802 659 948 729 λέγει
992 663 1121 734 περὶ
1158 664 1267 717 τῶν
1311 665 1713 719 κατοικούντων
1762 667 1863 736 τὴν
1903 668 2016 721 ἀνω

453 745 814 821 Ἰερουσαλήμ
841 768 856 784 ο
884 754 1084 808 ἐκεῖνοι
1140 757 1250 825 γὰρ
1275 757 1530 811 οὐδέποτε
1567 758 2012 830 σαλευθήσονται’

411 827 417 830 ’
445 837 550 901 ἓως
584 839 639 892 δὲ
669 840 764 893 τοῦ
802 843 998 908 αἰῶνος
1031 844 1126 898 τοῦ
1149 844 1462 915 ὁρισθέντος
1492 847 1573 912 εἰς
1609 827 1885 920 σωτηρίαν
1913 847 2013 901 αὑ-

441 932 563 998 τῆς,
597 933 670 997 ὡς
701 935 941 1006 εἴρηται.
981 985 983 988 ι

516 1026 662 1093 Ὄρη
721 1028 928 1092 κύκλῳ
965 1029 1178 1099 αὐτῆς,
1223 1032 1322 1086 καί
1364 1034 1398 1087 ὁ
1426 1034 1644 1102 Κύριος
1682 1035 1887 1098 κύκλῳ
1910 1035 2014 1089 τοῦ

439 1116 594 1169 λαοῦ
620 1117 810 1172 αὐτοῦ
837 1119 954 1174 ἀπὸ
984 1120 1092 1176 τοῦ
1129 1120 1248 1176 νῦν
1276 1123 1375 1179 καί
1401 1124 1512 1192 ἕως
1542 1125 1649 1180 τοῦ
1678 1123 1910 1192 αιῶνος.

712 1433 866 1489 Deest
895 1435 948 1489 in
973 1437 1094 1492 MS.
1117 1437 1304 1494 (ἔνατα
1327 1439 1396 1494 ad
1419 1440 1730 1496 versiculum

1001 1508 1414 1564 animadversio.

506 1829 765 1886 Ὀτιούκ
781 1832 1006 1902 ἀφήσει
1036 1835 1252 1903 Κύριος
1285 1836 1400 1906 τὴν
1418 1839 1650 1907 ῥάϐδον
1684 1839 1802 1896 τῶν
1822 1846 2013 1915 ἁμαρ·

432 1921 638 1976 ι-ωλῶν
694 1924 794 1978 ἐπὶ
853 1925 961 1978 τὸν
1014 1915 1246 1995 κλῆρον
1319 1928 1438 1982 τῶν
1504 1931 1770 1989 δικαίων.
1827 1937 2016 1992 Δίτίαν

434 2011 581 2075 λέγει
621 2013 723 2082 τῆς
753 2015 815 2066 ἐκ
848 2013 987 2067 Θεοῦ
1020 2004 1294 2086 φυλακῆς.
1351 2017 1741 2089 ’Λμαρτωλοὺς
1781 2023 1838 2077 δὲ
1867 2025 2015 2091 λέγει

432 2104 560 2165 τοὺς
591 2104 808 2168 ἀσεϐεῖς
837 2107 931 2159 καὶ
962 2107 1339 2180 παρανόμους,
1370 2112 1546 2166 ὁποῖοί
1568 2115 1676 2169 είσι
1708 2116 1800 2169 καὶ
1825 2119 1872 2170 οί
1898 2119 2014 2172 δαί-

437 2211 594 2260 μονες
618 2207 633 2224 '
678 2195 873 2267 ῥάϐδον
893 2195 949 2249 δὲ
1000 2198 1180 2251 αὐτῶν
1212 2199 1312 2269 τὴν
1341 2200 1620 2270 βασιλείαν
1651 2204 1850 2272 αὐτῶν,
1885 2207 1918 2278 ἦ
1945 2209 2014 2263 τὰ

430 2286 573 2338 ὅπλα
595 2303 610 2318 ο
633 2286 876 2351 δικαίους
907 2287 964 2341 δὲ
991 2289 1116 2352 τοὺς
1139 2290 1195 2343 ἐν
1226 2289 1379 2361 νόμῳ
1402 2290 1680 2361 βιοῦντας.

508 2469 697 2532 Ὅπως
728 2465 805 2520 ἂν
830 2465 916 2534 μὴ
940 2467 1293 2520 ἐκτείνωσιν
1319 2469 1375 2520 οἱ
1398 2466 1613 2522 δίκαιοι
1641 2470 1712 2522 ἐν
1739 2469 2014 2540 ἀνομίαις

432 2558 635 2627 χεῖρας
691 2557 907 2612 αὐτῶν.
949 2558 1097 2622 Ἵνα,
1155 2559 1410 2629 τοιαύτης
1453 2561 1817 2626 ἀπολαύοντες
1861 2566 2012 2636 παρὰ

432 2651 570 2704 θεοῦ
599 2651 870 2722 φυλακῆς,
902 2651 978 2720 μὴ
1007 2649 1254 2718 ἅψωνται
1279 2653 1648 2722 παρανομίας,
1677 2653 1814 2708 ἀλλά
1844 2657 2006 2726 θερα-

433 2742 643 2794 πεύωσι
682 2742 774 2795 τὸν
804 2743 1124 2812 εὐεργέτην.

518 2833 863 2902 ’Λτὰθυνον,
887 2833 1080 2900 Κύριε.
1121 2834 1245 2900 τοῖς
1274 2834 1518 2902 ἀγαθοῖς
1569 2836 1666 2888 καί
1700 2836 1824 2902 τοῖς
1847 2838 2014 2891 εὐθέ-

431 2941 498 2977 σι
534 2923 609 2993 τῇ
642 2924 878 2993 καρδίᾳ.
908 2925 998 2987 Εἰς
1033 2924 1196 2995 εὐχὴν
1221 2925 1314 2977 τὸν
1347 2925 1502 2994 λόγον
1534 2929 1561 2980 ὁ
1593 2929 1882 2996 προφήτης
1913 2947 2014 2984 κα-

437 3015 683 3068 τέκλεισε
710 3016 888 3083 λέγων
909 3031 925 3048 ο
971 3016 1179 3083 ’Δγαθά
1216 3016 1461 3084 ποίησον,
1493 3015 1686 3087 Κύριε,
1722 3017 1902 3083 ἀγαθὰ
1923 3018 2012 3082 δὸς

433 3109 545 3169 τοῖς
574 3106 800 3172 ἀγαθοῖς
834 3106 1168 3176 ἀνθρώποις,
1215 3107 1446 3172 καὶ.τοῖς
1476 3108 1858 3178 ἀδιαστρόφοις
1909 3111 2008 3182 τὴν

435 3198 685 3267 καρδίαν,
715 3200 827 3261 τοῖς
859 3199 1089 3264 ἀδόλοις,
1116 3202 1208 3252 καὶ
1248 3201 1566 3270 ἁπονήροις.

509 3291 654 3353 Τοὺς
711 3289 793 3344 δὲ.
839 3291 1236 3356 ὲκκλίνοντας
1292 3294 1374 3356 εἰς
1427 3290 1554 3356 ’τὰς
1604 3293 2008 3361 στραγγαλιὰς

429 3380 645 3444 ἀπάξει
695 3383 906 3449 Κύριος
930 3384 1079 3449 μετὰ
1118 3381 1238 3436 τῶν
1266 3381 1674 3450 ἐργαζομένων
1711 3382 1828 3450 τὴν
1863 3385 2002 3438 ἀνο-

425 3477 595 3544 μίαν.
656 3476 746 3537 Εἰς
807 3475 1242 3545 διεστραμμένα,
1293 3477 1374 3539 είς
1422 3475 1815 3549 σκολιότητας’
1882 3477 2006 3540 τοὺς

338 3579 345 3586 ’
433 3565 706 3629 τοιούτους
736 3565 938 3630 ἀπάξει
972 3569 1054 3629 είς
1084 3565 1309 3619 κόλασιν
1334 3581 1347 3595 ·
1381 3566 1694 3637 παραδώσει
1727 3570 1966 3637 τιμωρίᾳ
1989 3583 2003 3598 '

430 3657 464 3727 ἢ
502 3655 779 3710 ἀπώσεται
807 3657 882 3720 ὼς
912 3658 1061 3720 ῖσους
1091 3659 1204 3719 τοῖς
1237 3656 1638 3728 παρανομοῦσι.

503 3854 728 3923 Εἰρήνη
759 3855 858 3910 ἐπὶ
891 3855 998 3911 τὸν
1025 3856 1294 3925 Ἰσραήλ.
1325 3856 1423 3929 Eii;
1447 3857 1708 3928 δηλονότι.
1750 3859 2008 3930 Ἀρμόξει

431 3943 488 3995 δὲ
519 3944 614 3996 καὶ
643 3940 794 4007 οὗτος
825 3946 854 3998 ό
886 3945 1100 4016 ψαλμδς
1129 3949 1243 4010 τοῖς
1296 3947 1612 4000 κατοικοῦσι
1652 3947 1750 4018 τὴν
1797 3949 2009 4021 ὑψηλὴν

431 4037 528 4088 καὶ
578 4034 939 4108 ἀκαθαίρετον
981 4036 1330 4107 Ἐκκλησίαν,
1363 4032 1431 4110 ἧς
1478 4039 1684 4106 κύκλῳ,
1711 4041 1763 4093 σί
1813 4041 2009 4110 ὑψηλοὶ

430 4125 746 4198 δ.δάσκαλοι
776 4127 1104 4197 τειχίζοντες
1147 4128 1340 4198 αὐτὴν,
1373 4131 1466 4181 καὶ
1495 4130 1877 4199 φυλάττοντες,
1912 4136 2006 4186 καὶ

429 4218 459 4291 ᾧ
498 4217 734 4288 Χριστὸς
765 4215 951 4284 κύκλῳ
976 4216 1071 4271 τοῦ
1103 4217 1236 4272 λαοῦ
1267 4219 1458 4273 αὐτοῦ.

1009 4413 1150 4486 ’ῼδὴ
1191 4416 1422 4484 ὁμοίως.

956 4508 1248 4562 ΨΑΛΜΟΣ
1295 4507 1468 4561 PKE’.

507 4603 612 4655 Ἐν
654 4599 734 4666 τῷ
767 4598 1126 4668 ἐπιστρέψαι
1164 4599 1382 4667 Κύριον
1414 4597 1528 4666 τὴν
1578 4601 1997 4668 αἰχμαλωσίαν

425 4694 598 4759 Σιὼν,
653 4693 1019 4763 ἐγενήθημεν
1073 4691 1217 4745 ὡσεὶ
1269 4691 1814 4759 παρακεκλημένοι.
1885 4694 1994 4746 Καὶ

423 4781 576 4849 οὗτος
607 4788 634 4838 ὀ
661 4784 872 4855 ψαλμδς
906 4782 1174 4837 ἀκόλουθα
1204 4779 1282 4851 τῷ
1311 4781 1419 4851 πρὸ
1461 4780 1624 4834 αὐτοῦ
1657 4781 1954 4850 φθέγγεται
1977 4799 1991 4812 ⁸

425 4880 762 4950 ἐπιστροφὴν
813 4879 912 4948 μὲν
940 4877 1135 4945 λέγων,
1169 4877 1269 4947 τὴν
1299 4876 1378 4938 είς
1417 4876 1515 4945 τὴν
1559 4875 1795 4944 πατρίδα
1833 4876 1995 4942 Σιὼν,

424 4972 870 5024 ἀποκατάστασιν
898 4970 1069 5040 αὐτῆς
1087 4968 1196 5020 τῶν
1221 4967 1429 5020 τέκνων
1461 4983 1474 4995 ⁸
1505 4960 1650 5020 οῦτοι
1679 4968 1788 5034 γὰρ
1815 4970 1847 5037 ἡ
1881 4970 2000 5039 αίχ-

429 5063 679 5132 μαλωσία
711 5063 878 5133 αὐτῆς
902 5079 915 5093 ο
945 5061 1290 5131 παράκλησιν
1341 5057 1398 5111 δὲ
1436 5058 1535 5127 τὴν
1569 5058 1866 5127 ἀνάκλησιν
1905 5061 1998 5112 καὶ

424 5155 805 5224 ψυχαγωγίαν.
848 5153 1305 5222 Ἐπιστραφέντες
1331 5191 1345 5215 ,
1378 5152 1564 5220 φησῖν,
1601 5151 1681 5213 εἰς
1741 5149 1839 5220 τὴν
1891 5167 1997 5204 πα·-

425 5245 604 5311 τρίδα,
680 5241 982 5312 ἐγενόμεθα
1033 5243 1152 5294 λίαν
1207 5239 1691 5310 παρακεκλημένοι
1734 5255 1747 5270 ·
1799 5239 1860 5292 τὸ
1884 5239 1993 5310 γὰρ

424 5335 568 5389 ὡσεὶ
627 5334 875 5397 ὲπίτασίς
905 5335 1020 5386 ἐστι
1051 5333 1146 5401 τῆς
1186 5331 1585 5401 παρακλήσεως
1614 5346 1628 5363 ’
1673 5330 1748 5394 ὡς
1776 5330 1856 5394 τὸ,
1897 5330 1995 5393 Ὠς

425 5423 647 5490 ἀγαθὸς
674 5425 707 5476 ὁ
738 5420 882 5486 Θεὸς
919 5420 1011 5486 τῷ
1037 5419 1288 5488 Ἰσραήλ.
1340 5420 1409 5472 Ἦ
1435 5420 1773 5490 ἐγενήθημεν
1802 5419 1992 5490 ὥσπερ

430 5513 482 5564 oi
514 5512 1014 5584 παρακεκλημένοι,
1052 5513 1328 5564 τουτέστιν
1370 5512 1429 5564 ἐν
1455 5511 1707 5583 εὐθυμία.

2126 487 2227 542 hoc
2263 497 2346 544 est
2396 507 2492 560 per
2534 501 2711 548 totum
2753 497 3012 551 sa'eulum
3073 499 3520 566 determinatam,
3589 518 3688 556 nor

2122 591 2458 648 evertentur,
2504 601 2604 640 nec
2631 587 2907 643 decident.
2947 571 3175 662 Proprie
3206 603 3387 648 autem
3417 595 3528 650 haec
3561 598 3685 648 l'ro-

2124 672 2303 739 pheta:
2330 675 2495 730 verba
2534 678 2598 731 ad
2630 693 2726 734 eos
2767 682 3070 749 pertinent,
3096 684 3189 752 qui
3244 684 3299 738 in
3347 700 3585 755 superna
3632 701 3688 738 at

2123 763 2334 818 caelesti
2377 768 2624 823 habitant
2653 767 2983 828 Jerusalem.
3024 773 3104 830 Illi
3156 777 3360 832 etenim
3412 793 3689 847 nunquam

2120 858 2630 915 commovebuntur.

2194 1030 2402 1090 Montes
2446 1040 2497 1091 in
2529 1041 2757 1094 circuitu
2783 1044 2929 1109 eius,
2974 1054 3023 1097 ct
3074 1045 3330 1100 Dominus
3371 1049 3424 1102 in
3467 1052 3632 1107 rircui
3661 1070 3690 1106 τι

2123 1129 2308 1195 populi
2342 1132 2447 1194 sui,
2497 1148 2722 1189 exnunc
2746 1147 2794 1188 et
2823 1154 2985 1207 usque
3013 1139 3064 1191 in
3097 1141 3369 1196 sa‘culum.
3403 1142 3690 1199 Maximam

2123 1218 2309 1281 etiam,
2346 1220 2548 1288 inquit,
2580 1226 2930 1280 securitatem
2959 1229 3121 1283 habet
3151 1231 3218 1284 ob
3262 1241 3472 1287 montes
3509 1237 3598 1303 qui
3639 1241 3690 1291 in

2122 1310 2356 1362 circuitu
2391 1315 2510 1376 ejus
2543 1324 2692 1382 sunt,
2716 1333 2904 1372 verum
2930 1321 3018 1374 illa
3047 1324 3314 1392 praecipua
3347 1334 3429 1380 est
3449 1329 3690 1382 omnium

2124 1404 2416 1465 securitas,
2439 1407 2579 1473 quod
2609 1405 2871 1464 Dominus
2894 1426 3012 1464 eam
3049 1414 3308 1470 custodit.
3341 1416 3572 1481 Idcirco,
3597 1423 3690 1490 qui

2124 1490 2239 1545 illic
2267 1493 2514 1548 habitant
2549 1512 2654 1550 non
2690 1504 3203 1570 commovebuntur,
3232 1522 3406 1578 usque
3439 1513 3491 1564 in
3517 1526 3690 1566 szecu-

2125 1579 2258 1636 lum.
2304 1582 2370 1636 In
2424 1587 2701 1652 arculum,
2760 1590 3006 1659 inquam,
3048 1595 3194 1663 quod
3236 1596 3302 1651 ad
3339 1598 3512 1667 ipsius
3539 1597 3667 1655 Jeru

2123 1672 2294 1726 salem
2353 1678 2590 1731 saiulem
2633 1680 2742 1748 jam
2788 1695 2816 1733 a
2859 1681 2970 1738 Deo
3012 1683 3430 1742 determinatam
3481 1699 3584 1754 est.
3635 1702 3691 1746 ut

2052 1779 2091 1834 Β
2121 1762 2384 1818 diximus.

2194 1855 2357 1912 Vens.
2397 1857 2449 1912 ’5.
2487 1859 2625 1926 Quia
2654 1879 2755 1917 non
2788 1864 3019 1920 dimittet
3059 1866 3312 1924 Dominus
3347 1875 3546 1944 virgam
3575 1891 3690 1942 per-

2117 1957 2362 2000 ca‘torum
2405 1966 2562 2018 super
2618 1964 2814 2008 sortent
2869 1957 3164 2023 iustorum.
3217 1961 3450 2018 Causam
3516 1968 3689 2022 reddit

2118 2037 2334 2091 divina:
2381 2041 2670 2096 custodiae.
2729 2044 2832 2099 Per
2867 2057 3187 2116 peccatores
3234 2062 3437 2115 autem,
3492 2054 3689 2125 impios

2117 2135 2285 2197 atque
2318 2129 2540 2200 iniquos
2581 2148 2774 2190 omnes
2819 2137 3103 2209 intelligit,
3148 2142 3341 2212 quales
3383 2145 3546 2198 etiam
3584 2149 3683 2218 ipsi

2116 2229 2245 2274 sunt
2300 2221 2600 2281 daemones.
2641 2225 2744 2281 Per
2773 2229 2980 2300 virgam
3037 2247 3187 2297 vero,
3222 2237 3541 2292 eorumdem
3602 2254 3689 2294 τε·-

2115 2325 2280 2378 gnum
2321 2324 2414 2368 aut
2448 2316 2747 2385 potentiam
2777 2318 3068 2392 intelligit;
3101 2323 3282 2393 justos
3311 2340 3439 2380 vero
3467 2343 3562 2384 cos
3585 2345 3684 2400 ap-

2116 2401 2305 2472 pellat,
2342 2404 2436 2473 qui
2468 2407 2770 2460 secundum
2807 2408 2979 2476 legem
3020 2412 3231 2467 vivunt.

2187 2493 2272 2548 Ne
2307 2500 2593 2552 extendant
2617 2499 2760 2568 justi
2806 2501 2875 2555 ad
2928 2503 3261 2574 iniquitatem
3303 2524 3489 2564 manus
3537 2529 3684 2567 suas.

2112 2589 2300 2646 Justos
2337 2590 2479 2647 Deus
2516 2608 2615 2646 sua
2660 2594 2758 2648 hac
2813 2597 3070 2652 custodia
3107 2607 3160 2654 et
3190 2602 3530 2668 pr0tectione
3579 2605 3684 2659 frui

2113 2679 2311 2744 voluit,
2338 2690 2398 2735 ut
2439 2681 2688 2752 iniquum
2727 2686 2936 2756 aliquid
2986 2703 3096 2743 non
3128 2693 3426 2763 attingant,
3465 2696 3559 2750 scd
3594 2698 3685 2752 be-

2114 2770 2449 2828 nefactorem
2491 2775 2694 2831 colant.

2187 2860 2352 2917 Vens.
2384 2863 2437 2919 4.
2475 2864 2726 2935 Bene/ac,
2765 2867 3010 2936 Domine,
3045 2872 3219 2940 bonis,
3247 2885 3295 2927 et
3324 2879 3476 2930 rectis
3509 2880 3680 2937 corde.

2118 2948 2441 3008 Sermonem
2474 2970 2635 3010 suum
2664 2954 2935 3028 Propheta
2960 2961 3016 3016 in
3045 2964 3352 3019 orationem
3380 2970 3680 3027 conclusit.

2115 3038 2286 3106 Bona,
2331 3043 2532 3114 inquit,
2573 3047 2765 3116 facito,
2797 3049 3046 3120 Domine,
3077 3063 3131 3108 et
3169 3056 3308 3111 bona
3340 3057 3466 3115 dato
3509 3061 3676 3118 homl~

2041 3129 2080 3185 C
2115 3131 2278 3189 uibus
2305 3135 2461 3192 bonis
2494 3147 2551 3192 et
2583 3141 2767 3205 rectis,
2797 3143 2890 3212 qui
2918 3158 3025 3198 non
3053 3159 3311 3214 perverso
3340 3159 3434 3203 aut
3470 3152 3679 3218 doloso,

2111 3225 2204 3276 sed
2243 3226 2471 3296 simplici
2516 3238 2648 3283 sunt
2685 3233 2871 3286 corde.

2185 3313 2346 3371 Vens.
2363 3319 2416 3372 5.
2435 3318 2769 3378 Declinantes
2788 3334 2961 3380 autem
2981 3327 3035 3381 in
3052 3331 3434 3398 tortuositates,
3455 3333 3679 3389 adducet

2110 3403 2372 3462 Dominus
2407 3427 2523 3463 cum
2560 3416 2896 3480 operantibus
2936 3419 3287 3487 iniquitatem.
3317 3421 3375 3477 in
3415 3427 3680 3483 tortuosi.

2111 3507 2273 3566 tates,
2305 3501 2408 3556 hoc
2466 3514 2572 3568 est,
2608 3506 2661 3557 in
2709 3521 2965 3575 perversa
2997 3518 3160 3580 atque
3193 3514 3440 3586 obliqua.
3475 3517 3679 3588 Hujus-

2111 3589 2252 3641 modi
2289 3588 2436 3642 enim
2471 3590 2724 3646 homines
2758 3593 2993 3649 adducet
3057 3599 3201 3654 Deus
3250 3603 3314 3660 ad
3357 3619 3571 3675 paruas,
3627 3622 3680 3666 et

2112 3680 2392 3747 perpetuis
2443 3695 2539 3735 eos
2576 3683 2756 3738 tradet
2810 3685 3141 3754 suppliciis;
3189 3692 3268 3745 vel
3307 3697 3532 3764 repellet
3584 3715 3679 3756 eos

2111 3777 2368 3840 tanquam
2402 3771 2608 3840 iniquis
2641 3775 2956 3832 hominibus
2990 3778 3217 3836 similes.

2188 3861 2304 3916 Pax
2341 3879 2498 3934 super
2553 3865 2745 3922 Israel.
2791 3868 3238 3928 Subaudiendum
3291 3886 3374 3932 est
3429 3881 3678 3945 verbum,

2108 3955 2200 4008 sit.
2230 3954 2497 4027 Congruit
2527 3959 2695 4013 etiam
2735 3961 2824 4016 hic
2860 3964 3113 4032 psalmus
3143 3967 3210 4023 iis
3246 3968 3338 4039 qui
3374 3970 3429 4025 in
3458 3974 3676 4028 excelsa

2110 4055 2277 4115 atque
2332 4049 2771 4102 incommutabili
2832 4050 3074 4108 Ecclesia
3122 4048 3393 4124 habitant,
3431 4060 3483 4114 in
3521 4063 3679 4131 cujus

2110 4136 2347 4191 circuitu
2380 4145 2513 4193 sunt
2547 4140 2814 4196 sublimes
2853 4140 3136 4209 doctores,
3163 4149 3474 4206 munientes
3515 4153 3680 4206 nimi-

2111 4245 2228 4282 rum
2262 4237 2314 4284 et
2339 4233 2715 4288 custodientes
2752 4249 2897 4299 eam,
2933 4246 2988 4290 et
3017 4236 3274 4296 Christus
3301 4242 3470 4296 etiam
3496 4244 3550 4300 in
3575 4245 3678 4300 cir-

2108 4319 2258 4373 euitu
2301 4321 2486 4390 populi
2529 4323 2633 4377 sui.

2567 4415 2847 4468 Canticum
2889 4433 3218 4474 ascensuum.

2608 4503 2926 4561 PSALMUS
2973 4507 3184 4565 CXXV.

2179 4597 2344 4652 Vens.
2383 4600 2430 4651 i.
2463 4595 2595 4652 Cum
2633 4607 2952 4653 converteret
2998 4600 3260 4657 Dominus
3311 4606 3672 4675 captivitatem

2107 4685 2257 4750 Sion,
2282 4687 2611 4755 factisumus
2640 4688 2775 4740 sient
2803 4689 3080 4744 consolati.
3107 4690 3206 4746 Hic
3236 4695 3482 4763 psalmus
3508 4699 3670 4754 etiam

2105 4788 2535 4850 consequentem
2565 4779 2630 4833 ad
2664 4781 3036 4849 przecedentes
3076 4787 3362 4843 materiam
3402 4795 3670 4846 continet.

2103 4871 2210 4926 Per
2236 4871 2648 4925 conversionem
2683 4873 2826 4926 enim
2863 4873 3136 4944 Propheta
3198 4881 3434 4934 reditum
3474 4899 3538 4937 ac
3582 4900 3670 4937 re-

2102 4964 2440 5016 stitutionem
2503 4962 2753 5034 intelligit
2803 4968 2855 5018 in
2913 4968 3221 5036 patriam,:
3275 4972 3433 5041 cujus
3484 4975 3672 5041 patrias

2104 5050 2270 5115 filios,
2307 5051 2410 5105 hoc
2443 5059 2550 5115 est,
2585 5053 2746 5122 cujus
2807 5057 3069 5126 pepulum
3103 5059 3157 5114 in
3193 5063 3508 5130 captivitate
3539 5065 3669 5117 olim

2104 5143 2495 5208 constitutum,
2528 5145 2902 5214 captivitatem
2930 5147 3060 5203 Sion
3085 5151 3396 5220 appellavit.
3413 5154 3518 5224 Per
3536 5170 3672 5209 Con-

2103 5235 2438 5291 solationem
2488 5252 2637 5304 vero,
2693 5238 3035 5308 refrigerium
3084 5234 3358 5315 intelligit.
3417 5243 3668 5312 Reversi,

2105 5330 2308 5400 inquit,
2357 5331 2408 5383 in
2437 5332 2670 5400 patriam
2708 5332 2862 5387 valde
2897 5332 3206 5403 refrigerati
3262 5353 3478 5394 sumus.
3535 5338 3667 5393 Nam

2106 5420 2294 5476 Graeca
2323 5422 2492 5476 dictio
2525 5422 2681 5485 ὡσεί,
2710 5437 2807 5491 pro
2842 5437 2948 5491 qua
2993 5422 3266 5496 interpres
3305 5429 3560 5496 reddidit,
3595 5433 3669 5484 εε-

2103 5522 2212 5576 cut,
2249 5529 2356 5567 non
2422 5513 2596 5569 solum
2625 5514 2766 5564 hanc
2819 5513 3270 5581 signiﬁcationem
3338 5523 3518 5586 habet,
3575 5526 3665 5578 sed

429 5610 704 5666 interdum
743 5610 961 5679 ponitur
997 5624 1094 5677 pro
1132 5623 1311 5677 quant,
1349 5606 1400 5660 id
1438 5615 1540 5674 est,
1566 5621 1664 5677 pro
1702 5606 1870 5671 valde,
1897 5606 2360 5676 quemadmodum
2401 5616 2451 5659 et
2492 5603 2618 5657 alibi
2656 5619 2668 5655 :
2703 5601 2874 5668 Quam
2931 5605 3094 5663 bonus
3127 5609 3267 5668 Deus
3321 5611 3490 5670 Israel
3522 5617 3666 5684 θοοθι,

503 5725 623 5757 ’Μ’
666 5724 805 5780 Psal.
846 5741 1013 5792 Lxxtt,
1057 5725 1104 5778 l.
