4102 6206
432 263 449 322 Ῑ
498 263 560 322 Ol

428 373 485 420 ὲν
524 371 866 436 aptate-3's;
930 372 1286 440 νομιζόμενοι
1322 374 1378 424 τὸ
1413 373 1596 441 θέρος,
1647 373 1769 440 ἦτοι
1799 374 1889 424 τὸν
1923 373 1968 421 εἰ

429 463 666 528 ρηρ.ἐνον
699 461 1021 529 καρποντῆς
1060 461 1750 530 καταϐληθείσηςὲλπὶδος.
1787 461 1997 527 Ὥσπερ

427 552 533 619 γὰρ
565 551 622 602 τὸ
665 553 888 621 σπέρμα
918 553 1011 604 τοῦ
1054 554 1202 604 σίτου
1242 555 1414 606 δεῖται
1441 553 1636 618 ὑετῶν,
1670 551 1844 616 οὑτως
1903 553 1996 603 καὶ

427 644 488 692 τὸ
524 643 744 710 σπέρμα
773 645 871 709 τῆς
903 643 1117 706 ἐλπίδος
1148 645 1342 716 χρῄζει
1375 646 1628 714 δακρύων
1662 646 1740 708 είς
1788 661 1997 714 καρπο-

430 731 634 794 γονίαν.
676 733 782 784 Καὶ
823 734 1074 802 καθάπερ
1121 735 1327 804 ἄρουρα
1367 738 1557 806 χρείαν
1608 735 1720 805 ἔχει
1762 735 1856 787 τοῦ
1906 736 1995 788 τέ-

431 822 688 892 μιεσθαι,
715 825 810 878 καὶ
829 827 1142 897 ἀναῤῥήγνυ
1153 828 1296 894 σθαι,
1323 827 1466 881 οὕτω
1481 830 1624 898 καὶὴ
1655 827 1803 898 ψυχὴ
1823 827 1995 880 δεῖται

430 915 753 985 πειρασμῶν
815 918 909 969 καὶ
943 916 1200 986 θλίψεων,
1239 919 1328 972 ἶνα
1381 919 1633 989 μαλαχθῇ
1661 920 1720 972 τὸ
1765 919 1997 988 σκληρὸν

429 1007 622 1074 αὐτῆς,
660 1007 756 1060 καὶ
803 1009 879 1077 μὴ
929 1007 1211 1081 βλαστήσῃ
1251 1012 1494 1076 ἀκάνθας
1549 1014 1641 1067 καὶ
1691 1013 1995 1084 τριϐόλους,

431 1100 524 1151 καὶ
551 1099 810 1164 τοιαύτας
853 1100 1128 1172 βλαϐερὰς
1165 1102 1418 1173 βοτάνας.

1003 1373 1148 1442 ᾭὸ
1179 1375 1412 1442 ὁμοίως.

949 1465 1242 1519 ΨΑΛΜΟΣ
1282 1467 1471 1534 PKq'.

499 1547 642 1602 Ἐὰν
672 1553 754 1619 μὴ
792 1555 1007 1621 Κύριος
1047 1558 1421 1628 οἱκοδομήση
1457 1557 1749 1628 damnet;
1800 1564 2000 1632 μάτην

425 1643 765 1700 ἐκοπιίισαν
795 1650 852 1701 oi
872 1650 1350 1719 οἰκοδομοῦντες.
1398 1655 1821 1721 Ἐπανελθόντες
1859 1661 1908 1712 οί
1943 1661 2000 1710 ὲν

426 1737 796 1810 αἰχμαλωσίᾳ,
834 1742 928 1794 καλ⁵
952 1742 1256 1812 οἰκοδομεῖν
1287 1745 1584 1816 ἀρξάμενοι
1608 1749 1700 1803 τὸν
1729 1751 1855 1804 ναὸν
1905 1755 2000 1807 καὶ

426 1828 528 1897 τὴν
570 1829 726 1884 πόλιν
773 1831 976 1898 αὑτῶν,
1013 1835 1318 1892 ἐκωλύοντο
1365 1842 1522 1909 παρὰ
1579 1843 1688 1896 τῶν
1744 1846 2002 1912 γειτόνων

426 1919 620 1987 ἐθνῶν,
642 1922 986 1991 φθονούντων
1013 1927 1128 1996 ἅμα
1157 1930 1252 1983 καὶ
1273 1931 1592 1986 δεδοικότων
1615 1934 1712 2006 τὴν
1737 1937 1818 2001 είς
1843 1938 1999 2003 αὖθις

425 2010 730 2082 εὐημερίαν
767 2017 968 2071 αὑτῶν.
1007 2019 1116 2072 Καὶ
1149 2021 1319 2086 πολὺς
1381 2025 1574 2095 ἐτρίση
1619 2029 1832 2096 χρόνος,
1869 2031 1998 2101 ἄχρι

424 2101 520 2152 καὶ
547 2106 960 2174 τεσσαράκοντα
1021 2109 1180 2172 ἐτῶν,
1222 2112 1328 2165 τῶν
1385 2114 1484 2182 μὲν
1544 2118 1844 2187 προθύμως
1883 2123 2000 2174 ὲπι-

429 2193 762 2263 χειρούντων
818 2197 1044 2263 κτίζειν,
1077 2202 1186 2254 τῶν
1239 2202 1297 2256 δὲ
1338 2206 1474 2258 πᾶσι
1524 2211 1745 2278 τρόποις
1777 2211 2001 2279 ἐμποδι-

425 2283 627 2348 ζόντων
669 2302 686 2320 ο
718 2288 827 2353 οὒς-
881 2293 1155 2347 παιδεύων
1209 2297 1236 2348 ό
1291 2300 1578 2369 προφήτης
1632 2301 1725 2354 ἐπὶ
1753 2301 1843 2355 τὸν
1867 2303 1999 2358 Θεὸν

425 2379 814 2449 καταφεύγειν,
881 2384 974 2436 καὶ
1038 2387 1202 2440 αὑτὸν
1264 2389 1649 2446 ἐπικαλεῖσθαι
1712 2398 1995 2465 συνεργῦν,

424 2466 594 2558 ταῦτα
627 2469 880 2536 διέξεισιν
917 2491 930 2506 ·
976 2476 1104 2529 Ἐἀν
1143 2478 1218 2548 μὴ
1249 2479 1453 2551 Κύριος
1484 2484 1815 2558 οίκοδομήσῃ
1849 2484 1998 2540 οἷκον

423 2556 512 2612 διὰ
537 2562 827 2630 συνεργίας
860 2565 962 2634 τῆς
995 2571 1122 2638 παρ’
1161 2570 1348 2634 αὑτοῦ,
1377 2576 1459 2640 είς
1489 2578 1666 2649 μάτην
1694 2556 1998 2634 ἐκοπίασαν

424 2650 472 2698 oi
503 2652 933 2722 οίκοδομοῦντες.
957 2659 1306 2715 ’Λνεὸάλλετο
1327 2664 1385 2718 δὲ
1442 2669 1502 2722 ὲν
1533 2672 1810 2736 τοσούτοις
1850 2675 1995 2728 ἔτεσι

426 2738 526 2807 τὴν
555 2745 868 2813 συνεργίαν,
917 2748 1000 2801 ἴνα
1032 2753 1172 2805 κατά
1205 2756 1398 2824 μικρὸν
1430 2760 1869 2828 ἀφυπνίζωνται,
1903 2771 1998 2820 καὶ

429 2832 502 2900 μὴ
551 2838 614 2904 τῇ
663 2838 842 2892 ἀνέσει
905 2841 1268 2913 ρᾳθυμότεροι
1320 2851 1610 2918 γένωνται,
1699 2858 1794 2908 καὶ
1862 2861 1996 2928 πρὶς

424 2927 520 2996 τὴν
561 2931 832 3002 προτέραν
884 2936 1046 2990 πάλιν
1095 2939 1418 3012 δρομήσωσι
1473 2949 1758 3017 πονηρίαν.
1801 2953 1867 3019 τῇ
1899 2927 1994 3005 τα-

426 3019 587 3091 χίστῃ
617 3023 726 3075 τῶν
755 3027 942 3079 κακῶν
971 3030 1260 3102 ἀπαλλαγῇ
1290 3050 1304 3064 °
1340 3035 1498 3089 ἔλαϐε
1532 3038 1631 3106 μὲν
1655 3038 1748 3092 οἷν
1779 3044 1805 3094 ό
1841 3043 1995 3108 λόγος
2027 3052 2068 3110 ﬁ

425 3110 578 3177 οὗτος
598 3116 696 3185 τὴν
720 3119 896 3189 ἀρχὴν
927 3122 1034 3174 ἀπὸ
1057 3124 1153 3192 τῆς
1181 3125 1493 3191 ὑποθέσεως
1517 3130 1744 3201 ταύτης.
1775 3133 1996 3202 Εἴρηται

425 3207 481 3259 δὲ
539 3210 990 3284 καθολικωτέρως
1040 3217 1134 3270 ἐπὶ
1207 3221 1370 3273 πᾶσιν
1435 3223 1694 3294 ἁρμόζων
1745 3226 1996 3293 λέγεσθαι

431 3317 769 3372 πραγμασιν.

509 3572 748 3642 Ἔὰνμὴ
770 3577 977 3646 Κύριος
998 3580 1244 3649 φυλάξῃ
1262 3584 1466 3646 πόλιν,
1495 3588 1580 3651 εὶς
1596 3586 1796 3654 μάτην
1812 3591 1995 3657 ἠγρύ-

427 3679 666 3730 πνησεν
721 3670 754 3718 ὀ
797 3670 1159 3736 φυλάσσων.
1212 3675 1323 3727 Καὶ
1362 3677 1578 3744 τίλέγω
1629 3680 1759 3750 περὶ
1795 3683 1996 3734 οἰκοδο-

429 3756 577 3823 μῆς;
618 3758 755 3811 Ἀλλ’
785 3761 906 3815 οὑδὲ
955 3765 1400 3834 οἰκοδομηθεῖσαν
1447 3770 1540 3820 καὶ
1563 3771 1996 3839 ἀπαρτισθεῖσαν

427 3848 582 3902 πόλιν
605 3851 842 3919 φυλάξαι
870 3855 1160 3927 δυνήσεταί
1183 3876 1286 3923 τις,
1323 3859 1398 3930 μὴ
1441 3860 1829 3932 συνεργοῦντος
1855 3868 1998 3919 ὲκεί-

427 3957 542 3993 νου.

495 4034 601 4098 Εἰς
647 4035 845 4103 μάτην
900 4039 1042 4106 ὑμῖν
1081 4040 1214 4096 ἐστι
1243 4042 1310 4096 τό
1341 4043 1628 4112 ὀρθρίζειν
1652 4063 1665 4078 ο
1695 4047 1998 4117 ἐγείρεσθε

426 4125 572 4186 μετὰ
620 4126 687 4178 τὸ
735 4128 1031 4198 καθῆσθαι
1065 4137 1119 4187 οὶ
1178 4135 1488 4202 ἐσθίοντες
1536 4138 1720 4206 ἄρτον
1750 4139 1994 4207 ὀδύνης.

424 4223 654 4288 Λοιπὸν,
709 4213 752 4272 ὧ
800 4223 1068 4288 ἐσθίοντες
1119 4227 1284 4296 ἄρτον
1333 4227 1564 4298 όδύνηε.
1627 4230 1676 4282 oi
1728 4232 1860 4302 μηδὲ
1905 4233 1996 4285 τὸν

424 4313 590 4380 ἄρτον
623 4314 793 4383 χωρὶς
842 4313 1034 4385 ὀδύνης
1100 4315 1390 4380 ἐσθίοντες,
1419 4319 1466 4368 οί
1495 4317 1698 4382 ζῶντες
1727 4320 1785 4370 ὲν
1815 4319 1988 4387 θλίψει

1619 256 2007 317 COMMENT.
2040 255 2115 314 IN
2158 254 2522 313 PSAIMOS.

2029 368 2076 427 Α
2105 368 2255 419 illinc
2301 365 2659 426 exsultantes,
2689 373 2739 415 et
2771 377 3030 424 messem,
3085 362 3185 416 hoe
3238 369 3340 422 cst,
3393 362 3674 412 sctttitmta:

3530 239 3677 305 12θὲ

2107 461 2222 528 spei
2255 462 2492 511 fructum
2524 456 2760 510 ferentes
2796 473 2808 508 :
2847 469 3009 524 quem
3046 454 3173 506 ideo
3201 455 3254 505 in
3292 453 3550 521 lacryutis
3585 467 3672 502 se-

2108 552 2430 614 tninarunt,
2481 550 2610 618 quia
2665 548 3129 618 quemadmodum
3174 545 3429 599 frumenti
3487 559 3673 598 semen

2109 642 2313 712 indiget
2343 641 2565 711 pluviis,
2608 641 2681 694 ita
2724 652 2775 694 et
2831 638 3146 707 hujusmodi
3198 637 3313 706 spei
3371 653 3553 690 semen
3609 636 3674 688 ad

2110 735 2363 789 ferendos
2395 734 2607 789 fructus
2647 732 2857 802 indiget
2891 730 3151 802 lacrymis
3181 746 3192 781 :
3221 738 3275 783 et
3309 730 3672 798 quorundum-

2109 827 2239 880 dnm
2303 835 2562 882 terrenus
2619 827 2735 895 ipse
2765 841 2892 894 ager
2925 825 3094 878 aratri
3139 823 3283 879 ferro
3333 822 3558 889 indiget.
3618 829 3677 872 ut

2109 929 2370 972 concreta
2435 929 2578 972 terra
2635 917 2922 972 scittdatur
2959 925 3122 984 atque
3169 915 3462 978 incidatur,
3519 915 3590 965 ita
3622 921 3679 964 et

2108 1012 2289 1065 anima
2351 1009 2738 1064 afﬂictionibus
2775 1009 2980 1078 indiget
3017 1018 3072 1062 et
3101 1004 3521 1065 tentationibus,
3555 1019 3678 1071 qua:

2110 1101 2302 1168 majori
2336 1103 2566 1172 quadam
2605 1101 2808 1155 duritie
2834 1100 2981 1154 illius
3015 1097 3271 1151 duritiem
3298 1095 3568 1156 molliant,
3608 1109 3676 1145 ne

2109 1194 2296 1262 spinas
2318 1194 2644 1262 germinent,
2665 1203 2758 1246 attt
2783 1191 3035 1252 tribulos,
3070 1197 3161 1243 aut
3202 1187 3514 1258 huiusmodi
3540 1186 3676 1240 alias

2109 1286 2300 1340 noxias
2335 1285 2554 1340 herbas.

2571 1375 2848 1429 Canticum
2879 1389 3216 1428 ascensuum.

2597 1465 2916 1520 PSALMUS
2945 1464 3181 1522 CXXVI.

2165 1560 2326 1612 Vnus.
2359 1561 2403 1612 sl.
2440 1559 2554 1612 Nisi
2581 1558 2834 1611 Dominus
2869 1557 3214 1626 wdiﬁoaverit
3246 1554 3482 1619 domum,
3511 1556 3562 1607 in
3585 1571 3676 1607 va-

2110 1668 2232 1704 num
2274 1651 2666 1714 laboraverunt,
2706 1650 2794 1718 qui
2823 1650 3091 1716 wdiﬁcant
3123 1665 3260 1702 eam.
3296 1647 3431 1701 Cum
3469 1645 3673 1701 reversi

2103 1753 2290 1802 essent
2325 1743 2498 1798 Judaei
2531 1758 2598 1798 ex
2631 1741 2970 1811 captivitate,
3008 1740 3384 1806 templumque
3429 1750 3484 1793 et
3539 1739 3674 1791 civi-

2105 1843 2267 1888 latent
2298 1847 2518 1886 rursum
2545 1831 2818 1884 aediﬁcare
2869 1829 3188 1899 coepissent,
3242 1829 3673 1897 prohibebantur

2103 1940 2131 1978 a
2169 1923 2365 1979 vicinis
2391 1923 2646 1992 gentibus
2672 1921 2742 1976 ob
2772 1922 3036 1975 invidiam
3092 1921 3298 1991 pariter
3322 1930 3373 1975 et
3399 1921 3673 1982 timorem,

2103 2031 2171 2069 ne
2203 2029 2390 2069 eorum
2426 2029 2513 2068 rcs
2545 2028 2806 2084 prospere
2846 2027 2910 2066 ac
2941 2012 3174 2067 feliciter
3199 2012 3576 2067 succederent.
3608 2011 3673 2064 Et

2102 2107 2335 2162 multum
2393 2106 2612 2176 quidem
2669 2107 2936 2175 temporis
2997 2105 3118 2170 fuit,
3178 2120 3446 2158 annorum
3503 2103 3672 2156 fern-e

2101 2200 2487 2272 quadraginta,
2529 2213 2639 2270 quo
2669 2208 2723 2255 et
2747 2197 2917 2254 Jndzei
2951 2199 3242 2262 aedificare,
3277 2208 3328 2249 ct
3371 2197 3447 2250 illi
3481 2204 3668 2250 contra

2103 2296 2280 2352 modis
2304 2296 2558 2351 omnibus
2591 2293 2854 2364 impedire
2880 2309 2974 2349 eos
3009 2293 3342 2348 nitebantur.
3375 2291 3482 2345 llos
3505 2291 3672 2359 igitur

2101 2389 2362 2443 erudiens
2406 2386 2672 2456 Propheta
2701 2398 2884 2441 noster
2912 2386 3092 2446 docet,
3127 2393 3184 2436 ut
3226 2387 3290 2436 ad
3327 2383 3494 2436 Deum
3533 2397 3633 2434 con
3657 2409 3670 2421 ο

2103 2483 2337 2550 fugiant.
2357 2490 2411 2535 ct
2442 2481 2817 2548 coadjutorem
2844 2481 3058 2544 incepto
3095 2475 3246 2544 operi
3282 2476 3559 2537 invocent,
3585 2483 3668 2527 at-

2099 2592 2206 2646 que
2240 2577 2292 2627 in
2326 2575 2464 2626 hanc
2499 2572 2808 2642 prorumpit
2838 2569 3167 2622 sententiam
3200 2583 3214 2620 :
3253 2565 3365 2618 Nisi
3406 2563 3670 2618 Dominus

2100 2667 2486 2735 conparatione
2537 2680 2634 2718 sua
2689 2662 2947 2725 astiterit,
2985 2671 3039 2715 et
3089 2662 3310 2714 demum
3365 2659 3481 2726 ipse
3537 2672 3670 2709 eon-

2100 2757 2416 2813 strttendam
2453 2753 2828 2813 :cdificavcrit,
2856 2751 3058 2804 flustra
3099 2765 3288 2802 omnes
3335 2747 3668 2801 tedificantes

2101 2850 2373 2903 lahoranl.
2404 2845 2699 2900 Distulerat
2725 2853 2899 2895 autem
2928 2841 3136 2909 aliquot
3160 2841 3318 2892 annis
3347 2838 3486 2892 Deus
3508 2853 3668 2889 suum

2098 2941 2303 2994 Jlltitl‘is
2337 2938 2602 2992 auxilium
2647 2932 2980 3002 impendere.
3017 2942 3069 2984 ut
3106 2931 3365 3000 paulatim
3395 2946 3421 2981 a
3453 2944 3667 2990 sotnno,

2104 3044 2162 3087 nt
2201 3035 2273 3086 ita
2311 3033 2513 3094 dicam,
2570 3029 2967 3088 excitarentur,
2997 3036 3051 3076 et
3085 3040 3151 3077 ne
3201 3024 3459 3076 diuturna
3489 3021 3669 3089 quiete

2104 3125 2398 3180 inertiores
2447 3123 2654 3182 ﬁerent,
2683 3127 2846 3186 atque
2877 3119 2942 3171 ad
2977 3117 3214 3185 priorem
3272 3116 3509 3168 redirent
3543 3128 3669 3180 pra-

2103 3217 2360 3270 vitatem.
2405 3210 2568 3264 veluti
2641 3223 2781 3276 quos
2824 3207 3074 3260 celeriter
3137 3220 3199 3258 ac
3245 3205 3311 3257 de
3345 3203 3490 3256 lacili
3527 3201 3672 3253 Deus

2102 3309 2390 3360 liberasset
2430 3319 2457 3355 a
2488 3303 2663 3356 mulis.
2707 3301 2763 3354 In
2805 3301 3125 3354 universum
3170 3299 3328 3352 etiam
3369 3297 3456 3350 hic
3490 3310 3670 3349 sermo

2101 3401 2290 3454 multis
2338 3405 2518 3467 potest
2574 3394 2796 3450 casibus
2873 3409 2935 3446 ac
3009 3391 3303 3462 propositis
3365 3402 3672 3442 accommo—

2099 3495 2238 3550 ἀντὶ.

2173 3584 2294 3638 Nisi
2319 3583 2570 3635 Dominus
2595 3579 2903 3633 custodierit
2927 3579 3208 3638 civitatem,
3232 3577 3433 3644 frustra
3489 3571 3669 3639 vigilat

2097 3678 2185 3746 qui
2213 3674 2440 3728 custodit
2461 3688 2599 3726 eam.
2632 3669 2737 3724 Sed
2770 3668 2901 3738 quid
2925 3669 3072 3729 dico,
3100 3667 3300 3734 inquit,
3329 3666 3394 3718 de
3431 3663 3674 3716 civitatis

2097 3764 2486 3824 aedificatione,
2523 3776 2651 3815 eum
2685 3774 2864 3829 neque
2897 3764 3275 3812 constructam
3312 3768 3374 3805 ac
3407 3752 3516 3819 jam
3551 3766 3673 3818 per-

2100 3854 2295 3909 fectant
2353 3851 2633 3908 civitatem
2690 3847 2995 3911 custodire,
3031 3855 3126 3900 aut
3159 3855 3488 3898 conservare
3545 3837 3668 3905 quis

2099 3947 2294 4017 possit,
2327 3945 2534 4014 absque
2558 3943 2702 3996 illius
2727 3939 2930 3995 auxilio
2952 3940 2976 3993 ?

2171 4037 2337 4093 Vens.
2370 4038 2425 4092 2.
2469 4037 2667 4090 Vanum
2690 4043 2767 4088 est
2799 4032 2938 4086 vobis
2966 4041 3085 4086 ante
3104 4031 3268 4085 lucem
3297 4033 3528 4102 vigilare,
3549 4053 3670 4088 stu--

2097 4132 2199 4200 gite
2239 4140 2513 4198 postquam
2543 4126 2774 4191 sedistis,
2797 4125 2888 4194 qui
2917 4124 3249 4177 manducatis
3282 4139 3470 4190 panem
3516 4127 3670 4179 dolo-

2101 4225 2196 4277 ris.
2222 4221 2517 4284 Caeterum,
2570 4219 2768 4286 inquit,
2819 4232 2938 4280 vos,
2987 4231 3019 4269 0
3062 4215 3259 4279 Judaei,
3309 4217 3402 4285 qui
3460 4218 3669 4273 doloris

2101 4331 2293 4385 panem
2323 4309 2688 4372 manducetis,
2725 4311 2827 4363 hoc
2855 4318 2958 4371 est,
2997 4308 3088 4376 qui
3120 4323 3219 4361 nec
3250 4323 3440 4375 panem
3492 4311 3666 4378 ipsum

426 4416 533 4462 σιν,
577 4403 658 4463 είς
708 4400 888 4470 μάτην
929 4401 1058 4471 ὑμῖν
1092 4401 1302 4468 γίνεται
1357 4405 1417 4457 τὸ
1473 4405 1749 4475 όρθρίζειν
1780 4409 1861 4469 εἰς
1899 4407 1996 4477 τὴν

2106 4405 2312 4472 absque
2349 4402 2540 4455 dolore
2593 4399 2901 4461 comeditis,
2945 4398 3038 4467 qui
3078 4398 3130 4451 in
3167 4399 3548 4452 afﬂictionibus
3587 4399 3668 4453 rio

421 4490 738 4560 οἰκοδομὴν.
763 4493 856 4543 καὶ
883 4491 1197 4560 ἐγείρεσθαι
1227 4493 1410 4557 εὐθὺς,
1447 4495 1584 4563 μετά
1610 4498 1672 4549 τὸ
1698 4497 1992 4564 καθῆσθαι,

422 4584 520 4636 καὶ
537 4583 795 4653 ταχύνειν
827 4585 908 4646 εἰς
945 4585 1008 4637 τδ
1037 4585 1222 4656 ἔργον,
1250 4586 1342 4639 καὶ
1381 4587 1516 4655 μήτε
1549 4587 1605 4638 ὲν
1639 4587 1793 4640 νυκτὶ
1825 4587 1995 4642 ὕπνου

421 4673 809 4740 κορέννυσθαι,
876 4674 1013 4743 μήτε
1061 4677 1118 4727 ὲν
1170 4676 1354 4745 ἡμέρᾳ
1396 4675 1692 4729 ἀπολαύειν
1733 4677 1993 4738 ἀνέσεως.

434 4765 761 4834 ὐδυνηροὺς
789 4765 846 4818 δὲ
899 4766 1097 4828 αὑτοὺς
1123 4762 1245 4818 εἷπε
1277 4765 1363 4818 διά
1391 4781 1451 4818 τε
1492 4765 1664 4818 ταῦτα
1686 4808 1700 4831 ,
1739 4767 1831 4818 καὶ
1859 4767 1994 4819 διότι

420 4856 480 4905 οὗ
511 4856 672 4924 μόνον
691 4857 928 4910 ἐκοπίων
951 4856 1148 4923 οὑτως,
1175 4856 1311 4909 ἀλλὰ
1334 4858 1428 4910 καὶ
1453 4857 1586 4927 πρὸς
1611 4858 1735 4920 τοὺς
1761 4858 1989 4928 ἐχθροὺς

421 4948 728 5016 ἐμάχοντο·
763 4948 858 5000 καὶ
897 4946 1208 5018 ᾠκοδόμουν
1239 4947 1598 5015 ὠπλισμένοι,
1633 4947 1726 5000 καὶ
1778 4947 1991 5010 ἔκτιζον

421 5035 560 5104 ἅμα,
604 5038 698 5089 καὶ
734 5037 1034 5108 ἐπολέμουν
1085 5041 1197 5101 τοῖς
1247 5037 1632 5100 διακωλύουσι,
1663 5035 1758 5090 καὶ
1795 5037 1992 5108 διπλῆν

421 5125 722 5192 ὑφίσταντο
741 5127 1144 5198 ταλαιπωρίαν.

2096 4505 2204 4550 tant
2235 4494 2460 4558 ducitis,
2495 4493 2790 4552 admoneo,
2825 4489 3032 4545 frustra
3076 4491 3126 4544 id
3166 4507 3194 4544 a
3231 4492 3387 4544 vobis
3422 4492 3558 4556 fieri,
3611 4505 3668 4545 ut

2095 4597 2220 4641 ante
2248 4587 2422 4640 lucem
2454 4598 2670 4637 summo
2713 4599 2873 4638 mane
2912 4584 3062 4652 operi
3112 4593 3271 4650 atque
3321 4583 3670 4638 :ediiicationi

2096 4677 2444 4732 inenmbatis.
2485 4676 2711 4731 Frustra
2745 4677 2912 4730 etiam
2943 4690 2970 4726 a
3005 4676 3159 4729 vobis
3187 4675 3242 4729 fit
3277 4686 3355 4738 ιιι,
3381 4685 3665 4745 postquam

2095 4766 2340 4827 scdistis,
2375 4765 2558 4818 statim
2606 4766 2670 4819 ad
2715 4765 3136 4818 accelerandum
3163 4764 3339 4832 ipsum
3373 4781 3510 4834 opus
3543 4781 3669 4816 sur-

2098 4859 2260 4929 gatis,
2289 4857 2392 4910 hoc
2423 4867 2528 4920 est,
2558 4857 2702 4926 quod
2738 4863 2792 4910 et
2824 4865 2990 4909 noctu
3030 4871 3226 4910 somno
3282 4874 3388 4910 non
3439 4857 3667 4920 vacatis,

2099 4958 2155 5002 et
2195 4946 2432 5002 interdiu
2473 4947 2620 5001 nulla
2672 4947 2918 5002 fruitnini
2969 4948 3170 5016 quiete.
3219 4947 3432 5013 Quibus
3485 4947 3669 5000 verbis

2102 5041 2293 5096 dolore
2329 5039 2452 5095 illos
2483 5047 2649 5107 atque
2703 5041 2974 5111 angustiis
3011 5040 3199 5109 plenos
3237 5055 3360 5093 esse
3405 5037 3666 5099 ostendit.

2103 5147 2165 5187 ea
2193 5131 2456 5186 nimirum
2491 5131 2726 5194 ratione.
2754 5132 2881 5202 quia
2923 5147 3031 5186 non
3065 5132 3242 5186 solum
3299 5129 3669 5199 fatigabantur

420 5217 743 5285 laborando,
792 5223 884 5274 sed
914 5221 1078 5276 etiam
1108 5219 1369 5276 adversus
1417 5223 1603 5278 hostes
1629 5224 1712 5280 eis
1743 5226 2092 5296 pugnandum
2155 5233 2294 5279 erat.
2331 5225 2539 5280 Armati
2607 5227 2809 5282 etenim
2879 5227 3077 5281 muenia
3132 5224 3546 5284 construebant,
3613 5231 3667 5276 ct

421 5311 686 5366 adversus
721 5312 1078 5377 impedientes
1103 5314 1306 5383 pariter
1340 5315 1538 5370 bellum
1574 5319 1856 5386 gerebant,
1885 5319 2157 5387 duplicem
2187 5319 2288 5372 hoc
2326 5326 2486 5388 pacto
2515 5335 2816 5373 aerumnam
2848 5316 3205 5372 sustinentes.

493 5405 682 5457 Ὅταν
717 5402 801 5469 δῷ
826 5406 949 5471 τοῖς
975 5407 1305 5474 ἀγαπητοῖς
1324 5409 1509 5463 αὐτοῦ
1533 5409 1752 5464 ὕπνον.
1776 5409 1923 5464 Ἰδοὺ
1955 5411 1991 5479 ἠ

423 5495 793 5562 κληρονομία
851 5496 1095 5562 Κυρίου,
1161 5498 1298 5551 υἱοί.
1334 5499 1503 5551 Ὅταν
1551 5499 1580 5551 ό
1626 5499 1756 5562 Θεὸς
1783 5499 1992 5567 δῷτοῖς

422 5587 732 5656 ἀγαπητοῖς
752 5585 916 5641 αὑτοῦ
947 5586 1116 5640 ὑπνον
1143 5589 1296 5657 ἡδὺν,
1317 5589 1486 5642 ὑπνον
1507 5591 1788 5660 φροντίδος
1816 5592 1993 5662 ἀπηλ-

424 5678 718 5748 λαγμένον,
753 5679 922 5749 ἧγουν
941 5679 1030 5733 ἀνε
1041 5697 1124 5732 σιν
1150 5681 1240 5734 καὶ
1259 5681 1568 5752 ἐλευθερίαν
1589 5683 1694 5738 τῶν
1711 5685 1990 5755 ἐνοχλούν-

2173 5407 2338 5466 Vnus.
2371 5411 2426 5466 5.
2465 5411 2593 5465 Cum
2623 5409 2826 5463 dederit
2848 5408 3053 5462 dilectis
3100 5409 3212 5461 suis
3258 5423 3522 5474 somnum,
3552 5426 3670 5466 ecce

2098 5501 2384 5557 [Hereditas
2415 5501 2644 5566 Domini,
2672 5500 2794 5566 lilii.
2823 5499 2958 5552 Cum
2989 5496 3204 5552 dilectis
3229 5499 3343 5552 suis
3368 5497 3508 5552 Deus
3536 5515 3668 5553 sua-

2099 5609 2219 5646 vem
2246 5609 2497 5646 somnum
2525 5591 2756 5653 dederit,
2801 5604 3054 5644 somnum
3110 5589 3236 5642 dico
3267 5591 3419 5644 curis
3453 5606 3516 5643 ac
3548 5595 3664 5644 sol-

2099 5684 2474 5739 licitudiuibus
2532 5696 2806 5747 vacuum,
2865 5680 2968 5734 hoc
3011 5689 3118 5743 est,
3180 5696 3299 5735 cum
3338 5681 3578 5751 quietem
3634 5698 3660 5736 tl
