4102 6206
494 253 632 319 1203

1726 264 2109 326 EUTIIYMII
2152 271 2513 334 ZIGABENI

3593 275 3734 343 120$

493 371 1003 442 perturbationibus
1054 373 1385 442 prmstiterit.
1449 374 1607 428 Dabit
1663 387 1845 432 autem
1920 380 2059 433 hanc

2166 403 2294 441 των.
2326 388 2520 442 Δίδωσι
2553 389 2608 442 δὲ
2660 387 2867 460 ταύτην
2910 389 2995 442 ὅτε
3033 389 3302 462 συμφέρει
3329 408 3346 424 ο
3387 392 3506 446 τότε
3545 394 3602 447 ού
3639 394 3738 463 μό-

496 467 727 533 ῖιιιίοιοηι
754 475 883 520 tunc
909 479 1031 519 cum
1067 465 1198 518 utile
1233 480 1299 519 ac
1327 465 1530 520 bonum
1565 467 1727 521 fuerit
1767 485 1887 522 eam
1918 471 2056 527 dari.

502 560 644 613 l‘nnc
670 573 776 613 non
806 558 1066 627 templum
1112 568 1347 625 tantum,
1408 566 1501 613 aut
1567 560 1804 617 civitatis
1859 565 2058 618 moenia

496 650 748 704 aedificari
780 648 935 704 vobis
966 650 1326 714 concedetur,
1360 652 1453 706 sed
1508 652 1786 706 dabuntur
1815 656 1979 708 etiam
2008 668 2060 710 et

497 742 610 807 "iiii,
644 741 738 811 qui
786 741 858 794 ita
896 740 1007 795 Deo
1035 742 1174 812 grati
1202 753 1384 807 erunt,
1452 754 1510 799 ut
1567 746 1714 801 illius
1770 748 2060 803 ltwreditas

492 839 653 899 atque
680 829 828 883 illius
857 831 1090 900 populus
1124 831 1384 902 appellari
1425 844 1761 889 mereantur.
1797 835 1910 892 lloc
1959 853 2058 893 au-

485 937 595 978 tem
625 922 762 976 dixit
792 930 1050 991 tanquam
1100 925 1365 979 honorum
1400 927 1640 980 omnium
1679 939 1863 999 caput.
1900 928 2061 985 Libe-

490 1029 678 1068 rorum
712 1015 858 1069 enim
919 1018 1292 1085 procreationi
1326 1017 1497 1073 Judmi
1552 1020 1848 1075 studebant
1895 1038 2059 1092 quam

489 1105 747 1162 maxime.
783 1106 986 1163 Verum
1041 1111 1157 1164 lucc
1196 1124 1386 1166 nosua
1438 1113 1709 1182 expositio
1744 1115 1811 1168 ad
1843 1112 2060 1171 Judteos

490 1203 723 1261 tantum,
758 1210 809 1252 et
845 1200 1095 1267 privatim
1142 1202 1423 1269 pertinet;
1459 1212 1518 1257 ut
1557 1213 1738 1258 autem
1779 1206 1951 1274 magis
2005 1206 2058 1259 in

489 1291 805 1345 universum
843 1292 1044 1356 dicam,
1086 1308 1211 1345 cum
1272 1295 1416 1349 Deus
1451 1296 1662 1350 dederit
1696 1297 1911 1351 dilectis
1945 1296 2059 1351 suis

490 1396 763 1447 somnum,
802 1393 859 1437 ut
894 1384 1269 1455 prmdisimus,
1303 1394 1431 1440 tunc
1458 1403 1564 1441 non
1601 1395 1812 1443 tantum
1844 1402 1908 1443 ea
1942 1403 2063 1455 per-

2164 496 2254 529 νον
2287 479 2778 551 οἰκοδομηθήσεται
2838 482 2934 534 καὶ
2968 483 2995 535 ὁ
3018 481 3144 544 ναὸς
3193 484 3288 536 καὶ
3319 485 3352 555 ὴ
3406 485 3575 547 πόλις,
3604 486 3740 539 ἀλλᾶ

2184 572 2278 623 καὶ
2307 572 2355 624 οί
2387 573 2493 624 υἱοὶ
2519 574 2649 642 ὑμῖν
2680 572 2892 626 ἔσονται
2949 576 2976 626 ὁ
3022 574 3227 645 κλῆρος
3260 576 3491 644 Κυρίου.
3528 576 3740 647 κλῆρος

2172 662 2280 730 γὰρ
2305 661 2471 715 αὑτοῦ
2494 663 2922 733 χρηματίσουσι,
2947 667 3041 716 καὶ
3065 664 3191 727 λαὸς
3214 666 3414 728 οἰκεῖος
3432 682 3448 697 ο
3473 665 3546 727 ὡς
3572 666 3738 735 κειρα-

2166 750 2318 803 λαιον
2370 751 2428 804 δὲ
2482 752 2590 804 τῶν
2631 753 2852 819 ἀγαθῶν
2906 754 3064 807 τοῦτο
3116 755 3330 808 τέθεικε
3381 772 3395 785 ·
3451 758 3743 823 περισπούο

2162 841 2356 895 δαστον
2406 844 2516 913 γὰρ
2573 844 2850 916 Ἑϐραίοις
2916 846 2948 916 ἡ
3005 846 3343 901 παιδοποιία.
3408 847 3549 900 Ἀλλ’
3602 846 3744 901 οὔτω

2167 932 2267 1000 μὲν
2319 934 2501 997 ίδικῶς
2543 936 2671 1008 περὶ
2723 936 2940 992 αὐτῶν*
2969 937 3417 1009 καθολικωτέρως
3461 930 3516 992 δὲ
3540 942 3737 1003 εἰπεῖν,

2164 1024 2292 1075 ὅταν
2323 1024 2397 1095 δῷ
2420 1030 2532 1091 τοῖς
2554 1028 2857 1100 ἀγαπητοῖς
2895 1028 3290 1095 αὐτοῦ’ὖπνον,
3309 1029 3384 1092 ὡς
3415 1032 3746 1099 προειρῆκα-

2169 1134 2289 1185 μεν,
2320 1118 2442 1171 τότε
2472 1120 2532 1172 ού
2560 1122 2722 1191 μόνον
2767 1121 2837 1175 τά
2869 1122 3283 1193 σπουδαζόμενα
3330 1121 3742 1192 ἀπαρτίζονται,

2168 1208 2304 1261 ἀλλὰ
2350 1213 2445 1264 καὶ
2474 1212 2747 1283 ἁδιάδοχοι
2782 1214 3167 1285 προσγίνονται
3200 1214 3306 1266 υἱοί
3330 1231 3344 1245 ’
3395 1216 3427 1284 ἡ
3490 1213 3741 1281 κληρονοο

2173 1302 2268 1370 μία
2318 1304 2350 1372 ἡ
2387 1306 2538 1372 παρά
2570 1306 2775 1378 Κυρίου
2801 1324 2812 1336 ·
2856 1306 3185 1377 κληρονόμοι
3237 1307 3336 1376 τῆς
3364 1305 3602 1374 σπουδῆς
3652 1306 3744 1356 καὶ

2170 1393 2372 1463 ἀρετῆς
2410 1398 2458 1448 οἱ
2491 1398 2642 1468 παρὰ
2677 1398 2881 1468 Κυρίου
2912 1398 3180 1462 δοθέντες.

490 1477 762 1543 ﬁcientur,
798 1494 918 1548 qua:
952 1494 1074 1533 eum
1111 1480 1293 1534 studio
1320 1490 1437 1534 acta
1473 1480 1695 1545 fuerint,
1727 1482 1820 1536 sed
1855 1482 2126 1537 addentur
2156 1485 2317 1540 etiam
2393 1492 2665 1558 perpetui,
2742 1502 2802 1546 ut
2872 1492 2946 1545 ita
3012 1492 3267 1557 dixerim,
3323 1490 3546 1561 quidam
3599 1487 3690 1542 lilii
3726 1507 3740 1541 :

490 1565 608 1633 lilii,
648 1568 893 1638 inquam,
927 1568 1213 1623 itaareditas
1256 1568 1491 1623 Domini.
1526 1568 1603 1624 Ac
1632 1571 1677 1626 si
1708 1570 1912 1625 diceret
1944 1572 2189 1627 haeredes
2253 1577 2590 1646 studiorum,
2660 1581 2903 1638 bteredes
2956 1582 3237 1649 virtutum,
3318 1581 3561 1637 hmredes
3636 1582 3738 1635 dati

489 1678 519 1718 a
550 1663 797 1716 Domino.

562 1756 763 1811 Marce:
811 1756 1016 1826 fructus
1046 1759 1261 1811 ventris.
1297 1758 1502 1815 Merces
1534 1758 1649 1825 illa,
1687 1774 1806 1828 qua:
1839 1762 1909 1815 de
1932 1776 2063 1815 vrn—
2096 1771 2135 1824 Β

490 1848 592 1904 tris
624 1852 872 1919 provenit
906 1848 1263 1917 fecunditate,
1299 1850 1516 1921 pictatis
1566 1854 1908 1921 estzmerccs.
1956 1853 2060 1908 Re-

491 1940 717 1994 tributio
748 1942 1017 2010 siquidem
1054 1942 1144 1995 illa
1171 1958 1293 2012 quae
1328 1944 1381 1997 in
1418 1944 1743 2009 liberorum,
1794 1961 1858 2001 ac
1890 1950 2061 2017 prolis

492 2028 657 2083 datur
683 2030 863 2100 copia,
899 2031 1188 2085 retributio
1219 2033 1540 2102 plerumque
1567 2033 1705 2087 solet
1736 2049 1857 2089 esse
1890 2036 2057 2087 virtu-

490 2134 629 2178 tum.
661 2123 823 2178 Juxta
856 2139 1140 2194 anagogen
1175 2140 1326 2189 vero,
1363 2126 1397 2180 ii
1446 2127 1537 2196 qui
1590 2142 1619 2181 a
1655 2126 1762 2182 Deo
1814 2127 1865 2180 in
1919 2127 2061 2182 filios

491 2232 587 2286 per
644 2218 1077 2288 regeneratiOnis
1132 2217 1410 2273 lavacrum
1463 2219 1817 2288 adoptantur,
1850 2235 2061 2274 merces

492 2317 624 2363 sunt
654 2310 1061 2365 incarnationis
1110 2310 1317 2365 Christi
1350 2329 1363 2365 :
1399 2311 1627 2375 Christi,
1676 2313 1922 2381 inquam,
1968 2313 2058 2382 qui

491 2416 617 2456 vere
642 2416 705 2455 ac
740 2404 959 2471 proprie
988 2409 1074 2455 est
1105 2401 1321 2457 fructus
1352 2403 1557 2457 ventris
1590 2404 1763 2458 beata:
1801 2404 2061 2472 Virginis,

490 2494 658 2550 veluti
690 2495 776 2562 qui
811 2509 876 2547 ex
910 2509 971 2547 ea
1004 2494 1211 2562 absque
1240 2495 1352 2547 ullo
1381 2495 1483 2548 viri
1519 2498 1729 2549 semine
1759 2504 1924 2549 natus
1951 2505 2057 2549 est.

560 2586 725 2639 Vens.
768 2586 820 2639 4.
867 2584 1014 2639 Sicut
1046 2587 1260 2656 sagittae
1294 2588 1348 2639 in
1374 2604 1532 2640 manu
1561 2589 1815 2656 potentis.
1843 2589 1919 2640 ita
1961 2589 2060 2655 ﬁlii

491 2693 854 2735 excussorum.
910 2677 1406 2745 Quemadmodum,
1457 2678 1651 2748 inquit,
1701 2681 1911 2746 sagitta:
1942 2694 2061 2747 quae

492 2770 548 2824 in
585 2786 746 2824 manu
785 2771 998 2825 robusti
1032 2770 1270 2840 alicujus
1302 2771 1404 2824 viri
1447 2779 1599 2834 sunt,
1638 2772 1707 2825 ob
1738 2770 1883 2825 illius
1914 2772 2060 2824 vires

493 2880 556 2918 ac
608 2862 1014 2927 fortitudinem,
1042 2863 1402 2917 Ierribiliores
1425 2877 1546 2917 esse
1592 2862 1869 2925 videntur,
1906 2861 1976 2914 ita
2009 2870 2060 2913 ct

493 2957 585 3011 ﬁlii
616 2972 829 3023 eorum,
860 2957 951 3027 qui
983 2971 1011 3009 a
1050 2956 1379 3027 Babylonica
1411 2954 1627 3010 excussi
1661 2954 1862 3009 fuerint
1892 2957 2064 3023 capi-

491 3049 677 3115 v'ttate,
719 3049 968 3104 hostibus
1005 3050 1120 3105 suis
1143 3038 1367 3103 timendi
1398 3062 1461 3101 ac
1491 3047 1763 3102 terribiles
1797 3045 2063 3101 videbun-

493 3151 607 3207 tur,
653 3149 879 3211 prnpter
914 3140 1342 3209 insuperabilem
1378 3139 1636 3193 nimirum
1668 3138 1941 3206 adjutoris
1971 3136 2061 3190 Dei

494 3236 815 3304 potentiam.
865 3232 1028 3287 Tales
1079 3232 1241 3286 etiam
1294 3241 1420 3285 sunt
1470 3228 1788 3299 spirituales
1821 3225 2060 3279 ftdelium

494 3326 780 3379 doctorum
820 3324 936 3387 filii,
970 3322 1062 3389 qui
1096 3338 1125 3375 a
1155 3322 1461 3376 daemonum
1491 3318 1807 3388 captivitate.
1844 3316 2062 3371 excussi

497 3426 664 3471 sunt:
711 3415 848 3485 ipsis
899 3414 1111 3468 scilicet
1161 3411 1503 3468 daemonibus
1563 3410 1853 3473 terribiles,
1904 3424 1966 3462 ac
1996 3408 2065 3461 ti-

497 3509 701 3564 utendi.

569 3606 732 3661 Vtzns.
775 3606 827 3663 5.
870 3604 1066 3658 Beatus
1128 3602 1227 3664 vir,
1294 3602 1383 3671 qui
1446 3597 1685 3667 implebit
1741 3597 2061 3651 desiderium

497 3716 647 3754 suum
670 3714 733 3751 ex
755 3699 848 3751 eis.
879 3695 983 3751 Sed
1013 3693 1340 3762 quibusnam
1372 3694 1447 3745 eis
1472 3695 1498 3747 Ρ
1529 3691 1603 3744 Ex
1629 3690 1709 3744 eis
1736 3690 1859 3743 dico
1878 3689 2059 3752 bonis,

495 3807 617 3861 qua:
647 3790 902 3862 superius
934 3784 1512 3841 commemoravimus.
1548 3783 1621 3837 Ex
1653 3783 1756 3857 hoc
1789 3782 2060 3841 videlicet,

497 3884 643 3957 quod
692 3881 1011 3952 perficiatur
1066 3878 1250 3947 templi
1289 3887 1342 3930 et.
1398 3876 1638 3929 civitlis
1677 3875 2062 3937 constructio;

498 3972 641 4043 quod
692 3969 909 4038 requies
957 3969 1137 4029 detur,
1170 3977 1224 4020 et
1259 3966 1510 4039 liberatio
1546 3965 1613 4019 ab
1641 3964 1898 4019 omnibus
1946 3978 2066 4033 per-

498 4063 943 4125 turbationibus;
984 4060 1127 4130 quod
1174 4058 1398 4111 multant
1429 4073 1491 4111 ac
1522 4056 1805 4126 pulchram
1857 4054 2062 4124 prolem

500 4154 847 4225 suscipiant;
903 4152 1159 4222 quodque
1218 4151 1325 4203 alia
1385 4146 1698 4216 hujusmodi
1764 4147 1855 4200 Dei
1920 4146 2062 4200 dona

498 4254 931 4317 consequantur.

572 4338 693 4393 Non
741 4336 1129 4407 confundentur
1151 4347 1265 4385 cum
1316 4329 1593 4400 loquentur
1626 4326 1850 4380 inimicis
1876 4325 1986 4380 suis
2013 4325 2064 4378 in

2235 1769 2465 1834 Μισθὸς
2522 1770 2628 1825 τοῦ
2663 1770 2899 1839 καρποῦ
2939 1770 3051 1840 τῆς
3096 1770 3376 1839 γαστρός.
3437 1768 3497 1822 ’0
3546 1769 3736 1838 μισθὸς

2168 1860 2267 1929 τῆς
2296 1860 2603 1927 θεοσεϐείας
2652 1865 2680 1916 ὁ
2706 1863 2813 1917 ἀπὸ
2844 1864 2942 1933 τῆς
2977 1864 3348 1934 καρπογονίας
3370 1863 3469 1929 τῆς
3486 1862 3737 1930 γαστρός·

2172 1953 2201 2019 ἡ
2229 1952 2429 2023 ἀμοιϐὴ
2459 1954 2557 2023 τῆς
2584 1954 2787 2024 ἀρετῆς
2809 1955 2842 2025 ἡ
2864 1955 2973 2008 ἀπὸ
2998 1956 3097 2024 τῆς
3127 1954 3458 2016 πολυτοκίας
3505 1953 3737 2007 δοθεῖσα.
3800 1940 3811 1964 ’

2170 2044 2325 2096 Κατὰ
2402 2045 2695 2116 ἀναγωγὴν
2773 2046 2829 2099 δὲ
2898 2046 2947 2099 ol
3006 2044 3412 2116 υίοθετηθέντες
3483 2040 3560 2113 τῷ
3627 2043 3741 2111 Θεῷ

2169 2138 2259 2189 διὰ
2306 2136 2399 2189 τοῦ
2457 2136 2838 2207 βαπτίσματος
2893 2137 2994 2208 τῆς
3054 2136 3470 2206 παλιγγενεσίας
3560 2136 3738 2205 μισθοὶ

2168 2226 2305 2299 ἦσαν
2326 2230 2425 2297 τῆς
2451 2228 2769 2299 ὲνανθρωπή
2780 2246 2914 2292 σεως
2934 2228 3027 2281 τοῦ
3046 2228 3307 2297 Χριστοῦ,
3324 2229 3381 2290 ὃς
3399 2229 3514 2280 ἐστι
3533 2227 3736 2293 κυρίως

2169 2319 2379 2387 καρπὸς
2419 2318 2657 2388 γαστρὸς
2696 2320 2795 2387 τῆς
2822 2300 3184 2389 Θεομήτορος,
3234 2316 3307 2380 ὡς
3342 2318 3406 2368 ἐκ
3439 2316 3611 2386 μόνης
3648 2318 3755 2369 as--

2169 2414 2289 2481 τῆς,
2326 2413 2454 2466 ἄνευ
2491 2412 2807 2483 σπέρματο;
2843 2411 3059 2481 ἀνδρὸς,
3117 2410 3420 2480 γεννηθείς.

2249 2592 2411 2645 Ὠσεὶ
2457 2592 2615 2657 ,βέλη
2671 2591 2740 2643 ἐν
2803 2593 2951 2658 χειρὶ
3000 2590 3285 2649 δυνατοῦ,
3316 2589 3502 2655 οὕτως
3526 2593 3579 2643 οἱ
3614 2588 3724 2642 υἱοί

2169 2686 2287 2740 τῶν
2338 2683 2869 2751 ἐκτετιναγμένων.
2896 2682 3109 2751 Ὥσπερ
3149 2681 3216 2733 τὰ
3252 2678 3382 2750 βέλη
3413 2683 3467 2733 ἐν
3492 2684 3559 2751 τῇ
3587 2680 3724 2749 χειρὶ

2167 2779 2259 2831 τοῦ
2282 2776 2510 2831 δυνατοῦ
2534 2776 2783 2845 φαίνεται
2811 2774 3016 2845 φοϐερὰ
3037 2774 3125 2827 διὰ
3169 2774 3268 2845 τὴν
3290 2774 3499 2826 ἐκείνου
3526 2774 3729 2845 ῥώμην,

2167 2872 2337 2934 οὕτως
2370 2872 2477 2941 ἄρα
2506 2873 2597 2922 καὶ
2637 2872 2686 2923 οἱ
2717 2872 2823 2922 υἱοὶ
2852 2869 2960 2922 τῶν
2990 2869 3465 2937 ἐκτετιναγμένων
3502 2868 3609 2921 ἀπὸ
3641 2867 3730 2935 τῆς

2167 2962 2552 3033 αἰχμαλωσίας
2576 2962 2790 3013 ἔσονται
2844 2958 3065 3027 φοϐεροὶ
3100 2960 3213 3019 τοῖς
3251 2956 3467 3027 ἐχθροῖς
3525 2958 3615 3009 διὰ
3643 2956 3733 3025 τὴν

2168 3060 2381 3124 ἄμαχον
2442 3053 2595 3122 ἰσχὺν
2650 3048 2743 3104 τοῦ
2816 3050 2974 3104 Θεοῦ.
3021 3049 3242 3102 Τοιοῦτο
3274 3050 3328 3101 δὲ
3374 3051 3465 3102 καὶ
3516 3053 3564 3102 τί
3603 3049 3736 3102 καιά

2092 3116 2135 3176 c
2168 3146 2385 3213 πνεῦμα
2415 3143 2521 3195 υἱοὶ
2558 3142 2666 3195 τῶν
2715 3140 2823 3193 ἀπὸ
2860 3140 2958 3208 τῆς
2988 3141 3366 3209 αἰχμαλωσίας
3408 3141 3518 3190 τῶν
3552 3135 3734 3203 δαιμο-

2165 3259 2293 3304 νων,
2339 3235 2809 3307 ὲκτετιναγμένων
2868 3233 3209 3287 διδασκάλων
3272 3232 3455 3302 ἡμῶν,
3520 3224 3737 3295 φοϐεροὶ

2165 3335 2281 3396 τοῖς
2312 3330 2589 3399 δαίμοσιν.

2237 3592 2560 3660 Μακάριος,
2592 3592 2660 3654 ὃς
2705 3587 3012 3655 πληρώσει
3038 3585 3153 3652 τὴν
3186 3581 3511 3650 ἐπιθυμίαν
3555 3577 3739 3634 αὑτοῦ

2167 3688 2235 3751 ἐξ
2282 3683 2482 3738 αὐτῶν
2505 3698 2519 3712 ο
2569 3679 2674 3745 Ἐξ
2716 3676 2948 3732 αὐτῶνθ
2988 3675 3155 3728 ποίων
3178 3671 3434 3741 ,Δηλαδὴ
3464 3670 3576 3722 τῶν
3613 3684 3737 3737 προ-

2168 3776 2476 3848 ειρημένων
2503 3790 2517 3805 ·
2562 3773 2752 3843 ἠγουν,
2789 3770 2854 3823 ὲκ
2882 3767 2976 3821 τοῦ
3021 3764 3430 3835 ἀπαρτισθῆναι
3480 3762 3577 3813 τὸν
3620 3758 3737 3813 ναὸν

2167 3873 2261 3926 καὶ
2282 3869 2382 3939 τὴν
2409 3867 2562 3919 πόλιν
2587 3881 2600 3896 ·
2628 3866 2692 3916 ὲκ
2723 3862 2820 3915 τοῦ
2852 3861 3072 3929 δοθῆναι
3096 3858 3278 3912 ἄνεσιν
3302 3856 3393 3908 καὶ
3428 3850 3736 3919 ἐλευθερίαν

2167 3965 2275 4016 τῶν
2298 3959 2685 4029 ἐνοχλούντων,
2726 3956 2791 4007 ὲκ
2819 3952 2919 4021 τῆς
2955 3950 3339 4010 πολυτεκνίας,
3381 3948 3444 3998 ἐκ
3491 3944 3595 4012 τῆς
3614 3940 3728 3995 καλ-

2167 4053 2469 4117 λιτεκνίας,
2495 4049 2593 4104 καὶ
2612 4047 2723 4102 τῶν
2755 4043 3015 4099 τοιούτων
3041 4042 3105 4095 ἐκ
3136 4039 3269 4094 Θεοῦ
3306 4036 3574 4107 χαρίτων.

2223 4318 2305 4371 Οὐ
2384 4308 3038 4380 καταισχυνθήσονται.
3103 4304 3249 4356 ὅταν
3311 4296 3547 4354 λαλῶσι
3620 4296 3735 4357 τοῖς

500 4434 683 4487 sortis.
728 4428 882 4499 liqui
911 4424 1240 4481 desiderium
1278 4438 1436 4476 suum
1486 4420 1850 4489 itnpleverint,
1900 4425 1960 4471 ut
1985 4418 2062 4472 di-

2170 4408 2405 4478 ἐχθροῖς
2426 4404 2622 4461 αὐτῶν
2672 4405 2742 4456 ἐν
2786 4400 3033 4465 πύλαις.
3092 4397 3156 4451 Οἱ
3207 4394 3598 4465 πληρώσαντες
3644 4388 3737 4458 τὴν

498 4534 645 4579 ctum
671 4531 775 4584 est,
794 4536 901 4574 non
927 4515 1501 4584 conl'undenturquasi
1526 4511 1845 4573 imbecilles,
1864 4525 1987 4565 cum
2016 4511 2067 4563 in

500 4614 675 4686 portis
707 4611 944 4667 civitatis
979 4610 1165 4665 hostes
1199 4622 1329 4663 suos
1352 4603 1574 4660 allocuti
1605 4604 1828 4658 fuerint.
1861 4600 2067 4656 Omnes

500 4704 700 4758 etenim
731 4718 917 4757 eorum
953 4716 1062 4766 res,
1115 4715 1179 4754 ac
1214 4699 1431 4769 negotia
1466 4696 1603 4751 bene
1652 4709 1712 4749 se
1768 4693 2065 4747 habebunt.

501 4796 600 4849 Vel
633 4810 740 4849 non
772 4791 1181 4846 confundentur
1212 4790 1369 4860 quasi
1426 4788 1704 4842 intirmum
1737 4800 1799 4837 ac
1832 4783 2067 4838 debilem

497 4889 735 4944 habeant
794 4885 986 4948 Deum,
1037 4883 1495 4954 quemadmodum
1544 4892 1669 4935 ante
1709 4878 1949 4934 civitatis
1982 4875 2066 4929 in-

500 4981 921 5043 staurationem,
948 4977 1137 5032 hostes
1169 4976 1247 5030 cis
1278 4974 1708 5045 exprobrabant,
1757 4972 1850 5026 sed
1895 4976 2062 5028 multa

500 5075 788 5142 loquentur
824 5084 950 5124 cum
985 5067 1257 5121 libertate.
1295 5063 1549 5134 Antiquis
1582 5072 1761 5117 autem
1800 5079 1917 5117 mos
1941 5063 2064 5129 fttit,

501 5172 561 5214 ιιι
602 5162 840 5216 hostium
874 5158 1106 5223 nuntiis,
1161 5165 1256 5209 aut
1286 5155 1503 5224 legatis,
1552 5165 1676 5209 ante
1707 5166 1891 5225 portas
1925 5156 2063 5210 civi-

500 5253 626 5309 tatis
675 5252 1046 5321 loquerentur.

963 5340 1241 5396 Canticum
1279 5354 1611 5391 ascensuum.

964 5428 1285 5486 PSALMUS
1342 5427 1604 5483 CXXVII.

574 5523 739 5578 Vsus.
785 5524 833 5575 l.
858 5522 1008 5575 Beati
1031 5537 1228 5582 omnes,
1258 5521 1346 5589 qui
1375 5520 1553 5573 timent
1579 5517 1882 5570 Dominum.
1908 5516 2071 5571 flecte

506 5612 866 5680 consequitur
917 5609 1005 5663 hic
1056 5609 1298 5677 psalmus
1347 5608 1411 5661 ad
1467 5607 1883 5676 prtecedentem.
1934 5605 2067 5659 Nam

430 5729 434 5733 ·
507 5717 631 5762 cum
666 5702 775 5755 illic
819 5704 1035 5755 beatum
1066 5716 1190 5754 cum
1224 5701 1421 5755 dixerit
1457 5698 1725 5769 Propheta
1755 5698 1848 5768 qui
1879 5698 2066 5769 imple-

2170 4500 2469 4570 ἐπιθυμίαν
2500 4497 2680 4551 αὐτῶν
2706 4497 2771 4547 ὲκ
2805 4493 3032 4553 τούτων,
3062 4491 3140 4553 ὡς
3174 4489 3414 4559 εἴρηται,
3445 4485 3507 4538 ού
3557 4498 3739 4536 καται·

2172 4594 2569 4666 σχυνθήσονται
2612 4589 2704 4640 ἐπὶ
2739 4584 2995 4654 ἀσθενείᾳ
3027 4586 3154 4647 τινὶ,
3210 4582 3339 4633 ὅταν
3384 4576 3739 4666 διαλέγωνται

2158 4662 2280 4750 «ei;
2306 4685 2520 4756 ἐχθροῖς
2564 4680 2745 4734 αὐτῶν
2803 4679 2859 4730 ὲν
2889 4676 3085 4738 πύλαις
3117 4674 3215 4740 τῆς
3246 4669 3472 4731 πόλεως,
3501 4666 3578 4728 ὡς
3608 4662 3736 4715 πάν-

2168 4796 2276 4832 των
2322 4776 2507 4835 αὐτοῖς
2554 4767 2612 4824 εὖ
2662 4771 2930 4838 ἐχόντων·
2996 4766 3029 4836 ἢ
3078 4765 3137 4816 ού
3185 4757 3737 4838 καταισχυνθήσονται

2169 4867 2269 4930 ἔτι,
2315 4864 2391 4929 ὡς
2421 4859 2625 4928 ἀσθενῆ
2652 4837 2785 4911 Θεὸν
2815 4854 3050 4924 ἔχοντες,
3083 4851 3223 4919 ὅπερ
3248 4843 3606 4905 ὠνειδίζοντο,
3636 4837 3737 4907 πρὸ

2169 4957 2264 5013 τοῦ
2317 4952 2728 5026 ἀπαρτισθῆναι
2779 4949 2880 5019 τὴν
2937 4944 3113 5006 πόλιν,
3162 4940 3299 4995 ἁλλὰ
3352 4936 3491 5007 μετὰ
3544 4932 3737 5026 πολλῇς

2173 5022 2489 5121 παρρησεάς
2535 5043 3004 5115 διαλεχθήσονται.
3055 5036 3214 5098 Ἐθος
3251 5033 3308 5086 δὲ
3358 5027 3427 5100 ἦν
3474 5022 3738 5121 «pb-nim

2174 5113 2362 5194 πυλὼν
2411 5140 2510 5209 τῆς
2559 5113 2787 5198 πόλεως
2826 5129 3175 5198 διαλέγεσθαι
3213 5128 3325 5188 τοῖς
3369 5122 3480 5176 τῶν
3530 5113 3737 5188 ἐχθρῶν

2172 5231 2610 5303 ἀγγελιαφόροις.

2663 5358 2668 5363 .
2736 5317 2872 5390 ’ῼδὴ
2914 5316 3156 5385 ὁμοίως.

2695 5410 2988 5463 ΨΑΛΜΟΣ
3034 5408 3207 5461 PKZ'.

2236 5506 2524 5573 Μακάριοι
2567 5502 2789 5567 πάντες
2838 5504 2893 5555 οι
2954 5499 3311 5569 φοϐούμενοι
3344 5494 3453 5548 τὸν
3496 5490 3731 5555 Κύριον.

2170 5600 2484 5655 ’Δκολουθεῖ
2515 5596 2593 5665 τῷ
2635 5596 2742 5667 πρὸ
2770 5593 2937 5647 αὐτοῦ
2978 5594 3074 5647 καὶ
3113 5585 3265 5653 οὗτος
3290 5589 3318 5640 ὁ
3354 5584 3587 5657 ψαλμός.
3614 5579 3733 5633 Μαο

2171 5695 2398 5765 καρίσας
2456 5690 2559 5763 γὰρ
2623 5692 2741 5742 ἐκεῖ
2776 5688 2864 5741 τὸν
2904 5685 3270 5757 πληρώσαντα
3306 5682 3406 5752 τὴν
3440 5672 3731 5744 ἐπιθυμίαν
