4032 6238
377 211 520 275 12%

1537 219 1684 279 COM
1697 222 1931 283 MENT.
1976 223 2058 282 IN
2099 223 2463 283 PSALMOS.

3495 225 3626 289 lidﬁ

370 326 562 388 αυτοῦ.
605 327 680 390 ὡς
741 329 1168 400 προδεδήλωται,
1226 332 1322 384 νῦν
1357 334 1797 406 καθολικώτερον
1857 336 1947 390 καὶ

2052 341 2194 393 verit
2230 337 2565 392 desiderium
2601 352 2760 390 suum
2798 352 2862 390 ex
2897 338 3000 399 eis,
3046 346 3103 390 ιιι
3158 337 3492 392 declaratum
3523 350 3632 406 est,

369 421 704 490 τελειότερον
720 425 955 476 ποιεῖται
979 423 1073 476 τὸν
1113 426 1488 494 μακαρισμὸν.
1522 427 1804 496 Μακάριοι
1842 428 1952 496 γὰρ

372 509 585 578 κυρίως
645 509 743 562 κοιλ⁸
793 511 1014 581 ἀληθῶς
1061 513 1110 565 οἱ
1152 513 1483 582 φοϐούμενοι
1514 515 1603 567 τὸν
1630 515 1856 586 Κύριον.
1879 516 1954 569 Τὸ

373 598 606 666 Πάντες
651 600 707 654 δὲ
767 602 1132 672 προσέθηκεν,
1166 605 1452 674 ἐμφαίνων
1484 606 1580 658 καὶ
1607 606 1826 670 δούλους
1857 609 1954 662 καὶ

369 679 640 761 πένητας,
671 693 768 746 καὶ
791 694 1112 764 ἀναπήρους
1147 697 1278 759 τοὺς
1311 697 1683 766 φοϐουμένους
1716 699 1809 752 τὸν
1841 699 1953 753 Κύ-

369 799 516 852 ριον,
586 784 740 837 οὐδὲν
779 786 1100 854 ἐμποδίζειν
1147 787 1286 858 πρὸς
1322 791 1699 861 μακαρισμὸν.
1758 791 1818 844 '0
1855 790 1954 859 μὲν

368 875 481 945 γὰρ
515 876 588 946 μὴ
612 878 948 949 φοϐούμενος
991 883 1082 934 τὸν
1115 881 1342 952 Κύριον,
1399 884 1503 936 κᾶν
1539 884 1717 938 πάντα
1752 885 1852 956 ἔχῃ
1884 883 1954 936 τὰ

376 970 508 1036 παρ’
541 969 854 1043 ἀνθρώποις
888 975 1209 1042 μακαριστὰ
1236 991 1295 1027 τε
1331 977 1425 1028 καὶ
1453 975 1694 1044 ζηλωτὰ,
1733 977 1954 1030 πάντων

369 1059 524 1113 ἐστιν
589 1061 923 1134 ἀθλιώτερος
958 1082 971 1096 ο
1034 1067 1062 1118 ὀ
1103 1066 1158 1120 δὲ
1206 1067 1543 1136 φοϐούμενος
1599 1068 1786 1130 αὑτὸν.
1845 1068 1950 1121 κᾶν

370 1154 554 1208 πάντα
574 1152 670 1225 ἔχῃ
692 1154 762 1208 τὰ
784 1159 914 1228 παρ’
931 1157 1243 1223 ἀνθρώποις
1273 1160 1523 1213 ᾶπευκτα
1554 1161 1647 1213 καὶ
1667 1160 1949 1229 βδελυκτὰ,

371 1243 592 1298 πάντων
623 1246 741 1299 ἐστὶ
763 1248 1202 1322 μακαριώτερος.
1243 1251 1353 1303 Καὶ
1385 1251 1576 1322 ἕτερον
1609 1251 1666 1304 δὲ
1694 1269 1707 1282 ·
1735 1251 1952 1316 κάλλος,

370 1336 464 1388 καὶ
523 1335 706 1406 ῥώμη,
739 1339 834 1391 καὶ⁵
885 1339 1140 1404 πλοῦτος,
1173 1341 1266 1393 καὶ
1305 1340 1453 1406 δόξα,
1515 1342 1611 1394 καὶ
1673 1341 1950 1406 εύπαιδία,

370 1429 463 1479 καὶ
497 1428 863 1493 καλλιτεκνία,
893 1432 985 1485 καὶ
1043 1433 1115 1486 τὰ
1147 1433 1397 1495 τοιαῦτα,
1424 1434 1524 1486 οὐκ
1579 1434 1688 1487 εἰσὶ
1745 1433 1952 1504 κυρίως

371 1522 688 1590 μακαριστὰ
712 1521 798 1576 διὰ
831 1522 892 1576 τὸ
927 1523 1160 1578 ἄστατον
1200 1525 1380 1578 αὐτῶν
1420 1527 1515 1578 καὶ
1547 1526 1786 1596 ρευστόν.
1823 1523 1955 1580 Εἶτα

364 1611 660 1752 ζαφηνίξει
718 1614 814 1666 καὶ
842 1615 988 1679 τίνες
1019 1618 1160 1672 εἰσιν
1179 1619 1229 1671 οἱ
1248 1617 1571 1690 φοϐούμενοι
1601 1620 1694 1672 τὸν
1721 1620 1948 1692 Κύριον,

404 1701 546 1752 ἐγων
571 1719 585 1735 ο

404 1701 546 1770 ἐγων
571 1719 585 1735 ·

2054 430 2160 485 hoc
2215 429 2272 484 in
2321 429 2441 483 loco
2492 427 2856 481 universalem
2911 428 3084 497 magis
3140 438 3190 481 et
3241 427 3622 498 perfectiorem

2054 519 2452 578 beatitudinem
2489 518 2774 574 describit.
2832 517 2979 572 Beati
3023 519 3168 572 enim
3195 534 3322 574 vere
3357 521 3622 592 sunt,qui

2055 611 2249 666 timent
2293 610 2612 667 Dominum.
2674 609 3051 665 Universalem
3098 619 3282 664 autem
3331 610 3620 666 dictionem

2054 701 2266 756 addidit
2305 701 2536 756 dicens:
2579 699 2732 754 Beati
2764 717 2964 766 omnes,
2999 709 3055 754 ut
3085 700 3370 755 denotaret
3419 717 3626 770 paupeo

2054 810 2166 860 res,
2204 803 2298 848 aut
2329 808 2539 860 servos,
2577 801 2672 848 aut
2703 795 2907 864 alioqui
2957 808 3205 857 mancos,
3237 802 3330 848 aut
3363 795 3625 849 membris

2054 886 2338 942 mutilatos
2364 885 2468 940 hac
2498 885 2842 940 beatitudine
2873 899 2980 938 non
3012 884 3238 954 privari.
3270 885 3432 938 modo
3459 883 3624 937 Deum

2057 975 2357 1031 timuerint.
2396 963 2530 1030 Nam
2564 977 2610 1031 si
2643 977 2746 1031 hoc
2795 992 2963 1030 unum
3001 975 3261 1042 adiuerit,
3297 976 3437 1030 nihil
3477 975 3624 1044 eius.

2057 1067 2204 1122 modi
2246 1068 2642 1137 impedimento
2683 1067 2796 1122 illis
2850 1082 2976 1123 esse
3017 1078 3196 1137 potest
3225 1070 3290 1121 ad
3328 1066 3626 1122 beatitudi-

2055 1172 2202 1212 nem.
2225 1157 2454 1225 Contra,
2482 1158 2574 1228 qui
2603 1157 2772 1213 Deum
2799 1173 2907 1212 non
2937 1158 3111 1222 timet,
3133 1157 3346 1213 tametsi
3372 1157 3628 1213 omnibus

2058 1252 2305 1321 potiatur
2367 1251 2547 1314 bonis,
2576 1266 2700 1321 qua:
2729 1249 2980 1320 alioquin
3025 1249 3344 1304 hominibus
3397 1249 3627 1303 amanda

2055 1350 2217 1411 atque
2250 1344 2557 1413 appetenda
2609 1357 2733 1397 esse
2781 1342 3034 1396 videntur
3083 1351 3137 1396 et
3174 1343 3353 1405 beata,
3382 1339 3624 1395 omnium

2057 1442 2238 1489 tamen
2270 1442 2354 1489 est
2384 1433 2729 1488 miserrimus
2760 1451 2775 1486 :
2813 1449 2938 1488 cum
2969 1441 3151 1488 tamen
3201 1433 3247 1488 is
3295 1433 3390 1503 qui
3456 1431 3626 1487 Deum

2055 1527 2234 1590 timet,
2270 1526 2314 1580 si
2348 1526 2532 1579 onmia
2575 1525 2624 1579 ei
2656 1525 2887 1580 adversa
2933 1526 3282 1594 contingant,
3321 1539 3444 1595 quae
3494 1524 3629 1578 abn-

2057 1619 2340 1674 minabilia
2395 1619 2735 1682 hominibus,
2790 1628 2958 1686 atque
3001 1618 3337 1674 exsecranda
3383 1632 3503 1673 esse
3557 1615 3631 1668 vi-

1973 1705 2021 1764 B
2049 1712 2274 1775 dentur,
2311 1710 2559 1765 omnium
2614 1711 2972 1766 beatissimus
3003 1712 3094 1765 sit.
3141 1709 3205 1764 Et
3251 1711 3452 1766 aliter:
3496 1709 3626 1764 Pul-

364 1794 647 1864 chritudo,
679 1798 965 1864 fortitudo,
993 1801 1220 1868 divitia',
1253 1803 1450 1874 gloria,
1485 1804 1785 1858 multorum
1823 1805 1954 1860 item
1997 1817 2163 1875 atque
2191 1805 2522 1875 elegantium
2549 1804 2785 1860 ﬁliorum
2813 1805 2991 1874 cepia.
3017 1814 3070 1860 et
3139 1803 3244 1859 alia
3285 1799 3624 1873 huiusmodi.

367 1905 477 1945 non
511 1895 730 1962 proprie
761 1897 980 1951 beatum
1022 1913 1180 1966 quem
1232 1901 1462 1963 faciunt,
1511 1899 1582 1955 ob
1613 1898 1932 1968 huiusmodi
1973 1901 2185 1957 scilicet
2214 1900 2487 1954 bonorum
2516 1899 2987 1966 incertitudinem,
3057 1908 3222 1969 atque
3297 1896 3630 1955 instabilita,

364 1991 498 2039 tem.
531 1986 735 2042 Deinde
757 1986 999 2044 declarat
1031 1992 1254 2060 quinam
1289 1992 1324 2045 ii
1359 1994 1471 2046 sint
1495 1995 1589 2063 qui
1629 1994 1922 2052 Dominum
1965 1997 2179 2057 timent,
2215 1992 2406 2047 dicens
2434 2009 2450 2046 :

441 2079 505 2131 Ol
537 2083 930 2151 πορευόμενοι
963 2084 1033 2138 ἐν
1076 2085 1205 2152 ταῖς
1241 2085 1404 2152 ὁδοῖς
1435 2089 1645 2144 αὑτοῦ.
1684 2092 1816 2154 Ταῖς
1859 2110 1948 2145 νε-

365 2167 851 2308 Ξομοθετημέναις,
883 2176 1007 2238 ταῖς
1055 2174 1492 2246 ὕποδειχθείσαις
1527 2175 1616 2231 διὰ
1648 2181 1760 2233 τῶν
1787 2182 1936 2234 ἐντο-

402 2275 501 2308 ων.

402 2275 501 2313 ων.

445 2351 591 2418 Τοὺς
619 2354 853 2422 πόνους
878 2356 997 2411 τῶν
1025 2361 1276 2428 καρπῶν
1321 2381 1443 2418 σου
1471 2365 1750 2433 φάγεσαι.
1789 2361 1944 2415 Διδάι⁴

2125 2087 2233 2156 Qui
2266 2087 2541 2142 ambulant
2573 2087 2625 2140 in
2652 2087 2748 2142 viis
2784 2086 2924 2156 ejus.
2975 2085 3041 2141 in
3071 2083 3180 2141 viis
3211 2085 3278 2141 ab
3309 2099 3376 2141 eo
3411 2086 3630 2140 statutis

2050 2191 2108 2238 et
2139 2195 2239 2252 per
2266 2180 2449 2236 divina
2484 2185 2754 2250 praecepta
2782 2179 3196 2234 demonstratis.

2118 2363 2288 2421 Vens.
2324 2365 2381 2420 2.
2422 2361 2654 2416 Labore:
2677 2363 2980 2430 palmarum
3004 2369 3219 2414 tuarum
3251 2359 3623 2414 manducabit.

362 2438 463 2504 ξας
489 2441 574 2504 τις
603 2445 720 2498 ἐστι
742 2447 948 2517 κυρίως
1004 2451 1303 2519 μακάριος.
1330 2455 1426 2507 καὶ
1455 2453 1637 2519 δείξας
1652 2455 1735 2518 τίς
1756 2454 1947 2507 ἐστινὸ

2048 2454 2187 2511 Cum
2219 2453 2471 2509 docuerit
2507 2453 2760 2520 quisnam
2794 2464 2922 2504 vere
2966 2448 3039 2502 sit
3093 2449 3309 2512 beatus,
3349 2457 3403 2501 et
3437 2457 3626 2500 osten-

364 2531 698 2602 φοϐούμενος
729 2536 819 2590 τὸν
846 2539 1072 2609 Κύριον,
1118 2544 1418 2597 κάντεῦθεν
1449 2546 1544 2598 τὸν
1574 2546 1705 2600 λαὸν
1765 2546 1846 2606 εἰς
1891 2542 1947 2595 τὸ

2049 2542 2198 2598 derit
2221 2543 2374 2598 illum
2407 2557 2538 2597 vere
2577 2542 2791 2596 beatum
2825 2539 2958 2602 dici,
2989 2539 3082 2608 qui
3116 2538 3284 2592 Deum
3322 2537 3503 2597 timet.
3546 2548 3629 2592 at-

363 2624 698 2693 πορεύεσθαι
747 2629 807 2680 ἐν
844 2635 968 2694 ταῖς
993 2633 1136 2698 ὁδοῖς
1180 2635 1274 2688 τοῦ
1299 2637 1436 2690 Θεοῦ
1478 2637 1947 2708 προτρεψάμενος,

2048 2650 2158 2704 que
2185 2649 2250 2688 ex
2285 2633 2394 2688 hoc
2424 2633 2752 2686 adhortatus
2803 2630 2971 2685 fuerit
3004 2629 3263 2700 populum
3312 2629 3379 2684 ad
3431 2629 3628 2683 arisba-

366 2714 556 2771 λοιπὸν
615 2721 782 2775 τείνει
811 2724 903 2778 τὸν
949 2725 1130 2794 λόγον,
1162 2728 1299 2798 πρὸς
1357 2732 1448 2782 τὸν
1495 2729 1830 2800 φοϐούμενον
1855 2727 1947 2781 τὸν

2049 2726 2278 2780 landum
2313 2726 2368 2779 in
2414 2725 2517 2778 viis
2570 2723 2684 2785 Dei,
2736 2722 2997 2792 deinceps
3033 2721 3108 2775 ad
3153 2721 3298 2793 hunc
3343 2722 3624 2774 timentem

363 2805 497 2860 Θεὸν
523 2848 538 2874 ,
569 2814 932 2883 προφητεύων
954 2816 1104 2887 αὐτῷ
1123 2820 1326 2888 ἀγαθά.
1357 2821 1516 2881 Τινὲς
1545 2821 1644 2891 μὲν
1681 2820 1775 2873 οὖν
1808 2839 1947 2891 δίαιθ’

2055 2817 2226 2872 Deum
2260 2829 2568 2870 sermonem
2603 2814 2813 2884 dirigit,
2847 2813 3030 2866 futura
3060 2813 3110 2868 ei
3136 2815 3278 2867 bona
3299 2802 3621 2884 praedicens,

364 2899 502 2963 ποὺς
561 2905 659 2964 τὰς
704 2906 895 2974 χεῖρας
943 2908 1173 2978 ὲνόησαν
1251 2911 1360 2986 ἀπὸ
1406 2911 1609 2980 μέρους
1664 2911 1727 2962 τὸ
1784 2913 1896 2964 πᾶν
1933 2929 1945 2941 ’

2052 2909 2303 2974 Ουίάοηιι
2330 2923 2457 2962 vero
2493 2906 2706 2976 palmas
2736 2905 2844 2960 dici
2890 2904 3279 2959 intellexerunt
3329 2919 3426 2972 pro
3460 2903 3631 2955 maui-

367 2990 534 3062 μέρος
595 2993 702 3063 γὰρ
755 2995 856 3065 τῆς
908 2999 1095 3069 χειρὸς
1147 3001 1175 3052 ὁ
1223 3003 1470 3070 καρπόςο
1520 3001 1943 3071 ἑρμηνεύοντες,

2054 3006 2178 3067 bus,
2213 3004 2377 3059 veluti
2416 3019 2450 3058 a
2484 3012 2636 3072 parte
2667 3010 2868 3058 totum.
2897 3001 2996 3057 Est
3023 3001 3228 3056 etenim
3277 3001 3456 3071 palma
3506 3017 3630 3068 pars

365 3083 448 3134 ὅτι
471 3084 598 3146 τοὺς
627 3087 820 3151 πόνους
847 3090 956 3142 τῶν
989 3091 1190 3162 χειρῶν
1232 3109 1330 3145 σου
1385 3092 1594 3164 δρέψῃο
1634 3093 1946 3162 κερδανεῖς,

2055 3111 2274 3150 manus.
2328 3095 2393 3161 Et
2438 3110 2664 3150 sensum
2700 3094 3020 3165 huiusmodi
3053 3108 3178 3150 esse
3205 3092 3439 3148 dicunt:
3483 3094 3628 3161 quod

368 3174 601 3242 μηδενὸς
639 3179 964 3244 κωλύοντος.
1023 3183 1184 3236 Οὕτω
1241 3186 1350 3254 γὰρ
1401 3185 1640 3246 Ἀκύλας
1674 3185 1768 3236 καὶ
1801 3182 1944 3252 Σύμ-

367 3281 541 3334 μαχος
588 3269 1049 3334 ὲξεδεδὼκεισανο
1096 3275 1274 3343 ἕτεροι
1317 3276 1375 3329 δὲ
1437 3274 1843 3345 ἀντισημασίαν
1888 3273 1946 3325 τὸ

368 3359 535 3427 ῥητὸν
584 3361 767 3427 τοῦτο,
825 3359 936 3418 οἷον
975 3367 1121 3431 Τοὺς
1152 3368 1423 3436 καρποὺς
1448 3367 1566 3421 τῶν
1595 3368 1797 3421 πόνων
1823 3381 1940 3419 σου

368 3448 650 3502 φάγεσαι.

365 3465 650 3518 paream.
735 3506 742 3512 .

2055 3182 2255 3236 timens
2285 3180 2480 3243 Deum,
2514 3196 2774 3238 manuum
2809 3197 3034 3238 suarum
3069 3181 3288 3238 labores
3323 3182 3623 3252 percipiet.

2051 3283 2108 3329 et
2135 3274 2293 3328 nullo
2320 3273 2658 3342 impediente
2693 3275 2910 3329 lucrum
2938 3281 3254 3342 componet.
3309 3273 3490 3342 Atque
3527 3274 3631 3327 hoc

2051 3374 2212 3434 pacto
2237 3365 2433 3434 Aquila
2457 3374 2514 3420 et
2551 3363 2920 3436 Symmachus
2952 3365 3259 3422 reddidere.
3287 3366 3471 3436 Aliqui
3503 3381 3632 3419 vero

2047 3454 2278 3525 ﬁguram
2304 3455 2399 3510 hic
2427 3455 2694 3510 contineri
2725 3455 2986 3512 dixerunt
3015 3471 3179 3526 quam
3236 3454 3426 3512 Grece
3480 3456 3632 3508 ἀντι-

369 3547 664 3616 σημασιαν,
695 3561 915 3620 vocant,
951 3553 1055 3612 hoc
1099 3564 1207 3622 est,
1245 3554 1691 3628 signiﬁcationem
1758 3549 2110 3607 contrariam.
2164 3551 2270 3618 (Ad
2332 3547 2494 3620 cuius
2574 3549 3002 3607 declarationem
3077 3549 3629 3608 animadvertendum

369 3651 452 3695 cst
487 3646 682 3713 primo,
735 3650 880 3719 quod
932 3651 1117 3708 Grceca
1153 3655 1318 3710 dictio
1351 3655 1567 3724 καρπός
1601 3667 1710 3707 non
1759 3651 1936 3705 solum
1978 3647 2234 3717 palmam.
2269 3662 2366 3702 seu
2399 3647 2581 3717 potius
2603 3647 2916 3715 juncturam
2945 3665 3132 3702 manus
3164 3647 3461 3718 significat,
3533 3648 3628 3700 sed

367 3739 530 3796 etiam
599 3743 848 3811 fructum.
909 3747 1073 3803 Juxta
1138 3766 1298 3820 quem
1351 3764 1597 3812 sensum,
1650 3746 1942 3818 praisentis
2018 3743 2278 3798 versiculi
2352 3741 2531 3796 littera
2581 3741 2808 3810 legenda
2855 3750 3040 3795 esset:
3084 3739 3312 3795 Labore:
3360 3749 3628 3810 fructuum

369 3826 577 3893 ‘uorum
605 3843 998 3910 manducabis.)
1033 3842 1328 3913 Exponunt
1361 3844 1530 3914 igitur
1554 3843 1660 3898 hoc
1687 3849 1846 3912 pacto
1878 3847 1937 3893 ut
1975 3836 2183 3892 labores
2213 3835 2508 3905 fructuum,
2546 3834 2754 3889 dictmn
2786 3849 2912 3890 esse
2943 3831 3235 3898 aﬂirment,
3301 3848 3426 3904 pro,
3487 3834 3627 3903 Fru-

368 3941 489 3985 ctus
530 3931 804 4000 laborum,
867 3944 922 3990 et
977 3951 1176 3993 sensus
1229 3938 1323 4004 sit,
1379 3937 1526 4010 quod
1591 3933 1948 3992 manducabit
1987 3929 2204 3986 fructus
2256 3930 2505 3985 laborum
2539 3943 2767 3984 suorum
2838 3926 3089 3997 quisquis
3125 3927 3389 3983 timuerit
3456 3926 3628 3982 Domi-

368 4041 520 4083 nili“.

435 4122 741 4190 Μακάριος
770 4119 846 4177 εἶ.
879 4124 940 4177 Εἰ
979 4125 1120 4197 φοϐῇ
1153 4125 1246 4181 τὸν
1276 4125 1432 4182 Θεόν.
1475 4126 1645 4182 Πάλιν
1688 4125 1746 4181 δὲ
1779 4121 1939 4180 τοῦτο

367 4212 541 4282 λέγει,
584 4212 824 4283 βεϐαιῶν
856 4215 948 4268 τὸν
975 4214 1158 4284 λόγον.

439 4394 548 4451 Kal
571 4395 771 4463 καλῶς
794 4413 893 4452 σοι
926 4397 1120 4454 ἔσται.
1154 4399 1264 4452 Καὶ
1293 4400 1684 4471 εὐπραγήσεις.

2114 4113 2308 4168 Beatus
2343 4127 2422 4166 es.
2457 4109 2513 4164 Si
2565 4109 2726 4164 times
2761 4107 2969 4162 scilicet
3002 4106 3190 4162 Deum.
3229 4107 3306 4162 Ad
3352 4109 3614 4177 maiorem

2043 4209 2189 4264 enim
2225 4205 2498 4262 sermonis
2528 4203 2610 4258 sui
2643 4200 3140 4264 conﬁrmationem,
3175 4200 3372 4256 iterum
3429 4203 3627 4270 ιεριειίι

2046 4299 2474 4358 beatitudinem.

2123 4392 2191 4446 Et
2223 4391 2346 4446 bene
2376 4389 2470 4442 tibi
2497 4389 2615 4442 erit.
2651 4387 2715 4442 Et
2753 4400 3014 4457 prospere
3045 4385 3142 4441 tibi
3192 4395 3388 4441 cuncta
3423 4400 3624 4440 succe-

2049 4485 2202 4541 dent.

449 4575 521 4629 Ἠ
541 4574 693 4644 γυνή
721 4591 862 4639 σου,
895 4575 975 4642 ὠς
1013 4574 1277 4645 ἄμπελος
1297 4575 1663 4644 εὐθηνοῦσα,
1715 4576 1784 4629 ἐν
1807 4575 1930 4642 τοῖς

2120 4574 2286 4629 Vens.
2320 4574 2372 4627 3.
2413 4570 2560 4626 Uxor
2601 4579 2714 4634 tua,
2743 4571 2882 4624 sicut
2915 4570 3034 4624 vitis
3074 4568 3374 4632 abundans,
3406 4570 3457 4622 in
3494 4551 3623 4621 lute-

369 4666 601 4718 κλίτεα-ι
640 4664 750 4733 τῆς
769 4667 963 4731 οἰκίας
999 4683 1139 4720 σου.
1177 4667 1270 4730 Ὠς
1327 4666 1572 4736 ἄμπελος
1639 4665 1942 4737 εὖθηνοῦσα

373 4756 648 4826 βότρυσιν,
705 4754 878 4819 οὕτως
929 4755 1235 4827 εὐθηνοῦσα
1280 4757 1510 4819 τέκνοις.
1582 4758 1944 4824 Εὺθηνοῦσιι

369 4848 444 4912 δὲ,
469 4848 591 4902 ἀντὶ
618 4847 884 4918 Κομῶτα,
922 4847 1204 4918 βρίθουσα.
1238 4847 1410 4916 Κλίτη
1450 4848 1506 4899 δὲ
1536 4846 1711 4912 οἰκίας
1746 4849 1811 4901 τὰ
1844 4851 1941 4919 μέ-

375 4958 441 5012 ρη
478 4957 490 4972 ·
517 4940 800 4994 τουτέστιν
829 4941 888 4992 ὲν
906 4942 971 5008 τῇ
1004 4941 1229 5010 περιοχῇ
1254 4941 1352 5010 τῆς
1377 4938 1554 5002 οἰκίας
1599 4957 1712 4994 σου.
1750 4941 1942 5004 Ἀλλος

373 5035 664 5104 ἑρμηνεὺς,
737 5034 821 5085 Ἐν
880 5031 1001 5098 τοῖς
1048 5031 1372 5098 ἐσωτάτοις
1417 5031 1524 5086 τοῦ
1576 5033 1745 5088 οἴκου
1804 5051 1943 5098 σου,

371 5125 657 5188 ἐξέδωκεν,
686 5125 878 5193 ἧγουν,
909 5123 999 5175 Ἐν
1038 5125 1148 5186 τοῖς
1177 5123 1443 5191 θαλάμοις
1465 5141 1479 5155 ·
1514 5123 1647 5178 ἔνθα
1705 5125 1766 5178 τὸ
1822 5125 1942 5180 κλί-

372 5215 560 5268 νςσθαι
588 5215 724 5284 πρὸς
761 5216 1088 5271 ἀνάπαυσιν.

445 5481 510 5533 Ol
539 5480 657 5534 υιοι
676 5496 815 5549 σου,
854 5483 934 5549 ὡς
980 5484 1242 5552 νεόφυτα
1300 5484 1539 5549 ἐλαιῶν,
1574 5486 1778 5548 κύκλῳ
1835 5482 1942 5553 τῆς

374 5568 662 5641 τραπέζης
695 5588 833 5630 σου.
869 5573 1149 5639 Εὐθαλεῑς,
1174 5575 1248 5638 ὡς
1283 5576 1520 5646 νιόφυτα
1545 5576 1764 5633 ἐλαιῶν.

2047 4669 2194 4721 ribus
2222 4667 2408 4719 domus
2444 4674 2569 4718 ture.
2603 4662 3078 4729 Quemadmodum
3109 4660 3234 4715 vitis
3263 4660 3502 4714 abundat
3541 4678 3625 4712 ra-

2046 4756 2219 4812 cemis
2251 4797 2266 4820 ,
2301 4756 2370 4808 ita
2399 4761 2454 4808 et
2509 4753 2629 4823 ipsa
2689 4750 2814 4805 [iliis
2868 4749 3190 4804 abundabit.
3243 4743 3622 4804 Abundante’m

2046 4860 2228 4904 autem
2258 4863 2376 4902 eam
2409 4845 2532 4901 liliis
2567 4845 2724 4909 dixit,
2759 4845 2862 4898 hoc
2891 4853 2994 4911 est,
3031 4853 3282 4898 ornatam
3339 4858 3402 4896 ac
3454 4843 3623 4910 stipa-

2046 4949 2178 4995 tam.
2219 4939 2414 4994 Latera
2452 4948 2656 5000 autem.
2692 4951 2786 4992 seu
2825 4938 3002 5006 potius
3029 4976 3043 5000 ,
3080 4944 3137 4989 ut
3192 4936 3243 4988 in
3298 4934 3484 4987 Grmt-a
3543 4935 3620 4984 Ie-

2045 5031 2229 5085 ctione
2259 5030 2516 5094 habetur,
2556 5028 2737 5095 κλίτη,
2773 5043 2900 5097 pars
2927 5028 3170 5096 quedam
3224 5026 3418 5077 domus
3471 5031 3614 5075 sunt.

2043 5123 2164 5188 Quo
2195 5137 2447 5178 sermone
2478 5122 2618 5176 idem
2656 5121 2762 5175 sibi
2791 5120 2907 5174 vult
2939 5133 3003 5172 ac
3037 5119 3083 5172 si
3113 5117 3316 5172 diceret
3351 5132 3364 5166 :
3417 5113 3476 5166 lu
3515 5114 3620 5166 cir-

2044 5213 2191 5266 cuitu
2221 5214 2417 5265 domus
2439 5218 2565 5265 tum.
2621 5210 2772 5265 Alius
2807 5223 2934 5263 vero
2993 5207 3266 5274 interpres
3327 5201 3559 5257 reddidit
3603 5219 3615 5254 :

2044 5300 2107 5354 In
2135 5301 2490 5364 penetralibus
2517 5302 2726 5366 domus,
2777 5299 2881 5352 hoc
2915 5303 3021 5358 est,
3075 5293 3128 5347 in
3179 5291 3431 5346 thalamis
3459 5329 3474 5356 ,
3529 5289 3619 5344 ubi

2047 5392 2366 5447 recumbere
2387 5407 2450 5446 ac
2486 5391 2828 5460 requiescere
2858 5385 3122 5440 solemus.

2115 5480 2247 5535 Filii
2277 5483 2377 5546 tui,
2399 5483 2532 5535 sicut
2562 5479 2776 5532 novel/ae
2793 5477 3078 5538 olivarum,
3107 5475 3160 5528 in
3185 5473 3408 5527 circuitu
3424 5485 3619 5525 meum

2045 5584 2166 5628 tute.
2206 5572 2490 5628 Florentes
2523 5571 2783 5624 nitnirum
2823 5577 2989 5637 atque
3035 5568 3091 5621 in
3122 5580 3337 5623 summo
3395 5565 3576 5638 vigore
3600 5601 3619 5628 ,

2045 5674 2302 5732 tauquam
2335 5679 2486 5718 nova:
2521 5663 2790 5717 olivarum
2819 5660 3034 5728 plantae.
