4032 6238
419 154 549 211 12οἸ

407 353 705 406 Dominum.
730 355 1110 424 llnjuscemodi
1136 359 1314 414 divina
1333 363 1706 421 benedictione
1734 368 1965 423 fruetur.

402 442 503 497 Per
530 446 955 502 benedictionem
988 464 1116 503 vero
1144 453 1375 520 gratiam
1429 466 1484 510 et
1514 458 1834 514 beneﬁcium
1888 462 1971 515 in-

403 537 616 609 telligit,
657 548 909 608 tanquam
946 541 1106 597 laude
1138 543 1384 614 dignum,
1421 547 1567 603 etde
1602 565 1712 619 quo
1734 551 1874 606 bene
1903 553 1969 605 ab

403 629 657 686 omnibus
682 632 968 689 dicendum
1006 635 1097 693 sit.
1135 635 1291 701 Quod
1339 639 1385 693 si
1437 640 1559 709 quis
1609 643 1968 710 quaestionem

402 730 639 787 moveat,
670 724 882 788 dicens,
917 725 1202 791 Quomodo
1233 729 1300 783 iis
1319 732 1410 799 qui
1438 732 1629 787 timent
1650 732 1843 799 Deum,
1865 752 1969 789 nou

404 813 610 883 majora
643 817 1031 884 promittantur
1065 821 1228 888 bona,
1271 822 1367 877 sed
1398 824 1509 879 hzcc
1563 833 1775 879 tantum
1833 836 1974 880 tem-

403 904 633 972 poralia,
686 906 816 961 illud
845 908 898 962 in
927 912 1116 978 primis
1169 913 1457 969 dicendum
1502 928 1606 980 est,
1645 916 1971 985 Prophetam

401 997 468 1051 ad
504 1013 600 1054 eos
632 1016 939 1055 sermonem
972 1020 1137 1065 suum
1167 1006 1402 1077 dirigere
1430 1049 1444 1071 .
1497 1012 1588 1078 qui
1643 1011 1829 1064 talium
1880 1013 1976 1066 bo—

403 1103 595 1141 norum
625 1092 1160 1147 amore'dctinentur
1195 1114 1209 1149 :
1243 1097 1438 1152 deinde
1479 1099 1615 1154 illud
1670 1102 1834 1154 etiam
1871 1101 1975 1155 ad-

403 1181 615 1242 demus.
649 1185 792 1252 quod
826 1202 889 1239 ex
924 1188 1223 1242 abundanti
1257 1228 1272 1252 ,
1327 1187 1594 1259 Propheta
1646 1191 1760 1245 haec
1811 1191 1976 1244 etiam

403 1274 545 1327 bona
583 1276 887 1344 pollicetur,
920 1279 1084 1332 veluti
1120 1294 1221 1332 una
1258 1294 1381 1333 cum
1410 1281 1629 1335 :eternis
1657 1278 1818 1335 bouis
1836 1279 1978 1335 Deus

406 1366 521 1419 haec
552 1368 870 1434 temporalia
907 1370 1065 1423 etiam
1101 1370 1173 1424 sit
1219 1371 1566 1440 praestiturus
1602 1387 1616 1434 ;
1671 1371 1975 1425 secundum

405 1457 549 1525 quod
580 1458 702 1511 alibi
737 1461 1002 1529 scriptum
1038 1461 1264 1531 legimus
1295 1480 1307 1516 :
1350 1462 1584 1528 Quaerite
1640 1465 1871 1530 primum
1894 1479 1979 1515 re-

404 1565 560 1617 gnum
605 1549 721 1612 Dei,
763 1563 808 1604 et
838 1553 949 1605 ha'c
976 1553 1151 1605 omnia
1188 1553 1503 1622 adjiciantur
1529 1555 1671 1608 vobis
1724 1555 1789 1609 ⁵⁸.
1819 1553 1979 1609 Juxta

1601 162 1979 223 EUTEH’MII
2031 162 2388 227 ZIGABENI

476 261 633 313 Vens.
682 262 733 316 ι.
768 262 897 315 Ετρρ
949 268 1021 318 sic
1070 267 1398 322 benedicelur
1459 272 1644 340 homo,
1696 277 1784 345 qui
1829 279 1969 330 timet
2001 283 2044 337 Α

3534 169 3715 232 ιξος

2158 277 2314 332 Ἰδοὺ
2364 280 2545 344 οὕτως
2580 277 3047 344 simiai-nativum
3100 279 3428 346 ἄνθρωπος,
3483 284 3523 333 ὁ
3574 298 3717 347 5:0-

2076 370 2370 438 ϐούμενος
2394 370 2498 421 τὸν
2532 373 2765 436 Κύριον.
2793 369 3063 437 Τοιαύτης
3098 369 3347 437 εὐλογίας
3404 372 3713 423 ἀπολαῖὲ⁴

2078 478 2160 512 σει
2192 461 2342 530 παρὰ
2374 460 2530 512 Θεοῦ.
2564 459 2796 527 Εὑλογία
2819 459 2875 511 δὲ
2908 458 3002 511 νῦν
3034 460 3129 528 τὴν
3152 461 3308 530 χάριν
3341 463 3539 518 καλεῖ.
3574 461 3713 525 τὴν

2076 552 2419 624 εὐεργεσίαν.
2452 552 2527 613 ὡς
2558 550 2838 620 εὐφημίας
2884 549 3059 613 ἀξίαν.
3087 551 3151 603 Τί
3204 551 3407 620 λέγεις,
3477 553 3713 605 τοιαύ-

2074 659 2169 711 τη,
2204 643 2421 713 χάριτος
2456 641 2791 707 ἀπολαύσεις
2823 642 2955 706 Ναὶ,
2994 643 3148 711 φησι,
3190 644 3323 715 πρὸς
3355 647 3469 714 γὶρ
3496 646 3710 711 ἐρῶν-

2076 753 2171 796 τας
2232 734 2312 785 ἔτι
2362 734 2623 788 τοιούτων
2674 735 2895 804 ἀγαθῶν
2950 735 3296 805 διαλέγομαι.
3332 739 3562 794 Ἄλλως
3622 754 3707 788 τε

2078 824 2133 876 δὲ
2195 827 2286 876 καὶ
2315 827 2379 877 ὲκ
2427 826 2745 895 περιουσίας
2776 829 2803 879 ὁ
2827 825 3003 894 λόγος,
3029 828 3111 879 ὅτι
3140 827 3275 895 μετὰ
3326 826 3441 878 τῶν
3521 826 3708 878 ξδ’ων

2081 914 2303 979 ἀγαθῶν
2365 914 2460 966 καὶ
2509 914 2684 968 ταῦτα
2731 916 2893 970 δώσει
2929 936 2941 947 ·
2995 916 3236 985 Ζητεῑτε
3280 917 3409 985 γὰρ,
3467 919 3698 984 φηῶν,

2078 1006 2193 1074 τὴν
2214 1008 2544 1069 ,βασιλείαν
2575 1007 2690 1060 τῶν
2722 1009 3011 1075 οὐρανῶν.
3054 1010 3150 1061 καί
3207 1008 3392 1061 ταῦτα
3456 1008 3701 1060 πάντα

2080 1096 2555 1163 προστεθήσεται
2578 1097 2740 1167 ὑμῖν.
2772 1099 2928 1151 Κατὰ
2953 1099 3006 1150 δὲ
3040 1098 3332 1166 ἀναγωγὴν
3387 1098 3533 1166 γυνὴ
3573 1100 3701 1164 μὲν

2077 1186 2173 1238 τοῦ
2208 1186 2493 1249 Θεοσεόοὖς
2543 1189 2575 1255 ἡ
2613 1187 2846 1255 σύζυγος
2876 1188 3019 1258 ψυχὴ
3066 1188 3295 1256 κομῶσα
3347 1189 3470 1249 ταῖς
3540 1190 3699 1257 ἁρε-

2081 1279 2200 1340 ταῖς
2225 1279 2282 1330 ἐν
2312 1277 2389 1348 τῷ
2422 1277 2637 1348 σώματι
2673 1294 2687 1308 ’
2724 1281 2829 1332 uici
2857 1279 2911 1332 δὲ
2944 1277 3110 1333 αὑτοῦ
3156 1278 3205 1330 oi
3267 1277 3512 1346 μαθηταὶ
3580 1279 3696 1327 καὶ

2085 1371 2344 1441 μιμηταὶ,
2372 1371 2466 1425 καὶ
2508 1371 2744 1442 διάδοχοι
2772 1373 2871 1441 τῆς
2909 1370 3212 1432 εὖσεῦείας,
3264 1369 3565 1431 θάλλοντες
3622 1370 3695 1419 ὲν

2083 1464 2714 1534 αὑξήσειπνευματικῆς
2746 1461 2981 1532 ἡλικίας,
3034 1461 3128 1513 καλ⁸
3174 1459 3507 1519 κυκλοῦντες
3570 1460 3693 1509 αὖ-

2081 1556 2173 1608 τὸν
2207 1555 2550 1618 διδάσκοντα,
2579 1554 2674 1608 καὶ
2704 1552 2967 1607 ἑστιῶντα
2998 1552 3194 1616 αὐτοὺς
3242 1551 3507 1620 ἐδέσμασι
3570 1550 3682 1601 λο-

413 1653 692 1710 auagogen
728 1656 879 1706 vero,
912 1658 1045 1695 uxor
1078 1643 1147 1711 pii
1176 1657 1238 1697 ac
1272 1644 1509 1713 religiosi
1537 1645 1636 1698 viri
1663 1653 1746 1699 est
1778 1644 1982 1711 anima,
2017 1645 2059 1699 Β
2086 1648 2286 1714 γικοῖς.

410 1752 531 1805 qua:
563 1735 814 1805 conjugis
851 1737 1030 1791 instar
1066 1740 1279 1807 corpori
1318 1740 1607 1808 conjuncta
1631 1780 1645 1802 ,
1684 1739 1978 1795 virtutibus
2019 1741 2085 1795 iis
2115 1741 2439 1807 delectatur,
2472 1757 2593 1812 quas
2617 1743 2832 1813 corpori
2866 1742 3051 1796 insunt
3081 1759 3096 1804 ;
3168 1740 3263 1795 lilii
3316 1754 3448 1793 vero
3516 1738 3688 1790 illius

411 1830 628 1895 animae,
664 1831 917 1901 discipuli
951 1846 1096 1893 sunt.
1129 1841 1182 1885 et
1214 1833 1455 1901 ejusdem
1526 1835 1805 1903 rclig’onis
1872 1833 2198 1902 imitatores,

2272 1854 2367 1893 si-u
2418 1853 2811 1902 successores;
2857 1837 2949 1905 qui
3002 1837 3164 1890 etiam
3255 1837 3308 1889 in
3362 1833 3688 1904 spirituatis

411 1924 587 1978 :etatis
612 1931 906 1992 augmento
942 1922 1157 1986 ﬂorent,
1194 1940 1256 1978 ac
1292 1930 1477 1995 vigent
1508 1967 1521 1988 ,
1554 1938 1604 1979 ct
1637 1928 1814 1995 ipSum
1883 1926 2161 1983 doctorem
2239 1931 2608 1996 circumdant,
2677 1928 3038 1983 rationalibus
3103 1942 3200 1982 eos
3244 1926 3382 1982 cibis
3434 1938 3688 1993 pascen-

413 2023 541 2067 tem.

487 2127 651 2183 Vens.
682 2126 732 2180 5.
776 2126 1053 2182 Benedicat
1079 2138 1125 2182 te
1149 2130 1402 2185 Dominus
1452 2146 1516 2184 ex
1568 2131 1721 2186 Sion.
1772 2130 1981 2186 Laudet

413 2229 488 2280 te.
515 2228 567 2274 ct
590 2219 795 2291 gratias
820 2219 981 2276 etiam
1028 2220 1122 2274 tibi
1186 2221 1409 2275 tribuat.
1462 2221 1633 2286 Quem
1669 2221 1814 2275 enim
1866 2236 1984 2276 sus-

415 2314 548 2382 cipit
614 2312 757 2369 Deus
784 2353 799 2378 ,
855 2328 977 2369 eum
1028 2314 1189 2368 etiam
1221 2313 1447 2379 laudat,
1477 2324 1532 2368 et
1561 2329 1723 2384 quem
1754 2313 1939 2368 laudat
1970 2355 1984 2375 ,

418 2404 666 2459 eumdem
695 2404 883 2474 gratiis
911 2419 974 2459 ac
1006 2403 1167 2459 donis
1216 2406 1611 2474 multiplicibus
1632 2406 1768 2460 solet
1792 2420 1988 2458 cumu-

418 2498 532 2551 lare
574 2514 587 2549 :
633 2496 911 2549 Dominum
947 2510 1078 2550 vero
1106 2496 1244 2550 dixit
1272 2512 1337 2552 et:
1362 2495 1492 2550 Sion
1518 2536 1532 2555 ,
1576 2511 1673 2566 pro
1726 2495 1830 2560 Qui
1878 2495 1977 2548 ba-

2159 2133 2510 2199 Εὺλογήσαι
2534 2147 2608 2184 σε
2636 2129 2848 2196 Κύριος
2874 2128 2941 2181 ἐκ
2959 2126 3133 2181 Σιών.
3195 2122 3535 2185 Ἐπαινέσαι,
3569 2114 3693 2191 χαί

2093 2223 2347 2295 ριτώσαι·
2384 2223 2444 2276 ὃν
2483 2223 2591 2291 γὰρ
2614 2220 3198 2291 ἀποδέχεται,ὲπαινοῖ
3220 2234 3234 2247 ο
3268 2218 3361 2271 καὶ
3409 2216 3468 2269 ὃν
3511 2217 3685 2268 ἐπαι-

2095 2317 2197 2379 νοῖ,
2225 2319 2457 2386 χαριτοί.
2488 2314 2689 2386 Κύριος
2717 2313 2774 2367 δὲ
2793 2316 2821 2367 ὁ
2860 2314 2918 2366 ὲν
2945 2312 3082 2367 Σιὼν
3106 2310 3295 2374 οίκῶν,
3332 2310 3388 2362 ὲν
3415 2307 3491 2378 τῷ
3534 2309 3687 2375 οἴκῳ

2097 2405 2174 2475 τῷ
2196 2407 2254 2460 ὲν
2281 2405 2440 2461 Σιών.
2488 2406 2697 2459 Ἐκεῖσε
2730 2405 2840 2475 γὰρ
2860 2407 3030 2460 οίκεῖν
3068 2404 3309 2471 ἐλέγετο,
3348 2401 3432 2454 διὰ
3459 2400 3521 2452 τὶ
3548 2400 3684 2467 ὀμι-

2088 2495 2203 2549 λεῖν
2234 2500 2290 2550 ὲν
2323 2497 2401 2567 τῷ
2430 2498 2542 2567 ναῷ
2565 2499 2677 2560 τοῖς
2701 2497 2931 2568 ίερεῦσι.

420 2591 557 2643 bitat
591 2589 642 2643 in
677 2588 832 2651 Sion.
868 2590 972 2645 hoc
994 2598 1102 2654 est,
1134 2589 1189 2645 in
1219 2604 1282 2645 ea
1315 2590 1499 2654 domo,
1537 2603 1632 2644 seu
1673 2590 1727 2642 in
1759 2588 1978 2657 templo,
2022 2590 2169 2657 quod
2202 2599 2290 2645 est
2318 2592 2373 2645 in
2402 2590 2558 2645 Sion.
2632 2590 2750 2644 IlI-lc
2816 2589 3019 2643 etenim
3071 2587 3330 2642 habitare
3380 2584 3676 2641 dicebatur

424 2681 566 2736 Dens
592 2719 607 2742 ,
643 2694 708 2735 eo
768 2680 912 2751 quod
966 2680 1163 2735 ibidem
1212 2679 1590 2736 sacerdotibus
1657 2694 1980 2750 responsum
2019 2678 2205 2747 dabat,
2239 2694 2402 2752 atque
2435 2681 2504 2736 ad
2534 2698 2627 2738 eos
2668 2682 3016 2752 loquebatur.

493 2794 559 2847 Et
579 2792 751 2846 videas
778 2792 909 2845 bona
932 2791 1231 2849 Jerusalem
1252 2792 1490 2847 omnibus
1514 2792 1696 2847 diebus
1720 2792 1840 2847 vita:
1868 2800 1993 2847 tute.

423 2886 569 2939 Bona
596 2885 814 2954 quidem
841 2883 1119 2939 inferioris
1135 2900 1198 2939 ac
1216 2883 1494 2940 terrestris
1513 2882 1678 2954 hujus
1690 2882 1992 2938 Jerusalem

2176 2796 2284 2850 Καί
2325 2795 2477 2861 won;
2528 2796 2601 2849 τὰ
2629 2797 2818 2864 ἀγαθὰ
2870 2793 3258 2863 Ἰερουσαλὴμ
3317 2791 3515 2855 πάσας
3569 2793 3689 2857 τὰς

2106 2886 2329 2955 ἡμέρας
2366 2885 2477 2952 τῆς
2502 2884 2651 2953 ᾅοῆς
2682 2900 2817 2939 σου.
2864 2883 3069 2952 Ἀγαθὰ
3104 2882 3205 2952 τῆς
3244 2883 3341 2952 μὲν
3387 2882 3536 2935 κάτω
3577 2882 3685 2933 Ἰε-

425 2982 539 3032 haec
571 2985 696 3033 sunt
724 2995 738 3031 :
771 2992 923 3047 opes,
959 2976 1165 3031 divitia:
1192 3020 1208 3043 ,
1244 2977 1484 3046 potentia
1505 3015 1521 3041 ,
1552 2976 1831 3032 exercitus
1858 3017 1873 3040 ,
1912 2979 1993 3029 vi-

2105 2976 2384 3048 ρουσαλὴμ
2418 2976 2644 3038 πλοῦτος
2685 2978 2743 3030 ὲν
2800 2977 3072 3046 χρήμασι,
3120 2975 3354 3043 δύναμις
3387 2975 3444 3025 ὲν
3506 2989 3685 3043 στρα-

424 3070 595 3124 ctoria
627 3069 692 3123 de
724 3068 981 3131 inimicis,
1011 3067 1186 3134 gloria
1217 3067 1361 3136 apud
1394 3080 1586 3121 omnes
1614 3108 1629 3132 ,
1666 3078 1831 3136 atque
1887 3065 1996 3119 alia

426 3161 739 3226 huiusmodi
775 3178 788 3212 :
828 3160 969 3214 bona
1000 3174 1130 3213 vero
1162 3173 1415 3227 superna:
1442 3173 1504 3212 ac
1554 3158 1796 3214 caelestis
1842 3157 2001 3212 Jeru-

428 3254 597 3306 salem
633 3268 696 3307 ea
752 3259 882 3305 sunt
909 3292 923 3315 ,
954 3265 1074 3318 qum
1098 3266 1189 3304 nec
1220 3250 1403 3304 oculus
1429 3251 1594 3315 vidit,
1646 3266 1810 3319 neque
1852 3254 2001 3305 auris

447 3343 670 3405 audirit,
705 3352 757 3396 et
782 3357 902 3411 quae
928 3342 981 3394 in
1020 3357 1111 3394 cor
1140 3341 1366 3396 hominis
1391 3358 1497 3396 non
1545 3346 1892 3399 ascenderunt
1932 3345 2000 3398 ³³.

499 3456 665 3508 Vens.
702 3454 754 3508 6.
780 3452 849 3506 Et
872 3451 1047 3507 videas
1077 3452 1218 3520 ﬁlios
1258 3452 1497 3520 ﬁliorum
1550 3461 1784 3506 tuorum.
1838 3451 2002 3506 Juxta

433 3547 712 3602 historiam
754 3544 972 3614 quidem
1000 3543 1215 3614 generis
1269 3543 1345 3598 tui
1405 3557 1802 3607 successores;
1851 3542 2004 3609 juxta

431 3652 711 3708 anagogen
744 3650 872 3691 vero
901 3649 998 3707 per
1027 3634 1169 3690 ﬁlios
1210 3634 1469 3698 ﬁliorum,
1504 3634 1750 3690 haeredes
1775 3649 1839 3690 ac
1875 3648 2003 3688 suc-

431 3746 679 3787 cessores
710 3730 767 3784 in
798 3728 1063 3799 religione
1116 3742 1179 3781 ac
1238 3729 1439 3796 pietate
1489 3727 1745 3795 intelligit
1777 3745 1792 3781 :
1830 3738 1882 3781 te
1921 3728 2005 3781 ni-

433 3824 629 3877 mirum
662 3836 755 3877 eos
785 3821 1039 3882 docente,
1074 3828 1127 3875 et
1163 3818 1529 3889 spiritualiter
1580 3828 1861 3889 regnante.

504 3934 623 3988 Pax
658 3949 813 4000 super
862 3933 1055 3988 Israel.
1116 3930 1440 4002 Huiusmodi
1471 3932 1633 3986 etiam
1683 3932 1847 3986 verba
1908 3931 2005 3983 ha-

430 4028 653 4081 buimus
684 4024 738 4078 in
777 4023 988 4093 psalmo
1026 4036 1208 4075 cxxrv.
1243 4019 1347 4074 Per
1399 4019 1653 4074 lsraelem
1695 4033 1823 4073 vero
1848 4057 1862 4080 ,
1897 4031 2005 4070 non

434 4118 609 4172 solum
639 4117 922 4186 antiquum
961 4113 1245 4185 populum.
1275 4112 1369 4167 sed
1401 4126 1601 4166 novum
1641 4110 1802 4164 etiam
1842 4109 2006 4162 intel-

435 4213 675 4281 ligimus,
705 4216 762 4261 ut
794 4206 920 4261 alibi
950 4220 1093 4276 saepe
1124 4205 1333 4258 dictum
1373 4210 1481 4256 est.
1513 4202 1668 4267 Quod
1716 4201 1761 4255 si
1793 4213 1894 4270 pax
1927 4199 2009 4252 in-

2103 3071 2362 3143 τεύμασι,
2395 3072 2519 3139 νίκη
2544 3072 2662 3123 κατ’
2690 3069 2921 3139 ἐχθρῶν,
2952 3068 3080 3133 δόξα
3108 3070 3257 3138 παρᾶ
3308 3068 3466 3128 πᾶσι,
3495 3066 3592 3119 καὶ
3609 3067 3688 3118 τὰ

2100 3162 2347 3216 τοιαῦταο
2372 3165 2485 3225 τοῖς
2516 3162 2573 3215 δὲ
2605 3162 2737 3226 ἄνω,
2761 3159 2800 3214 d
2828 3161 2966 3215 οὔτε
3002 3157 3307 3228 ὀφθαλμὸς
3332 3155 3508 3218 εἶδεν.
3534 3158 3685 3211 οὔτε

2103 3255 2212 3321 οὖς
2246 3253 2537 3323 ἤκουσεν,
2566 3253 2703 3307 οὔτε
2731 3252 2830 3305 ἐπὶ
2862 3252 3112 3321 καρδίαν
3132 3250 3446 3319 ἀνθρώπου
3464 3248 3682 3314 ἀνέϐη.

2175 3461 2285 3518 Kal
2321 3460 2469 3527 ἴδοις
2525 3458 2694 3526 υἱοὺς
2722 3456 2840 3513 τῶν
2868 3455 3014 3513 υίῶν
3050 3470 3188 3511 σου.
3244 3452 3520 3522 Δίσθητῶς
3584 3451 3689 3521 μὲν

2104 3553 2380 3624 διαδόχους
2428 3549 2617 3620 γένους
2653 3566 2746 3603 σου
2814 3564 2829 3580 ο
2882 3547 3239 3617 ἁναγωγικῶς
3295 3545 3355 3598 δὲ
3405 3542 3683 3612 διαδόχους

2107 3645 2392 3708 εὐσεϐείας
2421 3657 2436 3674 ³
2464 3641 2689 3704 τούτους
2708 3640 2917 3694 ἐκείνου
2951 3639 3293 3699 διδάσκοντος
3316 3637 3412 3689 καὶ
3432 3650 3680 3702 πνευμα-

2106 3734 2273 3798 τικῶς
2302 3734 2727 3802 ἀναγεννῶντος.

2179 3933 2405 4003 Εἰρήνη
2444 3933 2541 3986 ἐπί
2574 3931 2681 3986 τὸν
2711 3931 2982 4001 Ἰσραήλ.
3011 3929 3183 3984 Τοῦτο
3230 3925 3350 3982 εἷπε
3395 3925 3491 3981 καὶ
3517 3928 3574 3979 ἐν
3603 3925 3684 3995 τῷ

2109 4026 2252 4079 τέλει
2297 4025 2393 4079 τοῦ
2426 4022 2535 4095 ρκδ¹
2564 4022 2806 4093 ψαλμοῦ.
2850 4021 3071 4094 Ἰσραὴλ
3105 4021 3161 4073 δὲ
3193 4020 3254 4073 οὐ
3286 4018 3452 4089 μόνον
3484 4019 3512 4071 ό
3572 4033 3685 4068 πα-

2110 4117 2259 4180 λαιὸς
2291 4117 2436 4180 λαὸς.
2466 4115 2603 4170 ἀλλὰ
2631 4116 2722 4167 καὶ
2761 4117 2788 4168 ό
2817 4114 2957 4177 νέος,
3019 4114 3093 4173 ὡς
3144 4112 3413 4181 διαφόρως
3462 4110 3689 4179 είρήκαυ

2115 4225 2238 4278 μεν.
2273 4208 2334 4260 Εί
2374 4207 2431 4260 δὲ
2459 4206 2687 4276 διεκόπη
2716 4207 2784 4260 τὰ
2818 4206 2916 4275 τῆς
2944 4205 3189 4275 εἰρήνης,
3215 4202 3350 4256 ἀλλὰ
3390 4201 3538 4271 παρὰ
3583 4200 3687 4269 τὴν

436 4303 638 4360 tercisa
667 4310 751 4356 est
780 4297 1116 4369 aliquando,
1175 4296 1229 4351 id
1272 4295 1487 4350 illorum
1536 4293 1710 4365 gratia
1755 4291 1993 4347 etlectutr

2114 4298 2294 4353 αἰτίαν
2318 4298 2425 4351 τῶν
2457 4298 2733 4368 φανέντων
2765 4295 3002 4363 ἀναξίων
3028 4293 3201 4364 αὐτῆς
3236 4310 3250 4325 ·
3287 4292 3509 4361 καὶγὰρ
3562 4288 3692 4343 οὔτε

435 4401 564 4457 est,
613 4390 707 4461 qui
741 4405 800 4445 se
852 4388 1107 4454 indignos
1169 4386 1563 4455 praestiterunt.
1615 4382 1803 4453 Neque
1856 4382 2003 4436 enim

434 4485 807 4538 eomminante
843 4479 954 4533 Deo
1009 4476 1411 4547 desperandum
1444 4475 1605 4530 nobis
1638 4483 1722 4529 est
1744 4515 1758 4539 ,
1787 4475 1877 4529 sed
1918 4490 2013 4545 per

438 4574 816 4645 paenitentiam
849 4569 1243 4633 conﬁtendum,
1292 4574 1350 4620 ut
1395 4566 1540 4620 illius
1583 4580 1611 4618 a
1664 4566 1817 4619 nobis
1877 4564 2009 4617 iram

437 4674 752 4724 avet-tamus
779 4705 794 4729 ,
847 4663 1007 4717 sicuti
1046 4660 1291 4715 fecerunt
1328 4655 1582 4712 Ninivitaa
1616 4673 1630 4710 :
1668 4673 1766 4711 nec
1819 4672 2012 4711 rursus

440 4764 630 4819 eodem
661 4762 771 4817 Deo
820 4762 963 4815 bona
1012 4758 1341 4829 pollicente,
1389 4755 1548 4811 nobis
1590 4753 2011 4824 pigresceualum

440 4865 526 4912 est
558 4872 573 4911 :
604 4853 853 4925 quinimo
885 4851 1081 4921 majori
1115 4858 1243 4905 tunc
1272 4848 1453 4904 studio
1490 4847 1649 4901 nobis
1673 4854 1758 4900 est
1796 4852 2015 4899 conten-

439 4945 700 5012 dendum,
737 4952 794 4997 ut
828 4941 1224 5014 promissiones
1259 4940 1408 4993 illius
1436 4937 1503 4992 ad
1543 4938 1704 4991 linem
1744 4936 2012 5007 perduca-

443 5054 585 5093 mus.
622 5035 906 5105 Siquidem
940 5040 995 5088 et
1023 5031 1177 5086 Iuda:
1212 5030 1499 5084 Dominum
1543 5027 1863 5098 promisisse
1915 5040 2010 5078 uo-

440 5130 621 5185 vimus
651 5128 795 5198 quod
836 5128 999 5183 simul
1036 5139 1160 5180 cum
1190 5124 1312 5178 aliis
1344 5122 1607 5192 apostolis
1646 5134 2014 5175 consessurus

445 5232 589 5278 esset
611 5238 774 5293 super
799 5223 1078 5285 thronum,
1102 5217 1519 5286 etjudicaturus
1532 5214 1817 5269 duodecim
1839 5213 2016 5267 tribus

2115 4389 2463 4453 ἀπειλοῦντος
2506 4386 2601 4441 τοῦ
2626 4386 2759 4440 Θεοῦ
2804 4387 2912 4458 χρὴ
2939 4383 3361 4453 ἀπογινώσκειν,
3421 4380 3554 4434 ἀλλὰ
3599 4380 3694 4432 διὰ

2126 4485 2417 4553 μετάνοιαν
2459 4483 2559 4550 τὴν
2622 4480 2796 4550 ὀργὴν
2851 4478 3278 4549 ἀποκρούεσθαι,
3342 4473 3589 4541 καθάπερ
3641 4472 3690 4523 οί

2122 4573 2442 4628 Νινευῖταιο
2474 4570 2598 4625 οὒτε
2650 4570 2832 4639 ἀγαθὰ
2893 4566 3364 4635 ἐπαγγελλομένου
3421 4564 3694 4633 προσήκει

2123 4661 2474 4725 ἀναπίπτειν,
2520 4662 2615 4713 καὶ
2652 4660 2937 4732 ῥᾳθυμεῖν,
2993 4658 3128 4710 ἀλλὰ
3174 4656 3357 4708 πλεῖον
3406 4651 3697 4722 ἐπιμελεῖᾳ

2125 4753 2239 4823 βίον
2297 4752 2376 4816 είς
2405 4752 2566 4823 ἔργον
2621 4751 3012 4823 προκαλεῖσθαι
3038 4750 3135 4812 τὰς
3167 4745 3524 4814 ἐπαγγελίας.
3580 4743 3695 4795 Καὶ

2124 4844 2233 4916 γὰρ
2289 4844 2383 4897 καὶ
2439 4844 2529 4895 τὸν
2595 4842 2796 4895 Ἰούδαν
2825 4843 2853 4895 ό
2890 4838 3124 4908 Χριστὸς
3173 4834 3561 4905 ἐπηγγείλατο,
3608 4833 3696 4883 ὅτι

2123 4939 2392 4993 καοιεῖιιαι
2423 4939 2514 4991 ἐπὶ
2541 4937 2753 5007 Θρόνου,
2788 4935 2881 4986 καὶ
2911 4933 3074 4995 αὐτὸς
3106 4930 3244 5000 μετὰ
3293 4928 3403 4981 τῶν
3446 4925 3697 4996 ἁμώμων

2127 5030 2382 5101 μαθητῶν
2430 5030 2523 5083 καὶ
2550 5029 2725 5096 κρινεῖ
2758 5026 2853 5088 τὰς
2880 5024 3086 5078 δώδεκα
3114 5022 3285 5091 φυλὰς
3307 5019 3400 5074 τοῦ
3441 5016 3657 5087 Ἰσραήλ
3676 5031 3692 5048 ο

2123 5123 2235 5176 ἀλλ’
2260 5124 2416 5185 αὐτὸς
2447 5123 2800 5195 διεκρούσατο
2844 5122 2942 5191 τὴν
2969 5116 3297 5187 ἐπαγγελίαν
3347 5112 3570 5177 ἀνάξιον
3593 5112 3696 5165 αὐ·-

2126 5214 2224 5282 τῆς
2247 5214 2440 5266 ἑαυτὸν
2468 5212 2905 5285 παρασχόμενος.

444 5313 607 5370 Israel
641 5334 655 5370 :
690 5325 1060 5369 verumtamen
1092 5312 1507 5383 promissionem
1542 5306 1855 5379 hujusmodi
1925 5305 2135 5360 tandem
2205 5310 2422 5379 repulit,
2454 5318 2507 5365 et
2533 5324 2591 5365 se
2642 5324 2704 5364 ea
2756 5307 3036 5381 indignum
3077 5322 3197 5362 esse
3244 5303 3500 5359 omnibus
3565 5313 3695 5369 pro-

446 5411 613 5466 bavit.

520 5587 564 5620 ⁵³
589 5584 777 5640 Matth.
807 5596 878 5646 vt,
915 5580 1000 5636 5‘5.
1083 5582 1125 5609 ⁸⁷
1163 5580 1261 5634 lsa.
1292 5595 1433 5644 LXIV,
1462 5577 1526 5647 4;
1579 5575 1597 5629 l
1630 5576 1757 5631 Cor.
1791 5591 1847 5641 ll,
1884 5576 1934 5631 9.
