4032 6238
1675 203 1985 266 ΕΗΊῊΥΜ
2002 202 2057 259 ll
2098 204 2100 257 ἶ

2211 200 2459 259 ὶΑΒΕΝῐ
3668 184 3835 248 1312

2234 311 2341 365 Kal
2369 311 2476 361 τὸν
2504 310 2739 360 κόλπον
2758 305 2967 369 αὐτοῦ,
2998 306 3030 358 ό
3066 302 3138 356 τὰ
3190 302 3509 371 δράγματα
3548 300 3835 351 συλλέ-

2165 420 2306 474 γων.
2342 394 2540 457 Καὶλοῦ
2580 399 2740 453 πάλιν
2774 398 2874 450 οὐκ
2915 396 3204 464 ἐπλήρωσε
3237 394 3329 445 τὸν
3378 393 3639 445 κό).πον
3730 391 3831 439 αὑ-

2164 495 2281 558 τοῦ,
2335 495 2481 563 ἆπερ
2540 492 2783 560 γίνονται
2836 490 2928 541 ἐπὶ
2989 486 3085 538 τοῦ
3153 485 3366 555 ὡρὶμαυ
3406 486 3695 555 χόρτου,
3739 483 3836 531 καὶ

2168 588 2554 657 καρποφόρου.

2239 679 2349 732 Kal
2376 681 2485 732 οὐκ
2519 675 2691 732 εἷπον
2718 679 2773 730 οἱ
2799 675 3196 744 παράγοντες·
3244 670 3525 735 Εὐλώτία
3554 671 3628 720 Κ
3634 664 3840 731 ινριόυ

2166 770 2257 839 ἐφ’
2294 768 2472 838 ὑμᾶς.
2508 770 2617 821 Καὶ
2666 769 2752 837 ἐφ’
2784 763 2845 822 οὗ
2899 767 3093 837 χόρτου
3133 765 3235 817 οὐκ
3285 762 3667 829 εὐλόγησαν.
3753 756 3839 816 ὡς

2170 858 2293 922 ἔθος
2328 860 2453 920 τοὺς
2481 858 2828 928 θερίζοντας,
2892 858 2942 911 oi
2990 854 3410 927 παροδεύοντες.
3494 850 3837 915 Εὑλογξαν

2170 948 2225 1000 δὲ
2257 947 2409 1015 λέγει
2445 948 2545 1019 τὴν
2572 949 2756 1018 χάριν.

557 330 669 385 Nec
694 330 864 383 sinum
890 342 1062 390 suum,
1081 324 1169 391 qui
1205 320 1501 389 manipulos
1531 318 1752 387 co'ligit.
1782 316 1847 369 Et
1876 317 2054 370 sinum
2090 320 2132 369 Α

483 439 647 479 suum
682 436 788 475 non
824 418 1113 488 implevit,
1147 411 1609 483 quemadmodum
1659 410 1772 464 ﬁeri
1819 408 1959 464 solet
2006 408 2060 461 in

485 514 809 585 tempestiva
851 525 913 564 ac
939 516 1153 561 matura
1196 507 1388 560 herba.

562 689 725 744 Vens.
768 688 823 742 8.
863 686 927 741 Et
969 703 1071 739 non
1103 685 1350 738 dixerunt
1391 692 1808 752 pnetereuntes:
1846 681 2065 737 Benedi-

481 785 588 836 ctio
617 779 828 833 Domini
853 795 1010 847 super
1039 795 1152 833 eos.
1188 776 1251 831 Et
1279 793 1443 846 super
1474 792 1580 847 qua
1635 776 1803 830 herba
1827 777 2066 830 viatores

486 890 600 928 non
639 869 1040 925 heuedixeruut
1065 909 1080 933 ,
1116 878 1175 922 ut
1214 869 1459 922 benedici
1521 869 1661 923 solet
1715 868 2065 923 metentibus.

483 967 591 1020 Per
622 963 1062 1018 benedictionem
1095 977 1242 1024 vero,
1279 971 1337 1016 ιιι
1367 962 1630 1022 diximus.
1660 959 1906 1015 divinam
1943 975 2067 1030 gra-

482 1060 619 1110 tiam
661 1055 935 1123 intelligit.
1709 1124 1717 1131 ⁸

559 1147 934 1201 Benediximus
965 1147 1105 1202 vobis
1135 1148 1189 1201 in
1215 1148 1421 1201 nomine
1458 1146 1698 1200 Domini.
1746 1144 1858 1199 Ista
1903 1144 2067 1197 etiam

489 1239 653 1291 verba
688 1253 751 1291 ex
810 1238 1254 1306 praetereuntium
1297 1240 1570 1291 viatorum
1634 1249 1867 1304 persona
1922 1232 2069 1286 dicta

491 1337 640 1383 sunt.
669 1330 1038 1383 Benediximus
1077 1338 1258 1384 autem
1290 1330 1431 1383 vobis
1471 1329 1627 1391 dixit,
1684 1343 1781 1395 pro
1840 1326 2071 1380 Benedi-

493 1423 730 1474 etionem
771 1422 927 1474 vobis
977 1421 1183 1491 precati
1219 1436 1407 1476 sumus
1433 1460 1447 1481 ,
1488 1418 1554 1472 In
1585 1419 1793 1473 nomine
1819 1416 2029 1471 Domini
2057 1457 2071 1483 ,

498 1526 596 1577 pro
630 1510 942 1565 lnvocando
978 1511 1157 1579 ipsum
1194 1510 1514 1564 Dominum.

954 1599 1233 1653 Canticum
1279 1615 1616 1653 ascensuum.

2237 1131 2673 1200 Εὑλογήκαμεν
2731 1128 2887 1198 ὑμᾶς
2930 1129 3001 1182 ἐν
3059 1127 3307 1195 ὀνόματι
3364 1124 3643 1192 Κυρίου.
3707 1124 3837 1176 Καὶ

2170 1218 2323 1286 οὗτος
2386 1222 2495 1275 τῶν
2542 1220 2955 1291 παροδευόντων
3008 1219 3035 1269 ὁ
3079 1218 3260 1283 λόγος.
3324 1215 3837 1285 Εὑλογήκαίιεν

2171 1313 2250 1377 δὲ,
2280 1314 2401 1367 ἀντὶ
2439 1312 2534 1366 τοῦ
2566 1311 2834 1380 Εὑλογίαν
2863 1312 2995 1380 ὑμῖν
3030 1307 3342 1379 ηὐξάμεθα,
3387 1309 3451 1361 ὲν
3515 1307 3609 1375 τῷ
3682 1308 3831 1359 ὀνο-

2176 1408 2346 1476 μάσαι
2380 1407 2469 1461 τὸν
2502 1406 2728 1478 Κύριον,
2757 1406 2815 1458 ὲν
2843 1404 2922 1474 τῷ
2952 1401 3390 1457 ἐπικαλέσασθαι
3417 1400 3637 1455 αὐτόν.

2112 1642 2155 1695 Β
2757 1613 2903 1684 ’ῼδὴ
2932 1612 3167 1683 ὁμοίως.

986 1690 1307 1747 PSALMUS
1357 1690 1594 1746 CXXIX.

570 1778 734 1836 Vnus.
762 1779 811 1834 Ι.
836 1779 910 1833 De
931 1781 1208 1850 profundis
1236 1781 1461 1834 clamavi
1482 1780 1548 1835 ad
1571 1790 1638 1844 le,
1662 1779 1900 1835 Domine.
1925 1779 2082 1834 Hunc

500 1871 772 1937 psalmum
837 1871 1174 1940 conscripsit
1222 1869 1513 1939 Propheta,
1544 1871 1763 1924 modum
1826 1887 2081 1935 narrans,

498 1977 662 2030 quem
694 1964 811 2032 ipse
840 1965 1095 2018 servabat
1142 1962 1366 2032 quando
1400 1964 1452 2016 in
1501 1964 1895 2020 temationibus
1923 1973 2085 2034 atque

504 2055 557 2108 in
591 2055 997 2111 calamitatibus
1039 2059 1374 2111 constitutus
1419 2057 1485 2109 ad
1535 2055 1700 2110 Deum
1748 2058 1980 2121 orabat;
2033 2064 2087 2110 et

504 2147 662 2201 «ιουυι
703 2164 796 2202 eos
829 2149 1064 2217 pariter,
1103 2150 1197 2218 qui
1224 2166 1287 2203 ex
1322 2148 1647 2219 Babylonica
1686 2150 2001 2217 captivitate
2033 2150 2087 2203 in

506 2237 739 2305 patriam
779 2238 1055 2292 reversuri
1095 2246 1288 2305 erant,
1320 2254 1380 2292 se
1406 2238 1645 2303 imitari,
1691 2246 1745 2293 et
1776 2254 1998 2308 sperare
2035 2240 2087 2292 in

510 2331 739 2384 Domino
777 2349 790 2385 :
832 2329 909 2383 Ex
945 2330 1237 2400 profundo,
1296 2332 1474 2400 inquit
1509 2370 1523 2394 ,
1557 2330 1723 2385 corde
1744 2332 1973 2384 clamavi
2022 2331 2088 2385 ad

509 2431 584 2485 te,
624 2436 730 2475 non
766 2437 831 2475 ex
863 2423 1095 2477 smmuis
1138 2423 1317 2477 labiis.
1350 2423 1499 2476 Alter
1543 2423 1688 2476 enim
1742 2423 1949 2476 clamor
2005 2438 2093 2476 ar-

512 2514 876 2569 dentissimus
902 2526 1005 2578 est,
1034 2527 1088 2569 et
1119 2515 1256 2568 alter
1286 2514 1700 2582 frigidissimus.
1742 2514 1806 2567 Et
1852 2516 1941 2569 ille
1968 2516 2092 2584 qui-

512 2606 636 2658 dem
671 2603 883 2660 inferne
911 2604 1159 2658 inlensus
1194 2618 1258 2657 ex
1290 2603 1487 2657 intimo
1515 2603 1680 2657 corde
1709 2604 1957 2657 ascendit
1985 2644 1999 2667 ,
2039 2615 2095 2658 et

513 2712 637 2749 cum
686 2695 910 2762 labore;
938 2697 1030 2750 hic
1058 2710 1182 2750 vero
1215 2711 1451 2763 superne
1482 2695 1548 2748 ab
1579 2711 1674 2749 ore
1728 2702 1782 2749 et
1831 2696 2095 2749 remissus

512 2804 576 2843 ac
609 2789 847 2844 maxima
884 2804 1005 2845 cum
1037 2788 1435 2842 iaeititateJlle
1462 2788 1625 2841 etiam
1663 2796 1912 2842 orantem
1944 2802 2098 2856 pror-

512 2898 611 2938 sus
653 2882 823 2937 trabit
858 2883 924 2937 ad
958 2882 1154 2946 Deum,
1185 2882 1324 2936 alter
1354 2897 1484 2936 vero
1536 2882 1652 2936 sola
1690 2882 1841 2935 vocis
1893 2895 2095 2950 organa

2680 1709 2976 1761 ΨΑΛΜΟΣ
3026 1707 3203 1760 ΡΚΘ⁹.

2249 1799 2355 1877 ’Eu
2384 1800 2624 1864 βαθέων
2649 1799 2944 1869 ἐκέκραξά
2975 1814 3096 1861 σοι,
3134 1798 3332 1865 Κύριε.
3366 1795 3477 1850 Τὶν
3529 1797 3819 1865 παρόντα

2183 1893 2398 1963 ψαλμὸν
2434 1894 2674 1964 ἔγραψεν
2704 1896 2731 1947 ό
2756 1895 3069 1965 προφήτης,
3114 1891 3332 1959 διεξιὼν
3373 1891 3502 1959 μὲν,
3538 1892 3711 1953 ὅπως
3748 1892 3816 1941 ἐν

2187 1988 2514 2053 πειρασμοῖς
2549 1983 2921 2054 προσηύχετο,
2957 1985 3051 2036 καὶ
3080 1979 3168 2036 οἷα
3202 1982 3562 2052 προσηύχετο
3595 2001 3612 2013 ·
3664 2000 3815 2034 παι-

2187 2077 2333 2130 δεύει
2362 2077 2417 2129 δὲ
2448 2076 2698 2140 καὶτοὺς
2739 2078 2802 2129 ὲκ
2846 2077 3166 2136 Βαϐυλῶνος
3227 2074 3655 2136 ἐπανελθόντας
3706 2094 3807 2144 με-

2193 2169 2411 2236 μεῖσθαι
2433 2170 2593 2223 αὐτὸν
2628 2170 2686 2222 ἐν
2716 2172 2829 2231 τοῖς
2873 2168 3079 2239 ὁμοίοις
3102 2209 3115 2227 .
3155 2169 3251 2220 καὶ
3285 2168 3539 2231 ἐλπίζειν
3576 2170 3678 2221 ἐπὶ
3707 2169 3810 2218 τὸν

2193 2261 2422 2333 Κύριον.
2470 2263 2566 2316 Ἐκ
2596 2262 2816 2333 βάθους,
2855 2262 3011 2332 φησὶ,
3063 2260 3162 2330 τῆς
3219 2260 3446 2331 καρδέας
3501 2258 3807 2327 ὲκέγραξά

2195 2372 2299 2419 σοι,
2333 2355 2426 2407 καὶ
2448 2356 2548 2407 οὐκ
2575 2356 2631 2421 ἐξ
2667 2354 2857 2425 ἄκρων
2878 2354 3123 2425 χειλέων.
3159 2354 3232 2405 Τὸ
3265 2354 3363 2423 μὲν
3396 2353 3510 2421 γάρ
3577 2352 3804 2420 θερμο-

2193 2444 2362 2513 τάτης
2420 2444 2540 2497 ἐστὶ
2571 2444 2842 2514 κραυγῆς,
2908 2447 2969 2496 τὸ
3023 2444 3079 2496 δὲ
3128 2442 3505 2512 ψυχροτάτης.
3578 2444 3693 2493 Καὶ
3736 2441 3806 2492 τὸ

2199 2535 2318 2604 μὲν,
2353 2535 2598 2588 κάτωθεν
2638 2536 2872 2598 εὐτόνως
2905 2534 3021 2604 ἅμα
3046 2536 3144 2588 καὶ
3186 2535 3442 2602 ἐμπόνως
3466 2532 3736 2594 ἀνιοὺσης
3769 2571 3787 2590 .

2196 2628 2255 2678 τὸ
2295 2626 2350 2679 δὲ
2382 2628 2588 2680 ἄνωθεν
2617 2629 2823 2691 ἀτόνως
2847 2630 2939 2682 καὶ
2973 2628 3213 2689 ἀπόνως.
3244 2629 3358 2679 Καὶ
3396 2626 3460 2679 τὸ
3492 2627 3594 2692 μὲν
3658 2625 3802 2679 ὅλον

2197 2720 2287 2771 τὸν
2315 2720 2613 2790 εὐχόμενον
2649 2720 3085 2791 κατατεινούσης
3111 2735 3123 2748 ·
3151 2720 3210 2772 τὸ
3251 2719 3309 2772 δὲ
3361 2721 3501 2787 μόνα
3550 2720 3622 2770 τὰ
3684 2719 3801 2785 τῆς

2199 2810 2383 2881 φωνῆς
2436 2811 2646 2881 ὄργανα
2702 2811 3089 2879 συγκινούσης.
3156 2809 3425 2879 Κρανγὴν
3504 2810 3569 2862 δὲ
3636 2811 3799 2876 λέγει

2198 2903 2295 2972 τὴν
2329 2902 2574 2971 μεγάλην
2607 2901 2734 2973 βοὴν
2789 2904 2848 2955 οὐ
2877 2906 2945 2971 τῇ
2970 2903 3293 2971 σφοδρότητι
3317 2900 3411 2954 τοῦ
3443 2901 3798 2971 πνεύματος,

515 2986 845 3033 commovet.
878 2975 982 3030 Per
1021 2978 1318 3031 clamorem
1347 2976 1549 3045 igitur,
1598 2975 1853 3028 emissam
1905 2989 2088 3027 vocem

2211 2994 2342 3048 ἂλλὰν
2360 2998 2423 3066 τῇ
2461 2995 2711 3067 συντονίᾳ
2745 2998 2842 3067 τῆς
2882 2994 3198 3057 διαθέσεως.

520 3068 800 3137 intelligit,
839 3084 946 3135 non
974 3084 1096 3122 cum
1128 3068 1387 3122 exteriori
1426 3068 1525 3121 hac
1573 3068 1886 3135 sliirationis
1938 3070 2099 3120 vehe-

520 3160 746 3224 mentia,
779 3161 872 3214 sed
904 3175 1031 3213 cum
1066 3160 1312 3214 interiori
1346 3160 1574 3212 aﬂ‘ectus
1610 3157 1937 3211 intentione.

592 3248 760 3304 Vens.
795 3248 852 3303 2.
897 3249 1143 3313 Domine,
1182 3249 1377 3302 exaudi
1414 3264 1586 3302 vocem
1618 3264 1810 3303 meam.
1856 3247 1933 3301 Ex
1968 3262 2098 3318 pro-

524 3342 693 3396 fundo
720 3343 936 3397 scilicet
962 3344 1247 3397 emissam.

600 3435 762 3489 Fiant
790 3452 949 3490 aures
982 3446 1088 3491 tua:
1120 3435 1441 3490 intendentes
1475 3437 1526 3489 in
1557 3452 1731 3489 vocem
1777 3434 2102 3505 deprecatio-

528 3528 611 3582 nis
642 3544 789 3583 mete.
820 3557 892 3570 —
933 3529 1133 3591 Aures,
1171 3527 1341 3591 dixit,
1382 3543 1479 3597 pro
1524 3528 1787 3581 Audiendi
1844 3530 2100 3598 potentia.

526 3619 775 3686 intende,
819 3620 1021 3689 inquit,
1052 3618 1117 3673 ad
1150 3634 1339 3687 preces
1380 3634 1530 3674 meas
1552 3659 1566 3683 ,
1601 3619 1767 3673 veluti
1807 3619 2127 3673 rationabir

529 3712 607 3765 les
668 3720 723 3764 et
779 3712 1036 3766 decenter
1081 3711 1362 3777 iactus,“
1410 3709 1796 3765 ardentissimo
1847 3710 2105 3764 nimirum

529 3810 695 3870 atque
731 3801 1103 3856 intentissima
1130 3800 1317 3855 corde.

604 3890 769 3947 Vsus.
797 3892 850 3947 3.
886 3891 947 3946 Si
978 3892 1284 3960 iniquitates
1320 3891 1695 3957 ooservaveris,
1723 3889 1965 3951 Domine,
1998 3890 2108 3945 Do-

537 3985 696 4048 mine,
729 3986 846 4054 quis
874 3985 1147 4039 sustinebit
1174 3985 1198 4038 ?
1239 3985 1295 4039 Si
1330 3984 1711 4053 exquisiveris,
1743 3991 1795 4037 et
1825 3984 2111 4053 diligenter

537 4078 873 4147 investigare
914 4078 1156 4133 volueris
1188 4078 1386 4132 delicta
1427 4078 1609 4130 omnia
1632 4116 1646 4139 ,
1681 4077 1804 4147 quis
1830 4118 1843 4141 ,
1878 4093 2067 4146 quieso
2094 4118 2109 4142 ,

535 4168 946 4239 inquisitionem
980 4170 1297 4240 buju'smoili
1344 4180 1492 4224 tuam
1548 4170 1821 4224 sustinere
1874 4169 2110 4239 poterit?

542 4261 637 4316 Vel
669 4281 684 4317 :
714 4262 978 4329 Quisnam
1013 4263 1220 4317 inultus
1264 4263 1656 4332 relinquetur?
1699 4263 1857 4317 Certe
1906 4264 2108 4318 nullus.

545 4355 677 4420 Quis
708 4356 873 4417 enim,
923 4356 1123 4424 inquit,
1177 4355 1495 4424 gloriabitur
1540 4353 1793 4406 mundum
1833 4370 1887 4407 se
1925 4355 2113 4409 habere

459 4466 480 4474 -
540 4464 630 4502 cor
650 4449 674 4501 ?
698 4448 774 4501 vel
801 4448 916 4516 quis
954 4464 1069 4501 vere
1096 4448 1268 4500 dicere
1316 4449 1505 4513 poterit
1536 4463 1589 4499 se
1646 4447 1896 4500 mundum
1942 4464 2050 4500 esse
2082 4466 2113 4501 a

544 4550 757 4607 peccato
796 4542 881 4595 "‘?
914 4540 1140 4604 Omnes,
1174 4542 1351 4610 inquit
1390 4540 1613 4602 Paulus,
1663 4553 2001 4608 peccaverunt
2046 4544 2114 4598 ".

544 4630 608 4682 Ει
641 4647 834 4686 rursus
878 4633 943 4685 de
999 4632 1182 4699 seipso
1214 4648 1228 4685 :
1261 4630 1415 4685 Nihil
1446 4632 1572 4684 milii
1594 4636 1831 4687 conscius
1870 4650 2006 4697 sum,
2027 4635 2118 4689 sed

543 4739 645 4777 non
674 4726 726 4777 in
754 4724 850 4778 hac
871 4726 1202 4794 fustiﬁcatus
1228 4742 1342 4778 sum
1375 4725 1442 4779 ⁵⁸.
1471 4723 1601 4777 Illud
1628 4734 1805 4779 autem
1831 4744 1844 4780 :
1878 4726 2116 4796 Domine,

548 4817 785 4881 Domine,
823 4818 1143 4873 admirantis
1177 4819 1232 4873 in
1262 4817 1480 4871 modum
1525 4815 1733 4871 dictum
1788 4825 1869 4871 est

545 4912 828 4980 gnitatem.

626 5007 790 5064 Vens.
823 5009 875 5063 ι.
909 5007 1051 5074 Quia
1092 5005 1233 5074 apud
1272 5014 1318 5058 te
1346 5004 1649 5072 propitiatio
1674 5013 1772 5058 est.
1825 5002 1960 5057 Vere
1986 5045 1999 5066 ,
2035 5005 2121 5057 in-

549 5104 688 5171 quit,
722 5101 864 5171 apud
900 5110 953 5155 te
980 5115 1107 5154 vera
1155 5099 1242 5152 illa
1269 5106 1347 5152 est
1382 5095 1701 5167 propitiatio
1727 5102 1780 5149 et
1813 5095 2125 5149 misericor-

550 5197 638 5251 dia
684 5199 991 5265 :quoniam
1021 5236 1036 5260 ,
1096 5192 1369 5264 parcendo
1412 5207 1477 5245 ac
1530 5186 1858 5244 remittendo
1911 5202 2127 5254 semper

554 5289 821 5358 exquiris.

628 5383 854 5448 Propter
883 5395 1066 5433 nomen
1114 5388 1258 5432 tuum
1301 5376 1532 5431 sustinui
1586 5387 1666 5439 te,
1730 5373 1967 5427 Domine.
2008 5370 2127 5426 Non

556 5472 630 5534 ob
667 5487 785 5527 mea
816 5471 1077 5527 virtutum
1123 5488 1287 5541 opera
1316 5513 1331 5533 ,
1366 5472 1692 5525 salvatorem
1726 5478 1777 5521 te
1808 5467 1937 5519 mihi
1973 5464 2130 5518 adfu-

2146 4315 2186 4368 ι)
2217 4272 2371 4341 φησὶ,
2397 4271 2766 4340 καυχήσεται
2790 4269 2986 4339 ἁγνὴν
3024 4272 3193 4338 ἔχειν
3238 4268 3532 4335 καρδίαν;

2273 3261 2470 3329 Κύριε,
2502 3261 2876 3317 εισὰκουσον
2899 3259 3009 3330 τῆς
3040 3259 3247 3330 φωνῆς
3279 3275 3419 3328 μου.
3464 3254 3563 3313 Ἐκ
3594 3254 3801 3325 βάθους

2204 3352 2686 3423 ἀναπεμφθείσης.

2275 3445 2597 3513 Γενηθήτω
2651 3445 2723 3499 τὰ
2763 3441 2884 3500 ὦτά
2927 3460 3053 3499 σου
3111 3441 3494 3511 προσέχοντα
3547 3440 3642 3504 εις
3675 3437 3801 3505 τὴν

2204 3538 2416 3609 φωνὴν
2444 3539 2554 3606 τῆς
2586 3537 2850 3604 δειῆσεὼς
2887 3555 3028 3606 μου.
3075 3534 3139 3588 Ἥ
3198 3534 3502 3605 ἀκουστική
3554 3549 3659 3584 σου
3700 3529 3798 3582 δύο

2206 3649 2368 3701 ναμις
2399 3630 2739 3701 προσέχουσα
2768 3631 2847 3692 εἰς
2876 3627 3098 3697 ταύτην,
3135 3625 3210 3689 ὠς
3274 3624 3515 3692 εὔλογον,
3565 3621 3796 3693 θερμῶς

2207 3724 2304 3776 καὶ
2331 3722 2585 3786 εὐτόνως.

2282 3901 2425 3956 Ἐὰν
2457 3901 2712 3969 ἀνομίας
2737 3900 3195 3968 παρατηρὴσῃς,
3228 3898 3430 3965 Κύριε,
3456 3898 3657 3963 Κύριε,
3704 3896 3801 3959 τίς

2210 3994 2658 4061 ὑποστήσεται;
2688 3994 2814 4046 Ἐάν
2858 3993 3089 4062 ἀνομίας
3130 3993 3312 4051 πάσας
3359 3988 3625 4057 ἑξετάσῃς
3699 3989 3802 4039 καὶ

2212 4086 2456 4158 ἀκριϐῶς
2481 4089 2803 4158 ἐρευνήσῃς,
2840 4086 2924 4149 τίς
2959 4087 3226 4153 ὑπομενεῖ
3252 4082 3351 4153 τὴν
3378 4083 3631 4147 ἐξέτασιν
3662 4081 3803 4131 ταί·-

2213 4195 2346 4249 την;
2378 4179 2443 4232 Ἢ
2461 4182 2542 4243 τίς
2576 4179 3030 4250 ὑπολειφθήσεται
3052 4197 3066 4243 ;
3091 4175 3504 4240 Ὀντωςούδεὶς.
3540 4175 3637 4238 Τίς
3662 4173 3801 4241 γάρ,

3608 4265 3647 4331 ἢ
3704 4266 3804 4328 τίς

2216 4364 2691 4432 παῤῥησιάσεται
2717 4364 2974 4430 καθαρὸς
3002 4359 3153 4416 εἶναι
3176 4362 3293 4415 ἀπὸ
3325 4360 3647 4427 ἀμαρτιάς;
3678 4355 3803 4417 καὶ,

2219 4456 2447 4521 Πάντες
2472 4454 2758 4523 ἥμαρτον,
2791 4456 2958 4523 φησὶν
2984 4455 3010 4507 ὁ
3046 4453 3281 4515 Παῦλος.
3343 4452 3449 4503 Καὶ
3477 4447 3636 4507 αὖθις
3668 4448 3807 4514 περὶ

2219 4549 2435 4602 ἑαυτοῦ·
2469 4548 2659 4601 Οὐδὲν
2685 4547 2920 4617 ἐμαυτῷ
2950 4546 3225 4604 σύνοιδα,
3256 4543 3395 4599 ἀλλ’
3418 4546 3527 4596 οὐκ
3571 4541 3643 4594 ἐν
3666 4540 3807 4592 ι’οὐ⁶

2220 4657 2299 4705 τῳ
2327 4639 2725 4709 δεδικαίωμαι.
2758 4640 2830 4692 Τὸ
2859 4640 2939 4701 δὲ,
2970 4641 3164 4706 Κύριε,
3190 4640 3385 4705 Κύριε,
3425 4633 3805 4702 θαυμάζοντός

2221 4733 2336 4785 ἐστι
2364 4733 2461 4802 τὴν
2488 4733 2690 4803 πολλὴν
2721 4732 3159 4802 φιλανθρωπίαν,
3191 4732 3286 4782 καὶ
3316 4730 3654 4796 άγαθότητα.

1914 4818 2291 4877 :admirantis
2357 4825 2478 4879 dico
2541 4841 2809 4880 summam
2875 4825 2965 4878 Dei
3037 4822 3465 4878 misericordiam
3538 4827 3592 4873 et
3649 4818 3807 4873 beni-

2283 5008 2410 5059 ’Ότι
2443 4966 2603 5075 πιναρὰ
2630 5005 2729 5058 σοὶ
2778 5008 2811 5059 ό
2837 5005 3095 5071 ἱλασμός
3146 5003 3341 5057 ἐστιν.
3398 5003 3604 5064 Ὄντως
3650 5002 3803 5070 παρὰ

2225 5098 2307 5150 σοί
2363 5100 2510 5149 ἐστιν
2555 5099 2583 5150 ό
2638 5096 2841 5165 Κύριος
2891 5096 3140 5164 ἱλασμός,
3173 5096 3201 5148 ὁ
3253 5095 3463 5165 ἀληθὴς
3513 5096 3682 5156 ἔλεος·
3720 5094 3801 5146 διδ

2229 5191 2368 5259 μετὰ
2403 5190 2619 5259 φειδοῦς
2650 5188 2948 5254 ἐξετάζεις.

2296 5372 2544 5425 Ἕνεκεν
2566 5370 2668 5424 τοῦ
2701 5369 2985 5438 ὀνόματός
3012 5384 3128 5423 σου
3162 5366 3454 5436 ὑπέμεινα
3482 5382 3577 5427 σε,
3601 5368 3797 5434 Κύριε.

2224 5466 2295 5518 Οὐ
2323 5465 2409 5519 διὰ
2438 5464 2497 5517 τὸ
2537 5463 2941 5534 κατορθώματά
3002 5478 3106 5531 μου
3159 5459 3540 5531 προτεδόκησά
3576 5476 3635 5511 σε
3691 5475 3797 5511 σω-

667 5657 718 5691 “
746 5652 902 5711 ενι-ον.
938 5670 1027 5717 ιτ,
1059 5654 1109 5706 9.
1188 5653 1233 5685 ⁸⁸
1268 5652 1422 5707 Rom.
1480 5668 1557 5713 tu,
1606 5654 1693 5708 33.
1774 5652 1819 5684 "
1858 5652 1870 5705 1
1907 5649 2030 5705 Cor.
2067 5664 2135 5702 tv.
2174 5657 2219 5699 δ.

1476 5784 1501 5791 -ο
