4102 6206
303 292 442 354 ῐ213

1437 294 1826 357 COMMENT.
1863 294 1938 353 IN
1976 293 2216 354 PSALM
2226 292 2337 352 ΟΒ.

3402 291 3538 357 1214

293 407 437 476 τῆρα
464 422 476 436 ’
510 405 832 476 ἁμαρτωλος
859 405 966 475 γάρ
997 407 1110 474 εἰμι
1153 407 1245 460 καὶ
1273 407 1456 470 αὐτὸς,
1491 409 1568 470 ὡς
1599 409 1813 479 εἴρηται
1851 427 1864 441 ο

1999 421 2156 458 ιιι·ιιηι
2185 403 2398 474 speravi
2423 421 2435 456 :
2464 411 2720 474 peccator
2761 401 2962 457 etenim
3016 403 3132 473 ipse
3177 402 3342 458 etiam
3392 419 3559 458 sum.

295 497 432 551 ἀλλὰ
467 497 555 550 διὰ
605 497 667 549 τ).
694 497 867 567 ὄνομά
901 515 1016 562 σου,
1074 499 1159 551 ἴνα
1216 500 1290 570 μὴ
1347 499 1676 570 ὲξουδενωθῇ
1721 502 1874 570 παρὰ

294 589 406 642 τῶν
439 589 734 658 πολεμίων,
778 590 854 652 ὡς
907 591 982 661 μὴ
1037 591 1338 659 δυναμένου
1396 609 1490 645 σου
1544 591 1740 656 σώζειν
1785 592 1876 644 τὶν

298 681 428 732 λαόν
469 699 585 735 σου.
618 671 780 751 Λέγει
804 683 912 752 γὰρ
947 684 1040 736 καὶ
1066 683 1153 736 διὰ
1181 684 1276 736 τοῦ
1318 683 1581 754 Ἰεζεκιήλ
1614 700 1629 714 ο
1677 686 1760 738 Οὐ
1799 683 1875 737 δι’

294 769 452 838 ὑμᾶς
496 774 611 842 ἐγὼ
661 774 828 837 ποιῶ,
853 776 1014 828 ἀλλὰ
1037 774 1136 828 διὰ
1167 775 1234 829 τὸ
1264 773 1452 844 ὄνομά
1470 793 1610 845 μου,
1652 776 1752 830 ἵνα
1794 775 1876 845 μὴ

293 866 614 936 ,ϐεϐηλωθῆ
644 869 714 921 ἐν
741 867 865 934 τοῖς
895 869 1159 922 ἔθνεσιν.

383 1137 724 1206 Ὺπέμεινεν
757 1138 796 1206 ἡ
831 1137 1000 1210 ψυχή
1035 1157 1156 1209 μου
1206 1142 1293 1205 εις
1332 1141 1438 1193 τὸν
1489 1142 1678 1208 λόγον
1736 1157 1874 1196 σου.

303 1227 737 1297 Προσεδόκησεν,
769 1228 998 1298 ἦλπιαεν
1037 1230 1117 1290 είς
1141 1227 1238 1300 τὴν
1270 1231 1606 1297 ἐπαγγελίαν
1633 1248 1748 1287 σύ.
1777 1231 1879 1300 τὴν

303 1316 440 1384 πρδς
478 1315 604 1377 τοὺς
633 1315 1004 1385 πατριάρχας,
1039 1318 1140 1384 τὴν
1212 1318 1348 1388 πρὸς
1395 1321 1519 1383 τοὺς
1576 1321 1880 1390 προγόνους

301 1407 481 1476 ἡμῶν,
518 1407 600 1460 ὅτι
634 1407 1125 1478 κληρονομήσομεν
1171 1410 1272 1479 τὴν
1316 1410 1422 1479 γῆν
1471 1412 1569 1480 τῆς
1635 1413 1880 1479 ἐπαγγε-

301 1500 424 1562 λίας
459 1514 472 1527 °
513 1499 608 1552 καὶ
639 1497 723 1552 ὅτι
748 1499 842 1552 ἐὰν
877 1499 1294 1569 εἱσακούσωμέν
1331 1519 1447 1564 σου,
1475 1501 1541 1554 τὰ
1569 1503 1751 1569 ἀγαθὰ
1781 1503 1880 1570 τῆς

300 1591 408 1660 γῆς
438 1592 728 1660 φαγόμεθα
757 1608 771 1623 ⁶
810 1593 964 1663 ἦκαὶ
1004 1594 1102 1660 τὴν
1151 1594 1446 1662 ῦπόαχετιν
1498 1594 1594 1663 τὴν
1642 1596 1727 1650 ὅτι
1775 1596 1882 1648 σώ-

303 1703 420 1749 σεις
447 1686 572 1750 τοὺς
603 1687 1037 1758 εὐαρεστοῦντας
1081 1705 1186 1752 σοι,
1237 1691 1330 1741 καὶ
1371 1691 1497 1753 τοὺς
1549 1691 1872 1758 μετανοοῦν-

303 1794 423 1842 τας.

377 1873 678 1926 Ἦλπισεν
702 1871 740 1938 ἡ
761 1871 933 1942 ψυχή
953 1889 1074 1938 μου
1104 1871 1200 1925 ἐπὶ
1229 1873 1337 1926 τὸν
1369 1873 1605 1940 Κύριον.
1648 1874 1742 1937 El;
1792 1873 1883 1926 τὶν

306 1964 516 2034 Κύριον
550 1963 732 2033 μόνον,
761 1965 861 2016 οὐκ
883 1967 962 2026 εἰς
991 1963 1118 2016 ἄλλο
1144 1981 1195 2016 τι
1232 1964 1340 2016 τῶν
1374 1965 1654 2018 ἁπάντων.

378 2055 516 2110 Ἀπὸ
552 2054 836 2125 φυλακῆς
868 2057 1093 2123 πρωΐας
1119 2057 1294 2125 μέχρι
1326 2058 1566 2121 νυκτὸς,
1615 2056 1732 2110 ἀπὸ
1769 2073 1882 2125 φυ-

303 2147 502 2215 λακῆς
531 2148 753 2215 aptatae;
781 2147 1090 2200 ἑλπισάτω
1115 2147 1362 2215 Ἰσραὴλ
1381 2147 1476 2200 ἐπὶ
1509 2151 1614 2198 τᾶν
1642 2148 1882 2212 Κύριον.

307 2241 412 2292 T‘iv
434 2239 596 2308 μόνον
620 2238 922 2306 δυνάμενον
958 2238 1184 2308 ῥύεσθαι
1232 2239 1327 2291 καὶ
1354 2238 1570 2303 σώζειν.
1629 2239 1884 2301 Φυλακὰς

306 2332 364 2385 δὲ
391 2332 458 2384 τὰ
495 2331 638 2401 μέρη
665 2331 762 2398 τῆς
791 2331 985 2392 νυκτὸς
1014 2331 1242 2384 ἐκάλουν
1269 2332 1316 2382 οἱ
1343 2331 1562 2383 παλαιοί
1593 2347 1606 2360 ο
1658 2334 1737 2393 εἰς
1763 2331 1884 2382 τέα-

308 2439 456 2494 σαρα
484 2422 590 2492 γὰρ
614 2421 820 2492 ταύτην
871 2421 1209 2493 διαιροῦντες
1261 2424 1309 2474 οἱ
1346 2423 1758 2491 νυκτοφύλακες
1825 2425 1884 2475 ὲν

306 2517 423 2576 τοῖς
461 2513 869 2583 στρατοπέδοις.
922 2514 984 2565 τὸ
1036 2515 1469 2583 τεταρτημόριον
1520 2515 1714 2584 αὐτῆς,
1763 2514 1882 2584 ἦτοι

306 2604 403 2677 τὴν
436 2606 658 2676 ὄρθριον
712 2604 981 2674 φυλακὴν,
1027 2607 1244 2673 πρωῖας
1283 2605 1589 2672 ὠνόμαζον,
1650 2605 1726 2666 ὼς
1785 2604 1883 2672 τὴν

309 2698 524 2765 πρωῖιν
570 2695 670 2768 ἤδη
714 2694 1242 2763 μηνῦον,11αρῑτινεῖ
1301 2693 1480 2746 τοίνυν
1534 2696 1561 2746 ὁ
1593 2694 1880 2763 προφήτης

310 2787 488 2839 πάντα
547 2786 761 2855 Ἰσραὴλ
835 2785 1080 2848 ἐλπίζειν
1163 2786 1255 2838 ἐπὶ
1311 2784 1403 2837 τὸν
1463 2785 1666 2853 Κύριον
1724 2785 1883 2850 μόνον

310 2881 442 2948 πιρ*
481 2879 610 2946 ὅλην
644 2879 791 2948 ζωήν
817 2895 831 2908 ο
865 2879 952 2930 διὰ
983 2878 1092 2946 γὰρ
1122 2878 1214 2928 τοῦ
1247 2877 1642 2947 ἡμερονυκτίου
1704 2878 1884 2929 πᾶσαν

309 2972 409 3034 τὴν
458 2971 604 3035 ζωὴν
656 2969 1022 3034 ὑπεδήλωσεν,
1085 2969 1394 3038 ἀρξάμενος
1455 2969 1564 3022 ἀπὸ
1633 2968 1884 3036 φυλακῆς

1982 508 2040 552 ιιι
2075 497 2280 551 dictum
2309 507 2412 560 est;
2453 497 2544 549 sed
2579 496 2628 549 id
2670 495 2915 548 futurum
2950 495 3163 562 speravi
3199 506 3418 565 propter
3449 511 3556 549 n0-

1978 605 2102 643 nien
2177 598 2328 643 tuum
2367 629 2382 651 ,
2447 603 2516 641 ne
2574 588 2783 643 scilicet
2837 594 3283 642 contemneretur
3357 600 3556 639 nomen

1981 692 2132 734 tuum
2195 681 2263 732 ab
2316 679 2598 744 inimicis,
2669 679 2827 748 quasi
2901 678 2991 745 qui
3074 678 3332 746 populum
3399 683 3552 728 tuum

1978 785 2009 823 a
2065 760 2465 825 calamitatibus
2519 770 2734 840 eripere
2802 784 2866 824 ac
2925 769 3141 823 Salvare
3188 763 3309 820 non'
3344 783 3556 836 p'SScs.

1982 861 2137 917 Unde
2191 863 2395 918 dixisse
2449 862 2618 916 Deum
2673 863 2906 930 legimus
2975 862 3114 930 apud
3169 859 3554 914 Ezccliielem:

1983 949 2104 1004 Non
2153 963 2366 1021 propter
2402 971 2490 1007 ros
2541 955 2652 1008 Iia'c
2705 955 2886 1022 facio,
2929 954 3035 1012 sed,
3088 962 3303 1020 propter
3377 967 3563 1004 nomen

1980 1059 2171 1102 meum.
2201 1061 2262 1098 ne
2287 1045 2610 1114 despiciatur
2637 1047 2688 1097 in
2727 1048 2969 1114 gentibus
3001 1046 3068 1100 ⁵⁷.

2051 1135 2314 1190 Sustinuit
2343 1140 2519 1191 anima
2549 1155 2662 1192 mea
2695 1140 2750 1190 in
2779 1138 2929 1192 verba
2966 1139 3102 1205 eius.
3131 1141 3450 1210 Exspectavi
3505 1149 3560 1196 et

1981 1231 2190 1298 speravi
2234 1229 2285 1282 in
2313 1231 2492 1282 divina
2525 1231 2612 1284 illa
2651 1231 3034 1300 promissione,
3073 1249 3194 1302 quze
3226 1235 3290 1286 ad
3326 1235 3563 1302 patriar-

1980 1322 2117 1375 clias
2150 1328 2205 1376 et
2235 1323 2614 1391 progenitores
2647 1331 2866 1378 nostros
2902 1323 3048 1377 facta
3089 1335 3173 1380 est
3197 1365 3211 1388 ,
3260 1327 3404 1395 quod
3453 1327 3564 1378 sci-

1982 1409 2113 1465 licet
2141 1410 2528 1480 promissionis
2562 1419 2762 1464 terram
2799 1413 3249 1469 haereditabimus
3286 1432 3298 1469 :
3333 1424 3387 1470 et
3419 1413 3564 1483 quod

1982 1502 2028 1556 si
2065 1501 2436 1557 andiverimus
2484 1510 2579 1565 te,
2629 1502 2768 1557 bona
2820 1513 2980 1559 terra:
3030 1505 3402 1560 comedemus.
3467 1505 3564 1559 Vel

1983 1594 2146 1646 etiam
2179 1593 2598 1662 promissionem
2633 1593 2802 1656 illam,
2837 1596 2979 1660 quod
3020 1605 3075 1648 tu
3115 1611 3211 1649 eos
3239 1611 3430 1650 omnes
3455 1599 3566 1651 sal-

1984 1684 2160 1746 vabis,
2193 1684 2283 1752 qui
2319 1683 2533 1752 placere
2565 1683 2658 1736 tibi
2717 1684 3053 1749 stmluerint,
3117 1695 3279 1753 atque
3322 1702 3418 1742 eos
3471 1688 3568 1755 qui

1998 1777 2366 1845 pmniteutiam
2399 1778 2607 1840 egerint
2642 1786 3016 1844 peccatorum.

2076 1866 2237 1922 Vens.
2275 1867 2324 1920 5.
2361 1867 2604 1935 Sperarit
2649 1869 2827 1920 animo
2863 1883 2975 1920 mea
3004 1869 3058 1920 in
3091 1868 3333 1924 Domino.
3371 1869 3426 1923 In
3452 1871 3569 1924 solo

1991 1963 2200 2019 scilicet
2234 1961 2364 2022 Deo.
2397 1973 2450 2014 et
2478 1963 2621 2014 nulla
2656 1962 2759 2013 alia
2803 1961 2855 2014 in
2889 1977 2967 2014 re.

2065 2055 2230 2108 Vens.
2263 2053 2314 2109 6.
2359 2057 2396 2107 Α
2423 2052 2665 2106 custodia
2699 2054 2962 2105 matutina
2985 2069 3152 2122 usque
3175 2053 3244 2105 ad
3270 2063 3496 2110 noctem.
3537 2070 3568 2106 α

1936 2218 1942 2222 _
1991 2147 2231 2201 custodia
2252 2147 2519 2199 matutina
2548 2154 2716 2211 speret
2750 2143 2925 2198 Israel
2971 2145 3023 2198 in
3103 2143 3349 2198 Domino.
3397 2145 3454 2198 lu
3507 2160 3572 2198 co

1991 2239 2280 2303 nimirum,
2313 2239 2404 2306 qui
2439 2255 2468 2290 a
2502 2236 2764 2305 periculis
2795 2238 2951 2291 solus
2981 2236 3192 2304 eripere
3216 2250 3338 2289 eum
3367 2245 3568 2305 potest,

1991 2343 2044 2387 et
2077 2332 2305 2386 salvare.
2345 2329 2642 2384 Custodias
2684 2338 2862 2383 autem
2919 2329 3130 2398 antiqui
3181 2337 3361 2383 certas
3395 2328 3571 2380 noctis

1991 2431 2174 2492 partes
2207 2421 2573 2490 appellabant,
2611 2435 2675 2474 eo
2711 2420 2855 2489 quod
2890 2420 3090 2473 milites
3137 2420 3189 2472 in
3235 2419 3568 2472 exercitibus

1992 2522 2210 2568 noctem
2240 2512 2294 2565 in
2336 2519 2576 2580 quatuor
2609 2511 2788 2565 solent
2820 2519 3008 2578 paztes
3051 2510 3296 2563 dividere
3325 2549 3340 2571 ,
3373 2509 3571 2577 quibus

1992 2603 2301 2657 alternatim
2345 2601 2635 2670 vigilantes
2664 2601 2929 2669 reliquum
2981 2602 3282 2655 exercitum
3349 2601 3417 2653 ab
3473 2601 3572 2652 bo-

1991 2696 2156 2750 stiuni
2203 2694 2418 2747 insidiis
2467 2693 2808 2748 custodiunt.
2863 2694 3127 2758 Quartam
3185 2693 3352 2759 igitur
3399 2692 3573 2744 noctis

1990 2786 2252 2853 vigiliam,
2282 2784 2604 2836 matutinam
2643 2781 2955 2835 custodiam
2993 2780 3369 2849 appellabant,
3404 2777 3570 2830 relrtl

1993 2892 2114 2946 qum
2141 2889 2304 2930 mane
2333 2875 2510 2943 ipsum
2536 2873 2768 2942 .jamjam
2831 2871 3022 2925 adfore
3071 2872 3426 2939 signiﬁcaret.
3464 2869 3576 2920 Ad-

1997 2979 2181 3022 monet
2216 2967 2382 3035 igitur
2410 2964 2685 3028 Propheta
2720 2963 3040 3014 universum
3079 2961 3334 3030 populum
3367 2959 3526 3012 Israel
3553 2997 3568 3014 .

312 3062 553 3132 πρωῖας,
584 3061 677 3114 καὶ
728 3060 891 3131 μέχρι
927 3061 1121 3123 νυκτὸς
1155 3061 1346 3114 ἐλθών.
1399 3057 1527 3114 Εἶτα
1589 3062 1752 3114 πάλιν
1806 3064 1884 3126 εις

1997 3069 2052 3112 ιιι
2079 3065 2192 3111 ιοιο
2223 3061 2346 3108 vitze
2376 3062 2645 3123 tempore,
2674 3053 2727 3106 in
2764 3051 2881 3106 solo
2912 3052 3142 3104 Domino
3201 3065 3353 3120 spem
3412 3063 3568 3103 suam

309 3154 412 3225 τὴν
439 3153 688 3221 φυλακὴν
718 3153 814 3220 τῆς
855 3153 1069 3221 πρωῖας
1093 3155 1458 3223 καταντήσας,
1494 3153 1592 3223 τὴν
1617 3153 1887 3222 κυκλοφο-

315 3244 473 3314 ρικὴν
508 3243 819 3310 ἐμιμήσατο
861 3239 954 3294 τοῦ
1003 3243 1402 3310 ἡμερονυκτίου
1455 3243 1725 3314 περίοδον,
1786 3243 1895 3296 ἀπὸ

312 3331 526 3400 πρωῖας
566 3333 646 3393 εἰς
691 3331 900 3400 πρωῒαν
933 3333 1398 3404 ἐπανερχομὲνην.

1991 3151 2241 3205 collocet.
2286 3149 2386 3203 Per
2421 3148 2564 3202 diem
2589 3149 2734 3201 enim
2759 3157 2814 3201 ct
2840 3159 3078 3209 noctem,
3102 3162 3317 3202 omnem
3345 3158 3577 3216 prorsus

1995 3243 2162 3296 vitam
2193 3242 2544 3312 signiﬁcavit.
2576 3239 2708 3293 Nam
2761 3240 2851 3307 qui
2903 3240 3167 3309 inceperit
3220 3255 3250 3292 a
3299 3239 3570 3292 matutina

1997 3333 2248 3388 custodia
2275 3342 2331 3388 et
2360 3333 2670 3402 pervenerit
2701 3331 2766 3384 ad
2805 3340 3022 3385 noctein
3050 3368 3066 3390 .
3122 3339 3177 3383 ct
3228 3345 3446 3382 rursum
3502 3330 3567 3380 ad

314 3426 637 3480 matutiuam
667 3424 888 3478 redierit
919 3426 1248 3486 custodiam.
1281 3427 1366 3480 bic
1399 3427 1723 3480 circularem
1760 3426 1868 3482 diei
1912 3435 1968 3480 et
1997 3426 2176 3480 noctis
2201 3426 2467 3480 ambitum
2494 3433 2754 3494 peraget;
2779 3437 2807 3475 a
2835 3438 2992 3478 mane
3045 3423 3248 3477 ctenim
3303 3415 3578 3491 incipiens

315 3517 513 3573 redibit
543 3517 608 3570 ad
637 3532 816 3574 mane.
1475 3585 1479 3590 ⁴

389 3611 519 3663 Ὀτι
543 3611 700 3678 παρὰ
732 3609 809 3674 τῷ
839 3611 1034 3680 Κυρίῳ
1066 3611 1132 3664 τὸ
1165 3611 1356 3677 ἔλεος.
1376 3613 1449 3664 Τὸ
1477 3611 1692 3682 ἀληθῶς
1718 3611 1886 3673 ἕλεος,

316 3702 378 3755 τὸ
405 3701 648 3772 ταχινὸν,
702 3703 798 3756 καὶ
835 3704 1058 3774 ἰσχυρὸν
1088 3703 1182 3756 καὶ
1214 3703 1578 3767 ἀδιάπτωτον,
1632 3706 1715 3766 είς
1763 3703 1890 3766 τοὺς

319 3795 501 3858 ἀξίους
537 3793 724 3847 αὐτοῦ.

391 3884 502 3939 Καὶ
557 3885 760 3949 πολλὴ
813 3884 949 3952 παρ’
991 3883 1154 3948 αὐτῷ
1205 3885 1525 3954 λύτρωσις.
1578 3885 1736 3955 Πγγγὴ
1784 3885 1894 3954 γὰρ

319 3978 452 4047 παρ’
484 3975 632 4045 αὑτῷ
653 3975 996 4046 λυτρὼσεως,
1023 3975 1264 4041 πέλαγος
1287 3975 1584 4046 σωτηρίας.

373 4057 502 4123 ’Kal
548 4069 732 4134 αὐτὸς
779 4067 1151 4136 λυτρὼσεται
1175 4069 1280 4120 τὸν
1299 4067 1548 4134 Ἰσραὴλ
1582 4067 1650 4121 ἐκ
1677 4064 1893 4122 πασῶν

321 4160 443 4216 τῶν
474 4159 740 4230 ἀνομιῶν
768 4161 978 4214 αὐτοῦ.
1035 4160 1450 4231 Εὑαρεστοῦντα
1483 4161 1746 4228 δηλονότι,
1802 4162 1894 4215 καὶ

322 4250 466 4303 κατὰ
523 4250 724 4319 νόμους
786 4251 1229 4322 πολιτευόμενον.
1274 4254 1536 4324 Ἀρμύζει
1574 4253 1631 4308 δὲ
1679 4254 1895 4324 ψαλμδς

323 4343 416 4397 καὶ
439 4341 519 4413 τῷ
547 4342 652 4414 νέῳ
685 4343 926 4415 Ἰσραήλ.

907 4520 1048 4591 ᾯδὴ
1073 4521 1310 4591 ὁμοίως.

882 4613 980 4666 ΨΑ
993 4614 1181 4667 ΛΜΟΣ
1219 4617 1344 4670 PA'.

395 4703 596 4772 Κύριε,
614 4705 726 4773 οὐχ
752 4703 962 4772 ὑψώθη
990 4704 1027 4771 ἡ
1075 4706 1292 4773 καρδία
1324 4724 1464 4776 μου,
1489 4706 1631 4761 οὐδὲ
1651 4707 1897 4776 ἐμετεω·

319 4793 631 4864 ρίσθησαν
675 4797 729 4848 ol
776 4796 1076 4864 ὀφθαλμοί
1106 4813 1248 4865 μου.
1281 4797 1387 4849 Καὶ
1414 4797 1606 4850 τοῦτον
1634 4799 1725 4851 τὸν
1754 4797 1896 4867 ψαλ-

331 4887 430 4955 μὸν
491 4889 572 4948 εἰς
617 4886 811 4940 ἑαυτὸν
851 4887 948 4955 μὲν
981 4887 1213 4958 ἔγραψε,
1260 4888 1474 4952 διεξιὼν
1503 4890 1623 4942 οἷαν
1657 4887 1802 4959 εἶχεν
1841 4892 1899 4944 ὲν

330 4976 521 5030 ἀνέσει
583 4977 677 5029 καὶ
705 4977 996 5047 ἀπαλλαγῇ
1047 4977 1158 5030 τῶν
1211 4980 1538 5048 πειρασμῶν
1575 4997 1903 5050 μετριοφρο-

330 5067 524 5136 αῦνην.
552 5066 808 5119 Παιδεύει
847 5068 904 5120 δὲ
941 5069 1029 5121 τὸν
1055 5068 1431 5122 ἐπανελθόντα
1464 5071 1528 5122 ὲκ
1560 5070 1659 5134 τῆς
1701 5073 1901 5141 αἰχμα-

332 5159 536 5222 λωςίας
564 5159 691 5212 λαὸν
720 5161 920 5229 ὁμοίως
959 5165 1432 5230 ταπεινοφρονείν,
1458 5163 1553 5215 καὶ
1584 5163 1658 5232 μὴ
1677 5162 1902 5233 θαρρεῖν

330 5251 425 5302 hri
456 5249 906 5318 κατορθώμασιν,
959 5249 1076 5303 ἀλλ’
1109 5251 1357 5316 ἐλπίζειν
1383 5253 1477 5304 ἐπὶ
1507 5252 1734 5324 Κύριον.
1791 5253 1902 5323 Οὐχ

335 5337 550 5407 ὑψώθη,
598 5339 790 5408 φησὶν,
845 5341 878 5409 ἡ
910 5339 1104 5410 καρδία
1142 5358 1244 5410 μοι)
1293 5344 1360 5412 τῇ
1396 5343 1630 5411 ὲπάρσει
1657 5345 1755 5414 τῆς
1781 5347 1902 5415 cli]-

336 5447 496 5492 οεως,
549 5429 670 5482 οὐδὲ
700 5431 1153 5500 μετεωρίσοησαν
1181 5434 1231 5485 οἱ
1262 5433 1532 5504 ὀφθαλμοί
1574 5453 1678 5506 μου
1708 5436 1785 5508 τῷ
1817 5455 1902 5492 νο-

337 5520 546 5589 σήματι
577 5521 676 5591 τῆς
713 5521 1100 5595 ὑπερηφανίας
1125 5540 1136 5554 ·
1177 5523 1231 5576 τί
1259 5521 1386 5592 οὖν;
1422 5529 1690 5598 καυχᾶται
1727 5527 1823 5582 νῦν
1873 5531 1902 5583 ὁ

331 5611 658 5682 Προφήτηςς
691 5614 828 5667 Ναίο
866 5614 1062 5685 καιροῦ
1095 5617 1205 5688 γὰρ
1247 5617 1541 5686 καλοῦντος
1581 5619 1739 5692 χρεία
1771 5638 1904 5676 καυ-

402 5726 448 5759 ⁶⁷
480 5726 671 5784 Ezcclt.
709 5745 800 5797 xx,
827 5729 885 5795 9,
934 5729 1018 5794 Η.
1045 5731 1136 5788 22.

2061 3609 2223 3663 Vens.
2275 3610 2306 3662 7
2348 3606 2506 3672 .Quia
2531 3607 2671 3675 apud
2699 3606 2982 3659 Dominum
3013 3605 3398 3660 misericordia.
3443 3607 3577 3660 Vera

1990 3709 2247 3763 nimirum
2273 3706 2643 3760 misericordia
2662 3712 2898 3770 quamet
2923 3703 3155 3757 celerem
3181 3711 3233 3755 et
3255 3702 3486 3755 validam
3524 3714 3580 3755 ct.

1992 3797 2304 3852 illabantem
2340 3796 2405 3849 iis
2435 3795 2690 3847 omnibus
2737 3799 2978 3862 praestat,
3005 3792 3096 3857 qui
3129 3787 3238 3842 Deo
3268 3786 3578 3855 dignisunt.

2065 3887 2132 3942 Et
2165 3887 2331 3940 multa
2371 3885 2513 3952 apud
2541 3901 2658 3939 eum
2711 3884 3016 3950 redemptio.
3050 3881 3193 3934 cnim
3251 3877 3398 3933 Fons
3438 3882 3579 3948 apud

1995 3994 2120 4035 eum
2164 3977 2572 4047 redemptionis,
2609 3972 2832 4045 pelagus
2874 3973 3088 4028 salutis.

2071 4072 2234 4128 Vens.
2270 4075 2322 4127 8.
2381 4070 2447 4125 Et
2474 4075 2582 4138 ipse
2612 4070 2828 4124 redimet
2875 4067 3050 4122 Israel
3089 4081 3154 4122 επ
3189 4064 3434 4119 omnibus
3474 4063 3580 4117 iui-

1997 4164 2292 4237 quitatibus
2319 4164 2454 4234 ejus.
2510 4161 2774 4230 Populum
2833 4157 3021 4221 Israel,
3058 4157 3168 4210 Deo
3223 4153 3432 4209 scilicet
3471 4152 3584 4222 pla-

2001 4273 2127 4313 cere
2179 4257 2510 4315 stndcntem.
2583 4269 2646 4306 ac
2697 4252 2850 4320 juxta
2891 4251 3022 4319 legis
3050 4259 3318 4318 prmoepta
3352 4259 3576 4299 convcr-

2007 4356 2248 4402 santem.
2304 4343 2574 4413 congruit
2621 4353 2801 4396 autem
2837 4339 2924 4394 bic
2979 4340 3219 4410 psalmus
3252 4348 3393 4391 noro
3417 4333 3579 4389 etiam

1927 4415 1978 4476 D
2007 4437 2211 4508 populo
2254 4435 2436 4490 Israel.

2459 4525 2734 4580 Canticum
2753 4539 3084 4578 accentuum.

2501 4615 2827 4671 PSAI.MUS
2875 4612 3092 4669 CXXX.

2143 4707 2302 4763 Vitas.
2340 4709 2387 4761 l.
2429 4708 2667 4770 Domine,
2705 4723 2806 4760 non
2842 4705 3134 4760 exaltatum
3165 4712 3240 4757 est
3263 4718 3355 4756 cor
3389 4717 3580 4766 meum,

2004 4817 2166 4868 neque
2194 4801 2380 4856 elevati
2416 4813 2535 4853 sunt
2585 4801 2726 4856 oculi
2779 4800 2896 4852 mei.
2927 4797 3082 4852 llunc
3115 4797 3384 4864 ps.iliiiu:ii
3416 4798 3579 4848 etiam

2009 4894 2340 4962 conscripsit
2413 4893 2465 4944 in
2533 4892 2774 4960 seipsum
2860 4891 3054 4944 beatus
3107 4888 3296 4946 Dawd.
3354 4899 3582 4941 narrans

2009 4985 2225 5054 qualem
2261 4985 2428 5037 animi
2486 4983 2910 5037 moderationem
2971 4982 3216 5043 haberet,
3279 4977 3501 5046 quando
3551 4991 3580 5025 a

2011 5077 2403 5130 tcutationibus
2487 5083 2654 5143 atque
2728 5088 2756 5126 a
2804 5073 3210 5128 calamitatibus
3291 5070 3578 5125 liberatus,

2011 5167 2249 5234 quietam
2287 5167 2452 5218 vitam
2484 5166 2698 5236 agebat.
2749 5165 2977 5219 Instruit
3023 5175 3201 5218 tamen
3237 5167 3286 5213 et
3324 5159 3576 5228 populum

2011 5272 2041 5313 e
2083 5256 2404 5327 Babylonica
2444 5272 2720 5312 reversum
2761 5256 3092 5326 captivitate,
3117 5251 3361 5306 eamdem
3391 5263 3577 5302 secum

2013 5349 2391 5410 humilitatem,
2431 5357 2593 5419 atque
2622 5351 2785 5404 animi
2843 5346 3270 5403 moderationem
3327 5341 3524 5395 Sectari
3562 5355 3578 5394 :

2010 5442 2215 5497 docens
2256 5441 2308 5494 in
2365 5440 2522 5495 lactis
2551 5441 2711 5494 etiam
2771 5453 2936 5509 atque
2999 5435 3290 5490 virtutibus
3343 5431 3582 5502 propriis

2009 5548 2116 5588 non
2149 5532 2446 5598 Confidere,
2497 5531 2592 5587 sed
2623 5532 2674 5586 iii
2711 5531 2872 5585 unico
2903 5539 3110 5585 tantum
3173 5526 3282 5580 Deo
3332 5541 3580 5595 sperare.

2010 5623 2126 5679 Non
2155 5625 2453 5680 exaltatum
2509 5632 2616 5690 est,
2670 5621 2868 5692 inquit,
2925 5635 3023 5678 cor
3076 5635 3279 5685 meum,
3342 5621 3586 5681 elatione
