4032 6238
511 233 652 300 12:5
1743 236 2124 296 summu
2158 235 2521 295 ZlGABENI
3253 204 3262 210 ’
3682 229 3824 292 1-225

513 359 722 425 aliqua,
779 362 875 409 aut
910 352 1201 408 temeraria
1253 347 1665 405 existimatione
1696 365 1711 414 ;
1750 363 1930 417 neque
1953 347 2096 400 oculi

2230 347 2402 416 ﬁalis:
2461 351 2572 412 τοῖς
2625 349 3052 420 κατορθώμασιν
3074 365 3085 379 ο
3121 348 3250 401 ὅταν
3287 347 3360 416 μὴ
3389 346 3459 399 δι’
3492 344 3822 407 ἐπῗδειξιι.

508 451 614 503 mei
648 448 922 516 superbia:
974 445 1168 499 morbo
1231 441 1428 497 elevati
1480 449 1631 497 sunt.
1676 440 1784 495 Sed
1812 440 1958 495 dicet
1996 440 2092 493 ali-

2229 439 2350 492 ἱιλλὰ
2377 440 2446 493 δι’
2477 440 2749 508 ὠφέλειαν
2773 442 2884 494 τῶν
2919 441 3296 511 ἀκροωμένων
3319 438 3381 490 τὸ
3421 438 3707 506 πρᾶγμα
3743 437 3821 498 7'7-

507 540 632 609 quis
662 558 676 594 :
708 539 899 593 Nonne
937 539 1038 591 hac
1073 537 1124 590 in
1158 536 1279 589 loco
1309 535 1581 605 PrOpheta
1611 533 1914 604 gloriatur?
1946 531 2093 601 quod

2231 548 2373 594 εται,
2425 532 2564 598 πρὸς
2608 532 2843 603 μίμησιν
2876 534 3071 599 ἐνάγον
3103 530 3349 600 αὐτούς..
3379 527 3588 582 Εἰπὼν
3628 527 3704 579 δὲ
3749 528 3823 577 ὅτι

505 631 760 687 elationis
778 646 842 686 ac
862 630 1132 700 superbia:
1157 631 1349 684 vitium
1381 636 1487 683 est.
1529 626 1781 682 Proiecto
1803 625 2090 696 gloriatur.

2239 625 2316 693 ὐχ
2366 625 2577 692 ὑψώθη
2631 624 2669 692 ἡ
2716 624 2932 693 καρδία
2958 641 3097 692 μου,
3157 622 3253 676 καὶ
3307 621 3616 690 προσθεὶς,
3663 618 3823 670 Οὐδὲ

509 722 730 788 Verum,
784 723 1035 793 exigente
1060 724 1111 776 id
1171 733 1442 790 tempore,
1498 719 1726 790 gloriari
1788 717 1954 772 etiam
1994 729 2096 770 nos

2235 719 2696 785 ῖετεωρισθησαν
2716 719 2772 770 οἱ
2799 716 3101 785 ὀφθαλμοί
3124 733 3268 784 μου,
3300 713 3511 774 ἔδειξεν
3543 713 3651 764 ὅτι
3687 708 3827 760 ταύ-

507 816 667 870 deeet
693 817 762 871 de
814 817 1018 871 virtute
1053 835 1066 871 :
1098 816 1320 885 quando
1366 814 1627 868 nimirum
1656 826 1764 866 non
1813 810 1878 865 ad
1906 816 2095 864 osten-

2233 823 2297 876 ης
2326 807 2548 878 πρῶτον
2591 807 2905 878 ὑψουμένης
2929 847 2943 871 ,
2976 801 3096 859 εἶτα
3137 803 3284 858 οὗτοι
3319 804 3825 872 μετεωρίζοντες.

507 907 768 961 tationem
817 908 1139 976 gloriamur,
1192 907 1286 962 sed
1333 907 1398 960 ad
1431 905 1769 960 audientium
1830 899 2203 958 commodum.
2235 898 2339 952 hoc
2396 907 2502 960 est,
2550 901 2772 970 quando
2834 902 2912 954 illi
2980 899 3361 968 hujuscemodi
3427 894 3826 964 gloriatione!

431 1005 434 1010 ’
507 1003 574 1055 ad
620 1005 878 1056 virtutum
913 1003 1270 1057 imitationem
1323 1002 1645 1057 invitantur.
1675 1001 1743 1054 Et
1770 1015 1893 1053 cum
1919 996 2156 1050 dixerit:
2193 992 2316 1048 Non
2377 997 2674 1050 exaltatum
2731 1007 2810 1050 est
2847 1007 2939 1049 co‘r
2980 1012 3175 1058 meum,
3234 1002 3400 1064 atque
3463 992 3826 1046 addiderit:

510 1091 692 1162 Neque
733 1093 922 1147 eleuati
987 1101 1109 1145 sunt
1170 1091 1311 1144 oculi
1373 1092 1494 1156 mei,
1551 1091 1807 1146 docuisse
1858 1089 2075 1143 videtur
2113 1084 2256 1152 quod
2291 1085 2384 1140 ubi
2415 1086 2654 1156 primum
2725 1101 2820 1142 cor
2872 1088 3169 1141 exa!tatum
3218 1085 3277 1139 in
3347 1083 3513 1137 nobis
3608 1080 3826 1136 fuerit.

508 1183 652 1237 oculi
704 1184 866 1238 etiam
901 1183 1164 1251 deinceps
1195 1182 1504 1236 elevantur.

583 1277 765 1349 Neque
816 1277 1083 1330 ambulavi
1122 1277 1177 1329 in
1210 1275 1437 1342 magnis,
1481 1289 1641 1343 neque
1672 1273 1728 1326 in
1762 1271 2101 1326 mirabilibus

2269 1265 2426 1321 eoas
2453 1265 2792 1333 ἐπορεύθην
2815 1265 2886 1319 ἐν
2904 1264 3196 1334 μεγάλοις
3219 1303 3232 1325 ,
3263 1260 3407 1315 οὐδὲ
3448 1260 3522 1313 ἐν
3569 1263 3827 1329 θαυμα-

511 1386 668 1437 super
700 1387 800 1422 me.
849 1367 968 1422 Non
1012 1367 1313 1432 ambulavi,
1344 1365 1542 1436 inquit.
1600 1379 1724 1418 cum
1779 1359 2099 1419 hominibus

2229 1358 2354 1423 ’ἰοις
2406 1357 2562 1424 ὑπὲρ
2617 1357 2742 1427 ἐμέ.
2800 1355 2938 1412 Οὐδὲ
2993 1355 3301 1427 ἐπορεύθην
3361 1353 3505 1422 μετὰ
3572 1354 3821 1422 ἀνδρῶν

512 1463 842 1531 majoribus,
876 1471 930 1516 et
985 1477 1147 1529 supra
1170 1475 1256 1514 me
1293 1459 1653 1513 admirandis.
1718 1457 1853 1512 Cum
1905 1456 2101 1526 hujus-

2231 1449 2456 1512 ,ztidvmv
2471 1449 2564 1502 καὶ
2585 1449 3057 1518 θαυμασιωτέρων
3080 1465 3182 1516 μου
3198 1463 3212 1478 ·
3238 1445 3301 1499 οὗ
3329 1447 3823 1513 συνανεστράερην

512 1555 726 1609 cemodi
775 1554 920 1608 enim
944 1554 1080 1608 viris
1112 1559 1469 1607 conversatus
1495 1565 1602 1605 non
1633 1565 1779 1612 sum,
1813 1549 2096 1616 indignum

2227 1543 2306 1602 οἷς
2335 1537 2476 1607 ὑπὲρ
2511 1538 2636 1607 ἐμὲ,
2668 1538 2890 1605 ἀνάξιον
2922 1537 3152 1591 ἐκείνων
3183 1533 3424 1606 ἐμαυτὸν
3454 1532 3819 1603 ἡγούμενος·

513 1663 602 1701 me
637 1647 858 1701 illorum
895 1645 1317 1700 conversatione
1365 1659 1489 1698 esse
1546 1653 1848 1712 reputans;
1881 1641 1988 1695 nisi
2021 1639 2098 1693 illi

2231 1633 2246 1684 l
2275 1632 2348 1701 μή
2377 1646 2483 1681 που
2520 1628 2724 1683 ἄκοντα
2780 1630 3231 1698 κατηνάγκασαν.
3267 1626 3339 1678 Ἦ
3373 1623 3673 1694 μεγάλους
3719 1625 3822 1674 καὶ

516 1740 768 1794 fortassis
811 1753 894 1793 me
932 1738 1162 1793 invitum
1230 1738 1560 1806 coegissent.
1628 1733 1718 1789 Vel
1756 1750 1851 1803 per
1870 1746 2098 1801 magnos

2227 1727 2544 1794 ιαυμασξους
2600 1723 2752 1790 λέγει
2809 1721 2939 1784 τοὺς
2991 1719 3291 1781 δοκοῦντας
3339 1716 3636 1780 τοιούτους
3673 1715 3819 1787 παρ’

513 1841 568 1888 et
597 1830 975 1896 admirandos,
1008 1845 1105 1884 eos
1155 1824 1298 1882 forte
1350 1827 1627 1897 intelligit,
1680 1827 1773 1895 qui
1815 1825 1920 1880 sibi
1964 1825 2098 1895 ipsis

2233 1819 2442 1881 αυτοῖς,
2507 1817 2626 1886 ἦτοι
2685 1815 2812 1874 τοὺς
2867 1810 3215 1882 ἐπηρμένους
3266 1811 3360 1862 καὶ
3444 1808 3817 1879 ὑψαύχενας,

515 1923 697 1992 magni
747 1930 912 1989 atque
955 1919 1307 1974 admirabiles
1371 1933 1496 1974 esse
1574 1917 1924 1981 videbantur,
1995 1917 2099 1969 hoc

2223 1908 2408 1960 bsaval.
2437 1907 2614 1975 λέγων
2633 1945 2648 1968 ,
2680 1905 2763 1957 ὅτι
2793 1904 2854 1956 οὐ
2889 1904 3050 1972 μόνον
3080 1901 3315 1969 ἔφευγον
3343 1900 3410 1953 τὸ
3438 1900 3675 1969 νόσημα
3708 1900 3815 1968 τῆς

513 2021 618 2075 est,
669 2013 762 2081 qui
808 2011 995 2066 animo
1024 2011 1152 2065 elati
1211 2019 1415 2074 essent,
1449 2019 1504 2062 et
1546 2008 1793 2078 superbi.
1840 2008 1917 2061 Ac
1943 2009 1987 2063 si
2019 2006 2100 2060 ui-

2219 2000 2619 2072 ὓπερηφανίας,
2637 1997 2753 2052 ἀλλ’
2779 1996 2903 2050 οὐδὲ
2933 1993 3370 2064 συνεδιαιτώμην
3395 1995 3512 2057 τοῖς
3539 1993 3811 2048 νοσοῦσιν

515 2113 666 2160 eeret
708 2120 721 2156 :
764 2103 884 2156 Non
949 2110 1160 2156 tantum
1226 2116 1328 2171 ego
1375 2098 1688 2168 superbiam
1734 2097 1960 2161 evitari,
2001 2096 2096 2151 sed
2203 2089 2355 2144 αὑτό.

517 2209 644 2247 cum
696 2191 1010 2246 hominibus
1049 2205 1115 2246 eo
1165 2191 1297 2246 vitio
1353 2187 1735 2244 laborantibus
1793 2188 1961 2244 etiam
1992 2201 2100 2241 non

516 2300 621 2339 cou
631 2285 907 2339 versabar.

594 2377 756 2431 Vsus.
779 2378 834 2430 2.
871 2376 927 2431 Si
957 2394 1057 2430 non
1093 2375 1364 2430 humiliter
1427 2374 1736 2439 sentiebam,
1776 2372 1867 2427 sed
1894 2372 2102 2427 exalta-

2275 2374 2346 2427 El
2363 2371 2449 2442 μὴ
2484 2371 3058 2441 ἐταπεινοςρρόνουν,
3083 2372 3244 2425 ἀλλὰ
3267 2372 3488 2440 ὕψωσα
3523 2370 3648 2435 τὴν
3689 2377 3805 2440 15-1!-

517 2471 565 2521 υἱ
615 2469 848 2521 animam
884 2484 1072 2530 meam,
1109 2469 1242 2520 sicut
1272 2467 1570 2520 ablactatus
1606 2467 1660 2518 in
1690 2475 1909 2518 matrem
1929 2480 2102 2527 suam,

2221 2464 2327 2533 [ἦν
2351 2483 2492 2534 μου,
2560 2466 2640 2530 ὡς
2676 2466 2744 2519 τὸ
2778 2464 3459 2534 ἀπογεγαλακτισμένον
3528 2465 3634 2516 ἐπὶ
3690 2465 3813 2532 τὴν

519 2562 597 2613 ita
648 2560 903 2612 retribues
942 2559 1136 2612 anima:
1167 2574 1315 2612 mew.
1372 2557 1430 2612 Si
1461 2557 1709 2621 humilia,
1767 2557 1966 2624 inquit,
1994 2569 2103 2608 non

2215 2559 2428 2627 μητέρα
2457 2557 2665 2623 αὐτοῦ,
2703 2558 2784 2624 ὡς
2808 2556 3265 2621 ἀνταποδώσεις
3296 2558 3393 2610 ἐπὶ
3422 2558 3539 2624 τὴν
3568 2558 3807 2625 ψυχήν

519 2667 640 2705 sum
692 2658 960 2714 sectatus,
1035 2651 1132 2705 sed
1208 2651 1391 2703 animo
1468 2649 1710 2704 elevatus
1774 2663 1919 2710 sum,
1981 2661 2103 2700 cum

2216 2668 2342 2715 μου.
2391 2650 2453 2702 El
2513 2650 2587 2718 μὴ
2629 2649 3163 2718 ἐταπεινοφρόνονν,
3217 2647 3356 2700 ἀλλᾶ
3411 2649 3664 2717 ἐπήρθην
3727 2649 3808 2710 ὡς

523 2741 742 2796 humilis
809 2753 990 2797 tamen
1049 2749 1214 2810 atque
1282 2741 1530 2809 abjectus
1575 2754 1774 2800 essem,
1833 2747 1890 2791 et
1941 2736 2107 2790 veluti

2216 2742 2489 2804 ταπεινὸς,
2518 2742 2614 2796 καὶ
2639 2742 2715 2804 ὼς
2740 2741 2800 2794 τὸ
2825 2742 3023 2812 νήπιον
3049 2741 3212 2803 εὐθὺς
3237 2741 3298 2794 τὸ
3323 2741 3714 2810 ἀποσχόμενον
3742 2741 3808 2808 δὴ

521 2831 725 2894 infans,
785 2828 888 2901 qui
929 2847 958 2885 a
1015 2832 1208 2887 matris
1257 2831 1456 2900 papilla
1507 2827 1795 2884 abstinuit.
1829 2828 1949 2891 Vel,
1980 2829 2109 2897 quia

2215 2833 2314 2902 τῆς
2346 2832 2522 2901 θηλῆς
2555 2831 2708 2902 παρὰ
2733 2834 2799 2902 τῇ
2839 2831 3009 2900 μητρὶ
3042 2829 3233 2892 αὑτοῦ,
3266 2828 3442 2892 οὕτως
3471 2829 3807 2882 ἀνταποδὲ-

527 2921 714 2976 Graeca
749 2923 940 2985 dictio,
963 2924 1064 2988 ὼς.
1100 2939 1208 2978 non
1242 2923 1422 2978 solum
1469 2923 1569 2985 ita,
1605 2921 1699 2976 sed
1731 2921 1885 2975 valde
1945 2922 2107 2975 etiam

2213 2943 2352 2988 σεις.
2385 2926 2456 2977 Ἥ
2505 2925 2630 2978 λίαν
2676 2922 3085 2986 ἁνταποδώσεις
3141 2924 3224 2984 εἰς
3268 2920 3368 2992 τὴν
3417 2920 3613 2990 ψυχήν
3651 2938 3805 2990 μου.

525 3013 824 3082 signiﬁcat,
860 3015 970 3066 alio
1003 3014 1166 3067 modo
1219 3027 1434 3081 expone
1486 3029 1500 3065 :
1543 3011 1624 3066 Tu
1654 3012 1809 3066 valde
1837 3013 2106 3067 retribues

2211 3017 2480 3070 Μέλλοντι
2513 3016 2570 3069 δὲ
2603 3015 2881 3084 ἐχρήσατο
2924 3013 3189 3080 εὐκτικὴν
3249 3011 3428 3080 ἔχοντι
3471 3014 3803 3080 σημασίανο

524 3105 720 3157 auiuue
774 3121 928 3160 mete.
977 3105 1162 3159 Utitur
1193 3105 1356 3156 etiam
1409 3105 1511 3156 hoc
1547 3103 1600 3156 iu
1653 3103 1772 3157 loco
1835 3103 2106 3173 Propheta

2211 3109 2385 3161 πολλὰ
2417 3107 2529 3178 γὰρ
2561 3106 2789 3160 τοιαῦτα
2811 3108 2926 3169 τοῖς
2958 3105 3238 3168 παλαιοῖς.
3266 3105 3336 3157 Ἦ
3373 3103 3549 3166 ὅντως
3579 3104 3802 3157 ἀποδώ-

533 3196 722 3251 futuro
783 3195 1090 3260 indicativi,
1160 3210 1258 3263 pro
1318 3195 1583 3263 optativa,
1647 3195 2107 3261 quemadmodum

2217 3218 2325 3263 σεις
2378 3198 2616 3270 ἀμοιϐὴν
2669 3199 2771 3266 τῆς
2850 3196 3257 3267 ὑπερηφανίας.
3314 3194 3474 3258 Τινὲς
3526 3194 3590 3247 δὲ
3657 3194 3809 3248 οὕτω

525 3303 670 3355 saepe
708 3287 1093 3353 hujuscemodi
1149 3288 1354 3340 abusus
1394 3286 1535 3354 apud
1570 3284 1912 3353 Srripturam
1950 3302 2111 3355 repe-

2212 3289 2581 3342 συνάπτουσιν
2606 3306 2619 3320 ·
2648 3292 2716 3343 El
2734 3289 2820 3356 μὴ
2843 3288 3414 3356 ἐταπεινοςερόνουν,
3446 3285 3528 3351 ὠς
3552 3286 3624 3338 τὸ
3650 3286 3804 3340 ἀπο-

522 3374 718 3428 rimus.
772 3373 863 3429 Vel
901 3389 1029 3429 vere
1091 3373 1381 3432 retribues.
1443 3374 1861 3427 retributionem
1900 3375 2113 3430 scilicet

1918 3375 2113 3430 scilicet
2211 3377 2766 3447 γεγαλακτισμένον
2787 3377 2886 3431 ἐπὶ
2917 3377 3030 3445 τὴν
3047 3378 3276 3446 μητέρα
3301 3375 3510 3430 αὐτοῦ.

525 3468 1057 3535 δειροτιιίω.ριιίάοιιι
1091 3485 1218 3524 vero
1245 3471 1318 3524 ita
1349 3477 1678 3525 construunt
1713 3490 1726 3525 :
1763 3469 1822 3526 Si
1855 3489 1955 3525 non
1994 3473 2264 3528 humiliter
2325 3475 2637 3538 sentiebam,
2689 3484 2944 3545 tanquam
3020 3475 3322 3530 ablactatus
3379 3489 3504 3545 erga
3578 3481 3805 3528 matres:

523 3573 697 3622 suam,
729 3567 833 3614 etc.

598 3647 761 3702 Vsus.
792 3649 844 3703 5.
881 3647 1068 3716 Speret
1131 3647 1305 3702 Israel
1343 3649 1396 3702 in
1460 3648 1682 3702 Domino
1727 3666 1792 3704 ea:
1852 3669 2012 3718 nunc,
2056 3662 2106 3707 et

2299 3649 2636 3706 Ἐλπισὰτω
2667 3651 2903 3719 Ἰσραὴλ
2935 3651 3035 3706 ἐπὶ
3085 3651 3192 3706 τόν
3245 3651 3463 3718 Κύριον
3517 3651 3642 3704 ἀπὸ
3700 3649 3807 3705 τοῦ

524 3757 690 3809 usque
718 3742 772 3794 in
818 3741 1100 3796 sa'culum.
1155 3741 1239 3796 Me
1270 3742 1482 3796 scilicet
1513 3743 1757 3798 imitatus
1791 3747 1880 3812 qui
1930 3748 1980 3798 in
2018 3762 2112 3801 ca-

2220 3747 2335 3800 νῦν
2367 3745 2467 3798 καὶ
2505 3744 2615 3809 ἕως
2645 3746 2751 3799 τοῦ
2780 3744 3017 3811 αἰῶνος.
3068 3743 3199 3814 Ἐμὲ
3228 3743 3564 3814 μιμούμενος
3595 3746 3696 3794 τὸν
3729 3745 3812 3794 Ev-

529 3831 887 3896 lamitatibus,
925 3833 978 3886 iu
1025 3837 1136 3885 otio
1164 3841 1218 3887 et
1278 3833 1482 3900 quiete,
1513 3843 1567 3888 et
1605 3836 1657 3888 iu
1693 3837 1837 3889 omni
1875 3837 2111 3908 denique

2221 3835 2404 3905 θλίψει
2443 3835 2537 3890 καὶ
2599 3837 2656 3887 ὲν
2679 3835 2882 3898 ἀνέσει,
2909 3836 3003 3890 καὶ
3037 3837 3175 3888 κατὰ
3199 3836 3376 3888 πάντα
3407 3833 3623 3903 καιρὸν,
3658 3833 3809 3885 ἔλπε-

529 3931 772 3990 tempore
800 3924 852 3977 in
891 3924 1054 3976 Deum
1106 3941 1290 3993 spero.
1333 3928 1599 3991 Ciuicruit
1654 3931 1817 3981 etiam
1853 3930 1939 3984 hic
1970 3932 2116 4000 psal-

2223 3926 2386 3990 ζοντα
2427 3928 2519 3979 ἐπὶ
2552 3926 2782 3997 Κύριον.
2855 3928 3118 3996 ’Λρμόζει
3150 3928 3204 3980 δὲ
3231 3927 3325 3979 καὶ
3355 3921 3511 3988 οὗτος
3541 3927 3568 3976 ό
3592 3925 3811 3994 ψαλμός

529 4029 653 4067 mus
688 4030 828 4068 novo
871 4017 1071 4084 popqu
1137 4019 1321 4070 Israel.
1395 4017 1648 4074 Fortasse
1703 4021 1865 4074 etiam
1924 4023 2115 4080 beatus

2223 4019 2300 4086 τῷ
2327 4019 2430 4088 νέῳ
2465 4019 2704 4088 Ἰσραὴλ.
2753 4018 2913 4081 Ἴσως
2943 4019 2997 4073 δὲ
3031 4018 3129 4072 καὶ
3155 4019 3246 4072 τὸν
3286 4017 3633 4088 προλαϐόντα
3670 4016 3811 4082 ψιλ-

533 4103 701 4159 David
734 4115 788 4160 et
819 4118 1136 4176 przcseutetu
1170 4120 1224 4162 et
1262 4111 1506 4178 proxime
1539 4111 1934 4178 praecedentem
1969 4116 2114 4183 psal-

2219 4108 2316 4178 μὸν
2349 4112 2445 4162 καὶ
2506 4107 2600 4161 τὸν
2644 4110 2886 4179 παρόντα
2922 4109 3203 4180 προσώπῳ
3265 4107 3361 4161 τοῦ
3409 4106 3811 4176 εὐσεϐεστέρου

536 4211 686 4250 tuum
729 4213 792 4252 ex
853 4192 1042 4253 eorum
1078 4217 1310 4269 persona
1371 4204 1725 4272 conscripsit,
1790 4205 1905 4273 qui,
1971 4207 2116 4261 inter

2219 4201 2419 4271 μέρους
2447 4199 2558 4254 τῶν
2583 4201 3015 4264 ἐπανελθόντων,
3052 4200 3400 4272 συνέγραψεν
3427 4201 3455 4252 ό
3483 4201 3811 4268 Προφήτης.

533 4304 790 4346 reversos
835 4307 867 4347 e
924 4291 1252 4363 Babylonica
1335 4295 1668 4362 captivitate,
1717 4295 1787 4366 pii
1834 4298 2009 4364 magis
2061 4308 2117 4352 et

2219 4289 2530 4355 διεξιόντος,
2563 4289 2654 4344 οἷα
2685 4291 2782 4361 μὲν
2809 4294 3152 4363 προσηύχετο
3209 4293 3268 4345 ὲν
3297 4294 3656 4364 πειρασμοῖς,
3684 4291 3811 4343 οἷαν

534 4381 772 4450 religiosi
808 4393 962 4437 erant
1001 4401 1017 4440 :
1074 4399 1302 4439 narrans
1363 4386 1574 4442 scilicet
1611 4402 1747 4455 quas
1780 4389 1921 4442 inter
1978 4391 2117 4443 allii-

2214 4385 2272 4438 δὲ
2307 4383 2778 4456 μετριοιρροσύνην
2805 4381 2952 4454 εἶχεν
3009 4387 3066 4438 ὲν
3120 4385 3411 4456 ἀπαλλαγῇ
3449 4383 3801 4455 πειρασμῶν,

535 4473 748 4527 ctiones
785 4473 1099 4528 emitterent
1147 4475 1212 4528 ad
1277 4473 1442 4528 Deum
1499 4491 1714 4545 preces,
1761 4485 1815 4530 et
1873 4480 2115 4547 qualem,

2225 4479 2304 4540 εἰς
2333 4475 2604 4546 ὠφέλειαν
2627 4477 2720 4530 καὶ
2745 4478 3036 4531 παίδευσιν
3069 4480 3103 4547 ὴ
3113 4478 3229 4548 μῶν
3251 4477 3362 4530 τῶν
3381 4480 3448 4531 ἐκ
3476 4477 3576 4546 τῆς
3599 4477 3813 4545 αἰχμα-

537 4575 825 4632 postqnam
859 4565 926 4617 ab
953 4565 1033 4619 eis
1087 4566 1302 4619 liberati
1345 4574 1494 4632 sunt,
1567 4568 1736 4622 animi
1787 4571 2123 4624 moderatio-

1729 4569 1736 4622 ἱ
1787 4571 2123 4624 moderatio-
2226 4569 2426 4632 λωσίας
2462 4570 2570 4621 τῶν
2595 4569 2868 4640 δαιμόνων
2896 4569 3321 4623 ἐπανελθόντων.

536 4673 658 4710 nem
709 4657 1010 4712 haberent:
1046 4668 1207 4726 atque
1271 4658 1375 4714 hoc
1419 4661 1485 4714 ad
1532 4660 1822 4716 utilitatem
1877 4671 1931 4717 et
1980 4659 2347 4716 eruditionem
2417 4668 2662 4716 nostram
2724 4661 2818 4731 qui
2885 4677 2914 4714 a
2983 4660 3195 4715 seniori
3250 4661 3558 4716 daemonum
3624 4659 3809 4729 capti-

534 4748 705 4803 vitate
736 4746 949 4802 liberati
986 4762 1199 4804 sumus.

1004 4837 1284 4893 Canticum
1324 4857 1661 4896 ascensuum.

1608 4859 1661 4896 n.
2813 4839 2953 4910 ᾯδὴ
2985 4839 3200 4908 ὁμοίως

1044 4932 1368 4988 PSALMUS
1394 4934 1629 4991 CXXXI.

2763 4932 3059 4986 ΨΔΛΜΟΣ
3099 4931 3272 4984 PAA'.

610 5023 777 5078 Vsus.
846 5025 895 5088 Ι,
949 5021 1236 5088 Memento,
1294 5023 1534 5089 Domine,
1597 5023 1791 5089 Dauid,
1837 5033 1886 5077 et
1951 5025 2122 5079 cuntis

2300 5025 2632 5093 Μνήσθητι,
2660 5026 2858 5094 Κύριε,
2901 5023 3006 5078 τοῦ
3057 5024 3255 5087 Δαϐὶδ,
3288 5020 3385 5076 καὶ
3445 5020 3650 5086 πάσης
3701 5016 3804 5083 τῆς

540 5113 965 5168 mansuetudinis
983 5114 1121 5184 ejus.
1158 5112 1314 5168 Hunc
1338 5115 1501 5168 etiam
1536 5114 1807 5184 psalmum
1849 5114 2117 5180 Propheta

2231 5120 2560 5186 πραότητος
2605 5118 2814 5173 αὐτοῦ.
2858 5115 3146 5187 Προσώπῳ
3195 5115 3292 5169 τοῦ
3359 5114 3621 5185 ῥηθέντος
3673 5109 3801 5165 λαοῦ

541 5220 606 5260 ex
636 5205 821 5275 populi
867 5220 1101 5276 persona
1166 5204 1491 5274 conscripsit
1537 5206 1897 5275 supplicantis
1929 5207 2116 5276 templi

2231 5210 2326 5263 καὶ
2371 5210 2463 5264 τὸν
2515 5191 2758 5282 παρόντα
2803 5210 3018 5280 ψαλμὸν
3077 5209 3382 5279 ἀνέγραψε,
3440 5207 3799 5272 ἱκετεύοντος,

541 5297 1012 5351 constructionem
1092 5311 1409 5366 exsurgere,
1499 5304 1664 5363 atque
1718 5296 1772 5351 id
1829 5299 2123 5366 impetrare

2233 5303 2535 5372 ἀναστῆναι
2560 5305 2652 5358 τὸν
2679 5302 2811 5356 ναόν
2831 5319 2845 5332 ·
2882 5304 2930 5355 εἰ
2962 5305 3054 5355 καὶ
3087 5302 3160 5372 μὴ
3197 5302 3262 5355 δι’
3292 5300 3526 5366 αὐτοὺς,
3568 5300 3705 5353 ἀλλέ
3740 5314 3800 5364 γε

541 5389 808 5453 Optantis,
858 5389 902 5444 si
937 5404 1044 5442 non
1093 5400 1314 5458 propter
1361 5401 1438 5449 se,
1476 5387 1670 5440 saltem
1713 5397 1937 5457 propter
1989 5388 2124 5443 illud

2225 5390 2314 5444 διὰ
2339 5393 2438 5461 τὴν
2463 5391 2721 5462 σπουδὴν,
2749 5391 2818 5463 ἢν
2845 5387 2959 5462 εἶχε
3000 5393 3028 5443 ὁ
3055 5391 3243 5454 Δαὸὶδ,
3280 5391 3309 5444 ὁ
3351 5391 3622 5460 πρόγονος
3645 5390 3795 5454 βασι·

545 5482 815 5545 studium,
847 5481 992 5553 quod
1007 5497 1193 5536 eorum
1223 5480 1537 5550 progenitor
1559 5478 1724 5534 David
1746 5496 1835 5535 rex
1868 5480 1923 5534 in
1958 5480 2127 5536 Deum

2226 5485 2354 5542 λεὺς
2384 5484 2584 5549 αὐτῶν,
2620 5482 2866 5552 ἐκζητῶν
2902 5483 3008 5553 πρὸ
3039 5482 3137 5552 τῆς
3169 5481 3463 5552 οἰκοδομῆς
3496 5481 3588 5533 τόν
3639 5481 3800 5532 τόπον

547 5573 816 5629 habuisse
877 5575 1256 5644 perspicitur:
1293 5582 1481 5644 utpote
1553 5574 1646 5642 qui
1714 5583 1841 5628 ante
1898 5576 2128 5642 primam

2229 5575 2325 5629 τοῦ
2355 5577 2601 5629 τοιούτου
2632 5575 2762 5628 ναοῦ
2786 5575 3086 5642 ἐπιμελῶς.
3113 5574 3404 5644 Πραότητα
3425 5574 3481 5625 δὲ
3508 5573 3657 5638 λέγει
3708 5571 3799 5640 τὴν

559 5665 744 5735 templi
782 5665 1272 5735 constructionem,
1310 5665 1490 5720 locum
1541 5665 1594 5721 ei
1661 5665 1913 5722 idoneum
1963 5667 2130 5720 multa

2235 5668 2609 5735 ἀνεξικακίαν,
2669 5669 2732 5739 ἢν
2799 5665 3137 5721 ἐνεδείκνυτο
3197 5667 3275 5729 εἰς
3325 5664 3414 5719 τὸν
3480 5663 3674 5726 Σαοὺλ,
3713 5664 3797 5716 καὶ
