4102 6206
305 260 442 327 1217
1032 344 1048 357 ,
1483 280 1874 374 COMMENT.
1910 286 1994 346 IN
2033 289 2396 354 PSALMOS.
3435 311 3576 377 1218

293 386 421 445 τοὺς
457 383 587 454 περὶ
640 385 841 440 αὐτόν·
879 386 958 442 ἔτι
1009 386 1063 443 δὲ
1125 392 1218 444 καὶ
1264 394 1344 456 εἰς
1375 395 1466 447 τὸν
1517 398 1734 466 Σεμεεὶ,
1785 400 1913 462 τὸν,

1981 419 2104 459 cum
2137 406 2421 479 diligentia
2506 414 2847 485 perquisivit.
2903 420 3009 474 Per
3094 426 3571 482 mansuetudinem

297 473 594 543 ὑϐρίζοντα
622 477 808 542 αὐτὸν,
844 481 936 533 καὶ
970 483 1050 545 είς
1083 482 1317 548 πολλοὺς
1348 485 1565 553 ἄλλους.
1602 490 1736 560 Περὶ
1770 491 1871 559 p.6-

1979 505 2145 557 vero,
2201 473 2522 563 patientiam
2593 473 2886 574 intelligit,
2939 523 3104 577 quam
3152 511 3341 567 beatus
3400 515 3574 572 David

294 580 393 631 νης
434 564 491 618 δὲ
518 567 615 635 τῆς
648 570 965 641 πραότητος
1009 575 1178 628 αὑτοῦ
1230 576 1508 645 λέγουσιν,
1549 581 1626 644 ὡς
1671 581 1882 653 ταύτην

300 655 325 673 ι.
513 658 526 673 .
895 664 910 673 .
943 663 955 673 .
1255 669 1276 673 _
1397 671 1405 673 ξ
1459 671 1469 673 _
1568 672 1575 673 ,

1977 597 2105 654 erga
2136 585 2354 643 Saulem
2410 582 2465 646 et
2499 594 2702 659 socios,
2740 612 2869 669 erga
2917 599 3098 657 Setnei
3140 604 3235 673 qui
3289 618 3576 664 contume-

295 655 670 727 διαφερόντως
716 663 1203 733 κατορθώσαντοςο
1249 669 1282 737 ἢ
1325 671 1418 723 καὶ
1441 671 1518 736 ὡς
1559 672 1647 726 διὰ
1676 673 1882 743 ταύτης

1977 675 2049 728 lia
2109 692 2234 732 eum
2278 679 2559 748 aﬂ'ecerat,
2598 694 2761 755 atque
2807 704 2930 759 erga
2986 707 3180 749 omnes
3208 695 3346 751 alios
3377 698 3573 755 hostes

292 745 648 816 δηλουμένων
677 751 770 803 καὶ
808 755 918 806 τῶν
954 757 1181 812 λοιπῶν.
1232 759 1518 832 Μνήσοητι
1546 762 1641 815 τοῦ
1686 763 1872 829 Δασὶδ,

1980 782 2113 824 suos
2146 784 2418 828 summam
2469 780 2737 833 ostendit.
2801 780 2988 838 Solius
3049 794 3229 840 autem
3260 802 3576 844 tttausuetu-

293 837 392 890 τοῦ
427 843 767 910 πραοτάτου,
797 845 894 899 τοῦ
950 849 1039 903 διὰ
1091 851 1192 922 τῆς
1226 853 1538 924 πραότητος
1586 856 1887 926 εὐαρεστή-

1980 858 2130 914 diuis
2162 863 2433 927 meminit,
2485 867 2613 937 quia
2672 869 2725 923 in
2795 871 2896 926 hac
2953 875 3157 931 virtute
3192 894 3303 946 prm
3360 860 3573 935 'caeteris

294 930 490 995 σανῖός
526 950 633 988 σοι.

1981 950 2263 1005 excelluit.
2313 952 2411 1008 Vel
2446 970 2541 1024 per
2587 959 2726 1015 hanc
2780 963 3040 1018 virtutem
3090 976 3318 1024 cmteras
3346 987 3573 1041 quoque,

297 1022 591 1080 intellexit.
653 1028 950 1096 Memento,
1010 1030 1207 1104 inquit,
1261 1034 1428 1090 David
1490 1037 1768 1093 mitissimi
1804 1039 2063 1105 hominis,
2128 1052 2295 1114 atque
2370 1022 2459 1102 ob
2497 1055 2979 1109 mansuetudinem
3046 1072 3202 1112 suam
3265 1022 3377 1115 tibi
3442 1022 3574 1119 olim

298 1115 635 1171 charissimi.

375 1210 474 1274 Ὠς
501 1211 703 1280 ὤμοσε
739 1212 823 1279 τῷ
862 1219 1092 1301 Κυρίῳ,
1123 1219 1354 1284 ηὔξατο
1379 1221 1460 1287 τῷ
1487 1222 1611 1287 Θεῷ
1649 1224 1875 1278 Ἰακώϐ.

2059 1225 2222 1281 Vnus.
2264 1226 2321 1281 εὶ.
2364 1228 2642 1295 Quomodo
2667 1233 2874 1303 juravit
2925 1235 3170 1305 Domino,
3219 1252 3267 1295 et
3301 1245 3433 1297 vovit
3464 1245 3574 1301 Deo

296 1300 582 1370 Μνήσθητι
610 1304 781 1357 αὑτοῦ
812 1306 931 1370 πῶς
963 1300 1238 1380 ὲνὼμοτος
1275 1311 1543 1382 ὑπέσχετο
1571 1314 1764 1386 Κυρίῳ
1795 1315 1876 1386 τῷ

1979 1316 2167 1372 Jacob.
2212 1317 2484 1376 Memento
2528 1323 2669 1392 ejus,
2702 1325 2899 1395 inquit,
2933 1332 3395 1397 quemadmodum
3447 1352 3571 1391 cum

292 1390 413 1462 Θεῷ
438 1391 507 1446 τὰ
530 1395 906 1468 ῥηθησόμενα.

1977 1408 2293 1479 iuramento
2328 1427 2389 1465 ea
2436 1390 2571 1468 Deo
2609 1390 2894 1484 pollicitus,
2924 1420 3017 1486 sit,
3052 1436 3173 1491 qua:
3205 1421 3436 1482 inferius
3488 1427 3572 1482 di-

1980 1509 2195 1556 Centur.

353 1569 425 1622 El
474 1572 902 1645 είσελεύσομαι
947 1594 1036 1644 εις
1069 1593 1363 1649 σκηνωμα
1419 1581 1594 1636 οἴκου
1640 1592 1784 1651 μου,
1822 1585 1876 1638 ei

2060 1591 2225 1646 Vsus.
2255 1594 2371 1649 3‘5.
2428 1594 2489 1651 Si
2531 1597 2761 1651 introibo
2824 1600 2876 1653 in
2938 1603 3338 1660 tabernaculum
3383 1609 3570 1666 domus

288 1658 670 1730 ἀναϐήσομαι
705 1664 805 1718 ἐπὶ
837 1667 1060 1735 κλίνης
1097 1671 1424 1739 στρωμνῆς
1454 1689 1595 1740 μου,
1624 1675 1674 1727 εί
1700 1672 1877 1728 δώσω

1982 1698 2128 1747 mete,
2171 1683 2219 1736 si
2250 1685 2533 1738 ascendam
2577 1702 2732 1755 super
2777 1688 2969 1742 lectum
3021 1693 3184 1746 strati
3215 1695 3332 1757 mei,
3362 1699 3409 1748 si
3435 1697 3570 1751 dabo

287 1749 487 1805 ὕπνον
514 1752 639 1820 τοῖς
662 1755 998 1825 ὀφθαλμοῖς
1047 1776 1190 1828 μου,
1256 1761 1353 1816 καὶ
1386 1762 1511 1829 τοῖς
1531 1764 1874 1834 ,βλεφάροις

1976 1790 2224 1827 somnum
2273 1775 2441 1827 oculis
2508 1791 2655 1839 mets,
2688 1786 2737 1829 et
2778 1777 3046 1847 palpebris
3078 1783 3205 1835 meis
3227 1783 3571 1839 dormitatio-

280 1861 404 1914 μου
439 1846 812 1915 νυσταγμὸν,
849 1848 949 1903 καί
978 1850 1331 1904 ἀνάπαυσιν
1374 1852 1501 1919 τοῖς
1548 1855 1871 1924 κροτάφοις

1975 1880 2114 1927 nem,
2160 1875 2210 1917 et
2243 1866 2474 1933 requiem
2517 1867 2839 1935 temporibus
2882 1871 3034 1936 meis,
3104 1872 3270 1927 donec
3326 1875 3569 1933 invenero

280 1954 423 2004 μου,
453 1937 565 2003 ἕως
593 1934 666 1994 οὗ
693 1939 848 2008 εὕρω
878 1940 1070 1994 τόπον
1101 1940 1182 2007 τῷ
1209 1943 1426 2011 Κυρίῳ,
1466 1946 1760 2015 σκήνωμα
1793 1946 1872 2013 τῷ

1971 1959 2150 2012 locum
2194 1954 2439 2021 Domino,
2475 1960 2879 2011 tabernaculum
2902 1959 3007 2015 Deo
3040 1958 3232 2017 Jacab.
3270 1964 3566 2033 Memento,

290 2029 414 2092 Θεῷ
451 2029 661 2085 Ἰακώό
681 2031 818 2101 (35}.
867 2031 990 2097 Πῶς
1032 2050 1163 2087 ποτε
1195 2034 1446 2103 ζηλώσας
1478 2037 1620 2107 ὑπὲρ
1649 2038 1744 2092 τοῦ
1777 2041 1870 2107 φέ-

1975 2046 2181 2114 inquit,
2268 2047 2728 2117 quemadmodum
2789 2050 2905 2120 ipse
2964 2053 3094 2107 olim
3151 2056 3270 2110 zelo
3327 2029 3565 2128 quodam

289 2122 486 2190 ρεσθαι
510 2123 640 2194 τῇδε
671 2125 897 2178 κάκεῖσε
948 2125 1050 2194 τὴν
1114 2126 1369 2192 κιϐωτὸν,
1406 2129 1698 2200 ἐνωμότως
1744 2131 1873 2186 ὑπέ-

2008 2148 2263 2210 orreptus
2312 2148 2416 2205 est,
2450 2155 2573 2195 cum
2630 2140 2847 2197 Domini
2891 2158 3075 2200 aream
3108 2146 3214 2201 huc
3243 2157 3408 2219 atque
3439 2151 3568 2208 illuc
3614 2219 3628 2225 ἒ

290 2228 470 2282 σχετο,
505 2214 586 2267 ὅτι
620 2215 696 2269 Οὐ
753 2217 968 2287 ποιήσω
1012 2217 1046 2289 ἦ
1084 2217 1205 2272 τόδε
1239 2220 1272 2291 ἢ
1303 2220 1420 2273 τόδε
1445 2262 1460 2287 ,
1494 2220 1609 2285 ’ἕως
1637 2217 1698 2276 οὗ
1724 2221 1873 2295 εὕρω

1969 2232 2341 2288 errabundam
2366 2246 2429 2288 ac
2460 2248 2653 2305 vagam
2696 2236 3046 2293 circumferri
3084 2240 3316 2307 videret,
3352 2250 3407 2298 et
3439 2260 3566 2299 cum

286 2304 382 2357 τὸν
409 2304 575 2358 τόπον
626 2306 701 2376 τῷ
732 2307 925 2378 Κυρίῳ
954 2307 1127 2375 ἄξιον,
1161 2310 1331 2379 ἤγουν
1380 2312 1718 2383 οἰκητήριον,
1750 2331 1875 2367 του-

1964 2321 2279 2389 jurameuto
2322 2304 2601 2394 pollicitus
2638 2327 2733 2390 sit,
2789 2329 2981 2384 dicens
3015 2348 3029 2386 :
3076 2330 3193 2387 Non
3230 2333 3428 2390 iaciam
3461 2351 3565 2404 ego

285 2394 437 2449 τὲστι
471 2398 636 2451 τόπον
661 2396 792 2451 ναοῦ
836 2414 853 2429 ο
885 2399 983 2453 καὶ
1012 2400 1113 2455 οὐκ
1142 2402 1510 2470 ἀνεπαύσατο,
1557 2404 1664 2469 Ξως
1693 2406 1875 2477 εὗρεῖν

1973 2414 2102 2478 hoc,
2155 2432 2331 2487 neque
2367 2418 2523 2485 illud,
2571 2420 2746 2475 donec
2802 2422 3064 2481 invenero
3092 2425 3272 2480 locum
3337 2428 3567 2483 Domino

286 2486 424 2557 ὼςη
461 2486 641 2557 βίὸλος
686 2487 796 2542 τῶν
822 2489 1126 2545 Βασιλειῶν
1170 2494 1203 2563 ἠ
1237 2493 1432 2564 πρώτη
1483 2496 1872 2566 διαλαμϐάνει.

1972 2505 2222 2575 dignum,
2266 2508 2369 2564 hoc
2395 2520 2502 2576 est,
2565 2512 2748 2566 locum
2804 2516 3018 2585 templi,
3066 2526 3119 2570 et
3171 2518 3563 2577 habitationem

287 2580 365 2635 Τὸ
393 2584 446 2636 εί
486 2582 565 2648 δὲ,
590 2583 651 2636 τὸ
675 2584 748 2639 οὐ
783 2585 1066 2656 σημαίνει,
1119 2585 1195 2650 ὡς
1227 2588 1322 2640 καὶ
1348 2589 1404 2641 ἒν
1427 2589 1609 2654 ἄλλοις
1642 2594 1869 2662 εἰρήκα-

1971 2613 2115 2655 arca:
2145 2614 2209 2654 ac
2248 2600 2609 2659 tabernaculi.
2658 2603 2724 2659 Et
2753 2621 2942 2661 revera
2981 2609 3142 2662 etiam
3178 2626 3286 2666 non
3328 2613 3564 2683 quievit,

289 2692 414 2746 μεν.
446 2677 718 2747 Σκήκιωμα
744 2678 801 2731 δὲ
836 2680 930 2731 καὶ
962 2673 1112 2743 οἶκος
1143 2679 1240 2733 τοῦ
1268 2680 1404 2734 Θεοῦ
1435 2680 1671 2750 λέγοιτο,
1696 2684 1785 2738 διὰ
1810 2687 1871 2739 τὸ

1970 2692 2146 2745 donec
2192 2680 2344 2746 illum
2406 2694 2699 2762 invenerit,
2758 2700 3219 2767 quemadmodum
3289 2702 3341 2756 in
3388 2703 3564 2774 prino

287 2768 502 2823 ἐκεῖθεν
533 2771 900 2840 χρηματίζειν
931 2772 1027 2825 καὶ
1054 2773 1271 2841 ὁμιλεῖν
1292 2774 1406 2837 τοῖς
1449 2774 1649 2841 ἀξίοις,
1677 2776 1751 2839 ὡς
1775 2777 1871 2832 καὶ

1971 2780 2183 2851 Regum
2223 2783 2363 2837 libro
2424 2776 2688 2843 Iraditut".
2740 2788 2915 2842 Dictio
2990 2800 3175 2846 autem
3238 2794 3304 2856 si,
3340 2797 3446 2849 huc
3509 2797 3562 2849 in

287 2860 652 2931 προλαϐόντες
682 2863 1016 2933 εἰρήκαμεν.

1972 2870 2118 2936 loco,
2155 2871 2299 2927 idem
2360 2874 2637 2945 signiﬁcat
2696 2879 2843 2947 quod
2897 2895 2999 2932 non
3033 2918 3047 2941 .
3100 2884 3561 2952 quemadmodum

289 2967 436 3024 smpe
479 2955 606 3010 alibi
671 2957 938 3013 diximus.
1002 2957 1439 3012 Taberuaculum
1494 2973 1625 3014 vero
1654 2970 1704 3014 ct
1745 2961 1944 3017 domus
1985 2962 2099 3028 Dei,
2153 2964 2441 3020 dicebatur
2501 2966 2657 3024 locus
2739 2970 2853 3033 ille,
2915 2970 3007 3025 ubi
3075 2988 3337 3044 responsa
3397 2986 3566 3046 atque

287 3050 511 3105 oracula
567 3053 841 3108 dabantur
880 3068 908 3107 a
967 3053 1116 3118 Deo;
1168 3054 1259 3107 ubi
1305 3053 1471 3108 etiam
1544 3056 1611 3108 ad
1666 3055 1867 3122 probos
1907 3065 1960 3111 et
1992 3059 2058 3112 ad
2097 3060 2300 3116 virtute
2331 3064 2593 3132 praeditos
2645 3065 2895 3120 homines
2960 3067 3303 3138 loquebatur,
3384 3085 3443 3128 ut
3497 3076 3562 3127 'iu

285 3140 667 3208 superioribus
728 3142 991 3197 diximus.
1043 3141 1200 3215 (Nam
1255 3143 1458 3214 alioqui
1522 3144 1666 3200 Deus
1724 3146 1871 3200 nulla
1911 3148 2251 3206 habitatione
2298 3168 2393 3206 seu
2435 3153 2597 3209 domo
2655 3155 2880 3225 indiget,
2948 3166 3043 3213 aut
3093 3161 3493 3239 tabctnac‘uo.)

358 3229 508 3284 Ἰδοὺ
544 3232 898 3303 ἠκούσαμεν
940 3235 1137 3301 αὐτὴν
1186 3234 1258 3287 ἐν
1301 3234 1608 3303 Εὸοςοραθᾶ.
1651 3237 1870 3310 Ἐπειδὴ
1898 3242 1942 3301 c

2048 3237 2217 3296 Vens.
2252 3241 2305 3298 6.
2361 3241 2495 3298 Ecce
2526 3246 2825 3301 audivimus
2853 3264 2969 3302 eam
3001 3251 3055 3303 in
3097 3234 3357 3320 Epitrata.
3417 3229 3563 3321 Quo-

293 3321 451 3391 παρὰ
500 3321 610 3374 τῶν
663 3326 921 3392 πατέρων
982 3324 1162 3395 ἡμῶν,
1218 3325 1252 3388 ἢ
1309 3327 1462 3395 παρὰ
1510 3326 1620 3379 τῶν
1673 3327 1870 3397 βίϐλων

1974 3331 2142 3398 niam,
2175 3334 2374 3404 inquit,
2407 3350 2436 3389 a
2487 3338 2734 3406 patribus
2768 3339 2994 3406 nostris,
3028 3343 3109 3397 vel
3137 3344 3301 3398 etiam
3339 3347 3560 3404 aliunde

283 3414 602 3483 ἡκούσαμεν
638 3416 926 3487 ἐνεχθῆναι
975 3417 1074 3486 τὴν
1106 3417 1362 3483 κιϐωτὸν,
1410 3421 1472 3470 ὲν
1502 3418 1579 3487 τῷ
1608 3418 1757 3490 τόπῳ
1789 3420 1870 3489 τῷ

1972 3439 2036 3478 ex
2078 3426 2253 3480 sacris
2284 3424 2469 3482 Libris
2520 3428 2833 3484 audivimus
2867 3447 3012 3496 eam,
3053 3450 3237 3489 aream
3300 3438 3559 3493 nimirum

283 3506 610 3578 καλουμένῳ
668 3508 952 3580 Εὑφραθᾶ.
1005 3510 1116 3564 Καὶ
1170 3509 1270 3582 τὴν
1303 3511 1509 3581 Ῥαχὴλ
1562 3512 1618 3566 δὲ
1670 3511 1867 3567 Θάπτει

1975 3513 2033 3568 in
2068 3513 2324 3586 Ephratae
2402 3518 2582 3571 locum
2658 3519 2889 3575 delatam
2965 3523 3159 3578 luisse.
3221 3526 3313 3580 Est
3373 3540 3554 3584 antem

295 3595 493 3649 Ἰακὼό
554 3600 615 3651 ἑν
662 3598 742 3670 τῷ
802 3598 1127 3669 ἱπποδρόμῳ
1173 3599 1269 3653 τοῦ
1325 3600 1621 3672 Εὐφραοᾶ·
1658 3604 1863 3670 Αὕτη,

1970 3603 2210 3674 Ephrata
2244 3609 2457 3671 eadem,
2508 3623 2629 3676 qum
2687 3617 2739 3662 et
2787 3609 3085 3667 Bethleem.
3125 3614 3381 3685 Legimus
3408 3624 3553 3675 enim

248 3702 255 3707 ’
283 3687 476 3755 φησδνν
510 3688 645 3743 ἐστὶ
676 3690 951 3760 Βηθλεέμ
972 3706 986 3721 ·
1019 3689 1183 3761 ἔφερε
1214 3692 1324 3761 γὰρ
1351 3692 1381 3744 ό
1412 3693 1578 3754 τόπος
1607 3690 1703 3744 τοῦ
1726 3708 1861 3763 προ-

1971 3692 2101 3747 alibi
2134 3694 2277 3762 apud
2305 3694 2647 3763 Scripturam
2677 3714 2691 3750 :
2716 3696 2978 3752 Bethleem
3009 3702 3200 3757 domus
3223 3703 3459 3773 Epitrata
3485 3710 3554 3766 ⁸⁸.

282 3778 518 3849 κατόχοιο
543 3780 606 3832 τὸ
629 3780 828 3853 ὄνομα.

1964 3784 2097 3840 Item
2150 3784 2323 3841 Jacob
2367 3802 2595 3841 uxorem
2631 3787 2840 3843 Rachel
2872 3791 3127 3862 sepelivit
3152 3795 3206 3849 in
3241 3794 3554 3866 Hippodrn-

282 3882 375 3921 nlo
429 3869 680 3940 Ephratm
713 3891 728 3928 :
766 3872 921 3941 Hac,
955 3873 1153 3945 inquit,
1228 3886 1306 3930 est
1356 3872 1642 3931 Bethleem.
1696 3876 2090 3948 Appellahatur
2141 3895 2377 3950 namque
2439 3881 2570 3935 olim
2620 3882 2775 3938 locus
2845 3883 2938 3939 ille
2980 3885 3143 3954 primi
3214 3892 3556 3960 possessoris

281 3961 524 4017 numine.

355 4053 629 4122 Εὖρομεν
671 4056 869 4125 αὐτὴν
900 4058 972 4113 ἐν
999 4060 1119 4126 τοῖς
1165 4060 1398 4129 πεδίοις
1449 4062 1557 4117 τοῦ
1603 4063 1855 4134 δρυμοῦ.

2036 4062 2341 4119 Invenimus
2383 4079 2497 4118 eam
2530 4063 2583 4117 in
2614 4067 2817 4133 campis
2851 4066 3021 4122 silvae.
3061 4066 3372 4123 Invenimus
3403 4087 3549 4126 eam.

279 4144 534 4215 Εὖρομεν
574 4148 748 4218 αὐτὴν
777 4149 888 4203 ἀπὸ
914 4151 1025 4204 τῶν
1054 4151 1367 4224 είρημένων
1389 4168 1404 4183 ’
1454 4154 1607 4223 παρὰ
1644 4156 1855 4210 τούτων

1962 4155 2066 4207 hoc
2091 4162 2195 4218 est,
2226 4167 2292 4207 eo
2342 4156 2504 4207 modo
2542 4152 2858 4218 didicimus,
2901 4165 2960 4210 ut
3000 4171 3166 4226 supra
3199 4157 3404 4213 dictum
3434 4172 3543 4225 est,

279 4236 560 4308 ἐμάθομεν
593 4239 764 4311 αὐτὴν
818 4242 1187 4313 αὐλιζομένην
1233 4247 1291 4298 ἐν
1326 4248 1439 4308 τοῖς
1497 4247 1703 4311 πεδίοις
1759 4247 1854 4301 τοῦ

1959 4259 1991 4298 a
2038 4244 2344 4314 majoribus
2372 4246 2628 4299 nimirum
2661 4248 2892 4311 nostris.
2956 4264 3054 4303 seu
3102 4265 3169 4304 ex
3217 4249 3420 4306 divinis
3480 4253 3549 4306 li-

277 4326 510 4398 δρυμοῦ,
574 4334 877 4396 τουτέστιν,
930 4327 1033 4387 ὧδε
1094 4336 1321 4388 κάκεῖσε
1385 4337 1852 4409 περιφερομένην,

1960 4337 2073 4391 bris
2100 4354 2115 4390 :
2148 4336 2475 4404 didicimus,
2538 4337 2788 4407 inquam,
2815 4354 2934 4394 eam
2962 4351 3351 4395 commoratam
3382 4343 3435 4396 fu
3462 4361 3552 4399 sse

278 4420 434 4490 παρὰ
462 4420 522 4475 τὸ
551 4422 626 4494 μὴ
654 4423 802 4495 ἔχειν
831 4426 996 4479 τόπον
1028 4427 1437 4498 ἀφωρισμένον.
1484 4427 1670 4483 Ταῦτα
1692 4429 1748 4482 δὲ
1775 4429 1855 4483 λέ-

1960 4427 2013 4480 in
2054 4427 2264 4496 campis
2319 4428 2492 4493 silvzr,
2564 4429 2668 4484 hoc
2698 4440 2804 4493 est,
2845 4430 2948 4484 hue
2979 4441 3142 4500 atque
3206 4431 3335 4487 illuc
3363 4449 3553 4487 etran-

276 4522 438 4574 γουσι
501 4512 866 4577 συνιστῶντες
897 4515 977 4567 ὅτι
1030 4516 1350 4583 ἀναγκαίως
1383 4518 1679 4588 ἐζήλωσεν,
1711 4519 1853 4589 ὑπὲρ
1888 4502 1896 4554 ¹

1928 4520 2029 4575 'tis
2061 4522 2114 4574 in
2148 4535 2353 4575 morem
2412 4522 2755 4587 circumlata,
2801 4530 2991 4593 utpote
3054 4542 3175 4596 qua:
3240 4532 3453 4581 eet-tum
3486 4545 3548 4584 ac

277 4598 451 4668 αὐτῆς
480 4603 505 4652 ὀ
532 4603 716 4667 Δασὶδ,
759 4607 853 4658 καὶ
884 4605 989 4676 τὸν,
1015 4605 1178 4658 τόπον
1237 4598 1417 4678 εὗρεν,
1465 4609 1605 4680 ὑπὲρ
1650 4605 1712 4665 οὗ
1753 4610 1851 4665 και)⁸

1953 4611 2286 4667 destinatum
2317 4611 2497 4667 locum
2520 4615 2757 4683 aliquem
2796 4630 2902 4668 non
2936 4614 3181 4671 haberet.
3222 4616 3334 4672 lioc
3361 4627 3543 4672 autem

279 4686 380 4740 νῦν
417 4690 779 4749 ἱκετεύουσιν.

1953 4703 2167 4769 dicunt,
2219 4702 2602 4759 demonstrare
2653 4706 3077 4771 contendentes,
3139 4709 3285 4777 quod
3353 4709 3545 4766 beatus

276 4781 447 4836 David
487 4792 800 4845 necessario
843 4791 1136 4848 admodum
1185 4807 1283 4863 pro
1325 4806 1390 4847 ea
1425 4791 1538 4847 zelo
1565 4801 1855 4865 correptus
1894 4806 1996 4865 est,
2030 4809 2091 4852 ut
2131 4799 2309 4855 locum
2342 4800 2494 4854 illum
2517 4800 2811 4863 inveniret,
2848 4814 2947 4868 pro
2980 4813 3090 4870 quo
3124 4799 3225 4870 ipsi
3295 4801 3348 4854 in
3412 4819 3545 4872 ιηιτς

276 4876 452 4931 sentiat
484 4879 550 4933 ad
585 4880 749 4935 Deum
782 4886 1114 4954 supplicant.

341 4967 828 5039 Εῖσελευσόμεθα
890 4976 977 5038 εἰς
1045 4973 1117 5027 τὰ
1190 4974 1555 5043 σκηνώματα
1624 4975 1852 5042 αὐτοῦ,

2023 4974 2248 5031 νεκεΠ.
2284 4975 2618 5032 Introeamus
2667 4978 2722 5031 in
2770 4976 3114 5031 tabernacula
3163 4975 3300 5042 ejus,
3354 4974 3544 5028 adore-

272 5059 801 5132 προσκυνήσωμεν
843 5067 932 5130 είς
962 5067 1069 5120 τόν
1101 5068 1310 5132 τόπον,
1353 5064 1426 5124 οὗ
1485 5069 1761 5135 ἔστησαν
1798 5071 1853 5123 οἱ

1955 5086 2069 5123 mus
2105 5070 2330 5133 inloco,
2381 5072 2470 5123 ubi
2519 5078 2776 5124 steterunt
2819 5069 2973 5137 pedes
3022 5068 3159 5136 ejus.
3197 5066 3319 5118 llaec
3375 5069 3537 5118 verba

273 5148 460 5214 πόδες
519 5153 729 5208 αὐτοῦ.
779 5154 966 5208 Tatiae.
1024 5156 1303 5229 προσώπῳ
1363 5158 1475 5211 τῶν
1539 5162 1597 5213 ὲν
1660 5161 1853 5223 αὐτοῖς

1951 5177 2018 5217 ex
2052 5172 2369 5216 sanctorum
2430 5175 2666 5231 persona
2699 5160 2845 5214 dicta
2887 5167 3040 5221 sunt,
3099 5155 3192 5224 qui
3229 5155 3432 5251 pop-nlo

280 5239 478 5307 ἁγίων,
532 5248 992 5314 προφητευόντων
1025 5251 1231 5314 αὐτοῖς,
1283 5252 1365 5304 ὅτι
1417 5252 1783 5322 ἀναστήσεται
1824 5254 1852 5303 ό

1951 5255 2263 5322 captivitate
2297 5254 2350 5307 in
2415 5254 2645 5322 patriam
2714 5250 2973 5305 restituto
3023 5247 3272 5301 aderant.
3328 5242 3534 5296 Praedi-

273 5333 426 5396 νειὸς,
464 5337 559 5388 καὶ
591 5338 992 5391 εἰσελεύσονται
1023 5341 1116 5395 καὶ
1149 5344 1589 5397 ποοσκυνίισουσι
1624 5346 1717 5396 καὶ
1753 5342 1849 5396 λα·

1949 5346 2098 5398 citur
2129 5350 2313 5399 autem
2375 5344 2464 5399 his
2514 5341 2717 5408 verbis,
2768 5337 3227 5411 quemadmodum
3267 5334 3529 5403 templum

371 5510 591 5570 ‘Mit'lt.
650 5530 680 5568 ν
749 5516 803 5568 ’2.

1626 5611 1825 5677 Variae
1850 5609 2180 5675 lectiones.

341 5709 449 5779 (33)
476 5708 680 5780 Supple
714 5711 1025 5783 Μνήσϐηττ.
