4102 6206
591 279 730 345 121)

1777 268 2162 334 EUTIIYMII
2192 265 2557 330 ZlGABENi'

3699 272 3721 334 ι
3734 271 3837 337 2!!)

577 391 764 446 denuo
793 387 1110 459 erigendum
1143 392 1287 452 erat,
1315 391 1367 438 et
1405 380 1866 454 quemadmodum
1904 379 2006 450 ipsi
2041 377 2172 434 illuc

2286 376 2622 448 τρεύσουσιν,
2647 377 2720 438 ὡς
2748 375 2812 431 τὸ
2844 377 3132 449 πρότερον.
3193 378 3540 449 Σκηνώματα
3577 380 3635 436 δὲ
3674 385 3706 453 ἦ
3746 389 3839 450 τὰς

581 480 885 552 ingressuri
939 485 1120 542 erant,
1143 485 1198 531 et
1231 477 1512 530 adoraturi
1542 477 1615 530 ibi
1653 475 1849 538 Deum,
1897 480 1954 525 nt
1990 478 2173 525 antea.

581 567 957 627 Tabernacula
1017 574 1221 630 autem,
1277 564 1465 633 templi
1517 565 1674 618 aulas
1705 559 2023 632 appellavit,
2089 557 2175 613 vel

589 668 762 733 ipsum
798 659 1084 729 templum,
1129 657 1329 728 plurali
1363 671 1498 711 usus
1533 669 1763 710 numero
1815 651 2174 706 Hebraeorum

584 767 757 817 more,
792 759 851 806 ut
887 765 1030 820 smpe
1069 749 1332 804 diximus.
1368 747 1639 802 Praeterea
1670 745 1760 800 Dei
1795 742 2174 805 tabernacula,

587 858 650 896 ac
682 841 846 912 pedes
884 839 998 902 Dei,
1041 849 1094 894 et
1129 841 1348 894 stetisse
1391 838 1583 902 Deum,
1640 838 1880 890 humano
1915 848 2066 888 more
2095 832 2175 885 di-

587 935 683 996 xit,
739 942 796 984 ut
872 931 1184 984 auditorum
1289 928 1604 983 hebetudiui
1687 923 2174 980 condescenderet.

591 1022 741 1077 Illinc
772 1023 977 1076 etenim
1013 1020 1299 1075 horrenda:
1367 1019 1473 1073 illae
1532 1033 1698 1073 voces
1762 1015 2008 1080 exibant,
2048 1026 2171 1083 quae

588 1119 820 1170 obscura
880 1123 1044 1183 atque
1116 1113 1370 1182 ambigua
1425 1111 1683 1181 quaelibet
1752 1110 1816 1162 de
1855 1107 2170 1163 Judaeorum

590 1211 752 1264 rebus
783 1208 1153 1268 declarabant.
1198 1217 1251 1260 et
1283 1205 1463 1258 iutura
1501 1203 1893 1272 prtedicebant.

659 1299 826 1354 Vens.
858 1300 909 1353 8.
957 1298 1218 1368 Exsurge,
1255 1297 1498 1361 Domine,
1531 1297 1584 1348 in
1609 1295 1833 1364 requiem
1867 1301 2032 1346 tuam.
2064 1289 2179 1346 Hoc

586 1404 673 1447 est
705 1395 757 1445 in
788 1393 1050 1461 templum
1099 1399 1250 1443 tuum
1277 1397 1440 1458 atque
1477 1387 1546 1441 ad
1585 1386 1708 1456 ejus
1732 1384 2175 1447 mditicationcm,

592 1493 645 1536 tu
697 1499 804 1552 quo
844 1493 1003 1536 antea
1042 1479 1425 1550 requiescebas
1456 1495 1472 1534 :
1505 1478 1610 1531 hoc
1649 1486 1754 1542 est,
1794 1476 1918 1531 veni
1947 1475 2014 1528 ad
2046 1475 2178 1529 illud

594 1579 879 1645 tem-plum,
924 1585 1090 1644 atque
1123 1575 1187 1628 ad
1248 1574 1394 1628 illius
1453 1571 1554 1626 loci
1595 1571 1880 1631 auxilium,
1915 1568 2060 1638 quod
2089 1584 2176 1624 re-

596 1669 903 1738 frigerium,
961 1669 1035 1720 ita
1087 1675 1145 1720 ut
1189 1665 1390 1730 dicam,
1429 1671 1692 1732 praestare
1720 1662 1818 1716 tibi
1851 1660 2087 1724 solebat,
2126 1669 2181 1714 et

594 1761 864 1830 requiem.

667 1851 750 1904 Tu
787 1860 836 1904 et
867 1866 994 1903 arca
1021 1846 1469 1917 sanctiﬁcationis
1504 1853 1627 1900 tute.
1671 1843 1936 1913 Exsurge,
1981 1841 2178 1910 inquit,

596 1954 654 1998 ttt
713 1958 820 1997 una
881 1957 1006 1996 cum
1087 1938 1546 1994 sanctiﬁcationis
1632 1947 1738 1992 tute
1788 1951 1941 1990 arca.
1990 1936 2184 2008 Potest,

594 2037 741 2091 enim
770 2043 825 2090 et
852 2033 964 2099 illa,
987 2030 1449 2104 quemadmodum
1495 2031 1648 2095 olim,
1683 2026 2002 2082 admiranda
2035 2039 2182 2081 nunc

594 2129 759 2184 etiam
800 2125 970 2179 multa
1024 2124 1312 2194 perlicere,
1368 2130 1591 2192 propter
1640 2119 1880 2174 divinam
1929 2119 2184 2188 gratiam,

597 2237 718 2290 quae
767 2220 822 2272 in
848 2233 912 2272 ea
951 2225 1058 2273 est.
1101 2214 1308 2270 Divina;
1360 2213 1564 2267 etenim
1599 2213 1791 2281 gratiae
1825 2210 2024 2263 domus
2067 2223 2181 2261 me-

601 2313 706 2362 rito
748 2313 963 2377 poterat
1003 2304 1284 2375 appellari.
1307 2301 1960 2356 Sauctilicatiouisetiam
1994 2313 2182 2352 arcam

596 2401 760 2460 dixit,
846 2409 1106 2465 tauquam
1181 2392 1618 2447 sanctilicatione
1699 2390 1937 2458 plenam,
1985 2398 2038 2443 et
2091 2403 2186 2456 per

597 2505 758 2560 quam
791 2489 960 2540 multa
1010 2485 1349 2539 sanctilicari
1387 2484 1733 2537 dicebantur.
1787 2479 1921 2533 Nam
1963 2491 2019 2532 et
2063 2495 2186 2533 out-

597 2581 687 2632 nia
753 2593 873 2648 quae
939 2577 992 2629 iu
1064 2590 1128 2627 ea
1185 2574 1591 2642 reponebantur
1665 2579 1854 2626 sancta
1907 2578 2084 2634 erant,
2133 2577 2187 2624 et

597 2671 903 2742 praesertim
937 2668 1044 2728 lex,
1097 2681 1219 2736 quae
1275 2665 1551 2735 quoslibet
1617 2664 1682 2716 ad
1735 2678 1794 2718 se
1847 2663 2179 2718 accedentes

594 2761 998 2818 sanctiﬁcabat.
1064 2757 1160 2813 Vel
1222 2772 1318 2828 per
1374 2757 1867 2811 sanailicationetu
1923 2754 2184 2824 templum

599 2858 778 2925 ipsum
810 2851 1083 2923 intelligit,
1106 2860 1360 2919 tanquam
1392 2847 1501 2902 Deo
1527 2846 1945 2912 sanctiﬁcatum,
1972 2843 2186 2914 etquod

602 2950 658 3000 in
692 2946 900 3016 psalmo
938 2958 1104 2998 eum
1166 2939 1542 2995 sanctuarium
1586 2938 1898 3008 appellavit,
1947 2937 2182 2993 dicens:

598 3037 957 3092 Incendernnt
989 3037 1043 3087 in
1091 3035 1207 3103 igne
1236 3032 1604 3086 sanctuarium
1636 3040 1805 3083 tuum.

2275 472 2445 536 αὐλὰς
2478 472 2646 527 αὑτοῦ
2681 472 2992 542 ὠνόμασεν,
3036 473 3069 542 ἢ
3098 471 3260 527 αὑτὸν
3290 475 3355 543 δὴ
3401 475 3496 527 τὸν
3529 477 3676 538 ναὸν,
3711 480 3842 548 πλη.

2277 562 2542 628 θυντικῶς
2571 561 2765 626 εἰπὼν,
2799 563 2875 626 ὼς
2907 563 3169 626 πολλάκις
3203 564 3324 626 ἔθος
3368 565 3663 635 Ἑϐραίοις.
3706 568 3842 638 Σκη-

2276 656 2507 726 νώματα
2532 655 2590 709 δὲ
2621 656 2716 710 καὶ
2752 656 2917 719 πόδας
2958 657 3055 710 καὶ
3086 657 3279 711 στάσιν
3319 655 3438 710 εἷπε
3463 658 3601 712 Θεοῦ
3644 660 3844 728 ἀνθρωο

2276 746 2575 816 ποπρεπῶς
2639 747 2726 800 διὰ
2777 746 2877 817 τὴν
2936 747 3226 818 παχύτητα
3270 748 3379 801 τῶν
3455 750 3842 820 ἀκροωμένων.

2290 837 2533 892 Ἐκεῖθεν
2564 839 2672 909 γὰρ
2703 839 2964 910 ἐφέροντο
2992 842 3047 894 αἱ
3083 840 3311 910 φρικταὶ
3343 842 3522 910 φωναὶ
3575 842 3709 912 περὶ
3745 842 3846 895 τῶν

2277 932 2337 983 ἐν
2371 931 2654 994 Ἰουδαίοις
2689 931 3060 1002 πραγμάτων,
3124 932 3355 987 λύουσαι
3397 934 3464 987 τὰ
3510 935 3722 1006 ἀσαφῆ,
3763 938 3848 987 καὶ

2281 1022 2410 1093 περὶ
2438 1020 2549 1076 τῶν
2576 1021 2882 1093 μελλόντων
2911 1022 3301 1094 προλέγουσαι.

2351 1290 2688 1359 Ἀνάστηθι,
2713 1293 2891 1362 Κύριε
2909 1332 2924 1358 ,
2960 1295 3048 1360 εις
3068 1294 3184 1363 τὴν
3205 1294 3556 1350 ἀναπαυσίν
3581 1313 3723 1352 σου.
3763 1299 3845 1362 Εἰς

2279 1382 2371 1436 τὸν
2407 1383 2536 1437 ναόν
2573 1401 2690 1448 σου,
2733 1386 2815 1448 είς
2842 1385 3132 1457 οἰκοδομὴν
3163 1388 3366 1453 αὐτοῦ,
3403 1391 3461 1443 ἐν
3482 1382 3527 1457 ᾧ
3557 1391 3844 1451 avena-39a,

2280 1474 2587 1538 τουτέστιν,
2643 1477 2724 1537 είς
2771 1475 2866 1530 τὸν
2914 1477 3266 1533 ἀναπαύοντά
3319 1495 3377 1532 σε
3433 1479 3582 1547 ναὸν,
3620 1484 3700 1544 εἰς
3732 1497 3845 1533 συν-

2282 1565 2474 1636 εργίαν
2506 1565 2701 1622 αὐτοῦ.

2354 1828 2436 1881 Σὺ
2469 1830 2566 1882 καὶ
2615 1831 2652 1897 ἡ
2681 1831 2929 1898 κιϐωτὸς
2969 1831 3076 1886 τοῦ
3120 1832 3491 1902 ἁγιάσματός
3528 1847 3665 1889 σου.
3704 1835 3846 1888 ’Λνά-

2282 1922 2440 1990 στηθι
2472 1923 2536 1975 σὺ
2568 1924 2660 1976 καὶ
2688 1925 2720 1994 ἡ
2751 1923 2984 1986 κιϐωτὸς
3004 1926 3105 1988 τῆς
3131 1925 3450 1996 ἁγιωσύνης
3482 1943 3597 1979 σου.
3619 1927 3846 1981 Δύναται

2282 2016 2392 2086 γὰρ
2423 2016 2518 2068 καὶ
2549 2016 2711 2085 αὑτὴ,
2739 2015 2816 2080 ὡς
2855 2016 3027 2069 πολλὰ
3057 2017 3316 2080 πολλάκις
3346 2022 3848 2090 τερατουργήσασα,

2281 2107 2369 2160 διὰ
2399 2107 2500 2176 τῆς
2535 2109 2592 2159 ἐν
2629 2109 2768 2178 αὐτῇ
2807 2111 3030 2177 χάριτος
3053 2123 3068 2136 ⁵
3110 2108 3204 2160 καὶ
3237 2107 3317 2161 ὅτι
3355 2109 3449 2161 καὶ
3474 2109 3678 2179 ταύτης
3712 2105 3846 2172 οἶκος

2286 2196 2354 2269 ἦν
2383 2194 2540 2260 οὗτος
2561 2216 2574 2228 ·
2610 2199 2842 2262 κιϐωτὸς
2863 2199 2920 2253 δὲ
2942 2199 3042 2269 τῆς
3073 2200 3409 2270 ἁγιωσύνης,
3431 2200 3507 2263 ὡς
3533 2202 3844 2271 πεπλησμέ-

2283 2309 2379 2361 νης
2409 2290 2742 2360 ἁγιωσύνης,
2779 2292 2847 2345 δι’
2879 2287 2947 2363 ἦς
2979 2283 3174 2362 ήγίαζε
3195 2309 3211 2324 ο
3240 2292 3309 2345 τά
3339 2310 3400 2346 τε
3436 2294 3546 2364 γὰρ
3576 2293 3848 2346 ἐναποκει-

2288 2400 2428 2452 μενα
2457 2384 2597 2454 αὐτῇ
2617 2423 2631 2447 ,
2660 2384 2792 2453 ἅγια
2816 2379 2982 2454 ἦσαν,
3014 2386 3109 2438 καὶ
3155 2385 3363 2438 τούτων
3402 2386 3607 2455 μᾶλλον
3635 2387 3672 2446 ὁ,
3695 2386 3845 2454 νόμος

2289 2474 2485 2544 ἡγίαζε
2518 2477 2647 2538 τοὺς
2681 2476 2974 2546 μετιόντας
3009 2476 3194 2530 αὐτόν.
3233 2477 3304 2528 Ἢ
3339 2476 3590 2545 ἁγίασμα
3615 2477 3706 2528 τὸν
3734 2477 3847 2529 ναὸν

2287 2567 2456 2636 λέγει,
2490 2568 2564 2632 ὡς
2593 2569 2938 2640 ἡγιασμένον
2972 2567 3048 2639 τῷ
3090 2569 3233 2639 Θεῷ,
3280 2570 3379 2622 καὶ
3411 2569 3724 2636 ἀγιὰζοντα,
3756 2567 3849 2619 καὶ

2287 2662 2394 2712 τῶν
2452 2660 2624 2729 ἁγίων
2658 2661 3016 2732 παρεκτικὸν,
3053 2663 3112 2716 ὃν
3146 2665 3241 2716 καὶ.
3294 2665 3354 2717 ἐν
3409 2662 3484 2732 τῷ
3509 2668 3585 2730 στ’
3618 2662 3849 2732 ψαλμῷ,

2288 2755 2644 2825 ἁγιαστήριον
2670 2755 2956 2826 ὠνόμασεν
2974 2771 2990 2788 ο
3027 2756 3432 2824 Ἐνεπύρισαν
3455 2756 3565 2825 τὰρ
3596 2755 3664 2811 τὸ
3695 2755 3756 2824 ὸτ
3773 2762 3850 2810 ..ιο

2286 2845 2539 2914 στήριόν
2564 2861 2706 2913 σου,
2744 2849 2934 2918 φησιν,
2957 2848 3027 2902 ἐν
3054 2849 3223 2919 πυρί.

674 3129 838 3183 Vens.
872 3130 926 3182 9.
960 3087 1276 3179 Sacer'dotes
1313 3125 1389 3174 tui
1429 3119 1960 3188 induenturjustitia.
1989 3116 2046 3172 Si
2084 3118 2182 3173 hoc

2367 3118 2432 3169 Οί
2503 3116 2680 3184 ἱερεῖς
2729 3133 2850 3172 σου
2910 3120 3273 3178 ἐνδύσονται
3324 3122 3744 3191 δικαιοσύνην,
3795 3120 3848 3174 Et

601 3221 810 3274 factum
856 3219 1045 3279 fuerit,
1100 3213 1422 3269 sacerdotes
1459 3212 1540 3264 tui
1615 3212 1790 3265 instar
1838 3209 2188 3278 vestisjusti-

601 3311 732 3364 tiam
797 3308 1052 3368 induent,
1092 3305 1275 3358 cultus
1301 3305 1554 3356 nimirum
1592 3301 1828 3356 divinos.
1859 3298 1978 3363 Vel,
2029 3298 2188 3354 Omni

591 3397 808 3487 iustitia
883 3393 1202 3458 induentur,
1273 3392 1375 3445 boc
1448 3398 1556 3455 est,
1629 3390 1884 3444 universa
1941 3389 2187 3453 virtute,

609 3479 796 3559 inpete
844 3487 958 3558 jam
1003 3485 1168 3538 Deutn
1237 3484 1504 3543 colentes,
1558 3481 1804 3551 atquein
1828 3479 1946 3536 dies
2012 3480 2188 3550 magis

600 3582 825 3636 virtutis
859 3580 1036 3650 ipsius
1073 3575 1315 3631 studium
1351 3576 1683 3646 amplexuri.

676 3672 742 3726 Et
775 3671 950 3726 sancti
1023 3668 1100 3723 tui
1162 3667 1526 3722 exsultabant.
1581 3667 1645 3720 Et
1698 3665 1917 3736 reliqui,
1986 3665 2184 3736 inquit,

611 3762 891 3826 hutuines,
924 3762 1018 3831 qui
1074 3761 1176 3816 tibi
1235 3757 1568 3814 satictiiit-ati
1641 3772 1708 3811 ac
1751 3755 1986 3811 dedicati
2034 3763 2185 3821 sunt,

600 3852 978 3916 exsultabant,
1043 3851 1147 3905 hoc
1211 3861 1318 3914 est,
1401 3852 1694 3903 universus
1774 3846 2008 3917 populus
2058 3855 2187 3902 tuus

625 3947 791 3999 atitia
852 3946 1143 3999 afﬁcietur.
1204 3942 1300 3997 Vel
1356 3957 1452 4011 per
1499 3949 1742 4004 sanctos,
1787 3955 1881 3994 eos
1911 3939 2187 4010 intelligit,

602 4035 698 4104 qui
749 4049 860 4104 prae
912 4035 1128 4090 caeteris
1192 4033 1540 4088 excellebant
1610 4031 1934 4085 virtutibus.
1982 4028 2188 4084 Deinde

2292 3209 2454 3262 τοῦτο
2502 3210 2754 3280 γένηται,
2810 3212 2862 3266 oi
2919 3214 3086 3286 ἱερεῖς
3141 3233 3236 3269 σου
3300 3216 3641 3281 ἐνδύσονται,
3709 3217 3847 3285 δίκην

2293 3300 2539 3370 ίματίου,
2595 3303 2698 3373 τὴν
2731 3305 3088 3378 δικαιοσύνην
3117 3308 3215 3378 τῆς
3246 3308 3540 3380 λατρείαςο
3595 3310 3630 3381 ἢ
3661 3309 3848 3363 δίκαιοι

2292 3390 2355 3443 σύ
2368 3409 2466 3462 νην
2494 3395 2697 3459 πᾶσαν,
2729 3397 2908 3451 εῐτουν
2945 3399 3211 3452 παντοίαν
3253 3401 3480 3472 ἀρετὴν,
3510 3402 3613 3472 ἤδη
3643 3402 3843 3471 λατρεύ·

2289 3500 2472 3550 οντες,
2519 3486 2615 3539 καὶ
2652 3487 2852 3552 μᾶλλον
2882 3489 3080 3559 ἀρετῆς
3106 3492 3413 3561 φροντίζειν
3444 3492 3773 3562 ὀςείλοντες.

2363 3667 2472 3722 Καί
2501 3669 2556 3721 oi
2579 3666 2741 3722 ὅσιοί
2770 3685 2888 3723 σου
2911 3671 3410 3738 ἀγαλλιὰσονται.
3461 3675 3526 3726 Oi
3565 3673 3775 3732 λοιποὶ.
3809 3672 3846 3725 ο*

2300 3757 2719 3828 καθωσιωμένοι
2767 3777 2871 3825 σοι,
2901 3764 3186 3816 τουτέστιν
3217 3764 3246 3815 ὁ
3276 3764 3404 3828 λαός
3449 3782 3568 3830 σου,
3601 3763 3846 3833 ἀγαλλιά-

2297 3864 2520 3902 σονταιο
2559 3849 2590 3920 ἢ
2639 3850 2823 3912 ὁσίους
2858 3851 3006 3916 λέγει
3059 3854 3185 3914 τοὺς
3232 3856 3696 3925 ἐναρετωτέρους.
3738 3852 3846 3906 Εἶτα

2297 3941 2460 3994 πάλιν
2488 3941 2581 3993 ἐπὶ
2614 3941 2710 3994 τοῦ
2741 3943 2908 3996 Δα6”ιδ
2949 3945 3408 4013 καταφεύγουσιν,
3454 3947 3711 4011 ἀναξίους
3743 3948 3847 4002 ἐαυ·

2295 4033 2422 4096 τοὺς
2451 4033 2767 4102 ἡγούμενοι.

601 4141 797 4183 rursus
870 4125 938 4180 ad
988 4124 1309 4178 memoriam
1385 4121 1713 4192 confugiunt
1783 4121 1927 4176 beati
1995 4119 2187 4187 David,
2263 4127 2474 4192 svipsos
2553 4125 2810 4197 indignos
2848 4142 2967 4183 esse
2995 4126 3336 4198 iudicantes,
3385 4129 3478 4200 qui
3531 4130 3764 4200 gratiam
3826 4144 3853 4184 ε

605 4220 716 4272 Deo
750 4217 964 4288 possint
1010 4217 1326 4284 impetrare.

677 4309 842 4362 Vnus.
879 4307 965 4360 10.
1002 4305 1222 4372 Propter
1259 4301 1428 4356 David
1480 4317 1684 4355 servum
1727 4312 1871 4354 tuum
1904 4317 2007 4354 non
2036 4316 2187 4353 auer-

2363 4303 2618 4356 Ἕνεκεν
2666 4301 2842 4355 Δαϐὶδ
2879 4302 2985 4356 τοῦ
3017 4301 3243 4358 δούλου
3270 4319 3420 4370 σου,
3448 4305 3532 4375 μὴ
3563 4306 3853 4375 ἀποστρέ-

603 4410 689 4454 tas
717 4400 907 4470 [aciem
944 4397 1142 4452 Christi
1191 4397 1287 4449 tui.
1327 4393 1442 4449 Hoc
1476 4402 1580 4460 est,
1613 4408 1739 4446 eum
1775 4408 1881 4446 non
1927 4407 2180 4462 respuas,

2295 4405 2422 4464 ψῃς
2467 4395 2535 4448 τὸ
2575 4395 2902 4462 πρόσωπον
2957 4395 3064 4450 τοῦ
3119 4397 3376 4464 Χριστοῦ
3427 4413 3567 4455 σου.
3606 4399 3854 4454 Τουτέστι

601 4493 720 4564 qui,
772 4498 830 4544 ut
869 4490 1122 4558 princeps
1169 4487 1311 4541 foret
1366 4501 1532 4556 super
1568 4499 1692 4548 nos,
1753 4499 1783 4537 a
1841 4496 1893 4538 te
1920 4485 1975 4537 iu
2006 4499 2184 4550 regem

601 4591 806 4638 unctus
838 4590 942 4635 est.
995 4579 1164 4633 Tuum
1241 4586 1425 4632 autem
1478 4578 1639 4640 dixit,
1696 4584 1755 4629 ut
1813 4576 1903 4629 Dei
1945 4576 2185 4630 benevo-

617 4675 826 4730 entiam
863 4688 990 4744 erga
1027 4687 1152 4727 eum
1228 4672 1578 4733 ostenderet;
1632 4667 1713 4720 vel
1780 4675 2002 4720 unctum
2056 4681 2087 4718 a
2136 4675 2189 4720 te

599 4781 698 4836 per
728 4766 900 4836 legem
949 4773 1122 4818 tuam.
1147 4761 1266 4817 Non
1289 4773 1504 4815 avertas
1531 4769 1708 4813 autem
1745 4773 1870 4812 eum
1897 4759 2186 4812 nobiscum

600 4872 700 4928 pro
733 4855 942 4927 templi,
973 4855 1236 4918 civitatis,
1284 4863 1341 4908 et
1397 4851 1546 4922 regni
1615 4848 1896 4904 erectionc
1961 4848 2186 4917 suppli-

597 4958 837 5008 cante'n.
931 4963 1031 5002 nec
1101 4948 1294 5002 inanes
1363 4945 1512 5000 illius
1590 4957 1781 5012 preces
1859 4939 1977 4996 fore
2060 4956 2188 5011 per-

597 5043 823 5097 mittito.

671 5133 834 5188 Vnus.
882 5133 968 5186 Η.
1016 5131 1232 5185 Iuravit
1279 5129 1538 5184 Dominus
1583 5129 1686 5198 ipsi
1753 5127 1922 5181 David
1991 5127 2186 5180 cerita-

596 5237 721 5279 tem.
758 5223 872 5279 Hoc
904 5231 1012 5285 est,
1073 5222 1328 5277 stabilem
1384 5235 1448 5276 ac
1516 5234 1702 5275 veram
1753 5217 2182 5289 promissionem

598 5317 752 5370 fecit.

669 5405 738 5459 Et
781 5409 894 5460 non
927 5413 1217 5460 contemnet
1279 5421 1417 5458 eam.
1501 5404 1634 5458 Cum
1693 5417 1854 5457 verax
1899 5402 1991 5467 sit,
2023 5399 2185 5471 quin-

598 5498 708 5552 imo
731 5509 786 5553 et
810 5500 928 5568 ipsa
964 5499 1186 5553 veritas.
1218 5500 1480 5564 Quaenam
1521 5505 1702 5550 autem
1737 5494 1900 5549 fuerit
1925 5493 2039 5548 lure
2058 5509 2187 5564 pro-

598 5591 817 5652 missio,
849 5590 979 5643 audi
1007 5607 1022 5645 :

673 5676 749 5728 De
775 5676 952 5742 [rm-tu
993 5681 1185 5733 ventris
1213 5682 1310 5748 tui,
1354 5697 1542 5750 ponam
1566 5695 1719 5748 super
1743 5679 1984 5735 thronum
2014 5690 2180 5733 tuum.

2298 4485 2390 4540 τὸν
2420 4486 2714 4557 χρισθέντα
2751 4489 2827 4548 εἰς
2864 4485 2925 4538 τὸ
2959 4485 3150 4557 ἄρχειν
3181 4490 3334 4558 ἡμῖν,
3386 4491 3459 4544 Τὸ
3505 4491 3623 4546 σοῦ
3675 4494 3754 4556 δὲ,
3793 4494 3852 4544 oi-

2293 4582 2569 4644 κειώσεὼς
2603 4584 2753 4634 ἐστιν
2775 4596 2789 4611 °
2834 4582 2866 4652 ἢ
2901 4582 2991 4635 τὸν
3053 4583 3349 4655 χρισθέντα
3391 4585 3479 4638 διὰ
3524 4584 3619 4639 σοῦ
3649 4586 3736 4639 διὰ
3771 4583 3854 4640 τοῦ

2292 4673 2460 4743 νόμου
2495 4691 2612 4728 σου.
2660 4677 2752 4747 Μὴ
2801 4679 3155 4750 ἀποοτρέψῃς
3203 4679 3366 4732 αὐτὸν
3413 4679 3722 4748 ἄπρακτον,
3753 4677 3853 4730 δεό-

2295 4769 2456 4835 μενόν
2487 4786 2583 4822 σου
2621 4772 2740 4839 μεθ’
2791 4772 2950 4842 ἡμῶν
2999 4773 3142 4842 ὑπέρ
3195 4789 3254 4824 τε
3312 4771 3416 4827 τοῦ
3442 4771 3572 4825 ναοῦ
3619 4775 3718 4826 καὶ
3764 4770 3854 4839 τῆς

2295 4866 2525 4930 πόλεως,
2563 4869 2657 4918 καὶ
2687 4864 2786 4936 τῆς
2817 4867 3120 4936 βασιλείας.

2365 5135 2589 5204 "Opaca
2641 5135 2858 5204 Κύριος
2909 5132 2992 5200 τῷ
3035 5134 3214 5188 Δαὸὶδ
3257 5133 3567 5200 ἀλήθειαν.
3615 5132 3853 5191 Βεὸαίως

2290 5225 2680 5296 ἐπηγγείλατο,
2711 5223 2974 5297 ἀληθινὴν
3011 5225 3367 5294 ἐπαγγελίαν.

2359 5405 2465 5459 Καὶ
2510 5406 2582 5458 οὐ
2627 5405 2713 5474 μὴ
2760 5405 3042 5472 ἀθετήσει
3095 5405 3312 5471 αὐτήν.
3363 5402 3597 5473 Ἀληθὴς
3626 5400 3703 5454 ὢν
3763 5401 3850 5452 καὶ

2287 5496 2677 5567 αὐτοαλήθεια.
2706 5495 2802 5559 Τίς
2827 5496 2884 5549 δὲ
2908 5497 2943 5567 ὴ
2979 5494 3306 5564 ἐπαγγελία,
3340 5494 3592 5549 ἄκουσον.

2375 5679 2475 5730 Ἐκ
2505 5675 2737 5745 καρποῦ
2771 5674 2880 5744 τῆς
2911 5675 3143 5739 κοιλίας
3168 5689 3285 5728 σου
3324 5672 3585 5743 θήσομαι
3617 5666 3715 5721 ἐπὶ
3749 5661 3848 5720 τοῦ
