4102 6206
339 291 468 356 1921

1502 297 1890 366 COMMENT.
1924 302 2006 367 IN
2042 305 2398 368 PSALMOS.

3427 308 3569 377 1222

319 410 530 478 θρόνου
561 425 698 464 σου.
746 409 869 462 Ἐπὶ
917 408 1010 463 τοῦ
1070 408 1262 479 θρόνου
1307 410 1405 480 τῆς
1454 412 1734 482 βασιλείας
1767 433 1885 470 σου.

1999 417 2111 472 Hoc
2139 427 2242 483 est,
2289 420 2344 473 in
2392 419 2610 480 throno,
2641 428 2803 489 atque
2847 418 2901 473 in
2938 419 3068 476 sede
3102 422 3253 492 regni
3314 424 3416 480 Itti.
3455 425 3573 481 Nec

319 501 428 554 Καὶ
453 503 511 554 ού
548 502 700 556 τοῦτο
727 503 909 574 μόνον,
937 501 1073 556 ἀλλὰ
1097 503 1192 555 καὶ
1215 502 1402 574 ἕτερα.
1436 505 1479 557 Τ
1486 506 1570 559 ίνα
1603 507 1660 562 δὲ
1686 508 1885 575 ταῦτα,

319 594 448 647 inoo
456 611 566 646 σον.

361 685 532 738 ’Ἐὰν
585 685 969 754 φυλάξωνται
1014 691 1070 743 ol
1127 691 1247 745 υἱοί
1282 707 1401 745 σου
1433 689 1550 760 τὴν
1593 692 1890 762 διαθήκην

319 793 454 844 μου,
505 775 604 829 καί
644 777 716 830 τὰ
769 779 1065 847 μαρτύριά
1104 797 1248 849 μου.
1286 779 1325 835 ἆ
1352 780 1575 846 διδάξω
1635 784 1886 851 αὐτοὺς,

320 867 415 921 καὶ
444 871 495 921 οἱ
526 868 644 922 υἱοὶ
673 868 873 922 αὐτῶν
897 871 1010 936 ἕως
1049 872 1157 927 τοῦ
1185 873 1400 940 αίῶνος
1421 862 1768 930 καθιόῦνται
1793 877 1891 931 ἐπὶ

321 959 426 1013 τοῦ
465 961 684 1027 θρόνου
732 977 870 1016 σου.
935 963 1062 1017 Ἐὰν
1096 965 1384 1036 τηρήσωσι
1435 966 1528 1019 τὸν
1560 968 1724 1037 νόμον
1789 985 1889 1038 μου

320 1055 369 1106 οἰ
408 1052 517 1105 υἱοί
551 1070 669 1119 σου,
723 1056 787 1107 ἐκ
832 1054 1084 1124 διαδοχῆς
1118 1056 1497 1126 βασιλεύοντες
1521 1073 1537 1090 ·
1566 1059 1756 1114 τοῦτον
1784 1064 1891 1133 γὰρ

321 1142 550 1197 ἐκάλεσε
572 1143 839 1214 διαθήκην
861 1162 875 1177 ·
918 1145 1076 1199 ἔτιδὲ
1105 1149 1199 1200 καὶ
1225 1148 1530 1220 μαρτύρια,
1571 1150 1649 1216 ὡς
1697 1155 1756 1206 ἐν
1815 1153 1891 1223 τῷ

324 1232 428 1305 ριη⁹
452 1234 676 1306 ψαλμῷ,
705 1235 1317 1307 πολλάκιξδεδήλωται.
1353 1239 1538 1294 Ταῦτα
1590 1241 1667 1302 δὲ,
1702 1246 1890 1314 φησιν,

321 1323 585 1389 estadeo.
615 1325 813 1389 αὐτοὺς
874 1326 963 1392 διὰ
1012 1327 1115 1398 τῆς
1147 1327 1511 1398 ἀναγνώσεως
1552 1331 1750 1394 αὐτῶν,
1791 1334 1893 1388 οὐκ

320 1415 477 1467 αὐτοὶ
535 1416 698 1485 μόνον
765 1416 1205 1486 βασιλεύσουσιν,
1260 1421 1397 1474 ἀλλὰ
1447 1422 1541 1475 καὶ
1579 1424 1629 1476 οἱ
1686 1422 1893 1478 τούτων

321 1505 428 1556 υἱοὶ
459 1507 546 1558 ἀεὶ
573 1505 956 1575 βασιλεύσουσι
1023 1510 1166 1563 κατὰ
1189 1511 1462 1581 διαδοχήν.
1530 1512 1766 1568 Τοιαῦτα
1793 1514 1894 1584 μὲν

319 1594 390 1647 τὰ
420 1596 520 1665 τῆς
569 1596 900 1667 ἐπαγγελίας
923 1615 937 1630 ο
999 1601 1121 1653 ἐπεὶ
1152 1602 1209 1655 δὲ
1245 1603 1346 1656 οὐκ
1386 1604 1680 1672 ἐφύλαξαν,
1704 1606 1895 1672 ἐξέπε-

1996 516 2206 565 tantum
2269 510 2371 564 hoc
2417 510 2590 577 dixit,
2639 511 2734 566 sed
2791 520 2845 565 et
2898 511 3002 566 alia
3044 527 3166 582 qua:
3236 527 3568 585 sequuntur.

2062 679 2231 738 Vens.
2281 683 2367 737 l2.
2401 681 2461 736 Si
2514 683 2856 738 custodierint
2916 686 3016 754 ﬁlii
3067 686 3145 738 tui
3200 694 3575 741 testamentum

1993 791 2187 840 meum,
2216 784 2265 830 et
2309 776 2610 830 testimonia
2645 793 2759 830 mea
2793 777 2924 840 haec,
2971 794 3088 846 qute
3133 778 3321 832 docebo
3363 796 3474 843 eos,
3525 792 3574 834 et

1991 865 2090 932 ﬁlii
2119 881 2300 918 eorum
2330 865 2384 916 in
2415 865 2668 918 ste-culum
2703 865 2887 919 swculi
2923 869 3173 920 sedebant
3221 883 3377 934 super
3418 871 3566 922 thro-

1993 972 2116 1010 num
2153 965 2320 1009 tuum.
2355 954 2412 1010 Si
2447 957 2540 1010 lllii
2571 959 2668 1019 ttti,
2702 957 2898 1026 inquit,
2928 957 3021 1027 qui
3053 973 3149 1027 per
3187 960 3572 1014 successiones

1995 1048 2326 1118 regnabunt,
2351 1047 2524 1118 legem
2557 1064 2732 1104 meam
2759 1050 3191 1104 obscrvaverint.
3242 1051 3344 1105 Per
3400 1063 3569 1105 testa-

1994 1149 2238 1193 mentum
2272 1141 2418 1195 enim
2452 1150 2509 1195 et
2538 1157 2636 1211 per
2673 1142 2982 1196 testimonia
3011 1180 3027 1204 ,
3061 1141 3233 1210 legem
3266 1144 3438 1212 ipsam
3493 1145 3575 1195 in-

1995 1232 2212 1300 telligit,
2247 1233 2714 1301 quemadmodum
2745 1243 2799 1288 et
2829 1249 2971 1304 saepe
3002 1236 3154 1301 alibi,
3183 1234 3481 1304 prtesertim
3522 1238 3577 1289 in

1993 1325 2202 1393 psalmo
2237 1338 2428 1388 cum,
2465 1324 2555 1378 ubi
2584 1325 2746 1379 etiam
2771 1325 3032 1381 diximus.
3061 1326 3116 1380 Si
3139 1327 3575 1392 observaverint,

1995 1415 2192 1483 inquit,
2228 1414 2559 1478 testimonia,
2591 1430 2710 1484 qua:
2737 1430 2837 1483 ego
2868 1432 2963 1471 eos
2990 1418 3213 1480 docebo,
3250 1419 3294 1472 si
3334 1418 3576 1475 leczitm‘,

1994 1510 2130 1578 legis
2165 1522 2297 1562 meae
2326 1508 2682 1570 vacaverint,
2716 1522 2823 1561 non
2861 1508 2964 1577 ipsi
3014 1509 3188 1564 solum
3224 1511 3532 1576 regnabant
3557 1552 3572 1575 ,

1994 1599 2088 1655 sed
2119 1597 2335 1652 illorum
2381 1597 2545 1652 etiam
2578 1597 2674 1651 lilii
2705 1606 3026 1666 perpetuam
3066 1600 3216 1670 regni
3263 1601 3572 1656 successio-

328 1703 443 1740 σον.
509 1686 698 1741 Ταῦτα
755 1689 812 1742 δέ
871 1690 1124 1760 λέγουσιν
1176 1695 1226 1748 οἱ
1271 1695 1651 1759 δυσωποῦντες
1705 1697 1892 1769 ὥσπερ

1997 1707 2119 1746 nem
2147 1697 2574 1759 consequentur.
2607 1688 2672 1742 Et
2701 1690 2815 1744 haec
2843 1690 3062 1754 quidem
3098 1705 3126 1743 a
3163 1691 3269 1744 Deo
3321 1692 3403 1746 eis
3448 1708 3577 1760 pro-

321 1777 839 1849 ὰναμιμνήσκοντες
855 1755 957 1835 τὸν⁷
969 1783 1103 1837 Θεὸν
1124 1783 1226 1854 τῆς
1252 1785 1516 1857 τοιαύτης
1538 1755 1893 1857 ἐπαγγελίας,

2000 1782 2166 1838 missa
2196 1790 2370 1837 sunt:
2406 1796 2594 1836 verum
2640 1789 2928 1850 postquam
2967 1781 3070 1850 ipsi
3115 1791 3270 1851 pacta
3310 1799 3417 1837 non
3472 1785 3574 1836 ob-

322 1873 420 1927 καὶ
449 1875 531 1938 είς
571 1874 969 1947 ἀποπλήρωσιν
1015 1878 1188 1948 αὐτῆς
1237 1880 1712 1951 παρακαλοῦντες,
1742 1883 1774 1955 ἢ
1804 1880 1893 1934 καὶ

2001 1885 2394 1935 servaverunt,
2440 1871 2567 1938 jure
2605 1873 2769 1926 etiam
2813 1888 2842 1926 a
2889 1875 3180 1942 promissis
3235 1876 3577 1931 deciderint.

320 1964 587 2036 ἀλλήλους
638 1968 1156 2038 παραμυθούμενοι,
1199 1970 1296 2025 καὶ
1359 1971 1435 2041 τῷ
1491 1971 1605 2041 λαῷ
1656 1971 1901 2042 χρηστὰς

321 2058 545 2121 ἐλπίδας
573 2058 896 2122 ἐντιθέντες.
931 2057 1064 2115 Εἶτα
1119 2061 1215 2115 καὶ
1247 2062 1318 2115 τὰ
1342 2062 1468 2132 ἑξῆς
1498 2065 1900 2116 ἐπισυνάπτου-

1998 1963 2237 2019 Possunt
2271 1963 2433 2018 etiam
2464 1963 2578 2018 haec
2609 1965 2774 2018 verba
2821 1964 3082 2034 intelligi,
3115 1975 3172 2019 ut
3206 1969 3274 2019 ab
3316 1968 3396 2021 eis
3429 1967 3578 2022 dicta

2001 2057 2134 2122 sint,
2167 2070 2230 2110 ea
2259 2057 2472 2110 ratione
2502 2065 2562 2110 ut
2599 2053 2764 2111 Deum
2811 2057 2917 2111 sibi
2964 2058 3136 2127 magis
3168 2060 3530 2112 conciliarent
3558 2099 3577 2121 ,
3647 2046 3658 2055 ’

323 2166 432 2214 σιν,
487 2148 564 2214 ὡς
609 2150 706 2204 καὶ
763 2141 904 2206 αὐτὰ
957 2151 1110 2221 παρὰ
1163 2151 1257 2206 τοῦ
1306 2153 1444 2206 Θεοῦ
1491 2153 1614 2207 τότε
1665 2153 1893 2225 ρηθέντα

2000 2157 2323 2206 revocantes
2359 2150 2406 2203 ei
2457 2149 2512 2203 in
2561 2150 2877 2204 memoriam
2914 2152 3173 2218 antiquas
3222 2152 3576 2221 pollicitatio-

323 2241 462 2313 πρὸς
484 2241 576 2296 τὸν
605 2242 791 2297 Δασίδ.

1999 2258 2116 2306 nes,
2161 2250 2214 2296 et
2249 2249 2506 2311 rogantes
2542 2241 2942 2309 quodammodo
2977 2252 3034 2295 ut
3063 2257 3159 2298 eas
3204 2244 3530 2313 adimpleret
3558 2287 3573 2307 ,

319 2336 402 2390 vel
439 2347 498 2390 ιιι
529 2345 717 2392 mutuo
745 2352 864 2393 sese
890 2337 1330 2403 consolarentur,
1366 2345 1419 2392 et
1449 2354 1644 2394 nonam
1674 2338 1879 2409 populo
1921 2351 2073 2406 spem
2106 2342 2453 2405 przestarent.
2503 2331 2708 2388 Deinde
2796 2333 3006 2388 addunt
3047 2337 3212 2391 etiam
3285 2337 3574 2408 sequentia

322 2429 507 2491 verba,
540 2429 702 2483 veluti
734 2440 788 2484 et
817 2445 936 2499 qua:
986 2446 1018 2484 a
1062 2429 1168 2487 Deo
1200 2431 1330 2485 olim
1358 2431 1502 2485 dicta
1531 2431 1695 2486 etiam
1748 2431 1984 2486 fuissent
2013 2429 2079 2483 ad
2107 2429 2323 2483 beatum
2360 2427 2550 2483 David.

391 2522 522 2575 Ὀτι
551 2523 876 2589 ἐξελέξατο
927 2527 1144 2594 Κύριος
1173 2526 1289 2595 τὴν
1346 2526 1520 2589 Σιὼν,
1579 2527 1898 2595 ᾐρετίσατο

319 2617 517 2684 αὐτὴν
540 2619 626 2684 είς
655 2619 971 2672 κατοικίαν
1010 2617 1224 2684 ἐαυτῷ.
1288 2617 1646 2683 Καθιοῦνται,
1707 2617 1894 2687 φησὶν,

320 2709 414 2762 ἐπὶ
443 2709 538 2761 τοῦ
563 2708 756 2780 θρόνου
816 2727 932 2775 σου,
975 2710 1111 2762 διότι
1139 2711 1233 2762 καὶ
1260 2710 1362 2781 τὴν
1397 2711 1538 2763 Σιὼν
1562 2712 1620 2764 ὲν
1717 2710 1744 2762 ὁ
1771 2709 1898 2780 θρό-

322 2817 412 2863 νος
439 2800 539 2870 τῆς
565 2799 850 2869 βασιλείας
883 2816 976 2852 σου
1005 2799 1292 2867 ἐξελέξατο
1314 2803 1341 2855 ὁ
1366 2801 1590 2872 Κύριος,
1646 2801 1676 2853 ό
1724 2800 1898 2854 ταῦτα

319 2891 816 2962 ἐπαγγελλόμενος,
849 2891 1016 2963 ἢγουν
1053 2891 1185 2960 ἐγώ.

385 3076 544 3144 Αὕτη
580 3075 618 3143 ἡ
645 3071 1028 3140 κατάπαυσίς
1048 3091 1168 3145 μου
1216 3075 1304 3141 είς
1335 3071 1520 3128 αἰῶνα
1543 3072 1777 3141 αἰῶνος.
1821 3074 1887 3128 Ἤ

319 3169 574 3226 κατοικία
601 3185 727 3240 μου.

395 3256 530 3316 Ὧδε
583 3260 941 3329 κατοικήσω,
993 3259 1083 3314 ὅτι
1124 3259 1498 3329 ᾐρετισὰμην
1541 3257 1755 3326 αὐτήν.
1785 3260 1895 3314 Καὶ

321 3354 494 3409 ταῦτα
525 3354 715 3408 καὶτὸ.
762 3353 890 3426 ἑξῆς
921 3353 1173 3423 λέγουσιν
1237 3353 1312 3417 ὡς
1361 3353 1754 3425 ἐπαγγηὶμένα
1798 3355 1894 3406 καὶ

321 3445 482 3499 αὑτά.

402 3534 523 3603 Τὴν
562 3507 755 3602 θῆραν
787 3530 974 3601 αὐτῆς
1017 3530 1289 3601 εὐλογῶν
1318 3531 1659 3601 εὐλογήσω.
1706 3533 1893 3602 Θήραν

321 3625 572 3697 ὠνόμασε
598 3627 692 3681 τὸν
718 3626 992 3697 πορισμὸν
1046 3626 1140 3680 καὶ
1161 3623 1260 3696 τὴν
1286 3623 1620 3694 συγκομιδὴν
1644 3623 1742 3690 τῆς
1773 3640 1897 3693 τρο-

323 3720 449 3790 φῆς.
507 3719 760 3788 Εὐλογῶν
831 3719 1137 3789 εὐλογήσω,
1188 3716 1436 3769 τουτέστι
1487 3714 1778 3786 χαριτώσω
1817 3717 1896 3775 είς

321 3811 604 3880 δαψίλειαν
644 3811 740 3864 καὶ
780 3810 1064 3877 ἀφθονίαν.

395 3902 537 3967 Τοὺς
588 3901 866 3972 πτωχοὺς
906 3898 1094 3970 αὐτῆς
1134 3897 1409 3969 χορτάσω
1458 3899 1674 3967 ἄρτων.
1719 3897 1897 3951 Πλου-

321 3997 387 4066 τή
400 4014 495 4050 σω.

397 4087 545 4153 Τοὺς
579 4085 751 4157 ἱερεῖς
792 4085 986 4162 αὐτῆς
1029 4085 1264 4142 ἐνδύσω
1289 4087 1610 4155 σωτηρίαν.
1651 4084 1891 4154 Ὑγείαν,

321 4180 648 4247 ἀσφάλειαν.

391 4269 500 4324 Kal
529 4273 584 4324 οι
605 4271 762 4324 ὅσιοι
792 4270 982 4339 αὐτῆς
1010 4269 1365 4342 ἀγαλλιάσει
1399 4267 1890 4340 ἁγαλλιὰσονται.

322 4362 558 4434 Εἴρηται
598 4365 728 4434 περὶ
757 4362 864 4417 τῶν
889 4363 1073 4416 ὁσίων.
1108 4364 1180 4416 Τὸ
1203 4362 1261 4416 δὲ
1293 4360 1669 4433 Ἀγαλλιάσει
1709 4361 1896 4430 ἀγαλ-

2071 2526 2243 2581 VEBS.
2290 2527 2376 2580 15.
2413 2527 2676 2591 Quoniam
2725 2529 2880 2594 elegit
2923 2527 3182 2581 Dominus
3217 2527 3343 2582 Sion
3373 2568 3387 2589 ,
3422 2529 3577 2599 elegit

1998 2637 2114 2675 eam
2146 2623 2199 2674 in
2227 2621 2601 2676 habitationem
2627 2623 2742 2677 sibi.
2784 2621 3084 2683 Sedebunt,
3129 2622 3336 2691 inquit,
3373 2621 3466 2676 lilii
3496 2624 3574 2677 ttti

2000 2712 2052 2766 itt
2088 2713 2283 2768 throno
2318 2724 2432 2777 tuo,
2485 2714 2741 2782 quoniam
2798 2712 3064 2770 Dominus
3103 2713 3267 2780 elegit
3313 2713 3442 2768 Sion
3469 2754 3484 2779 ,
3519 2715 3572 2768 in

1998 2817 2106 2870 qua
2129 2802 2288 2857 sedes
2315 2812 2400 2857 est
2430 2805 2579 2872 regni
2621 2804 2720 2857 tui.
2751 2803 2864 2865 llle,
2893 2805 3136 2872 inquam,
3171 2803 3451 2870 Dominus,
3479 2808 3573 2875 qui

2004 2893 2121 2947 haec
2170 2893 2264 2947 tibi
2308 2909 2453 2948 nunc
2493 2895 2736 2964 loquitur
2761 2894 2925 2949 verba
2961 2911 2974 2947 :
3016 2893 3124 2964 Ego
3174 2895 3430 2950 videlicet
3477 2897 3571 2966 qui

2006 2983 2266 3039 Dominus
2299 2999 2442 3038 sum.

2080 3071 2237 3127 Vens.
2270 3073 2352 3128 14.
2387 3075 2511 3129 Haec
2556 3076 2758 3144 requies
2805 3091 2920 3132 mea
2968 3076 3024 3130 in
3074 3076 3328 3132 sa'culum
3369 3076 3571 3132 electili.

1919 3149 1962 3206 (ἶ
1998 3164 2110 3221 Hoc
2141 3176 2244 3230 est,
2273 3169 2396 3222 llaec
2426 3167 2693 3224 habitatio
2723 3184 2862 3224 mea.

2068 3257 2170 3311 llic
2200 3258 2470 3321 habitabo,
2496 3261 2748 3330 quoniam
2775 3259 2906 3331 elegi
2929 3277 3064 3315 eam.
3092 3259 3217 3316 llaec
3249 3268 3304 3316 et
3334 3276 3571 3333 sequen-

1999 3349 2066 3404 tia
2103 3350 2293 3404 dicunt
2326 3361 2584 3421 tanquam
2627 3353 2790 3406 etiam
2831 3353 2935 3408 sibi
2969 3353 3260 3422 promissa.

2073 3532 2234 3586 Vens.
2272 3533 2355 3585 15.
2391 3530 2723 3585 Venationem
2755 3531 2868 3599 ejus
2900 3530 3205 3585 benedicens
3241 3531 3569 3588 benedicam.

1998 3627 2101 3680 Per
2132 3624 2502 3685 venationem,
2529 3624 2778 3677 ciborum
2808 3633 2975 3691 atque
3015 3623 3322 3676 eduliorum
3365 3640 3570 3695 suppe-

1997 3717 2313 3771 ditationetn
2361 3713 2636 3783 intelligit.
2671 3713 2815 3778 llaec,
2863 3713 3062 3782 inquit,
3098 3713 3433 3769 benedicens
3476 3717 3572 3770 beo

1999 3814 2266 3877 nedicam,
2297 3813 2402 3868 hoc
2421 3821 2525 3874 est,
2554 3809 2828 3864 Praestabo
2853 3824 3046 3881 magna
3068 3826 3191 3866 cum
3214 3813 3570 3866 abundantia.

2070 3905 2337 3972 Pauperes
2363 3904 2476 3973 ejus
2503 3901 2759 3957 saturabo
2788 3905 3034 3972 panibus.
3078 3903 3190 3958 lloc
3217 3914 3300 3960 est
3326 3946 3342 3972 ,
3373 3907 3575 3962 divites

1999 3996 2246 4053 reddam.

2070 4084 2234 4142 Vens.
2263 4084 2350 4141 16.
2375 4083 2684 4142 Sacerdotes
2716 4088 2830 4157 ejus
2853 4087 3074 4142 induant
3100 4085 3292 4140 salute.
3328 4086 3441 4143 Hoc
3456 4100 3574 4157 est,

2000 4179 2320 4242 securitate,
2364 4191 2426 4232 ac
2465 4177 2607 4233 bona
2639 4179 2966 4233 valetudine.

2075 4266 2141 4320 Et
2183 4268 2356 4322 sancti
2383 4267 2497 4335 ejus
2530 4267 2879 4321 exsultatione
2920 4266 3284 4320 exsultabant.
3332 4265 3568 4333 Quinam

2001 4362 2110 4417 sint
2150 4364 2324 4416 sancti
2371 4360 2486 4426 Dei,
2525 4363 2634 4430 jam
2679 4375 2820 4428 sa'pe
2862 4359 2988 4411 alibi
3035 4361 3239 4413 dit-tutu
3281 4369 3383 4414 est.
3414 4357 3571 4424 Quod

321 4454 660 4519 λιὰσονται,
689 4459 783 4510 καὶ
818 4455 877 4508 τὸ
909 4454 1194 4525 Εὑλογῶν
1218 4456 1558 4524 εὐλογήσω,
1573 4453 1668 4508 καὶ
1692 4453 1759 4506 τὰ
1787 4469 1893 4505 τοι-

2001 4459 2180 4506 autem
2203 4453 2298 4506 ait:
2320 4451 2685 4505 Exsultatione
2701 4449 3192 4513 exsultabantjtetn
3219 4466 3232 4501 :
3255 4448 3570 4502 Benedicens

321 4547 485 4609 αὕτα,
522 4549 664 4612 τινὲς
693 4548 790 4618 μὲν
823 4547 1018 4616 ἰδίωμα
1064 4547 1196 4614 φασὶ
1230 4548 1328 4617 τῆς
1374 4545 1619 4617 Γραφῆς,
1668 4544 1810 4607 τινὲς
1839 4543 1894 4595 δέ

321 4637 571 4692 ἐπίτασιν
603 4641 911 4709 ἐμφαίνειν,
951 4638 983 4708 ἢ
1020 4636 1332 4709 βεσαίωσιν.

2004 4542 2324 4604 benedicnm,
2353 4550 2408 4594 et
2445 4542 2545 4594 alia
2583 4539 2920 4608 bujusmodi,
2951 4537 3173 4607 quidam
3217 4537 3416 4591 idioma
3447 4555 3570 4592 esse

2001 4635 2189 4688 dicunt
2228 4633 2505 4688 Hebraicae
2549 4633 2782 4702 linguae;
2815 4632 3035 4702 quidam
3072 4646 3200 4686 vero
3255 4629 3571 4699 ltujnsmotli

321 4746 577 4789 sermone
609 4734 684 4786 uti
728 4731 917 4786 dicunt
960 4730 1343 4800 Scripturant,
1391 4729 1458 4783 ad
1509 4726 1768 4797 majorem
1805 4726 2203 4792 intcnsionem,
2257 4735 2310 4780 et
2337 4727 2403 4779 ad
2469 4725 2784 4780 validiorem
2848 4724 3131 4779 sententiae
3203 4724 3575 4778 conﬁrmatio-

322 4841 468 4881 nem.

405 4918 568 4972 Ἐκεῖ
596 4915 936 4980 ἐξανατελῶ
965 4914 1146 4984 κέρας
1172 4915 1252 4979 τῷ
1281 4914 1478 4968 Δαϐίδ.
1499 4915 1587 4969 Ἐν
1626 4917 1692 4987 τῇ
1717 4913 1854 4969 Σιών
1875 4930 1888 4945 ·

323 5014 387 5065 ἐκ
413 5011 508 5066 τοῦ
535 5011 723 5078 γένους
741 5010 834 5063 τοῦ
857 5008 1024 5063 Δασιδ
1059 5007 1209 5078 αύτῷ
1246 5007 1490 5063 ἀνατελῶ
1517 5007 1703 5078 κέρας,
1736 5006 1892 5077 ὕψος,

323 5104 509 5174 τιμὴν,
539 5101 883 5173 δοξαζομένῳ
913 5100 1067 5171 παρὰ
1091 5100 1200 5152 τῶν
1225 5100 1544 5172 μετέπειτα,
1578 5102 1675 5154 καὶ
1712 5100 1800 5153 διὰ
1833 5100 1894 5154 τὸ

325 5193 615 5266 βασιλεῦον
649 5193 736 5247 ἀεὶ
765 5192 919 5262 γένος
956 5190 1146 5246 αὑτοῦ.

410 5288 742 5357 Ἠτοίμασα
772 5287 1008 5354 λύχνον
1048 5284 1128 5350 τῷ
1164 5283 1389 5352 χριστῷ
1413 5300 1552 5353 μου.
1587 5282 1891 5352 Ἦτοίμασα

324 5378 517 5451 λύχνον
536 5380 613 5450 τῷ
639 5378 854 5450 βασιλεῖ
884 5376 986 5449 μοῦ
1015 5376 1200 5430 Δαόὶδ.
1229 5377 1571 5440 υίκειὼσεως
1596 5375 1652 5428 δὲ
1675 5375 1734 5426 τὸ
1774 5374 1892 5444 μοῦ

325 5471 604 5526 κάνταῦθα
624 5488 638 5504 ο
681 5471 887 5541 Λύχνον
906 5470 961 5523 δὲ
989 5469 1139 5538 λέγει
1179 5467 1278 5540 τὴν
1302 5467 1550 5521 εύκλειαν
1588 5464 1684 5519 τοῦ
1713 5467 1894 5538 σπέρ-

326 5579 495 5634 ματος
559 5562 747 5629 αὑτοῦ,
806 5563 964 5632 δίκην
1013 5560 1210 5632 λύχνου
1245 5560 1564 5633 μηνύουσαν
1601 5558 1772 5612 ἅπασι
1795 5559 1896 5626 τὴν

324 5656 484 5721 δόξαν
513 5656 702 5722 αὑτοῦ,
727 5658 821 5710 καὶ
844 5656 1045 5728 τρόπον
1080 5654 1257 5722 φωτὸς
1285 5652 1749 5707 ὑποδεικνύουσαν
1776 5654 1897 5713 ταῖς

325 5748 525 5820 ἐφεξῆς
556 5751 774 5819 γενεαῖς
807 5750 898 5803 τὸν
946 5749 1215 5819 πρόγονον
1263 5746 1360 5800 τοῦ
1393 5745 1634 5799 τοιούτου
1665 5745 1854 5813 γένους
1876 5761 1890 5773 ·

2075 4911 2232 4968 Vens.
2279 4911 2359 4964 l7.
2395 4907 2516 4963 Illic
2545 4907 2677 4962 oriri
2707 4907 2905 4976 faciam
2937 4922 3097 4960 cornu
3142 4908 3246 4978 ipsi
3292 4907 3480 4961 David.
3515 4906 3570 4960 In

2001 5001 2132 5059 Sion
2179 5002 2410 5068 scilicet,
2444 4989 2506 5055 in
2531 5016 2631 5072 qua
2675 5001 2806 5055 oriri
2860 4999 2910 5055 ei
2964 4999 3152 5054 faciam
3197 5001 3424 5070 gloriam
3451 5038 3465 5062 ,
3508 5014 3574 5052 ac

1997 5094 2382 5150 celsitudinem
2415 5110 2479 5147 ex
2515 5107 2708 5161 genere
2751 5093 2940 5159 David,
2987 5093 3113 5160 quia
3156 5099 3210 5144 et
3255 5106 3284 5144 a
3335 5091 3571 5158 posteris

2000 5187 2418 5260 glorillcabitur,
2459 5195 2512 5240 et
2548 5186 2693 5239 illius
2729 5185 3005 5255 generatio
3038 5196 3254 5250 semper
3289 5183 3562 5250 regnavit.

2069 5281 2268 5338 Paravi
2312 5280 2580 5335 lucernam
2625 5277 2818 5332 cltristo
2853 5293 2984 5331 meo.
3042 5275 3266 5328 Christo
3296 5288 3436 5336 meo,
3466 5274 3568 5325 hoc

1999 5385 2105 5439 est,
2143 5373 2255 5438 regi
2286 5387 2407 5428 meo
2453 5369 2643 5424 David.
2694 5367 2868 5424 Meum
2913 5375 3093 5420 autem
3137 5365 3258 5418 ideo
3292 5365 3464 5429 dixit,
3510 5369 3571 5416 ut

1998 5467 2434 5522 benevolentiam
2467 5477 2621 5518 suam
2655 5476 2781 5530 erga
2815 5473 2938 5513 eum
2969 5457 3304 5522 ostenderet,
3332 5464 3390 5509 tit
3429 5455 3571 5509 dixi-

1999 5573 2140 5613 mus.
2177 5559 2283 5613 Pcr
2323 5558 2602 5611 lucernam
2637 5567 2766 5605 vero
2807 5551 3034 5621 gloriam
3074 5556 3416 5618 posterorum
3449 5546 3571 5616 ejus

2001 5651 2274 5720 intelligit,
2307 5665 2449 5720 quia,
2469 5648 2705 5700 lucerna:
2732 5642 2924 5708 inStar,
2956 5643 3140 5713 gloriae
3167 5639 3287 5708 ejus
3316 5639 3570 5709 splendo-

2000 5758 2114 5799 rem
2151 5741 2406 5798 omnibus
2439 5740 2780 5793 demonstrat
2807 5775 2820 5801 ,
2849 5743 2902 5789 et
2929 5732 3308 5804 hujuscemodi
3341 5743 3573 5804 genera-
