4102 6206
436 238 449 257 ’
527 275 665 338 1223

1758 262 2141 324 EUTIIYMII
2171 262 2530 322 ZlGABENI

3634 254 3773 324 122$

530 390 696 446 tionis
728 386 1152 458 pt‘ogenilorent,
1187 377 1352 432 veluti
1382 375 1654 446 quoddam
1684 376 1863 427 lumen
1899 371 2098 427 futuris

2220 373 2233 440 ἢ
2263 371 2455 441 λύχνον
2510 371 2610 442 τὴν
2640 371 3005 440 λαμπρότητα
3040 370 3135 423 τοῦ
3170 370 3359 439 γένους
3394 368 3581 431 αὑτοῦ.
3629 370 3775 438 λάμ-

527 479 970 555 generationibus
1002 476 1226 527 illueere
1269 470 1418 523 facit.
1474 466 1570 520 Vel
1614 482 1710 535 per
1767 467 2092 525 lucernam,

528 554 745 641 generis
777 572 860 624 sui
885 565 1228 635 splendorem
1252 560 1375 615 ideo
1402 559 1677 628 intelligit,
1702 556 1827 627 quia
1852 554 2102 625 splendet

2204 479 2412 516 πουσαν
2462 465 2520 517 ἐν
2557 464 2673 526 τοῖς
2717 462 2952 517 ἔθνεσιν.
3008 462 3169 514 Ἀλλὰ
3215 461 3389 515 ταῦτα
3440 460 3640 525 πάντα,
3678 458 3777 512 ἐὰν

2209 554 2552 623 φυλάξωνται
2584 554 2683 624 τὴν
2713 551 3085 621 δικαιοσύνην,
3111 552 3186 614 ὡς
3214 552 3430 623 εἴρηται

528 672 671 724 inter
700 672 906 733 gentes.
948 660 1142 714 Verum
1170 657 1286 712 haec
1312 654 1497 712 omnia
1534 669 1597 709 ea
1625 650 1938 708 conditione
1974 650 2083 704 illis
2125 649 2398 718 promissa
2424 656 2591 712 sunt,
2639 648 2686 703 si
2726 653 3117 703 testamentum
3193 645 3286 698 Ι)ιεί
3356 641 3779 698 ειιειοὸἰνετὶιιιο

528 770 585 814 ιιι
612 760 815 814 dictum
846 765 949 813 est.

602 853 762 906 Vens.
798 850 882 904 i8.
938 847 1186 904 Inimicos
1224 845 1337 915 ejus
1368 845 1589 898 induam
1628 841 1955 910 confusione.
1992 838 2099 893 Ini-

532 947 703 1000 mices
744 944 954 997 scilicet
988 939 1154 994 David
1190 953 1283 993 aut
1310 936 1526 1007 generis
1559 936 1702 1004 ejus.

602 1039 771 1105 Super
802 1038 973 1103 ipsum
1010 1042 1183 1086 autem
1215 1030 1460 1102 eﬂlorebit
1494 1027 1849 1096 sanctiﬁcatio
1892 1040 2099 1079 mea.—

532 1129 698 1198 Super
730 1132 899 1196 ipsum
938 1126 1125 1190 David,
1167 1140 1261 1178 seu
1292 1137 1457 1192 super
1492 1122 1615 1191 ejus
1666 1135 1875 1173 semen.
1923 1116 2100 1186 Super

530 1222 700 1289 ipsum
733 1229 939 1278 autem.
979 1217 1080 1270 hoc
1120 1223 1225 1280 est,
1280 1223 1524 1283 tempore
1570 1210 1741 1280 ipsius
1784 1209 1973 1271 David,
2016 1207 2101 1261 vel

535 1322 775 1379 tempore
803 1307 1029 1362 seminis
1056 1307 1193 1374 ejus.
1225 1320 1333 1374 (tuo
1351 1314 1596 1371 tempore
1628 1303 1888 1371 templum
1920 1315 2097 1354 meum

533 1415 747 1455 summo
778 1415 900 1454 cum
954 1396 1243 1468 Splendore
1292 1396 1530 1459 ﬂorebit,
1593 1395 1693 1447 hoc
1750 1400 1855 1454 est,
1900 1406 1963 1445 eo
2024 1405 2107 1443 re-

536 1501 760 1561 guantc.
796 1489 1025 1555 Quidam
1064 1503 1191 1542 vero
1229 1502 1323 1557 per
1350 1500 1542 1549 cornu,
1572 1493 1624 1539 et
1664 1499 1760 1553 per
1797 1482 2106 1545 lucernam,

536 1599 714 1653 regem
762 1583 1070 1651 intelligunt
1121 1578 1465 1641 Zorobabel,
1515 1576 1672 1645 cujus
1725 1576 1908 1629 hostes
1954 1575 2109 1627 aiunt

538 1674 707 1728 fuisse
739 1672 1023 1733 confusos.
1052 1679 1104 1724 et
1138 1683 1249 1739 quo
1291 1675 1549 1738 regnante
1582 1667 1842 1736 templum
1870 1664 2106 1725 Domini.

2282 830 2434 896 Τοὺς
2488 826 2743 897 ἐχθροὺς
2782 824 2968 880 αὑτοῦ
2998 822 3238 877 ἐνδύσω
3279 830 3603 889 αισχυνην.
3637 819 3781 881 Τοὺς

2210 925 2440 998 ιχθροὺς
2466 921 2658 984 αὐτοῦ,
2691 920 2809 989 ἦτοι
2839 916 2935 970 τοῦ
2963 919 3151 985 γένους
3182 912 3372 966 αἰτοῦ.

2289 1016 2422 1071 Ἐπὶ
2462 1015 2532 1068 δὲ
2593 1011 2784 1066 αὐτὸν
2844 1008 3167 1074 ἐξανθήσει
3225 1006 3291 1058 τὸ
3332 1003 3591 1073 ἁγίασμά
3633 1018 3777 1070 [νου.

2219 1108 2343 1159 Ἐπὶ
2377 1105 2561 1170 Δαὸὶδ,
2590 1104 2758 1175 ἤγουν
2793 1102 2884 1155 ἐπὶ
2913 1101 2974 1152 τὸ
3001 1099 3224 1170 σπέρμα
3260 1096 3422 1149 αὐτοῦ
3444 1095 3779 1165 φαιδρυνθὴ-

2210 1216 2361 1250 σεται
2408 1195 2615 1249 θάλλων
2644 1197 2672 1247 ό
2702 1194 2826 1256 ναός
2870 1211 2992 1264 μου.
3041 1192 3114 1244 Τὸ
3155 1189 3279 1243 Ἐπ’
3310 1189 3496 1241 αὑτὸν
3538 1187 3616 1250 δὲ,
3656 1186 3783 1237 ἀντὶ

2209 1289 2303 1343 τοῦ
2330 1288 2464 1342 Κατ’
2492 1284 2681 1349 αὑτὸν,
2720 1285 2839 1354 ἦτοι
2903 1283 3043 1335 κατὰ
3100 1281 3197 1350 τὴν
3240 1279 3432 1347 γενεὰν
3483 1275 3669 1339 αὑτοῦ,
3719 1277 3779 1325 ὲν

2208 1384 2273 1451 τῇ
2310 1378 2559 1449 βασιλείᾳ
2624 1376 2814 1429 αὑτοῦ.
2857 1373 3013 1435 Τινὲς
3042 1373 3097 1425 δὲ
3120 1372 3289 1442 κέρας
3327 1369 3420 1423 καὶ
3453 1368 3641 1437 λύχνον
3686 1368 3781 1417 τὸν

2209 1471 2517 1543 Ζοροόάὸελ
2554 1469 2691 1538 φασί
2719 1483 2732 1497 ’
2796 1468 2889 1520 καὶ
2918 1465 3110 1518 τούτου
3140 1464 3360 1532 λέγουσι
3398 1462 3522 1522 τοὺς
3554 1459 3780 1529 ἐχθροὺς

2208 1569 2587 1641 αἰσχυνθῆναι,
2630 1565 2726 1618 καὶ
2771 1564 2864 1616 ἐπὶ
2894 1563 2991 1629 τῆς
3027 1560 3302 1631 βασιλείας
3334 1555 3497 1611 αὐτοῦ
3549 1553 3779 1619 ἒξανθῆ-

2212 1681 2300 1716 σαι
2331 1662 2421 1714 τὸν
2454 1656 2911 1728 ἀπομαρανοέντα
2935 1654 3104 1707 πάλαι
3136 1651 3261 1703 ναόν
3292 1668 3306 1681 υ
3335 1650 3514 1718 Erepsi.
3539 1648 3593 1699 δὲ
3620 1644 3782 1696 πάλιν

534 1766 680 1834 quod
720 1765 809 1818 diu
844 1764 972 1816 olim
1007 1762 1349 1832 profanatum
1373 1801 1387 1823 ,
1424 1761 1689 1823 dirutum,
1724 1768 1884 1824 atque
1914 1758 1995 1828 (nl
2034 1757 2105 1809 ita

2220 1756 2266 1806 si.
2296 1756 2383 1807 ὅτι
2417 1751 2741 1817 ἐξελέξατο
2772 1750 2986 1816 Κύριος
3017 1746 3133 1813 τὴν
3163 1745 3334 1809 Σιὼν,
3370 1743 3468 1797 καὶ
3489 1742 3558 1795 τὰ
3584 1740 3785 1810 ἐφεξῆς

539 1852 742 1924 dicam)
806 1852 1135 1906 labefactum
1172 1850 1365 1914 fuerat,
1392 1849 1646 1903 efﬂoruit.
1686 1848 1915 1913 Quidam
1945 1846 2105 1899 etiam

544 1950 705 2004 verba
738 1949 828 2001 illa
864 1966 878 2000 :
914 1946 1051 2012 Quia
1074 1944 1227 2012 elegit
1265 1941 1520 1995 Dominus
1565 1941 1730 2004 Sion,
1774 1946 1828 1992 et
1863 1953 1983 2006 qua:
2017 1951 2109 1991 sc-

482 2036 487 2039 ⁷
539 2052 784 2112 ιιιιιιιιιιιι·
820 2040 1002 2093 omnia
1033 2078 1048 2103 ,
1079 2037 1419 2108 prephetiam
1457 2033 1741 2087 continere
1781 2030 2008 2093 dicunt,
2042 2028 2112 2082 de

539 2137 606 2190 iis
635 2136 727 2204 qui
758 2133 811 2186 in
847 2131 1158 2186 Judamrum
1193 2129 1393 2199 populo
1428 2126 1575 2195 digni
1614 2125 1856 2187 fuerunt,
1884 2129 1944 2175 ut
1971 2134 2112 2191 pro-

543 2226 808 2296 pheticum
883 2223 1110 2292 gratiam
1167 2224 1658 2287 consequerentur.
1720 2211 1789 2266 Et
1848 2211 2108 2283 quoniam

535 2320 692 2386 juxta
729 2315 974 2371 historias
1005 2326 1228 2368 sensum
1278 2309 1546 2380 psalmum
1592 2307 1704 2375 jam
1732 2305 2110 2376 exposuimus,

542 2419 713 2463 restat
754 2419 813 2462 ut
839 2409 1122 2465 tradamus
1156 2405 1319 2459 etiam
1352 2417 1693 2473 quaecunque
1722 2400 1790 2455 de
1831 2398 2114 2454 Salvatore

542 2509 730 2552 nostro
758 2499 812 2552 in
853 2512 918 2550 eo
952 2504 1282 2550 tractantur.
1314 2491 1684 2554 Introibiinus,
1722 2489 1923 2559 inquit,
1948 2488 2000 2541 in
2033 2496 2115 2540 ta-

543 2589 823 2643 bernacula
860 2589 1011 2653 eius,
1070 2586 1410 2640 adorabimus
1459 2587 1513 2639 in
1561 2583 1673 2636 loco
1723 2584 1809 2635 ubi
1856 2590 2112 2635 steterunt

542 2682 693 2745 pedes
721 2680 872 2749 ejus;
916 2681 1033 2733 hate
1085 2678 1250 2733 verba
1295 2692 1361 2731 ex
1416 2675 1650 2729 ﬁdelium
1704 2688 1934 2743 persona
1988 2687 2115 2742 pro-

546 2774 758 2842 phetice
786 2772 929 2825 dicta
956 2778 1105 2837 sunt,
1129 2770 1221 2840 qui
1257 2776 1448 2823 mutuo
1470 2768 1609 2820 inter
1633 2781 1752 2820 sese
1777 2765 2111 2825 consultant,

543 2865 799 2935 quidnam
844 2861 1039 2916 facturi
1076 2862 1208 2915 sint.
1234 2860 1300 2915 Et
1339 2875 1434 2930 per
1463 2857 1840 2921 tabernacula,
1873 2857 1991 2911 loca
2028 2856 2113 2909 in-

545 2952 815 3021 telligunt,
861 2964 982 3019 quae
1010 2947 1065 3003 in
1091 2948 1381 3003 Palmstina
1415 2957 1564 3009 sunt,
1605 2946 1694 2999 ubi
1726 2944 1997 2999 habitavit
2020 2954 2114 2998 aut

543 3051 897 3097 conversatus
947 3046 1030 3095 est
1067 3037 1345 3094 Christus.
1396 3036 1500 3093 Per
1549 3038 1724 3091 locum
1799 3044 1981 3090 autem
2029 3035 2115 3088 ubi

2214 1846 2431 1899 ἅπαντα
2465 1843 2621 1915 ῥητὰ,
2669 1838 3005 1910 προφητείαν
3044 1834 3186 1890 εἶναι
3214 1836 3433 1895 λέγουσι
3480 1834 3588 1885 τῶν
3616 1834 3675 1883 ὲν
3707 1831 3785 1899 τῷ

2210 1934 2501 2004 δηλωθέντι
2529 1931 2644 2002 ναῷ
2674 1928 3019 2000 προφητικοῦ
3053 1926 3395 1997 χαρίσματος
3444 1921 3784 1992 ἠξιωμένων.

2225 2027 2377 2079 Ἐπεὶ
2402 2025 2459 2078 δὲ
2493 2023 2611 2076 καθ’
2644 2020 2884 2091 ἱστορίαν
2906 2021 2933 2072 ὁ
2953 2018 3167 2088 ψαλμὸς
3211 2018 3551 2089 ἡρμήνευται
3572 2057 3586 2078 ,
3619 2030 3785 2082 p.511-

2213 2115 2517 2189 χειριστέον
2552 2114 2652 2185 ἤδη
2715 2114 2809 2166 καὶ⁵
2850 2112 2950 2165 ὅσα
3004 2110 3197 2164 τούτου
3246 2107 3496 2179 περὶτοῦ
3536 2104 3786 2175 Σωτῆρος

2218 2208 2381 2278 ἡμῶν
2420 2205 2661 2275 Χριστοῦ
2721 2202 3179 2273 διαλαμϐάνουσιν
3205 2215 3221 2230 °
3275 2198 3784 2264 Εὶσελευσόμεθα,

2215 2300 2404 2369 φησιν,
2422 2300 2509 2363 εις
2546 2296 2616 2352 τὰ
2643 2296 3007 2365 σκηνώματα
3030 2293 3237 2354 αὐτοῦ,
3265 2289 3785 2360 προσκυνήσωμεν

2212 2391 2300 2457 εἰς
2351 2389 2540 2443 τόπον
2585 2383 2657 2444 οὗ
2708 2387 2981 2454 ἔστησαν
3043 2388 3097 2439 οι
3161 2385 3342 2449 πόδες
3396 2381 3601 2435 αὑτοῦ.
3650 2380 3790 2449 Προ-

2214 2481 2412 2551 φητεία
2480 2478 2637 2533 τοῦτο
2720 2480 2847 2549 περὶ
2921 2476 3031 2530 τῶν
3109 2474 3473 2547 Χριστιανῶν,
3538 2470 3790 2540 ἀλλήλοις

2216 2572 2387 2626 ταῦτα
2409 2589 2471 2625 συ
2482 2570 2906 2642 μϐουλευόντων,
2934 2570 3027 2624 καὶ
3056 2570 3322 2639 σκήνωμα
3350 2567 3446 2637 μὲν
3474 2564 3738 2632 λεγόντων
3762 2578 3779 2591 ο

2220 2665 2348 2727 τοὺς
2378 2665 2434 2716 ὲν
2467 2663 2804 2733 Παλαιστίνῃ
2843 2661 3067 2727 τόπους,
3106 2659 3233 2712 ἔνθα
3276 2656 3645 2726 ἀνεστρέφετο,
3690 2650 3787 2702 καὶ

2218 2753 2499 2824 κατῴκει·
2542 2754 2704 2807 τόπον
2756 2754 2812 2806 δὲ
2861 2754 2994 2806 ὅπου
3049 2753 3287 2821 ἔστησαν
3322 2750 3370 2802 oi
3404 2748 3555 2808 πόδες
3596 2742 3786 2803 αὑτοῦ,

2218 2846 2251 2918 ἢ
2281 2847 2423 2900 αὑτὰ
2460 2846 2530 2899 τὰ
2560 2844 2894 2914 σκηνώματα
2923 2844 3051 2896 ἔνθα
3079 2841 3419 2910 περιεπάτει,
3442 2838 3476 2908 ἦ
3510 2836 3599 2890 τὸν
3627 2852 3791 2888 σταυ-

2222 2940 2331 3010 ρδν,
2354 2930 2397 3004 ᾧ
2420 2936 2856 3009 προσηλώθησαν
2881 2936 2931 2989 οἱ
2956 2935 3114 2998 πόδες
3155 2933 3340 2997 αὐτοῦ,
3363 2932 3423 2984 ὃν
3446 2931 3539 2983 καὶ
3564 2928 3791 2983 ὑποπό-

2219 3031 2353 3084 διον
2385 3030 2668 3100 ὠνόμασεν
2714 3029 2774 3082 ὲν
2804 3026 2880 3096 τῷ
2910 3025 3018 3095 υιη¹
3046 3024 3265 3096 ψαλμῷ.
3301 3022 3407 3076 Καὶ
3441 3021 3625 3091 μέντοι
3657 3036 3794 3070 παν·

545 3142 799 3186 steterunt
830 3131 982 3200 pedes
1007 3130 1144 3198 ejus,
1171 3130 1256 3184 vel
1280 3129 1472 3184 eadem
1500 3128 1741 3198 iutellige
1766 3128 2114 3183 tabernacula

2220 3122 2449 3192 ταχόθεν
2525 3120 2853 3192 συρρέοντες
2901 3119 3245 3190 εἰσέρχονται
3300 3118 3380 3178 εἰς
3437 3116 3567 3175 τοὺς
3594 3113 3795 3173 τόπους

543 3235 600 3279 et
646 3226 762 3279 loca
794 3225 849 3279 in
888 3223 1089 3292 quibus
1134 3221 1397 3277 Dominus
1443 3221 1773 3285 ambulavit;
1807 3222 1890 3275 vel
1942 3221 2115 3289 ipsam

545 3332 789 3376 crucem,
819 3315 908 3368 cui
933 3314 1135 3368 Christi
1176 3314 1340 3381 pedes
1369 3312 1569 3367 conﬁxi
1600 3320 1750 3376 sunt,
1779 3321 1831 3366 et
1852 3328 2036 3382 quam,
2064 3312 2116 3365 in

544 3408 758 3477 psalmo
795 3420 988 3466 xcvm,
1026 3403 1310 3457 scabellum
1339 3406 1521 3469 pedum
1550 3406 1666 3472 ejus
1697 3404 2004 3474 appellavit.
2040 3402 2119 3458 Ex

548 3497 819 3567 universis
853 3495 1127 3565 siquidem
1162 3494 1349 3549 tnundi
1382 3494 1633 3564 partibus
1662 3494 1792 3548 illuc
1833 3493 2121 3548 conlinunt

551 3588 823 3653 homines,
855 3595 1018 3657 atque
1056 3587 1108 3641 in
1147 3603 1210 3642 ea
1243 3600 1428 3642 sancta
1464 3589 1580 3642 loca
1625 3587 2029 3658 ingrediuntur,
2063 3595 2119 3643 et

553 3680 780 3737 adorant
814 3680 924 3735 illic
972 3680 1284 3734 Dominum.
1341 3679 1598 3750 Exsurge,
1630 3680 1840 3750 inquit,
1877 3679 2116 3745 Domine,

552 3776 607 3828 in
628 3774 854 3844 requiem
887 3782 1054 3837 tuam,
1079 3780 1134 3824 ιιι
1159 3780 1210 3825 et
1246 3787 1372 3825 arca
1396 3771 1834 3841 sanctificationis
1859 3780 1983 3837 tute,
2018 3772 2121 3825 hoc

549 3874 654 3934 est,
702 3875 811 3921 tuae
861 3865 1168 3920 divinitatis
1220 3864 1658 3929 tabernaculum,
1710 3873 1864 3917 tuum
1912 3864 2121 3919 scilicet

549 3956 986 4013 sacratissimum
1024 3972 1246 4026 corpus.
1289 3955 1761 4022 Quemadmodum
1796 3954 1944 4009 enim
1993 3968 2119 4009 arca

550 4048 638 4102 illa
672 4058 863 4104 sancta
900 4049 991 4104 Dei
1022 4064 1087 4103 ex
1134 4046 1648 4117 incorruptibilihus
1674 4047 1832 4115 lignis
1857 4045 2121 4100 fabricata

549 4149 689 4204 erat.
716 4150 769 4195 et
806 4141 1101 4210 purissimo
1139 4141 1365 4209 insuper
1390 4154 1524 4195 auro
1550 4140 1824 4203 inaurata,
1861 4138 1933 4192 ita
1955 4138 2119 4194 etiam

555 4237 833 4295 assumpta
893 4227 1098 4282 Christi
1147 4227 1459 4283 humanitas
1511 4243 1576 4281 ex
1629 4228 1946 4298 incorrupto
2000 4228 2120 4298 ejus

550 4328 778 4384 corpore
804 4324 920 4370 erat
951 4324 1254 4386 compacta,
1285 4332 1351 4372 ex
1385 4317 1611 4388 ipsaque
1639 4334 1767 4373 vera
1797 4332 1862 4374 ac
1887 4321 2119 4376 sanctis-

551 4406 689 4459 sima
725 4405 1013 4461 divinitate
1048 4407 1130 4478 (ut
1186 4408 1261 4461 ita
1310 4408 1514 4478 dicam)
1552 4418 1671 4464 erat
1706 4410 1979 4476 tleilicata,
2025 4426 2121 4481 per

554 4499 807 4553 unionem
846 4499 1103 4552 nimirum
1142 4499 1288 4552 illam
1342 4500 1667 4556 ineﬂ‘abilem
1721 4503 1833 4558 veri
1868 4503 1981 4559 Dei.
2017 4502 2121 4558 Sa-

552 4588 785 4643 cerdotes
819 4590 896 4642 tui
927 4589 1472 4660 induenturjustitia,
1498 4593 1811 4661 evangelica
1839 4594 2119 4658 nimirum,

551 4680 634 4732 vel
668 4680 815 4732 omni
846 4681 1107 4735 virtutum
1134 4698 1332 4753 genere
1354 4684 1737 4749 ornabuntur;
1766 4694 1815 4737 et
1845 4687 2016 4739 sancti
2047 4689 2122 4740 tui

550 4769 921 4832 exsultabant,
961 4781 1014 4825 et
1053 4773 1365 4841 quicunque
1399 4789 1522 4826 cum
1558 4774 1938 4828 sacerdotibus
1970 4790 2124 4827 ama-

554 4871 700 4915 tores
733 4860 936 4916 fuerint
976 4864 1265 4929 virtututn,
1298 4865 1601 4935 angelicam
1642 4875 1960 4936 peragentes
1993 4880 2126 4919 Con-

555 4955 940 5019 versatianem,
970 4955 1184 5010 illorum
1211 4956 1375 5010 etiam
1411 4973 1558 5010 more
1576 4944 1957 5011 [exsultabunL
1992 4958 2127 5010 Pio-

552 5056 665 5113 pter
700 5046 866 5100 David
903 5062 1107 5101 servum
1151 5056 1321 5111 tuum,
1354 5064 1414 5100 ne
1458 5060 1666 5102 avertas
1707 5050 1894 5117 faciem
1928 5051 2124 5105 Christi

554 5140 653 5193 tui.
703 5138 756 5192 Si
803 5139 1010 5192 nullam
1053 5141 1216 5191 aliam
1261 5140 1331 5193 ob
1358 5156 1607 5204 causam,
1639 5154 1861 5212 propter
1899 5160 1982 5197 me
2012 5142 2122 5198 sul-

555 5238 659 5281 lcm
694 5245 914 5283 servum
945 5238 1137 5293 tuum,
1172 5246 1379 5299 qumso,
1415 5248 1482 5287 ne
1512 5232 1715 5287 Christi
1765 5236 1841 5288 tui
1876 5250 2120 5304 praesen-

558 5322 682 5372 tiam
708 5331 948 5385 avertas,
978 5324 1068 5390 qui
1101 5337 1196 5391 per
1227 5324 1662 5379 incarnationem
1698 5341 1851 5380 suam
1888 5327 2122 5381 homini-

556 5410 656 5465 bus
693 5413 1008 5480 apparebit;
1042 5413 1288 5482 quiuimo
1328 5430 1455 5484 rogo
1488 5425 1537 5468 lc
1583 5425 1639 5469 ut
1675 5416 1784 5469 cito
1838 5427 2119 5487 appareat.

553 5499 769 5554 \‘eiltas
801 5501 964 5554 etiam
1000 5518 1119 5570 qua:
1147 5503 1331 5571 jurata
1366 5504 1466 5559 fuit
1495 5505 1597 5573 ipsi
1631 5506 1799 5559 David
1830 5507 1973 5575 quod
2003 5509 2124 5577 ejus

564 5604 744 5641 semen
795 5606 1185 5647 consessorum
1237 5605 1381 5649 esset
1433 5611 1600 5665 super
1660 5597 1915 5651 thronum
1970 5600 2121 5668 regni

548 5680 694 5748 ejus,
726 5682 789 5733 ad
819 5682 993 5751 ipsunt
1017 5684 1178 5739 etian.
1207 5685 1481 5742 Christum
1510 5690 1766 5758 pertinet.
1798 5688 1893 5745 llic
1919 5693 2119 5747 ctenim

2222 3212 2490 3277 ἐκείνους,
2526 3212 2622 3265 καὶ
2673 3210 3079 3278 προσκυνοῦσιν
3115 3208 3397 3261 ἑκάστοτε.
3448 3204 3796 3269 Ἀνάστηθι,

2222 3304 2376 3372 φησι,
2424 3303 2623 3370 Κύριε,
2673 3303 2759 3367 εἰς
2814 3300 2929 3367 τὴν
2963 3299 3313 3355 circinain
3350 3315 3491 3362 σου,
3532 3296 3615 3349 σὺ
3643 3295 3795 3361 καὶὴ

2221 3392 2470 3457 κιϐωτὸς
2525 3391 2631 3445 τοῦ
2673 3390 3042 3460 άγιάσματός
3077 3406 3223 3444 σου’
3256 3387 3552 3455 ἀνάστηθι
3604 3388 3671 3440 ἐκ
3701 3402 3800 3439 νε-

2222 3483 2400 3552 κρῶν,
2428 3484 2527 3536 καὶ
2557 3481 2808 3551 ἀνάϐηθι
2836 3486 2923 3548 εις
2949 3483 3056 3535 τὸν
3094 3482 3312 3550 θρόνον
3334 3480 3442 3548 τῆς
3462 3482 3532 3533 ἐν
3556 3475 3797 3546 οἰιρανῷ

2217 3577 2542 3641 βασιλείας
2566 3590 2706 3640 σου,
2728 3576 2809 3629 σὺ
2826 3578 2859 3630 ὀ
2884 3576 3051 3642 θεὸς,
3070 3574 3167 3628 καὶ
3181 3575 3246 3628 τὸ
3265 3575 3631 3642 πρόσλημμά
3653 3587 3795 3627 σου.

2222 3668 2393 3722 Τοῦτο
2440 3668 2549 3739 γὰρ
2606 3668 2837 3730 κιϐωτὸς
2866 3667 2966 3737 τῆς
2993 3666 3327 3736 ἁγιωσύνης,
3369 3667 3490 3736 ἤτοι
3528 3666 3799 3733 σκήνωμα

2221 3764 2320 3832 τῆς
2363 3760 2650 3829 θεότητος’
2692 3759 2883 3829 ὥσπερ
2922 3759 3030 3829 γὰρ
3063 3759 3096 3828 ἡ
3147 3757 3377 3820 κιϐωτὸς
3404 3758 3467 3809 ὲκ
3491 3757 3664 3821 ξύλων
3698 3756 3800 3826 μιν

2227 3854 2491 3914 ἀσήπτων
2519 3851 2951 3916 κατεσκεύαστο,
2986 3850 3300 3921 κεχρύσωτο
3324 3851 3381 3904 δὲ
3414 3849 3643 3919 καθαρῷ
3666 3868 3799 3919 χρυ-

2225 3946 2322 4015 σῷ,
2341 3944 2484 3999 οὓτω
2502 3946 2596 3999 καὶ
2616 3943 2679 3997 τδ
2696 3943 3028 4014 πρόσλημμα
3048 3944 3111 3996 ὲκ
3142 3941 3395 4012 σώματος
3413 3942 3514 4011 μὲν
3541 3942 3798 4010 ἀδιαφθό-

2225 4054 2319 4107 ρου
2361 4035 2746 4107 συμπέπηκτο.
2764 4034 3054 4087 Ἐτεθέωτο
3082 4032 3139 4086 δὲ
3171 4034 3236 4086 ὲκ
3263 4032 3517 4104 θεότητος
3537 4033 3797 4101 φυσικῆς.

2229 4127 2431 4200 κυρίως
2462 4128 2736 4199 θεότητος,
2782 4128 2950 4198 ῆγουν
2995 4128 3058 4179 ὲκ
3088 4126 3189 4196 τῆς
3222 4124 3471 4187 ὲνὼσεως
3500 4125 3596 4178 τοῦ
3628 4126 3801 4188 δντως

2224 4219 2379 4274 Θεοῦ.
2437 4221 2502 4273 Οἱ
2534 4220 2732 4288 ἱερεῖς,
2776 4216 2964 4288 φησὶν,
3014 4217 3804 4283 ὲνδὺσονταιδικαιοσύνην

2223 4312 2323 4382 τὴν
2356 4311 2498 4365 κατὰ
2538 4313 2600 4364 τὸ
2624 4310 2981 4379 Εὐαγγέλιον,
3010 4311 3129 4380 ἢτοι
3158 4309 3600 4381 κοσμηθήσονται
3630 4310 3805 4378 ἀρετῇ

2226 4406 2399 4476 πάσῃ·
2422 4404 2519 4458 καί
2549 4407 2601 4458 οἱ
2627 4404 2785 4457 ὅσιοι
2813 4418 2929 4457 σου
2949 4402 3441 4471 ἁγαλλιάσονται·
3465 4402 3559 4455 καὶ
3579 4402 3628 4454 οἱ
3662 4404 3804 4471 μετὰ

2225 4498 2352 4561 τοὺς
2381 4500 2548 4568 ἱερεῖς
2563 4512 2655 4549 σου
2680 4495 2967 4565 φιλάρετοι
2984 4495 3804 4564 ἀγαλλιάσονταιωολιτευόμε·

2225 4604 2306 4640 νοι
2335 4587 2666 4655 ἀγγελικῶς.
2695 4587 2972 4651 “Ενεκεν,
3003 4587 3158 4656 φησι,
3209 4586 3387 4641 Δαὸὶδ
3414 4587 3519 4641 τοῦ
3567 4586 3803 4641 δούλου

2224 4698 2360 4743 σου,
2411 4679 2497 4749 μὴ
2530 4680 2925 4748 ἀποστρέψης
2952 4680 3018 4733 τὸ
3044 4681 3368 4748 πρόσωπον
3400 4681 3506 4735 τοῦ
3540 4662 3841 4748 Χριστοιί

2224 4787 2362 4828 σου.
2420 4774 2480 4825 El
2545 4772 2641 4825 καὶ
2694 4775 2769 4841 μὴ
2819 4772 2885 4826 δι’
2934 4773 3062 4827 ἄλλο
3106 4791 3180 4836 τι,
3229 4773 3365 4827 ἀλλὰ
3386 4792 3449 4841 γε
3480 4774 3548 4827 δι’
3581 4776 3682 4844 ἐμὲ
3706 4792 3805 4828 τον

2226 4865 2413 4918 δοῦλόν
2445 4881 2562 4927 σου,
2597 4865 2670 4934 μὴ
2701 4864 3049 4934 ἀποστρέψῃς
3069 4864 3168 4934 τὴν
3193 4868 3515 4933 ἐπιφάνειαν
3542 4867 3637 4920 τοῦ
3666 4869 3806 4937 Χρι-

2231 4953 2353 5005 στοῦ
2379 4971 2496 5017 σου,
2566 4955 2851 5022 μέλλοντος
2882 4954 3223 5023 ἐπιφανῆναι
3253 4959 3361 5018 τοῖς
3392 4957 3701 5027 ἀνθρώποις
3734 4959 3806 5010 δι’

2226 5046 2702 5115 ἐνανθίιωπήσεως
2731 5060 2743 5073 ’
2783 5044 2896 5098 ἀλλ’
2954 5046 3292 5116 ὲπιφανήτω.
3331 5046 3393 5099 Ἦ
3422 5049 3713 5118 ὀμοσθεῖσα
3747 5053 3805 5104 δὲ

2223 5135 2301 5205 τῷ
2359 5135 2523 5189 Δαόὶδ
2576 5136 2829 5205 ἀλήθεια,
2894 5138 3013 5208 ἦτοι
3047 5138 3108 5190 τὸ
3156 5141 3219 5192 ὲκ
3265 5141 3582 5210 σπέρματος
3631 5145 3802 5197 αὑτοῦ

2226 5229 2452 5281 καθίσαι
2511 5231 2590 5290 εἰς
2642 5228 2733 5280 τὸν
2788 5228 2977 5300 θρόνον
3003 5232 3100 5300 τῆς
3152 5232 3432 5302 βασιλείας
3489 5237 3802 5299 aiatait?»

2228 5320 2464 5392 Χριστὸν
2512 5320 2776 5391 ᾐνίττετο.
2810 5318 2981 5385 Οὗτος
3011 5324 3121 5394 γάρ
3169 5326 3318 5379 ἐστιν
3346 5330 3372 5380 ό
3411 5330 3617 5397 κυρίως
3649 5332 3807 5399 βαστ-

2228 5412 2353 5476 λεῦς
2397 5414 2492 5466 τοῦ
2537 5415 2778 5485 Ἰσραὴλ,
2806 5417 2873 5468 ὲκ
2904 5417 3219 5488 σπέρματος
3254 5421 3347 5474 τοῦ
3374 5423 3540 5475 Δαὸὶδ
3572 5425 3671 5493 μὲν
3701 5425 3801 5488 ὢν,

2230 5506 2370 5557 κατὰ
2424 5505 2522 5576 τὴν
2586 5509 2799 5578 μητέρα
2847 5511 2912 5562 ὲκ
2957 5510 3150 5577 γένους
3197 5514 3359 5566 Δαϐἰδ
3390 5518 3802 5585 καταγομένην,

2230 5597 2482 5666 βασιλεὺς
2505 5598 2559 5650 δὲ
2604 5601 2743 5652 κατὰ
2767 5601 2826 5652 τὸ
2854 5603 3164 5671 νομοθετεῖν
3185 5609 3296 5668 τοῖς
3317 5607 3579 5676 ὑπηκόοις
3609 5610 3799 5668 αὑτοῦ,

2228 5694 2326 5748 καὶ
2360 5692 2673 5762 ῥυθμίζειν,
2705 5694 2797 5747 καὶ
2820 5696 3128 5768 περιέπειν,
3161 5700 3257 5752 καὶ
3288 5700 3807 5773 ὐπεραποθνησκειν
