4102 6206
393 290 536 357 1225

1577 288 1968 348 COMMENT.
2012 287 2087 346 IN
2132 288 2497 349 PSALMOS.

3495 291 3630 358 1226

388 407 590 472 αὐτῶν,
621 406 656 461 ἃ
702 407 933 475 μάλιστα
969 404 1439 477 χειρακτηρξξουσι
1484 404 1573 457 τδν
1601 405 1818 473 άληθῶς
1856 404 1955 474 βαο

2069 419 2187 458 vere
2216 419 2279 457 ac
2315 404 2532 473 proprie
2564 388 2712 458 illius
2745 415 2933 459 semen
2974 405 3110 471 fuit;
3144 407 3272 476 quia
3301 423 3369 464 ex
3418 414 3632 470 semine

390 498 565 553 σιλέα.
614 499 756 552 Ἐὰν
781 498 1191 567 φυλάξωνται,
1254 498 1451 567 φησὶν,
1470 500 1522 551 οί
1552 498 1669 551 υἱοί
1695 498 1810 565 τὴν
1836 497 1963 551 δια-

386 593 584 660 θήκην
614 607 730 645 σου
759 593 864 660 τὴν
898 588 1281 659 εὐαγγελικὴν,
1305 590 1403 643 καί
1431 590 1503 644 τὰ
1527 589 1822 657 μαρτύριά
1841 607 1962 658 μου

387 684 597 747 ταῦτα,
633 682 672 736 ἁ
694 681 914 746 διδάξω
934 681 1157 748 αὐτοὺς
1183 681 1270 735 διὰ
1300 681 1416 735 σοῦ.
1471 680 1604 734 Ἀπὸ
1630 678 1722 733 τοῦ
1748 682 1960 750 lla-:9)»;

388 775 447 827 δὲ
478 776 505 827 ὁ
559 774 718 840 λόγος
749 773 888 844 πρὸς
924 773 1015 827 τὸν
1074 775 1139 826 ἐκ
1194 772 1359 825 Δαεὶδ
1394 773 1653 842 Χριστὸν.
1681 772 1771 824 τὶν
1802 789 1960 840 μονο-

391 866 526 935 γενῆ
558 864 709 931 Υίὸν,
752 866 882 932 περὶ
915 864 1023 917 τῶν
1053 863 1319 935 μαθητῶν
1366 865 1461 917 καὶ
1509 863 1839 921 ἀποστόλων,
1870 861 1963 925 ob;

391 955 578 1008 τεκνία
609 959 667 1008 ἐν
697 958 809 1017 τοῖς
843 954 1195 1023 Εὐάγγελίοις
1232 954 1543 1023 ὠνόμασεν,
1578 955 1652 1017 ὡς
1691 956 1757 1007 ἐκ
1813 954 1960 1008 6:6:-

395 1049 626 1109 σκαλὶας
698 1048 795 1101 καὶ
854 1048 1092 1111 πίστεως
1128 1046 1539 1116 υἰοθετῃθὲντας
1571 1046 1760 1116 αὐτῷ’
1836 1048 1963 1099 Ἐάν

391 1140 554 1193 τοῦτο
608 1142 930 1211 ποιήσωσιν,
990 1140 1091 1193 οὐκ
1140 1139 1299 1193 αὐτοὶ
1359 1138 1539 1208 μύκον,
1581 1140 1717 1193 ἀλλὰ
1776 1139 1868 1191 καὶ
1915 1135 1963 1191 οἱ

393 1234 603 1288 τούτων
638 1220 1063 1302 accep-aequi
1087 1233 1183 1285 καὶ
1239 1236 1477 1301 μιμηταὶ
1508 1230 1826 1286 καθιοῦνται
1874 1233 1965 1285 ἐπὶ

392 1324 489 1379 τοῦ
549 1324 742 1395 θρόνου
798 1324 893 1376 τοῦ
946 1324 1305 1395 ποιμαντικοῦ
1374 1327 1471 1378 καὶ.
1550 1324 1962 1379 διδασκαὶὶικοῦ.

391 1415 812 1482 Καταστήσας
862 1415 993 1485 γὰρ,
1036 1416 1220 1486 φησὶν,
1257 1416 1484 1482 αὐτοὺς
1534 1410 1833 1484 ἄρχοντας
1864 1418 1964 1471 ἐπὶ

392 1504 776 1576 πᾶσανιγῆν·
826 1507 858 1575 ἢ
918 1507 1011 1562 ἐπὶ
1035 1507 1134 1575 τῆς
1165 1506 1527 1571 ἀναπαύσεως
1595 1508 1689 1559 καὶ
1722 1510 1962 1584 ἀπολαύ-

394 1613 535 1659 σεως
566 1595 663 1665 τῆς
697 1595 950 1665 οὐρανίου
1004 1595 1286 1666 βασιλείας
1321 1613 1415 1650 σου
1436 1613 1449 1627 ·
1494 1597 1523 1651 ὃ
1552 1598 1616 1669 δὴ
1666 1599 1759 1651 καὶ
1789 1601 1967 1671 πέρας

394 1685 686 1756 λαμϐάνει,
719 1684 1096 1754 φυλαξάντων,
1144 1684 1219 1749 ὡς
1252 1687 1488 1758 εἴρηται.
1523 1689 1882 1752 Κατάπαυσις
1910 1690 1967 1743 δὲ

392 1775 486 1829 τοῦ
515 1775 651 1829 Θεοῦ
683 1775 926 1840 αἰώνιος,
961 1778 994 1848 ἠ
1038 1777 1360 1848 Ἐκκλησία,
1391 1775 1468 1848 ἧς
1500 1781 1687 1834 πύλαι
1714 1780 1864 1848 ᾅδου
1895 1786 1968 1835 οὐ

395 1868 839 1935 κατισχύσουσι
862 1883 889 1898 ἰ
912 1866 1058 1938 θήρα
1107 1866 1166 1920 δὲ
1210 1868 1409 1938 αὐτῆς,
1443 1871 1476 1939 ἡ
1507 1871 1715 1941 σαγήνη
1743 1870 1834 1923 τοῦ
1866 1887 1967 1940 κη-

398 1959 701 2030 ρύγματος,
758 1959 825 2012 δι’
877 1954 945 2032 ἦς
1000 1958 1224 2030 θηρεύει
1274 1962 1402 2023 τοὺς
1456 1963 1854 2031 ἐννηχομένους
1901 1965 1967 2033 τῇ

394 2052 545 2123 ἅλμῃ
606 2053 704 2122 τῆς
755 2051 991 2122 πλάνης⁶
1027 2054 1061 2123 ἡ
1090 2051 1372 2122 θήρευσις,
1423 2052 1547 2106 καθ’
1595 2056 1664 2125 ἣν
1708 2055 1759 2106 al
1799 2055 1969 2118 ἁλιεῖς

393 2144 688 2197 ἀπόστολοι
734 2141 1004 2212 ὲξήγρουν
1054 2143 1123 2196 τὰ
1151 2142 1355 2214 πλήθη.
1392 2146 1605 2214 Πτωχοὶ
1635 2145 1689 2198 δὲ
1717 2146 1886 2216 αὐτῆς
1917 2147 1969 2199 οί

396 2235 603 2304 πτωχοὶ
632 2234 711 2304 τῷ
744 2235 1039 2304 πνεύματι,
1063 2234 1157 2299 οὓς
1181 2235 1439 2307 χορτάσει
1481 2237 1647 2307 ἄρτου
1675 2238 1931 2307 οὐρανίου
1950 2255 1967 2274 ο

396 2322 515 2393 ἢτοι
539 2321 636 2390 τῆς
669 2321 947 2391 βασιλείας
970 2322 1085 2376 τῶν
1111 2323 1359 2393 οὐρανῶν
1388 2339 1402 2354 ο
1429 2323 1551 2387 τοὺς
1585 2326 1750 2395 ἱερεῖς
1778 2326 1834 2379 δὲ
1875 2328 1972 2380 αὒ-

393 2415 493 2482 τῆς
516 2412 723 2465 ὲνδύσει
758 2412 1033 2483 σωτηρίαν
1079 2415 1333 2467 αἰώνιον
1373 2413 1772 2485 ἐνδυσαμένους
1815 2419 1971 2487 πρῶ-

393 2520 487 2557 τον
514 2502 885 2574 δικαιοσύνην,
918 2503 995 2568 ὡς
1030 2505 1375 2577 προείρηται,
1405 2501 1473 2575 ἧς
1498 2510 1553 2560 οἱ
1587 2507 1765 2572 ὅσιοι,
1788 2510 1973 2578 ἀγαλ-

392 2593 593 2648 λιάσει
621 2596 828 2665 αίωνίςι
869 2595 1360 2665 ἀγαλλιάσονται.
1400 2599 1540 2668 μετὰ
1575 2600 1672 2669 τὴν
1721 2601 1970 2655 ἐντεῦθεν

394 2686 661 2757 ἑκδημίαν
714 2686 914 2758 δηλαδή
940 2705 955 2718 ο
1013 2688 1280 2741 κάκείνων
1335 2687 1687 2758 ἐνδυομένων,
1739 2693 1972 2745 καὶτῶν

393 2777 566 2842 οὕτως
593 2778 1044 2849 ἀγαλλιωμένων.
1100 2780 1188 2833 Ἐν
1211 2782 1279 2851 τῇ
1323 2778 1626 2851 Ἐκκλησία
1669 2782 1726 2834 δὲ
1751 2784 1931 2846 ἐξανέ
1948 2813 1973 2825 -

394 2875 594 2926 τειλεν
610 2872 787 2941 ὕψος,
810 2872 905 2927 καί
935 2872 1115 2942 τιμὴν
1135 2871 1215 2937 τῷ
1233 2873 1432 2936 Δαϐίδ,
1457 2875 1597 2943 εὐφη
1607 2877 1861 2947 μουμένῳ
1882 2878 1974 2929 καὶ

394 2962 759 3035 δοξαζομένῳ,
796 2964 870 3027 ὡς
900 2964 1155 3034 προγόνῳ
1173 2963 1265 3017 τοῦ
1293 2964 1539 3035 Χριστοῦ
1566 2981 1579 2996 °
1620 2964 1653 3036 ἢ
1689 2967 1782 3019 καὶ
1820 2968 1877 3019 ἒν
1905 2970 1971 3040 τῇ

2063 495 2279 562 quidem
2310 494 2410 549 luit
2436 494 2715 560 Davidico,
2744 502 2971 566 propter
2996 505 3248 565 matrem,
3270 508 3391 570 qua:
3417 517 3445 555 a
3473 503 3634 559 beato

2062 585 2231 640 David
2263 600 2435 655 genus
2480 584 2738 641 ducebat.
2799 583 2935 641 Fuit
2982 587 3149 642 etiam
3199 604 3327 645 vere
3388 609 3516 656 rex.
3569 612 3635 651 eo

2064 675 2208 743 quod
2254 676 2495 731 subditis
2551 674 2670 730 suis
2721 674 2972 731 ﬁdelibus
3018 676 3188 747 legem
3246 682 3536 752 iinposnit,
3583 697 3637 740 ct

2065 780 2331 819 summam
2366 778 2555 820 eorum
2595 779 2784 820 curam
2817 767 3048 833 habens,
3086 770 3198 822 veri
3245 774 3399 842 regis
3419 784 3472 828 et
3496 775 3640 830 dire-

2065 856 2232 909 ctoris
2272 870 2511 910 artiorem
2560 862 2724 924 atque
2754 855 2988 912 oﬂicium
3019 855 3228 924 docuit,
3258 878 3381 915 cum
3420 876 3520 933 pro
3558 868 3636 920 eis

2068 960 2317 1001 lttOl‘lllllS
2360 944 2476 1003 sit:
2517 958 2637 1018 qua:
2680 949 2862 1002 eninia
2910 950 3022 1004 veri
3069 952 3211 1019 regis
3261 954 3634 1011 characterem

2066 1051 2128 1090 ac
2158 1037 2387 1106 figuram
2416 1040 2767 1107 exprimunt:
2805 1036 2864 1092 Si
2884 1037 3259 1105 custodierint,
3287 1044 3501 1113 inquit,
3530 1047 3634 1115 ﬁlii

2065 1130 2179 1198 ejus
2212 1138 2579 1184 lcslatitemum
2623 1138 2830 1197 meum,
2882 1132 3269 1203 Evangeli‘cum
3326 1140 3583 1193 nimirum
3619 1160 3634 1195 :

2065 1230 2114 1272 et
2141 1220 2444 1274 testimonia
2470 1236 2605 1282 mea.
2632 1228 2765 1287 Im'c,
2811 1230 2927 1293 quae
2966 1224 3160 1279 dorebo
3183 1242 3298 1289 eos;
3345 1237 3397 1282 te
3427 1224 3639 1284 scilicet

2070 1310 2422 1382 praedicante.
2469 1312 2564 1365 Est
2594 1314 2793 1367 etenim
2834 1314 2921 1369 hic
2958 1324 3141 1370 sermo
3171 1333 3235 1372 ex
3262 1314 3504 1388 ’persona
3533 1319 3638 1375 Ριμ

2070 1404 2171 1458 tris
2203 1403 2268 1456 ad
2302 1402 2581 1459 Christum
2617 1413 2805 1459 natum
2838 1421 2901 1461 ex
2935 1408 3144 1463 semine
3172 1392 3346 1464 David
3395 1414 3642 1483 unigeni.

2073 1504 2183 1547 tum
2215 1492 2443 1559 Filium;
2477 1509 2679 1560 sermo,
2725 1494 2969 1565 inquam,
3003 1498 3070 1553 de
3098 1502 3362 1569 apostolis
3392 1511 3444 1557 et
3469 1505 3639 1559 disci-

2071 1588 2235 1657 pulis,
2264 1602 2400 1657 quos
2428 1587 2484 1640 in
2515 1587 2811 1658 Evangelio
2836 1591 2998 1655 etiam
3020 1586 3286 1649 Christus
3322 1594 3463 1650 ﬁlios
3505 1592 3637 1653 suos

2074 1682 2387 1750 appellavit,
2438 1693 2698 1750 tanquam
2738 1697 2834 1751 per
2868 1682 3176 1739 doctrinam
3217 1695 3271 1741 et
3322 1688 3480 1742 [idem
3529 1690 3635 1745 sibi

2074 1772 2380 1842 adeptatos.
2416 1771 2474 1827 Si
2518 1773 2689 1844 igitur
2717 1774 2772 1828 hi
2802 1775 2895 1829 lilii
2937 1776 3015 1829 tui
3061 1776 3176 1832 haec
3221 1777 3470 1844 fecerint,
3520 1796 3643 1852 qua:

2070 1861 2219 1928 dico,
2256 1879 2363 1917 non
2399 1865 2501 1934 ipsi
2538 1876 2772 1932 tantum,
2816 1869 2909 1921 sed
2952 1882 3142 1921 eorum
3188 1870 3350 1924 etiam
3388 1872 3643 1942 discipuli

2071 1955 2338 2010 sedebant
2364 1970 2528 2024 super
2555 1957 2814 2010 thronum
2848 1967 3027 2016 tuum.
3070 1971 3236 2027 super
3272 1959 3531 2016 thronum
3561 1964 3645 2016 in-

2072 2062 2233 2117 quam
2285 2051 2520 2116 pastoris
2564 2060 2617 2103 et
2664 2050 2906 2105 doctoris
2939 2066 2953 2103 :
2985 2048 3284 2106 Conslitues
3338 2054 3485 2107 enim
3530 2071 3642 2120 eos,

2072 2139 2270 2208 inquit,
2298 2140 2558 2208 principes
2584 2155 2736 2208 super
2759 2157 2963 2195 omnem
2996 2150 3192 2195 terram
3215 2142 3281 2197 δ’.
3310 2141 3404 2197 Vel
3429 2146 3483 2198 in
3510 2144 3643 2201 frui-

2072 2230 2223 2284 tione
2262 2240 2317 2285 ct
2350 2232 2539 2301 requie
2572 2234 2760 2287 aeterni
2808 2235 2985 2303 regni.
3021 2232 3155 2300 Quae
3184 2237 3478 2304 p‘r‘oznissio
3510 2254 3645 2296 sane

2075 2333 2207 2377 tunc
2239 2322 2460 2376 demum
2497 2325 2911 2394 adimplebitur,
2945 2325 2990 2379 si
3026 2327 3397 2382 custodieriut
3434 2330 3644 2399 legem,

2076 2422 2134 2468 ut
2161 2415 2365 2471 diclum
2396 2425 2501 2472 est.
2527 2419 2656 2471 Herc
2685 2410 2885 2487 requies
2912 2430 3026 2471 mea
3059 2417 3113 2468 in
3138 2418 3386 2471 circulum
3420 2422 3599 2474 simili
3627 2437 3646 2473 :

2072 2518 2271 2563 aeterna
2307 2508 2402 2564 Dei
2452 2500 2674 2581 requies
2727 2511 2971 2565 Ecclesia
3021 2521 3103 2566 est
3146 2511 3417 2577 li.ielittnt,
3455 2514 3646 2587 inqua

2076 2599 2220 2655 Deus
2268 2601 2535 2669 quiescit;
2588 2601 2768 2655 Portrc
2817 2602 2990 2665 enim,
3044 2602 3238 2671 inquit,
3285 2605 3480 2675 inferni
3540 2612 3648 2664 non

2072 2692 2425 2759 prtrvalebunt
2456 2693 2732 2746 adversum
2757 2708 2873 2746 eam
2899 2693 2963 2746 ⁸ο.
2990 2692 3093 2748 Per
3114 2698 3437 2752 cenationem
3465 2708 3646 2754 autent

2074 2785 2214 2849 ejus,
2237 2791 2356 2853 (seu
2386 2794 2442 2837 ut
2466 2782 2653 2838 Graeca
2671 2784 2839 2837 dictio
2861 2784 3029 2854 θήρα,
3057 2782 3216 2840 aliter
3236 2780 3529 2854 Signiﬁcat,
3554 2806 3649 2859 per

2075 2877 2403 2944 capturum.)
2443 2875 2850 2943 praedicationis
2894 2890 3155 2945 sagenam
3190 2893 3254 2930 ac
3291 2889 3407 2933 rete
3447 2864 3652 2935 lntelliJ

2076 2979 2192 3035 ges.
2228 2980 2322 3034 per
2352 2980 2513 3034 quam
2560 2966 2811 3021 Christus
2839 2975 3073 3020 venatur
3115 2972 3172 3021 et
3215 2969 3363 3036 capit
3412 2984 3507 3025 eos
3553 2972 3648 3038 qui

396 3056 537 3109 Σιὼν
565 3055 873 3120 ἑξανέτειλε
913 3056 1081 3127 κέρας
1119 3056 1400 3128 βασιλείας
1442 3056 1519 3128 τῷ
1546 3057 1734 3121 Δαδὶδ.
1766 3059 1968 3131 ὑψηλόν

2075 3056 2129 3108 in
2164 3055 2264 3110 hac
2290 3065 2498 3121 natant,
2530 3057 2602 3110 ita
2629 3067 2688 3109 ut
2721 3057 2924 3116 dicam.
2965 3052 3173 3114 erroris
3200 3059 3493 3130 salsugine.
3533 3060 3651 3121 Vel,

395 3163 458 3200 τε
504 3149 598 3200 καὶ
654 3147 898 3219 ἰσχυρὸν,
953 3148 1241 3219 κερατίζον
1272 3150 1364 3202 καὶ
1395 3149 1734 3203 καταὸάλλον
1764 3151 1972 3214 πάντας

395 3239 524 3303 τοὺς
559 3239 987 3308 ἀνθισταμένους
1018 3240 1188 3311 αὐτῷ,
1218 3241 1246 3293 ὅ
1279 3241 1433 3292 ἐστιν
1473 3241 1507 3310 ἡ
1560 3241 1809 3311 βασιλεία
1836 3243 1971 3312 Χρι-

402 3328 552 3385 στοῦ.
583 3330 796 3400 Λύχνος
845 3331 902 3383 δὲ
940 3330 1291 3400 ἑτοιμασθεὶς
1338 3331 1419 3401 τῷ
1462 3332 1685 3403 Χριστῷ
1728 3335 1761 3403 ἠ
1804 3350 1965 3387 κατα·

400 3420 771 3474 σκευασθεῖσα
823 3421 975 3490 αὐτῷ
1030 3421 1467 3494 παναγίάσὰρξ.
1509 3424 1543 3493 ἡ
1599 3423 1837 3494 φωτεινὴ
1882 3425 1971 3479 διὰ

396 3513 497 3585 τὴν
554 3512 918 3584 λαμπρότητα
958 3513 1058 3581 τῆς
1102 3514 1556 3585 ἀναμαρτησίαςο
1599 3516 1631 3585 ἢ
1697 3515 1757 3569 τὸ
1788 3516 1970 3584 Εὐαγο

397 3606 579 3674 γέλιον
607 3603 843 3673 φωτίζον
866 3604 995 3667 τοὺς
1029 3606 1086 3656 ὲν
1118 3605 1301 3658 σκότει
1329 3605 1565 3675 πλάνης,
1625 3607 1720 3660 καὶ
1738 3607 1971 3678 ὁδηγῶν

398 3697 478 3756 είς
507 3694 730 3765 ἀρετήν·
767 3695 1012 3762 Λύχνος
1031 3693 1162 3763 γὰρ,
1196 3693 1383 3764 φησὶν,
1433 3694 1560 3761 τοῖς
1589 3696 1739 3749 ποσί
1762 3714 1882 3765 μου
1939 3699 1971 3751 ὀ

397 3787 582 3853 νόμος
605 3801 744 3859 σου,
784 3785 818 3857 ἢ
863 3787 891 3838 ὁ
926 3784 1243 3856 Πρόδρομος
1266 3800 1282 3815 ⁸
1331 3785 1596 3853 Ἐκεῖνος
1629 3787 1757 3857 γὰρ,
1782 3788 1969 3859 φησιν,

397 3868 477 3946 ἦν
500 3879 533 3930 ό
562 3877 794 3945 λύχνος
819 3879 852 3930 ό
885 3877 1207 3944 καιόμενος
1226 3893 1239 3907 ·
1269 3877 1456 3947 ἐχθροὶ
1479 3877 1538 3930 δὲ
1571 3877 1737 3931 αὑτοῦ
1774 3880 1825 3932 οί
1855 3878 1974 3932 δαί-

403 3982 588 4036 μονες,
616 3967 709 4020 καὶ
744 3968 944 4029 ¹πάντες
975 3967 1233 4037 οίὲχθροὶ
1249 3966 1346 4037 τῆς
1406 3967 1684 4038 ἀληθείας,
1741 3968 1790 4021 οἳ
1836 3969 1974 4040 σύμ-

401 4075 604 4120 παντες
678 4058 1164 4129 αίσχυνθήσονται,
1223 4061 1319 4114 καὶ
1394 4061 1629 4130 μάλιστα
1678 4062 1819 4117 κατὰ
1873 4063 1972 4133 τὴν

401 4150 751 4219 παγκόσμιον
836 4152 1135 4205 ἀνάστασιν
1200 4166 1214 4180 ·
1290 4155 1370 4215 είς
1440 4153 1605 4207 αὐτὸν
1674 4154 1731 4206 δὲ
1818 4154 1973 4219 ἐξαν-

400 4243 555 4311 θήσει
588 4245 619 4314 ἡ
654 4244 784 4313 ἁγία
840 4244 1156 4316 Ἐκκλησία,
1197 4248 1232 4317 ἡ
1281 4246 1585 4315 άτιάζουσα
1609 4249 1736 4312 τοὺς
1794 4248 1971 4317 ὀρθῶς

399 4336 871 4406 προσερχομένους
907 4354 925 4370 ο
981 4339 1146 4391 αὑτὸν
1227 4336 1339 4402 ἕξει
1396 4338 1555 4402 ἄνθος
1618 4341 1711 4392 καὶ
1775 4339 1973 4410 εὐπρέο

398 4443 467 4478 πε
474 4444 579 4482 ιαν.

2076 3149 2419 3202 venationem
2457 3159 2509 3203 et
2544 3160 2830 3219 capturam
2867 3150 3035 3214 illam,
3068 3150 3222 3219 juxta
3259 3166 3421 3221 quam
3467 3150 3648 3221 pisca-

2076 3248 2225 3293 tores
2261 3240 2518 3307 apostoli,
2550 3253 2659 3294 non
2689 3241 2930 3309 amplius
2968 3242 3123 3297 vivos
3150 3243 3332 3312 pisces
3363 3244 3653 3313 capiebant

2073 3342 2132 3384 ut
2160 3330 2500 3397 occiderent,
2534 3333 2629 3387 sed
2656 3340 2904 3387 mortuos
2943 3334 3183 3402 peccatis
3216 3335 3468 3392 homines
3515 3338 3654 3393 irre-

2073 3424 2278 3479 tiebant
2296 3432 2353 3477 ut
2376 3424 2736 3480 viviﬁcarent.
2760 3425 2864 3480 Per
2887 3442 3155 3496 pauperes
3182 3428 3349 3482 etiam
3374 3430 3495 3499 ejus
3520 3442 3655 3499 pau-

2072 3520 2229 3582 peres
2259 3514 2454 3583 spiritu
2486 3514 2747 3585 intelligo,
2793 3531 2932 3585 quos
2982 3517 3110 3571 οωιί
3164 3533 3324 3587 pane,
3376 3520 3480 3574 hoc
3529 3532 3650 3577 cSl:

2072 3601 2280 3656 caelesti
2313 3617 2517 3673 regno,
2549 3600 2803 3657 Christus
2836 3612 2955 3657 erat
2982 3614 3354 3661 saturaturus.
3384 3606 3654 3664 Sacerdoo

2074 3703 2153 3747 tes
2192 3701 2374 3749 autem
2405 3694 2547 3762 ejus,
2578 3703 2781 3749 aeterna
2817 3695 3071 3751 Christus
3115 3703 3251 3752 tunc
3285 3698 3504 3754 demum
3561 3703 3650 3756 in-

2072 3783 2205 3839 duet
2242 3784 2444 3851 salute,
2483 3786 2530 3840 si
2577 3795 2737 3839 antea
2782 3786 2995 3856 jnstitia
3074 3787 3250 3841 induti
3302 3789 3528 3855 literint,
3596 3804 3650 3845 ut

2073 3877 2394 3946 praedictum
2426 3889 2529 3933 est.
2564 3877 2692 3949 Ejus
2715 3880 2878 3934 etiam
2904 3880 3075 3933 sancti
3097 3880 3454 3934 exsultatione
3477 3880 3654 3935 exsul-

2074 3970 2284 4033 tabant,
2318 3980 2443 4038 post
2468 3970 2769 4025 discessum
2802 3970 3017 4026 scilicet
3065 3984 3132 4026 es
3170 3971 3273 4025 hac
3318 3972 3469 4029 vita:
3523 3981 3652 4025 tunc

2072 4063 2274 4116 ctenim
2312 4070 2367 4118 et
2402 4062 2723 4118 sacerdotes
2757 4064 2830 4117 ita
2864 4063 3040 4117 induti
3066 4070 3267 4125 erunt,
3299 4072 3357 4117 ut
3390 4064 3650 4125 diximus,

2072 4164 2127 4210 et
2157 4157 2332 4211 sancti
2362 4155 2739 4212 exsultabant.
2788 4152 2846 4208 ln
2879 4155 3125 4210 Ecclesia
3165 4157 3329 4208 etiam
3362 4156 3494 4208 oriri
3528 4155 3653 4224 fecit

2073 4263 2239 4301 cornu
2263 4248 2362 4317 ipsi
2401 4245 2590 4311 David,
2624 4248 2727 4302 hoc
2755 4255 2859 4309 est,
2894 4245 3147 4315 gloriam.
3178 4253 3346 4314 atque
3379 4247 3647 4300 honorent

2077 4337 2322 4393 Davidici
2383 4337 2623 4392 nominis
2679 4336 2968 4402 celebrari,
3014 4344 3179 4406 atque
3220 4335 3485 4400 exaltari,
3523 4333 3648 4388 dun.

2005 4412 2052 4466 θ
2085 4430 2340 4485 laudatur
2373 4429 2588 4484 scilicet
2615 4437 2669 4482 et
2706 4428 3044 4498 gloriﬁcatur
3090 4430 3160 4484 ab
3205 4429 3495 4492 omnibus,
3531 4424 3667 4482 tan.‘

397 4536 562 4594 quam
591 4521 908 4593 progenitor
952 4522 1183 4579 Christi.
1215 4523 1310 4580 Vel
1350 4524 1480 4580 oriri
1519 4523 1667 4592 fecit,
1722 4523 1964 4579 validum
2005 4534 2059 4580 et
2097 4526 2330 4581 sublime
2361 4538 2534 4580 cornu
2561 4524 2712 4594 regni
2745 4518 2850 4593 ipsi
2887 4521 3080 4588 David,
3114 4523 3168 4577 in
3207 4521 3380 4585 Sion,
3448 4519 3651 4574 feriens

399 4615 635 4682 scilicet,
675 4626 842 4687 atque
871 4616 1136 4686 dejiciens
1153 4632 1515 4687 quoscunque
1544 4616 1649 4673 sibi
1680 4618 2061 4673 adversantes.
2091 4617 2205 4673 lloc
2231 4626 2413 4673 autem
2446 4626 2531 4673 est
2602 4632 2830 4687 regnum
2898 4615 3126 4672 Christi.
3173 4614 3425 4670 Lucerna
3491 4626 3645 4676 vero,

398 4724 523 4779 qua
545 4708 767 4766 Christo
803 4711 907 4767 fuit
937 4721 1146 4781 parata,
1181 4727 1310 4770 caro
1339 4713 1432 4766 illa
1463 4714 1814 4772 sanctissima
1853 4724 1937 4769 est
1961 4756 1977 4782 ,
2019 4729 2141 4785 quae
2170 4729 2199 4767 a
2229 4716 2338 4771 Deo
2368 4716 2658 4781 fabricata,
2722 4725 2776 4771 et
2826 4716 3106 4771 divinitati
3152 4714 3256 4770 l‘uit
3299 4716 3596 4786 conjuncta
3628 4729 3644 4767 :

400 4816 525 4870 qua:
564 4801 946 4858 lucentissima
997 4814 1151 4870 erat,
1204 4814 1429 4876 propter
1475 4807 1602 4861 vitae
1649 4806 1997 4876 splendorem
2039 4805 2384 4877 (fuiteteuim
2419 4810 2539 4863 sine
2572 4810 2840 4878 peccato),
2875 4812 2928 4863 et
2958 4808 3085 4878 quia
3116 4813 3171 4863 in
3213 4823 3275 4862 ea
3338 4807 3642 4878 requievit,

401 4896 775 4967 septemplicis
829 4897 977 4952 illius
1024 4898 1438 4969 fulgentissima
1490 4899 1728 4955 lucerna
1774 4901 1971 4963 instar,
2015 4899 2392 4956 lucentissima
2418 4902 2789 4970 septemplicis
2818 4903 3044 4972 spiritus
3076 4905 3344 4973 potentia.
3396 4905 3488 4959 Vel
3554 4920 3648 4972 per

401 4988 707 5052 lucernam,
744 4990 1098 5061 Evangelium
1137 4992 1399 5063 intelligo,
1428 5008 1524 5062 per
1573 4992 1721 5062 quod
1769 5006 1962 5049 omnes
2001 4994 2097 5062 qui
2123 4994 2409 5049 constituti
2442 5001 2601 5048 erant
2635 4993 2689 5047 in
2719 4996 2980 5059 tenebris,
3019 4995 3314 5051 illuminati
3389 5002 3543 5057 suul,
3582 5006 3638 5047 cl.
3686 4980 3696 4993 ’

400 5085 468 5135 ad
501 5080 864 5135 clarissimam
917 5082 1138 5137 deducti
1183 5075 1463 5139 virtutem.
1510 5081 1754 5137 Lucerna
1776 5084 1922 5139 ettim
1949 5126 1966 5150 ,
2048 5085 2258 5154 inquit,
2340 5082 2559 5153 pedibus
2597 5086 2725 5139 meis
2759 5084 2973 5139 verbum
3026 5097 3177 5141 tuum
3221 5085 3287 5138 “.
3319 5082 3417 5139 Vel
3466 5089 3643 5155 ipsum

399 5178 563 5231 etiam
595 5175 810 5230 Domini
845 5174 1282 5239 Praecursorem,
1317 5172 1385 5229 de
1415 5189 1524 5244 quo
1556 5176 1821 5245 scriptum
1855 5182 1940 5232 est
1966 5194 1982 5230 :
2008 5176 2106 5232 Ille
2143 5185 2259 5230 erat
2291 5178 2508 5230 lucerna
2548 5177 2743 5231 ardens
2787 5175 2854 5228 “.
2892 5174 3103 5233 inimici
3175 5190 3304 5231 vero
3374 5176 3649 5230 dmmones

401 5276 554 5331 sunt,
588 5276 642 5322 et
665 5265 863 5337 reliqui
895 5280 1085 5322 omnes
1111 5266 1360 5321 veritatis
1383 5266 1590 5321 inimici
1628 5281 1643 5319 :
1672 5268 1956 5336 quietiam
1998 5281 2192 5321 omnes
2228 5268 2435 5336 pariter
2469 5267 2934 5329 cuni'undentnr,’
2967 5266 3066 5322 scd
3109 5268 3381 5336 praeeipue
3432 5267 3486 5321 in
3557 5266 3647 5321 die

401 5359 826 5413 resurrectionis
876 5357 1144 5413 universa:
1190 5359 1419 5413 carnis:
1458 5368 1513 5413 et
1568 5374 1734 5429 super
1784 5361 1962 5430 ipsum
2002 5359 2240 5429 denique
2264 5358 2529 5415 ellioreb‘it
2565 5361 2715 5415 illius
2784 5358 3169 5421 sanctiﬁcatio,
3212 5362 3402 5412 sancta
3480 5358 3648 5413 nimi-

402 5468 525 5506 rum
556 5453 819 5517 Ecclesia,
848 5468 968 5521 quae
997 5466 1190 5507 omnes
1218 5454 1283 5507 ad
1324 5468 1384 5508 se
1411 5454 1734 5508 accedentes
1770 5455 2105 5517 sanctiﬁcat,
2151 5464 2384 5525 quaeque
2456 5455 2633 5524 ipsum
2701 5453 2977 5507 Christum
3038 5461 3297 5521 tanquam
3351 5450 3635 5508 ﬂorentis-

402 5544 599 5598 simam
624 5557 883 5599 coronam
917 5543 974 5598 in
1006 5543 1283 5610 decorem,
1310 5554 1472 5615 atque
1499 5546 1553 5599 in
1583 5556 1968 5603 ornamentum
2013 5557 2131 5604 erat
2173 5550 2445 5603 habitura.

472 5725 518 5756 ³¹
550 5720 694 5779 Psai.
729 5737 877 5788 xmv,
920 5722 1006 5776 ΓΙ.
1086 5724 1130 5754 ⁸ο
1163 5723 1352 5780 Matth.
1386 5743 1493 5787 τνι,
1532 5728 1619 5780 18.
1696 5727 1736 5759 ⁸³
1772 5729 1912 5783 Psal.
1949 5742 1968 5780 ί

2069 5743 2143 5793 ιιι,
2182 5728 2299 5781 105.
2384 5727 2426 5758 ⁸³
2477 5728 2611 5783 εἰοιιι·
2762 5730 2846 5785 55.

641 5814 918 5876 ΡΑτιιοι..
965 5814 1084 5874 Gn.
1126 5816 1467 5881 CXXVllI.

3129 5820 3205 5884 39
