4102 6206
489 118 618 184 1227
1636 112 2019 172 EU'I‘IlYMll
2067 108 2233 169 ZIGA
2250 106 2429 168 BENI
3592 100 3742 164 1923

957 234 1231 288 Canticum
1270 247 1603 283 ascrnsuum.
2095 233 2138 287 Α

1552 247 1603 282 n.
2095 233 2138 287 Α
2730 220 2870 290 ᾨδὶρ
2936 221 3172 288 ὁμοίως.

964 322 1283 378 PSALMUS
1322 319 1581 376 CXXXII.

2724 313 3021 367 ΨΑΛΜΟΣ
3063 312 3229 365 PAB'.

557 422 700 477 Vens
738 419 787 472 l.
823 415 954 469 Ecce
988 430 1114 467 sane
1154 412 1278 481 quid
1311 411 1525 473 bonum,
1573 418 1661 462 aut
1702 405 1825 477 quid
1870 407 2060 471 iucun-

2248 407 2400 460 Ἰδοὺ
2422 405 2496 472 δή
2528 423 2581 459 τι
2611 407 2820 466 καλὸν,
2854 406 2892 472 ἢ
2916 405 2973 457 τί
2992 403 3429 471 τερπνόν-,ἀλλ’
3448 406 3483 473 ἢ
3512 404 3575 459 τὸ
3605 423 3750 457 κατ-

484 517 632 581 dum,
674 527 833 581 quam
867 507 1108 562 habitare
1141 506 1335 574 fratres
1370 505 1423 557 in
1451 518 1633 556 unum.
1670 500 1943 570 lntegram
1976 506 2059 550 at-

2165 498 2352 552 οικεῖν
2391 498 2694 567 ἀδελφοὺς
2726 499 2822 551 ἐπὶ
2848 496 2913 549 τὸ
2942 497 3122 561 αὐτό;
3154 496 3265 566 Τὴν
3318 498 3527 551 τελείαν
3564 500 3748 551 αὑτῶν

485 624 595 679 que
628 606 840 676 plenam
873 600 1214 671 captivorum
1264 595 1671 652 restitutionem
1718 591 2061 662 prOSpiciens

2166 590 2616 645 ἀποκατάστασιν
2638 588 2873 660 προϊδὼν
2890 592 2917 642 ό
2942 590 3126 656 Δαῆὶδ,
3157 590 3309 653 ὅπως
3335 589 3748 658 ἀπαλλαγέντες

489 672 679 753 beatus
718 692 909 755 David,
936 699 989 744 ct
1014 689 1288 756 quomodo
1312 703 1341 741 a
1372 684 1879 757 perturbationibus
1902 692 2065 753 atque

2166 682 2278 736 τῶν
2299 683 2663 752 ἐνοχλούντων
2693 680 3059 752 ᾠκοδόμησαν
3094 681 3191 735 καὶ
3220 681 3312 734 τὸν
3341 672 3490 745 ναὸν,
3521 683 3618 735 καὶ
3650 682 3750 750 τὴν

488 793 556 845 ab
591 786 854 842 atrumnis
890 783 1101 838 liberati
1127 821 1141 845 ,
1172 780 1434 851 templum
1465 790 1518 833 et
1548 779 1826 831 civitatem
1864 777 2062 830 iterum

2172 775 2353 835 πόλιν,
2389 776 2484 827 καὶ
2518 775 2608 842 ὑφ’
2647 774 2744 827 ἕνα
2776 776 3021 846 ἀρχηγὸν
3052 773 3452 837 ἐπολιτεύοντο,
3488 777 3750 844 παραινεῖ

486 878 805 936 mdificaturi
838 884 1016 939 erant,
1044 881 1098 929 et
1123 874 1226 928 sub
1253 887 1362 926 uno
1394 871 1645 941 principe
1671 869 1835 923 vitam
1863 868 2063 930 acturi,

2175 869 2249 938 μὴ
2309 866 2718 938 διασχισθῆναι,
2772 868 3027 934 καθάπερ
3062 869 3121 922 τὸ
3154 868 3419 939 πρότερον
3442 885 3454 898 ·
3489 869 3656 937 ἡνίκα
3696 872 3750 919 αἱ

487 970 745 1025 admonet
778 981 895 1031 eos,
939 978 1006 1019 ne
1045 979 1238 1020 rursus
1264 962 1602 1027 dividantur,
1636 977 1705 1016 ne
1734 958 1788 1014 in
1818 961 2065 1015 diversas

2172 961 2303 1013 δέκα
2338 960 2439 1029 μὲν
2473 959 2641 1027 φυλαὶ
2668 959 2800 1012 ῐδιον
2834 955 2981 1028 εἶχον
3012 959 3289 1029 ἡγεμόναο
3320 961 3375 1012 αἱ
3424 960 3517 1013 δύο
3547 960 3606 1012 δὲ
3646 961 3752 1013 πὰο

489 1077 553 1115 ac
576 1058 759 1115 varias
793 1056 1120 1114 scindantur
1148 1064 1352 1125 partes,
1387 1064 1447 1107 ut
1489 1061 1679 1118 antea,
1716 1049 1937 1120 quando
1969 1050 2067 1105 de-

2171 1052 2260 1104 λαι
2294 1051 2446 1115 ἴδιον,
2472 1051 2500 1103 ὃ
2523 1050 2723 1120 πολλῆς
2744 1050 2928 1113 αὐτοῖς
2955 1052 3325 1119 παρανομίας,
3354 1051 3449 1105 καὶ
3480 1050 3748 1112 στάσεως,

489 1169 607 1209 cem
643 1155 821 1207 tribus
856 1151 1137 1221 proprium
1168 1148 1442 1203 habebant
1473 1145 1665 1200 ducem
1696 1186 1711 1210 ,
1754 1155 1808 1200 et
1844 1144 2070 1213 reliquze

2175 1148 2272 1199 καὶ
2296 1146 2602 1220 συμφορῶν
2634 1146 2816 1199 αἴτιον
2855 1146 3074 1213 ἐγένετο
3094 1160 3107 1177 ο
3150 1144 3269 1199 ἀλλ’
3293 1144 3428 1215 όμοῦ
3479 1146 3753 1199 κατοικεῖν

492 1239 614 1293 dua:
648 1239 881 1292 alterum
914 1238 1301 1305 imperatorem
1335 1250 1349 1287 :
1387 1250 1507 1305 qute
1547 1248 1637 1289 res
1673 1233 2070 1302 transgressio-

2174 1239 2269 1292 καὶ¹
2302 1239 2395 1308 ὑφ’
2427 1239 2525 1292 ἕνα
2577 1238 2824 1308 ἡγεμόνα
2849 1236 3168 1291 τάττεσθαι.
3200 1238 3332 1291 Ἰδοὺ
3374 1237 3459 1308 δὴ,
3489 1238 3541 1289 τί
3563 1238 3749 1301 καλόν,

492 1347 622 1385 num
654 1330 790 1400 legis
835 1328 1387 1397 contentionumque,
1431 1335 1484 1381 et
1534 1325 1916 1380 calamitatum
1949 1340 2071 1393 per-

2175 1330 2208 1399 ἢ
2241 1330 2288 1381 τί
2314 1328 2547 1400 τερπνὸν
2580 1328 2776 1392 οὕτως,
2809 1331 2857 1382 εἰ
2894 1328 2969 1399 μὴ
3001 1331 3279 1381 κατοικεῖν
3298 1328 3562 1398 ἀδελφοὺς
3593 1329 3748 1399 ἄμας

494 1439 637 1495 δειδρο
673 1423 782 1478 illis
819 1437 991 1476 causa
1026 1421 1149 1475 fuit.
1196 1419 1470 1473 Admonet
1502 1418 1664 1488 igitur
1694 1431 1806 1478 eos,
1839 1425 1895 1469 ut
1929 1429 2070 1478 uua,

2175 1423 2208 1490 ἢ
2241 1421 2318 1490 τῷ
2348 1422 2499 1491 τόπῳ
2532 1423 2563 1491 ἢ
2597 1424 2663 1491 τῇ
2697 1421 2926 1492 ὁμονοία
2964 1437 2977 1451 ·
3009 1420 3179 1474 πολλά
3212 1423 3321 1490 γὰρ
3366 1420 3512 1473 καλά
3542 1422 3662 1489 μὲν,
3690 1423 3748 1472 οὑ

493 1522 658 1583 atque
689 1515 794 1567 sub
844 1512 1037 1567 eodem
1085 1507 1285 1579 degant
1341 1506 1608 1577 principe,
1655 1505 1847 1558 dicens
1883 1520 1894 1554 :
1937 1502 2074 1557 Ecce

2176 1514 2386 1582 τερπνᾶ
2422 1514 2479 1566 δέ
2508 1530 2521 1544 ·
2557 1513 2652 1566 καὶ
2684 1510 2844 1576 αὖθις
2882 1513 3097 1582 τερπνὰ
3131 1513 3251 1582 μὲν,
3277 1514 3338 1566 οὐ
3365 1512 3508 1565 καλά
3558 1512 3614 1565 δέ
3641 1529 3655 1542 ·
3717 1514 3746 1580 ἡ

495 1620 629 1657 sane
655 1604 785 1674 quid
821 1612 929 1657 tam
959 1604 1182 1666 bonum,
1209 1610 1299 1652 aut
1330 1598 1460 1668 quid
1490 1608 1596 1651 tam
1631 1596 1937 1667 jucundum
1967 1605 2070 1661 est,
2102 1627 2115 1685 1

2128 1605 2229 1684 ςδὲ
2294 1605 2600 1675 ὁμοσκηνια
2656 1607 2750 1660 καὶ
2783 1607 3013 1675 ὁμόνοια
3045 1605 3156 1657 τῶν
3186 1604 3432 1673 ἀδελφῶν
3467 1605 3748 1674 ἀμφότερα

496 1712 658 1765 quam
699 1702 754 1747 ut
781 1694 978 1748 fratres
1013 1690 1203 1747 eodem
1236 1691 1483 1744 habitent
1507 1690 1561 1743 in
1598 1689 1740 1755 loco,
1771 1698 1931 1758 atque
1962 1690 2068 1742 eis-

2179 1700 2464 1765 κέκτηται,
2498 1700 2643 1770 ἆπερ
2703 1700 2838 1770 ὁμοῦ
2876 1699 3157 1753 συνελθεῖν
3224 1700 3300 1762 ὡς
3356 1699 3563 1766 σφόδρα
3594 1697 3749 1749 εὔπο-

497 1787 618 1839 dem
645 1784 868 1847 animis,
894 1798 1107 1839 summa
1127 1797 1250 1836 cum
1281 1781 1577 1836 concordia
1606 1790 1659 1836 et
1686 1785 1986 1837 consensu?
2009 1782 2072 1837 Et

2185 1807 2299 1861 ρον.
2353 1784 2486 1844 Εἶτα
2546 1791 2705 1844 τοῦτο
2759 1791 2819 1843 τὸ
2872 1790 3076 1858 ἀγαθὸν
3117 1790 3447 1861 παρεικάζει
3496 1788 3749 1857 παραδεῖ-

501 1878 665 1931 inulta
693 1877 911 1947 quidem
949 1877 1091 1931 bona
1124 1884 1270 1941 sunt,
1300 1890 1419 1944 quae
1443 1889 1549 1929 non
1577 1874 1990 1943 suutjucundo,
2019 1885 2072 1931 et
2185 1898 2377 1950 γματι,

499 1985 717 2024 rursum
756 1968 998 2039 jucunda
1051 1970 1242 2031 umlta,
1294 1982 1415 2036 quae
1458 1982 1566 2021 non
1618 1967 1800 2020 bona:
1842 1966 2069 2022 fratrum
2128 1981 2310 2025 autem
2390 1976 2684 2029 concordia
2757 1984 2812 2029 et
2857 1974 3169 2029 communis
3228 1986 3416 2027 eorum
3471 1971 3749 2030 habitatio,

502 2075 795 2135 utrumque
833 2064 937 2118 hoc
968 2064 1024 2118 in
1057 2078 1117 2117 se
1154 2062 1356 2116 bonum
1386 2061 1653 2113 continet.
1676 2059 1895 2113 Nemini
1923 2060 2069 2115 enim
2104 2063 2329 2118 dubium
2356 2082 2480 2122 esse
2507 2076 2660 2136 puto,
2692 2066 2835 2136 quod
2902 2065 3150 2121 fraterno
3200 2063 3491 2119 consensui
3552 2044 3751 2116 utrum-

498 2170 604 2228 que
657 2157 761 2210 hoc
800 2156 1089 2210 conveniat
1140 2155 1364 2207 bonum.
1430 2151 1635 2205 Deinde
1690 2150 2071 2219 hujuscemodi
2102 2153 2896 2228 bonum,similitudineatque
2927 2157 3193 2227 ,exemplo
3248 2157 3487 2224 quodam
3550 2156 3753 2212 descrio

501 2254 600 2318 hit,
629 2255 820 2309 dicens
849 2269 864 2305 :

572 2350 738 2405 Vens.
772 2351 828 2404 ἓ.
855 2347 1005 2404 Sicut
1039 2355 1357 2416 unguentum
1389 2347 1443 2399 in
1472 2346 1662 2414 capite,
1696 2347 1834 2414 quod
1868 2344 2082 2399 descen-

2267 2350 2365 2415 Ὠς
2418 2352 2617 2420 μύρον
2666 2350 2768 2404 ἐπὶ
2825 2347 3101 2418 κεφαλῆς
3162 2349 3225 2401 τὸ
3260 2350 3621 2403 καταϐαῖνον
3658 2349 3753 2402 ἐπὶ

503 2444 577 2495 dit
611 2441 667 2493 in
695 2439 952 2503 barbam,
997 2437 1219 2491 barbam
1250 2440 1454 2490 Aaron.
1492 2436 1606 2490 lloc
1639 2434 1783 2505 quod
1819 2436 2081 2501 diximus,

2189 2442 2463 2511 πώγωνα,
2496 2444 2606 2496 τὸν
2631 2442 2884 2511 πώγωνα
2914 2441 3023 2495 τὸν
3044 2442 3291 2508 Ἂαρὼν.
3341 2442 3527 2504 Οὕτως
3555 2442 3665 2495 ἐστὶ
3696 2442 3752 2493 τὸ

504 2530 640 2584 adeo
670 2529 871 2583 bonum
906 2536 990 2583 est
1021 2536 1075 2582 et
1095 2525 1422 2596 jucundum,
1451 2527 1595 2580 sicut
1626 2526 1795 2595 legale
1822 2525 1950 2579 illud
1981 2541 2083 2578 un-

2190 2536 2422 2603 πρᾶγμα
2456 2532 2623 2586 καλὸν
2685 2533 2779 2585 καὶ
2830 2532 3081 2603 τερπνὸν,
3118 2531 3193 2592 ὡς
3224 2531 3287 2583 τὺ
3310 2530 3527 2599 νομικὸν
3576 2531 3744 2582 ἐκεῖνο

504 2630 791 2691 guentum,
853 2634 962 2690 quo
1027 2618 1345 2674 sacerdotes
1396 2617 1761 2685 ungebantur,
1823 2614 2083 2685 quodque

2191 2625 2386 2693 μύρον,
2420 2624 2484 2676 τὸ
2539 2622 2694 2693 χρίον
2731 2623 2857 2685 τοὺς
2913 2623 3079 2691 ἱερεῖς
3103 2660 3117 2684 ,
3177 2621 3240 2673 τὸ
3267 2621 3362 2673 ἐπὶ
3396 2619 3625 2690 κεφαλῆς
3655 2621 3750 2673 τοῦ

504 2727 672 2783 super
699 2726 885 2767 eorum
917 2711 1096 2781 capita
1130 2708 1335 2765 eﬂ’undi
1369 2709 1599 2764 solebat.
1640 2706 1775 2760 Nam
1815 2706 2082 2777 quemad-

2191 2714 2384 2784 ἱερέως
2432 2712 2716 2782 χεόμενον.
2765 2712 3040 2779 Καθάπερ
3072 2710 3236 2763 τοῦτο
3265 2711 3426 2765 καλὸν
3474 2711 3571 2780 μέν
3615 2712 3771 2763 ἐστιν.

503 2806 725 2862 modum
755 2803 1125 2875 hujuscemodi
1153 2811 1490 2873 unguentum
1518 2801 1721 2857 bonum
1757 2810 1862 2868 εει,
1890 2808 2082 2869 utpote

2190 2804 2265 2865 ὡς
2311 2803 2486 2871 ἅγιον,
2515 2802 2753 2874 τερπνὸν
2782 2802 2841 2855 δὲ
2864 2801 2940 2864 ὡς
2980 2800 3199 2867 εὑῶδες,
3235 2800 3380 2855 οὕτω
3418 2803 3514 2854 καὶ
3548 2802 3751 2853 ἐκεῖνΨ

506 2908 776 2963 sanctum,
810 2908 864 2954 et
899 2898 1206 2968 jucundum
1240 2897 1402 2950 etiam
1433 2937 1446 2960 ,
1485 2895 1651 2949 veluti
1686 2893 2025 2949 odoriferum
2067 2910 2079 2945 :

2193 2894 2357 2948 καλὸν
2376 2896 2497 2963 μὲν,
2549 2894 2626 2957 ὡς
2673 2893 2834 2961 φύσει
2865 2895 2960 2947 καὶ
2989 2895 3138 2963 νόμῳ
3166 2893 3597 2963 ἀπαιτούμενον
3638 2910 3755 2963 τερ-

506 2991 579 3045 ita
613 2998 667 3045 et
693 2990 784 3045 illa
816 2990 1125 3045 communis
1161 2988 1391 3042 fratrum
1428 2988 1714 3050 habitatio,
1747 2996 1910 3056 atque
1944 3000 2075 3039 con-
2110 2979 2126 3032 f

2139 2978 2151 3032 ἶ
2186 2989 2317 3041 πνὸν
2358 2986 2437 3048 δὲ,
2477 2986 2553 3049 ὼς
2578 2985 2875 3055 ὠφέλιμονο
2923 2986 3047 3037 ἐπεὶ
3067 2986 3122 3039 δὲ
3147 2986 3254 3039 ἀπὸ
3279 2987 3377 3055 τῆς
3403 2989 3647 3056 κεφαλῆς
3676 2983 3759 3038 ἐπὶ

506 3083 713 3146 cordia,
743 3096 1017 3136 summum
1047 3081 1319 3149 quoddam
1354 3084 1559 3132 bonum
1586 3089 1690 3142 est,
1722 3078 1886 3131 veluti
1912 3075 2081 3145 quod,

2190 3078 2282 3130 τὸν
2308 3076 2550 3144 πώγωνα
2571 3076 2631 3129 τὸ
2658 3076 2830 3146 μύρον
2854 3076 3170 3140 κατέϐαινε,
3193 3078 3345 3146 φησὶ,
3385 3076 3448 3128 τὸ
3482 3076 3761 3130 Καταὸαἷ-

506 3182 561 3226 et
597 3183 787 3225 natura
821 3174 959 3241 ipsa,
996 3179 1051 3226 et
1085 3173 1201 3240 lege
1234 3171 1399 3224 etiam
1438 3170 1621 3222 divina
1647 3171 2084 3223 commendatur.

2192 3185 2306 3221 γον
2368 3168 2466 3221 ἐπὶ
2497 3168 2775 3237 πώγωνα,
2827 3165 2945 3220 εἶτα
2976 3170 3323 3239 προστίθησι,
3349 3170 3445 3221 καὶ
3473 3170 3621 3232 τίνος
3654 3170 3758 3225 mia:

510 3264 575 3319 Et
598 3264 903 3333 jucundum
934 3264 1133 3316 bonum
1162 3270 1267 3327 est,
1296 3277 1361 3316 eo
1400 3262 1528 3330 quia
1558 3261 1690 3315 utile
1722 3268 1827 3325 est,
1859 3268 1915 3314 et
1945 3274 2089 3314 com-

2194 3277 2367 3329 γωνασ
2398 3261 2502 3326 ὃτι,
2531 3262 2639 3313 τὸν
2661 3260 2768 3314 τοῦ
2798 3261 3035 3327 Ἀαρών.
3062 3256 3226 3323 Οὗτος
3248 3262 3355 3331 γὰρ
3384 3260 3603 3332 πρῶτος
3625 3259 3761 3327 αὐτῷ

511 3356 752 3410 modum.
783 3354 848 3407 Et
884 3354 1145 3423 quoniam
1188 3369 1217 3405 a
1249 3351 1595 3407 sacerdotum
1630 3351 1810 3421 capite
1836 3364 2086 3421 unguen-

2197 3349 2450 3419 ὲχρίσθη.
2504 3351 2573 3402 Ἢ
2593 3350 2691 3403 καὶ
2719 3349 2936 3420 Ἀαρὼν
2964 3351 3135 3419 λέγει,
3165 3352 3343 3403 πάντα
3379 3352 3548 3421 ἱερέα,
3587 3352 3665 3414 ὡς
3706 3353 3759 3402 ἐκ

512 3454 627 3498 tum
670 3445 725 3498 in
786 3444 1010 3498 barbam
1066 3444 1470 3508 descendebat,
1512 3441 1721 3497 addidit
1759 3457 1774 3495 :
1812 3442 1967 3508 Quod
2000 3442 2089 3495 de-

2194 3437 2290 3491 τοῦ
2337 3438 2551 3510 ’Δαρὼν
2599 3440 3008 3507 καταγόμενον·
3075 3441 3197 3492 ἐπεὶ
3256 3441 3314 3493 δὲ
3374 3443 3482 3493 ἀπὸ
3512 3444 3609 3494 τοῦ
3662 3440 3759 3491 πώ-

510 3536 709 3589 scendit
747 3536 800 3588 in
833 3534 1076 3599 barbam,
1112 3545 1165 3589 et
1193 3533 1389 3589 deinde
1411 3575 1425 3597 ,
1462 3534 1512 3587 in
1541 3532 1834 3603 cuiusnam
1862 3532 2084 3587 barbam

2194 3528 2515 3595 γωνος,καὶ
2567 3529 2661 3581 ἐπὶ
2685 3528 2786 3599 τὴν
2819 3527 2933 3582 ὥαν
2987 3530 3083 3581 τοῦ
3141 3531 3419 3600 ἱερατικοῦ
3470 3532 3760 3601 ἐνδύματος

510 3626 904 3691 descenderet,
963 3627 1233 3696 expressit
1283 3625 1476 3682 dicens
1507 3644 1520 3679 :
1558 3624 1625 3679 1η
1662 3626 1883 3679 barbam
1915 3625 2082 3689 ipsius

2193 3616 2350 3682 αὖθις
2388 3620 2548 3673 τοῦτο
2574 3621 2921 3684 κατέϐαινεν,
2956 3623 3203 3693 ἐπήγαγε
3236 3624 3529 3689 καὶτοῦτο,
3569 3626 3757 3693 λέγων.

511 3722 710 3777 Aaron.
738 3700 836 3777 Hic
858 3721 1057 3777 etenim
1090 3719 1437 3776 sacerdotum
1470 3721 1715 3776 omnium
1752 3722 1981 3791 prinms,
2005 3724 2284 3787 unguento
2318 3726 2517 3770 unctus
2541 3726 2647 3771 est.
2682 3715 2772 3770 Vel
2831 3731 2927 3785 per
2976 3718 3180 3783 Aaron,
3240 3734 3626 3788 quemcunque
3686 3734 3763 3772 sn-

510 3816 784 3872 cerdotem
820 3816 1096 3887 intelligit,
1129 3825 1391 3886 tanquam
1438 3830 1630 3871 omnes
1665 3815 1734 3870 ab
1794 3831 1861 3870 eo
1892 3810 2319 3874 descenderent,
2367 3818 2421 3863 et
2468 3809 2725 3879 quoniam
2805 3819 3146 3879 unguentum
3203 3812 3306 3865 hoc
3380 3827 3409 3865 a
3461 3811 3635 3865 barba
3713 3811 3759 3863 in

512 3909 867 3967 sacerdotalis
914 3908 1220 3962 indumenti
1277 3922 1428 3962 oram
1477 3922 1670 3964 rursus
1697 3907 2089 3968 descendebat,
2124 3904 2322 3957 iterum
2358 3902 2589 3967 addidit,
2615 3903 2803 3957 dicens
2834 3921 2849 3956 :

585 4001 739 4067 Quod
789 4000 1055 4053 descendit
1102 4001 1157 4053 in
1197 4016 1350 4061 oram
1401 4001 1696 4055 vestimenti
1739 4000 1876 4070 ejus.
1924 3998 2087 4054 Oram

2271 3996 2348 4051 Τὸ
2411 3997 2778 4052 καταϐαῖνον
2816 3997 2915 4051 ἐπὶ
2959 3998 3076 4067 τὴν
3112 3999 3234 4053 ῶαν
3286 3998 3392 4053 τοῦ
3439 3999 3763 4070 ἐνδύματος

513 4109 609 4148 seu
659 4092 959 4161 marginem
1016 4091 1348 4157 vestimenti,
1392 4092 1585 4161 reliqui
1636 4092 1965 4157 interpretes
2017 4089 2089 4143 Os

2196 4089 2408 4143 αὐτοῦ.
2441 4090 2555 4159 Τὴν
2581 4090 2696 4143 ῶαν
2724 4093 2771 4143 οἱ
2798 4090 2949 4144 ἄλλοι
2984 4092 3335 4163 ὲρμηνευταὶ,
3373 4092 3566 4160 στόμα
3601 4092 3765 4145 ἐνδύ-

513 4186 807 4241 vestimenti
860 4181 1236 4236 reddiderunt.
1291 4182 1366 4236 Eo
1430 4199 1603 4251 usque
1666 4184 1809 4236 enim
1860 4182 2133 4253 descent“

2006 4196 2091 4234 eu—
2121 4231 2170 4253 ῃ
2192 4196 2401 4247 ματος,
2433 4181 2707 4245 ἐξέδωκαν
2729 4197 2743 4212 ⁸
2780 4182 2909 4252 ἄχρι
2939 4182 3046 4253 γὰρ
3075 4183 3266 4235 τούτου
3297 4184 3626 4251 κατήρχετο.

514 4280 699 4333 debat.
1501 4231 1529 4251 Ἰ
1867 4231 1914 4234 η
1933 4231 1950 4235 ἡ
1974 4231 1982 4232 ί
2120 4231 2171 4290 D

590 4368 752 4424 Vens.
772 4369 826 4422 5.
860 4367 1011 4423 Sicut
1039 4383 1126 4420 ros
1166 4365 1419 4427 Αἰνηιοη,
1447 4366 1537 4435 qui
1559 4363 1826 4418 descendit
1849 4366 1903 4419 in
1934 4382 2053 4418 mon
2073 4397 2085 4406 -

2281 4366 2374 4430 Ὠς
2420 4364 2642 4433 δρόσος
2679 4366 2958 4435 Ἀερμὼν,
2990 4367 3028 4432 ἡ
3078 4366 3525 4419 καταϐαίνουσα
3563 4365 3665 4418 ἐπὶ
3704 4367 3765 4416 τὰ

519 4472 592 4515 tes
624 4458 775 4515 Sion.
816 4456 1049 4513 Ermon
1084 4472 1242 4511 ιιιυηε
1303 4464 1389 4511 est
1442 4455 1648 4511 Libano
1684 4456 1964 4525 adjacens,
1999 4458 2090 4511 tibi

2199 4457 2306 4524 ὄρη
2365 4457 2533 4512 Σιὼν.
2607 4457 2856 4527 ’Λερμὼν
2898 4458 3020 4528 ὅρος
3063 4458 3201 4521 ἐστὶ,
3258 4459 3667 4529 παρακείμενον
3695 4456 3765 4525 τῷ

520 4551 688 4604 multa
726 4550 934 4603 nivium
960 4547 1116 4617 copia
1147 4558 1529 4609 conservatur,
1562 4546 1708 4601 unde
1741 4560 1968 4617 vapores
1998 4562 2091 4618 ge-

2198 4548 2439 4618 Λιϐάνῳ,
2479 4550 2633 4619 χιόνα
2668 4549 2874 4619 πολλὴν
2926 4550 3181 4616 συνάγον,
3225 4550 3317 4602 καὶ
3353 4550 3645 4618 φυλάττον,
3680 4547 3764 4615 ἀφ’

518 4650 806 4707 net-antur,
865 4642 956 4710 qui
1012 4655 1193 4695 aerem
1242 4643 1513 4694 montium
1568 4637 1700 4693 Sion
1760 4639 2087 4695 crassiorem

2198 4636 2267 4711 ἧς
2319 4640 2489 4710 depol
2537 4640 2913 4711 ἀναδιδόμενοι
2950 4639 3042 4694 καὶ
3078 4642 3168 4693 τὸν
3198 4644 3333 4701 ἀέρα
3364 4643 3456 4693 τὸν
3519 4640 3760 4709 ὑπεράνω

519 4742 682 4802 atque
716 4733 1049 4786 hebetiorem
1092 4731 1347 4795 reddunt,
1395 4745 1459 4785 ac
1487 4745 1669 4785 rorem
1714 4733 1918 4787 aestatis
1955 4741 2094 4786 tem-

2200 4734 2295 4803 τῆς
2320 4732 2457 4784 Σιὼν
2485 4734 2835 4804 παχύνοντες,
2876 4735 3067 4804 δρόσον
3091 4733 3443 4787 ἀποτελοῦσιν
3474 4735 3529 4785 ἐν
3599 4731 3760 4798 θέρει.

521 4839 649 4893 pore
685 4837 790 4877 non
826 4824 1102 4882 modicum
1136 4820 1379 4876 cfliciunt
1403 4838 1418 4875 :
1444 4835 1605 4891 quem
1638 4820 1843 4878 bonum
1873 4822 2091 4891 quidem

2200 4822 2375 4894 καλὴν
2424 4825 2544 4893 μὲν,
2578 4825 2653 4888 ὡς
2710 4827 3019 4894 ἀναγκαίαν
3043 4828 3106 4896 τῇ
3144 4830 3213 4897 γῇ
3246 4866 3260 4888 ,
3292 4824 3530 4894 τερπνὴν
3562 4822 3641 4889 δὲ,
3698 4821 3764 4881 ὡς

518 4931 642 4971 esse
676 4916 946 4978 dicemus,
976 4914 1143 4969 veluti
1177 4922 1337 4968 terrae
1377 4913 1651 4969 arescenti
1680 4914 2091 4978 necessarium,

2202 4918 2374 4985 ἡδέως
2397 4918 2490 4970 καὶ
2518 4919 2734 4987 ὁμαλῶς
2763 4919 3218 4990 καταφερομένην
3277 4917 3429 4970 Ἐπεὶ
3455 4914 3552 4969 οὖν
3581 4916 3613 4985 ἡ
3649 4913 3766 4981 δρό-

514 5005 818 5076 jucuudum
879 5021 1007 5060 vero
1052 5022 1116 5058 eo
1149 5005 1292 5072 quod
1344 5003 1685 5073 mquabiliter
1712 5014 1767 5058 et
1823 5018 1948 5057 cum
2000 5006 2095 5058 de-

2206 5025 2296 5069 σος
2346 5009 2481 5079 αὕτη
2516 5012 2579 5062 ὲκ
2631 5012 2726 5064 τοῦ
2774 5009 3029 5082 ’Λερμὼν
3060 5011 3297 5080 ἐχειτὴν
3345 5010 3548 5063 αἰτίαν.
3589 5006 3765 5077 δρόσον

522 5101 816 5151 Ιιεειιιῑιοιιο
848 5112 1084 5166 superne
1112 5097 1165 5149 in
1216 5106 1416 5149 terram
1449 5094 1713 5150 defertur.
1761 5096 1899 5161 Quia
1929 5096 2096 5167 igitur

1488 5094 1713 5150 efertur.
1761 5096 1899 5161 Quia
1929 5096 2096 5167 igitur
2203 5098 2297 5151 τοῦ
2341 5100 2593 5171 Ἀερμὼν
2622 5101 2789 5171 αὐτὴν
2821 5103 3101 5157 ἐκάλεσεν,

524 5206 608 5244 ros
642 5190 746 5245 iste
775 5204 995 5244 causam
1034 5198 1200 5257 atque
1248 5188 1516 5258 originem
1576 5190 1739 5244 habet
1793 5206 1857 5244 ex
1911 5197 2096 5244 monte

520 5280 776 5346 Aﬁrmon,
812 5282 1020 5337 idcirco
1050 5296 1228 5335 rorem
1256 5280 1480 5333 Airmon
1518 5297 1642 5332 eum
1674 5281 1987 5348 appellavit.

595 5375 862 5440 Quoniam
912 5373 1022 5426 illi;
1069 5365 1341 5425 mandavit
1377 5370 1636 5425 Dominus
1665 5371 2094 5425 benedictionem.

2276 5378 2405 5430 ’Ὀτι
2451 5378 2581 5431 ἐκεῖ
2631 5377 2974 5430 ἐνετείλατο
3035 5376 3249 5445 Κύριος
3302 5374 3420 5443 τὴν
3474 5374 3761 5443 εὐλογίαν.

521 5462 658 5525 Illic,
691 5463 741 5515 id
779 5472 885 5527 est,
910 5463 963 5516 in
998 5462 1274 5515 communi
1308 5461 1664 5522 habitatione,
1695 5462 1748 5513 in
1773 5462 2094 5526 concordia,

2215 5466 2381 5519 Ἐκεῖ·
2407 5465 2546 5533 ποῦ;
2594 5466 2682 5518 Ἐν
2707 5468 2772 5536 τῇ
2791 5465 3119 5533 ὁμοσκηνιᾳ,
3152 5468 3208 5516 ὲν
3240 5466 3305 5534 τῇ
3346 5462 3679 5530 φιλαδελφίᾳ,
3713 5457 3763 5506 ἐν

524 5553 580 5609 iu
634 5567 820 5607 amore
879 5556 1138 5617 fraterno,
1194 5560 1357 5620 atque
1412 5551 1465 5604 iu
1506 5551 1815 5619 dilectione,
1862 5568 1983 5622 qua:
2013 5562 2094 5607 est

2206 5562 2271 5629 τῇ
2295 5558 2505 5627 ἀγάπη,
2538 5558 2656 5622 ἥτις
2700 5558 2819 5609 ἐστὶ
2845 5554 2905 5609 τὸ
2941 5557 3238 5625 κεφάλαιον
3268 5555 3376 5609 τῶν
3407 5554 3614 5624 ἀρετῶν
3633 5568 3645 5583 ·
3673 5549 3758 5601 εὖ·
