4032 6238
402 369 547 432 129.9

1560 362 1949 422 COMMENT.
1986 359 2067 418 IN
2102 362 2237 420 PSA
2250 360 2465 420 LMOS.

3515 358 3652 422 1930

396 489 556 554 λογία
607 484 665 537 δὲ
708 483 857 553 παρὰ
902 480 1039 536 Θεοῦ
1079 482 1177 551 μὲν
1204 480 1283 538 είς
1331 476 1657 548 ἀνθρώπους
1712 480 1745 544 ὴ
1794 478 1974 546 χάρις,

2090 478 2343 529 uirtutum
2378 475 2623 529 omnium
2658 482 2842 543 caput.
2877 473 3149 528 Caeterum
3200 475 3292 529 Dei
3341 476 3649 531 benedictio

399 578 553 647 παρὰ
582 576 639 628 δὲ
671 573 973 645 ἀνθρώπων
998 574 1076 635 εἰς
1107 570 1238 623 Θεὸν
1270 571 1302 640 ἡ
1334 569 1630 639 ὐμνολογία
1660 570 1753 621 καὶ
1799 568 1972 635 εὐφη-

402 669 519 741 μία,
553 667 703 736 παρὰ
732 668 790 720 δὲ
822 664 1129 736 ἀνθρώπων
1154 665 1230 727 εἰς
1253 663 1573 734 ἀνθρώπους
1618 663 1650 730 ἠ
1679 659 1819 729 ὑπὲρ
1845 660 1972 711 τού-

402 776 513 813 των
540 759 695 828 εὐχή.

476 1031 651 1097 Ζωὴν
674 1030 785 1095 ἕως
809 1028 915 1082 τοῦ
939 1027 1173 1093 αἰῶνος.
1201 1027 1309 1080 Καὶ
1337 1025 1489 1088 αὖθις
1512 1026 1630 1078 ἐκεῖ
1656 1025 1980 1094 ἐνετείλατο,

403 1126 499 1178 καὶ
549 1120 840 1177 ἀπέστειλε
887 1120 1031 1190 ζωὴν
1076 1119 1294 1188 μακρὰν
1351 1117 1454 1179 ἕως
1520 1116 1616 1168 τοῦ
1674 1116 1981 1186 ὡρισμένου

404 1217 648 1280 αἰῶνος,
709 1215 843 1284 παρ’
906 1212 1025 1265 ὅλον
1094 1211 1185 1263 τὸν
1251 1211 1788 1280 ἀποκεκληρωμὲνον
1848 1208 1982 1278 βίον.

405 1294 622 1376 ’Ὠσττερ
656 1307 766 1377 γὰρ
795 1308 827 1376 ἡ
870 1306 1061 1367 στάσις
1092 1303 1354 1364 θανάτους
1382 1298 1700 1371 ἐργάζεται,
1740 1300 1912 1364 οὕτως
1952 1303 1984 1371 ἡ

405 1402 601 1469 εἰρήνη
644 1397 813 1467 ζωὴν,
841 1395 964 1451 οὔτε
992 1394 1256 1465 ἀλλήλους
1286 1393 1679 1466 ἀναιρούντων,
1709 1390 1833 1445 οὔτε
1851 1393 1984 1463 παρ’

408 1490 620 1560 ἐχθρῶν
673 1489 1072 1558 φθειρομένων,
1134 1486 1222 1538 διὰ
1286 1485 1345 1538 τὸ
1411 1483 1840 1553 συμπεφρὰχθαι
1887 1485 1981 1537 καὶ

406 1580 761 1650 ὠχυρῶσθαι.
822 1578 1075 1649 Ἀρμόζει
1111 1578 1166 1631 δὲ
1203 1577 1294 1631 καὶ
1324 1579 1452 1646 ἡμῖν
1479 1579 1508 1629 ὀ
1533 1576 1767 1646 ψαλμός.

2083 572 2211 637 erga
2234 568 2482 622 homines
2504 567 2648 622 idem
2681 576 2785 630 est,
2800 567 2943 635 quod
2959 566 3139 621 divina
3158 568 3347 636 gratia,
3362 578 3413 623 et
3429 568 3652 623 benedio

2081 664 2190 715 ctio
2210 660 2281 714 ab
2304 660 2617 715 hominibus
2639 660 2693 713 in
2731 661 2897 714 Deum
2930 658 3111 712 divina
3139 658 3486 721 lausest,scu
3526 676 3653 729 gra-

2081 757 2277 808 tiarum
2302 755 2464 807 actio.
2491 752 2803 807 Benedictio
2826 767 2952 806 vero
2977 753 3044 805 ab
3066 751 3378 805 hominibus
3402 754 3453 805 in
3477 752 3655 806 homi-

2081 862 2198 909 nes,
2237 847 2469 898 humana
2510 860 2635 899 csse
2674 844 2879 897 dicitur
2910 844 2975 896 ad
3005 844 3174 896 Deum
3205 843 3403 906 oratio,
3435 843 3653 911 quando

2082 937 2340 990 nimirum
2372 951 2469 1005 pro
2496 937 2616 989 aliis
2648 950 2837 1004 preces
2860 934 3187 989 ellundimus
3223 935 3287 988 ad
3321 936 3509 988 Deum.

2169 1025 2344 1079 Vitam
2376 1043 2537 1095 usque
2580 1028 2633 1079 in
2682 1027 2960 1081 sarculum.
3021 1025 3084 1079 Et
3138 1041 3336 1081 rursus
3391 1025 3655 1079 Dominus

2089 1118 2367 1171 mandavit
2394 1128 2447 1172 et
2478 1118 2623 1173 misit
2654 1119 2706 1173 in
2744 1106 3048 1174 concordes
3070 1119 3320 1172 homines
3337 1117 3651 1171 diuturnam

2088 1206 2253 1259 vitam
2284 1222 2457 1276 usque
2487 1208 2555 1261 ad
2592 1209 2855 1262 saeculum
2889 1209 2958 1262 ah
2981 1224 3047 1262 eo
3079 1208 3523 1268 determinatum,
3550 1207 3657 1262 hoc

2087 1304 2193 1361 est,
2238 1312 2332 1364 per
2371 1299 2712 1364 universum,
2744 1314 2807 1352 ac
2841 1307 3208 1367 priestttutum
3243 1298 3366 1351 vitae
3416 1306 3653 1367 tempus.

2087 1386 2221 1441 Nam
2274 1390 2732 1459 quemadmodum
2780 1392 3058 1447 contentio
3111 1400 3312 1447 mortes
3378 1400 3653 1460 operatur,

2090 1483 2160 1537 ita
2191 1492 2246 1538 et
2297 1498 2402 1553 pax
2436 1483 2623 1549 vitam,
2650 1498 2773 1537 cum
2821 1484 3128 1549 unanimes,
3189 1498 3253 1537 ac
3309 1482 3523 1552 pacifici
3561 1483 3659 1536 ho-

2090 1578 2266 1630 mines
2295 1591 2471 1644 neque
2510 1583 2700 1629 mutuo
2747 1590 2868 1629 sese
2914 1574 3187 1636 occidant,
3228 1588 3404 1641 neque
3448 1572 3516 1626 ab
3567 1575 3661 1625 ho-

404 1674 583 1729 stibus
620 1671 737 1726 laedi
777 1673 1012 1742 possint,
1048 1673 1178 1741 quia
1230 1671 1512 1740 conjuncti
1564 1680 1714 1735 sunt,
1751 1679 1806 1725 et
1885 1670 2100 1726 muniti.
2169 1668 2437 1739 Congruit
2466 1670 2628 1724 etiam
2662 1669 2750 1721 hic
2802 1669 3047 1736 psalmus
3103 1665 3350 1720 fidelibus
3401 1664 3659 1718 omnibus

407 1766 760 1823 Christianis.

974 1861 1117 1931 ’ῼδὴ
1174 1865 1409 1933 ὁμοίως.

939 1955 1237 2009 ΨᾹΛΜΟΣ
1286 1955 1454 2009 ΡΔΓ’.

490 2046 646 2101 Ἰδοὺ
682 2048 986 2116 εὐλογεῖτε
1020 2049 1125 2101 τὸν
1155 2050 1395 2116 Κύριον,
1430 2049 1653 2115 πάντες
1686 2050 1739 2103 οι
1777 2047 1983 2102 δοῦλοι

405 2139 649 2203 Κυρίου.
705 2137 969 2191 Ἐνταῦθα
1000 2138 1262 2191 κατέλυσε
1297 2138 1395 2200 τὰς
1438 2138 1581 2208 ᾠδὰς
1619 2139 1727 2192 τῶν
1773 2139 1984 2193 ἀναϐά-

411 2231 576 2301 θρων,
617 2233 650 2303 ἢ
701 2230 1053 2301 ἀναϐαθμῶν,
1099 2233 1179 2294 εἰς
1222 2231 1574 2302 εὐχαριστίαν
1621 2230 1985 2295 κατακλείσας

410 2321 505 2374 τὸν
545 2313 723 2389 λόγον.
773 2322 1005 2375 Κελεύει
1052 2321 1163 2388 γὰρ
1205 2321 1548 2391 εὐχαριστεῖν
1590 2321 1666 2390 τῷ
1712 2322 1851 2390 Θεῷ,
1886 2323 1984 2389 τῆς

414 2415 794 2485 αἰχμαλωσίας
826 2414 1224 2483 ἀπαλλάξαντι,
1280 2417 1371 2469 καὶ
1399 2415 1487 2469 διὰ
1515 2416 1784 2469 τοσούτων
1814 2414 1983 2468 ἐθνῶν

412 2506 674 2569 ἁὸλαὸεἶς
725 2507 1046 2560 ἐπανελθεῖν
1099 2508 1180 2569 είς
1228 2507 1328 2576 τὴν
1359 2507 1593 2577 πατρίδα
1628 2508 1983 2577 παρασκευά-

413 2610 588 2659 σαντι,
622 2595 717 2647 καὶ
762 2595 858 2649 τοῦ
891 2597 1149 2666 συνεχοῦς
1186 2597 1424 2665 πολέμου
1451 2597 1560 2649 τῶν
1589 2597 1983 2668 πλησιοχώρων

410 2684 864 2757 ἐλευθερώσαντι,
896 2689 1107 2743 καὶτὸν
1134 2689 1261 2743 ναὸν
1290 2691 1385 2741 καὶ
1410 2689 1510 2760 τὴν
1534 2688 1685 2741 πόλιν
1717 2688 1983 2741 ἀνοικοδο-

415 2780 586 2847 μῆσαι
614 2777 777 2841 δόντι,
808 2780 902 2832 καὶ⁵
933 2784 1214 2834 κατοικεῖν
1238 2780 1409 2843 ἀδεῶς
1427 2780 1551 2852 ήδη.
1584 2781 1679 2834 καὶ
1703 2780 1981 2833 πολιτεύε-

414 2869 539 2923 σθαι
594 2873 973 2941 χαρισαμένῳ.
1016 2872 1219 2925 Λοιπὸν
1265 2874 1665 2943 εὐχαριστεῖτε,
1715 2871 1902 2941 φησὶν,
1931 2871 1982 2924 oi

410 2960 611 3027 δοῦλοι,
644 2963 693 3015 oi
723 2963 1073 3033 θεράποντες.
1103 2962 1299 3027 Δοῦλος
1330 2964 1388 3016 δὲ
1442 2962 1578 3016 Θεοῦ
1605 2964 1634 3016 ό
1664 2964 1983 3034 πειθόμενος

411 3055 523 3115 τοῖς
550 3054 972 3124 προστάγμασιν
1005 3054 1196 3119 αὑτοῦ,
1229 3055 1322 3109 καὶ
1358 3054 1678 3125 θεραπεύων
1710 3054 1895 3109 αὐτόν.

2551 1860 2828 1913 Canticum
2867 1878 3199 1914 ascensuum.

2442 1954 2855 2010 PSALMUS
2914 1956 3297 2013 CXXXIII.

2158 2048 2321 2103 Vens.
2363 2050 2408 2103 Ι.
2447 2048 2581 2103 Ecce
2627 2066 2753 2102 sane
2807 2048 3092 2102 benedicite
3146 2051 3428 2105 Dominum
3480 2071 3656 2107 omnes

2084 2141 2219 2194 servi
2268 2138 2497 2192 Domini.
2547 2139 2768 2193 Cantica
2823 2142 3229 2208 ascensionum,
3265 2159 3359 2198 seu
3402 2148 3479 2213 (nt
3518 2145 3659 2200 dixi-

2088 2232 2227 2301 mus)
2249 2247 2574 2287 ascensuum
2593 2234 2645 2285 in
2664 2235 2761 2287 hoc
2784 2234 2989 2301 psalmo
3007 2236 3163 2288 linem
3184 2237 3477 2306 accipiunt:
3498 2256 3655 2308 quem

2092 2322 2361 2390 Propheta
2396 2325 2447 2376 in
2482 2325 2776 2394 gratiarum
2836 2324 3110 2377 actionem
3158 2326 3409 2381 desinere
3465 2330 3654 2385 voluit.

2090 2414 2253 2469 Jubet
2284 2416 2427 2467 enim
2481 2416 2566 2467 hic
2599 2417 2899 2484 condignas
2934 2416 3041 2470 Deo
3076 2418 3281 2484 gratias
3317 2420 3422 2485 agi,
3474 2421 3568 2489 qui
3604 2432 3659 2475 et

2091 2506 2407 2575 captivitate
2438 2506 2695 2575 populum
2734 2506 3084 2569 liberaverat,
3120 2519 3174 2562 et
3232 2511 3277 2563 ei
3330 2512 3660 2578 prastiterat

2092 2607 2147 2650 ut
2178 2613 2275 2666 per
2309 2606 2389 2651 tot
2422 2597 2674 2651 inimicas
2700 2606 2888 2664 gentes
2936 2599 3140 2653 illmsus
3197 2610 3361 2669 atque
3406 2611 3556 2659 tutus
3604 2604 3657 2657 ἰιι

2090 2693 2323 2760 patriam
2358 2691 2587 2756 rediret,
2631 2699 2685 2744 et
2719 2692 2788 2745 ab
2838 2692 3075 2749 assiduis
3124 2693 3484 2750 ﬁnitimarum
3529 2712 3660 2767 gen-

2088 2782 2225 2835 tium
2285 2781 2444 2837 bellis
2499 2783 2843 2851 quiesceret;
2899 2783 2996 2852 qui
3058 2787 3220 2839 etiam
3277 2785 3551 2841 civitatem
3606 2799 3661 2844 et

2093 2870 2352 2939 templum
2383 2886 2602 2925 rursum
2653 2871 2907 2926 aedificari
2954 2875 3296 2942 permiserat,
3346 2877 3661 2949 feceratque

2093 2970 2153 3016 ut
2178 2964 2356 3019 securi
2380 2963 2490 3033 jam
2526 2978 3007 3031 conversarentur,
3042 2978 3209 3035 atque
3244 2969 3555 3025 habitarent
3604 2973 3657 3025 in

2089 3058 2289 3127 patria.
2347 3058 2421 3116 De
2477 3068 2677 3116 caetero
2725 3062 2896 3128 enim,
2956 3062 3155 3133 inquit,
3187 3079 3284 3119 vos
3325 3080 3358 3119 ο
3408 3067 3552 3121 servi
3606 3078 3661 3121 et

412 3150 655 3204 cultores
686 3147 802 3214 Dei,
834 3146 1134 3217 condignas
1182 3149 1295 3203 Deo
1327 3148 1536 3219 gratias
1578 3148 1741 3215 agite.
1779 3148 1984 3204 Servus
2016 3156 2196 3204 autem
2277 3150 2373 3206 Dei
2442 3154 2666 3219 dicitur,
2721 3156 2813 3224 qui
2876 3171 2997 3210 eum
3058 3157 3207 3221 colit,
3263 3167 3426 3229 atque
3510 3158 3664 3215 illius

414 3254 565 3309 paret
591 3242 882 3297 mandatis.

486 3338 549 3392 Ol
599 3331 860 3398 ἑστῶτες
885 3331 956 3385 ἐν
984 3331 1132 3399 οἴκῳ
1177 3333 1423 3400 Κυρίου,
1464 3334 1534 3387 ἐν
1564 3332 1780 3399 αὐλαῖς
1812 3332 1983 3387 οἴκου

2162 3333 2268 3399 Qui
2296 3333 2450 3386 statis
2481 3333 2537 3385 in
2574 3335 2729 3387 domo
2778 3332 3016 3399 Domini,
3043 3334 3096 3387 in
3140 3334 3278 3388 aulis
3330 3336 3517 3391 domus
3568 3337 3666 3393 Dei
3764 3404 3769 3405 γ

417 3428 566 3483 Θεοῦ
614 3424 801 3495 ἡμῶν.
857 3424 919 3477 Οἱ
968 3422 1157 3477 λοιπὸν
1188 3424 1423 3487 ἑστῶτες
1448 3424 1505 3477 ὲν
1530 3425 1611 3496 τῷ
1639 3425 1773 3497 ναῷ,
1802 3427 1851 3478 οἱ
1881 3426 1989 3479 ἀπὸ

412 3515 508 3568 τοῦ
539 3513 633 3566 νῦν
666 3511 1038 3582 εἰσερχόμενοι
1063 3513 1476 3580 ἀπαρτισθέντι,
1515 3517 1610 3566 καὶ
1657 3515 1989 3569 ἀπολαϐόντι

418 3604 513 3661 καὶ
540 3603 639 3674 τὴν
674 3602 1012 3674 εὐπρέπειαν
1040 3603 1135 3657 καὶ
1165 3603 1264 3667 τὴν
1295 3602 1555 3670 λατρείαν
1588 3603 1776 3657 αὐτοῦ.

501 3791 600 3845 Ἐν
652 3789 783 3857 ταῖς
825 3788 1005 3855 νυξὶν
1035 3788 1295 3857 ἐπάρατε
1338 3788 1447 3853 τὰς
1484 3787 1687 3857 χεῖρας
1714 3786 1881 3857 ὑμῶν
1904 3788 1992 3854 εις

419 3882 491 3936 τὰ
533 3883 690 3953 ἅγια.
721 3882 824 3936 καί
884 3879 1191 3949 εὐλογεῖτε
1221 3880 1328 3933 τὸν
1368 3881 1611 3948 Κύριον.
1657 3878 1749 3949 Μὴ
1781 3881 1880 3950 τὴν
1902 3881 1992 3934 νύ⁶

423 3994 525 4029 κτα
552 3979 734 4031 πᾶσαν
762 3978 840 4038 εἰς
867 3973 1037 4028 ὕπνον
1070 3972 1373 4037 δαπανᾶτε,
1407 3973 1543 4027 ἀλλὰ
1579 3976 1675 4027 καὶ
1718 3974 1775 4024 ὲν
1820 3972 1994 4042 ταύτῃ

424 4069 663 4140 ἐπάρατε
696 4069 789 4130 τὰς
821 4070 1011 4137 χεῖρας
1043 4065 1198 4136 ὑμῶν
1252 4067 1333 4131 εἰς
1356 4065 1425 4119 τὰ
1458 4066 1634 4134 Ἀγια
1668 4064 1776 4117 τῶν
1800 4063 1991 4131 ἁγίων,

424 4159 558 4210 ὅπου
596 4158 625 4208 ὁ
654 4157 786 4220 Θεὸς
821 4160 1105 4214 κατοικεῖν
1130 4155 1352 4227 ἐλέγετο
1370 4156 1459 4211 διὰ
1481 4156 1579 4226 τὴν
1606 4157 1785 4209 ἐκεῖσε
1810 4155 1989 4225 χάριν·

426 4249 519 4306 καὶ
544 4249 843 4323 εὐφημεῖτε
881 4252 971 4303 τὸν
995 4251 1150 4315 Θεὸν,
1172 4251 1230 4303 ὲν
1254 4253 1374 4311 ταῖς
1405 4248 1525 4314 νυξὶ
1548 4246 1765 4316 μᾶλλον,
1783 4249 1872 4299 ὅτε
1904 4247 1993 4297 καὶ

426 4346 758 4415 κουφότερος
791 4347 819 4396 ὁ
849 4342 995 4407 νοῦς.
1052 4344 1147 4396 καὶ
1193 4341 1397 4393 πλείων
1434 4341 1466 4409 ἡ
1520 4339 1717 4409 σχολή’
1750 4338 1799 4390 εί
1850 4337 1907 4390 δὲ
1938 4337 1995 4389 ὲν

426 4439 582 4490 νυκτὶ
637 4435 1042 4504 παραγίνεσθαι
1110 4433 1247 4502 πρὸς
1306 4432 1397 4485 τὸν
1459 4431 1585 4484 ναὸν
1640 4430 1851 4484 κελεύει
1897 4430 1995 4499 τῆς

424 4524 613 4594 κλίνης
644 4524 1060 4593 ἀνισταμένους,
1106 4523 1263 4584 ποίας
1305 4519 1553 4584 τεύξεται
1604 4518 1932 4589 συγγνώμης
1968 4518 1996 4570 ό

432 4614 568 4684 μηδὲ
601 4616 902 4667 οἰκοιικατὰ
933 4615 1023 4666 τὸν
1052 4616 1246 4680 καιρὸν
1276 4615 1465 4668 τοῦτον
1498 4613 1663 4683 εὐχὰς
1693 4610 1992 4676 ὲπιτελῶνς

426 4702 560 4761 Εἶτα
594 4706 956 4778 ὑπερεύχεται
986 4706 1081 4759 τοῦ
1114 4706 1264 4760 λαοῦ.

498 4986 843 5054 [εὐλογῆσαι
878 5001 950 5037 σε
978 4984 1190 5050 Κύριος
1217 4982 1285 5034 ἐκ
1323 4979 1495 5041 Σιὼν,
1537 4981 1569 5031 d
1596 4976 1858 5043 ποιήσας
1890 4975 1996 5028 τὸν

429 5080 690 5145 οὐρανὸν
725 5077 825 5129 καὶ
869 5078 982 5144 τὴν
1006 5075 1141 5145 γῆν.
1176 5074 1404 5144 Εἴρηται
1440 5070 1572 5141 περὶ
1609 5068 1701 5121 τού
1715 5086 1799 5120 του
1828 5068 1886 5120 ὲν
1916 5066 1994 5134 τῷ

433 5171 550 5240 ρκζ¹
608 5169 831 5241 ψαλμῷ,
901 5170 995 5223 καὶ
1053 5162 1209 5231 οὗτος
1267 5167 1325 5219 δὲ
1378 5166 1407 5217 ό
1468 5162 1681 5234 ψαλμὸς
1739 5160 1995 5231 ἁρμόδιος

429 5263 586 5316 πᾶσι.

1030 5351 1417 5417 ’Δλληλούιὶι

958 5443 1249 5497 ΨΑΛΜΟΣ
1314 5440 1482 5495 ΡΛΔ’.

500 5541 823 5614 Είρήκαμεν
844 5536 1205 5608 προλαϐόντες
1229 5537 1312 5588 ὅτι
1338 5530 1746 5603 εύχαριστήριοι
1768 5525 1997 5599 ψαλμοὶ,

428 5635 686 5709 τοιαύτην
709 5635 866 5704 ἔσχον
900 5631 1235 5702 ἐπιγραφήν.
1926 5623 1929 5626 ⁴

2094 3424 2287 3478 nostri.
2331 3421 2459 3488 Vos,
2499 3423 2745 3492 inquam,
2785 3423 2895 3477 Deo
2928 3424 3254 3488 benedicite,
3302 3427 3396 3497 qui
3442 3431 3666 3485 assidue

2092 3512 2147 3564 in
2203 3511 2405 3579 templo
2458 3512 2904 3577 commoramini,
2968 3515 3055 3581 qui
3114 3518 3372 3584 templum
3422 3533 3451 3573 a
3504 3522 3665 3577 modo

2092 3601 2416 3671 perfectum,
2449 3618 2659 3672 suoque
2727 3604 2927 3658 decore
2978 3614 3033 3658 et
3081 3607 3231 3659 cultu
3281 3609 3393 3677 jam
3442 3624 3665 3681 recepto

2094 3694 2470 3762 ingredimini.

2171 3787 2412 3841 \’£ns.2.
2447 3784 2510 3839 In
2542 3787 2779 3840 noctibus
2828 3788 3062 3842 extollite
3113 3806 3301 3845 manus
3352 3803 3551 3848 vestras
3610 3802 3663 3849 in

2095 3887 2301 3941 sancta,
2328 3886 2375 3930 et
2405 3876 2691 3931 benedicite
2732 3878 3033 3933 Dominum.
3065 3876 3267 3947 Nolite,
3293 3882 3491 3952 inquit,
3541 3886 3667 3939 uni-

2096 3985 2309 4023 versam
2345 3976 2561 4023 noctem
2598 3984 2792 4024 somno
2827 3971 3080 4041 perdere,
3120 3973 3212 4028 sed
3249 3974 3303 4027 in
3344 3991 3429 4039 ea,
3473 3992 3665 4031 manus

2098 4075 2308 4115 vesuas
2336 4061 2401 4113 ad
2441 4059 2638 4115 Sancta
2672 4072 2987 4117 sanctorum
3009 4066 3275 4128 extollite,
3315 4069 3406 4122 ubi
3444 4078 3667 4139 propter

2096 4154 2339 4207 divinam
2404 4154 2547 4207 illam
2606 4156 2864 4223 gratiam,
2917 4173 3036 4225 qua:
3085 4157 3198 4213 illic
3224 4170 3364 4223 erat,
3418 4160 3667 4215 habitare

2098 4244 2239 4301 Deus
2271 4246 2554 4301 dicebatur
2589 4262 2604 4311 ;
2635 4255 2798 4316 atque
2827 4248 2882 4301 in
2919 4249 3175 4303 noctibus
3198 4251 3467 4320 przecipue
3496 4250 3664 4306 Deum

2099 4339 2338 4404 laudate,
2370 4338 2591 4409 quando
2639 4355 2793 4395 mens
2821 4355 2849 4394 a
2902 4340 3372 4399 sollicitudinibus
3418 4353 3473 4398 et
3519 4344 3668 4398 curis

2099 4431 2272 4499 magis
2303 4443 2473 4481 vacua
2510 4435 2613 4492 est,
2640 4430 2861 4497 quando
2898 4430 3053 4485 vobis
3086 4432 3260 4501 majus
3290 4436 3461 4487 otium
3490 4434 3666 4490 adest.

2100 4518 2257 4584 Quod
2297 4517 2342 4572 si
2371 4531 2537 4571 noctu
2560 4532 2656 4572 eos
2678 4516 2833 4584 jubet
2866 4534 2896 4571 c
2937 4519 3079 4573 lecto
3108 4536 3354 4588 surgere,
3390 4532 3554 4592 atque
3614 4528 3666 4579 in

2098 4609 2359 4678 templum
2416 4609 2701 4674 accedere,
2755 4625 3049 4678 quamnam
3112 4628 3349 4682 unquam
3386 4616 3597 4667 veniam
3634 4614 3669 4667 ii

2030 4691 2075 4745 ι)
2104 4710 2511 4772 consequentur
2539 4701 2631 4770 qui
2673 4713 2921 4771 tempore
2964 4703 3077 4768 illo,
3115 4720 3292 4773 neque
3332 4705 3495 4759 etiam
3524 4705 3669 4759 domi

2105 4790 2171 4844 ad
2207 4805 2420 4860 preces,
2440 4804 2621 4857 neque
2652 4791 2718 4844 ad
2739 4791 3041 4846 orationem
3071 4793 3448 4864 consurgunt?
3476 4792 3671 4847 Deinde

2104 4893 2255 4952 rogat
2286 4897 2385 4952 pro
2420 4883 2621 4951 populo
2663 4884 2851 4937 dicens
2885 4899 2899 4939 :

2176 4972 2341 5027 Vens.
2376 4975 2428 5027 3.
2467 4972 2745 5027 Benedic-at
2803 4976 2898 5027 tibi
2953 4975 3207 5029 Dominus
3257 4992 3320 5029 ea:
3375 4975 3525 5039 Sion,
3584 4978 3672 5043 qui

2101 5067 2225 5134 fecit
2260 5067 2443 5119 cazlum
2482 5077 2528 5119 et
2571 5062 2787 5120 terram.
2829 5067 2900 5121 De
2929 5069 3306 5136 hujuscemodi
3336 5068 3513 5121 verbis
3543 5070 3669 5123 alibi

2103 5161 2267 5214 etiam
2309 5160 2515 5212 dictum
2565 5171 2671 5225 est,
2722 5160 2974 5216 videlicet
3002 5165 3053 5215 in
3093 5162 3302 5230 psalmo
3338 5175 3538 5213 cum.
3577 5160 3671 5216 llic

2106 5250 2349 5319 psalmus
2376 5259 2634 5318 praeterea
2668 5252 2926 5307 omnibus
2960 5259 3140 5320 potest
3171 5250 3599 5305 accommodari.

2755 5343 3009 5397 Alleluia.

2569 5432 2889 5489 PSALMUS
2924 5431 3211 5487 CXXXIV.

2174 5529 2294 5585 Iam
2330 5529 2381 5581 in
2432 5526 2808 5595 superioribus
2840 5524 3047 5579 dictum
3096 5533 3202 5591 est,
3254 5524 3402 5595 quod
3451 5525 3668 5596 psalmi,

2107 5622 2201 5691 qui
2239 5616 2628 5687 hujuscemodi
2664 5616 2868 5670 habent
2916 5614 3335 5685 inscriptionem
3365 5615 3667 5686 gratiarum

2108 5713 2353 5768 actiones
2383 5710 2690 5765 continent.
