4102 6206
519 353 654 419 1933

1655 357 1802 418 COM
1812 359 2035 425 MENT.
2062 359 2145 420 IN
2188 361 2427 422 PSALM
2439 361 2554 423 OS.

3640 360 3773 422 123i

590 473 794 528 Πάντα
832 475 948 529 ὅσα
1000 474 1306 543 ἠθέλησεν
1337 475 1629 542 ἐποίησεν
1666 478 1737 531 ἐν
1760 475 1841 543 τῷ
1868 479 2099 547 οὐρανῷ

2274 483 2441 538 Vsus.
2482 483 2535 536 6.
2582 479 2779 535 Omnia
2808 497 3131 549 quarcunque
3162 482 3347 545 voluit,
3376 480 3496 550 fecit
3545 482 3598 532 iu
3644 480 3772 533 εαξίο

519 566 619 619 καὶ
650 565 718 619 ἐν
753 564 826 633 τῇ
865 563 964 636 γῇ.
999 561 1137 619 Eius
1173 565 1333 620 τοῦτο
1386 567 1485 620 καὶ
1507 566 1566 619 ἐν
1596 566 1673 637 τῷ
1702 564 1807 638 ριγ¹
1844 565 2050 637 ψαλμῷ
2076 583 2091 597 ’

531 657 593 709 Ὀ
647 655 715 709 δὲ
757 657 900 723 Θεὸς
951 657 1118 727 ἡμῶν
1160 658 1232 712 ἐν
1299 656 1379 724 τῷ
1402 656 1637 727 οὐρανῷ
1684 660 1783 713 καί
1824 658 1895 713 ἐν
1914 656 1991 727 τῇ
2020 658 2096 727 τῇ

520 744 715 801 πάντα
740 747 858 802 ὅσα
891 747 1196 827 ἠθέλησεν
1221 749 1533 816 ἐποίησεν.

602 837 705 891 Ἔν
726 838 855 903 ταῖς
884 838 1234 906 θαλάσσαις
1274 840 1372 895 καὶ
1403 840 1474 894 ἐν
1503 841 1731 907 πάσαις
1760 840 1887 907 ταῖς
1910 841 2099 896 ἀσύσ-

521 943 677 992 σοις.
712 928 1000 993 Θαλάσσας
1032 931 1132 1001 μὲν
1160 932 1309 1000 λέγει
1349 932 1477 996 τοὺς
1503 932 1793 1004 διαφόρους
1823 932 2057 996 κόλπους
2079 948 2092 963 ·

520 1016 589 1069 τὰ
633 1019 959 1089 συστήματα
1003 1022 1111 1092 γὰρ
1137 1022 1248 1075 τῶν
1279 1023 1490 1077 ὑδάτων
1527 1023 1755 1077 ἐκάλεσε
1795 1024 2094 1089 θαλάσσας,

519 1107 792 1172 ἀϐύσσους
817 1111 906 1176 δὲ,
928 1112 997 1166 τὰ
1023 1112 1282 1167 ὑποκάτω
1309 1115 1407 1183 τῆς
1434 1116 1557 1183 γῆς,
1578 1118 1646 1169 τὰ
1676 1115 2094 1184 ἀνεξερεύνητα,

520 1198 578 1249 ἐν
635 1193 716 1260 οἷς
767 1202 901 1253 πᾶσι
956 1203 1137 1256 πάντα
1175 1204 1276 1257 ὅσα
1336 1204 1600 1275 ἠθέλησεν
1633 1205 1888 1278 ἐποίησεν
1919 1222 1932 1236 ο
1976 1200 2097 1258 εἶτα

521 1286 682 1365 ὑμνεί
708 1286 803 1340 τοῦ
848 1288 985 1343 Θεοῦ
1028 1290 1166 1361 ἔργα
1193 1292 1314 1346 τινὰ
1342 1293 1777 1365 ἀξιοθαύμαστα,
1806 1295 2095 1365 παραδρα-

523 1363 638 1441 μὼν
667 1376 735 1429 τὰ
764 1378 1010 1447 μείζονα,
1072 1382 1162 1437 ἵνα
1219 1385 1315 1439 καὶ
1343 1384 1451 1441 ἀπὺ
1479 1363 1586 1439 τε..
1616 1363 1916 1440 ἐλαττόνων
1944 1384 2099 1459 δείξῃ

515 1467 578 1518 τὸ
608 1468 896 1535 μεγαλεῖον
921 1471 1013 1525 καὶ
1049 1473 1383 1545 ἀξιύμνητον
1411 1476 1601 1530 αὑτοῦ.

599 1558 856 1629 Ἀνὰγων
883 1563 1146 1631 νεφέλας
1185 1567 1254 1629 ἐξ
1293 1568 1571 1638 ἐσχάτων
1603 1568 1715 1635 τῆς
1759 1569 1897 1639 τῆς.
1951 1570 2010 1623 ’0
2040 1568 2099 1635 ἐξ

518 1645 685 1700 αὐτοῦ
707 1649 801 1702 τοῦ
827 1653 1144 1707 κατωτάτου
1181 1654 1381 1725 βάθους
1410 1660 1511 1727 τῆς
1542 1659 1646 1729 γῆς
1678 1660 1899 1729 ἀνάγων
1936 1661 2099 1729 νεφέ·

520 1735 638 1802 λαςο
666 1740 762 1793 καὶ
790 1744 1044 1800 τοσοῦτον
1073 1747 1247 1812 αὐτὰς
1274 1750 1627 1824 μετεωρίζων
1646 1752 1871 1823 βαρείας
1903 1751 2092 1820 οὔσας,
2129 1804 2185 1824 ..-

518 1829 613 1881 καὶ
640 1828 700 1882 τὸ
722 1827 1045 1906 κατωφερὲς
1080 1836 1246 1910 ὑγρὸν
1281 1840 1396 1895 ἄνω
1426 1845 1695 1914 φέρεσθαι
1725 1843 1916 1898 ποιῶν.

599 2018 928 2088 Ἀστραπὰς
942 2023 1028 2087 εἰς
1043 2023 1221 2079 ὑετόν
1244 2027 1556 2095 ἐποίησεν.
1640 2031 1735 2094 El;
1788 2031 1978 2105 καιρὸν
2005 2034 2097 2087 ὐε-

515 2108 609 2163 τοῦ
638 2127 652 2140 °
683 2112 716 2182 ἢ
742 2112 801 2165 ἐν
826 2112 903 2183 τῷ
926 2114 1089 2186 ὑετῷ,
1116 2117 1211 2171 καὶ
1237 2120 1305 2172 δι’
1361 2120 1619 2192 ἀλλήλων
1648 2122 1898 2188 ἀϐλαϐῶς
1932 2125 2098 2194 φέρε-

518 2201 642 2255 σθαι
666 2203 736 2255 τὰ
762 2202 1041 2275 φθαρτικὰ
1091 2208 1337 2279 ἀλλήλων
1377 2214 1813 2291 παρεσκεύασεν,
1841 2214 1915 2277 ὡς
1958 2219 2095 2286 μήτε

514 2293 613 2363 τὴν
680 2296 968 2369 ἀστραπὴν
1013 2301 1447 2372 πυρωδεστάτην
1475 2304 1642 2358 οὖσαν
1688 2306 2004 2361 ἀναλίσκειν
2038 2308 2098 2362 τὸ

517 2383 694 2438 ὑέτιον
757 2386 922 2460 ὕδωρ,
985 2390 1114 2461 μήτ’
1153 2390 1219 2445 ἂν
1272 2392 1431 2447 τοῦτο
1480 2395 1737 2465 ῥαγδαῖον
1795 2398 2096 2469 φερόμενον

520 2476 799 2531 σϐεννύειν
824 2479 1064 2548 ἐκείνην.

599 2662 659 2715 '0
689 2662 921 2734 ἐξάπτων
967 2665 1229 2736 ἀνέμους
1262 2667 1332 2722 ἐκ
1378 2670 1702 2738 θησαυρῶν
1752 2671 1961 2727 αὑτοῦ.
1986 2670 2095 2742 Θη-

518 2766 582 2804 σα
591 2754 749 2821 υροὺς
771 2754 937 2809 αὐτοῦ
952 2754 1047 2810 νῦν
1058 2755 1209 2827 λέγει
1226 2757 1351 2821 τοὺς
1369 2758 1724 2830 ἀποκρύφους
1736 2762 1955 2826 τόπους,
1973 2762 2094 2815 ὅθεν

517 2840 850 2913 ἐξέρχονται⁸
882 2849 1267 2916 κεκρυμμένος
1293 2848 1403 2919 γὰρ
1422 2851 1450 2903 ό
1481 2850 1782 2921 θησαυρὸς,
1813 2851 1875 2905 τὸ
1913 2853 2094 2920 ἄγνω-

518 2949 642 2985 στον
711 2934 810 3003 τῆς
868 2937 1136 3004 γενέσεως
1203 2940 1383 2993 αὐτῶν
1416 2958 1430 2971 ·
1468 2941 1501 3012 ἢ
1531 2941 1744 3010 ἐξάγων
1770 2943 2007 3012 ἀνέμους
2031 2946 2096 2998 ἐκ

516 3022 808 3094 θησαυρῶν
840 3027 1031 3094 αὑτοῦ,
1051 3029 1127 3093 ὡς
1158 3030 1413 3084 ἐντεῦθεν
1459 3031 1753 3102 δηλοῦσθαι
1780 3033 1843 3087 τὸ
1871 3027 2094 3105 εὐχερὲς

2202 584 2253 629 et
2280 575 2334 627 in
2373 583 2535 628 terra.
2564 571 2765 627 Eadem
2797 570 2965 626 verba
3000 570 3272 625 habentur
3300 571 3354 624 in
3386 570 3594 640 psalmo
3617 585 3773 631 cxttt.

2200 666 2310 721 ibi.
2354 664 2495 719 Deus
2530 673 2708 718 autem
2747 674 2925 718 uoster
2974 663 3028 715 in
3056 663 3183 716 caelo
3229 672 3279 717 et
3336 663 3391 715 iu
3428 671 3568 715 terra
3595 664 3773 717 omnia

2199 772 2521 827 quacunque
2544 756 2704 810 voluit
2726 755 2867 825 fecit.

2271 848 2336 903 In
2367 849 2608 903 maribus
2664 848 2991 903 et'omnibus
3045 848 3272 918 abyssis.
3323 846 3495 900 Maria
3549 846 3768 914 quidem

2199 940 2380 996 varios
2405 941 2572 995 maris
2593 940 2750 995 sinus
2768 941 3040 1010 appellat:
3074 939 3539 1009 Congregatiou‘ss,
3572 939 3769 1006 inquit,

2199 1048 2458 1102 aquarum
2490 1032 2772 1101 appellavit
2820 1032 2995 1085 maria
3042 1032 3107 1083 ⁸⁸.
3142 1030 3386 1100 Ahyssoa
3417 1038 3601 1083 autem
3633 1027 3771 1083 sub-

2198 1132 2450 1178 terranea
2489 1122 2631 1186 loca,
2658 1136 2782 1191 qua:
2807 1119 3305 1188 imperscrutabilia
3336 1128 3504 1174 sunt:
3555 1118 3609 1172 in
3641 1117 3769 1186 qui-

2201 1216 2305 1269 hus
2344 1222 2528 1268 tamen
2567 1213 2697 1268 fecit
2735 1213 2918 1267 omnia
2947 1212 3117 1274 Deus,
3153 1225 3276 1281 qua:
3308 1210 3505 1264 voluit.
3563 1208 3772 1263 Deinde

2198 1309 2415 1378 privata
2451 1306 2699 1376 quasdam
2734 1305 2831 1360 Dei
2862 1318 3027 1374 opera
3059 1300 3429 1358 admiratione
3450 1301 3614 1372 digna
3645 1301 3770 1353 lau-

2199 1399 2310 1456 dat.
2335 1398 2541 1467 majora
2567 1396 2907 1466 prmteriens,
2937 1402 2995 1449 ut
3009 1409 3076 1448 ex
3090 1384 3417 1454 minoribus,
3443 1389 3741 1460 magnitudi
3758 1416 3773 1430 η

2199 1505 2322 1545 nem
2341 1490 2460 1559 ejus
2477 1489 2707 1544 summis
2739 1503 2862 1543 esse
2883 1487 3134 1543 laudibus
3174 1484 3389 1554 dignam
3436 1484 3766 1538 ostenderet.

2270 1580 2439 1635 Vsus.
2479 1581 2535 1634 7.
2578 1578 2820 1633 Educeus
2865 1578 3023 1632 nubes
3074 1577 3141 1631 ab
3171 1587 3407 1632 extremo
3446 1580 3622 1628 terrm.
3664 1571 3768 1637 Qui

2199 1685 2266 1724 ex
2296 1669 2412 1737 ipsa
2454 1668 2701 1724 inferiori
2734 1676 2894 1722 terrae
2925 1666 3295 1735 profunditate
3344 1664 3518 1719 uuhes
3561 1663 3768 1720 educit,

2199 1773 2407 1828 easque
2442 1758 2663 1812 tametsi
2704 1772 2898 1827 graves
2931 1754 3064 1820 sint,
3113 1755 3167 1809 iu
3227 1752 3397 1807 altum
3445 1752 3682 1813 extollit,
3715 1760 3769 1805 et

2200 1850 2417 1904 illarum
2453 1850 2765 1910 humorem,
2795 1848 2889 1917 qui
2927 1854 3125 1901 natura
3157 1861 3255 1901 sua
3279 1844 3534 1900 deorsum
3571 1843 3767 1904 fertur,

2200 1942 2254 1995 in
2288 1940 2523 1996 sublime
2552 1939 2755 1994 elevari
2790 1938 2946 1993 facit.

2272 2029 2511 2100 Fulgura
2543 2031 2597 2084 iu
2626 2030 2860 2097 pluviam
2886 2030 3034 2097 fecit.
3065 2029 3120 2089 lu
3155 2038 3373 2099 tempus
3405 2028 3615 2084 scilicet
3644 2028 3767 2097 plu-

2200 2123 2319 2186 viae,
2344 2123 2428 2177 vel
2457 2122 2511 2175 in
2546 2121 2747 2191 pluvia.
2786 2119 3087 2190 Eﬂecitque
3119 2130 3179 2175 ut
3205 2136 3325 2190 quae
3356 2128 3550 2188 suapte
3579 2126 3768 2171 natura

2199 2223 2395 2277 mutuo
2421 2229 2541 2269 sese
2579 2211 3003 2282 perdttnt,*una,
3043 2226 3105 2265 ac
3138 2211 3345 2281 pariter
3372 2210 3494 2264 sine
3539 2207 3769 2262 alterius

2201 2306 2422 2359 laesione
2454 2301 2749 2372 conjuncta
2776 2301 3117 2363 deferantur,
3154 2300 3226 2353 ita
3264 2309 3325 2352 ut
3354 2312 3530 2367 neque
3565 2295 3767 2365 fulgur,

2197 2396 2342 2464 quod
2374 2404 2570 2448 natura
2618 2392 2850 2462 ignitum
2882 2398 2991 2453 est,
3050 2388 3345 2459 pluvialem
3395 2388 3595 2456 aquam
3634 2400 3767 2440 con-

2198 2496 2401 2549 sumat,
2441 2502 2615 2555 neque
2648 2499 2789 2555 aqua
2826 2498 3045 2538 rursum
3075 2496 3269 2551 magna
3303 2480 3353 2534 vi
3380 2479 3559 2534 delata
3587 2477 3772 2548 fulgur

2194 2580 2524 2648 exstinguat.

2270 2671 2374 2736 Qui
2404 2671 2580 2725 educit
2615 2680 2792 2723 ventos
2818 2666 2883 2720 de
2914 2665 3176 2721 thesauris
3207 2664 3344 2718 suis.
3394 2661 3499 2716 Per
3549 2659 3773 2716 thesau-

2196 2779 2289 2818 ros
2324 2762 2441 2827 Dei,
2479 2762 2581 2814 hoc
2614 2761 2665 2813 in
2696 2760 2815 2814 loco
2847 2756 3116 2825 Pmpltcta
3150 2754 3365 2808 occulta
3398 2750 3485 2805 illa
3520 2749 3641 2806 loca
3679 2750 3769 2805 in-

2198 2854 2412 2922 telligit.
2454 2850 2599 2904 unde
2628 2859 2832 2903 exeunt
2887 2847 3056 2901 venti.
3116 2844 3386 2899 Occultus
3440 2841 3587 2897 enim
3647 2854 3772 2896 esse

2197 2945 2403 2999 dicitur
2456 2943 2790 2997 thesaurus:
2822 2956 2887 2995 eo
2936 2938 3082 3006 quod
3116 2947 3171 2992 et
3204 2934 3484 3007 generatio
3529 2940 3584 2990 et
3615 2933 3770 2988 locus

2198 3035 2318 3105 ejus
2352 3035 2656 3104 ignoratur.
2694 3030 2965 3087 Thesauri
3023 3031 3244 3084 nomine
3306 3035 3596 3096 praeterea,
3659 3039 3769 3079 non

514 3114 616 3215 τῆς
638 3114 927 3215 ἐξαγωγῆς
976 3121 1175 3187 αὐτῶν,
1219 3124 1311 3178 καὶ
1348 3125 1661 3196 πρόχειρον,
1687 3126 1776 3179 ὅτε
1811 3124 2088 3196 βούλεται·

2201 3138 2408 3182 tantum
2440 3127 2685 3197 pecuniae
2710 3124 3030 3180 autocculta
3055 3123 3159 3177 alia
3189 3118 3328 3177 bona
3354 3114 3764 3188 intelliguntur.

517 3208 833 3275 θαυμαστὸν
864 3214 974 3283 γὰρ
1002 3213 1065 3266 τὸ
1096 3214 1192 3267 νῦν
1238 3215 1339 3285 μὲν
1362 3216 1558 3270 τοῦτον
1601 3216 1871 3287 εὐχερῶς,
1905 3216 2002 3270 νῦν
2036 3218 2092 3272 δὲ

2200 3218 2297 3274 sed
2327 3229 2380 3273 et
2405 3218 2522 3287 ipsa
2549 3218 2713 3271 etiam
2740 3217 2880 3279 loca,
2914 3216 3003 3268 ubi
3036 3213 3276 3270 thesauri
3311 3210 3537 3267 recondi
3570 3208 3769 3264 solent.

518 3300 726 3353 ἐκεῖνον
756 3302 1124 3375 ἐπιπέμπειν,
1149 3306 1340 3362 ἄλλοτε
1366 3308 1426 3362 δὲ
1452 3308 1644 3363 τοῦτον
1665 3311 1920 3364 κάκεῖνον
1951 3311 2090 3380 ἅμα.

2202 3311 2300 3367 Vel
2332 3310 2427 3381 qui
2460 3308 2644 3364 educit
2666 3320 2856 3363 ventos
2884 3316 3146 3376 tanquam
3177 3316 3207 3360 e
3231 3302 3509 3359 thesauris
3539 3300 3677 3361 suis.
3713 3308 3773 3354 ut

523 3391 675 3445 Ἐστι
696 3393 741 3446 δ’
764 3395 856 3448 ὅτε
885 3396 981 3450 uati.
1033 3398 1283 3463 πλείονας
1342 3401 1402 3454 ὲν
1447 3401 1652 3469 ταύτῷ,
1701 3402 1796 3455 καὶ
1829 3402 2092 3465 πολλάκις

2200 3398 2639 3469 subintelligalur
2665 3399 2836 3454 dictio
2867 3399 2981 3458 illa,
3009 3398 3305 3466 Tanquam,
3327 3395 3432 3459 vel,
3459 3393 3619 3464 quasi
3645 3409 3658 3421 ·
3699 3392 3772 3446 ita

518 3480 728 3538 οὐδένα·
752 3491 850 3541 καὶ
904 3489 1083 3543 πάντα
1126 3491 1272 3545 κατὰ
1294 3492 1511 3563 χρείαν,
1556 3493 1649 3546 καὶ
1678 3493 1831 3545 οὐόὲν
1859 3493 2092 3560 ἀλόγως,

2204 3504 2263 3549 ut
2302 3509 2372 3548 ex
2406 3493 2494 3548 bis
2535 3490 2718 3546 verbis
2749 3491 3011 3545 educendi
3066 3489 3305 3544 facilitas
3353 3484 3666 3549 denotetur,
3721 3494 3774 3538 ct

520 3574 773 3647 καθάπερ
802 3580 860 3632 ὲν
909 3579 1206 3653 θησαυροῖς
1236 3600 1346 3636 τισι
1392 3582 1971 3652 κατακεκλεισμένων,
2000 3588 2094 3635 καὶ

2202 3581 2348 3651 quod
2379 3596 2475 3636 eos
2510 3579 2652 3635 Deus
2683 3595 2897 3648 semper
2926 3580 2981 3632 in
3017 3584 3269 3648 promptu
3305 3577 3491 3641 habet,
3520 3590 3642 3631 cum
3676 3589 3775 3627 vo-

519 3667 754 3738 όπηνίκα
800 3670 1071 3742 βούλεται,
1113 3675 1208 3728 καὶ
1240 3676 1441 3748 ῥᾳδίως
1470 3674 1847 3746 ἐξαγομένων.

2202 3669 2386 3727 luerit.
2414 3670 2550 3724 lllud
2590 3678 2773 3724 autem
2803 3682 2969 3738 quam
3002 3668 3236 3721 maxime
3258 3665 3644 3720 admirandum
3668 3671 3773 3726 est,

521 3758 666 3825 quod
701 3761 863 3817 modo
902 3764 1073 3829 hunc,
1105 3766 1269 3820 modo
1302 3766 1456 3820 illum
1496 3765 1639 3823 Deus
1677 3773 1913 3823 ventum
1967 3764 2209 3827 emittat,
2277 3770 2332 3817 et
2382 3760 2678 3830 aliquando
2727 3775 2834 3813 una
2907 3764 3234 3824 utrumque;
3297 3769 3540 3825 persaepe
3608 3755 3771 3808 etiam

528 3853 709 3915 Plures
739 3870 850 3910 uno
881 3866 1045 3926 atque
1071 3854 1265 3913 eodem
1313 3867 1602 3929 tempore;
1644 3873 1891 3930 persaepe
1925 3858 2090 3913 etiam
2124 3855 2336 3910 nullum
2370 3866 2634 3924 prorsus;
2669 3862 2832 3921 atque
2890 3853 3001 3907 haec
3054 3851 3237 3904 omnia
3294 3865 3357 3904 ex
3409 3848 3666 3914 utilitate,
3720 3845 3776 3905 οι

524 3947 661 4001 nihil
695 3949 817 4003 sine
866 3950 1101 4018 ratione,
1158 3952 1272 4007 illis
1322 3953 1535 4011 scilicet
1578 3953 1787 4010 interea
1840 3953 2096 4018 inclusis,
2123 3951 2296 4007 veluti
2339 3952 2394 4004 in
2426 3948 2757 4019 quibusdam
2806 3947 3123 4001 thesauris:
3182 3954 3379 4015 atque
3413 3945 3562 3999 illinc
3636 3959 3774 4014 quo-

523 4042 624 4092 ties
658 4037 766 4094 Deo
815 4041 1056 4105 libuerit,
1093 4044 1328 4098 maxima
1360 4059 1487 4099 cum
1519 4043 1788 4101 facilitate
1815 4044 2051 4101 eductis.

596 4136 701 4200 ’⁸ος
726 4120 991 4201 ἐπάταξε
1020 4138 1091 4191 τὰ
1134 4140 1478 4208 πρωτότοκα
1510 4141 1813 4210 Αἰγύπτου
1842 4142 1961 4197 ἀπὸ
1988 4141 2098 4196 dr-

2277 4136 2440 4191 Vuus.
2485 4134 2540 4188 8.
2586 4133 2692 4199 Qui
2752 4131 3019 4200 percussit
3049 4126 3407 4199 primogenita
3456 4129 3680 4200 zEgypti
3708 4132 3773 4185 ab

520 4225 753 4291 θρώπου
802 4227 914 4291 ἕως
979 4227 1261 4296 κτήνους.
1287 4230 1515 4302 Εἴρηται
1548 4232 1607 4285 ἐν
1639 4231 1717 4303 τῷ
1745 4231 1823 4296 οξ⁹
1850 4231 2056 4303 ψαλμῷ
2080 4246 2093 4261 ·

2200 4228 2409 4282 homine
2433 4236 2600 4294 usqae
2627 4223 2696 4275 ad
2728 4239 2908 4292 pecus.
2951 4222 3023 4275 De
3052 4221 3154 4275 hoc
3190 4221 3430 4274 diximus
3467 4219 3521 4273 in
3558 4222 3772 4291 psalmo

522 4317 619 4369 καὶ
675 4318 912 4388 ζήτησον
965 4320 1083 4374 ἐκεῖ
1128 4322 1228 4390 τὴν
1260 4321 1521 4392 ἐξήγησιν
1571 4323 1686 4387 τοῦ,
1740 4324 2097 4391 Ὧδοποίησε

2200 4334 2410 4376 t.xxvtt.
2452 4318 2588 4371 Vide
2620 4314 2719 4376 ibi,
2756 4315 2809 4367 in
2852 4313 3170 4368 versiculo:
3216 4312 3356 4369 Fecit
3385 4312 3631 4366 semitam
3675 4312 3772 4365 ira:

521 4411 722 4476 τρίϐον
750 4410 820 4480 τῇ
846 4411 994 4481 ὀργῇ
1014 4413 1221 4471 αὐτοῦ.
1249 4415 1395 4479 Ἕως
1417 4415 1473 4468 δὲ
1504 4417 1756 4487 κτήνους,
1793 4419 1874 4481 είς
1898 4417 2096 4470 ἐπίτα-

2199 4427 2330 4467 sute.
2371 4439 2439 4450 --
2485 4408 2657 4478 Usque
2690 4406 2759 4460 ad
2786 4420 2942 4474 pecus
2967 4419 3098 4460 vero
3125 4404 3283 4469 dixit,
3312 4411 3369 4457 ut
3404 4403 3769 4457 calamitatem

523 4521 608 4556 σιν
644 4506 742 4575 τῆς
774 4510 1083 4579 συμφορᾶς.

2199 4515 2442 4574 augeret.

605 4596 1026 4658 Ἐξαπέστεινιε
1047 4598 1268 4667 σημεῖα
1296 4600 1392 4654 καὶ
1421 4601 1637 4670 τέρατα
1659 4603 1729 4656 ἐν
1762 4610 1929 4671 μεσῳ
1953 4618 2093 4670 σου,

2272 4594 2441 4648 Vsus.
2483 4593 2541 4647 9.
2585 4591 2778 4646 Emisit
2807 4595 2958 4662 signa
2993 4602 3042 4647 et
3081 4591 3320 4661 prodigia
3372 4592 3423 4644 in
3457 4592 3627 4645 media
3672 4594 3770 4655 tui,

514 4686 792 4756 Αἴγυπτε,
845 4690 914 4741 ἐν
966 4689 1175 4757 Φαραὼ
1219 4689 1319 4744 καὶ
1353 4691 1424 4745 ἐν
1471 4692 1623 4747 πᾶσι
1666 4692 1789 4758 τοῖς
1854 4694 2097 4759 δούλοις

2201 4687 2443 4757 (Egi/pte.
2499 4686 2552 4737 iu
2605 4682 2959 4747 Pharaonem,
3004 4696 3050 4738 et
3096 4686 3152 4736 in
3202 4698 3380 4738 omnes
3431 4699 3605 4737 servos
3635 4684 3768 4751 ejus.

520 4777 727 4832 αὑτοῦ.
760 4778 990 4850 Εἴρηται
1016 4781 1367 4851 περὶτούτων
1405 4785 1525 4838 ἐκεῖ
1547 4803 1559 4816 ·
1599 4787 1883 4850 Ὃςέθετο
1899 4785 2080 4840 ἐνΑἰ-

2202 4779 2402 4835 Ibidem
2423 4777 2587 4831 etiam
2620 4776 2824 4830 dictum
2863 4787 2965 4834 est.
3020 4777 3167 4846 quod
3212 4777 3389 4845 posuit
3438 4774 3491 4828 in
3541 4773 3773 4844 Egypto

521 4872 723 4939 τύπτω
752 4871 822 4926 τὰ
851 4873 1062 4943 σεμεῖα
1091 4877 1303 4941 αὐτοῦ,
1341 4879 1438 4934 καὶ
1471 4878 1543 4932 τὰ
1574 4878 1787 4946 τέρατα
1819 4880 2008 4933 αὐτοῦ
2025 4879 2095 4933 ἐν

2201 4874 2372 4943 signa,
2411 4879 2461 4925 et
2480 4869 2727 4940 prodigia
2771 4886 2870 4924 sua
2921 4871 2973 4923 iu
3014 4884 3196 4935 campo
3248 4867 3449 4921 Tauros
3482 4881 3510 4946 :p
3540 4878 3772 4932 cumque

519 4963 704 5028 πεδίῳ
732 4967 955 5034 Τάνεως
974 4986 987 5000 ·
1012 4970 1392 5041 μνημονεύσας
1417 4972 1473 5025 δὲ
1494 4974 1591 5040 τῆς
1623 4944 1928 5043 βαρυτέρας
1953 4974 2094 5046 πλη·-

2199 4963 2535 5038 gravissima:
2588 4962 2832 5019 omnium
2893 4963 3065 5032 plagae
3113 4959 3444 5020 meminerit,
3496 4944 3769 5011 colleCtim

520 5053 645 5122 γῆς,
686 5051 806 5110 εἶτα
834 5057 1132 5130 συλλήϐδην
1170 5058 1314 5125 εἷπε,
1347 5065 1543 5131 σημεῖα
1570 5063 1664 5117 καὶ
1689 5064 1912 5133 τέρατα.

597 5149 701 5214 ⁸ος
721 5148 1023 5215 ἐπάταξεν
1041 5154 1184 5219 ἔθνη
1209 5152 1429 5207 πολλά.
1454 5154 1576 5207 Εἴτε
1593 5155 1660 5208 τὰ
1682 5156 2093 5227 ἀποτειχίζοντα

520 5239 631 5299 τοῖς
661 5239 941 5303 Ἰουδαίοις
968 5242 1068 5312 τὴν
1099 5242 1332 5313 πάροδον
1351 5284 1368 5309 ,
1403 5243 1515 5298 εἴτε
1540 5244 1610 5299 τὰ
1628 5246 1688 5300 ὲν
1718 5246 2049 5320 Παλαιστίνῃ
2073 5267 2086 5281 ·

521 5327 802 5400 ὲπιτόμως
830 5331 888 5385 δὲ
919 5333 1102 5389 πάντα
1128 5334 1301 5403 λέγει,
1331 5336 1426 5390 καὶ
1455 5336 1598 5392 κατὰ
1630 5338 2014 5411 παραδρομὴν.

593 5514 700 5568 Καὶ
731 5514 1044 5573 ἀπέκτεινε
1074 5519 1357 5587 ,ϐασιλεῖς
1397 5523 1733 5590 κραταιούς.
1772 5522 1911 5587 Τοὺς
1968 5525 2096 5595 ἠγε-

528 5604 695 5672 μὸνας
727 5607 929 5662 αὐτῶν.

605 5782 653 5814 ⁶³
682 5782 815 5839 Gen.
855 5802 893 5851 ι,
926 5787 1011 5841 10.

2200 5059 2549 5130 postmodum
2582 5058 2737 5126 signa
2761 5055 2917 5120 dixit,
2941 5063 2992 5108 et
3025 5052 3292 5122 prodigia.

2273 5150 2439 5207 Vnus.
2476 5152 2565 5207 10.
2607 5146 2711 5218 Qui
2752 5149 3009 5218 percussit
3047 5154 3222 5214 gentes
3252 5139 3470 5193 multas.
3512 5137 3639 5193 Sive
3674 5153 3771 5195 eas

2202 5262 2323 5315 qua!
2358 5245 2655 5301 transitum
2705 5241 2911 5298 ludatis
2972 5232 3361 5308 prohibebant,
3435 5246 3530 5287 seu
3580 5240 3771 5299 gentes

2200 5352 2320 5408 qua:
2345 5337 2399 5392 in
2430 5335 2724 5393 Palaestina
2758 5342 2936 5389 erant.
2971 5328 3028 5383 ltt
3060 5324 3385 5396 compendio
3414 5322 3618 5379 etenim
3649 5339 3770 5379 om-

2199 5432 2288 5485 nia
2318 5439 2504 5486 narrat
2543 5439 2596 5484 et
2625 5427 2857 5483 cursim.

2278 5519 2348 5574 Et
2385 5520 2578 5575 occidit
2612 5532 2755 5586 reges
2796 5514 2981 5583 fortes.
3016 5509 3241 5565 Illarum
3275 5507 3483 5565 scilicet
3526 5508 3769 5580 gentium

2196 5611 2395 5670 duces.
