4032 6238
332 210 354 277 1
367 214 469 278 935

1564 218 1877 280 EUTHYM
1894 218 1946 276 [Ι
1991 217 2353 277 ZIGABENI

3432 206 3573 275 1236

405 322 567 378 Vens.
612 325 695 378 Η.
741 323 875 379 Seon
912 340 1079 394 regem
1107 323 1534 377 Amorrhworum
1567 334 1616 378 et
1643 324 1721 395 09
1739 341 1903 394 regem

2081 320 2195 374 Τὸν
2238 322 2406 387 Σηὼν
2444 324 2710 388 βασιλέα
2764 326 2881 379 τῶν
2930 323 3304 393 Ἀμοῤῥαιων,
3342 322 3439 376 καὶ
3470 323 3581 376 τὸν

332 415 536 469 Busan.
572 414 715 471 Seon
766 414 985 483 quidem
1037 429 1154 474 rex,
1193 412 1400 468 divitiis
1435 428 1497 465 ac
1541 414 1772 466 militum
1803 428 1899 468 co-

334 509 438 575 piis
489 518 609 561 erat
660 506 1082 569 celeberrimus;
1134 503 1214 574 Og
1255 520 1388 559 vero
1425 506 1803 575 magnitudine
1834 520 1899 559 ac

333 599 653 653 fortitudine
693 599 942 665 corporis
969 598 1325 666 conspicuus,
1356 597 1409 651 in
1439 599 1681 650 omnium
1717 597 1897 650 homi-

332 707 460 743 num
496 705 590 744 ore
635 689 932 763 ferebatur.
983 691 1153 744 Aiunt
1202 692 1348 745 enim
1396 705 1519 744 eum
1565 690 1702 743 lecto
1736 704 1896 743 usum

333 783 502 835 fuisse
533 781 735 844 ferreo,
786 798 977 835 novem
1025 783 1331 837 cubitorum
1370 782 1424 836 in
1453 780 1812 850 longitudine,
1847 788 1901 834 et

328 874 566 943 quinque
600 873 651 926 in
692 874 999 929 latitudine.

404 963 471 1016 Et
529 965 706 1017 omnia
756 982 915 1035 regna
967 965 1241 1019 Chanaan.
1306 963 1414 1018 "0c
1467 973 1551 1018 est
1596 961 1898 1017 Palaestinae
1958 967 1960 969 ’

332 1053 665 1121 provinciae:
703 1054 859 1122 cujus
893 1054 1075 1124 populi
1114 1056 1287 1124 magis
1336 1053 1740 1122 particulariter
1792 1067 1901 1120 pra:

331 1147 543 1200 ueteris
573 1146 863 1201 Chananazi
881 1147 1224 1202 dicebantur.

411 1238 573 1292 Vens.
614 1234 698 1292 12.
742 1237 809 1289 Ει
861 1236 1002 1290 dedit
1055 1246 1249 1291 terram
1292 1252 1469 1289 eorum
1520 1237 1897 1298 hiereditatem,

333 1332 692 1388 Iuereditatent
744 1328 919 1382 Israel
968 1329 1161 1395 populo
1211 1345 1325 1381 suo.
1381 1328 1472 1382 Bis
1528 1329 1898 1383 hzercditatem

333 1426 490 1489 dixit,
530 1432 583 1478 ut
622 1424 767 1477 illius
822 1423 1114 1492 provincia:
1161 1423 1463 1476 ubertatem
1501 1422 1807 1487 denotaret,
1838 1437 1901 1476 ac

334 1519 378 1569 si
415 1517 666 1572 diceret:
710 1514 1123 1581 ilaereditatem,
1160 1514 1305 1577 dico,
1339 1528 1401 1566 ac
1433 1528 1557 1567 vere
1606 1513 1898 1567 haeredita-

339 1618 443 1661 tem
454 1648 465 1661 .

2006 414 2108 482 Ὣγ
2148 413 2415 477 βασιλέα
2454 416 2563 485 τῆς
2617 416 2845 471 Βασάν.
2878 417 3032 487 Σηὼν
3066 416 3166 486 μὲν
3199 415 3309 484 γὰρ
3362 413 3579 483 πλούτῳ

2006 509 2103 560 καὶ
2163 509 2555 579 στρατοπέδοις
2606 508 2930 578 περιϐόητος
2959 504 3058 578 ἦν·
3125 506 3227 574 Ὢγ
3251 505 3308 558 δὲ
3360 505 3579 573 μεγέθει

2002 602 2096 654 καὶ
2135 602 2295 675 ῥώμῃ
2347 601 2599 671 σώματος
2622 601 3100 672 πολυθρύλλητοςο
3150 600 3285 669 φασὶ
3349 598 3448 666 γὰρ
3478 600 3579 649 αὑ-

2001 694 2091 745 τὸν
2112 696 2203 746 καὶ
2242 693 2399 764 κλίνῃ
2452 694 2647 763 σιδηρᾷ
2701 692 3023 765 κεχρῆσθαι,
3066 690 3220 745 ἐννέα
3264 689 3365 759 μὲν
3394 689 3579 758 πηχῶν

2000 784 2062 837 τὸ
2093 784 2285 854 μῆκος,
2314 784 2474 837 πέντε
2502 786 2558 838 δὲ
2586 786 2647 838 τὸ
2676 781 2834 854 εὖρος
2879 784 3099 854 ἐχούσῃ.

2074 966 2179 1019 Καὶ
2220 965 2423 1031 πάσας
2448 965 2552 1033 τὰς
2580 966 2910 1032 βασιλείας
2943 962 3205 1027 Χαναὰν.
3239 961 3355 1031 Τῆς
3383 958 3583 1013 Παλαι-

2005 1057 2190 1127 στίνης
2216 1060 2271 1109 ὲν
2375 1058 2527 1121 ἔθνος
2579 1057 2765 1120 ιδικῶς
2824 1057 2973 1127 παρὰ
3039 1053 3223 1108 «rana
3280 1053 3573 1107 Χαναναῖοι

2004 1144 2170 1199 καλοῦ
2181 1162 2370 1213 μενον.

2075 1236 2185 1288 Καὶ
2205 1235 2392 1289 ἔδωκε
2409 1236 2526 1303 τὴν
2549 1234 2666 1305 γῆν
2686 1235 2885 1289 αὐτῶν
2900 1234 3336 1303 κληρονομίαν,
3364 1236 3577 1300 iunpo-

2001 1328 2220 1397 νομίαν
2270 1326 2523 1396 Ἰσραὴλ
2545 1327 2671 1393 λαῷ
2688 1327 2897 1380 αὑτοῦ.
2918 1327 3009 1388 Δὶς
3033 1320 3153 1378 εἷπε
3182 1324 3573 1393 κληρονομίαν,

2001 1396 2079 1469 τὸν
2113 1418 2345 1488 δαψιλὲς
2384 1419 2556 1486 αὐτῆς
2613 1416 2918 1487 ἐμφαίνων,
2983 1414 3377 1486 κληρονομίαν,
3418 1396 3608 1475 δντω;’

2011 1510 2408 1580 κληρονομίαν.

413 1697 575 1751 Vens.
619 1697 706 1751 15.
750 1695 993 1759 Domine,
1043 1712 1227 1748 nomen
1265 1705 1410 1748 (num
1465 1698 1517 1747 in
1548 1696 1818 1756 swculum,
1850 1701 1899 1748 et

2078 1695 2273 1761 Κύριε,
2312 1693 2378 1746 τὸ
2437 1692 2627 1762 ὄνομά
2687 1710 2804 1745 σου
2856 1694 2944 1758 εἷς
2989 1691 3096 1744 τεν
3117 1690 3325 1756 αἰῶνα,
3370 1688 3466 1743 καὶ
3516 1689 3582 1743 τὸ

343 1786 643 1840 memoriale
682 1795 829 1839 tuum
884 1786 937 1837 in
978 1787 1365 1855 generationem
1398 1795 1448 1837 et
1492 1788 1901 1855 generationem.

340 1880 655 1947 Propterea,
703 1877 902 1946 inquit,
952 1892 1148 1931 nomen
1187 1886 1357 1941 tuum,
1410 1891 1473 1929 ac
1506 1876 1770 1930 memoria
1812 1884 1907 1929 tua

342 1973 393 2022 in
427 1972 683 2025 saaculum
718 1984 883 2042 atque
921 1974 973 2027 in
1007 1989 1198 2028 omnes
1235 1974 1620 2041 generationes
1646 1980 1905 2041 perpetua

339 2064 477 2115 erit:
515 2063 656 2132 apud
687 2080 781 2119 eas
814 2066 1099 2130 nimirum,
1134 2066 1223 2134 qui
1256 2063 1627 2134 hujuscemodi
1664 2078 1692 2116 a
1728 2071 1779 2118 te
1816 2064 1908 2118 bc-

342 2155 553 2210 ncliciis
578 2156 763 2210 donati
797 2169 940 2212 sunt.

412 2244 575 2300 Vens.
618 2247 704 2301 M.
733 2246 869 2312 Quia
894 2249 1161 2317 judicabit
1188 2250 1439 2304 Dominus
1458 2251 1703 2320 populum
1730 2265 1904 2304 suum.

342 2362 409 2372 --
448 2334 715 2395 ludicabit
764 2355 886 2392 cutn
938 2355 1035 2407 pro
1066 2340 1381 2395 Ulciscetur
1414 2355 1561 2407 eum,
1592 2340 1808 2413 quoties
1843 2342 1911 2396 ab

344 2428 583 2481 inimicis
622 2429 788 2484 luasns
826 2431 1008 2496 fuerit,
1048 2434 1149 2487 hoc
1201 2442 1307 2495 est,
1354 2434 1562 2502 justum
1620 2436 1668 2489 ei
1723 2434 1913 2488 reddet

342 2517 634 2584 judicium.
1334 2509 1339 2518 ’

418 2604 485 2658 Et
518 2605 572 2657 in
599 2607 760 2660 servis
801 2609 910 2661 suis
941 2610 1269 2664 exorabitur.
1315 2611 1425 2667 Hoc
1456 2622 1559 2671 est.
1585 2614 1651 2667 ad
1688 2623 1914 2674 orantes

346 2703 398 2747 et
432 2695 715 2763 placantes
743 2713 864 2751 eum
911 2714 1102 2754 servos
1149 2716 1279 2755 suos
1320 2701 1586 2756 ﬂectetur.
1621 2704 1714 2757 Vel
1745 2720 1912 2773 popu-

347 2787 454 2838 lum
488 2786 707 2854 quidem
740 2799 1055 2857 peccantem
1089 2792 1384 2861 judicahit,
1431 2804 1485 2847 ct
1520 2809 1709 2864 pinnas
1746 2797 1816 2850 ab
1850 2812 1916 2851 eo

345 2876 542 2945 ctiget,
577 2893 605 2931 a
654 2875 1050 2948 pmnitentibus
1085 2899 1211 2938 vero
1257 2886 1596 2952 exorabitur,
1632 2896 1794 2959 atque
1820 2904 1916 2945 eos

349 2967 651 3035 adjuvabit.

421 3058 709 3116 Vens.15.
766 3063 918 3118 Idola
972 3069 1201 3133 gentium
1257 3079 1530 3137 argentum
1600 3082 1650 3123 et
1698 3088 1914 3132 aurum,
1948 3061 1986 3114 (Γ

348 3167 503 3216 opera
538 3168 788 3204 manuum
813 3153 1101 3206 hominum.
1134 3154 1518 3223 llujnscemodi
1553 3158 1713 3211 verba
1746 3159 1913 3211 habes

345 3244 510 3295 etiam
550 3243 605 3295 in
657 3242 863 3311 psalmo
893 3260 1043 3298 eam.
1074 3244 1399 3313 Atquiapud
1449 3261 1546 3301 nos
1580 3255 1710 3299 sunt
1750 3249 1912 3301 etiam

348 3340 665 3385 sanctorum
697 3332 986 3402 imagines,
1015 3348 1136 3401 cpia:
1183 3342 1236 3387 et
1265 3349 1482 3401 aurum,
1530 3344 1690 3404 atque
1720 3351 1916 3408 argen-

349 3429 461 3472 tum
478 3425 671 3473 suntet
688 3433 852 3488 opera
879 3434 1136 3474 manuum
1186 3420 1501 3487 hominum;
1530 3438 1716 3478 verum
1741 3427 1913 3479 enim-

352 3524 480 3564 vero
519 3510 662 3564 idola
715 3524 822 3563 non
859 3519 1022 3565 sunt:
1065 3512 1325 3580 quoniam
1367 3512 1637 3568 idolorum
1670 3516 1916 3586 quidem,

352 3598 542 3663 prima:
574 3599 811 3665 species,
862 3613 925 3652 ac
973 3599 1149 3667 prima
1177 3614 1367 3653 eorum
1400 3611 1751 3670 argumenta,
1784 3604 1919 3658 falsa

353 3700 515 3741 sunt:
548 3686 740 3741 fabulae
774 3688 1053 3753 nimirum,
1088 3705 1209 3759 qua:
1237 3690 1384 3743 nulla
1419 3691 1495 3745 rei
1528 3694 1756 3748 veritate
1787 3697 1920 3750 sub-

352 3781 576 3835 sistunt.
636 3779 773 3834 Deos
824 3780 1026 3833 etenim
1076 3782 1177 3835 sibi
1232 3782 1519 3836 ascribunt
1565 3794 1773 3853 gentes,
1830 3789 1922 3857 qui

351 3874 437 3928 dei
493 3890 597 3926 non
632 3880 784 3937 sunt,
822 3872 915 3927 sed
944 3872 1219 3927 daemones
1268 3874 1405 3928 falso
1437 3874 1541 3930 sibi
1581 3877 1923 3934 divinitatem

2004 1788 2407 1855 μνημόσυνόν
2455 1803 2570 1839 σου
2633 1788 2718 1850 εῙς
2771 1784 2986 1855 γενεὰν
3040 1784 3137 1836 καὶ
3193 1782 3430 1852 γενεάν.
3488 1781 3583 1835 Διὰ

2008 1878 2204 1941 ταῦτα,
2236 1878 2392 1947 φησὶ,
2434 1877 2495 1930 τὸ
2539 1877 2714 1947 ὄνομά
2748 1892 2842 1930 σου
2880 1876 3024 1944 καὶὴ
3062 1879 3250 1946 μνήμη
3285 1891 3381 1927 σου
3441 1875 3585 1927 ἀΐδια

2012 1969 2250 2033 ἔσονται,
2282 1970 2362 2030 εἰς
2391 1970 2484 2021 τὸν
2512 1969 2706 2031 αἰῶνα,
2739 1968 2832 2021 καὶ
2858 1970 2938 2030 εἰς
2965 1968 3143 2029 πάσας
3196 1966 3413 2034 γενεὰς,
3438 1963 3585 2034 παρὰ

2012 2063 2122 2124 τοῖς
2136 2060 2309 2131 τούτῳ
2338 2062 2425 2113 εὐε
2437 2063 2805 2131 ργετηῦεῖσιν.

2083 2248 2217 2300 Ὀτι
2274 2244 2466 2314 κρινεῖ
2522 2245 2739 2314 Κύριος
2759 2244 2863 2297 τὸν
2925 2243 3079 2297 λαὸν
3128 2241 3336 2297 αὐτοῦ.
3400 2242 3588 2309 Κρινεῖ

2013 2339 2194 2405 αὐτὸν,
2225 2338 2394 2408 ἤγουν
2423 2339 2699 2410 ἐκδικήσει
2727 2337 3102 2408 βλαπτόμενον
3126 2337 3256 2408 παρ’
3281 2336 3511 2409 ἐχθροις.

2078 2609 2184 2664 Kal
2218 2609 2314 2663 ἐπὶ
2374 2610 2498 2674 τοῖς
2540 2610 2784 2675 δούλοις
2820 2609 3004 2664 αὑτοῦ
3035 2610 3580 2677 παρακληθήσεται.

2028 2701 2351 2769 Ίλουμὲνοις
2391 2702 2573 2764 αὐτὴν,
2628 2700 3204 2770 ὲπικαμερθήςεταιιῆ
3241 2702 3419 2770 κρινεῖ
3488 2700 3588 2767 μὲν

2015 2793 2105 2845 τὸν
2165 2792 2294 2846 λαὸν
2340 2794 2752 2863 ἁμαρτάνοντα,
2811 2794 2904 2846 καὶ
2969 2794 3190 2856 δικαίως
3252 2794 3591 2861 ἀπαιτήσει·

2023 2886 2413 2956 μετανοοῦντος
2438 2888 2495 2939 δὲ
2556 2887 3063 2957 παρακληθήσεται,
3114 2889 3207 2939 καὶ
3243 2886 3596 2957 ἀντιλήψεται

2017 2978 2223 3034 αὐτῶν.

2102 3070 2183 3124 Τὰ
2213 3072 2431 3124 εἴδωλα
2458 3070 2577 3125 τῶν
2631 3073 2820 3127 ἐθνῶν
2841 3074 3125 3142 ἀργύριον
3159 3075 3256 3128 καὶ
3312 3070 3595 3142 χρυσίον.

2023 3159 2167 3226 ἔργα
2191 3160 2407 3229 χειρῶν
2427 3162 2774 3231 ἀνθρώπων.
2806 3160 2939 3218 Eine
2963 3165 3125 3219 τοῦτο
3172 3167 3265 3219 καὶ
3297 3166 3355 3218 ὲν
3386 3163 3459 3233 τῷ
3486 3160 3595 3232 ριγ¹

2022 3249 2257 3317 ψαλμῷ’
2294 3252 2387 3303 καὶ
2450 3253 2556 3323 μὴν
2596 3256 2687 3307 καὶ
2741 3257 2798 3308 αἱ
2855 3257 2982 3326 παρ’
3018 3260 3149 3326 ἡμῖν
3193 3258 3345 3325 ἆγιαι
3384 3254 3600 3315 εἰκόνες

2022 3339 2284 3410 ἀργύριον
2343 3343 2434 3395 καὶ
2514 3346 2756 3416 χρυσίον,
2813 3348 2948 3417 ἔργα
3020 3348 3215 3417 χειρῶν
3269 3343 3597 3415 ἀνθρώπων,

2024 3432 2140 3485 ἀλλ’
2195 3433 2293 3485 οὐκ
2357 3433 2574 3499 εἴδωλα,
2633 3438 2714 3491 ὅτι
2766 3439 2992 3491 ἐκείνοιν
3027 3438 3123 3507 μὲν
3163 3439 3231 3491 τὰ
3268 3436 3601 3506 πρωτότυπα

2022 3522 2373 3576 ἀνυπόστατα
2425 3526 2521 3577 καὶ
2573 3526 2766 3595 ψευδῆ.
2798 3528 2965 3591 Θεοὺς
2996 3530 3101 3598 γὰρ
3129 3527 3467 3597 ἐπεφήμιζον
3495 3527 3599 3579 οὐκ

2023 3613 2207 3677 ὄντας,
2270 3616 2406 3670 ἀλλὰ
2458 3618 2715 3688 δαίμονας
2764 3619 3129 3690 ψευδομένους
3172 3621 3272 3690 τὴν
3326 3619 3598 3686 Θεότητα·

2025 3707 2134 3758 τῶν
2166 3707 2220 3759 δὲ
2257 3710 2538 3779 παρ’ήμῖν
2592 3711 2817 3764 εἰκόνων
2845 3711 2911 3764 τὰ
2956 3712 3288 3781 πρωτότυπα
3317 3710 3469 3771 ὅντα,
3502 3708 3603 3762 καὶ

2026 3796 2386 3865 ἀληθεύοντα,
2419 3800 2447 3852 ὃ
2467 3801 2760 3855 καλοῦνται
2795 3818 2811 3833 ο
2847 3804 3077 3855 κάκεῖνα
3112 3801 3207 3870 μὲν
3240 3799 3436 3853 εἴδωλα
3465 3814 3598 3868 μια-

2033 3890 2162 3958 ρῶν,
2186 3890 2357 3945 ταῦτα
2395 3892 2479 3961 δὲ,
2518 3894 2724 3956 εἰκόνες
2752 3893 2942 3961 ἁγίων.

352 3974 702 4032 arrogantes;
733 3978 922 4018 verum
949 3973 1264 4020 sanctorum
1299 3976 1614 4024 nostrorum
1645 3970 1916 4040 imagines
1957 3979 2161 4047 primas
2192 4000 2322 4039 suas
2358 3986 2569 4055 species
2599 4002 2754 4041 veras
2782 3987 3004 4051 habent,
3061 4002 3125 4041 ac
3158 3987 3333 4056 prima
3401 3994 3593 4037 eorum

353 4067 693 4126 argumenta,
727 4071 855 4112 vera
885 4065 1051 4112 sunt:
1086 4057 1346 4125 quoniam
1394 4060 1694 4115 secundum
1724 4077 1909 4116 veram
1950 4081 2131 4122 rerum
2156 4073 2463 4136 historiam,
2486 4090 2612 4129 vere
2666 4074 2718 4128 id
2750 4074 2971 4129 fuerunt
3022 4076 3169 4145 quod
3232 4072 3593 4144 appellantur,

356 4160 409 4203 ιιι
452 4164 577 4202 vera
620 4150 784 4203 etiam
847 4163 1190 4219 quaecunque
1246 4150 1313 4205 de
1354 4150 1572 4205 illorum
1624 4154 1735 4206 vita
1784 4169 1848 4208 ac
1891 4164 2315 4220 conversatione
2363 4165 2675 4221 traduntur,
2737 4166 2891 4223 Unde
2938 4168 3081 4223 idola
3121 4168 3480 4222 scelestorum
3534 4175 3601 4214 ac

355 4246 817 4317 nequissnuorum
854 4246 1135 4301 hominum
1171 4255 1263 4301 aut
1295 4248 1601 4303 dmmonum
1676 4256 1807 4303 sunt
1857 4250 2196 4311 simulacra:
2257 4271 2459 4317 nostra:
2500 4270 2701 4326 autem,
2764 4272 3082 4318 sanctorum
3148 4271 3202 4317 et
3262 4260 3600 4318 clarissimo-

356 4360 474 4399 rum
509 4344 817 4407 hominum,
848 4344 1135 4415 imagines.

427 4442 591 4497 Vens.
636 4443 722 4505 l6,
768 4443 855 4499 17.
895 4441 965 4496 Os
990 4443 1175 4495 habent
1199 4452 1246 4496 et
1277 4460 1378 4495 non
1414 4444 1711 4513 loquentur,
1746 4448 1924 4501 ocnios
1958 4451 2004 4509 D

356 4538 543 4589 habent
569 4546 616 4589 et
644 4552 745 4589 non
776 4535 1041 4599 videbunt,
1080 4552 1232 4589 aures
1257 4536 1447 4589 habent
1468 4548 1515 4589 et
1549 4554 1649 4591 non
1680 4538 1920 4594 audient.

358 4629 481 4682 quc
515 4632 676 4681 verba
708 4629 823 4694 pari
859 4626 1019 4679 modo
1052 4627 1161 4679 illic
1194 4630 1355 4681 etiam
1397 4628 1688 4696 habentur.

428 4718 612 4786 Neque
640 4719 779 4771 enim
806 4726 882 4771 est
915 4718 1136 4786 spiritus
1160 4718 1214 4770 in
1246 4735 1334 4771 ore
1365 4735 1563 4773 eorum.
1600 4720 1799 4776 Reddit
1831 4736 1919 4774 ra-

358 4814 563 4865 tionem
593 4809 891 4879 Propheta,
922 4819 975 4863 et
1006 4810 1182 4871 docet,
1235 4812 1512 4879 quomodo
1546 4812 1691 4867 idola
1738 4816 1920 4868 omnia

358 4904 617 4957 sensibus
668 4907 915 4956 careant.
967 4900 1033 4953 Et
1078 4900 1407 4965 delectatur,
1454 4903 1583 4956 dum
1638 4904 1692 4957 in
1732 4919 1919 4957 eorum

357 4993 709 5048 accusatione
757 5002 917 5059 atque
946 4989 1379 5059 reprehensione
1409 5008 1715 5048 sermonem
1763 5009 1921 5048 suum

358 5086 532 5154 magis
562 5083 832 5142 extendit.

430 5178 592 5233 Vens.
636 5179 725 5233 18.
768 5178 980 5234 Similes
998 5178 1129 5247 ﬁant
1145 5179 1244 5244 eis,
1276 5180 1364 5248 qui
1395 5180 1694 5248 faciuntea,
1728 5191 1775 5233 et
1812 5199 1922 5233 om-

359 5290 446 5326 nes
476 5273 565 5340 qui
594 5272 865 5339 conﬁdunt
898 5271 952 5323 in
993 5271 1087 5323 eis.
1118 5269 1324 5324 Ibidem
1349 5271 1512 5324 etiam
1551 5272 1929 5337 hujuscemodi

360 5362 629 5415 habentur
661 5362 843 5416 verba.

436 5453 595 5508 Vens.
641 5454 730 5520 l9,
769 5454 860 5509 Q0.
907 5454 1102 5508 Domus
1148 5454 1325 5507 Israel
1351 5452 1635 5507 benedicite
1682 5451 1929 5511 Domino.

358 5546 546 5599 domus
571 5544 753 5598 Aaron
792 5545 1079 5600 benedicite
1114 5544 1362 5608 Domino,
1388 5544 1575 5598 domus
1611 5543 1734 5598 Levi
1777 5545 1927 5599 bene-

362 5639 521 5692 dicitc
547 5636 768 5691 Domino
794 5652 811 5690 :
839 5639 929 5708 qui
957 5639 1151 5692 timetis
1185 5638 1463 5692 Dominum
1501 5639 1783 5693 benedicite
1824 5638 1927 5692 llo-

2101 4450 2296 4517 Στόμα
2314 4450 2552 4518 ἔχουσι,
2591 4447 2687 4500 καὶ
2719 4447 2791 4501 οὐ
2814 4445 3224 4510 λαλήσουσιν,
3252 4441 3603 4513 ὀφθαλμοὺς

2029 4539 2267 4609 ἔχουσι,
2325 4538 2421 4593 καὶ
2482 4540 2593 4591 οὐκ
2649 4537 2926 4605 ὄψονται,
2957 4531 3078 4589 ὦτα
3104 4536 3340 4604 ἔχουσι,
3368 4534 3463 4588 καὶ
3488 4534 3601 4586 οὐκ

2030 4628 2557 4693 ἐνωτισθήσονται.
2597 4624 2731 4679 Εῖπε
2763 4629 2856 4680 καὶ⁵
2886 4626 3060 4679 ταῦτα
3084 4627 3219 4679 ἐκεῖ.

2103 4721 2257 4775 Οὐδὲ
2288 4719 2397 4789 γάρ
2441 4720 2573 4774 ἐστι
2606 4718 2846 4786 πνεῦμα
2869 4718 2940 4772 ἐν
2981 4716 3061 4782 τῷ
3100 4720 3349 4786 στόματι
3380 4714 3593 4770 αὐτῶν.

2032 4813 2202 4866 Τοῦτο
2250 4813 2398 4865 αἰτία
2455 4814 2551 4882 τῆς
2579 4812 2966 4881 ἀναισθησίαςο
3033 4811 3405 4880 ἐμφιλοχωρεῖ
3447 4808 3499 4860 δὲ
3530 4808 3595 4875 τῇ

2032 4906 2314 4978 κωμῳδίᾳ,
2347 4908 2630 4969 ἐπιτείνων
2660 4906 2759 4975 τὴν
2796 4904 3052 4975 διαϐολὴν
3084 4905 3287 4957 αὐτῶν.

2104 5183 2334 5251 ’Ὅμοιοι
2389 5181 2593 5247 αὐτοῖς
2648 5180 2916 5250 γένοιντο
2958 5181 3012 5233 ol
3067 5178 3380 5241 ποιοῦντες
3424 5175 3598 5239 αὐτὰ,

2032 5274 2131 5327 καὶ
2182 5273 2405 5339 πάντες
2429 5276 2483 5326 οὶ
2533 5275 2883 5341 ,πεποιθότες
2933 5271 3024 5323 ἐπ’
3054 5271 3277 5335 αὐτοῖς.
3331 5268 3476 5322 Ἐκεῖ
3506 5268 3600 5320 καὶ

2032 5366 2202 5418 ταῦτα
2234 5367 2291 5417 ὲν
2325 5365 2401 5433 τῷ
2433 5371 2534 5434 ριγ¹
2556 5363 2776 5435 ψαλμῷ.

2105 5453 2279 5521 Οἶκος
2306 5457 2579 5523 Ἰσραὴλ,
2615 5454 2991 5523 εὐλογήσατε
3014 5455 3122 5506 τὸν
3146 5454 3365 5522 Κύριον
3388 5468 3402 5482 ·
3435 5447 3600 5516 οἶκος

2031 5551 2279 5619 Ἀαρὼν,
2294 5550 2667 5620 εὐλογήσατε
2687 5550 2792 5603 τὸν
2804 5551 3039 5617 Κύριον·
3060 5545 3224 5615 οἶκος
3241 5547 3402 5611 Λευῒ,
3421 5547 3597 5600 εὐλο-

2035 5645 2259 5713 γήσατε
2306 5642 2409 5696 τὸν
2429 5642 2646 5710 Κύριον
2680 5657 2692 5669 ·
2735 5644 2789 5695 οἱ
2817 5642 3173 5711 φοϐούμενοι
3209 5640 3317 5693 τὸν
3358 5639 3597 5721 Κύριον,
