4102 6206
398 403 540 471 1237

1561 419 1950 480 COMMENT.
1981 415 2066 477 ΙΝ
2097 421 2452 485 PSALMOS.

3517 442 3652 507 1238

392 519 769 589 εὐλογήσατε
806 524 915 578 τὸν
940 526 1181 598 Κύριον.
1250 530 1338 583 Ἐν
1395 531 1592 602 ἐκείνῳ
1626 535 1721 587 καὶ⁵
1769 532 1963 604 ταύτηι

2078 535 2244 593 mino.
2274 538 2392 596 lllic
2423 540 2592 597 etiam
2626 543 3007 615 hujuscemodi
3037 552 3295 610 ordinum
3324 555 3649 617 divisionem

396 612 694 684 ἐποιήσατο
752 614 851 685 τὴν
920 617 1192 685 διαίρεσιν
1249 621 1360 675 τῶν
1422 624 1790 695 πραγμάτων.
1864 626 1977 681 Καὶ

395 703 639 776 ζήτησον
684 706 783 779 τὴν
804 708 922 761 ἐκεῖ
953 710 1208 782 ῥηθεῖσαν
1228 714 1523 787 ἐξήγησιν·
1563 717 1681 771 ἀλλ’
1712 720 1830 771 ἐκεῖ
1855 719 1975 789 μὲν,

399 797 659 854 Ἦλπισε
690 800 1021 871 γέγραπται,
1057 804 1289 860 ἐνταῦθα
1313 807 1390 873 δὲ,
1429 810 1842 880 Εὐλογήσατε,
1888 811 1977 865 διὰ

395 887 495 951 τὰς
518 889 855 960 δηλωθείσας
889 893 1230 965 εὐεργεσίας.
1301 898 1484 951 Εἰπὼν
1530 900 1586 953 δὲ
1616 902 1708 954 τὸν
1737 899 1973 974 Ἀαρὼν,

396 980 700 1052 ἀνέδραμεν
720 985 799 1046 είς
829 986 920 1038 τὸν
955 986 1251 1057 φύλαρχον,
1279 991 1707 1064 καθολικώτερον
1743 994 1834 1047 καὶ
1873 1011 1975 1063 φα-

398 1089 455 1124 νε
466 1070 603 1142 ρώτε
614 1091 706 1143 ρον
730 1075 820 1131 τὸν
848 1075 1008 1146 λόγον
1042 1080 1235 1134 ποιῶν.

465 1252 813 1339 ῌὺλογητὸς
839 1256 1053 1326 Κύριος
1086 1258 1155 1313 ἐκ
1193 1260 1367 1317 Σιὼν.
1413 1261 1645 1336 Εἴρηται
1683 1268 1776 1322 καὶ
1812 1270 1870 1322 ὲν
1898 1268 1974 1339 τῷ

399 1337 520 1406 ρκζν
552 1338 778 1410 ψαλμῷ.

475 1428 543 1483 '0
603 1433 900 1488 κατοικῶν
960 1439 1383 1512 Ἰερουσαλήμ.
1456 1445 1545 1499 Ἐν
1598 1447 1675 1517 τῷ
1726 1448 1840 1520 ναῷ
1874 1452 1972 1521 τῆς

403 1517 786 1595 Ἰερουσαλήμ.

991 1620 1366 1690 “undatim.

915 1707 1210 1765 ΨΑΔΜΟΣ
1255 1715 1340 1767 ΡΛ
1348 1716 1425 1770 E'.

464 1790 572 1845 Kal.
586 1785 741 1885 οὗτος
763 1797 791 1849 ὁ
813 1795 1025 1868 ψαλμδς
1053 1801 1132 1873 τῷ
1165 1805 1274 1877 πρὸ
1302 1807 1469 1862 αὑτοῦ
1493 1811 1756 1881 συνᾴδων,
1777 1815 1966 1885 ὁμοίαν

393 1879 508 1951 ἔχει
545 1882 646 1955 τὴν
679 1887 1019 1961 ἐπιγραφήν.
1602 1879 1612 1881 ἡ
1811 1879 1822 1885 ⁷
1890 1928 1897 1931 τ

462 2066 966 2162 Ἐξομολογεῖσθε
1020 2075 1101 2143 τῷ
1132 2081 1350 2150 Κυρίῳ,
1372 2083 1461 2138 ὅτι
1484 2085 1729 2156 ἀγαθὸς,
1759 2090 1849 2146 ὅτι
1876 2097 1965 2162 εἰς

392 2160 502 2257 τὸν
521 2160 709 2257 aligera
739 2165 808 2219 τὸ
859 2166 1035 2235 ἕλεος
1089 2173 1300 2231 αὑτοῦ.
1376 2176 1766 2249 Εὗχαριστεῖτε
1814 2160 1966 2257 αὐτῷ

393 2251 533 2321 ὐτπὲρ
547 2252 657 2307 τῶν
687 2254 892 2325 ὁμοίων
908 2260 1263 2331 εὐεργεσιῶν.
1299 2265 1700 2340 Ἐρμηνεύεται
1727 2273 1784 2328 δὲ
1809 2251 1964 2341 οὗτοξ

391 2343 629 2438 enixo;
673 2348 771 2438 καὶ
805 2350 865 2402 ιν
922 2355 986 2423 τῇ
1021 2354 1170 2428 ἀρχῇ
1222 2357 1316 2412 τοῦ
1383 2359 1459 2430 ρε⁸
1500 2363 1718 2433 ψαλμοῦ
1766 2369 1966 2438 τρόπον

391 2432 600 2528 ἕτερον,
657 2437 755 2490 καὶ
810 2441 869 2492 ὲν
913 2441 1057 2507 ὅλοις
1099 2445 1157 2498 δὲ
1190 2449 1303 2512 τοῖς
1333 2432 1535 2521 ἐφεξῆς
1564 2432 1770 2525 στίχοις
1801 2432 1968 2528 ακρο-

393 2523 661 2583 τελεύτιον
692 2530 772 2597 τὸ,
822 2533 903 2587 ὅτι
936 2537 1040 2602 Εἰς
1065 2535 1171 2591 τὸν
1217 2539 1405 2595 αἰῶνα
1434 2543 1503 2598 τὸ
1540 2523 1714 2613 me;
1754 2523 1964 2615 αὐτοῦ,

393 2618 529 2688 πρὸς
561 2621 813 2677 ἐπίτασιν
846 2626 942 2679 τοῦ
973 2626 1147 2698 ὕμνου
1177 2631 1270 2686 τοῦ
1303 2633 1548 2689 τοιούτου
1564 2636 1773 2704 ἐλέους,
1805 2638 1838 2708 ἢ
1872 2643 1967 2694 καὶ

393 2708 529 2779 πρὸς
557 2710 842 2784 ἔκπληξιν.

463 2981 959 3056 Ἐξομονιογεῖσθε
977 2988 1058 3056 τῷ
1089 2993 1212 3058 Θεῷ
1245 2994 1364 3050 τῶν
1397 2997 1569 3054 θεῶν.
1608 3000 1729 3056 Τῶν
1760 3001 1967 3072 ψευδω-

391 3073 609 3144 νύμωνδ
631 3077 681 3129 εί
716 3077 826 3151 γὰρ
856 3082 950 3134 καὶ
966 3083 1310 3156 ἠτιμωμένοι
1339 3091 1435 3144 καὶ
1462 3095 1969 3164 προσκεκρουκότες

2085 627 2236 693 fecit,
2283 632 2377 686 ubi
2414 632 2563 700 vide,
2613 653 2737 707 qua:
2765 655 2863 709 per
2892 656 2996 698 nos
3041 643 3098 699 in
3128 646 3474 716 expositione
3503 651 3649 707 dicta

2080 729 2230 777 sunt.
2262 722 2592 796 Quanquam
2626 729 2698 784 ibi
2728 732 3005 803 Propheta
3056 751 3283 806 sperare
3328 739 3524 807 jussit,
3562 743 3652 798 hic

2079 822 2264 869 autem
2335 815 2701 885 benedicere,
2762 832 2987 894 propter
3059 827 3320 895 praedicta
3390 829 3648 887 nimirum

2081 903 2363 961 beneﬁcia.
2410 907 2629 963 Etcum
2679 909 2863 967 Aaron
2892 916 3225 979 meminerit,
3272 917 3534 990 deinceps
3579 923 3647 977 ad

2077 997 2255 1066 ipsius
2286 997 2544 1057 Leviticze
2580 1004 2758 1060 tribus
2794 1007 3097 1078 principem
3156 1011 3526 1080 patriarcbam
3562 1030 3648 1068 re-

2077 1090 2274 1155 currit,
2304 1097 2364 1146 ut
2398 1109 2709 1151 sermonem
2743 1113 2905 1154 suum
2952 1100 3241 1159 clariorem
3293 1104 3567 1174 redderet,
3596 1115 3651 1163 et

2077 1185 2253 1252 magis
2285 1188 2681 1246 universalem.

2146 1275 2311 1333 Vens.
2346 1280 2439 1334 2t.
2480 1281 2791 1338 Benedictus
2826 1284 3079 1342 Dominus
3135 1289 3189 1342 in
3231 1286 3380 1343 Sion.
3432 1288 3646 1345 Dictum

2074 1376 2162 1421 est
2197 1367 2250 1420 in
2285 1368 2495 1438 psalmo
2523 1387 2728 1428 cxxvn.

2146 1458 2252 1522 Qui
2276 1459 2480 1514 habitat
2520 1463 2574 1517 in
2597 1463 2924 1524 Jerusalem.
2966 1466 3080 1526 Hoc
3109 1479 3219 1536 cst,
3254 1471 3309 1528 in
3337 1474 3539 1544 templo
3573 1476 3650 1530 ci-

2075 1549 2261 1605 vitatis
2288 1547 2617 1609 Jerusalem.

2737 1649 2992 1708 Alleluia.

2530 1739 2856 1798 PSALMUS
2927 1741 3191 1800 CXXXV.

2004 1865 2043 1919 Β
2144 1830 2244 1884 Hic
2274 1831 2517 1901 psalmus
2546 1834 2714 1888 multa
2754 1835 3000 1905 proxime
3038 1835 3369 1906 praecedenti
3401 1853 3646 1894 consona

2071 1923 2300 1988 habens,
2331 1924 2568 1981 similem
2600 1926 2765 1982 etiam
2803 1927 3040 1983 sortitus
3081 1937 3166 1985 est
3199 1929 3640 2000 inscriptionem.

2143 2100 2311 2157 Vsus.
2353 2102 2405 2156 l.
2452 2102 2793 2173 Conﬁlemiai
2838 2102 3089 2169 Domino,
3159 2104 3411 2175 quoniam
3460 2103 3647 2168 bonus,

2067 2194 2321 2262 quoniam
2364 2194 2421 2247 in
2461 2195 2715 2250 saxulum
2759 2195 3125 2251 misericordia
3164 2197 3301 2266 ejus.
3351 2194 3572 2251 Gratias
3598 2192 3648 2248 ei

2070 2284 2216 2353 agite
2242 2298 2343 2353 pro
2376 2283 2877 2342 innumerabilibus
2930 2287 3236 2343 beneﬁciis.
3294 2288 3417 2343 Alio
3468 2297 3647 2341 autem

2071 2374 2236 2430 modo
2268 2374 2417 2430 hunc
2462 2375 2798 2431 versiculum
2850 2377 3208 2448 exposuimus
3267 2379 3323 2432 in
3379 2377 3648 2448 principio

2070 2464 2264 2536 psalmi
2310 2480 2397 2522 cv.
2433 2465 2707 2536 Apposuit
2752 2467 2916 2522 etiam
2968 2467 3241 2538 Propheta
3275 2469 3442 2523 verba
3490 2467 3644 2522 haec:

2071 2555 2334 2621 Quoniam
2375 2557 2430 2610 in
2469 2556 2723 2611 sarculum
2772 2557 3144 2611 misericordia
3192 2558 3332 2627 ejus,
3386 2557 3649 2613 omnibus

2070 2645 2544 2714 subsequentibus
2613 2646 2925 2712 versiculis,
2997 2655 3057 2701 ut
3122 2647 3386 2716 majorem
3452 2647 3647 2703 divinae

2069 2734 2452 2802 huiuscemodi
2484 2736 2875 2792 misericordia:
2906 2738 3122 2793 laudem
3155 2752 3281 2794 esse
3311 2739 3645 2793 demonstra-

2071 2835 2177 2890 ret,
2223 2826 2307 2879 vel
2336 2829 2505 2880 etiam
2554 2835 2613 2881 ut
2660 2828 2926 2883 lectorem
2977 2828 3032 2882 in
3082 2828 3529 2895 admirationem,
3586 2844 3646 2886 ac

2071 2925 2354 2983 stuporem
2405 2918 2607 2972 divinae
2638 2918 2945 2987 maiestatis
2977 2918 3297 2974 adduceret.

2148 3006 2313 3061 Vsus.
2348 3007 2404 3062 2.
2446 3007 2786 3077 Conﬁtemiui
2821 3009 2926 3064 Deo
2948 3012 3201 3076 deorum;
3231 3012 3506 3083 quoniam,
3540 3021 3645 3067 etc.

2026 3168 2029 3171 ν
2076 3099 2355 3159 Falsorum
2389 3099 2600 3154 scilicet
2640 3101 2889 3168 deorum,
2925 3103 3009 3159 vel
3043 3103 3269 3159 deorum
3309 3105 3431 3161 falsi
3469 3107 3646 3161 nomi-

387 3168 439 3261 οἱ
478 3259 487 3261 Δ
522 3168 799 3240 δαίμονες,
851 3172 989 3229 ἀλλὰ
1058 3176 1234 3232 δοῦλοι
1304 3180 1401 3236 καὶ
1447 3183 1859 3251 ὑποκύπτοντες
1911 3188 1963 3255 ἐξ

2075 3190 2184 3246 nis.
2212 3188 2435 3246 Illorum
2467 3190 2670 3245 etenim
2700 3190 2866 3247 etiam
2890 3192 3036 3249 Deus
3058 3204 3164 3251 est.
3194 3193 3328 3250 Nam
3353 3196 3454 3252 etsi
3479 3213 3508 3250 a
3538 3196 3649 3253 Deo

391 3259 659 3334 ἀνάγκης.

388 3715 592 3786 κυρίων
616 3732 631 3747 ο
649 3717 715 3773 '0
733 3724 1044 3793 Βασιλεὺς
1070 3726 1182 3797 γὰρ
1218 3729 1337 3785 τῶν
1352 3732 1831 3806 βασιλευόντων,
1867 3742 1965 3795 καί

387 3806 601 3875 Κύριος
625 3806 745 3865 τῶν
767 3817 1189 3882 κυριευόντων.

455 4085 542 4153 Τῷ
593 4090 918 4157 ποιήσαντι
998 4096 1304 4166 θαυμάσια
1365 4102 1606 4171 μεγάλα
1648 4106 1834 4173 μόνῳ.
1889 4109 1962 4162 Τὸ

390 4179 569 4244 Mora)
624 4181 761 4253 πρὸς
814 4185 1220 4259 ἀντιδιαστολὴν
1271 4193 1446 4246 κεῖται
1509 4195 1619 4249 τῶν
1664 4196 1958 4267 δαιμόνων.

382 4267 588 4339 Κύριον
613 4271 723 4343 γὰρ
748 4272 895 4342 λέγει
940 4276 1033 4331 τὸν
1060 4278 1120 4331 ἐν
1144 4280 1294 4350 τρισὶ
1326 4283 1638 4351 προσώποις
1666 4287 1761 4340 ἕνα
1796 4289 1949 4344 Θεόν.

458 4449 544 4516 Τῷ
571 4452 893 4521 ποιήσαντι
943 4458 1084 4527 τοὺς
1111 4464 1413 4531 οὐρανοὺς
1442 4466 1513 4520 ἐν
1561 4468 1833 4526 συνέσει.
1870 4473 1960 4525 Ἐν

2074 3280 2392 3336 inhonorati
2421 3291 2551 3336 sunt
2574 3281 2875 3350 daemones,
2907 3282 3123 3354 ipsique
3158 3287 3265 3341 Deo
3299 3287 3502 3357 pariter
3546 3288 3649 3343 ad-

2070 3378 2383 3435 versentur,
2420 3380 2799 3429 verumtamen
2839 3382 2892 3428 et
2924 3374 3072 3430 illius
3113 3376 3255 3431 servi
3285 3383 3437 3443 sunt,
3465 3387 3520 3432 et
3551 3392 3649 3435 vo-

2069 3462 2267 3517 luntati
2293 3462 2412 3533 eius
2444 3466 2761 3519 necessario
2789 3466 3179 3522 succumbunt.

2139 3551 2305 3608 Vens.
2342 3553 2398 3606 5.
2443 3553 2786 3622 Conﬁtemini
2830 3554 3057 3611 Domino
3093 3559 3453 3625 dominorum,
3499 3574 3646 3629 quo-

1858 3666 1962 3712 τως
2066 3642 2234 3706 uiam,
2264 3649 2372 3696 etc.
2411 3640 2767 3697 Domioorum
2815 3644 2941 3699 dico
2973 3645 3136 3714 hujus
3183 3648 3390 3713 saeculi,
3438 3649 3534 3719 qui
3577 3647 3645 3704 ad

2065 3730 2341 3784 modicum
2391 3737 2608 3800 tempus
2658 3738 2896 3799 tantum,
2947 3741 3002 3788 et
3056 3747 3166 3788 non
3214 3745 3479 3805 perpetuo
3521 3747 3646 3791 sunt

2065 3820 2303 3887 domini;
2335 3828 2501 3891 atque
2538 3822 2660 3878 ideo
2694 3838 2821 3879 vere
2861 3821 3070 3878 domini
3101 3840 3209 3879 non
3243 3834 3394 3891 sunt,
3428 3826 3644 3882 tametsi

2065 3914 2140 3968 ita
2189 3914 2574 3986 appellentur:
2601 3914 2711 3969 Rea:
2756 3915 2924 3983 enim,
2955 3916 3155 3986 inquit.
3198 3918 3556 3989 regnantium,
3596 3926 3646 3971 et

2062 4007 2319 4061 Dominus
2345 4005 2732 4061 dominantium
2760 4007 2826 4065 “.

2134 4097 2303 4156 Vens.
2331 4099 2386 4154 4.
2416 4098 2483 4153 Ei
2505 4101 2595 4169 qui
2629 4101 2754 4169 fecit
2784 4099 3061 4154 mirabilia
3095 4116 3288 4172 magna
3319 4099 3487 4168 solus,
3514 4118 3646 4173 quo-

2065 4193 2232 4257 niam,
2255 4201 2364 4248 etc.
2399 4192 2586 4248 Solum
2622 4191 2782 4257 dixit,
2813 4193 2878 4246 ad
2907 4192 3177 4247 idolorum
3209 4192 3641 4252 distinctionem.

2063 4282 2196 4339 Nam
2228 4284 2435 4356 alioqui
2482 4300 2578 4354 per
2627 4284 2921 4340 Dominum
2956 4300 3081 4340 eum
3131 4284 3406 4357 intelligit,
3441 4286 3536 4358 qui
3585 4287 3643 4343 in

2065 4375 2238 4431 tribus
2269 4376 2519 4447 personis
2549 4391 2692 4432 unus
2726 4378 2871 4432 Deus
2901 4384 3005 4433 est.

2134 4470 2297 4525 Vens.
2328 4470 2382 4524 5.
2416 4468 2485 4522 Ei
2522 4469 2613 4539 qui
2658 4469 2781 4540 fecit
2828 4470 2984 4524 cmlos
3014 4469 3068 4524 in
3105 4468 3475 4541 intelligentia,
3514 4486 3644 4542 quo-

385 4542 552 4637 εεοφία
566 4557 582 4575 ο
608 4552 1031 4618 προσμαρτυρεῖ
1058 4550 1116 4604 δὲ
1131 4552 1210 4624 τῷ
1230 4553 1352 4627 Θιῷ
1372 4555 1460 4610 διὰ
1508 4557 1617 4611 τῶν
1647 4560 1957 4631 εἰρημένων

2066 4563 2233 4632 niam,
2270 4574 2378 4619 etc.
2411 4564 2470 4619 In
2507 4564 2780 4633 sapientia
2809 4565 3091 4620 nimirum.
3127 4563 3234 4622 Per
3260 4565 3517 4637 pmdictu
3549 4580 3646 4622 au-

380 4631 715 4704 ὰγαθότητα,
741 4638 835 4690 καὶ
857 4639 1254 4711 ἐλεημοσύνην,
1273 4644 1368 4698 καὶ
1394 4646 1693 4718 κυριότητα
1712 4648 1956 4716 πάντων,

378 4724 475 4779 καὶ
500 4724 754 4798 δύναμιν,
789 4729 888 4784 καὶ
912 4733 1127 4801 σοφίαν.

454 4907 537 4974 Τῷ
556 4911 953 4979 στερεώσαντι
979 4914 1092 4984 τὴν
1111 4915 1231 4986 γῆν
1243 4918 1342 4972 ἐπὶ
1366 4919 1485 4975 τῶν
1509 4921 1763 4979 ὑδάτων.
1789 4926 1960 4996 Εῐρης

2062 4662 2198 4720 tem,
2245 4668 2517 4709 summam
2574 4655 2684 4710 Deo
2705 4668 2831 4711 esse
2883 4663 3177 4711 attestatur
3224 4654 3544 4723 bonitatem,
3588 4662 3643 4711 ct

2066 4742 2530 4808 misericordiam,
2554 4759 2851 4815 rerumque
2880 4744 3127 4800 omnium
3167 4745 3472 4803 dominium
3515 4762 3640 4805 cum

2065 4849 2279 4891 summa
2318 4836 2561 4906 potentia
2587 4844 2643 4891 et
2671 4837 2939 4907 sapientia
2967 4838 3018 4892 ei
3045 4835 3332 4895 adscribit.

2138 4925 2302 4983 Vsus.
2344 4927 2397 4983 6.
2438 4927 2506 4982 Ei
2550 4929 2643 4997 qui
2692 4928 2948 4985 stabilivit
2994 4940 3191 4987 terram
3243 4948 3399 5003 super
3448 4946 3638 5001 aquas,

377 5014 469 5092 ται
507 5002 612 5092 καὶ,
653 5004 712 5057 ὲν
739 5004 818 5074 τῷ
852 5007 936 5075 κγ’
965 5007 1168 5079 ψαλμῷ
1204 5024 1219 5039 ⁶
1258 5012 1454 5079 Αὐτὸς
1484 5013 1584 5068 ἐπὶ
1616 5018 1954 5072 θαλασσῶν

2065 5023 2329 5089 quoniam,
2363 5031 2472 5077 etc.
2521 5020 2582 5076 ln
2629 5023 2842 5092 psalmo
2888 5039 3024 5078 xxm
3113 5024 3251 5079 dixit
3302 5002 3467 5078 etiam
3507 5020 3641 5076 Pro-

376 5086 773 5158 ἐθεμελίωσεν
810 5095 1026 5163 αὐτήν.
1055 5099 1164 5153 Καὶ
1197 5100 1353 5171 ζήτει
1388 5102 1488 5174 τὴν
1526 5106 1646 5159 εκεῖ
1668 5105 1951 5179 ἐξήγησιν.

456 5274 539 5339 Τῷ
585 5275 904 5343 ποιήσαντι
954 5280 1120 5349 φῶτα
1158 5284 1393 5354 μεγάλα
1417 5288 1604 5356 μόνῳ,
1632 5288 1742 5343 τὸν
1777 5289 1955 5358 ἣλιον

2059 5113 2219 5182 pbeta
2257 5132 2271 5168 :
2307 5112 2430 5182 Ipse
2472 5129 2630 5182 super
2665 5114 2838 5169 maria
2879 5115 3123 5183 fundavit
3160 5128 3299 5167 eam.
3342 5109 3479 5165 Vide
3516 5122 3640 5180 qua!

2055 5204 2169 5260 illic
2192 5205 2336 5260 dicta
2371 5214 2520 5259 sunt.

2134 5296 2295 5353 Vsus.
2330 5297 2449 5354 7-9.
2484 5296 2553 5352 Ei
2601 5298 2692 5369 qui
2734 5299 2854 5369 fecil
2903 5295 3193 5351 luminaria
3237 5309 3433 5365 magna
3463 5294 3634 5355 solus.

298 5400 305 5405 ο
377 5368 462 5461 εἷς
495 5367 791 5461 ᾆξουσίαν
807 5371 917 5441 τῆς
935 5374 1314 5447 ήμέρας,τὴν
1334 5379 1634 5450 σελήνην,
1669 5384 1769 5437 καὶ
1811 5386 1953 5454 τοὺς

2065 5390 2352 5461 quoniam,
2413 5399 2521 5445 etc.
2580 5367 2757 5446 Solem
2810 5392 2865 5444 in
2922 5396 3230 5458 potestatem
3299 5386 3438 5451 diei,
3503 5399 3635 5453 quo-

376 5457 656 5528 ἀστέρας,
687 5466 774 5531 εἰς
821 5464 1117 5530 ἐξουσίαν
1132 5468 1243 5538 τῆς
1277 5475 1521 5537 νυκτός.
1557 5475 1670 5529 Καὶ
1699 5475 1948 5548 ἐποίησε,

377 5551 563 5622 φησὶν.
598 5556 627 5609 ὁ
676 5556 811 5622 Θεὸς
851 5559 980 5623 τοὺς
1009 5559 1104 5614 δύο
1141 5563 1439 5635 φωστῆρας
1467 5565 1598 5627 τοὺς
1638 5566 1911 5636 μεγάλους
1932 5586 1947 5601 ⁸

376 5642 470 5698 τὸν
538 5649 804 5720 φωστῆρα
858 5652 954 5705 τὸν
1023 5652 1197 5723 μέγαν
1237 5656 1319 5719 είς
1364 5655 1541 5727 ἀρχὰς
1589 5658 1688 5730 τῆς
1732 5661 1949 5734 ἡμέρας

448 5828 495 5860 ⁸⁵
522 5827 676 5887 Deut.
723 5846 778 5899 ι,
817 5831 925 5901 l7;
968 5833 1157 5892 lTim.
1182 5851 1260 5903 vr.
1296 5836 1400 5905 l5;
1436 5837 1606 5911 Apoc.
1640 5855 1756 5909 xu,
1790 5840 1876 5897 16.

2063 5485 2229 5551 niam,
2263 5496 2366 5541 etc.
2417 5483 2624 5540 Lunam
2655 5495 2705 5539 et
2761 5484 2944 5538 stellas
2983 5483 3038 5536 in
3082 5487 3395 5552 potestatem
3444 5476 3635 5540 noctis.

2060 5577 2336 5648 quoniam,
2367 5590 2476 5633 etc.
2498 5605 2572 5616 —-
2601 5573 2670 5629 Et
2699 5573 2843 5645 fecit,
2882 5572 3082 5643 inquit,
3108 5569 3249 5625 Deus
3278 5568 3384 5624 duo
3409 5568 3639 5622 lumina-

2060 5668 2144 5722 ria
2177 5685 2407 5740 magna:
2443 5668 2704 5724 luminare
2738 5680 2987 5736 magnum
3031 5665 3085 5720 in
3117 5662 3465 5736 prafecturas
3508 5658 3634 5723 diei,
