4032 6238
420 279 558 344 m3
1631 282 2018 348 EUTHYMII
2067 289 2432 351 ZIGABENI
2499 260 2512 272 ”
3563 299 3741 366 tau

416 394 714 449 deciderint
744 393 812 448 ab
854 393 954 459 eis,
992 399 1053 448 ut
1082 406 1277 448 rursus
1313 393 1378 448 ad
1420 407 1610 448 eorum
1641 394 1978 452 desiderium
2008 445 2016 460 η

2131 417 2209 465 me
2237 399 2348 453 τῶν
2387 399 2724 472 εὐεργεσιῶν
2777 401 2859 468 εἰς
2898 402 3251 479 συναίσθησιν
3281 409 3477 467 αὐτῶν
3535 413 3738 481 ἄγειν

416 494 916 540 commoverentur.
950 483 1061 538 lloc
1114 491 1276 554 pacto
1307 487 1452 540 enim
1508 487 1646 542 solet
1700 489 1868 554 Deus,
1910 489 1975 544 ad

2131 490 2176 542 ιὰ
2205 489 2305 556 τῆς
2321 489 2678 554 ἐκπτώσεως.

416 598 657 646 sensum,
690 589 854 647 atque
895 582 960 634 ad
1007 582 1393 651 cogitationem
1427 599 1523 638 eos
1555 599 1839 651 revocare,
1873 587 1968 656 qui
1996 584 2263 640 beneﬁcia
2315 583 2373 640 in
2425 602 2485 642 se
2517 587 2717 643 collata
2762 593 3123 662 neglexerint,
3165 606 3260 652 aut
3311 614 3425 654 non
3475 614 3730 669 cogno-

415 674 635 727 verint:
673 673 798 735 dum
834 672 955 727 illos
982 673 1238 727 nimirum
1274 691 1302 729 a
1335 676 1614 732 concessis
1663 677 1824 732 donis
1861 679 2123 748 permittit
2161 679 2440 735 decidere.

486 758 652 814 Vsus.
688 761 739 818 2.
765 761 826 814 In
857 762 1107 816 salicibus
1136 765 1188 816 in
1223 765 1393 819 medio
1436 767 1552 836 ejus
1613 768 1980 836 suspendimus

2170 770 2303 824 Ἐπὶ
2334 771 2466 837 ταῖς
2499 772 2684 840 Ιτέαις
2715 775 2785 827 ἐν
2807 773 2978 843 μέσῳ
3029 777 3219 845 αὐτῆς
3257 779 3730 850 ἐκρεμάσαμεν

417 867 618 920 organa
647 861 851 904 nostra.
885 852 943 906 In
985 855 1252 911 salicibus
1287 857 1524 921 scilicet,
1568 874 1693 927 quae
1722 860 1776 912 in
1833 859 1982 914 illius

2131 858 2162 913 Et
2192 860 2419 929 ὄργανα
2450 861 2640 931 ἡμῶν.
2681 863 2804 916 Ἐπὶ
2835 867 2958 928 ταῖς
3001 867 3196 931 ἱτέαις,
3227 872 3348 932 ταῖς
3383 872 3542 924 κατὰ
3603 873 3728 936 τὰς

415 940 659 1010 regionis
696 942 900 1006 medio,
934 959 1093 998 secus
1123 943 1413 1002 ﬂuminum
1441 948 1588 1018 ripas
1615 958 1774 1004 erant
1794 950 1983 1019 dispo-

2131 948 2261 1019 χθας
2302 950 2414 1003 τῶν
2477 950 2772 1022 ποταμῶν,
2813 951 2922 1004 τῶν
2953 954 3011 1006 ὲν
3036 955 3187 1025 μέσῳ
3215 956 3316 1029 τῆς
3347 958 3546 1029 χώρας
3603 962 3726 1030 τῆς

419 1032 562 1108 sitae.
593 1032 698 1087 Per
751 1048 958 1103 organa
1010 1047 1218 1100 autem,
1246 1042 1454 1095 musica
1498 1041 1588 1096 illa
1623 1042 1988 1097 instrumenta

2131 1039 2438 1102 ιαὸυλῶνος.
2500 1043 2752 1112 Ὄργανα
2811 1041 2869 1096 δὲ
2931 1042 3150 1113 λέγουσι
3199 1047 3269 1099 τὰ
3331 1047 3450 1101 τῶν
3509 1049 3724 1120 ᾠδῶν,

417 1123 690 1194 intelligit,
719 1142 840 1181 cum
868 1129 1071 1197 quibus
1097 1145 1294 1186 canere
1316 1132 1568 1187 solebant
1597 1135 1834 1195 cantica,
1869 1134 1987 1188 vel-

2131 1127 2224 1198 ἴον,
2248 1133 2577 1204 ψαλτήριον,
2605 1134 2867 1203 κιθάραν,
2891 1135 2986 1190 καὶ
3006 1135 3074 1189 τὰ
3103 1137 3353 1192 τοιαῦτα.
3407 1140 3534 1192 Καὶ
3594 1141 3728 1208 γὰρ

416 1217 496 1268 uti
572 1219 916 1286 psalterium,
973 1221 1270 1287 citharam,
1329 1233 1424 1278 aut
1489 1225 1593 1278 alia
1654 1224 1986 1294 huiusmodi.

2139 1225 2443 1295 πεφέροντο
2471 1227 2644 1279 ταῦτα
2672 1226 2813 1297 πρὸς
2841 1227 3153 1299 ὑπόμνησιν
3193 1229 3550 1295 Θεοσεϐεεας,
3612 1233 3728 1285 καὶ

414 1308 725 1364 Attulerant
755 1311 904 1367 enim
950 1329 1013 1366 ea
1061 1314 1449 1383 instrumenta,
1507 1317 1575 1371 ad
1624 1317 1991 1374 concinendas

2131 1315 2381 1378 πολιτείας
2406 1315 2986 1386 ὑπομιμνησκόμενοι.
3032 1316 3106 1369 Ἢ
3143 1317 3547 1385 ἁναγωγικῶς,
3613 1319 3726 1371 ἐπὶ

417 1399 637 1456 divinas
678 1403 889 1469 laudes,
927 1421 1115 1461 verum
1155 1423 1278 1462 cum
1333 1423 1393 1463 ea
1448 1409 1502 1463 in
1556 1409 1820 1465 salicibus
1863 1427 1991 1466 sns-

2134 1408 2166 1476 ᾕ
2219 1405 2432 1477 ἀργίᾳο
2505 1405 2596 1458 διὰ
2660 1405 2770 1475 γὰρ
2835 1405 3218 1476 ὁλιγοκάρπων
3276 1407 3375 1461 καὶ
3418 1407 3724 1478 ἀκάρπων

420 1490 739 1561 pendissent
763 1495 980 1550 attoniti
1003 1511 1243 1559 rursum.
1269 1511 1335 1552 ac
1357 1499 1538 1554 mmsti
1561 1513 1621 1553 ea
1645 1499 1990 1569 spectabant,

2131 1495 2263 1550 τεῶν
2292 1499 2354 1550 τὸ
2382 1499 2440 1550 ὲν
2468 1497 2636 1568 ᾠδαῖς
2660 1499 2946 1568 ἄπρακτον
2962 1497 3266 1568 ὲδήλωσεν.’

417 1598 584 1655 atque
620 1590 970 1644 occasionem
1029 1592 1180 1646 illine
1220 1593 1676 1648 lamentationem
1725 1606 1979 1663 magnam
2006 1591 2320 1654 sumebant.
2349 1599 2663 1660 repetentes
2695 1590 2959 1646 memoria
3029 1590 3276 1646 divinum
3342 1591 3591 1657 cultum,
3653 1601 3716 1646 et

419 1684 897 1739 conversationem
935 1684 1080 1738 illam
1111 1687 1274 1744 laude
1305 1689 1548 1759 dignam,
1584 1706 1750 1760 quam
1781 1690 2094 1745 habuerant
2141 1689 2197 1742 in
2233 1687 2392 1743 Sion.
2443 1687 2606 1744 Juxta
2653 1703 2972 1759 anagogen,
3017 1688 3074 1743 in
3119 1687 3386 1744 salicibus
3457 1702 3716 1758 eXpone,

423 1793 523 1850 pro
566 1777 618 1830 in
659 1779 796 1835 otio.
836 1776 940 1834 Per
975 1782 1172 1839 salices
1212 1784 1397 1851 enim,
1459 1799 1582 1856 qum
1657 1784 2016 1841 infructuosae
2091 1784 2320 1840 arbores
2376 1794 2548 1849 sunt,
2606 1785 2981 1840 cessationem
3043 1799 3072 1838 a
3135 1782 3396 1838 cantibus
3467 1782 3710 1853 signiﬁ-

421 1871 592 1926 cavh.
1464 1885 1467 1888 ‘
2065 1885 2076 1889 ‘

495 1965 659 2022 Vens.
687 1969 740 2025 5.
775 1970 913 2037 Quia
944 1971 1055 2026 illic
1082 1973 1546 2048 interrogaverunt
1580 1991 1694 2043 nos,
1717 1975 1806 2045 qui
1837 1973 2004 2043 capti-

2131 2022 2136 2029 ,
2185 1969 2315 2023 Ὀτι
2349 1966 2481 2022 ἐκεῖ
2509 1963 2914 2034 ἐπηρώτησαν
2963 1959 3124 2030 ἡμᾶς
3187 1963 3243 2014 οι
3289 1961 3715 2029 αἰχμαλωτεύ-

427 2070 622 2117 raruut
655 2077 771 2127 nos,
827 2066 982 2119 verba
1029 2069 1376 2135 canticorum,
1416 2079 1467 2122 et
1518 2072 1610 2140 qui
1666 2070 2000 2125 abduxerunt

2131 2076 2330 2126 ναντες
2359 2059 2537 2128 ἡμᾶς,
2573 2059 2796 2126 λόγους
2817 2053 3006 2120 ᾠδῶν,
3036 2051 3135 2106 καὶ
3179 2054 3234 2105 οι
3276 2051 3709 2122 ἀπαγαγόντες

425 2172 544 2220 nos,
585 2155 857 2223 hymnum.
895 2157 1386 2230 lnterrogaverunt
1416 2178 1548 2229 nos,
1598 2172 1660 2218 ιιι
1707 2163 2004 2234 responde-

425 2260 616 2303 remus
653 2248 822 2301 verba
882 2250 1250 2316 canticorum,
1291 2262 1556 2321 praeterea
1590 2265 1644 2308 et
1685 2257 1950 2325 hymnum
1982 2270 2000 2319 ;

429 2341 537 2392 hoc
568 2343 673 2398 est,
703 2336 994 2405 jusserunt
1025 2354 1127 2394 nos
1161 2356 1380 2406 canere,
1417 2343 1704 2413 cupientes
1743 2341 2001 2396 nimirum

432 2435 601 2482 cantu
638 2434 831 2482 nostro
859 2429 1146 2492 delectari,
1180 2432 1264 2486 vel
1310 2434 1474 2487 etiam
1530 2434 1762 2488 irridere
1794 2447 1857 2487 ea
1905 2447 2004 2486 vo-

431 2523 650 2580 lentes,
693 2533 814 2586 (iure
856 2534 959 2573 nos
1001 2522 1184 2574 divina
1224 2537 1288 2577 ac
1328 2524 1634 2578 veneranda
1675 2539 1797 2579 esse
1837 2523 2005 2576 duce-

433 2619 651 2668 hamus.

504 2706 733 2762 Cantate
774 2705 922 2760 nobis
963 2706 1026 2760 de
1067 2708 1291 2762 canticis
1333 2707 1482 2763 Sion.
1540 2707 1804 2763 Dicebant
1858 2707 2009 2762 scili-

434 2808 543 2854 cet.

510 2889 676 2944 Vens.
713 2888 765 2943 4.
801 2889 1077 2956 Quomodo
1117 2891 1452 2946 cantabimus
1480 2893 1744 2947 canticum
1776 2891 2009 2957 Domini,

437 2982 488 3033 in
521 2989 668 3034 terra
705 2981 928 3034 aliena?
964 2981 1366 3050 Respondimus
1395 2984 1614 3039 scilicet
1651 3002 1666 3040 :
1700 2982 2012 3049 Quomodo.

440 3073 686 3141 inquam,
723 3073 1090 3138 cantabimus,
1120 3075 1300 3127 divina
1355 3075 1471 3143 lege
1525 3077 1578 3128 id
1642 3075 2018 3144 prohibente?

447 3163 580 3214 Vide
614 3162 1083 3229 quemadmodum
1139 3164 1428 3230 captivitas
1463 3164 1583 3216 illos
1613 3165 1726 3231 jam
1762 3162 2016 3216 meliores

443 3249 790 3302 reddidisset.
822 3248 954 3302 Nam
980 3265 1101 3302 cum
1134 3251 1186 3302 in
1216 3251 1431 3318 prepria
1463 3251 1681 3306 civitate
1705 3245 2016 3326 ac'regione

446 3340 619 3407 legem
653 3349 840 3394 essent
875 3341 1231 3408 transgressi,
1272 3343 1434 3395 modo
1470 3342 1521 3395 in
1555 3343 1728 3397 aliena
1765 3357 1883 3397 eam
1918 3343 2016 3398 ob-

447 3437 696 3482 servant.
750 3429 855 3484 Per
890 3431 1126 3485 alienam
1177 3433 1338 3486 etiam
1373 3434 1605 3499 terram,
1650 3434 2016 3505 quodcunque

451 3524 746 3576 humanum
785 3537 884 3576 cor
917 3533 1096 3592 potest
1143 3524 1397 3595 intelligi,
1437 3525 1582 3594 quod
1617 3539 1645 3579 a
1675 3526 1827 3580 cultu
1854 3534 2018 3597 atque

451 3631 476 3664 ιι
507 3613 768 3683 religione
803 3613 896 3668 Dei
929 3615 1170 3669 alienum
1209 3616 1301 3670 sit.
1349 3615 1414 3669 Et
1440 3630 1686 3672 consona
1719 3627 1849 3673 sunt
1889 3616 2017 3671 huic

448 3704 598 3758 dicto
647 3704 739 3759 illa
773 3703 983 3759 Domini
1018 3707 1179 3760 verba
1223 3725 1236 3758 :
1281 3707 1462 3761 Nolite
1488 3718 1674 3762 sancta
1697 3710 1826 3763 dare
1869 3712 2018 3764 cani-

448 3795 566 3862 bus,
602 3807 650 3851 et
693 3800 1012 3866 margaritas
1044 3801 1206 3853 nolite
1245 3802 1504 3870 projicere
1542 3813 1663 3856 ante
1701 3818 1883 3871 porcos
1916 3805 1980 3854 ‘7.

521 3887 690 3951 Vsus.
721 3889 773 3944 5.
805 3888 862 3943 Si
885 3891 1077 3942 oblitus
1101 3890 1251 3959 fuero
1286 3894 1384 3955 tui,
1413 3891 1742 3959 Jerusalem,
1773 3895 2022 3947 oblivioni

451 3985 606 4037 detur
636 3985 854 4038 dextera
889 4001 1022 4038 mea.
1062 3984 1176 4039 Hoc
1211 3997 1314 4049 cst,
1352 3987 1617 4058 potentia,
1649 4003 1746 4043 seu
1783 3988 2022 4043 cllicacia

453 4091 596 4129 mea.
639 4075 1007 4145 Paralyticus,
1041 4076 1245 4146 inquit,
1284 4079 1503 4139 reddar.
1539 4080 1618 4133 rel
1661 4089 1876 4134 arescat
1911 4093 2025 4130 ma-

456 4183 559 4222 nus
594 4183 738 4232 mea,
778 4169 849 4221 ita
891 4177 950 4222 ut
986 4169 1037 4222 in
1069 4185 1130 4224 ea
1159 4170 1296 4223 nihil
1327 4170 1566 4239 amplius
1599 4186 1801 4226 sensus
1862 4170 2028 4224 relin-

455 4266 674 4327 quatut‘.

427 4397 430 4401 .
529 4349 692 4406 Vens.
727 4350 780 4404 6.
812 4351 1092 4407 Adhwreat
1117 4354 1295 4422 lingua
1322 4371 1434 4408 mea
1455 4356 1662 4424 gutturi
1689 4372 1821 4418 meo,
1854 4357 1899 4409 si
1925 4371 2027 4408 non

459 4444 744 4497 meminero
767 4444 865 4496 tui.
909 4442 1232 4498 Detineatur
1256 4461 1358 4499 vox
1397 4460 1541 4511 mea,
1568 4456 1734 4516 atque
1761 4448 2031 4517 impedia-

2111 2155 2289 2224 ἡμᾶς,
2346 2152 2584 2218 ,ὕμνοι
2645 2144 3046 2218 Ἐπηρὼτησαν
3113 2143 3261 2214 ἡμᾶς
3324 2140 3708 2210 ἀποκριθῆναι

2112 2249 2336 2320 ῥήματα
2368 2242 2544 2314 ᾠδῶν,
2572 2239 2652 2293 ἔτι
2686 2239 2743 2291 δὲ
2773 2237 2865 2290 καὶ
2892 2235 3098 2306 ὓμνων
3129 2235 3436 2295 τουτέστιν,
3472 2231 3706 2285 lusitse-

2114 2355 2212 2393 σαν
2235 2334 2386 2409 ᾆσαι,
2415 2332 2722 2404 τερφθῆναι
2756 2327 2948 2391 ἁπλῶς
2985 2325 3328 2398 βουλόμενοι,
3357 2323 3391 2392 ἢ
3450 2321 3550 2375 καὶ
3585 2321 3711 2373 δια-

2113 2431 2344 2500 γελᾶσαι
2378 2429 2446 2480 τὰ
2479 2425 2655 2495 σεμνὰ
2681 2421 2860 2494 ἡμῶν.

2189 2709 2412 2775 ’ᾼσατε
2442 2699 2587 2770 ἡμῖν
2609 2699 2676 2752 ἐκ
2709 2695 2826 2750 τῶν
2859 2693 3029 2763 ᾠδῶν
3067 2691 3244 2746 Σιών.
3287 2689 3556 2753 Δέγοντες
3609 2688 3702 2757 δη-

2117 2797 2312 2850 λονότι.

2192 2889 2320 2954 Πῶς
2351 2888 2586 2956 ᾅσομεν
2611 2882 2727 2951 τὴν
2759 2879 2928 2946 ᾠδὴν·
2959 2874 3183 2944 Κυρίου
3213 2871 3314 2926 ἐπὶ
3362 2869 3476 2940 τῆς
3522 2870 3711 2925 ἁλλο-

2121 2985 2320 3053 τρίας;
2373 2976 2787 3046 Ἀπεκρίθημεν
2840 2969 3131 3042 δηλονότι·
3188 2966 3315 3029 Πῶς
3365 2965 3578 3036 ᾄσομεν
3607 2965 3712 3034 τὴν

2122 3077 2302 3148 ᾠδὴν,
2353 3070 2655 3128 κωλύοντος
2711 3066 2861 3135 ἡμᾶς
2916 3059 3014 3114 τοῦ
3073 3058 3284 3127 νόμους
3325 3056 3470 3148 Ὅρα
3504 3145 3515 3148 Δ
3541 3053 3715 3107 πόσον

2122 3145 2450 3221 ἐϐελτίωσεν
2490 3158 2693 3220 αὐτοὺς
2742 3157 2777 3227 ἠ
2825 3149 3198 3223 αἰχμαλωσὶα.
3252 3145 3712 3214 Παραδαὶνοντες

2129 3258 2238 3326 γὰρ
2275 3255 2366 3308 τὸν
2393 3252 2559 3321 νόμον
2609 3249 2703 3301 ἐπὶ
2729 3248 2827 3316 τῆς
2861 3244 3000 3304 ιδίας
3029 3241 3156 3309 γῆς,
3203 3237 3570 3305 φυλάττουσιν
3612 3235 3714 3287 αὒ-

2129 3350 2223 3402 τὺν
2247 3349 2342 3400 ἐπὶ
2371 3349 2470 3413 τῆς
2528 3339 2820 3410 ἀλλοτρίας
2853 3352 2866 3368 ο
2899 3335 2972 3404 γῆ
3011 3333 3068 3385 δὲ
3110 3329 3369 3399 ἀλλοτρία
3417 3327 3512 3379 καὶ
3556 3327 3712 3378 πᾶσα

2123 3441 2321 3512 καρδία
2381 3433 2635 3506 ἀλλοτρία
2701 3427 3057 3489 Θεοσεϐείαςο
3117 3422 3194 3484 ὡς
3256 3419 3562 3512 συμϐαῖνον
3613 3417 3710 3512 tu-

2124 3507 2297 3584 ταῧθα
2351 3527 2412 3581 τὸ
2471 3524 2567 3592 Μὴ
2613 3520 2763 3574 δῶτε
2801 3519 2874 3573 τὰ
2901 3517 3038 3585 ἅγια
3062 3512 3186 3579 τοῖς
3209 3511 3382 3576 κυσὶ,
3408 3507 3567 3577 μηδὲ
3611 3508 3716 3574 ῥί-

2127 3635 2302 3676 πτετε
2361 3618 2504 3686 τοὺς
2545 3613 2912 3686 μαργαρίτας
2963 3605 3131 3675 ὑμῶν
3192 3602 3536 3672 ἔμπροσθεν
3585 3595 3714 3650 τῶν

2127 3717 2366 3786 χοίρων.

2213 3896 2354 3951 Ἐὰν
2414 3885 2786 3956 ἐπιλάθωμαι
2837 3899 2977 3949 σου,
3016 3877 3441 3950 Ἰερουσαλὴμ,
3499 3875 3714 3942 ἐπιλη-

2130 3989 2300 4056 σθείη
2325 3987 2363 4054 ἢ
2390 3983 2558 4049 δεξιὰ
2584 3998 2721 4050 μου.
2783 3979 2850 4031 Ἠ
2889 3973 3116 4045 δύναμίς
3172 3990 3312 4043 μου,
3373 3973 3407 4040 ὴ
3454 3967 3710 4037 ἐνέργειά

2135 4099 2236 4152 μου
2264 4095 2277 4109 °
2311 4077 2556 4130 τουτέστι
2587 4067 2965 4142 παραλυτικὸς
2996 4063 3263 4133 γενοίμην
3296 4079 3311 4093 ·
3409 4056 3705 4152 ξηρανθεεη

2131 4149 2166 4242 ἦ
2203 4167 2352 4233 δεξιὰ
2385 4181 2508 4235 μου,
2543 4164 2616 4224 ὡς
2646 4159 2721 4229 μὴ
2752 4152 3180 4212 ὲπαισθάνεσθαί
3207 4167 3276 4223 με
3300 4149 3492 4218 αὐτῆς.

2207 4307 2538 4411 magnast}.
2572 4343 2611 4409 ἡ
2637 4335 2888 4409 γλῶσσά
2909 4352 3030 4404 μου
3067 4332 3148 4398 τῷ
3163 4329 3569 4400 λάρυττιμου,
3600 4326 3710 4380 ἐὰν

2130 4442 2215 4513 μὴ
2255 4455 2373 4494 σου
2398 4432 2675 4506 μνησθῶ.
2711 4426 3059 4499 Ἐπισχεθεεη
3094 4427 3129 4496 ἠ
3172 4424 3323 4513 φωνή
3362 4437 3494 4491 μου”
3531 4419 3698 4513 ἤγουν

460 4540 549 4585 ιιιι·
579 4551 592 4587 :
627 4535 711 4589 vel
743 4535 921 4590 omnis
951 4551 980 4590 a
1011 4551 1098 4590 me
1135 4536 1495 4606 operationis.
1543 4546 1596 4592 et
1627 4539 1898 4595 sermonis
1926 4554 2016 4609 po-

2131 4509 2495 4603 αφαιρεθεῑην
2525 4527 2618 4579 καὶ
2638 4522 2858 4594 πρᾶξιν,
2895 4520 2991 4573 καὶ
3040 4509 3323 4612 λόγον,
3361 4513 3421 4567 τὸ
3468 4513 3566 4612 μὲν
3610 4511 3710 4612 ’διὰ

463 4623 632 4679 tentia
668 4623 968 4680 auferatur.
1005 4626 1210 4682 llorum
1243 4629 1388 4683 enim
1437 4629 1665 4685 alterum
1701 4646 1798 4699 per
1842 4631 2016 4687 dexte-

2136 4628 2233 4694 τῆς
2262 4622 2463 4687 δεξιᾶς,
2495 4617 2555 4670 τὸ
2583 4616 2640 4670 δὲ
2670 4613 2761 4666 διὰ
2799 4611 2896 4679 τῆς
2927 4608 3182 4678 γλώσσης
3212 4606 3470 4714 ﬁnituros.
3514 4603 3709 4714 ⁹Ταῦτα

461 4727 600 4777 ram,
618 4721 670 4766 ct
688 4715 920 4769 alterum
941 4733 1038 4786 per
1066 4719 1305 4787 linguam
1331 4719 1677 4790 significavit.
1701 4697 1836 4776 illato
1863 4722 2016 4776 etiam

2132 4719 2190 4772 δὲ
2218 4716 2310 4769 καὶ
2344 4713 2502 4782 ἡμεῖς
2521 4708 2814 4777 ὀφείλομεν
2841 4704 3023 4771 λέγειν
3053 4701 3183 4770 περὶ
3204 4699 3304 4800 τῇς
3339 4697 3453 4800 ἄνευ
3492 4697 3712 4800 ,Ἰερου-

460 4820 492 4860 a
515 4805 673 4860 nobis
695 4806 921 4860 dicenda
949 4817 1074 4862 sunt
1105 4811 1171 4864 de
1196 4787 1431 4882 superna
1462 4811 1792 4869 Jerusalem.
1813 4810 1908 4867 Vel
1941 4827 2016 4882 pet

2136 4806 2334 4876 σαλὴμ.
2373 4801 2444 4854 ’Ἡ
2457 4800 2638 4864 δεξιὰν
2665 4795 2762 4866 μὲν
2788 4794 2940 4862 λέγει
2998 4791 3096 4862 τὴν
3126 4789 3329 4858 πρᾶξιν
3361 4788 3459 4882 τῆς
3482 4787 3708 4882 ἀρετῆἑς,

461 4898 742 4952 dexteram
799 4899 1043 4969 quidem,
1106 4878 1281 4972 opera
1324 4905 1540 4960 virtutis
1594 4904 1871 4974 intelligit;
1936 4919 2016 4976 pel

2134 4901 2387 4968 γλῶσσαν
2420 4897 2502 4963 δὲ,
2531 4895 2630 4964 τὴν
2657 4891 2892 4960 θεωρίαν
2923 4888 3020 4958 τῆς
3057 4884 3334 4976 γνῴσεως.
3364 4881 3455 4976 ΔἮ
3487 4879 3584 4976 iter
3603 4878 3712 4976 γὰρ

464 4993 707 5062 linguam
738 5005 890 5053 vero,
944 4993 1190 5049 scientiae
1240 4996 1782 5065 contemplationem.
1820 4995 2016 5066 Lingu:

2137 4991 2356 5062 γλῶσσα
2413 4988 2574 5054 λόγου
2615 4983 2906 5054 σύμϐολον,
2964 4980 2993 5032 ὁ
3042 4978 3100 5031 δὲ
3136 4975 3319 5066 λόγος,
3358 4968 3715 5066 Sarapin-Aan

463 5087 667 5142 ctenim
711 5101 1020 5142 sermonem
1079 5087 1312 5158 profert,
1347 5097 1400 5143 et
1435 5104 1616 5144 sermo
1660 5089 1948 5146 scientiam
1983 5103 2012 5143 e

2144 5057 2420 5150 γνώσεως,
2478 5075 2732 5146 λάρυγγα
2787 5070 2869 5132 δὲ,
2928 5068 2990 5121 τὸ
3027 5065 3157 5136 περὶ
3187 5065 3279 5118 τδν
3301 5060 3498 5158 λαιμὸν
3514 5057 3710 5158 scribae,

465 5180 953 5250 contemplationis
980 5195 1178 5236 sensus
1202 5181 1465 5250 eXplicat.
1503 5181 1605 5236 Per
1629 5191 1821 5252 guttur
1849 5181 2011 5235 etiam

2145 5176 2265 5246 ἦτοι
2315 5171 2414 5242 τὴν
2431 5168 2646 5236 ἡδονήν.
2689 5159 3043 5232 Ἐπιλησθείη
3095 5174 3207 5252 μοι,
3249 5154 3448 5252 σησὶν,
3574 5167 3716 5252 πρα-

466 5274 604 5344 gnlaa
628 5273 853 5329 affectus
893 5274 1192 5345 intelligere
1218 5290 1509 5346 possumus
1546 5276 1648 5328 hoc
1670 5274 2016 5338 est,ciboruu

2148 5241 2309 5332 σιτικὴ
2347 5241 2446 5334 μὲν
2483 5259 2737 5329 ἐνέργεια
2757 5256 2824 5325 τῇ
2849 5253 3018 5324 ἀργίᾳ
3036 5265 3050 5279 ·
3075 5251 3134 5346 Δ’ἢ
3153 5248 3211 5300 δὲ
3245 5243 3557 5346 θεωρητικὴ
3589 5241 3715 5295 κολ-

467 5333 830 5432 voluptatem.
875 5333 1171 5430 Oblivioni,
1206 5333 1408 5434 inquit,
1465 5366 1628 5420 detur
1679 5365 1860 5420 omnis
1922 5378 2016 5416 me:

2149 5333 2357 5427 ληθείηί
2398 5355 2466 5424 τῇ
2523 5350 2684 5422 ἡδονῇ
2744 5346 2852 5400 τῶν
2899 5341 3246 5447 βρωμάτων,
3312 5336 3408 5444 ita!
3463 5333 3715 5401 ἀκίνητος

469 5431 734 5522 operandi
768 5458 1034 5526 potentia.
1066 5470 1229 5528 atque
1252 5431 1355 5512 hoc
1399 5471 1495 5527 per
1532 5456 1705 5527 ipsam
1741 5454 2014 5525 ignaviam

2147 5448 2362 5518 γένοιτο
2391 5443 2526 5539 πρὸς
2552 5442 2649 5539 τὴν
2676 5435 2869 5539 ⁷ἓέδονὴν
2900 5434 3006 5539 τῷν
3029 5431 3208 5539 ΞείιιινΔ
3576 5510 3711 5539 ΑΔ.-.

472 5510 535 5599 Εἰ
561 5546 740 5601 omnis
770 5510 1034 5602 “similiter
1085 5510 1492 5619 cdntemplaitdi
1546 5510 2034 5611 ivirtus,uciliorum
2077 5539 2352 5594 adhaereat
2383 5530 2669 5602 voluptati,
2697 5528 2770 5582 ita
2795 5535 2854 5580 ut
2899 5525 2967 5579 ad
3014 5522 3217 5580 divina:
3262 5517 3506 5576 solantia:
3575 5510 3687 5567 dele

471 5644 792 5706 stationem,
822 5644 890 5697 de
939 5653 1138 5700 caetero
1165 5646 1461 5702 immobilis
1500 5645 1614 5709 fiat,
1647 5653 1702 5701 et
1735 5643 1787 5698 in
1815 5658 1877 5697 ea
1919 5639 2156 5711 amplius
2181 5650 2286 5690 non
2326 5637 2593 5730 versetur.

544 5741 587 5770 ⁸⁷
622 5738 812 5791 Matth.
857 5751 950 5801 γη,
988 5737 1039 5791 ϐ.
