4102 6206
228 300 366 367 1245

1363 306 1751 374 COMMENT.
1794 311 1871 371 ΙΝ
1910 315 2264 375 PSALMOS.

3340 315 3362 382 1
3375 319 3485 388 246

305 415 442 470 Ἐὰν
459 417 544 508 ,μὴ
581 421 1081 491 προανατᾶεωμαι
1113 420 1229 489 τὴν
1270 421 1693 495 Ἰερουσαλὴμ,
1722 428 1802 493 ώς

1979 432 2038 487 Si
2070 451 2173 489 non
2206 451 2533 504 proposuero
2560 438 2732 508 ipsam
2761 434 3089 499 Jerusalem,
3132 435 3186 489 in
3227 438 3491 508 principio

219 506 294 561 ἐν
338 506 500 577 ἀρχῇ
556 508 663 576 τῆς
718 512 1108 581 εὐφροσύνης
1147 528 1290 581 μου.
1338 514 1478 567 Τάδε
1536 517 1629 569 καὶ
1679 518 1804 571 τάδε

224 598 478 670 πάθοιμι,
513 599 608 654 ὲάν
640 603 716 673 μὴ
739 606 846 675 πρὸ
878 603 987 658 τῶν
1016 604 1191 659 ἄλλων
1231 606 1488 679 ἀπάντων
1521 609 1805 677 ἀνατάξω-

226 708 324 761 μαι
351 693 412 745 ὲν
440 694 504 762 τῇ
534 695 726 769 μνήμῃ
761 713 864 767 μου
888 695 988 767 τὴν
1019 694 1401 768 Ἰερουσαλὴμ,
1446 699 1521 763 ὡς
1576 702 1634 753 ἐν
1657 702 1801 772 ἀρχῇ

223 780 392 835 οὖσαν
445 783 544 852 τῆς
593 783 712 848 οἵας
734 786 935 855 δήποτε
968 786 1311 858 εὐφροσύνης
1338 804 1477 859 μου·
1527 790 1601 852 ὡς
1630 794 1803 859 κεφά-

219 873 372 926 λαιον
403 875 581 946 χαρᾶς
610 892 735 947 μου,
773 876 849 940 ὡς
874 877 1100 951 πρώτην
1129 877 1344 951 ἡδονήν.

295 1090 630 1159 Μνήσθητι,
661 1095 857 1164 Κύριε,
887 1092 1005 1150 τῶν
1031 1096 1181 1152 υἱῶν
1206 1098 1416 1169 Ἐδὼμ,
1443 1100 1560 1166 τὴν
1576 1101 1807 1170 ἡμέραν

233 1180 656 1251 Ἰερουσαλὴμ,
685 1184 806 1240 τῶν
840 1188 1164 1256 λεγόντοιν,
1209 1189 1589 1256 Ἐκκενοῦτε,
1637 1195 1806 1249 ἐκκε-

221 1274 423 1337 route,
474 1276 587 1341 ἕως
638 1275 757 1331 τῶν
805 1280 1096 1347 θεμελίων
1131 1280 1343 1350 αὐτῆς.
1411 1276 1574 1349 Ῡιοὺς
1621 1285 1803 1357 Ἐδὼμ

224 1363 323 1427 μὲν
351 1363 497 1432 λέγει
528 1366 653 1428 τοῦς
682 1367 990 1437 ’Δραϐίους,
1030 1369 1082 1423 οἳ
1130 1372 1518 1443 συνεμάχησαν
1544 1378 1658 1439 τοῖς
1692 1378 1801 1429 Ba—

178 1496 184 1501 .
219 1454 499 1518 ϐυὶωνίοις
552 1460 693 1511 κατά
720 1460 819 1528 τῆς
849 1460 1237 1534 Ἰερουσαλὴμ,
1272 1466 1369 1516 καὶ
1416 1483 1797 1521 κατασκαπτο-

222 1545 413 1614 μένη.-,
444 1547 675 1615 ἦπειγον
710 1549 937 1615 τούτους
969 1554 1382 1607 κατασκάπτειν
1420 1558 1514 1609 καὶ
1560 1558 1704 1614 αὑτά
1734 1560 1804 1612 τὰ

218 1633 467 1703 θεμέλια.
493 1637 802 1708 Μνήσθητι,
852 1643 1040 1711 φησὶν,
1064 1643 1267 1711 αὐτῶν,
1308 1647 1391 1710 εἰς
1422 1648 1799 1705 ἀνταπόδοσιν.

214 1729 302 1783 ὅτι
326 1730 513 1785 δίκαια
552 1735 870 1802 συγγενείας
909 1736 1149 1805 ἔχοντες,
1195 1739 1445 1806 ἐγένοντο
1490 1742 1804 1813 πικρότεροι

213 1822 327 1875 τῶν
354 1824 649 1892 πολεμίων,
669 1826 760 1880 διὰ
786 1828 878 1882 τὸν
913 1831 1129 1897 φθόνον.
1173 1831 1359 1884 Εἰπὼν
1384 1832 1440 1886 δὲ
1459 1833 1606 1896 ἦΤῶν
1656 1835 1802 1889 vltor

227 1913 442 1983 Ἐδὼμ,
482 1918 789 1988 προσέθηκε
830 1919 948 1987 Τὴν
976 1922 1205 1990 ἡμέραν
1237 1925 1657 1995 Ἰερουσαλὴμ,
1703 1929 1803 1996 τὴν

213 2004 434 2076 ἡμέραν
467 2007 570 2077 τῆς
627 2013 918 2080 συμφορᾶς
963 2011 1359 2085 Ἰερουσαλήμ·
1423 2018 1530 2070 ἀπὸ
1576 2017 1803 2087 γενικῆς

210 2093 277 2148 δὲ
319 2097 398 2160 εἰς
450 2100 760 2171 αἰτιατικὴν
790 2102 1097 2174 ἀδιαφόρως
1153 2106 1518 2175 μεταϐέϐηκε.
1573 2110 1642 2161 Ἦ
1693 2109 1804 2165 τῶν

210 2187 355 2241 υἱῶν
391 2188 591 2259 Ἐδὼμ,
620 2192 730 2244 τῶν
759 2193 902 2247 κατὰ
929 2195 1028 2264 τὴν
1057 2196 1344 2264 συμφορὰν
1372 2196 1469 2265 τῆς
1497 2196 1731 2261 πόλεως.

1915 525 2119 583 ιιειὶιίιιι
2150 544 2299 584 mete.
2335 527 2483 592 Haec,
2516 528 2720 600 inquit,
2758 536 2925 596 atque
2957 526 3046 581 illa
3077 526 3272 593 patiar,
3299 531 3343 582 si
3371 546 3485 599 pra:

1911 619 2127 673 exteris
2153 619 2412 676 omnibus
2443 621 2496 675 in
2526 635 2646 675 mea
2669 618 2954 682 memoria,
2977 618 3149 686 ipsam
3178 615 3481 675 Jerusalem

1911 722 2020 762 non
2052 709 2421 776 collocavero,
2456 723 2719 782 tanquam
2750 710 2925 776 illam,
2959 723 3084 779 qua:
3127 710 3268 763 inter
3295 724 3488 765 omnes

1911 800 2244 870 voluptates,
2272 818 2338 858 ac
2392 802 2790 859 delectationes
2820 814 2995 864 meas,
3032 800 3271 869 primum
3305 801 3487 856 locum

1911 891 2185 958 obtineat,
2217 901 2274 949 et
2300 893 2483 950 omnis
2528 909 2663 950 mea:
2718 892 2943 956 laetltiaz,
2973 904 3037 946 ac
3068 889 3254 960 gaudii
3299 893 3493 961 praeci-

1908 1001 2077 1054 puum
2111 987 2183 1042 sit
2220 996 2408 1059 caput.

1977 1120 2145 1178 Vens.
2185 1122 2234 1176 7.
2285 1123 2564 1186 Memento,
2607 1122 3101 1192 Domine,ﬁliorum
3127 1120 3313 1188 Edam,
3351 1121 3492 1176 diem

1904 1209 2229 1276 Jerusalem,
2278 1214 2564 1267 dicentium
2587 1228 2607 1269 :
2638 1211 2932 1278 Eracuate,
2966 1222 3212 1268 evacuate
3235 1227 3395 1282 usque
3422 1212 3499 1265 ad

1906 1303 2257 1373 fundamenta
2286 1303 2420 1374 ejus.
2451 1303 2620 1361 Filios
2651 1305 2823 1361 Edom
2851 1305 3058 1361 Arabes
3080 1304 3317 1374 appellat
3345 1320 3359 1357 :
3392 1304 3484 1372 qui

1908 1408 2013 1447 una
2049 1409 2174 1449 cum
2206 1395 2522 1466 Babyloniis
2549 1404 2924 1466 pugnaverant
2958 1396 3221 1450 adversus
3245 1393 3488 1459 Judzeos.

1907 1493 1963 1538 et
1994 1482 2296 1556 Jerusalem
2340 1502 2354 1539 :
2389 1487 2481 1556 qui
2537 1486 2702 1540 etiam
2733 1501 2859 1539 cum
2892 1500 2955 1539 ea
2990 1485 3182 1540 civitas
3212 1495 3489 1539 evertere-

1908 1584 2021 1640 tur,
2054 1576 2202 1645 ipsos
2239 1577 2505 1647 urgebant
2539 1592 2844 1641 eversores,
2880 1587 2939 1632 ut
2974 1591 3147 1646 usque
3192 1575 3258 1629 ad
3293 1575 3493 1630 funda-

1908 1672 2089 1719 menta
2122 1677 2450 1723 everterent.
2483 1666 2775 1730 Memento,
2807 1666 3009 1735 inquit,
3046 1680 3235 1719 eorum
3265 1673 3323 1718 ut
3357 1680 3493 1719 ceu.

1910 1751 2074 1818 digna
2110 1767 2300 1806 eorum
2345 1755 2559 1810 meritis
2603 1755 2877 1809 relribuas
2915 1754 3206 1824 supplicia,
3240 1768 3306 1807 eo
3345 1752 3491 1821 quod

1909 1842 2126 1909 cognati
2166 1843 2338 1897 nostri
2378 1854 2558 1908 erant,
2609 1856 2662 1899 et
2704 1845 3061 1899 nihilominus
3094 1844 3164 1898 ob
3205 1843 3490 1902 invidiam,

1909 1934 2122 1987 caeteris
2156 1934 2412 1989 omnibus
2441 1936 2682 1991 inimicis
2714 1936 2991 2001 saeviores,
3023 1936 3076 1989 in
3111 1949 3211 1990 uos
3248 1933 3489 1989 fuerunt.

1907 2021 1970 2073 Et
1993 2036 2114 2075 cum
2134 2024 2335 2077 dixerit
2357 2043 2368 2077 :
2393 2021 2661 2079 Foliorum
2691 2024 2883 2087 Edam,
2904 2022 3111 2079 addidit
3132 2046 3142 2077 :
3165 2022 3317 2076 Diem
3336 2021 3497 2075 Jeru-

1909 2112 2074 2166 salem
2105 2128 2124 2166 :
2160 2116 2260 2169 hoc
2298 2127 2403 2177 est,
2439 2117 2581 2170 diem
2621 2115 3012 2187 Hierosolyma
3053 2115 3411 2169 calamitatis.
3448 2116 3490 2167 A

1910 2203 2157 2259 secundo
2188 2215 2370 2261 autem
2403 2222 2532 2262 casu
2574 2207 2950 2262 indiderenter
2984 2207 3051 2261 ad
3082 2215 3335 2276 quartum
3370 2220 3495 2275 per-

208 2281 438 2336 transit.
492 2282 587 2338 Vel
630 2285 789 2339 aliter
821 2304 834 2340 :
871 2286 1140 2343 Memento
1175 2288 1410 2344 ﬁliorum
1464 2289 1656 2355 Edom,
1706 2291 1799 2361 qui
1842 2291 2066 2349 fuerunt
2100 2298 2153 2351 in
2187 2299 2276 2353 die
2306 2300 2636 2356 calamitatis
2663 2299 2988 2357 Jerusalem.
3059 2298 3268 2371 (Potest
3339 2299 3488 2351 enim

211 2378 450 2440 uterque
497 2388 694 2429 sensus
743 2375 865 2429 elici
914 2392 981 2430 ex
1029 2376 1112 2433 his
1169 2379 1384 2444 verbis;
1420 2381 1549 2449 quia
1598 2382 1803 2437 Graecae
1841 2386 2072 2440 orationi
2157 2386 2211 2442 in
2260 2401 2459 2459 quarto
2503 2405 2638 2446 casu
2714 2390 3051 2459 subintelligi
3103 2395 3284 2460 potest
3321 2384 3494 2441 dictio

209 2467 385 2522 κατά.
432 2468 511 2524 lta
540 2470 684 2526 enim
714 2488 1088 2543 saepenumero
1123 2474 1470 2545 intelligitur.
1499 2485 1554 2531 et
1601 2492 1803 2535 sensus
1840 2480 2079 2538 efﬁcitur
2132 2500 2294 2555 quem
2325 2485 2605 2543 diximus:
2635 2486 2693 2542 In
2724 2486 2811 2542 die
2836 2485 3162 2550 Jerusalem,
3227 2483 3328 2537 hoc
3386 2487 3494 2535 est.

212 2567 275 2621 in
319 2564 406 2620 die
440 2565 809 2641 Herosolyma:
842 2572 1223 2643 calamitatis.)

295 2699 564 2769 Θυγάτηρ
627 2701 985 2770 Βαϐυλῶνος
1037 2707 1076 2774 ἠ
1133 2706 1528 2777 ταλαίπωρος.
1592 2711 1806 2784 ’Ὠσπερ

216 2792 336 2845 υεδν
366 2792 654 2862 ἀνθρώπου
683 2796 774 2848 τὸν
802 2795 1089 2867 ἄνθρωπον
1117 2799 1346 2869 σύνηθες
1376 2802 1655 2873 Ἑϐραίοις
1693 2806 1807 2859 ὀνο-

223 2885 440 2954 μάζειν,
489 2885 632 2940 οὕτω
668 2888 763 2939 καὶ
823 2888 1099 2960 θυγατέρα
1126 2891 1446 2958 Βαϐυλῶνος
1483 2895 1583 2966 τὴν
1625 2896 1803 2948 Βαϐυ-

128 2967 134 2973 ’
217 2975 388 3030 λῶνα.
423 2976 487 3030 Ὢ
512 2978 544 3048 ἡ
570 2977 816 3048 θυγάτηρ
832 2979 1149 3043 Βαϐυλῶνος
1178 2983 1212 3051 ή
1239 2983 1604 3056 ταλαίπωρος*
1639 2984 1684 3039 ὣ
1709 2987 1810 3039 Βα-

219 3063 401 3120 ϐυλὼν
428 3066 587 3119 ἀθλία
636 3067 818 3129 διὰ,τά
849 3070 1244 3140 συμϐησόμενά
1269 3089 1351 3124 σοι
1383 3075 1552 3129 δεινά.
1626 3078 1807 3147 Προα-

218 3156 437 3226 γορεύει
461 3158 517 3211 δὲ
541 3159 633 3212 καὶ
662 3160 867 3233 ταύτης
894 3165 985 3217 τὸν
1015 3164 1260 3236 ὄλεθρον.

291 3290 590 3360 Μακάριος
627 3294 694 3360 ὃς
736 3296 1147 3353 ἀνταποδώσει
1173 3316 1275 3355 σοι
1317 3301 1387 3355 τὸ
1415 3302 1804 3373 ἀνταπόδομά

215 3397 362 3446 σου,
388 3382 419 3435 ὃ
442 3384 871 3453 ἁντιιπέδωκας
899 3389 1063 3459 ἡμῖν.
1091 3390 1274 3444 Ταῦτα
1295 3393 1513 3462 ῥήματα
1535 3393 1629 3447 τοῦ
1644 3393 1799 3460 λαοῦ,

194 3475 432 3544 ’σφόδρα
476 3475 833 3547 γλισχομένου
872 3481 968 3551 τῆς
997 3484 1379 3552 καταστροφῆς
1422 3484 1533 3539 τῶν
1569 3488 1800 3557 ιἐχθρῶν⁸

233 3565 647 3637 Ἀνταπόόομα
672 3568 727 3622 δὲ
754 3568 787 3623 ὃ
840 3571 1270 3637 ἀνταπέδωκας
1316 3574 1483 3641 ἡμῖν,
1539 3575 1660 3628 ἀντὶ
1706 3574 1803 3627 τοῦ

226 3654 354 3724 Τὴν
407 3658 839 3729 ἀνταπόδοσιν,
880 3660 999 3732 ἦτοι
1065 3663 1334 3729 κάκωσιν,
1396 3665 1463 3735 ἣν
1519 3664 1806 3729 ἀπέδωκας

223 3749 380 3815 ἡμῖν·
398 3749 659 3820 περιττῆς
686 3750 945 3822 κειμένης
969 3752 1070 3824 τῆς
1095 3753 1408 3825 προθέσεως
1431 3756 1561 3827 περὶ
1578 3755 1806 3824 τούτων,

220 3840 301 3903 ώς
337 3841 433 3895 καὶ
465 3843 522 3896 ὲν
558 3843 744 3907 ἀλλοις
773 3845 1107 3916 εἰρήκαμεν.

296 3973 602 4043 Μακάριος
632 3974 702 4043 ὃς
729 3977 1036 4047 κρατήσει.
1090 3980 1190 4036 καὶ
1236 3982 1470 4054 ἐδαφιεῖ
1508 3986 1579 4040 τὰ
1624 3987 1810 4055 νήπιά

220 4081 344 4118 σου
377 4065 528 4132 πρὸς
551 4066 667 4135 τὴν
702 4069 947 4139 πέτραν.
998 4072 1180 4146 Μέχρι
1233 4076 1333 4145 τῆς
1368 4077 1550 4150 ἀώρου
1588 4080 1810 4150 ,ἡλικίας

222 4156 560 4211 ἐκτείνουσιν
609 4161 707 4231 τὴν
756 4163 950 4235 ὀργὴν,
1003 4165 1399 4238 μακαρίζοντες
1430 4170 1522 4223 τὸν
1552 4172 1645 4224 καὶ
1701 4176 1812 4237 τοῖς

226 4251 446 4316 νηπόις
503 4252 689 4317 αὐτοῖς
717 4254 1104 4328 ἀπανθρώπως
1135 4259 1230 4312 καὶ
1276 4260 1447 4331 ὠμῶς
1509 4263 1810 4333 χρώμενον.

240 4338 385 4392 Ἀλλ’
414 4342 474 4394 οὐ
506 4343 573 4396 τά
601 4345 847 4418 ἡμέτερα
875 4348 1102 4403 τοιαῦτα
1128 4350 1236 4404 τῶν
1266 4353 1443 4422 πράου
1504 4356 1599 4408 καὶ
1629 4355 1814 4424 φιλαν-

225 4429 452 4541 θρώπου
487 4434 696 4541 Κυρέου
732 4438 989 4541 μαθῆτῶν
1031 4440 1126 4494 καὶ
1157 4442 1379 4515 ἀγαπᾷν
1415 4444 1651 4514 μάλιστα
1687 4448 1810 4510 τοὺς
1844 4486 1888 4541 D

225 4520 483 4592 ἐχθροὺς,
537 4523 634 4577 καὶ
698 4526 980 4596 περιέπειν
1036 4530 1235 4594 αὐτοὺς
1291 4531 1625 4596 κελεύοντος.
1670 4533 1812 4588 Ἀλλ’

227 4614 498 4667 ἀνακτέον
547 4614 648 4687 ἤδη
696 4618 790 4671 καὶ
822 4619 924 4673 ὅσα
953 4619 1047 4673 τοῦ
1079 4621 1298 4693 ψαλμοῦ
1350 4625 1808 4696 εὐμεταχείριστα

227 4707 372 4777 πρὸς
435 4708 752 4781 ἀναγωγήν.
824 4711 989 4775 Υἱοὺς
1040 4711 1219 4782 Ἐδὼμ
1249 4714 1464 4785 νοήσεις
1512 4719 1640 4780 τοὺς
1686 4717 1804 4770 δαι-

230 4815 427 4867 μονας,
459 4800 918 4868 ὲγκελευομένους
945 4802 1198 4873 ἀλλήλοις
1233 4805 1489 4860 ἐκκενοῦν
1513 4808 1604 4861 τὸν
1643 4809 1810 4863 πλοῦ-

228 4911 328 4947 τον
354 4896 455 4964 τῆς
481 4897 659 4969 ψυχῆς
716 4896 821 4960 ἕως
847 4898 1078 4968 ἐσχάτου
1109 4914 1124 4928 ·
1157 4897 1360 4969 ταύτην
1389 4901 1498 4971 γὰρ
1537 4901 1811 4972 Ἰερουσα-

229 4984 349 5056 λὴμ
380 4988 610 5056 ἡγητέον
636 5004 652 5019 ·
707 4989 964 5044 Βαϐυλὼν
995 4989 1052 5043 δὲ
1097 4988 1443 5062 ταλαίπωρος
1483 4993 1516 5062 ἠ
1568 4992 1809 5059 ἀσέϐεια,

230 5073 273 5138 ἡ
303 5071 773 5142 ταλαιπωρήσασα
801 5074 1390 5145 καταδυναστευσάσης
1438 5074 1538 5144 ἤδη
1569 5077 1669 5145 τῆς
1720 5076 1814 5128 εὐ-

229 5161 476 5229 σεϐείας,
502 5162 570 5234 ὴν
597 5165 626 5218 ὁ
656 5163 898 5219 καθελὼν
924 5166 1194 5237 μακάριος
1212 5183 1227 5197 ·
1262 5166 1433 5238 νήπια
1463 5165 1521 5219 δὲ
1544 5167 1735 5236 αὐτῆς,
1762 5166 1813 5220 οε

224 5252 618 5325 ἀρτιγέννητοι
649 5256 920 5324 ἐμπαθεῖς
947 5257 1232 5329 λογισμοί*
1285 5258 1383 5311 καὶ
1414 5257 1462 5310 ol
1494 5257 1809 5327 νηπιώδεις,

227 5347 332 5399 καὶ
358 5346 597 5418 ἀνόητοι.
631 5341 707 5402 ὧν
756 5351 785 5403 ὁ
814 5350 1107 5420 κυριεύων,
1138 5351 1232 5405 καὶ
1263 5350 1669 5421 προσαράσσων
1723 5350 1818 5403 αὖ·

228 5436 364 5498 τοὺς
387 5440 452 5510 τῇ
486 5440 660 5513 πέτρᾳ
685 5442 784 5512 τῆς
806 5442 1043 5506 πίστεως
1065 5443 1120 5514 (ἡ
1151 5442 1210 5496 δὲ
1239 5442 1413 5512 πέτρα
1438 5437 1528 5513 ἦν,
1576 5441 1762 5512 φησὶν,
1786 5440 1815 5494 ὀ

231 5527 497 5598 Χριστὸς)
525 5532 621 5585 καὶ
648 5531 793 5586 οὓτω
821 5532 1153 5605 διαφθείρων
1185 5535 1472 5604 μακάριος.

1983 2712 2147 2770 Vens.
2192 2715 2247 2770 8.
2285 2715 2434 2769 Filia
2465 2713 2749 2784 Babylonis
2776 2714 2990 2766 misera.
3017 2708 3495 2776 Quemadmodum

1913 2805 2160 2862 Hebraeis
2191 2822 2311 2863 mos
2344 2816 2449 2871 est,
2476 2793 2665 2860 ﬁlium’
2681 2803 2941 2866 hominis,
2990 2802 3268 2856 hominem
3301 2800 3492 2870 appei-

1913 2899 2052 2960 lare,
2090 2896 2163 2951 ita
2217 2905 2273 2952 et
2306 2897 2471 2950 filiam
2508 2894 2826 2965 Babylonis,
2860 2893 3130 2961 PrOpheta
3180 2890 3355 2960 ipsam
3391 2888 3495 2944 8a-

1911 2985 2164 3056 bylonem
2188 2986 2425 3056 appellat
2447 2984 2526 3039 :0
2550 2984 2682 3049 illia,
2709 2982 2907 3053 inquit,
2929 2979 3224 3051 Babylonis
3251 2979 3490 3037 misera:

1911 3075 1984 3129 oh
2010 3090 2069 3130 ea
2108 3075 2367 3130 nimirum
2401 3092 2522 3143 ηυδε
2554 3076 2651 3131 tibi
2686 3074 3028 3144 contingent.
3063 3069 3315 3137 Praedicit
3343 3069 3489 3125 enim

1833 3137 1876 3193 θ
1911 3164 2153 3221 futuram
2183 3167 2334 3221 illius
2362 3168 2605 3223 civitatis
2633 3167 2873 3222 ruinam.
2943 3174 2950 3181 ·

1981 3299 2179 3356 Beatus
2204 3303 2293 3372 qui
2321 3302 2568 3357 retribuet
2599 3303 2694 3355 tibi
2717 3302 3111 3356 retributionem
3139 3310 3307 3365 tuam,
3334 3295 3492 3368 quam

1912 3391 2209 3447 retribuiin
2232 3395 2403 3449 nobis.
2433 3392 2604 3448 Verba
2636 3395 2752 3447 [me
2777 3409 2841 3447 ex
2869 3406 3104 3463 persona
3128 3389 3314 3460 populi
3345 3390 3492 3445 dicta

1913 3493 2063 3548 sunt,
2106 3484 2455 3539 inimicorum
2488 3484 2829 3538 eversionem
2885 3482 3213 3553 appetentis.
3247 3480 3494 3536 Retribu-

1913 3574 2105 3627 tionem
2132 3589 2260 3627 vero
2288 3589 2448 3641 quam
2482 3572 2803 3632 retribuisli,
2837 3571 2998 3637 dixit,
3030 3585 3126 3639 pro
3160 3571 3492 3641 aﬂliclionem

1913 3680 2072 3736 quam
2105 3663 2300 3718 dedisti
2328 3679 2348 3717 :
2375 3663 2451 3717 ita
2479 3670 2538 3717 ut
2563 3662 2977 3732 praepositiones
3017 3662 3124 3715 illae
3162 3661 3264 3717 hoc
3288 3661 3343 3715 in
3371 3662 3496 3716 loco

1916 3755 2206 3829 superﬂuat
2243 3755 2374 3821 sint,
2409 3752 2871 3826 quemadmodum
2909 3760 2962 3807 et
2993 3751 3126 3806 alibi
3158 3749 3420 3805 diximus.

1987 3972 2155 4029 Vens.
2204 3973 2258 4029 9.
2289 3971 2509 4038 Beatus,
2536 3974 2626 4044 qui
2672 3972 2885 4037 tenebit,
2917 3982 2967 4026 et
3022 3970 3207 4025 allidet
3246 3965 3496 4038 parvulos

1918 4075 2035 4122 tuos
2065 4066 2132 4120 ad
2165 4075 2385 4135 petram.
2417 4062 2556 4119 lram
2593 4080 2749 4119 suam
2781 4063 3017 4133 populus
3049 4064 3116 4115 ad
3152 4064 3495 4114 immaturam

1918 4156 2087 4210 etiam
2117 4163 2330 4209 aetatem
2367 4153 2638 4217 extendit,
2673 4154 2863 4208 beatos
2892 4165 2989 4205 eos
3018 4135 3228 4210 dicens.
3280 4145 3371 4217 qui
3412 4146 3497 4198 vcl

1919 4246 2070 4316 ipsos
2119 4244 2539 4316 Babyloniorum
2575 4243 2833 4308 infantes,
2863 4256 2988 4296 cum
3022 4239 3228 4295 saevitia
3258 4236 3498 4293 crudeli-

1920 4343 2005 4390 ter
2030 4335 2352 4390 occiderint.
2377 4333 2580 4390 Verum
2610 4347 2719 4386 non
2742 4328 3127 4401 hujuscemodi
3156 4336 3285 4385 sunt
3309 4335 3497 4384 nostra

1924 4424 2162 4483 ﬁdelium
2188 4435 2334 4489 vota.
2364 4424 2459 4494 qui
2482 4424 2734 4495 discipuli
2772 4437 2966 4479 sumus
2992 4421 3265 4477 mitissimi
3300 4435 3364 4490 ac
3393 4420 3499 4473 mi-

1917 4515 2215 4574 sericordis
2258 4515 2497 4583 Domini,
2545 4517 2639 4587 qui
2670 4518 2754 4572 vel
2772 4520 2921 4584 ipsos
2949 4514 3112 4570 etiam
3138 4512 3387 4568 inimicos
3410 4511 3496 4566 di-

1919 4606 2009 4676 ligi
2033 4604 2200 4674 jussit
2228 4610 2284 4660 et
2314 4619 2507 4659 eorum
2537 4621 2724 4661 curam
2763 4605 2976 4671 haberi,
3007 4605 3103 4660 sed
3134 4602 3201 4657 ad
3233 4602 3497 4673 auagogi-

1916 4714 2042 4756 eum
2077 4712 2301 4755 sensum
2335 4696 2643 4753 reducenda
2676 4707 2824 4758 sunt,
2860 4711 3188 4765 quacunque
3227 4703 3373 4750 recte
3405 4709 3500 4749 ac-

1917 4790 2254 4848 commodari
2280 4797 2535 4861 possunt.
2567 4789 2671 4844 Per
2703 4789 2844 4844 filios
2872 4788 3036 4857 igitur
3070 4786 3266 4851 Edom,
3295 4788 3500 4841 dmmo-

1919 4901 2019 4941 nes
2045 4884 2307 4955 intellige,
2340 4885 2434 4955 qui
2466 4895 2657 4939 mutuo
2710 4899 2852 4943 sese.
2909 4881 3086 4936 fidelis
3116 4883 3497 4949 cujuscunque

1920 4979 2116 5034 animat
2153 4978 2398 5043 divitias,
2435 4980 2500 5032 ad
2529 4987 2831 5033 extremum
2867 4993 3044 5046 usque
3078 4976 3492 5030 fundamentum

1916 5086 2180 5128 evacuare
2197 5071 2411 5142 jubent.
2437 5071 2538 5126 Per
2557 5071 2857 5125 Jerusalem
2883 5072 3110 5131 etenim,
3137 5082 3495 5136 tutamquam-

1915 5181 2020 5235 quc
2048 5164 2429 5236 hujuscemodi
2477 5166 2687 5221 fidelem
2735 5166 2978 5220 animam
3028 5162 3385 5232 intelligimus
3417 5160 3497 5216 si-

1916 5255 2184 5326 gniﬁcari.
2239 5256 2345 5311 Per
2395 5256 2649 5312 miseram
2704 5271 2832 5311 vero
2886 5255 3263 5324 Babylonem,
3316 5250 3492 5319 ipsam

1917 5347 2251 5416 impietatem
2285 5347 2507 5419 miseria
2554 5359 2718 5418 atque
2772 5344 3037 5401 mrumnis
3068 5339 3490 5405 circumdatam,

1917 5439 2084 5494 veluti
2120 5454 2149 5494 a
2181 5440 2386 5509 pietate
2414 5450 2749 5510 superatam,
2782 5452 2846 5492 ac
2877 5436 3098 5491 demota
3148 5446 3493 5504 oppressam.

1918 5533 2070 5586 Hanc
2086 5534 2287 5587 etenim
2308 5532 2638 5602 impietatem
2657 5530 2908 5600 quisquis
2925 5526 3278 5594 destruxerit,
3296 5525 3493 5580 beatus

233 5618 365 5672 erit.
384 5617 487 5675 Per
507 5624 762 5692 parvulos
795 5624 962 5679 etiam
1002 5626 1141 5694 ejus,
1183 5625 1544 5695 cogitationes
1595 5624 1887 5681 all‘ectuum
1929 5622 2116 5692 plenas
2192 5637 2256 5676 sc
2306 5639 2479 5693 nuper
2517 5629 2734 5677 exortas
2791 5618 3027 5687 intellige
3074 5634 3089 5671 :
3137 5615 3217 5671 vel
3256 5614 3492 5686 pueriles

230 5713 403 5772 etiam
439 5730 503 5771 ac
554 5716 751 5785 fatuas,
791 5734 927 5790 quas
970 5721 1062 5787 qui
1114 5720 1392 5789 opprimit,
1436 5729 1492 5777 et
1516 5721 1693 5779 allidit
1735 5720 1802 5777 ad
1843 5720 2025 5786 fidem,
2067 5718 2168 5774 hoc
2218 5726 2302 5773 est
2351 5719 2419 5773 ad
2473 5717 2773 5783 Christum,

2866 5711 3257 5769 beatitudinem
3346 5710 3489 5765 hanc
