4102 6206
561 261 694 327 1251

1786 251 2165 313 EUI‘HYMII
2209 249 2571 311 ZIGABENI

3673 244 3825 306 12ῗὲ

557 389 661 443 gne
691 387 753 426 ac
785 370 1031 426 studiose
1080 365 1291 435 respice
1321 363 1386 418 ad
1424 378 1543 425 nos,
1589 377 1658 415 ne
1701 362 1973 431 despicias
2022 376 2122 415 nos

2241 361 2517 429 ιπίϐλεψον
2542 360 2627 428 ἐφ’
2677 358 2821 429 ἡμᾶς
2892 354 3120 425 εὐμενὲς
3156 353 3248 405 xui
3294 352 3683 422 κηδεμονικὸν,
3725 360 3826 405 καὶ

557 463 696 516 (Iura
725 472 1018 530 oppressos
1045 455 1356 528 tyrannide.
1412 469 1474 507 ac
1529 453 1754 523 jamjam
1822 454 2119 521 perituros.

567 554 657 609 Vel
693 572 706 607 :
742 552 862 608 Non
906 551 1177 621 despicias
1229 563 1327 605 nos
1358 558 1609 617 rogantes
1658 556 1819 616 atque
1870 547 2126 600 invocan-

554 655 640 701 ιρε
671 654 746 699 te.

1046 734 1291 788 Psalmus
1319 733 1421 801 ipsi
1463 731 1651 783 David.

988 825 1313 881 PSALMUS
1352 821 1693 878 CXXXVIII.

629 920 800 978 Vens.
836 922 885 976 1.
923 921 1164 983 Domine,
1212 914 1449 985 probasti
1481 931 1582 977 me,
1619 922 1667 966 et
1711 908 1996 980 cognovisti
2026 923 2123 961 nte.

558 1014 813 1069 Probasti
843 1028 954 1075 me,
987 1011 1189 1079 inquit,
1227 1008 1617 1070 tentationum,
1654 1012 1817 1073 atque
1846 1000 2128 1057 calamita-

555 1115 675 1161 tum
711 1104 1051 1172 probatione.
1081 1099 1194 1154 Nec
1226 1110 1402 1153 tamen
1430 1098 1532 1151 hoc
1566 1096 1700 1149 dicit
1721 1095 1911 1148 beatus
1939 1091 2125 1154 David,

558 1198 717 1268 quasi
738 1208 866 1252 ante
896 1197 1044 1250 hanc
1079 1192 1465 1264 probationem
1495 1190 1639 1244 Deus
1673 1204 1795 1243 eum
1824 1187 2119 1254 ignoraret.

558 1288 719 1343 Novit
747 1289 949 1343 etenim
983 1289 1129 1341 Deus
1148 1285 1357 1346 omnia,
1380 1282 1547 1336 etiam
1568 1288 1863 1347 antequam
1896 1278 2029 1331 ﬁant
2057 1278 2123 1329 ⁷⁸.

562 1379 670 1434 Sed
720 1379 989 1448 probasti,
1039 1376 1241 1446 inquit,
1286 1382 1345 1427 ut
1387 1372 1455 1426 ab
1486 1371 1555 1425 iis
1592 1372 1687 1441 qui
1722 1385 1807 1423 me
1839 1369 2130 1438 probatum

556 1480 681 1522 esse
713 1466 1058 1535 ignorabant,
1099 1476 1483 1533 cognoscerer,
1513 1467 1677 1529 atque
1712 1467 1771 1512 ut
1804 1459 2126 1513 exsisterent

561 1559 644 1613 eis
698 1559 754 1612 in
788 1538 1481 1627 exemplum'l‘ortitudinis
1536 1568 1551 1606 :
1600 1561 1654 1606 et
1696 1551 1996 1621 cognovisti
2044 1566 2128 1605 me

558 1648 926 1711 exactissime,
948 1646 1125 1714 qualis
1144 1660 1285 1699 sum.
1314 1642 1409 1698 Vel
1431 1641 1689 1709 probasti,
1714 1652 1765 1696 et
1800 1641 2126 1712 Coguovisti,

2230 452 2305 523 μὴ
2340 453 2573 524 παρίδῃς
2612 454 3103 523 τυραννουμένους,
3147 450 3242 505 xui
3285 445 3706 516 ἀπολλυμένους
3737 462 3753 477 ·
3791 447 3822 514 ἦ

2228 541 2320 594 xui
2350 541 2660 611 δεομένους,
2682 542 2776 594 xui
2808 541 3270 610 ἐπικαλουμένους
3300 557 3379 593 σε.

2706 722 2951 789 Ψαλμὸς
3003 720 3083 785 τῷ
3127 720 3325 773 Δαϐίδ.

2759 811 3054 865 ΨΑΛΜΟΣ
3091 811 3273 864 ΡΛΗ’.

2301 906 2498 974 Κύριε,
2546 902 2914 972 ἐδοκίμασάς
2942 919 3039 971 με,
3071 902 3170 955 καὶ
3223 900 3413 970 ἔγνως
3458 918 3555 970 με.
3602 901 3819 955 Ἐδοκί-

2234 998 2409 1068 μασάς
2474 1014 2540 1067 με
2576 996 2651 1065 τῷ
2696 994 2926 1065 δοκιμίῳ
2984 994 3093 1046 τῶν
3146 994 3509 1063 πειρασμῶν,
3576 994 3678 1063 οὐχ
3734 996 3814 1057 ὡς

2232 1089 2438 1155 ἀγνοῶν
2483 1106 2548 1158 με
2602 1087 2705 1160 πρὸ
2758 1089 2976 1157 πείρας·
3009 1086 3130 1148 πῶς
3171 1088 3301 1158 γὰρ.
3359 1089 3387 1139 ὁ
3417 1087 3593 1140 πάντα
3645 1089 3807 1149 εἰδὼς

2232 1182 2360 1251 πρὶν
2395 1180 2660 1249 γενέσεως
2684 1179 2892 1242 αὑτῶνς
2920 1179 3035 1232 ἀλλ’
3060 1179 3147 1231 ἶνα
3176 1178 3407 1246 γνωσθῶ
3434 1181 3543 1242 τοῖς
3574 1177 3808 1247 ἁγνοοῦε

2233 1274 2285 1326 σί
2310 1291 2375 1342 με
2406 1272 2645 1342 δόκιμος,
2676 1273 2769 1325 xui
2798 1272 3044 1341 γένωμαι
3077 1269 3288 1333 τούτοις
3332 1273 3629 1341 καρτερίας
3673 1271 3807 1323 ὑπό-

2229 1366 2451 1434 δειγμα·
2484 1363 2581 1417 xui
2630 1364 2798 1432 ἔγνως
2845 1381 2911 1434 με
2944 1363 3079 1433 πρὸς
3124 1362 3437 1432 ἀκρίϐειαν,
3498 1356 3610 1424 οἷός
3646 1363 3763 1429 εἰμι
3790 1378 3805 1391 ·

2232 1456 2290 1525 ἢν
2330 1454 2745 1523 Ἐδοκίμασαςν
2797 1455 2891 1506 καὶ
2946 1452 3174 1523 Ἔγνως
3225 1471 3322 1522 με,
3377 1454 3500 1507 ἀντὶ
3534 1453 3807 1519 Ἀκριόῶς

2232 1542 2400 1610 οἶδάς
2431 1562 2529 1613 με.
2559 1546 2668 1599 Καὶ
2690 1547 2719 1599 ὀ
2762 1544 3086 1608 ’Δπόστολος
3134 1546 3267 1618 γὰρ,
3294 1546 3470 1614 λέγων
3501 1546 3583 1599 ὅτι
3610 1547 3810 1616 ἐρευνᾷ

2234 1640 2329 1701 τὰς
2354 1639 2604 1711 καρδίας,
2638 1641 2736 1693 οὐκ
2761 1640 2985 1707 ἄγνοιαν
3038 1639 3299 1709 ἐμφαίνει
3344 1639 3455 1712 πρὸ
3494 1643 3591 1711 τῆς
3649 1639 3810 1708 ἐρεύ-

560 1754 660 1809 pro
729 1737 1025 1806 Diligenter
1074 1736 1233 1790 nosti.
1282 1734 1412 1789 Nam
1459 1744 1511 1789 et
1562 1733 1855 1804 Apostolus
1909 1732 2136 1796 dicens,

2242 1749 2358 1802 νης,
2384 1732 2497 1784 ἀλλ’
2523 1733 2727 1803 ἀκριϐῆ
2755 1733 2975 1802 γνῶσιν,
3014 1734 3109 1786 xui
3133 1737 3302 1804 σαφῆ.

556 1835 705 1907 quod
736 1834 873 1887 Deus
924 1843 1197 1887 scrutatur
1235 1834 1397 1887 corda
1431 1834 1498 1896 ⁷⁷,
1535 1848 1641 1886 non
1675 1830 1985 1900 signiﬁcare
2037 1830 2211 1883 voluit
2274 1830 2441 1885 Deum
2506 1830 2787 1900 ignorasse
2848 1829 3166 1899 aliquando,
3239 1840 3533 1900 antequam
3592 1839 3813 1887 scruta-

559 1937 735 1988 retur,
772 1923 867 1977 sed
894 1925 1241 1977 exactissime
1265 1936 1427 1993 atque
1451 1924 1797 1993 apertissime
1833 1923 1982 1976 illum
2010 1922 2189 1975 omnia
2222 1937 2405 1977 nosse.

633 2021 795 2074 Vens.
819 2019 871 2072 2.
914 2018 994 2071 Tu
1022 2020 1309 2087 cognovisti
1335 2020 1639 2073 cathedram
1668 2034 1859 2081 nteant,
1879 2030 1926 2072 et
1951 2030 2137 2071 surre-

559 2114 781 2168 ctionem
818 2126 1005 2165 meam.
1039 2110 1153 2164 Hoc
1177 2122 1281 2175 eSt,
1305 2110 1469 2165 vitam
1506 2125 1677 2163 meam
1704 2125 2035 2164 universam.
2080 2108 2135 2162 In

564 2204 653 2259 bis
679 2204 880 2258 etenim
902 2202 1139 2257 humana
1169 2203 1275 2256 vita
1305 2200 1580 2267 consistit,
1602 2202 1654 2255 in
1674 2202 1854 2270 quiete
1876 2200 2133 2255 nimirum

562 2295 811 2364 atquein
849 2300 1028 2358 motu,
1060 2294 1117 2347 in
1160 2294 1271 2350 otio
1305 2302 1470 2364 atqtte
1498 2293 1553 2348 in
1588 2294 1825 2362 negotio,
1860 2293 1913 2347 in
1947 2294 2134 2362 requie

565 2393 616 2441 et
650 2388 703 2439 in
734 2386 1071 2456 operatione.

638 2475 796 2531 Vens.
829 2479 883 2530 5.
912 2475 989 2529 Tu
1019 2477 1327 2530 intellexisti
1351 2477 1693 2544 cogitationes
1715 2490 1855 2528 meas
1876 2473 1940 2526 de
1964 2473 2133 2541 longe.

565 2563 644 2618 Ne
677 2564 802 2631 quis
843 2564 1077 2617 fortasse
1117 2564 1281 2616 Deum
1315 2567 1697 2631 suspicaretur
1730 2578 1824 2631 per
1852 2561 2136 2630 experien-

568 2658 694 2709 tiam
726 2670 788 2707 ac
818 2653 1191 2723 probationem
1226 2653 1502 2707 hominum
1534 2655 1747 2709 animos
1780 2667 2133 2723 cognoscere,

568 2760 881 2800 scrmoneut
912 2761 1070 2800 suum
1096 2745 1405 2815 castigavit.
1440 2744 1572 2799 Nam
1608 2748 1699 2815 qui
1743 2745 2011 2798 humanas
2040 2757 2136 2796 co-

568 2837 859 2907 gitationes
886 2836 1054 2901 novit,
1090 2845 1217 2889 ante
1247 2851 1433 2890 earum
1460 2848 1705 2903 motum;
1740 2839 1847 2890 imo
1883 2849 2011 2889 vero
2042 2833 2135 2902 qui

570 2928 737 2981 multo
769 2936 1016 2996 tempore
1055 2936 1212 2981 antea
1262 2942 1355 2981 eas
1408 2927 1673 2995 prawidit.
1710 2927 1853 2979 nulla
1888 2923 2135 2993 proiecto

568 3021 941 3087 experientia,
1005 3028 1101 3073 aut
1183 3019 1504 3088 probatione
1562 3019 1807 3087 indigere
1868 3012 2213 3084 putandusc

567 3118 671 3164 CSl.

641 3200 895 3254 Sentitam
935 3216 1125 3265 meam,
1168 3209 1217 3253 et
1249 3200 1543 3267 funiculum
1586 3217 1755 3254 meum
1790 3204 2126 3275 inrestigasti.

569 3292 795 3346 Omnem
814 3293 938 3344 vitae
960 3305 1092 3343 mea:
1118 3289 1408 3352 rationem,
1440 3306 1503 3343 ac
1531 3293 1773 3357 modum,
1801 3303 1857 3347 ιιι
1888 3312 2140 3364 perscru-

576 3390 723 3433 tatus
768 3394 851 3442 es,
887 3387 1153 3448 quantum
1190 3379 1399 3433 scilicet
1451 3381 1573 3434 vita:
1604 3390 1815 3452 tempus
1844 3401 2141 3454 praecesse-

574 3472 665 3535 rit,
697 3479 750 3525 et
783 3478 1049 3541 quantum
1092 3471 1163 3524 sit
1192 3471 1485 3538 reliquum.
1536 3471 1705 3528 Funis
1755 3485 1935 3530 autem
1998 3479 2138 3544 apud

573 3561 859 3634 Egyptios
892 3572 1054 3634 atque
1086 3563 1228 3633 apud
1261 3563 1457 3618 Persas
1494 3564 1707 3620 itineris
1741 3582 1998 3623 mensura
2031 3579 2137 3633 est,

570 3660 626 3707 et
660 3653 798 3707 idem
836 3652 966 3717 fere,
993 3652 1137 3721 quod
1169 3651 1311 3722 apud
1344 3669 1441 3707 nos
1465 3654 1659 3707 dicitur
1690 3656 1945 3709 stadium.
1967 3656 2138 3711 Verba

575 3751 757 3798 autem
802 3742 1054 3800 Probasti
1086 3750 1138 3799 et
1193 3744 1561 3815 Investigasti,
1600 3744 1653 3798 in
1706 3745 1817 3801 Deo
1850 3764 2030 3803 veram
2087 3759 2142 3805 et

571 3844 775 3891 certam
802 3835 1109 3903 scientiam,
1143 3844 1198 3892 et
1218 3838 1585 3907 cognitionem
1626 3839 1901 3895 denotant.

650 3925 809 3981 Vsus.
844 3927 899 3981 4.
935 3926 1003 3981 Ει
1031 3944 1207 3983 omnes
1239 3929 1348 3983 vias
1375 3944 1515 3983 meas
1543 3931 1856 3997 prwvidisti.
1887 3932 2144 3988 Actiones

580 4032 729 4072 meas
758 4033 970 4083 omnes,
998 4020 1168 4074 bonas
1199 4029 1253 4075 et
1277 4020 1463 4076 malas.
1498 4019 1562 4075 Et
1590 4037 1696 4076 non
1734 4021 1891 4088 dixit,
1920 4021 2145 4087 Vidisti,

573 4110 669 4164 sed
699 4110 1034 4177 Praevidisti,
1071 4121 1361 4183 antequam
1392 4112 1600 4168 scilicet
1628 4114 1837 4169 fierent.

647 4286 799 4351 Quod
854 4303 959 4342 non
989 4297 1067 4343 est
1098 4288 1252 4343 dolus
1281 4289 1347 4357 Lin
1396 4289 1578 4359 lingua
1606 4305 1744 4345 mea.
1792 4288 1907 4346 Hoc
1930 4306 2146 4363 quoque

2244 2016 2249 2020 ’
2307 2016 2391 2070 Σὺ
2423 2017 2610 2085 ἔγνως
2640 2018 2753 2084 τὴν
2798 2017 3095 2086 καθέδραν
3130 2037 3268 2087 μου,
3302 2023 3398 2073 καὶ
3428 2019 3543 2087 τὴν
3569 2020 3807 2091 ἔτερσίν

2229 2125 2367 2175 μου.
2429 2109 2711 2173 Τουτέστι,
2769 2109 2860 2162 τὸν
2920 2110 3033 2179 βίον
3096 2111 3315 2180 μου’ὲν
3387 2112 3598 2177 τούτοις
3653 2113 3807 2184 γὰρό

2234 2199 2369 2269 βίος,
2394 2201 2452 2253 ὲν
2472 2201 2705 2272 ἠρεμίᾳ,
2743 2202 2837 2255 xui
2859 2203 3094 2273 κινήσει,
3113 2203 3170 2256 ὲν
3208 2200 3396 2273 σχολῇ.
3438 2204 3535 2257 xui
3560 2206 3803 2275 ἀσχολίᾳ,

2230 2296 2287 2346 ἐν
2348 2294 2549 2363 ἡσυχίᾳ
2594 2294 2686 2346 καὶ
2714 2294 2986 2364 ἐνεργείᾳ.

2302 2465 2383 2517 Σὺ
2418 2466 2693 2533 συνῆκας
2722 2466 2861 2533 τοὺς
2931 2467 3361 2538 διαλογισμούς
3415 2489 3526 2535 μου
3550 2471 3669 2524 ἀπὸ
3689 2488 3812 2538 μα-

2236 2557 2469 2620 κρόθεν.
2530 2556 2645 2609 Ἵνα
2672 2558 2745 2628 μή
2780 2575 2863 2621 τις
2918 2559 3177 2612 ὑπολάϐοι
3238 2561 3395 2612 αὐτὸν
3438 2562 3814 2631 δοκιμάζοντα

2237 2648 2546 2713 γινώσκειν,
2587 2647 2919 2718 ἐθεράπευσε
3009 2650 3098 2702 τὸν
3163 2649 3343 2718 λόγον.
3394 2652 3450 2703 '0
3488 2652 3623 2721 -γὰρ
3683 2654 3813 2715 τοὶς

2239 2737 2622 2807 διαλογισμοὺς
2674 2738 2851 2804 εἰδὼς,
2892 2743 2985 2794 xui
3010 2742 3229 2803 τούτους
3256 2743 3362 2811 πρὸ
3392 2742 3484 2795 τοῦ
3522 2744 3811 2812 κινηθῆναι

2244 2830 2457 2895 αὐτοὺς,
2526 2831 2726 2899 μᾶλλον
2768 2832 2825 2885 δὲ
2880 2834 2983 2903 πρὸ
3033 2832 3230 2886 πολλοῦ
3298 2835 3519 2905 χρόνον,
3579 2836 3696 2897 πῶς
3749 2834 3815 2887 ἂν

2242 2922 2457 2992 δεηθείη
2503 2924 2827 2992 δοκιμασίας
2852 2942 2865 2987 ;

2318 3178 2436 3248 Τὴν
2465 3181 2665 3248 τρίϐον
2690 3199 2809 3251 μου
2838 3182 2936 3237 καὶ
2981 3185 3095 3251 τὴν
3149 3185 3405 3254 σχοίνων
3433 3203 3554 3255 μου
3582 3187 3669 3239 σὺ
3702 3186 3818 3250 etEt.

2247 3273 2529 3340 χνίασας.
2557 3274 2668 3344 Τὴν
2694 3274 2810 3327 ὁδὸν
2827 3274 2920 3328 τοῦ
2943 3275 3056 3345 βίου
3070 3294 3170 3346 μου
3193 3280 3395 3343 πᾶσαν,
3421 3280 3588 3333 καὶτὸ
3616 3282 3816 3351 μέτρον

2242 3364 2434 3433 αὐτῆς,
2463 3366 2587 3419 ὅσον
2631 3366 2732 3436 μὲν
2787 3368 3017 3437 προέϐη,
3051 3370 3175 3421 ὅσον
3206 3369 3262 3423 δὲ
3293 3370 3563 3435 λείπεται,
3599 3372 3665 3423 σὺ
3690 3372 3815 3423 λίαν

2243 3458 2552 3511 ἐπίστασαι.
2586 3459 2803 3528 Σχοῖνος
2833 3459 2935 3531 γὰρ
2958 3460 3290 3530 μέτροςὸδοῦ
3320 3462 3454 3531 παρ’
3491 3464 3811 3530 Αἰγυπτίοις

2246 3551 2341 3603 xui
2370 3551 2633 3620 Πέρσαις.
2702 3552 2768 3604 Ὀ
2818 3552 2927 3623 γάρ
2970 3553 3087 3605 ἐστι
3144 3553 3275 3621 παρ’
3320 3556 3449 3623 ἡμῖν
3486 3555 3547 3605 τὸ
3580 3556 3815 3616 στάδιον,

2244 3640 2400 3693 τοῦτο
2428 3640 2558 3712 παρ’
2612 3642 2865 3706 ἐκείνοις,
2908 3642 3201 3712 ἡσχοῖνος.
3247 3642 3318 3694 Τὸ
3362 3642 3420 3694 δὲ
3457 3642 3818 3710 Ἐδοκίμασας

2248 3734 2340 3786 καὶ
2365 3735 2672 3805 ἐξιχνίασας
2707 3734 2799 3788 ἐπὶ
2826 3733 2963 3788 Θεοῦ
3001 3736 3101 3805 τὴν
3140 3734 3354 3805 ἀσφαλῆ
3384 3734 3587 3803 γνῶσιν
3627 3737 3818 3806 ingui-

2245 3843 2417 3882 νουσι,

2318 3916 2427 3970 Καὶ
2457 3916 2657 3982 πάσας
2685 3916 2789 3983 τὰς
2819 3917 2998 3984 ὁδούς
3032 3936 3151 3986 μου
3183 3919 3476 3988 προεῖδες.
3504 3920 3692 3982 uasa;
3723 3919 3817 3981 τὰς

2248 4009 2474 4079 πράξεις
2523 4028 2649 4080 μου,
2704 4012 2803 4074 τὰς
2872 4012 3078 4078 ἀγαθὰς
3145 4013 3240 4066 xui
3289 4014 3385 4075 τὰς
3411 4014 3809 4083 πονηράς.οὺκ

2248 4099 2406 4154 εἶπεν
2440 4103 2524 4155 ὅτι
2556 4099 2750 4168 Εἶδες,
2780 4104 2896 4157 ἀλλ’
2916 4105 2997 4156 ὅτι
3024 4104 3300 4172 Προεῖδες
3318 4106 3423 4176 πρὸ
3448 4104 3539 4157 τοῦ
3562 4106 3814 4173 γενέσθαι

2247 4196 2435 4256 αὑτάς.

2325 4287 2449 4339 Ὅτι
2481 4287 2593 4340 οὐκ
2634 4285 2768 4341 ἔστι
2795 4285 2976 4353 δόλος
3004 4289 3074 4341 ὲν
3100 4291 3351 4359 γλώσσῃ
3398 4306 3541 4358 μου.
3605 4290 3814 4358 Ἐγνως

574 4379 739 4433 simul
775 4393 899 4433 cum
947 4379 1161 4434 creteris
1203 4357 1649 4436 omnibus-bene
1674 4383 1818 4438 nosti
1845 4421 1860 4444 ,
1902 4357 2137 4453 quod'in

2253 4378 2346 4431 xui
2372 4377 2550 4441 τοῦτο,
2615 4377 2754 4447 μετὰ
2794 4378 2901 4431 τῶν
2936 4379 3131 4443 ἄλλων,
3152 4380 3235 4433 ὅτι
3254 4381 3355 4433 ούκ
3397 4381 3511 4434 ἔστι
3544 4383 3713 4435 κακία
3757 4384 3815 4434 ὲν

576 4470 926 4525 sermonibus
970 4471 1105 4525 meis
1144 4471 1354 4526 nullum
1385 4471 1573 4526 vitium
1605 4481 1688 4527 est
1709 4514 1725 4538 ,
1756 4474 1904 4527 nulla
1933 4489 2154 4544 perver-

576 4562 746 4627 sitas,
798 4563 1009 4617 nullum
1050 4563 1253 4618 scelus.
1296 4562 1501 4619 Deinde
1547 4564 1720 4635 magis
1770 4565 2154 4623 universaliter

573 4650 727 4705 dicit:

652 4741 811 4795 Vens.
840 4742 892 4795 5.
926 4740 1059 4795 Ecce
1090 4751 1178 4808 tu,
1214 4742 1469 4808 Domine,
1502 4745 1783 4815 cognovisti
1807 4744 2019 4811 omnia,
2061 4760 2155 4798 no-

577 4830 823 4894 tissima,
871 4837 921 4882 et
970 4830 1206 4900 antiqua.
1267 4829 1467 4886 Ultima
1512 4839 1566 4885 et
1628 4832 1830 4902 prima,
1877 4832 1977 4887 hoc
2011 4841 2095 4888 est
2127 4872 2143 4899 ,

574 4921 755 4974 omnia
790 4936 1052 4990 prorsus:
1092 4930 1145 4977 et
1179 4922 1311 4975 nihil
1344 4922 1712 4992 cognitionem
1752 4931 1899 4978 tuam
1934 4924 2144 4994 eﬂugit.

574 5012 723 5069 Νοειί
756 5014 960 5077 omnia,
992 5027 1111 5081 qua:
1143 5011 1324 5066 futura
1352 5022 1499 5076 sunt,
1531 5022 1584 5068 et
1615 5028 1735 5083 qua:
1764 4996 2002 5071 inerunt.

648 5192 726 5246 Tu
765 5194 1013 5262 formasti
1075 5212 1183 5260 me,
1231 5208 1278 5251 et
1330 5198 1554 5263 posuisti
1603 5214 1757 5268 super
1798 5215 1876 5252 me
1933 5214 2143 5250 manum

578 5294 744 5338 tuam.
792 5286 910 5341 Non
944 5289 1121 5342 solum
1157 5288 1405 5344 formasti
1434 5329 1448 5355 ,
1484 5290 1579 5343 sed
1615 5306 1909 5345 conservas
1937 5292 2098 5344 etiam
2122 5327 2141 5354 ,

575 5388 629 5430 et
664 5380 831 5435 tueris
856 5418 870 5444 ,
901 5383 974 5434 ita
1012 5390 1070 5435 ut
1124 5382 1357 5437 alterum
1406 5382 1624 5451 quidem
1671 5382 1737 5433 ad
1772 5382 2101 5438 creationem
2128 5421 2143 5448 ,

577 5466 805 5523 alterum
838 5485 966 5525 vero
1002 5472 1066 5524 ad
1097 5474 1487 5541 providentiam
1522 5471 1805 5539 pertineat.

656 5648 701 5681 “
731 5649 865 5704 Dan.
907 5666 1024 5717 χιιι,
1065 5652 1157 5709 ιε.
1231 5654 1276 5687 ⁷⁷
1312 5651 1468 5706 Rom.
1500 5667 1619 5719 vut,
1652 5652 1741 5705 27.

2252 4472 2364 4531 τοῖς
2401 4469 2579 4535 λόγοις
2616 4487 2741 4538 μου,
2774 4470 2874 4524 ούκ
2912 4471 3025 4523 ἔστι
3069 4474 3373 4542 πανουργία
3413 4472 3445 4544 ἢ
3490 4474 3770 4544 σκολιότης
3797 4489 3810 4502 ⁸

2254 4557 2372 4619 εἶτα
2400 4562 2544 4629 λέγει
2587 4562 3036 4635 καθολικωτέρως
3060 4579 3074 4591 ’

2337 4741 2519 4807 Ἰδοὺ,
2574 4744 2810 4811 Κύριος,
2874 4744 2954 4797 σὺ
2999 4746 3186 4813 ἔγνως
3224 4744 3420 4799 πάντα
3466 4745 3539 4798 τὰ
3566 4746 3814 4813 ἔσχατα.
3852 4795 3859 4799 ,

2250 4831 2345 4883 καὶ
2381 4831 2451 4883 τὰ
2472 4830 2708 4899 ἀρχαῖα.
2745 4833 2824 4884 Τὰ
2860 4834 3162 4899 τελευταῖα,
3195 4835 3287 4888 xui
3318 4836 3384 4887 τὰ
3416 4834 3629 4905 πρῶτα,
3668 4851 3818 4886 το-τ-

2254 4923 2369 4975 ἐστι
2404 4922 2719 4990 σύμπαντα,
2776 4925 3097 4995 συλλήϐδην,
3126 4928 3220 4981 καὶ
3271 4927 3426 4980 οὐδὲν
3473 4926 3695 4995 διέφυγε
3725 4927 3819 4994 τὴν

2253 5013 2350 5084 σὴν
2381 5016 2599 5083 γνῶσινο
2658 5018 2850 5083 ἕγνω;,
2911 5018 3066 5088 φησὶ,
3129 5020 3304 5074 πάντα
3337 5023 3406 5073 τὰ
3456 5018 3814 5088 γενησόμενα,

2250 5109 2378 5161 tute
2412 5110 2691 5175 γεγονότα.

2323 5200 2406 5254 Σὺ
2445 5200 2720 5266 ἐπλασὰς
2751 5218 2849 5271 με,
2885 5202 2984 5255 καὶ
3006 5202 3225 5271 ἔθηκας
3255 5205 3348 5257 ἐπ’
3378 5205 3483 5273 ἐμὲ
3517 5205 3632 5270 τὴν
3657 5202 3820 5272 χεῖρά

2252 5307 2389 5346 σου.
2421 5293 2494 5345 Οὐ
2525 5293 2688 5362 μόνον
2722 5295 2984 5360 ἔπλασας,
3020 5297 3158 5351 ἀλλὰ
3207 5301 3303 5351 xui
3361 5299 3700 5367 διακρατεῖς,
3729 5298 3821 5350 xui

2254 5384 2498 5450 σκέπεις,
2557 5382 2633 5447 ὡς
2665 5380 2805 5437 εῖναι
2843 5385 2903 5438 τὸ
2948 5387 3046 5455 μὲν
3103 5387 3204 5457 τῆς
3261 5388 3651 5459 δημιουργίας,
3686 5384 3820 5439 τὸδὲ

2254 5472 2353 5540 τῆς
2378 5472 2636 5541 προνοίας
2663 5474 2982 5544 δηλωτικόν.
