4102 6206
366 223 501 290 1253

1526 232 1920 326 CQMMENT.
1959 235 2039 294 ΙΝ
2065 233 2424 294 PSAIMOS.

3487 237 3627 304 1254

438 341 899 413 Ἔθαυμαστὼθη
949 343 987 409 ἠ
1025 341 1244 414 γνῶσις
1268 358 1384 398 σου
1412 343 1482 408 ἐξ
1505 345 1672 414 ἐμοῦ.
1705 347 1778 398 Τὸ
1804 347 1938 414 7w}.-

2125 347 2290 402 Vnus.
2317 347 2368 401 6.
2414 345 2671 399 Mirabilis
2703 348 2847 414 facta
2889 357 2965 400 est
2996 349 3225 418 cognitio
3267 360 3356 403 tua
3383 391 3398 414 ,
3426 368 3489 405 ex
3528 370 3628 406 mc.

355 436 444 490 ναι
468 453 550 501 σε,
604 435 954 506 ἑμεγαλύνθη
1009 437 1150 507 ὑπὲρ
1208 436 1307 505 ἐμέ
1345 451 1357 464 ⁸
1392 435 1536 491 οὕτω
1594 439 1702 510 γὰρ
1747 439 1934 508 ἕτερος

364 530 636 600 ἑρμηνεὺς
668 527 951 593 ἐξέδωκεν·
987 529 1126 599 ὑπὲρ
1160 529 1256 599 τὴν
1285 528 1424 600 ὲμὴν
1455 532 1648 598 γέγονε
1693 531 1935 600 κατάλη·

357 620 470 688 ψιν.
525 621 591 674 Ὃ
614 619 708 672 καὶ
736 619 824 673 διὰ
862 619 957 673 τοῦ
1016 620 1216 690 ἐφεξῆς
1275 621 1571 692 ὲσαφήνισε
1598 622 1811 693 στίχου,
1851 623 1937 676 λέ-

359 727 472 778 γων
507 727 524 742 ο

441 801 880 870 Ἔκραταιώθη,
936 803 1008 856 οὐ
1061 802 1147 872 μὴ
1201 803 1466 872 δύνωμαι
1517 805 1667 872 πρὸς
1721 803 1936 870 αὐτήν.

369 895 717 964 Ὶσχυροτέρα
757 894 1003 963 γέγονεν,
1054 895 1087 965 ἢ
1148 895 1288 948 ὥστε
1345 894 1761 965 καταληφθῆναι
1825 898 1938 957 τοῖς

361 987 512 1053 ἐμοῖς
558 987 862 1057 λογισμοῖς·
890 988 950 1040 οὐ
1017 988 1090 1057 μὴ
1127 987 1330 1056 ἰσχύσω
1365 989 1504 1057 πρὸς
1557 988 1750 1058 αὐτὴν,
1797 988 1936 1041 ὥστε

362 1077 792 1148 περιδράξασθαι
846 1079 1040 1148 αὐτῆς.
1104 1078 1309 1132 Γνῶσιν
1342 1080 1398 1132 δὲ
1435 1081 1606 1147 λέγει,
1659 1079 1760 1149 τὴν
1796 1082 1935 1134 κατᾶ

361 1167 543 1236 φύσιν,
575 1170 775 1240 ὅτιμὲν
803 1170 910 1240 γάρ
944 1171 1111 1238 ἐστινι
1139 1171 1318 1238 ἴσμεν⁸
1361 1170 1494 1222 τὸδὲ
1524 1171 1576 1223 τι
1609 1171 1709 1240 τὴν
1728 1170 1938 1237 οὐσίαν,

358 1259 688 1330 ἀγνοοῦμενο
729 1260 868 1314 ἀλλὰ
902 1260 998 1313 καὶ
1022 1260 1104 1313 ὅτι
1138 1261 1237 1330 μὲν
1277 1259 1558 1330 πανταχοῦ
1593 1263 1732 1324 ἐστι,
1775 1260 1940 1329 γινώ-

359 1368 583 1422 σκομεν.
617 1352 690 1404 Τὸ
712 1352 772 1405 δὲ
809 1350 954 1417 πῶς,
986 1351 1086 1405 οὐκ
1112 1352 1296 1422 ἴσμεν,
1338 1353 1434 1406 καὶ
1462 1353 1546 1406 ὅτι
1575 1353 1678 1422 μὲν
1712 1350 1942 1420 ἀγαθὸς,

356 1443 452 1495 καὶ
515 1442 917 1514 φιλάνθρωπος,
956 1445 1048 1496 καὶ
1082 1441 1267 1511 σοφὸς,
1302 1445 1398 1497 καὶ
1436 1443 1676 1508 συνετὸς,
1722 1443 1820 1497 καὶ
1871 1443 1943 1496 τὰ

354 1534 602 1599 τοιαῦτα,
635 1536 877 1606 οἴδαμεν.
919 1537 992 1590 Τδ
1023 1537 1082 1590 δὲ
1131 1537 1322 1602 πόσον,
1344 1536 1445 1591 οὐκ
1471 1536 1716 1606 οτδαμεν.
1751 1536 1940 1606 Τούτῳ

352 1622 410 1676 δὲ
434 1625 648 1694 συνᾴδει
673 1625 766 1677 καὶ
789 1626 818 1678 ὁ
859 1624 1296 1695 Ἐκκλησιαστὴς
1331 1624 1506 1693 λέγων
1528 1642 1541 1656 ⁸
1581 1623 1736 1679 Εἷπα
1773 1639 1792 1658 ο
1831 1628 1941 1679 Σο-

2042 439 2286 510 Cognitio
2317 449 2405 491 tua
2429 480 2442 504 ,
2478 437 2654 507 inquit
2680 478 2694 502 ,
2724 455 2915 507 magna
2943 439 3090 508 facta
3125 451 3200 494 est
3229 459 3383 511 super
3414 460 3492 496 me
3532 446 3629 514 (ita

2041 532 2186 586 enim
2215 533 2359 584 alius
2391 531 2663 600 interpres
2691 529 2890 600 reddit)
2922 531 3024 585 hoc
3058 541 3140 587 cst
3163 570 3176 595 .
3215 533 3386 602 Super
3412 536 3630 604 capaci-

2041 631 2206 678 tatem
2262 623 2570 678 intellectus
2619 625 2722 675 mei
2777 621 2920 677 facta
2982 633 3085 679 cst.
3126 623 3282 689 Quod
3341 627 3505 681 etiam
3564 644 3630 682 ex

2042 712 2403 781 sequentibus
2437 714 2607 781 magis
2640 712 2958 775 declaravit,
2996 712 3188 769 dicens
3223 730 3238 769 :

2110 802 2363 868 Invaluit,
2391 813 2438 855 et
2480 820 2583 857 non
2615 813 2794 870 potero
2823 807 2892 863 ad
2927 821 3067 858 eam.
3095 805 3313 860 Fortior
3341 823 3403 861 ac
3439 818 3631 877 poten-

2043 890 2152 945 tior
2181 890 2320 944 facta
2368 902 2484 953 est,
2515 907 2677 961 quam
2711 904 2766 945 ut
2797 895 3186 962 comprehendi
3232 897 3405 964 possit
3430 936 3444 958 ,
3476 899 3625 968 cogi-

2043 982 2246 1037 tatione
2281 998 2343 1037 ac
2393 983 2834 1038 consideratione
2895 999 3012 1039 mea
3058 1005 3071 1039 :
3102 996 3155 1038 et
3193 1001 3300 1040 non
3333 998 3518 1056 potero
3553 991 3620 1041 ad

2042 1090 2161 1129 eam
2189 1115 2203 1140 ,
2237 1077 2677 1146 appropinquare
2709 1076 2967 1130 nimirum
2990 1115 3007 1140 ,
3045 1079 3119 1132 ita
3156 1087 3216 1132 ut
3263 1082 3628 1148 comprelieno

2045 1164 2188 1220 dum.
2222 1166 2325 1220 Per
2364 1167 2728 1236 cognitionem
2761 1182 2941 1222 autem
2971 1169 3087 1234 Dei,
3124 1170 3257 1224 nihil
3284 1172 3428 1225 aliud
3465 1173 3636 1242 signi-

2045 1253 2210 1310 ﬁcare
2233 1255 2442 1321 voluit,
2475 1273 2638 1326 quam
2672 1259 2815 1313 scire
2842 1269 2895 1314 et
2927 1274 3260 1328 cognoscere
3295 1277 3419 1316 eum
3453 1264 3631 1331 qualis

2046 1357 2264 1401 natura
2314 1346 2408 1402 sit.
2449 1345 2586 1402 Nam
2627 1351 2767 1418 quod
2804 1351 2875 1406 sit
2907 1350 3080 1417 Deus,
3124 1353 3228 1407 hoc
3268 1353 3631 1422 proculdubio

2044 1436 2250 1492 scimus
2279 1477 2294 1502 ,
2320 1437 2449 1506 quid
2481 1447 2659 1492 autem
2689 1479 2703 1504 ,
2738 1452 2830 1495 aut
2855 1443 3033 1508 qualis
3067 1444 3138 1498 sit
3176 1443 3325 1498 illius
3364 1443 3628 1499 substan-

2044 1528 2160 1592 tia,
2200 1529 2536 1598 ignoramus.
2591 1528 2855 1587 Similiter
2908 1534 3054 1604 quod
3111 1534 3423 1606 ubicunque
3487 1535 3630 1590 Deus

2043 1628 2168 1683 est,
2205 1622 2459 1678 novimus
2487 1663 2501 1684 .
2543 1624 2818 1692 quomodo
2855 1635 3034 1680 autem
3073 1627 3126 1680 id
3161 1628 3274 1702 fieri
3302 1629 3494 1698 possit.
3531 1646 3629 1683 ue-

352 1713 754 1782 φισθήσομαι,
788 1714 888 1768 καὶ
910 1713 1064 1783 αὐτὴ
1093 1715 1438 1784 ἐμακρύνθη
1463 1714 1566 1769 ἀπ’
1582 1715 1752 1783 ἐμοῦ,
1782 1713 1937 1792 ὑπὲρ

2044 1709 2270 1765 scimus.
2301 1709 2424 1764 Pari
2456 1713 2618 1767 etiam
2646 1714 2808 1768 modo
2837 1715 3109 1783 novimus,
3141 1700 3286 1786 quod
3317 1717 3496 1773 bonus
3521 1729 3626 1783 est,

340 1804 387 1857 κδ
415 1799 496 1873 ἧν
520 1821 537 1836 ·
575 1804 674 1858 καὶ
708 1805 874 1870 βαθὺ
897 1805 1112 1872 βάθος,
1147 1807 1237 1872 τίς
1282 1806 1532 1875 εὑρήσει
1573 1806 1810 1874 αὐτήν;
1842 1806 1936 1857 καὶ

350 1897 382 1950 δ
403 1893 616 1960 Παῦλος
646 1896 706 1950 δέ
728 1914 913 1967 φησιν,
945 1898 1006 1949 ’Ὡ
1045 1896 1241 1962 βάθος
1268 1897 1539 1950 πλούτου
1561 1894 1660 1949 καὶ
1689 1895 1933 1964 σοφίας,

353 1983 452 2037 καὶ
474 1983 750 2054 γνώσεως
781 1985 949 2040 Θεοῦ
983 1985 1062 2050 ὡς
1085 1983 1527 2052 ἁνεξερεύνητα
1553 1982 1625 2036 τὰ
1682 1985 1937 2051 κρίματα

352 2077 561 2140 αὑτοῦ,
609 2077 708 2130 καὶ
768 2077 1225 2145 ἀνεξιχνίαστοι
1259 2079 1318 2130 αι
1353 2075 1480 2129 ὁδοὶ
1523 2075 1734 2129 αὑτοῦ.
1757 2075 1934 2138 ⁸Τινὲς

355 2166 437 2230 it,
461 2167 556 2219 καὶ
579 2167 722 2220 οὕτω
751 2169 1096 2236 νενοήκασιν·
1128 2165 1530 2236 ἐθαυμαστώθη
1565 2168 1597 2236 ἡ
1628 2166 1792 2235 σοφία
1839 2181 1932 2219 σου

354 2261 420 2312 ἐκ
450 2262 550 2329 τῆς
582 2261 724 2329 ἐμῆς
771 2259 1136 2323 διαπλάσεως,
1200 2263 1263 2313 ὲκ
1297 2261 1397 2330 τῆς
1429 2261 1565 2330 ἐμῆς
1589 2260 1934 2329 κατασκευῆς

355 2348 724 2420 ικραταιώθη,
747 2352 807 2402 οὐ
836 2351 910 2422 μὴ
932 2351 1180 2422 δύνωμαι
1204 2351 1338 2422 πρὸς
1360 2351 1549 2418 αὐτὴν,
1581 2350 1721 2404 ὥστε
1754 2351 1927 2420 ὑμνῆ-

357 2458 450 2493 σαι
485 2441 655 2511 αὐτὴν
684 2442 871 2507 ἀξίως.
904 2443 1044 2496 Ἀλλ’
1077 2445 1128 2497 εἰ
1163 2443 1239 2513 μὴ
1269 2441 1416 2507 οἶδας
1445 2443 1613 2513 αὐτὴν
1667 2444 1933 2513 ἀκριϐῶς,

358 2533 478 2597 πῶς
508 2533 808 2603 θαυμάζεις
841 2537 1012 2605 αὑτήν
1045 2552 1060 2601 ;
1104 2537 1184 2587 Δι’
1220 2536 1352 2588 αὐτὸ
1393 2536 1554 2588 τοῦτο
1583 2535 1820 2596 πάντως,
1854 2537 1935 2588 ὅτι

355 2623 758 2694 ἀκατάληπτος.
811 2627 920 2679 Καὶ
959 2625 1058 2695 τὴν
1091 2626 1323 2695 ἡλιακὴν
1361 2627 1470 2696 γὰρ
1509 2629 1704 2680 ἀκτῖνα
1741 2626 1815 2698 μὴ
1843 2628 1936 2681 δυ-

357 2716 578 2786 νάμενοι
604 2717 963 2786 καταμαθεῖν,
1004 2719 1071 2772 δι’
1088 2718 1219 2771 αὐτὸ
1247 2718 1406 2770 τοῦτο
1445 2718 1682 2788 μάλιστα
1718 2720 1936 2790 θαυμά-

362 2807 543 2878 ζομεν.
587 2806 738 2873 Εἶτα,
767 2811 862 2863 καὶ
889 2811 1081 2881 ἑτέραν
1115 2810 1384 2881 θαυμάζει
1423 2811 1652 2881 δύναμιν
1681 2811 1775 2864 τοῦ
1799 2811 1934 2865 Θεοῦ

358 2899 417 2948 τὸ
468 2898 743 2968 πανταχοῦ
807 2901 1088 2966 παρεῖναι,
1131 2900 1196 2968 τῇ
1227 2897 1476 2967 δυνάμει,
1528 2897 1623 2949 καὶ
1687 2895 1932 2967 προνοίᾳ,

357 2985 454 3038 καὶ
510 2987 692 3041 πάντα.
712 2987 876 3040 τόπον
905 2986 1174 3057 πληροῦν.

2046 1800 2192 1869 quod
2256 1800 2615 1868 misericors,
2669 1804 2816 1872 quod
2879 1805 3100 1874 sapiens
3154 1815 3206 1860 et
3255 1816 3487 1876 potens,
3533 1808 3629 1862 sed

2046 1889 2331 1957 bonitatis,
2359 1891 2776 1958 miseriCordiae,
2809 1895 3090 1963 sapientiae
3124 1896 3339 1963 modus,
3366 1906 3460 1951 aut
3495 1915 3632 1968 quu-

2047 1983 2174 2039 litas
2209 1998 2240 2037 a
2276 1993 2464 2038 nostra
2497 1985 2810 2054 cognitione
2851 1988 3042 2056 procul
3095 1999 3198 2042 est.
3253 1991 3350 2043 His
3387 2007 3627 2046 consona

2047 2083 2194 2138 sunt,
2223 2091 2344 2146 quae
2373 2076 2643 2131 habentur
2676 2079 2817 2147 apud
2850 2079 3222 2135 Ecclesiasten
3261 2099 3276 2134 ;
3317 2080 3444 2134 Dixi
3475 2097 3493 2136 :
3524 2082 3629 2136 Sa-

2048 2167 2190 2234 piens
2225 2168 2439 2236 elficiar,
2466 2178 2514 2221 et
2563 2169 2679 2236 ipsa
2725 2169 2926 2239 longius
2958 2170 3100 2238 facta
3134 2183 3208 2226 est
3240 2189 3271 2224 a
3305 2190 3384 2227 me
3414 2215 3426 2236 ,
3465 2177 3630 2241 magis

2048 2273 2204 2326 quam
2240 2271 2351 2312 erat
2382 2273 2410 2321 ,‘
2437 2269 2486 2312 et
2540 2259 2803 2329 profunda
2834 2262 3173 2330 profunditas
3202 2303 3216 2327 ,
3249 2266 3365 2333 quis
3408 2266 3629 2318 inveniet

2046 2366 2159 2403 eam
2195 2350 2239 2381 ⁷⁸
2273 2350 2297 2402 ?
2360 2351 2562 2406 Paulus
2609 2353 2772 2406 etiam
2807 2369 2823 2406 :
2874 2353 2918 2408 0
2959 2354 3277 2421 profundum
3319 2355 3629 2408 divitiarum

2045 2441 2316 2507 sapientia:
2359 2452 2405 2495 et
2450 2444 2680 2496 scientia:
2731 2443 2826 2497 Dei
2875 2444 3047 2510 dixit;
3103 2461 3262 2511 quam
3312 2447 3629 2514 imperscru-

2046 2532 2232 2585 tabilia
2255 2544 2374 2586 sunt
2397 2533 2604 2601 judicia
2631 2536 2766 2602 ejus,
2787 2545 2835 2587 et
2865 2536 3245 2605 investigabiles
3272 2537 3366 2590 via:
3397 2537 3508 2605 ejus
3534 2539 3580 2568 ⁷⁹
3605 2539 3626 2588 ’ἒ

2044 2623 2275 2687 Quidam
2311 2639 2438 2677 vero
2489 2624 2558 2677 ita
2595 2625 3022 2680 intellexerunt:
3059 2626 3322 2682 Mirabiiis
3355 2627 3496 2682 facta
3544 2638 3629 2682 est

2044 2714 2272 2769 scientia
2294 2757 2306 2778 ,
2338 2730 2401 2770 ac
2448 2716 2714 2783 sapientia
2748 2726 2835 2768 tua
2877 2733 2940 2770 ex
2983 2719 3259 2772 creatione
3287 2758 3302 2783 ,
3331 2726 3386 2771 et
3426 2719 3628 2772 formu-

2044 2804 2193 2859 tione
2237 2820 2400 2858 mea:
2435 2813 2488 2875 et
2537 2805 2609 2857 ita
2655 2806 2918 2870 invaluit,
2971 2816 3029 2860 ut
3080 2822 3204 2862 vere
3256 2824 3580 2878 cognoscam
3611 2849 3627 2873 ,

2047 2897 2192 2966 quod
2239 2913 2347 2952 non
2393 2906 2582 2967 potero
2629 2900 2692 2949 ad
2747 2913 2864 2951 eum
2909 2901 3198 2968 pervenire
3248 2910 3304 2954 ut
3344 2903 3630 2972 condignis

2045 3003 2162 3042 eam
2222 2988 2471 3042 laudibus
2519 2988 2810 3043 celebrem.
2879 2987 3082 3044 Verum
3141 2991 3185 3046 si
3247 2992 3402 3060 plene
3462 3004 3628 3062 atque

355 3088 548 3133 exacte
583 3093 688 3132 non
714 3079 865 3134 novit
895 3093 1014 3132 eam
1051 3081 1244 3133 beatus
1278 3077 1482 3143 David,
1512 3079 1787 3149 quomodo
1853 3093 1972 3132 eam
2013 3079 2357 3132 admiratur?
2411 3076 2491 3134 οι)
2560 3078 2662 3133 Ιιοε
2712 3079 2922 3148 ipsum,
2971 3079 3180 3149 inquit,
3237 3097 3448 3137 summe
3505 3099 3623 3137 eam

357 3173 624 3238 admiror,
661 3174 789 3243 quia
832 3174 1408 3244 incomprehensibilis
1457 3183 1562 3229 est.
1642 3173 1778 3228 Nam
1844 3185 1897 3226 ct
1968 3174 2179 3228 salares
2235 3174 2420 3228 radios
2476 3174 2716 3238 intueri,
2769 3185 2934 3244 atque
3009 3180 3469 3246 comprehendere
3515 3196 3624 3233 non

357 3265 602 3321 valemus
627 3306 642 3333 ,
670 3277 831 3335 atque
857 3267 928 3321 ob
952 3267 1056 3320 hoc
1092 3268 1269 3337 ipsum
1307 3282 1403 3324 eos
1433 3267 1727 3338 plurimum
1758 3268 2120 3324 admiramur.
2181 3267 2386 3323 Deinde
2453 3270 2613 3321 aliam
2675 3267 2768 3324 Dei
2839 3273 3135 3338 potentiam
3195 3274 3625 3329 admirabundus

359 3367 578 3423 narrat,
610 3360 755 3428 quod
788 3359 1136 3430 providentia
1171 3361 1429 3414 nimirum
1465 3376 1527 3413 ac
1551 3362 1794 3430 potentia
1828 3376 1922 3417 sua
1951 3401 1966 3426 ,
2000 3358 2140 3415 Deus
2166 3361 2367 3430 ubique
2399 3361 2572 3424 adest,
2608 3371 2767 3428 atque
2795 3378 3010 3417 omnem
3050 3364 3234 3432 implet
3259 3365 3456 3420 locum.

427 3451 552 3506 Ποῦ
569 3451 839 3518 πορευθῶ
855 3451 972 3506 ἀπὸ
1003 3452 1108 3507 τοῦ
1138 3454 1480 3522 πνεύματός
1518 3467 1672 3517 σου;
1705 3455 1938 3509 acutam}

2121 3451 2288 3506 Vens.
2323 3452 2354 3504 7
2380 3493 2392 3516 ,
2428 3452 2481 3505 8.
2529 3453 2643 3518 Quo
2670 3455 2755 3505 ibo
2789 3473 2818 3506 a
2844 3457 3036 3522 spiritu
3071 3460 3198 3511 tuo?
3240 3469 3289 3511 et
3345 3475 3445 3528 quo
3489 3460 3626 3529 facie

356 3544 465 3597 τοῦ
480 3543 804 3611 προσώπου
826 3559 943 3598 σου
974 3544 1092 3598 ποῦ
1105 3546 1272 3614 φύγω
1294 3545 1474 3610 ;Ἔὰν
1503 3545 1702 3600 ἀνασῶ
1720 3549 1806 3611 εις
1835 3545 1938 3598 τὸν

2043 3558 2133 3598 tua
2190 3547 2435 3613 fugiant?
2488 3547 2535 3597 si
2577 3549 2862 3599 ascendere
2905 3549 2956 3621 in
3005 3549 3192 3601 certum
3219 3562 3274 3602 tu
3304 3551 3416 3604 illic
3453 3569 3506 3606 es
3541 3593 3557 3616 ,
3582 3555 3626 3607 si

363 3633 650 3701 οὐρανὸν,
677 3633 758 3687 σὺ
799 3633 928 3688 ἐκεῖ
944 3631 1035 3688 εἷ·
1068 3635 1178 3688 ἐὰν
1228 3635 1460 3689 καταϐῶ
1500 3638 1586 3701 εις
1614 3637 1721 3689 τὸν
1761 3637 1938 3704 ᾅδην,

351 3726 552 3794 πάρει.
590 3723 814 3796 Πνεῦμα
844 3727 938 3779 καὶ
968 3728 1261 3797 πρόσωπον
1297 3726 1458 3791 Θεοῦ,
1493 3727 1585 3780 τὴν
1620 3727 1752 3780 Θεὸν
1789 3727 1938 3794 λέγει

359 3817 502 3871 κατὰ
532 3819 882 3889 περίφρασιν,
913 3819 947 3891 ἦ
984 3817 1203 3890 πνεῦμα
1270 3819 1369 3888 μὲν
1401 3819 1591 3884 αὐτοῦ,
1624 3819 1683 3872 τὸ
1714 3819 1940 3889 Πνεῦμα

358 3909 422 3961 es
448 3909 626 3976 ἅγιον,
667 3911 962 3980 πρόσωπον
1006 3909 1063 3963 δὲ
1101 3909 1289 3974 αὐτοῦ,
1331 3911 1421 3964 τὸν
1456 3909 1608 3976 Υἱδν,
1643 3911 1718 3974 ὡς
1753 3912 1938 3965 εἰκόνα

357 3995 455 4055 τοῦ
497 4001 730 4073 Πατρδς,
772 4004 867 4056 καὶ
890 4004 1217 4074 χαρακτῆρα
1245 4003 1343 4072 τῆς
1366 4003 1718 4067 ὑποστάσεως
1744 4003 1935 4058 αὐτοῦ.

367 4091 434 4145 '0
461 4091 730 4160 ἑωρακὼς
758 4093 889 4161 γὰρ,
917 4093 1103 4164 φησὶν,
1134 4092 1258 4161 ἐμὲ,
1281 4093 1506 4160 ἑώρακε
1534 4094 1640 4146 τὸν
1662 4092 1916 4160 Πατέρα.

363 4182 463 4234 Διὰ
487 4181 587 4250 μὲν
618 4180 712 4236 τοῦ
775 4181 1030 4252 οὐρανοῦ,
1081 4182 1173 4235 τὸν
1220 4180 1496 4252 ἀνώτερον
1528 4182 1817 4252 δεδήλωκε,
1849 4182 1937 4235 διὰ

362 4272 420 4325 δὲ
447 4274 545 4326 τοῦ
599 4272 761 4344 ᾅδου,
796 4273 856 4325 τὸ
897 4273 1232 4328 κατώτατον.
1283 4269 1419 4327 Εἶτα
1473 4274 1641 4342 λέγει,
1701 4274 1795 4328 καὶ
1837 4277 1936 4344 τὴν

357 4364 620 4427 ἄϐυσσον.
685 4365 779 4417 καὶ
827 4365 916 4418 τὸν
960 4363 1213 4434 πυθμένα
1257 4364 1357 4435 τῆς
1411 4364 1705 4435 Θαλάσσης·
1763 4365 1831 4418 δι’
1859 4357 1935 4419 ὧν

359 4457 620 4510 ἁπάντων
661 4456 841 4510 πάντα
891 4456 1060 4510 τόπον
1107 4455 1307 4510 ἄδατον
1359 4455 1680 4526 ἀνθρώπους
1723 4472 1935 4526 συμπε-

365 4548 640 4618 ριέόαλεν.

443 4639 585 4693 Ἐὰν
643 4640 997 4710 ἀναλὰϐοιμι
1025 4640 1133 4705 τὰς
1160 4640 1458 4708 πτέρυγάς
1489 4657 1610 4709 μου
1665 4640 1794 4694 κατ’
1834 4638 1932 4708 ὄρ·

359 4736 523 4798 θρον,
577 4732 675 4785 καὶ
727 4731 1175 4800 κατασκηνώσω
1204 4733 1292 4797 εἰς
1315 4732 1386 4784 τὰ
1411 4730 1640 4798 ἔσχατα
1671 4730 1783 4798 τῆς
1831 4732 1932 4783 θαο

2040 3635 2353 3688 descendero
2383 3637 2435 3687 in
2469 3635 2732 3704 infernum
2761 3675 2775 3699 ,
2807 3635 2954 3690 ades.
2985 3635 3088 3690 Per
3121 3637 3373 3704 spiritum
3403 3638 3498 3694 Dei
3528 3679 3542 3701 ,
3569 3652 3625 3693 ct

2040 3741 2138 3794 per
2175 3724 2364 3779 faciem
2401 3723 2530 3790 Dei,
2586 3724 2753 3778 Deum
2805 3727 2982 3794 ipsum
3019 3726 3494 3794 circumloquitur.
3526 3725 3623 3781 Vel

2040 3829 2137 3884 per
2163 3815 2418 3886 spiritum
2472 3815 2601 3880 Dei,
2639 3826 2888 3870 sanctum
2944 3815 3207 3886 Spiritum
3235 3817 3494 3886 intellige.
3522 3819 3626 3873 Per

2039 3906 2232 3961 faciem
2266 3923 2414 3971 vero,
2442 3908 2620 3978 ipsum
2648 3907 2845 3962 Filium
2874 3950 2888 3975 ,
2939 3918 3200 3978 tanquam
3233 3925 3412 3964 veram
3454 3915 3624 3981 patris

2041 3998 2268 4068 ﬁguram
2291 4037 2305 4062 ,
2339 4008 2394 4054 et
2423 4001 2793 4055 certissimum
2826 4000 2976 4054 illius
3012 4000 3210 4055 divinae
3241 4010 3451 4056 natura:
3494 4002 3623 4056 cha-

2040 4099 2304 4144 racterem
2349 4108 2362 4144 :
2395 4089 2500 4156 Qui
2533 4089 2678 4144 enim
2704 4131 2718 4156 ,
2759 4090 2968 4159 inquit,
2995 4090 3121 4143 vidit
3149 4107 3227 4144 me
3248 4131 3262 4156 ,
3287 4092 3415 4146 vidit
3438 4101 3487 4145 et
3520 4109 3620 4161 pa-

2041 4187 2171 4233 trem
2201 4195 2370 4233 meum
2413 4181 2482 4236 '°.
2538 4179 2639 4235 Per
2675 4181 2873 4236 caelum
2905 4192 3085 4235 autem
3118 4197 3357 4252 superna
3384 4221 3401 4248 ,
3443 4192 3498 4237 et
3525 4199 3623 4252 pt'l‘

2039 4271 2354 4336 infernum,
2395 4271 2608 4325 inferna
2659 4269 2782 4326 loca
2831 4272 3128 4326 denotavit.
3198 4272 3402 4328 Deinde
3457 4273 3620 4328 etiam

2037 4363 2299 4433 abyssum
2357 4361 2527 4424 dicit,
2570 4369 2626 4416 et
2681 4361 3013 4431 profundum
3082 4363 3252 4418 maris
3303 4381 3318 4418 :
3371 4379 3467 4434 per
3503 4381 3625 4437 qua:

2037 4453 2220 4508 omnia
2254 4453 2538 4507 inaccessa
2585 4451 2900 4508 hominibus
2933 4454 3050 4509 loca
3078 4454 3443 4526 subsignavil.

2105 4627 2277 4685 Vatis.
2314 4631 2346 4684 9
2376 4671 2391 4697 ,
2427 4631 2514 4685 10.
2568 4629 2628 4684 Si
2671 4647 3003 4700 assumpsero
3046 4630 3163 4684 alas
3201 4647 3342 4684 meas
3366 4633 3621 4695 diluculo,

2037 4731 2082 4776 et
2123 4723 2426 4778 habitavere
2458 4725 2512 4776 in
2540 4725 2786 4778 extremis
2817 4725 2980 4778 maris
3015 4740 3034 4777 :
3061 4726 3248 4778 ctenim
3278 4725 3407 4779 illuc
3436 4743 3622 4781 manus

357 4797 626 4890 λάσσης,
662 4824 761 4876 καὶ
795 4823 903 4891 γὰρ
927 4797 1059 4876 ἐκεῖ
1096 4823 1136 4890 ἡ
1167 4823 1295 4890 χείρ
1347 4838 1465 4875 σου
1490 4797 1811 4890 Πόδηγήσει
1838 4838 1936 4890 με,

2045 4827 2137 4868 tua
2170 4814 2389 4869 deducet
2452 4831 2568 4879 me,
2604 4825 2652 4868 et
2695 4815 2884 4869 tenebit
2946 4831 3026 4868 me
3077 4815 3293 4870 dextera
3348 4829 3461 4870 tua.
3523 4819 3622 4870 l’vr

358 4915 460 4969 καὶ
490 4914 724 4979 καθέξει
765 4929 841 4982 με
878 4913 916 4979 ἠ
963 4913 1132 4977 δεξιά
1181 4927 1319 4968 σου.
1382 4913 1657 4982 Πτέρυγες
1687 4910 1874 4976 αὐτοῦ,
1904 4913 1938 4980 ἡ

359 5011 618 5078 κινητικὴ
664 5007 895 5075 δύναμις
949 5005 1041 5058 τοῦ
1088 5006 1202 5060 νοῦ.
1259 5006 1389 5058 Ἐὰν
1443 5007 1564 5066 ταῖς
1589 5002 1818 5072 πτέρυξι
1847 5000 1940 5053 τοῦ

363 5101 456 5152 νοῦ
529 5115 656 5166 μου,
718 5098 903 5166 φησιν,
958 5096 1282 5167 καταντήσω
1306 5097 1386 5159 εἰς
1429 5094 1527 5166 τὴν
1552 5094 1787 5148 ἄϐυσσον
1842 5094 1944 5163 τῆς

361 5189 660 5258 θαλάσσης,
717 5189 856 5242 ὥστε
909 5189 1015 5243 κᾶν
1065 5191 1182 5242 ἐκεῖ
1217 5187 1476 5242 δύνασθαι
1536 5183 1806 5256 κρυϐῆναι
1837 5184 1946 5237 ἀπὸ

363 5278 482 5344 σοῦ,
509 5280 689 5350 ἑκεϊη
745 5278 974 5349 δύναμίς
1032 5295 1127 5331 σου
1182 5278 1438 5347 ὁδηγήσει
1485 5291 1573 5346 με,
1629 5275 1723 5328 καὶ
1779 5271 1936 5334 αὖθις

359 5369 580 5435 καθέξει
614 5388 679 5440 με
702 5387 715 5401 ·
774 5372 1078 5438 τουτέστιν,
1113 5369 1233 5424 οὐδὲ
1263 5371 1380 5423 ἐκεῖ
1430 5369 1560 5423 ἄνευ
1595 5367 1768 5437 αὐτῆς
1797 5366 1935 5420 ἅπερ

356 5459 646 5531 λεύσομαι,
713 5461 848 5516 ἀλλὰ
898 5459 1341 5532 προπορεύσεται
1375 5477 1500 5530 μου,
1525 5455 1804 5511 ἐνδιδοῦσα
1835 5471 1932 5508 πο-

2041 4907 2155 4960 alas
2186 4948 2200 4973 ,
2230 4908 2526 4976 potentiam
2560 4905 2703 4960 illam
2737 4907 2936 4961 mentis
2967 4907 3250 4978 intelligit,
3286 4923 3393 4978 qua
3425 4910 3620 4963 huma-

2040 5012 2144 5051 nus
2174 4998 2484 5052 intellectus
2507 5006 2776 5052 movetur.
2806 4996 2859 5051 Si
2888 4999 3020 5066 alis,
3056 5000 3270 5070 inquit,
3311 5001 3618 5055 intellectus

2043 5091 2146 5143 mei
2196 5090 2250 5143 in
2301 5087 2556 5159 abyssum
2598 5089 2766 5145 maris
2809 5104 3129 5159 pervenero,
3177 5108 3243 5147 eo
3286 5091 3517 5146 consilio
3559 5101 3618 5146 ut

2045 5179 2156 5234 illic
2182 5181 2372 5234 saltem
2402 5180 2606 5250 possim
2642 5195 2668 5233 a
2702 5189 2756 5236 te
2783 5182 3042 5238 abscondi
3070 5223 3085 5248 ,
3133 5182 3367 5252 potentia
3416 5192 3505 5236 tua
3535 5184 3617 5236 ni-

2022 5271 2342 5328 .bilominus
2383 5271 2512 5326 illuc
2544 5273 2704 5328 etiam
2741 5289 2829 5328 me
2861 5275 3090 5329 deducet
3119 5313 3135 5339 ,
3171 5282 3224 5326 et
3259 5288 3447 5329 rursus
3473 5276 3619 5328 deti-

2041 5363 2192 5420 nebit
2219 5379 2343 5430 me;
2388 5365 2489 5420 hoc
2513 5372 2632 5420 est:
2664 5363 2851 5436 Neque
2881 5366 3006 5419 illuc
3041 5363 3206 5418 etiam
3239 5363 3358 5420 sine
3387 5373 3475 5418 tua
3512 5380 3613 5434 po-

2041 5456 2211 5512 tentia
2244 5457 2533 5526 accedam;
2589 5457 2836 5528 quinimo
2869 5457 2957 5510 illa
3011 5456 3224 5526 praeibit
3261 5473 3368 5524 me,
3398 5457 3486 5514 illa
3516 5459 3619 5513 iter

433 5646 480 5678 "
511 5645 688 5701 Ecelc.
725 5660 818 5714 vn,
849 5645 942 5699 24.
1017 5647 1060 5678 "
1095 5645 1251 5702 Rom.
1293 5659 1366 5708 xu,
1401 5643 1488 5697 55.
1561 5641 1606 5673 ⁸⁸
1647 5638 1805 5694 Joan.
1835 5653 1946 5706 siv,
1985 5637 2039 5692 9.
