4102 6206
592 266 730 333 Ῑὲ55

1847 264 2228 326 ΙΞΙΓΠῘΥΜἸΙ
2265 263 2435 324 ΖΙΟΑ
2449 261 2622 323 BENI

3714 254 3868 320 I256

586 382 894 449 concedet,
929 391 1092 453 atque
1143 382 1252 438 illic
1304 382 1468 437 etiam
1517 397 1602 436 me
1648 381 1944 446 detinebit,
1979 381 2052 434 ita
2109 389 2167 435 ut

2275 381 2544 451 ρεύεσοαι,
2585 381 2674 434 καὶ
2703 380 2922 446 καθέξει
2947 374 3103 441 αὖθις
3127 379 3185 430 ὲν
3220 376 3466 447 ἀφύκτῳ,
3505 376 3625 428 κατ’
3647 374 3866 444 ὄρθρον

590 477 743 530 illinc
773 473 1003 529 evadere
1044 488 1150 526 non
1181 474 1414 528 valeam.
1479 472 1580 527 Per
1609 473 1904 528 diluculum
1934 485 2112 527 autem
2141 514 2154 537 ,

588 561 720 615 illud
771 570 983 630 tempus
1033 562 1333 631 intelligit,
1372 578 1479 631 quo
1516 563 1860 631 potissimum
1917 563 2153 617 humana

589 668 743 705 mens
775 651 958 706 sobria
989 667 1112 707 esse
1147 655 1304 707 solet.
1334 653 1618 723 Superllua
1651 664 1730 708 est
1763 655 1924 708 etiam
1963 652 2152 719 dictio,

587 744 766 796 Enim.
815 742 1047 808 Quidam
1100 753 1363 813 praeterea
1393 761 1487 814 per
1526 745 1847 812 diluculum,
1884 745 2151 799 orientetn

586 835 599 885 i
646 835 1013 898 tellexerunt;
1051 849 1310 888 occasum
1339 850 1490 898 vero,
1531 851 1625 902 per
1667 842 1910 888 extrema
1954 835 2119 888 maris
2147 874 2160 898 ,

589 938 643 978 ut
671 929 738 978 sit
781 943 983 982 sensus
1030 945 1042 980 :
1105 928 1160 982 Si
1197 928 1477 982 intellectu
1520 942 1661 990 meo,
1706 927 1868 980 veluti
1899 927 2000 981 alis
2044 927 2165 996 qui-

586 1019 810 1071 busdam
885 1021 1166 1086 munitus,
1217 1021 1268 1074 in
1326 1022 1534 1075 oriente
1581 1021 1825 1074 elevatus
1877 1019 2054 1083 fuero,
2109 1028 2165 1074 et

583 1126 884 1177 pervenero
917 1093 1104 1180 usque
1151 1112 1205 1165 itt
1271 1112 1653 1173 occidentem,
1709 1111 1944 1180 potentia
1984 1121 2162 1163 tamen

2265 471 2319 524 δὲ
2377 469 2522 537 εἷπε,
2581 471 2756 541 δηλῶν
2808 472 2898 524 τὸν
2954 469 3144 540 καιρὸν
3174 471 3264 522 ὅτε
3292 468 3527 536 μάλιστα
3559 465 3858 534 νηφαλέος

2267 564 2411 615 ἐστὶν
2451 565 2478 614 ὀ
2505 563 2649 626 νοῦς.
2706 563 2967 632 Περιττὸν
3004 561 3060 614 δὲ
3106 559 3167 612 τὸ
3199 559 3330 628 γάρ.
3369 559 3525 621 Τινὲς
3556 557 3609 610 δὲ
3645 557 3864 626 ὄρθρον

2267 656 2364 723 μὲν
2393 654 2491 722 τὴν
2519 653 2784 724 ἀνατολὴν
2809 653 3060 722 ὲνόησανυ
3083 647 3291 721 ’ἔσχατα
3319 649 3376 701 δὲ
3405 650 3505 719 τῆς
3535 649 3860 718 θαλάσσης,

2264 745 2362 813 τὴν
2390 744 2560 798 δύσιν
2594 740 2705 797 οἷον
2762 743 2856 796 ἐὰν
2907 742 3267 813 πτερύξωμαι
3300 741 3379 811 τῷ
3441 740 3516 812 νῷ
3570 757 3678 806 μου
3705 743 3866 792 κατὰ

2263 841 2363 904 τὴν
2391 836 2680 906 ἀνατολὴν,
2732 836 2828 888 καὶ
2869 836 3195 905 καταντήσω
3246 835 3326 897 εἰς
3365 835 3464 903 τὴν
3519 833 3698 896 δύσιν,
3761 834 3863 884 καὶ

2263 930 2342 991 εἰς
2365 928 2460 996 τὴν
2505 926 2791 996 ἀνατολὴν,
2881 926 3112 995 δύναμίς
3170 943 3262 978 σου
3294 925 3550 996 ὁδηγήσει
3585 941 3654 992 με
3717 940 3861 974 πτε-

2267 1016 2619 1087 ρυσσόμενον,
2651 1018 2745 1070 καὶ
2773 1019 2852 1079 εἰς
2881 1016 2978 1087 τὴν
3019 1015 3172 1070 δύσιν
3198 1015 3551 1070 καταντῶντα
3598 1013 3746 1082 αὐτή
3790 1031 3861 1083 με

2265 1107 2506 1174 καθέξει.

583 1214 673 1255 tua
711 1206 797 1256 illa
833 1206 936 1258 crit
964 1243 977 1267 ,
1005 1220 1124 1272 quae
1154 1214 1206 1258 et
1232 1205 1282 1258 in
1317 1207 1527 1257 oriente
1557 1203 1663 1256 dux
1697 1203 1826 1255 mihi
1855 1203 1960 1255 erit
1988 1239 2004 1265 ,
2039 1201 2166 1254 dum
2208 1201 2391 1254 elevor
2423 1219 2435 1252 :
2487 1209 2542 1254 et
2591 1201 2644 1254 in
2685 1201 2971 1256 occidente
3050 1216 3135 1256 me
3215 1195 3673 1270 comprehendet;
3727 1211 3863 1251 cum

585 1303 712 1356 illuc
739 1318 1054 1371 pervenero.

655 1393 819 1451 Vsus.
858 1397 941 1450 Η.
982 1396 1041 1448 Et
1076 1397 1215 1460 dixi,
1243 1394 1510 1464 Numquid
1535 1393 1756 1447 tenebrae
1783 1393 2160 1446 conculcabunt

585 1485 710 1538 me?
760 1493 807 1537 et
856 1500 958 1538 ποτε
1017 1486 1335 1539 itluminalio
1390 1486 1440 1536 in
1471 1483 1672 1537 deliciis
1725 1483 1870 1536 meis.
1919 1482 2163 1551 Cogitavi

573 1569 725 1628 intra
765 1592 887 1640 me,
947 1577 1206 1644 numquid
1263 1577 1307 1630 si
1365 1575 1618 1628 tenebras
1659 1572 1938 1641 ingressus
1987 1571 2161 1636 fuero,

585 1666 756 1719 latere
791 1675 981 1733 potero
1017 1668 1088 1717 ita
1139 1673 1197 1717 ut
1250 1665 1318 1717 ab
1350 1664 1460 1717 illis
1507 1662 1815 1715 abscondar
1846 1661 1868 1715 ?
1921 1662 1991 1716 ita
2017 1665 2162 1715 enim

586 1760 892 1827 signiﬁcare
926 1758 1190 1810 voluntea
1223 1755 1384 1809 verba
1425 1772 1437 1807 :
1474 1753 1742 1823 Numquid
1778 1753 2002 1806 tenebrw
2041 1768 2165 1805 con-

587 1850 869 1902 culcabunt
897 1851 1020 1904 me?
1050 1848 1194 1918 quod
1245 1847 1614 1915 metaphorice
1645 1845 1848 1898 dictum
1884 1855 1984 1898 est.
2027 1843 2161 1899 Nam

585 1941 620 1993 ii
647 1941 737 2010 qui
772 1942 946 1994 solum
975 1940 1204 2009 pedibus
1228 1937 1556 1993 coneulcant
1586 1977 1600 2002 ,
1631 1936 1886 2005 obtegere
1916 1933 2045 1989 illud
2081 1942 2166 1987 at-

584 2048 692 2102 que
758 2031 1096 2086 abscondere
1177 2029 1580 2100 quodammodo
1652 2030 1814 2082 etiam
1892 2028 2163 2080 videntur.

586 2123 792 2178 Deinde
823 2125 1062 2178 intellexi
1093 2123 1237 2192 quod
1271 2122 1384 2190 ipsa
1415 2122 1576 2176 etiam
1622 2135 1729 2172 nox
1763 2118 1814 2171 in
1849 2117 1955 2172 Deo
1985 2118 2162 2171 lucida

583 2223 706 2278 est,
768 2216 913 2267 hunc
970 2214 1172 2266 etenim
1238 2214 1402 2265 Deum
1457 2209 1725 2278 Propheta
1768 2206 1990 2262 delicias
2037 2223 2166 2263 suas

582 2304 907 2373 appellant,
937 2301 1092 2371 cujus
1118 2300 1200 2354 vel
1231 2301 1401 2354 solam
1434 2298 1754 2352 memoriam
1789 2297 2164 2352 oblectamen-

2354 1386 2461 1440 Kal
2515 1381 2673 1438 εἶπα·
2709 1379 2854 1452 Ἆρα
2911 1385 3132 1449 σκότος
3181 1382 3593 1451 καταπατήσει
3616 1401 3719 1452 με,
3757 1384 3857 1439 καὶ

2270 1480 2384 1542 νὺξ
2413 1477 2716 1548 φωτισμὸς
2739 1477 2808 1530 ἐν
2837 1475 2911 1544 τῇ
2940 1475 3138 1546 τρυφῇ
3154 1493 3296 1545 μου.
3334 1475 3707 1545 Ἐλογισᾶμην
3741 1472 3858 1544 ἄρα

2273 1572 2497 1632 σκότους
2553 1569 3031 1640 ὑποδυσκρυϐῆναι
3085 1569 3434 1640 δυνήσομαι,
3484 1565 3594 1637 ἆρα
3659 1568 3856 1630 σκότος

2271 1660 2610 1730 κατακρύψει
2666 1677 2753 1730 με,
2800 1655 2932 1713 εἶπα
2977 1661 3036 1712 ἐν
3095 1659 3364 1728 ὲμαυτῷς
3406 1658 3564 1712 τοῦτο
3607 1661 3747 1729 γὰρ,
3795 1661 3853 1712 το

2273 1752 2706 1821 καταπατήσει,
2729 1751 2884 1822 δηλοῖ
2907 1765 2921 1780 ⁶
2967 1751 3200 1822 κρύπτει
3232 1749 3342 1820 γὰρ
3372 1751 3434 1803 τὸ
3461 1750 3657 1819 ἔδαφος
3685 1751 3719 1802 6
3751 1767 3854 1802 πα-

2269 1843 2379 1898 τῶν
2408 1844 2560 1900 αὐτό.
2608 1839 2745 1899 Εἶτα
2785 1845 3032 1909 συνεῖκα,
3084 1845 3179 1897 καὶ
3225 1845 3260 1913 ἡ
3290 1842 3387 1908 νὺξ
3417 1842 3576 1912 αὑτὴ,
3611 1844 3848 1910 (saltavit;

2271 1935 2440 2000 ἐστιν,
2468 1937 2526 1989 ἐν
2549 1936 2627 2006 τῷ
2674 1934 2815 2005 Θεῷ,
2878 1937 2998 2007 ἦτοι
3055 1935 3204 2005 παρὰ
3231 1935 3310 2004 τῷ
3333 1934 3488 2006 Θεῷ·
3544 1935 3702 1988 τοῦτο
3741 1936 3851 2004 γὰρ

2272 2027 2448 2096 λέγει,
2490 2028 2705 2098 τρυφὴν
2762 2026 2962 2081 ἑαυτοῦ
2990 2044 3003 2057 ·
3033 2021 3095 2081 οὗ
3126 2027 3220 2079 καὶ
3283 2031 3382 2096 τὴν
3411 2027 3634 2096 μνήμην
3667 2028 3846 2096 μόνον,

2269 2117 2615 2186 εὐφροσύνην
2645 2120 2883 2186 ἡγεῖται*
2959 2115 3312 2185 Ἐμνήσθην
3346 2115 3480 2184 γὰρ,
3530 2116 3685 2185 φησι,
3744 2114 3850 2168 τοῦ

2276 2208 2448 2274 Θεοῦ,
2501 2209 2600 2262 καὶ
2647 2208 3028 2277 ηὐφράνθην,
3083 2206 3256 2275 ἔγνων
3284 2207 3366 2261 ὅτι
3413 2207 3536 2259 οὐδὲ
3565 2207 3623 2258 τὸ
3659 2206 3850 2267 σκότος

2277 2301 2484 2371 κρύψαι
2516 2318 2582 2371 με
2618 2302 2728 2355 ἀπὸ
2748 2301 2843 2354 τοῦ
2872 2300 3008 2354 Θεοῦ
3032 2299 3278 2353 δύναται.
3316 2357 3320 2360 _

571 2408 696 2455 tum
747 2396 852 2450 sibi
891 2409 1164 2449 summum
1209 2409 1330 2447 esse
1374 2392 1690 2445 arbitratur.
1747 2388 1952 2444 Memor
1983 2393 2160 2456 enim,
2197 2393 2410 2462 inquit.
2450 2393 2530 2462 fui
2563 2393 2688 2459 Dei,
2718 2401 2768 2446 et
2797 2392 3085 2449 delectatus
3107 2409 3226 2447 sum
3253 2391 3320 2448 3‘.
3385 2390 3618 2462 Cognovi
3687 2389 3848 2459 igitur

585 2487 730 2556 quod
764 2503 864 2540 nec
897 2487 1027 2555 ipsa:
1063 2485 1300 2539 tenebrae
1341 2484 1680 2538 abscondere
1721 2498 1808 2537 me
1844 2493 2102 2552 poterunt
2137 2499 2166 2536 a
2204 2483 2334 2540 Deo.

655 2578 821 2632 Vens.
854 2579 940 2631 1‘2.
984 2578 1122 2643 Quia
1167 2577 1389 2630 tenebrw
1435 2593 1538 2630 non
1580 2577 2002 2630 Obscurabuutur
2038 2586 2168 2632 ate.

583 2701 654 2712 --
680 2672 723 2724 A
752 2679 799 2723 te
823 2711 836 2733 ,
863 2666 1009 2722 dixit
1064 2684 1158 2738 pro
1191 2669 1348 2738 Apud
1399 2679 1480 2732 te,
1534 2667 1996 2738 quemadmodum
2031 2669 2171 2724 alius

586 2767 750 2818 etiam
786 2763 1054 2830 interpres
1091 2760 1350 2815 reddidit.
1386 2758 1519 2813 Num
1547 2774 1668 2828 qua:
1723 2759 1864 2828 apud
1901 2774 2002 2814 nos
2039 2767 2170 2814 sunt

586 2856 847 2917 tenebrae,
872 2851 1013 2920 apud
1048 2860 1101 2905 te
1130 2851 1368 2905 tenebrae
1389 2865 1495 2903 non
1527 2863 1647 2904 sun:
1677 2850 1808 2916 ;tibi
1833 2851 2031 2905 etenim
2054 2864 2172 2905 orn-

587 2950 674 3000 nia
710 2945 916 3000 luceut.
956 2943 1162 2998 Deinde
1205 2945 1377 3012 magis
1405 2942 1678 3005 ’deelarat,
1709 2941 1901 2995 dicens
1933 2958 1950 2994 :

661 3037 728 3090 Et
757 3051 861 3090 non:
892 3036 1028 3091 sicut
1058 3035 1166 3088 dies
1197 3033 1610 3087 illuminabitur.
1636 3033 1789 3102 Apud
1829 3042 1882 3088 te
1909 3032 2136 3088 scilicet.

657 3215 804 3272 Sicut
837 3215 1060 3269 tenebrae
1087 3212 1199 3282 ejus
1226 3252 1241 3278 ,
1275 3211 1349 3264 ita
1382 3219 1431 3264 et
1458 3211 1549 3264 tua:
1580 3211 1713 3278 ejus.
1752 3210 1905 3263 Sicut
1936 3212 2173 3264 tenebras

588 3309 708 3379 ejus
756 3307 936 3360 noctis
967 3303 1163 3358 lucida:
1203 3311 1333 3356 sunt
1385 3301 1526 3371 apud
1560 3313 1609 3354 te
1634 3342 1648 3364 ,
1695 3300 1774 3355 sic
1802 3302 1965 3354 etiam
1996 3310 2049 3354 et
2073 3301 2164 3354 lux
2195 3314 2237 3370 ε

589 3400 718 3464 diei,
751 3398 854 3451 hoc
881 3405 968 3452 est
992 3395 1100 3450 duo
1125 3395 1238 3448 haec
1260 3407 1413 3457 aeque
1443 3407 1502 3446 se
1528 3393 1728 3446 habent
1749 3393 1891 3462 apud
1918 3400 1991 3455 te,
2023 3408 2176 3462 aeque

587 3495 796 3552 lucent,
821 3502 974 3557 teque
1001 3485 1396 3556 splendescunt
1420 3501 1434 3550 ;
1465 3483 1620 3553 juxta
1667 3486 1766 3538 hoe
1787 3525 1800 3549 ,
1830 3499 2036 3538 sensus
2062 3495 2173 3551 est,

595 3582 741 3653 quod
765 3580 950 3636 omnia
977 3577 1118 3647 apud
1157 3578 1322 3631 Deum
1354 3576 1642 3632 manifesta
1680 3586 1829 3630 sunt.
1858 3575 2175 3647 lutelligun-

595 3684 685 3728 tur
716 3674 877 3728 etiam
918 3670 1033 3724 Ita-c
1059 3668 1225 3723 verba
1261 3669 1416 3737 juxta
1452 3667 1618 3720 alium
1671 3681 1893 3722 sensum
1931 3684 1944 3720 :
1976 3665 2178 3720 Teuta-

593 3769 830 3830 tionum,
864 3763 1064 3833 inquit,
1094 3771 1260 3831 atque
1289 3757 1638 3813 aﬂlictionum
1667 3759 1906 3812 tenebris
1938 3758 2177 3828 stipatus

589 3860 699 3912 daxi
738 3874 753 3911 ε
787 3844 1300 3926 (ιυοιΓίεῐιιοῑὶοηεε
1328 3850 1556 3906 forsitan
1584 3850 1688 3905 mei
1719 3849 2176 3916 dominabuntur,

593 3964 784 4003 Verum
816 3957 868 4000 te
897 3946 969 3999 ita
1000 3943 1352 4015 postmodum
1382 3940 1615 4005 volente,
1653 3955 1759 3994 nox
1793 3939 1881 3993 illa
1916 3941 2176 4010 nigroris,

591 4033 918 4094 illuminatio
964 4036 1164 4091 laetitia:
1195 4035 1324 4088 mihi
1353 4033 1542 4088 ellecta
1567 4043 1671 4088 est.
1731 4033 1960 4102 Reliqua
2011 4034 2175 4088 etiam

591 4137 1000 4200 consequenter
1033 4126 1312 4196 praedictis
1343 4123 1756 4195 interpretanda
1777 4134 1929 4180 sunt.
1969 4123 2179 4195 Grego-

593 4226 711 4278 rius
738 4238 871 4278 vero
915 4222 1231 4291 Theologus
1263 4219 1422 4274 aliter
1464 4219 1568 4274 hoc
1613 4217 1825 4273 dictum
1871 4218 2126 4288 exposuit
2163 4235 2178 4274 :

595 4317 712 4381 Me,
754 4316 966 4385 inquit,
1002 4304 1218 4369 deliciis
1253 4320 1519 4377 vacante,
1555 4327 1665 4367 nox
1696 4312 1786 4368 illa
1824 4307 2177 4380 deliciarum,

593 4425 715 4478 quae
768 4417 1009 4462 mentem
1055 4404 1414 4470 obtenebrat,
1458 4404 1574 4458 visa
1621 4405 1756 4459 mihi
1807 4414 1892 4461 est
1932 4407 2178 4476 quaedam

595 4516 716 4555 esse
745 4499 1074 4554 illuminatio
1105 4515 1118 4550 :
1148 4513 1255 4552 nox
1291 4497 1436 4552 enim
1460 4535 1476 4561 ,
1513 4495 1725 4566 inquit,
1766 4496 2011 4567 undique
2044 4498 2179 4552 mihi

601 4596 803 4648 misero
833 4602 956 4649 erat
977 4633 992 4659 ,
1023 4601 1080 4647 et
1110 4591 1448 4661 ignorabam.
1503 4589 1824 4646 Arbitrabar
1857 4591 2004 4646 enim
2043 4591 2179 4646 deli-

597 4686 710 4740 cias
740 4688 917 4740 lucem
945 4701 1086 4739 esse.

669 4777 832 4832 Vens.
864 4776 950 4830 i5.
984 4775 1245 4840 Quoniam
1276 4783 1330 4828 tu
1358 4776 1629 4844 possedisti
1650 4791 1824 4830 omnes
1847 4792 1991 4830 renes
2025 4791 2184 4832 meos.

2354 2582 2474 2634 Ὅτι
2497 2585 2718 2646 σκότος
2738 2582 2810 2634 οὐ
2839 2579 3302 2646 σκοτισθήσεται
3324 2579 3435 2632 ἀπο
3451 2577 3583 2630 σοῦ.
3610 2577 3832 2644 Ἤτουν,

2279 2673 2444 2742 Παρὰ
2476 2673 2594 2727 σοι’
2627 2672 2771 2725 οὕτω
2801 2674 2909 2741 γὰρ
2961 2673 3152 2740 ἕτερος
3200 2672 3468 2738 ἐξέδωκεν,
3501 2670 3582 2721 ὅτι
3613 2668 3674 2720 τὸ
3704 2671 3833 2736 παρ’

2277 2764 2410 2834 ἡμῖν
2439 2763 2656 2828 σκότος,
2713 2762 2814 2816 οὐκ
2861 2763 2946 2834 εἴη
3003 2747 3197 2824 σκότος
3251 2763 3398 2828 παρὰ
3432 2760 3548 2812 σοι’
3574 2757 3714 2812 ἀλλὰ
3749 2759 3842 2811 καὶ

2277 2856 2412 2909 αὐτὸ
2438 2855 2621 2925 φαίνει
2645 2872 2658 2886 ο
2702 2850 2823 2910 εἶτα
2851 2853 3142 2926 σαφηνίζει
3168 2853 3258 2907 τὸν
3280 2853 3462 2920 λόγον.

2350 3034 2457 3089 Καὶ
2487 3033 2604 3099 νὺξ
2641 3033 2722 3100 ὡς
2773 3031 2962 3102 ἡμέρα
3019 3031 3483 3102 φωτισθήσεται.
3549 3030 3702 3100 Παρὰ
3759 3032 3834 3084 σοὶ

2276 3126 2542 3195 δηλονότι.

2361 3220 2458 3286 Ὧς
2487 3221 2552 3275 τὸ
2581 3221 2802 3286 σκότος
2825 3218 3037 3287 αὐτῆς,
3070 3219 3222 3273 οὕτω
3247 3219 3347 3272 καὶ
3387 3218 3457 3272 τὸ
3481 3217 3609 3286 ςεῶς
3641 3213 3842 3285 αὐτῆς.

2285 3312 2372 3374 Ὠς
2405 3312 2465 3365 τὸ
2495 3313 2684 3375 σκότος
2717 3309 2812 3381 τῆς
2875 3311 3068 3373 νυκτὸς
3095 3309 3247 3378 παρὰ
3279 3308 3365 3360 σοὶ
3396 3308 3675 3376 φωτεινὸν,
3706 3307 3843 3360 οὕτω

2280 3412 2371 3459 καὶ
2393 3405 2579 3474 τὸίφῶς
2607 3404 2701 3474 τῆς
2724 3403 2956 3473 ἡμέρας
2981 3402 3256 3454 τουτέστιν
3274 3396 3369 3454 ἶσα
3391 3403 3533 3469 παρὰ
3557 3403 3636 3453 σοὶ
3659 3401 3843 3469 ἄμφω,

2281 3497 2374 3547 καὶ
2409 3496 2608 3566 ὁμοίως
2671 3497 2931 3563 φωτεινὰ..
3004 3495 3190 3548 Ταῦτα
3245 3496 3345 3564 μὲν
3399 3493 3644 3563 περὶτοῦ
3678 3496 3848 3545 πάντα

2283 3588 2495 3658 φανερὰ
2522 3583 2662 3640 εἶναι
2689 3587 2842 3658 παρὰ
2863 3586 2979 3651 θεῷ
3006 3603 3018 3616 ·
3074 3585 3324 3638 νοοῦνται
3354 3586 3411 3638 δὲ
3449 3587 3543 3636 καὶ
3584 3585 3704 3638 καθ’
3738 3584 3852 3637 ἑτέ-

2285 3694 2384 3747 ραν
2443 3678 2704 3745 διάνοιαν,
2770 3680 2854 3731 ὅτι
2910 3679 3338 3748 περιστοιχιθεὶς
3401 3679 3479 3746 τῷ
3511 3680 3695 3730 σκότει
3748 3678 3852 3728 τῶν

2284 3769 2630 3838 πειρασμῶν,
2683 3764 2814 3822 εἶπα
2863 3768 2982 3822 καθ’
3010 3771 3202 3821 ἑαυτόν
3224 3785 3237 3797 ’
3267 3770 3407 3837 Ἀρα
3435 3770 3854 3839 κατακυριεύσει

2283 3878 2352 3931 με
2386 3877 2400 3926 ;
2438 3857 2556 3914 εἶτα
2599 3863 2693 3914 σοῦ
2727 3862 3073 3932 θελήσαντος,
3109 3864 3202 3914 καὶ
3245 3864 3276 3933 ἡ
3311 3862 3405 3925 νὺξ
3462 3863 3562 3926 τῆς
3619 3863 3856 3930 ἀθυμίας

2284 3953 2565 4023 φωτισμδς
2615 3955 2954 4026 εὐφροσύνης
3021 3957 3243 4021 ἐγένετο
3269 3971 3282 3984 ·
3342 3953 3653 4017 ἀκολούθως
3683 3956 3739 4007 δὲ
3767 3958 3854 4007 καὶ

2281 4047 2348 4098 τὰ
2406 4045 2538 4116 ἑξῆς
2590 4047 2978 4119 ἐρμηνευτέον.
3038 4048 3097 4100 ’0
3145 4047 3200 4099 δὲ
3243 4046 3505 4113 Θεολόγος
3558 4047 3857 4116 Γρηγὸριος

2283 4139 2490 4209 ἑτέρως
2523 4140 2837 4210 ἡρμήνευσε
2872 4140 2932 4192 τὸ
2965 4140 3150 4209 ῥητὸν,
3177 4139 3260 4191 ὅτι
3309 4140 3624 4210 τρυφῶντάς
3660 4156 3791 4208 μου,
3822 4142 3858 4206 ἡ

2282 4232 2380 4295 νὺξ
2429 4233 2529 4303 τῆς
2589 4233 2802 4304 τρυφῆς
2833 4235 2865 4304 ὴ
2906 4234 3231 4296 σκοτίζουσα
3269 4235 3358 4286 τὸν
3397 4232 3546 4296 νοῦν,
3580 4232 3866 4301 σωτισμὸς

2283 4324 2456 4378 ἐδόκει
2501 4339 2624 4394 μοι’
2654 4324 2750 4387 νὺξ
2781 4324 2888 4396 γὰρ
2924 4321 3013 4392 ἦν,
3053 4325 3209 4394 φησι,
3267 4323 3394 4392 περὶ
3454 4323 3553 4391 ἐμὲ
3597 4323 3689 4374 τὸν
3752 4323 3868 4374 δεί-

2283 4419 2456 4483 λτιον,
2517 4418 2609 4471 καὶ
2664 4419 2936 4488 ἠγνόουν·
2994 4416 3272 4485 φωτισμὸν
3331 4412 3597 4485 εἶναιτὴν
3648 4414 3865 4484 τρυφὴν

2285 4513 2313 4563 ὑ
2326 4511 2459 4564 πελά
2467 4511 2691 4582 μϐανον.

2360 4785 2490 4835 Ὀτι
2553 4780 2636 4834 σὺ
2691 4780 2927 4846 ἐκτήσω
2981 4777 3124 4844 τοὺς
3185 4776 3447 4845 νεφρούς
3497 4791 3635 4843 μου.
3693 4775 3866 4840 ᾧησὶν

597 4871 702 4926 Per
746 4883 908 4922 renes
933 4883 1098 4932 suos,
1144 4867 1385 4937 seipsum
1441 4867 1748 4937 Propheta,
1805 4866 2172 4938 Chrysostomi

2283 4879 2312 4930 ὁ
2345 4875 2756 4945 Χρυσόστομος,
2793 4874 2875 4926 ὅτι
2931 4871 3170 4940 νεφροὺς
3200 4866 3440 4922 ἐνταῦθα
3487 4869 3516 4919 ὁ
3565 4867 3866 4936 προφήτης

594 4962 906 5027 sententia,
959 4961 1438 5030 circumloquitur,
1484 4959 1654 5014 veluti
1713 4975 1742 5014 a
1797 4970 1952 5030 parte
2007 4968 2182 5014 totum

595 5059 937 5114 describens.
989 5055 1256 5123 Quoniam
1312 5065 1366 5110 tu
1399 5095 1412 5120 ,
1448 5055 1652 5126 inquit,
1703 5056 1998 5126 possedisti
2055 5072 2180 5123 me,

598 5153 702 5206 hoc
729 5161 843 5215 est,
881 5150 1285 5221 possessionem
1327 5160 1474 5203 tuam
1515 5165 1601 5204 me
1641 5148 1871 5204 eﬂ‘ecisti
1903 5166 1917 5202 :
1949 5149 2175 5220 dignum

594 5245 855 5296 nimirum
889 5253 978 5296 tua
1001 5242 1366 5313 providentia.
1392 5242 1524 5295 Nam
1555 5241 1649 5311 qui
1673 5241 1880 5312 aliquid
1913 5242 2177 5311 possidet,
2207 5299 2222 5312 ,

594 5339 746 5392 illius
771 5338 938 5390 etiam
967 5352 1155 5391 curam
1195 5335 1377 5390 habet.

666 5429 931 5497 Adjuvisti
988 5446 1069 5483 me
1106 5430 1169 5484 de
1201 5438 1378 5483 ventre
1419 5429 1605 5484 matris
1642 5445 1792 5483 mea’.
1860 5428 1920 5483 In
1955 5435 2178 5497 septua-

593 5526 800 5594 gesimo
834 5524 998 5579 etiam
1027 5523 1237 5592 psalmo
1268 5523 1404 5579 dixit
1452 5540 1466 5578 :
1521 5522 1596 5577 De
1621 5529 1794 5577 ventre
1825 5521 2010 5575 matris
2050 5536 2179 5576 mea

667 5703 882 5758 “PSul.
933 5720 1114 5768 Lxxvt,
1177 5703 1230 5756 4.

2282 4972 2403 5024 ὅλον
2434 4967 2626 5022 ἑαυτὸν
2649 4968 2818 5035 λέγει,
2848 4965 2953 5019 ἀπὸ
2983 4965 3185 5036 μέρους
3218 4962 3280 5015 τὸ
3306 4961 3415 5014 πᾶν
3437 4975 3450 4991 ’
3477 4959 3562 5012 ὅτι
3598 4959 3662 5011 σὺ
3694 4959 3791 5010 sx:
3805 4960 3871 5026 ή-

2280 5080 2358 5116 σω
2397 5079 2486 5132 με,
2539 5061 2630 5113 σὺν
2674 5059 2861 5129 κτῆμα
2889 5056 3226 5126 πεποίηκας,
3265 5055 3362 5107 καὶ
3385 5051 3645 5122 προνοίας
3667 5050 3864 5116 ἀξιοῖς·

2281 5158 2308 5210 ὁ
2339 5156 2448 5225 γὰρ
2478 5151 2755 5224 κτώμενος
2779 5169 2850 5216 τι,
2873 5152 2968 5205 καὶ
2995 5151 3305 5220 προνοεῖται
3341 5144 3538 5200 αὑτοῦ.

2351 5426 2702 5483 Ἀντελάόου
2718 5440 2838 5494 μου
2859 5422 2926 5476 ἐκ
2947 5419 3206 5491 γαστρὸς
3236 5415 3464 5486 μητρός
3472 5427 3615 5481 μου.
3665 5410 3776 5463 Καὶ
3803 5409 3858 5460 ἐν

2283 5521 2360 5594 τῷ
2405 5521 2446 5575 o'
2495 5519 2697 5591 ψαλμῷ
2735 5513 2889 5571 εἶπεν
2912 5530 2926 5544 ·
2971 5516 3066 5566 Ἐκ
3098 5510 3332 5572 κοιλίας
3360 5504 3586 5575 μητρός
3619 5501 3699 5554 σύ
3739 5514 3857 5569 μου
