4032 6238
34 4466 73 4511 ξεν

47 4568 73 4602 ῗδ

56 4927 76 4965 β

31 5116 74 5163 εὗ

280 338 416 400 1257

1439 327 1828 391 COMMENT.
1884 326 1965 385 ΙΝ
2000 321 2361 385 PSALMOS.

3398 315 3421 380 Ῑ
3431 314 3534 380 233

273 468 325 503 ει
349 446 724 512 σκεπαστής·
749 442 808 511 ἐξ
866 441 1045 497 αὐτῶν
1079 440 1187 496 τῶν
1219 438 1574 510 σπαργάνων,
1607 436 1672 489 ὲκ
1699 432 1850 507 πρώ-

1982 448 2010 485 ιι
2040 447 2093 484 es
2127 437 2385 500 protector
2416 443 2557 481 meus
2577 468 2590 492 ,
2643 441 2710 481 ex
2746 424 2882 496 ipsis
2923 424 3183 481 nimirum
3209 425 3541 495 cunabulis,

276 561 375 612 της
405 541 640 613 ἡλικίας.
1110 598 1122 609 ,

360 630 921 703 Ἑξομολογήσομαί
975 645 1100 693 σοι,
1168 626 1258 681 ὅτι
1304 623 1568 695 φοϐερῶς
1600 621 1858 688 ἐθαυμα-

271 728 535 794 «eam.
575 724 751 779 Πολλὰ
781 720 1162 793 θαυμάζομεν,
1190 717 1306 774 ἀλλ’
1357 717 1419 771 οὐ
1470 715 1610 787 μετὰ
1642 714 1812 782 φόϐου
1837 728 1851 742 ⁶

276 814 410 883 οἷον,
463 816 636 885 κάλλη
666 815 762 869 καὶ
805 813 1010 886 μεγέθη
1040 811 1333 883 σωμάτων,
1363 808 1457 862 καὶ
1485 806 1859 876 οἰκοδομημά-

278 927 407 971 των,
440 907 538 962 καὶ
562 907 757 976 σοφίαν
808 905 1038 977 τεχνῶν,
1088 904 1186 958 καλ⁵
1213 902 1281 956 τὰ
1312 899 1559 956 τοιαῦτα·
1602 899 1683 962 είς
1708 898 1765 951 δὲ
1796 897 1859 951 τὸ

206 1010 211 1017 ‘
280 999 443 1065 βάθος
475 1000 575 1070 τῆς
601 998 886 1068 θαλάσσης
916 995 1357 1069 κατακύψαντες,
1391 992 1493 1063 οὐχ
1515 991 1702 1055 ἁπλῶς
1727 990 1860 1044 αὐτὸ

272 1090 655 1163 θαυμάζομεν,
676 1091 813 1146 ἀλλὰ
839 1089 978 1162 μετὰ
1004 1089 1194 1157 φόϐου.
1244 1086 1448 1141 Λοιπὸν
1470 1081 1569 1140 οὖν
1589 1087 1616 1140 ὁ
1640 1086 1858 1153 προφή-

277 1202 377 1254 της
421 1186 501 1247 είς
527 1184 588 1237 τὸ
626 1184 826 1254 ἀχανὲς
854 1183 1117 1250 πέλαγος,
1153 1181 1248 1234 καὶ
1286 1179 1379 1233 τὸν
1416 1179 1646 1251 ἄπειρον
1700 1176 1861 1247 βυθὸν

276 1278 379 1345 τῆς
413 1276 508 1330 τοῦ
541 1277 675 1331 Θεοῦ
706 1277 993 1348 δυνάμεως
1023 1274 1121 1328 καὶ
1153 1271 1371 1341 σοφίας,
1411 1273 1506 1324 καὶ
1546 1269 1863 1340 οἰκονομίας
1912 1304 1917 1311 -

280 1370 632 1440 παρακύψας,
662 1369 756 1424 καὶ
790 1368 1122 1438 ἰλιγγιάσας,
1154 1364 1248 1417 καὶ
1277 1362 1416 1435 μετὰ
1450 1362 1618 1432 φόϐου
1651 1360 1865 1430 θαυμά-

279 1479 404 1526 σας,
449 1461 800 1534 ἀνεχώρησεν
850 1464 987 1532 πρὸς
1026 1459 1242 1522 ἑαυτὸν,
1285 1455 1384 1509 καὶ
1430 1455 1731 1525 ἀνεϐόησεν
1755 1454 1859 1517 ὅτι,

281 1556 359 1610 Εὐ
367 1555 615 1627 χαριστῶ
638 1573 720 1610 σοι
754 1556 920 1627 μόνῳ.

352 1738 665 1808 Θιιυμάσια
710 1738 781 1792 τὰ
802 1737 947 1809 ἔργα
986 1752 1125 1793 σου.
1180 1737 1369 1791 Πάντα
1401 1735 1531 1807 γὰρ,
1581 1731 1770 1804 φησὶν,
1806 1732 1864 1785 ἐν

281 1831 447 1901 σοφίᾳ
479 1832 769 1902 ἐποίησας.

354 1922 464 1976 Καὶ
498 1924 536 1991 ἡ
563 1923 734 1992 ψυχή
784 1940 905 1992 μου
954 1922 1238 1994 γινώσκει
1277 1918 1535 1990 σφόδρα.
1594 1915 1860 1970 Γινώσκει

280 2015 366 2068 ὅτι
391 2017 493 2067 Dav
504 2015 686 2085 μαστά
713 2014 907 2070 ταῦτα.
1358 2018 1365 2027 “

348 2111 472 2164 Οὐκ
499 2088 723 2178 ἐκρύϐη
748 2111 815 2164 τὸ
845 2110 1074 2166 ὀστοῦν
1088 2128 1206 2179 μου
1234 2110 1354 2164 ἀπὸ
1401 2107 1541 2169 σοῦ,
1569 2106 1601 2159 ὃ
1656 2105 1862 2171 ἐποίηο
1936 2114 1949 2123 ‘

274 2211 400 2263 σας
436 2197 750 2268 ἐνκρυφῇ.
802 2200 1018 2269 Φανερά
1070 2214 1155 2252 σοι
1211 2199 1305 2252 καὶ
1336 2198 1368 2268 ἡ
1400 2195 1694 2258 διάπλασις
1746 2191 1859 2245 τῶν

279 2289 488 2343 ὀστέων
554 2308 680 2360 μου,
719 2289 756 2344 ἃ
787 2291 1054 2360 ἐποίησας
1087 2290 1269 2359 ἀφανῆ
1296 2283 1764 2355 ῦποκεκρυμμένα
1796 2282 1862 2350 τῇ

283 2384 472 2454 σαρκί.
488 2385 599 2437 Καὶ
631 2384 826 2448 ἄλλως
849 2384 1043 2438 ὀστοῦν
1061 2386 1094 2455 ἡ
1113 2383 1273 2454 γυνὴ,
1300 2384 1389 2436 ὅτε
1417 2381 1621 2449 ἔφαγεν
1639 2376 1746 2430 ἀπὸ
1764 2371 1860 2428 τοῦ

284 2475 484 2539 ξύλου·
547 2476 739 2531 ὀστοῦν
791 2478 900 2548 γὰρ
938 2478 1077 2548 αὑτὴ
1109 2476 1206 2530 τοῦ
1254 2475 1449 2544 Ἀδὰμ,
1493 2472 1617 2542 ἥτις
1644 2470 1709 2521 ὲκ
1765 2464 1869 2533 τῆς

285 2567 529 2637 πλευρᾶς
577 2566 744 2619 αὑτοῦ
802 2566 1342 2638 πλαστουργηθεῖσα,
1380 2566 1446 2635 ἢν
1495 2560 1760 2630 ἐποίησας
1804 2557 1864 2607 ὲν

285 2660 491 2727 κρυφῇ,
512 2657 771 2710 ἔκστασιν
826 2656 1108 2712 ἐπιϐαλὼν
1130 2657 1210 2728 τῷ
1249 2657 1441 2725 Ἀδάμ.

1957 530 2122 591 atque
2149 536 2181 576 a
2213 519 2388 591 prima
2416 528 2469 575 et
2496 528 2687 574 tenera
2719 526 2901 574 aetate.

2035 615 2197 670 Vens.
2243 613 2330 668 14.
2389 612 2683 681 Conﬁtebor
2730 611 2863 678 tibi,
2921 612 3168 677 quoniam
3243 614 3548 669 terribiliter

1959 707 2326 778 magniﬁcatus
2352 723 2425 761 es.
2466 705 2633 759 Multa
2669 720 2813 774 smpe
2844 704 3104 759 admirari
3136 704 3377 761 solemus
3400 746 3416 773 ,
3445 707 3546 763 sed

1960 803 2168 873 absque
2231 800 2344 855 ullo
2400 797 2842 864 timore,veluti
2908 797 3424 868 pulchritudinem,
3482 815 3549 855 ac

1964 891 2401 965 magnitudinem
2460 905 2791 961 corporum,
2846 889 3205 946 aediﬁciorum
3257 892 3463 959 etiam,
3495 899 3551 947 et

1961 988 2164 1042 artium
2195 983 2484 1041 scientiam
2509 1024 2524 1048 ,
2552 991 2717 1053 atque
2738 982 2845 1037 alia
2880 982 3237 1053 bujusmodi;
3284 999 3472 1038 verum
3504 985 3551 1038 si

1963 1079 2129 1134 maris
2161 1076 2588 1150 profunditatem
2615 1076 2915 1143 intuemur,
2958 1092 3067 1130 non
3101 1059 3422 1146 Simpliciter
3451 1076 3552 1130 ad-

1966 1174 2252 1236 miramur,
2283 1170 2378 1226 sed
2408 1185 2531 1225 cum
2571 1171 2787 1225 timore.
2834 1168 3100 1239 Propheta
3134 1169 3298 1241 igitur
3331 1180 3550 1228 vastum

1964 1266 2189 1335 pelagus
2232 1271 2393 1334 atque
2440 1263 2761 1316 immensum
2812 1260 3010 1316 divina:
3044 1261 3325 1327 sapientia:
3356 1269 3553 1332 poten-

1967 1356 2167 1423 tiaeque
2197 1362 2251 1409 et
2277 1352 2772 1409 administrationis
2802 1351 3129 1423 profundum
3161 1353 3391 1408 intuitus
3422 1394 3437 1419 ,
3470 1362 3554 1406 at-

1964 1459 2071 1511 que
2131 1442 2415 1498 oculorum
2480 1442 2799 1513 vertiginem
2846 1458 3086 1513 passus,
3160 1458 3283 1497 cum
3353 1445 3555 1498 timore

1967 1544 2131 1605 atque
2177 1533 2543 1589 admiratione
2593 1534 2649 1588 in
2682 1534 2921 1603 seipsum
2973 1548 3227 1589 reversus
3254 1572 3271 1599 ,
3298 1531 3555 1586 clamavit

1965 1626 2157 1683 dicens
2190 1625 2448 1682 :ﬂratias
2482 1626 2576 1682 tibi
2611 1626 2710 1681 soli
2742 1641 2919 1697 agam.

2044 1721 2319 1777 Hirabilia
2351 1736 2511 1791 opera
2544 1728 2658 1774 tua.
2707 1718 2900 1775 Omnia
2928 1719 3104 1784 enim,
3129 1718 3331 1790 inquit,
3372 1719 3426 1774 in
3462 1734 3556 1776 sa-

1898 1817 1937 1870 li
1969 1814 2171 1885 pientia
2204 1813 2404 1869 iecisti.

2044 1904 2111 1959 Et
2158 1906 2340 1959 anima
2398 1920 2514 1957 mea
2554 1902 2815 1974 cognoscit
2860 1901 3031 1955 valde.
3073 1899 3367 1972 Cognoscit
3409 1902 3556 1972 quod

1971 1999 2085 2054 hinc
2118 1996 2442 2052 admiranda
2478 2005 2627 2051 sunt.

2042 2087 2206 2142 Vens.
2256 2086 2343 2140 15.
2382 2082 2507 2138 Non
2536 2093 2614 2138 est
2654 2084 2972 2137 occultatum
3012 2098 3070 2136 os
3121 2097 3295 2135 meum
3339 2082 3432 2134 abs
3471 2088 3519 2135 te
3544 2119 3560 2144 ,

1966 2186 2109 2251 quod
2130 2180 2300 2250 fecisti
2329 2181 2384 2234 in
2418 2179 2744 2233 abscondito.
2786 2177 2923 2233 Nota
2962 2192 3027 2232 ac
3068 2177 3359 2233 manifesta
3392 2176 3558 2231 etiam

1969 2271 2069 2327 tibi
2125 2281 2208 2327 est
2255 2271 2464 2326 ossium
2530 2285 2780 2325 meorum
2847 2269 3123 2334 formatio,
3180 2284 3276 2325 seu
3328 2269 3560 2325 creatio.

1969 2361 2044 2417 Ea
2075 2362 2275 2417 etenim
2306 2362 2476 2417 latere
2517 2361 2733 2426 fecisti,
2766 2370 2931 2432 atque
2974 2361 3091 2431 ipsa
3121 2362 3557 2430 carnecontegi.

1970 2450 2068 2505 Vel
2101 2451 2257 2506 aliter
2281 2466 2296 2505 :
2340 2449 2432 2516 Os,
2467 2451 2571 2506 hoc
2600 2462 2703 2516 est,
2732 2452 2927 2505 mulier
2955 2451 3096 2519 ipsa,
3125 2465 3233 2505 non
3263 2459 3348 2506 est
3373 2450 3564 2504 occul—

1974 2550 2123 2605 tata,
2184 2542 2404 2612 quando
2460 2541 2697 2595 comedit
2754 2540 2821 2595 de
2864 2539 3032 2610 ligno.
3087 2542 3196 2596 Eva
3243 2540 3446 2595 ctenim
3498 2554 3565 2595 os

1975 2634 2175 2690 dicitur
2224 2634 2325 2686 viri
2385 2632 2469 2687 sui
2531 2630 2702 2685 Adam
2731 2673 2747 2701 ,
2779 2646 2844 2687 eo
2897 2631 3041 2702 quod
3096 2647 3164 2687 ex
3213 2632 3360 2687 illius
3408 2640 3564 2687 costa

281 2721 468 2804 creata
512 2759 635 2815 est,
672 2750 827 2819 juxta
891 2750 1022 2805 illud
1056 2767 1071 2807 ε
1110 2721 1249 2803 Hoc‘
1279 2721 1415 2803 nunc
1463 2763 1520 2801 os
1566 2761 1631 2799 ex
1660 2742 1860 2798 ossibus
1901 2729 2028 2787 meis
2057 2726 2104 2759 ⁶¹
2142 2765 2158 2790 ,
2194 2739 2357 2796 quam
2403 2724 2456 2778 in
2511 2724 2726 2780 occulto
2803 2724 2925 2780 ideo
2975 2724 3172 2782 fecisse
3229 2721 3373 2779 Deus
3430 2723 3568 2779 dici-

287 2858 393 2909 tur,
431 2846 557 2914 quia
593 2845 853 2900 exstasim
891 2860 1020 2901 tunc
1055 2845 1281 2900 immisit
1314 2845 1455 2899 Deus
1490 2842 1545 2895 in
1575 2842 1769 2895 Adam.

355 2936 520 3003 Καίή
558 2938 899 3001 ὑπόστασίς
946 2954 1065 3005 μου
1095 2936 1166 2989 ἐν
1191 2935 1315 3000 τοῖς
1338 2932 1696 2998 κατωτάτοις
1760 2932 1871 3000 τῆς

281 3026 418 3097 γῆς.
452 3029 668 3097 Φανερά
696 3044 779 3081 σοι
803 3029 898 3080 καὶ
928 3029 961 3097 ἡ
994 3027 1155 3079 οὐσία
1184 3024 1278 3078 τοῦ
1316 3025 1565 3094 σώματός
1593 3042 1718 3095 μου,
1744 3025 1777 3095 ή
1811 3025 1868 3077 ὲν

2054 2935 2121 2990 Et
2157 2936 2457 2990 substantia
2504 2950 2617 2988 mea
2674 2934 2727 2987 in
2775 2932 3113 3004 inferioribus
3159 2940 3334 2987 terra}.
3385 2931 3567 2987 Mani'

1976 3026 2115 3081 festa
2161 3029 2325 3081 etiam
2375 3024 2473 3081 tibi
2504 3035 2586 3080 est
2637 3025 2887 3094 corporis
2924 3024 3027 3079 mei
3058 3024 3364 3080 substantia
3392 3064 3409 3091 ,
3443 3039 3566 3094 quae

276 3119 365 3188 fu}:
407 3117 561 3187 βάθει
610 3116 713 3185 τῆς
753 3117 858 3187 γῆς
910 3113 1290 3186 κρυπτομένη,
1335 3113 1428 3167 καὶ
1453 3113 1694 3183 λυομένη
1724 3113 1867 3183 μετά

1982 3126 2098 3188 post
2142 3130 2370 3173 mortem
2403 3132 2579 3172 meam
2628 3115 2685 3170 in
2718 3125 2877 3171 terra:
2916 3114 3287 3186 profunditate
3325 3116 3563 3172 abscon-

283 3211 381 3263 τὸν
413 3210 666 3263 θάνατον’
688 3207 939 3261 τουτέστι
962 3209 1056 3261 καὶ
1085 3204 1554 3276 συμπηγνύμενον
1582 3207 1646 3274 τῇ
1665 3205 1869 3275 γαστρὶ

282 3300 391 3371 τῆς
443 3300 650 3371 μητρὸς
677 3300 810 3371 ὁρᾷς
838 3316 928 3368 με,
959 3300 1055 3353 καὶ
1102 3298 1365 3366 λυόμενον
1413 3290 1571 3358 αὖθις
1599 3296 1657 3347 ἐν
1688 3296 1869 3368 κοιλίᾳ

276 3394 387 3462 τῆς
417 3393 543 3461 γῆς.
573 3391 639 3445 ἸΙ
663 3394 756 3445 καὶ
784 3391 1008 3462 ἑτέρως·
1044 3389 1263 3458 Φανερά
1299 3407 1402 3452 σοι,
1436 3390 1531 3441 καὶ
1561 3387 1866 3452 ὑπόστασίς

281 3500 420 3557 μου,
453 3486 487 3554 η
520 3483 722 3548 πλάσις
767 3501 868 3553 μου
892 3500 905 3513 ·
928 3485 986 3553 ἡ,
1021 3482 1215 3553 ὥσπερ
1266 3484 1325 3535 ἐν
1369 3484 1482 3545 τοῖς
1523 3484 1869 3545 κατωτάτοις

274 3577 391 3647 τῆς
443 3578 571 3647 γῆς,
621 3578 679 3630 ὲν
719 3578 832 3640 τοῖς
886 3575 1143 3644 ὲγκάτοις
1189 3575 1292 3645 τῆς
1348 3576 1626 3646 μητρικῆς
1676 3576 1871 3647 νηδύος

274 3668 653 3739 ὑφαινομένη.

367 3760 437 3814 Τὸ
466 3758 915 3828 ἁκατέργαστόν
935 3776 1055 3828 μου
1073 3755 1239 3813 εἶδον
1292 3761 1345 3812 οἱ
1375 3759 1675 3828 ὀφθαλμοί
1727 3772 1868 3813 σου.

276 3854 365 3909 Ἦ
393 3852 456 3907 τὸ
483 3852 578 3906 τοῦ
625 3851 867 3923 ὶμϐρῦου
913 3851 1289 3905 ἀδιατύπωτον
1316 3851 1486 3921 λέγει,
1535 3852 1706 3922 μήπω
1727 3849 1868 3915 ἐξει-

272 3944 633 4006 κονισθέντος
656 3946 714 3997 ὲν
744 3943 820 4013 τῷ
882 3944 1237 4015 ἐργαστηρίῳ
1292 3945 1392 4013 τῆς
1429 3943 1646 4014 φύσεως
1667 3960 1681 3975 ο
1709 3942 1741 4011 ἢ
1768 3941 1869 4014 τὴν

270 4033 385 4091 τοῦ
414 4034 535 4097 νοὸς
583 4034 747 4102 ἀτελῆ
797 4033 1031 4104 κίνησιν.
1094 4028 1283 4098 Οἶδας,
1311 4035 1501 4104 φησὶν,
1541 4032 1710 4103 κάμὲ,
1760 4032 1870 4101 πρὸ

272 4126 387 4182 τοῦ
425 4126 878 4198 διαμορφωθῆναί
921 4141 1011 4195 με’
1046 4126 1145 4181 καὶ
1186 4127 1314 4189 τοὺς
1366 4125 1663 4195 λογισμούς
1741 4142 1867 4196 μου,

276 4217 402 4288 πρὸ
426 4216 521 4270 τοῦ
554 4216 847 4288 κινηθῆναι
879 4217 1100 4281 αὐτούς.
1132 4212 1297 4281 Οἶδας
1334 4217 1513 4271 πάντα
1556 4216 1665 4289 πρὸ
1710 4217 1867 4286 γενέ-

280 4326 436 4374 cem;
470 4310 675 4365 αὐτῶν.

1971 3211 2130 3265 detur
2177 3219 2342 3280 atque
2390 3208 2744 3275 dissolvetur,
2788 3209 2893 3264 hoc
2951 3218 3077 3272 est,
3126 3216 3181 3264 et
3223 3220 3565 3279 compactum

1972 3318 2057 3357 me
2100 3301 2287 3357 vidisti
2347 3302 2402 3356 in
2458 3310 2614 3357 utero
2650 3300 2839 3355 matris
2898 3316 3074 3366 mete,
3125 3308 3180 3356 et
3237 3300 3562 3357 dissolutum

1973 3408 2168 3449 rursus
2204 3393 2412 3449 videbis
2441 3393 2492 3447 in
2528 3401 2683 3449 utero
2713 3402 2893 3449 terrae.
2926 3391 3024 3449 Vel
3051 3392 3215 3447 aliter
3243 3411 3259 3448 :
3291 3392 3428 3451 Nota
3466 3395 3566 3459 tibi

1972 3492 2056 3541 est
2083 3486 2445 3540 subsistentia
2478 3500 2595 3540 mea
2615 3526 2630 3551 ,
2657 3493 2711 3541 et
2742 3485 2997 3539 formatio
3029 3499 3180 3549 mea,
3216 3501 3336 3555 quae
3369 3488 3423 3542 in
3456 3504 3571 3543 mar

1973 3577 2112 3630 terni
2148 3577 2286 3631 uteri
2316 3576 2621 3632 visceribus
2644 3615 2659 3641 ,
2697 3575 2864 3629 veluti
2904 3575 2960 3630 in
2994 3583 3155 3632 terra:
3186 3578 3565 3645 inferioribus,

1971 3673 2226 3718 contexta
2258 3673 2364 3719 est.

2044 3753 2209 3808 Vens.
2250 3755 2334 3810 lli.
2368 3754 2741 3825 Imperfectum
2774 3773 2857 3810 me
2893 3757 3131 3813 viderunt
3153 3758 3292 3814 oculi
3323 3760 3421 3814 tui.
3458 3760 3569 3813 Aut

1972 3847 2309 3902 cmbrionem
2349 3845 2640 3902 informem
2671 3846 2924 3915 intelligit
2950 3886 2965 3909 ,
2999 3848 3092 3918 qui
3123 3848 3179 3903 in
3211 3857 3422 3904 natura:
3453 3850 3570 3904 olli—

1973 3940 2095 3994 cina
2128 3940 2353 4011 figuram
2406 3941 2589 3998 adhuc
2624 3944 2831 3998 nullam
2864 3956 3151 4016 acceperat
3177 3988 3192 4011 ,
3229 3953 3322 4001 aut
3356 3943 3565 4017 impor-

1976 4029 2178 4086 fectum
2212 4033 2414 4088 mentis
2437 4042 2666 4089 motum.
2697 4033 2873 4099 Nosti,
2899 4036 3097 4107 inquit,
3138 4053 3221 4093 me
3246 4041 3562 4108 priusquam

1977 4115 2265 4188 formarer,
2299 4132 2353 4178 et
2400 4125 2762 4195 (agitationes
2798 4143 2948 4183 meas
3005 4129 3326 4199 priusquam
3380 4145 3568 4185 move-

1976 4221 2189 4279 rentur,
2233 4216 2335 4271 hoc
2386 4225 2513 4283 est,
2567 4220 2710 4273 nosti
2767 4220 2991 4284 omnia,
3049 4228 3345 4290 antequam
3411 4223 3566 4276 fiant.

1978 4307 2134 4365 Unde
2165 4310 2307 4364 alius
2337 4311 2607 4381 interpres
2640 4311 2875 4367 reddidit
2907 4330 2922 4367 :
2963 4312 3261 4384 Informem
3302 4332 3381 4370 me
3420 4317 3567 4371 vidc-

1976 4413 2099 4457 runt
2136 4403 2273 4457 oculi
2303 4406 2399 4458 tui.

366 4489 477 4543 Kal
506 4488 605 4543 ἐπὶ
634 4488 703 4542 τὸ
721 4490 968 4555 ,βιϐλίον
1008 4507 1127 4545 σου
1166 4491 1394 4557 πάντες
1428 4489 1866 4560 magonum-tm.

2048 4499 2113 4550 In
2166 4497 2300 4551 libro
2344 4507 2434 4552 tuo
2491 4515 2668 4553 omnes
2725 4499 3043 4554 scribentur.
3107 4499 3275 4557 Liber
3330 4499 3425 4556 Dei
3483 4512 3570 4556 cst

275 4582 509 4638 Βιϐλεον
541 4582 678 4635 Θεοῦ
718 4585 749 4652 ἡ
788 4583 1025 4655 ἀκριϐὴς
1049 4584 1271 4651 γνῶσις·
1309 4582 1499 4652 Γραφὴ
1525 4583 1582 4637 δὲ
1617 4584 1809 4651 αὐτοῦ,
1835 4586 1869 4655 ἡ

273 4675 549 4745 διηνεκὴς
582 4676 793 4746 μνήμη.
839 4675 928 4729 Ἐν
958 4677 1060 4745 μὲν
1080 4675 1271 4747 οὖντῷ
1322 4676 1511 4748 βιϐλίῳ
1560 4679 1660 4748 τῆς
1693 4679 1871 4750 ἁπλῆς

274 4765 551 4837 γνώσεως
586 4768 887 4835 γράφονται
929 4768 1116 4832 ἁπλῶς
1173 4769 1394 4835 πάντες,
1432 4773 1526 4825 καὶ
1548 4773 1750 4827 δέκαιοι
1778 4776 1872 4828 καὶ

281 4857 614 4929 ἁμαρτωλοί
640 4873 654 4887 ο
705 4859 763 4909 ἐν
797 4857 854 4910 δὲ
887 4857 963 4928 τῷ
993 4858 1092 4926 τῆς
1145 4860 1270 4912 κατ’
1305 4862 1583 4915 οἱκεὶωσιν
1614 4866 1870 4932 γνώσεως

280 4948 601 5016 γράφονται
629 4947 781 5019 μόνοι
805 4948 854 5000 oi
880 4948 1100 5003 δίκαιοι.

1979 4606 2193 4647 summa
2240 4591 2360 4661 ejus
2417 4591 2689 4657 scientia;
2744 4589 3028 4660 Scriptura
3093 4606 3242 4652 vero.
3305 4602 3567 4662 perpetua

1979 4685 2260 4737 memoria.
2303 4683 2362 4737 In
2397 4682 2536 4737 libro
2587 4682 2752 4753 igitur
2805 4684 3001 4739 divina:
3046 4683 3290 4740 scientiae
3318 4724 3334 4748 ,
3374 4700 3568 4746 omnes

1980 4775 2315 4835 scribentur,
2360 4784 2465 4828 tam
2498 4773 2632 4842 justi
2664 4788 2827 4842 quam
2864 4783 3203 4844 peccatores.
3234 4775 3437 4832 Verum
3478 4776 3570 4831 hic

1978 4866 2177 4919 divinae
2236 4864 2481 4919 scientiae
2532 4864 2690 4929 liber,
2744 4865 2918 4934 magis
2957 4873 3042 4920 est
3091 4866 3441 4921 universalis.
3470 4865 3570 4919 Est

1970 4957 2170 5013 etenim
2203 4955 2345 5010 alius
2374 4955 2514 5010 liber
2555 4955 2799 5011 scientia:
2847 4956 2940 5011 Dei
2975 4959 3148 5029 magis
3180 4956 3423 5027 privatus
3449 4995 3465 5020 ,
3502 4957 3561 5012 in

285 5059 411 5116 quo
438 5046 538 5100 soli
567 5047 702 5115 justi
729 5046 1051 5102 scribuntur
1078 5061 1170 5101 :ra
1206 5048 1439 5112 ratione,
1465 5052 1609 5120 quod
1652 5068 1746 5109 ros
1774 5065 1985 5112 tantum
2018 5070 2390 5127 cognoscere,
2429 5055 2532 5112 hoc
2562 5065 2645 5110 est
2668 5093 2684 5119 ,
2705 5057 3008 5125 approbare
3047 5054 3284 5117 dicitur;
3321 5051 3476 5120 juxta
3505 5047 3560 5102 id

280 5142 436 5213 quod
466 5141 729 5211 scriptum
772 5150 849 5196 est
880 5160 892 5195 :
921 5140 1082 5197 Novit
1120 5140 1376 5194 Dominus
1395 5143 1504 5195 vias
1525 5143 1785 5209 iustorum
1804 5149 1873 5201 ⁸³.

379 5230 622 5310 Ἡμέρας
650 5231 1138 5299 πλαιν-θήσονται,
1170 5232 1267 5286 καὶ
1293 5234 1496 5300 οὐδεὶς
1523 5236 1594 5290 ἐν
1641 5239 1868 5305 αὐτοῖς.

297 5321 399 5377 Ἑν
461 5324 600 5391 φωτὶ
641 5324 736 5377 τοῦ
804 5325 961 5393 ἁγίου
1012 5323 1351 5393 ῐινεύματος.
1419 5326 1826 5398 πλασοήσονται
1854 5370 1870 5395 ,

280 5413 495 5468 πλάσιν
525 5414 623 5484 τὴν
650 5415 883 5486 ἀρίστην
926 5433 983 5469 νε
1017 5416 1113 5469 καὶ
1162 5416 1592 5488 καθαρωτάτην,
1634 5422 1729 5474 καὶ
1772 5422 1871 5492 τῆς

278 5506 638 5576 νυκτερινῆς,
672 5510 766 5561 καὶ
795 5508 1119 5578 σωματικῆς
1152 5509 1451 5564 ἀντίθετον
1480 5514 1575 5566 καὶ
1602 5515 1659 5567 ὲν
1687 5513 1871 5579 αὐτοῖς

275 5596 405 5661 col;
437 5597 515 5663 ὡς
546 5600 760 5673 εἴρηται
789 5602 1177 5673 γραφομένοις,
1209 5602 1383 5668 οὐδείς
1415 5606 1584 5673 ἐστιν,
1620 5606 1695 5671 ὡς
1722 5606 1874 5679 3-31}-

356 5785 417 5818 ’⁸³
450 5783 583 5842 Gen.
629 5785 808 5848 ".23.
886 5785 933 5817 ⁸³
977 5784 1121 5839 l’sal.
1166 5802 1203 5847 ι,
1231 5783 1283 5838 6.

624 5885 902 5946 ΡΑτιιοι.
945 5884 1064 5943 Gn.
1109 5881 1449 5946 CXXVIII.

2055 5238 2153 5293 Die
2198 5238 2590 5308 formabuntur,
2626 5247 2675 5293 et
2721 5255 2870 5293 nemo
2921 5240 2976 5292 in
3018 5240 3111 5291 eis.
3162 5232 3567 5289 Formabuntur

1966 5320 2031 5385 in
2061 5331 2181 5387 luce
2232 5332 2407 5386 sancti
2440 5330 2678 5401 Spiritus
2701 5369 2717 5393 ,
2753 5329 3077 5405 formatione
3122 5326 3379 5380 nimirum
3410 5324 3557 5393 opti-

1973 5440 2061 5480 ma
2123 5431 2177 5479 et
2243 5424 2648 5489 mundissima,
2705 5438 2827 5494 qua:
2880 5418 3196 5476 formationi
3260 5416 3558 5479 materiali,

1975 5530 2160 5591 atque,
2195 5526 2253 5573 ut
2282 5518 2356 5572 ita
2388 5518 2588 5583 dicam,
2625 5524 2911 5571 nocturna
2943 5523 3028 5569 est
3061 5511 3335 5569 contraria
3369 5526 3384 5565 :
3420 5518 3474 5565 et
3500 5509 3557 5564 in

1971 5611 2050 5667 eis
2074 5653 2088 5678 ,
2116 5613 2209 5682 qui
2241 5613 2294 5667 in
2326 5626 2391 5667 eo
2419 5611 2557 5667 libro
2597 5609 2787 5679 scripti
2821 5619 2972 5673 sunt,
3004 5614 3066 5662 ut
3097 5605 3335 5660 diximus
3357 5645 3373 5671 ,
3406 5616 3569 5660 nemo

3120 5880 3196 5942 ιιΟ
