4102 6206
529 297 665 362 125⁸)

1742 279 2133 341 ΕΟΤΠΥΜΙΙ
2175 275 2532 336 ΖιΟΑιιΕΧι

3640 270 3786 334 Ῑὲὗθ

523 423 604 464 est
634 451 647 473 ,
687 407 776 478 qui
828 404 1186 475 spiritualiter
1235 415 1299 454 eo
1341 406 1496 469 pacto
1543 396 1805 450 formatus
1845 411 1952 446 non
1985 393 2056 447 sit
2091 408 2102 444 :

2233 409 2402 456 .ωται,
2419 389 2805 458 πνευματικῶς
2828 388 2903 460 μὴ
2926 387 3266 458 ρυθμισθεὶς,
3291 388 3383 442 καὶ
3401 386 3788 448 ἁπευθυνθείς·

526 499 880 569 spiritualiter
933 493 1223 553 nimirum,
1267 497 1326 542 ut
1371 488 1647 548 diximus,
1697 483 2097 542 concinnatus,

526 609 589 646 ac
643 592 905 643 directus.
956 584 1066 638 Nos
1122 583 1287 653 igitur
1340 589 1398 634 ut
1453 577 1731 648 potuimus
1772 573 2100 628 versiculum

522 684 669 736 hunc
697 677 1118 739 declaravitaus,
1151 683 1366 743 sumpta
1395 667 1754 740 expositionis
1789 665 2099 731 occasione,

439 778 464 797 "
527 792 589 829 ex
643 771 905 849 Gregorio
955 768 1252 838 Tlteolugo.
1309 764 1734 836 Chrysostomus
1787 774 1915 813 vero
1963 756 2104 811 dil'ii-

529 868 785 920 cultatetu
839 872 1003 932 atque
1044 861 1438 915 obscuritatem
1478 856 1642 925 huius
1670 850 1926 908 versiculi
1969 865 2107 904 cou-

527 960 712 1013 fessus
742 997 755 1020 ,
787 970 1006 1010 sensum
1041 950 1420 1007 tantummodo
1449 965 1514 1002 ex
1543 949 1650 1003 alio
1683 945 1906 1000 adducit
1936 944 2108 997 inter-

529 1061 701 1122 prete.
750 1051 1044 1105 lnl'ormem
1089 1062 1206 1110 me,
1254 1045 1472 1114 inquit,
1503 1042 1757 1096 viderunt
1789 1038 1931 1093 oculi
1984 1038 2058 1090 tui
2093 1052 2108 1099 ;

529 1157 690 1215 atque
722 1145 795 1199 ita
828 1143 1081 1197 viderunt
1110 1179 1124 1203 ,
1157 1149 1216 1192 ut
1248 1153 1341 1193 eos
1371 1136 1553 1192 vident
1587 1177 1601 1200 ,
1635 1134 1726 1204 qui
1769 1133 1822 1185 in
1850 1132 1987 1184 lihro
2018 1138 2113 1182 tuo

2222 487 2413 554 Ἡμεῖς
2449 484 2547 553 μὲν
2577 482 2670 536 οὖν
2700 481 3129 553 ἡρμηνεύσαμεν
3166 479 3242 538 ὡς
3265 473 3378 532 οἷόν
3412 495 3471 530 τε
3505 479 3564 530 τὸ
3595 479 3782 547 ῥητὸν,

2212 579 2276 628 ὲκ
2305 575 2396 628 τοῦ
2427 575 2694 642 Θεολόγου
2753 575 2790 625 Γ
2799 563 3058 643 ρηγορίου
3091 571 3351 634 λαϐόντες
3373 569 3472 641 τὴν
3503 571 3784 640 ἀφορμήν.

2223 670 2280 722 '0
2309 667 2364 721 δὲ
2404 667 2792 737 Χρυσόστομος
2824 665 3032 734 ἀσαφὲς
3077 663 3238 716 τοῦτο
3271 663 3442 731 λέγει,
3471 666 3566 714 καὶ
3615 662 3788 732 μόνην

2211 760 2421 814 ἔννοιαν
2447 759 2507 822 ἐξ
2535 741 2725 830 ἑτέρου
2753 757 3052 828 ἑρμηνείας
3081 755 3317 821 εἰσάγει·
3347 755 3432 807 ὅτι
3460 753 3786 823 ἀμόρφωτόν

2219 870 2286 922 με
2336 848 2478 905 εἶδον
2507 853 2556 904 οἱ
2607 851 2879 920 ὀφθαλμοί
2912 867 3006 902 σου
3034 865 3047 879 ·
3079 848 3224 902 οὕτω
3256 865 3323 918 με
3347 843 3508 911 εἶδον,
3535 846 3609 906 ὠς
3660 847 3791 907 τους

2214 943 2308 998 ἐπὶ
2358 942 2420 995 τὸ
2473 942 2678 1012 βιϐλίον
2735 959 2828 994 σου
2875 939 3318 1010 γεγραμμένους,
3365 939 3493 1000 τοὺς
3521 938 3791 1005 εὐκαέρως

2216 1037 2593 1100 πλασθέντας,
2646 1038 2742 1090 καὶ
2794 1036 3050 1105 οὐδεμίας
3090 1034 3307 1104 ἡμέρας
3334 1033 3618 1099 δεομένους
3651 1071 3666 1094 ,
3711 1032 3790 1094 εἰς

2217 1129 2567 1199 ἀπαρτισμὸν
2627 1128 2901 1193 πλάσεως.

528 1240 718 1309 scripti
777 1245 904 1290 sunt
941 1254 954 1291 :
990 1251 1106 1300 eos,
1137 1235 1354 1302 inquam
1390 1274 1404 1296 ,
1435 1231 1524 1299 qui
1567 1231 1618 1283 in
1677 1236 1918 1295 tempore
1947 1263 1964 1291 ,
1997 1224 2098 1277 hoc
2137 1231 2220 1276 est
2247 1264 2259 1287 ,
2297 1225 2619 1293 tempestive
2661 1225 2830 1278 creati
2861 1232 2915 1278 et
2961 1222 3073 1276 nati
3097 1229 3227 1276 sttnt
3252 1261 3266 1286 ,
3305 1220 3380 1274 ita
3433 1227 3493 1273 ut
3553 1233 3619 1271 ue
3685 1225 3794 1269 una

528 1338 744 1405 quidem
795 1335 908 1388 dies
946 1335 1013 1386 ait
1060 1331 1352 1402 perlectam
1401 1343 1591 1383 eorum
1640 1326 1972 1381 creationem
2010 1321 2244 1376 deficiat.

609 1429 768 1481 Vens.
801 1427 884 1480 l7.
940 1426 1068 1480 Mihi
1117 1434 1292 1478 autem
1338 1420 1490 1476 valde
1519 1419 1765 1473 honorati
1810 1424 1933 1470 sunt
1966 1414 2121 1468 amici

533 1524 630 1587 tui,
656 1521 816 1574 Deus.
855 1519 1028 1574 Amici
1071 1517 1162 1572 Dei
1194 1523 1343 1579 sunt,
1377 1514 1690 1584 quicunque
1718 1525 1810 1579 per
1835 1509 2116 1570 virtutem,

531 1612 958 1665 f':uuili:u'itateut
995 1625 1056 1663 ac
1095 1605 1534 1663 benevolentiam
1574 1602 1694 1670 ejus
1727 1599 2120 1669 adipiscuntur.

543 1705 640 1756 Vos
670 1702 814 1755 enim
839 1742 852 1765 ,
886 1699 1099 1768 inquit,
1129 1699 1285 1750 amici
1320 1697 1420 1750 mei
1451 1695 1576 1748 estis
1603 1693 1672 1748 ⁸⁸.
1709 1689 1933 1747 Virtutis
1962 1688 2125 1756 igitur

534 1809 643 1847 nun
687 1793 910 1846 minima
945 1805 1070 1860 pars
1100 1796 1182 1842 est
1209 1829 1223 1853 ,
1255 1789 1461 1841 amicos
1489 1785 1580 1838 Dei
1615 1785 1904 1838 honorare.

611 1885 770 1939 Valde
808 1884 1198 1953 prwvaluerunt
1242 1880 1577 1950 principatus
1611 1892 1813 1930 eorum.
1863 1874 2014 1930 Alius
2041 1875 2120 1928 in-

536 1988 752 2048 terpres
780 2016 794 2042 ,
829 1975 1024 2043 Capita
1070 1959 1254 2028 eorum
1291 1971 1429 2025 dixit
1455 2010 1472 2038 ,
1503 1971 1606 2024 hoc
1637 1977 1722 2023 est
1754 2008 1769 2034 ,
1798 1968 1902 2037 ipsi
1961 1967 2122 2020 amici

535 2074 652 2127 hei.
687 2070 874 2125 Fortes
901 2069 1044 2122 enim
1067 2107 1082 2131 ,
1117 2065 1328 2135 inquit,
1361 2063 1490 2117 iacti
1530 2071 1660 2116 sunt
1687 2061 1885 2114 virtute
1909 2099 1922 2122 ,
1964 2058 2122 2123 adeo,

536 2172 595 2217 ut
631 2177 659 2215 a
691 2161 840 2214 vitiis
880 2158 1132 2228 superari
1164 2172 1273 2211 non
1310 2155 1548 2226 possint.
1595 2153 1690 2208 Vel
1719 2167 1814 2222 per
1845 2151 1983 2220 print
2005 2151 2124 2219 ipa-

538 2267 647 2321 tus,
682 2254 977 2324 potentiam
1011 2259 1066 2306 et
1097 2249 1414 2304 facultatem
1444 2245 1705 2316 intellige,
1738 2258 1900 2313 quam
1935 2257 2124 2295 eorum

538 2347 919 2416 unusquisque
968 2342 1240 2398 adversus
1282 2338 1595 2394 immundos
1632 2336 1860 2404 spiritus
1901 2336 2126 2389 sortitus

538 2448 645 2495 est.
675 2437 998 2508 Signiﬁcare
1041 2443 1221 2488 autem
1270 2431 1401 2486 mihi
1435 2430 1651 2486 videtur
1680 2437 1792 2483 tam
1847 2427 2128 2498 apostolos

539 2544 702 2598 quam
735 2541 924 2580 eorum
979 2537 1332 2578 successores
1359 2563 1373 2586 ,
1405 2531 1459 2576 et
1511 2521 1648 2575 alios
1679 2534 1870 2575 omnes
1900 2518 2086 2572 lidelcs
2112 2556 2126 2582 ,

541 2623 584 2675 si
615 2619 704 2689 qui
742 2619 957 2672 illorum
993 2617 1186 2680 instar,
1225 2616 1422 2668 virtute
1450 2613 1651 2667 fuerint
1684 2611 1921 2681 praediti.

615 2709 780 2764 Vens.
814 2707 900 2763 18.
936 2704 1296 2760 Dinumerabo
1327 2719 1413 2758 eos
1442 2710 1490 2756 et
1534 2717 1689 2770 super
1719 2716 1938 2755 arenam
1993 2700 2130 2753 mu!-

547 2803 961 2871 tipficabuntur.
1028 2796 1212 2852 Utitur
1276 2795 1545 2864 Propheta
1595 2793 1764 2863 figura
1813 2791 2126 2864 hyperbole.

545 2896 822 2959 Couabor,
853 2893 1053 2963 inquit,
1081 2906 1178 2946 eos
1205 2891 1577 2953 dimuncrare,
1604 2896 1657 2943 et
1688 2888 1824 2941 adeo
1849 2889 2129 2940 immensa:

543 2997 708 3044 rruut
743 2984 1130 3048 multitudinis,
1168 2991 1228 3037 ut
1257 2997 1425 3052 supra
1472 2995 1762 3035 numerum
1803 2993 1924 3032 esse
1973 2992 2132 3046 repe—

543 3079 783 3132 riantur.
835 3075 929 3129 Est
962 3086 1145 3127 autem
1198 3072 1283 3126 hic
1332 3069 1555 3138 quidam
1607 3064 1864 3136 loquendi
1912 3064 2128 3119 modus.

2303 1413 2462 1483 Ἐμοί
2488 1413 2556 1468 δὲ
2577 1415 2721 1469 λίαν
2747 1413 3121 1484 ἐτιμήθησαν
3139 1415 3194 1466 οἱ
3215 1412 3374 1480 φίλοι
3401 1427 3540 1475 σοι),
3564 1413 3594 1462 ό
3628 1410 3791 1474 Θεός·

2219 1507 2365 1559 Φίλοι
2399 1507 2536 1560 Θεοῦ
2580 1509 2694 1560 ὅσοι
2720 1508 2788 1560 δι’
2829 1508 3033 1578 ἀρετῆς
3067 1504 3396 1559 οἱκειοῦνται
3424 1503 3541 1572 Θεῲ
3571 1519 3584 1531 ·
3637 1504 3793 1570 ὑμεῖς

2221 1600 2350 1666 γὰρ,
2381 1600 2569 1666 φησιν,
2593 1599 2739 1666 φίλοι
2771 1615 2873 1668 μου
2907 1597 3062 1650 ἐστέ·
3095 1598 3156 1650 οὐ
3193 1597 3393 1665 μικρὸν
3418 1593 3475 1646 δὲ
3518 1597 3610 1647 καὶ
3641 1594 3794 1646 τοῦτο

2227 1692 2391 1762 μέρος
2421 1693 2643 1762 ἀρετῆς,
2695 1690 2757 1744 τὸ
2784 1691 2952 1760 τιμᾷν
2977 1689 3102 1753 τοὺς
3129 1688 3318 1758 φίλους
3350 1686 3445 1740 τοῦ
3479 1685 3634 1740 Θεοῦ.

2295 1873 2448 1927 Λίαν
2474 1870 2964 1938 ἑκρωτιιιώθησαν
3010 1871 3069 1923 αἱ
3104 1865 3284 1936 ἀρχαὶ
3331 1866 3552 1920 αὐτῶν.
3587 1864 3794 1926 Ἀλλος,

2223 1963 2570 2032 Αἰκεφαλαὶ
2597 1959 2816 2024 αὐτῶν,
2843 1962 3013 2030 ἤγουν
3044 1961 3222 2022 αὐτοὶ,
3248 1959 3391 2012 κατὰ
3426 1955 3754 2027 περίφρασιν
3776 1974 3788 1986 ·

2229 2055 2460 2125 ἰσχυροὶ,
2515 2055 2702 2122 φησὶν,
2763 2054 3076 2122 γεγόνασιν,
3150 2052 3229 2114 εἰς
3259 2039 3505 2122 ἀρετήν·
3541 2050 3796 2117 ἀήττητοι

2225 2145 2446 2200 κακίαν.
2500 2146 2570 2196 Ἢ
2623 2143 2800 2215 ἀρχὰς
2858 2144 2968 2195 νόει
3024 2143 3124 2211 τὴν
3173 2140 3448 2210 ἐξουσίαν,
3507 2141 3574 2210 ἢν
3611 2139 3794 2192 ἔλαϐεν

2226 2239 2455 2301 ἕκαστος
2504 2237 2647 2291 κατὰ
2685 2236 3014 2305 πνευμάτων
3043 2233 3399 2306 ἀκαθάρτων·
3430 2233 3718 2286 αἰνίττεται
3740 2231 3792 2283 δὲ

2226 2331 2351 2392 τοὺς
2401 2329 2766 2392 ἀποστόλους,
2817 2330 2912 2381 καὶ
2939 2327 3065 2390 τοὺς
3098 2325 3380 2396 διαδόχους
3415 2324 3616 2393 αὐτῶν,
3645 2324 3676 2395 ἦ
3706 2325 3795 2376 καὶ

2226 2426 2353 2485 τοὺς
2388 2422 2510 2475 κατ’
2567 2422 2747 2476 αὐτῶν
2779 2421 2942 2483 ὄντας
2996 2420 3311 2490 ἐναρέτους.

2313 2686 2808 2757 Ἐξαριθμὴσομαι
2839 2683 3085 2749 αὐτοὺς,
3116 2683 3217 2737 καὶ
3248 2681 3394 2751 ὑπὲρ
3415 2681 3602 2751 ἄμμον
3630 2681 3792 2746 πλη-

2230 2782 2658 2850 θυνθήσονται.
2683 2778 2822 2834 Καθ’
2860 2776 3168 2848 ὑπερϐολὴν
3202 2779 3230 2829 ὁ
3258 2776 3416 2843 λόγος
3434 2773 3800 2845 ’Ἔξαριθμὴε-

2233 2877 2430 2930 σασθαι
2501 2873 2843 2942 πειράσομαι
2913 2871 3008 2924 καὶ
3059 2868 3502 2940 ἁπειραπληθεῖς
3568 2868 3800 2930 ἔσονται,

2233 2969 2373 3038 ὑπὲρ
2405 2965 2644 3036 ἀριθμὸν
2678 2964 3073 3034 εὑρεθήσονται
3098 2976 3112 2991 ο
3145 2960 3288 3030 πλὴν
3343 2959 3499 3029 παρὰ
3542 2956 3662 3027 Θεῷ
3708 2957 3806 3008 οὐκ

2233 3062 2388 3115 αὐτοὶ
2447 3060 2607 3130 μόνον
2658 3056 3020 3128 ἠρίθμηνται,
3057 3053 3193 3107 ἀλλὰ
3228 3053 3322 3106 καὶ
3357 3052 3415 3103 αἱ
3470 3049 3656 3120 τρίχες
3710 3050 3806 3118 τῆς

541 3168 697 3240 Apud
733 3167 900 3222 l)euut
938 3182 1072 3223 vero
1120 3182 1228 3220 non
1273 3165 1374 3235 ipsi
1411 3171 1620 3218 tantum
1669 3160 2128 3224 numerabuntur,

2238 3170 2297 3206 κε
2308 3153 2484 3223 φαλῆς
2517 3150 2718 3204 αὐτῶν.

542 3262 639 3313 sed
678 3274 870 3313 omnes
909 3259 1074 3313 etiam
1115 3257 1293 3327 capilli
1331 3255 1530 3325 capitis
1564 3269 1776 3307 eorum.

618 3350 908 3405 [ἐκδιηγεπὶ
938 3359 985 3404 et
1013 3349 1184 3402 adhuc
1212 3364 1328 3401 sum
1363 3358 1550 3400 tecum.
1588 3343 1812 3397 Eri-etus
1843 3358 1964 3395 sum
1995 3357 2023 3394 a
2049 3357 2140 3396 ca-

548 3443 916 3506 lamitatibus,
957 3449 1010 3496 et
1047 3442 1123 3494 tui
1165 3449 1367 3501 tamen,
1397 3447 1456 3492 ut
1495 3437 1651 3490 multi
1686 3436 1738 3489 iu
1776 3435 2013 3490 secunda
2053 3437 2132 3487 la—

546 3535 698 3588 ciuut
729 3534 972 3600 fortuna,
1010 3532 1219 3588 oblitus
1250 3547 1357 3585 non
1398 3546 1541 3585 sum.

623 3649 782 3704 Vens.
815 3649 897 3704 19.
923 3647 982 3703 Si
1008 3647 1280 3712 occideris,
1302 3646 1461 3713 Deus,
1479 3655 1794 3714 peccatores.
1821 3643 2137 3699 Subintelli-

545 3745 774 3814 genitum
797 3751 879 3796 est
905 3761 918 3796 :
951 3739 1272 3795 Benehabet.
1298 3739 1401 3794 Per
1420 3749 1730 3809 peccatores
1761 3747 1964 3801 autem,
1991 3738 2138 3806 ἱρειιε

545 3839 820 3890 «immanes
849 3835 1124 3903 intelligit,
1147 3843 1312 3902 atque
1335 3833 1580 3886 homines
1600 3845 1961 3900 quoscunque
2002 3831 2136 3899 legis

549 3940 1012 3997 transgressores.
1057 3925 1240 3980 Occidi
1288 3933 1470 3979 autem
1529 3924 1787 3977 dicuntur
1837 3923 2133 3986 daemones,

548 4022 767 4087 quando
804 4017 1048 4072 ineliicax
1087 4026 1252 4086 atque
1286 4016 1518 4070 invalida
1555 4015 1797 4070 redditur
1825 4030 2013 4069 eorum
2043 4030 2133 4083 po-

551 4103 738 4163 tentia.
759 4110 1079 4162 Peccatores
1108 4124 1236 4162 vero
1275 4107 1524 4162 Ιιοιιιίιιοε
1552 4116 1683 4162 tunc
1726 4107 2138 4174 interimuntur,

549 4200 988 4268 quaudonecatis
1015 4198 1359 4269 vitiisipsiad
1383 4199 1636 4252 virtutem
1652 4199 1900 4253 conversi
1920 4198 2140 4254 fuerint.

555 4288 648 4344 Vel
685 4289 740 4372 in
787 4289 1167 4361 peccatoribus
1212 4287 1482 4356 Propheta
1509 4303 1714 4359 corpus
1746 4288 1927 4343 occidi
1962 4298 2139 4359 Optat,

2318 3333 2700 3402 Ἑξηγέρθην,
2729 3329 2826 3384 καὶ
2856 3329 2942 3382 ἔτι
2974 3326 3089 3396 εἰμὶ
3121 3322 3272 3394 μετὰ
3302 3323 3444 3376 σοῦ.
3463 3320 3811 3391 Ἀπηὶλάγην

2235 3429 2344 3482 τῶν
2372 3426 2583 3491 δεινῶν,
2619 3425 2716 3479 καὶ
2744 3424 2845 3476 οὐκ
2874 3420 3220 3489 ἐπελαθόμην
3251 3419 3346 3488 τῆς
3396 3417 3624 3486 ἀρετῆς,
3675 3415 3807 3482 ὅπερ

2238 3521 2424 3575 πολλοὶ
2458 3520 2761 3589 πάσχουσιν
2794 3519 2849 3569 ὲν
2881 3513 3173 3585 εὐημερίᾳ.

2329 3633 2464 3688 Ἐὰν
2494 3632 2857 3698 ἀποκτείνῃς
2888 3626 3302 3697 ἁμαρτωλοὺς,
3334 3624 3368 3677 ό
3401 3622 3566 3687 Θεός.
3623 3619 3816 3694 Asia—25

2245 3730 2325 3795 τὸ,
2351 3724 2433 3783 Εὖ
2458 3729 2583 3796 ἔχει
2605 3741 2620 3755 ⁸
2655 3722 3016 3794 ἁμαρτωλοὺς
3069 3720 3168 3789 μὲν
3229 3713 3324 3770 οὖν
3356 3716 3509 3783 λέγει
3548 3714 3676 3775 τοὺς
3701 3711 3814 3763 δαί-

2248 3840 2438 3895 μονας,
2474 3820 2569 3874 καὶ
2597 3820 2724 3879 τοὺς
2756 3815 3108 3884 παρανόμους
3144 3807 3467 3878 ἀνθρώπους
3488 3823 3501 3838 °
3535 3805 3816 3872 ἀναίρεσις

2246 3918 2302 3972 δὲ
2333 3917 2442 3969 τῶν
2475 3915 2572 3984 μὲν
2603 3911 2898 3980 δαιμόνων,
2929 3911 2961 3980 η
2993 3903 3362 3975 ἁνενεργησία
3383 3917 3396 3932 ·
3429 3900 3538 3954 τῶν
3557 3900 3613 3951 δὲ
3639 3915 3816 3967 παρα-

2250 4011 2432 4080 νόμων
2457 4006 2760 4077 ἀνθρώπων
2790 4005 2824 4074 ἡ
2854 4002 2990 4072 πρὸς
3018 3999 3222 4069 ἀρετὴν
3256 3995 3551 4066 μεταϐολὴ,
3569 3995 3819 4059 ἀναιρου-

2255 4103 2426 4174 μένης
2459 4103 2560 4170 τῆς
2594 4097 2828 4157 κακίαςο
2885 4094 2916 4164 ἢ
2978 4092 3071 4145 καὶ
3120 4093 3147 4143 ό
3205 4087 3522 4156 σωματικὸς
3587 4086 3819 4143 Θάνατος

2250 4193 2488 4248 ἀνιάτων
2518 4189 2886 4258 φαινομένων,
2920 4185 3005 4237 ἵνα
3033 4184 3108 4252 μὴ
3143 4179 3482 4248 ἐμποδίζουσι
3516 4177 3592 4244 τῷ
3633 4175 3821 4245 δρόμῳ

2250 4288 2348 4356 τῆς
2380 4283 2605 4354 ἀρετῆς.

551 4363 767 4454 quando
791 4360 1125 4437 dehctorum
1159 4376 1385 4432 vulnera
1414 4379 1832 4434 immedicabilia
1869 4387 2030 4434 sunt:
2057 4389 2222 4450 atque
2250 4380 2376 4440 hoc,
2409 4392 2477 4432 ne
2500 4375 2621 4428 aliis
2652 4369 3041 4440 impedimento
3071 4366 3184 4419 sint
3224 4364 3289 4418 ad
3325 4362 3504 4416 studia
3533 4360 3821 4412 virtutum-

631 4497 736 4552 Viri
776 4497 1094 4566 Sanguimtm
1155 4493 1418 4548 declinale
1472 4511 1503 4546 a
1550 4509 1649 4547 me.
1711 4491 2131 4563 Sauguinolenti
2166 4497 2210 4552 υ

553 4590 767 4644 scilicet
787 4599 841 4643 et
871 4586 1018 4642 crede
1049 4587 1324 4650 laetantes,
1346 4586 1436 4655 qui
1465 4600 1824 4655 quoscunque
1860 4583 2138 4650 occiditis,

557 4681 871 4749 superiores
893 4679 1049 4733 estis.
1081 4675 1472 4746 l‘lujuscemodi
1505 4688 1688 4731 autem
1725 4686 1852 4731 suut
1879 4676 2138 4732 diabolici

560 4787 775 4832 ()lltlles,
805 4771 896 4840 qui
939 4769 1100 4823 factis
1143 4768 1344 4837 partim
1377 4807 1390 4830 ,
1423 4777 1477 4821 et
1509 4768 1708 4837 partim
1741 4783 1997 4823 sermone
2040 4782 2142 4822 suo

562 4872 794 4918 caeteros
825 4863 1081 4932 perdunt.
1111 4861 1228 4916 Non
1263 4861 1483 4914 minima
1517 4863 1678 4916 etiam
1707 4870 1792 4916 est
1824 4863 2002 4916 virtus
2046 4861 2140 4916 de-

563 4956 931 5027 linquentium
962 4955 1292 5010 conuucrcia
1327 4953 1628 5008 declinare.

637 5072 802 5126 Vens.
828 5069 920 5124 ‘20.
949 5070 1214 5136 Quoniam
1255 5069 1571 5122 contentiosi
1608 5069 1734 5123 estis
1766 5069 1819 5122 in
1848 5068 2146 5138 colloquiis.

563 5162 698 5229 Quia
737 5163 981 5232 litigiosi,
1027 5160 1202 5229 inquit
1229 5201 1243 5218 .
1283 5161 1419 5213 estis
1453 5161 1506 5214 in
1550 5160 1921 5225 sermonibus,
1959 5176 2054 5214 seu
2095 5162 2147 5212 in

564 5255 747 5322 pravis
780 5253 1285 5308 consultationibus
1316 5251 1534 5315 vestris,
1593 5261 1649 5305 ut
1684 5254 1826 5307 alius
1876 5255 2149 5321 interpres

571 5347 827 5401 I'Ctltlltlil.

644 5462 908 5528 Accipient
959 5465 1011 5515 in
1049 5462 1284 5514 vanitate
1319 5458 1556 5511 ciritatcs
1599 5475 1744 5511 suas.
1786 5459 1898 5513 lloc
1939 5469 2043 5522 cst,
2095 5459 2150 5514 in

571 5567 770 5606 vanum
825 5569 890 5608 ac
939 5553 1141 5607 frustra
1183 5551 1436 5621 proptias
1492 5551 1812 5606 habitabant
1873 5553 2145 5608 civitates.

644 5726 873 5782 "hau.
924 5747 1014 5795 xv,
1075 5734 1161 5787 H,

2313 4493 2567 4560 Ἄνδρες
2597 4487 2864 4558 αἱμάτων
2897 4485 3217 4538 ἐκκλίνατε
3239 4481 3340 4534 ἀπ’
3372 4478 3542 4548 ἐμοῦ.
3575 4479 3635 4528 0i
3682 4492 3826 4542 φονι-

2249 4587 2355 4653 κοὶ,
2392 4587 2442 4638 oi
2472 4583 2817 4651 αἱμοχαρεῖς,
2851 4579 2900 4630 oi
2938 4574 3290 4646 ἀναιροῦντες
3317 4565 3392 4624 ὧν
3423 4573 3489 4623 ἂν
3522 4569 3823 4638 περιγένη-

2251 4680 2344 4732 σθε
2365 4695 2379 4709 ο
2413 4676 2597 4730 τοῦτοι
2628 4673 2684 4726 δὲ
2707 4672 2932 4732 πάντες,
2993 4668 3043 4719 οἱ
3076 4669 3169 4719 τοῦ
3223 4663 3498 4727 διαϐόλου,
3531 4661 3688 4714 τοῦτο
3720 4659 3822 4726 μὲν

2249 4769 2418 4839 ἔργῳ,
2453 4766 2613 4819 τοῦτο
2671 4763 2728 4816 δὲ
2786 4761 2930 4830 λόγῳ
2988 4757 3324 4828 φθείροντες.
3378 4754 3453 4806 Οὐ
3519 4752 3710 4823 μικρὸν
3763 4751 3824 4803 δε

2249 4864 2609 4933 κατόρθωμα,
2669 4860 2729 4911 τὸ
2775 4857 3002 4926 φεύγειν
3029 4852 3128 4922 τὴν
3162 4849 3454 4904 συνουσίαν
3483 4848 3590 4900 τῶν
3646 4862 3826 4915 παρα-

2245 4960 2449 5027 νόμων.

2319 5072 2443 5124 ’Ὀτι
2471 5068 2705 5136 ἐρισταί
2732 5067 2873 5119 ἐστε
2895 5064 2981 5128 εἰς
3005 5056 3459 5129 οιαλογισμούς.
3497 5055 3619 5107 Ὀτι
3657 5051 3822 5122 μάχι-

2251 5161 2341 5230 μοί
2388 5161 2510 5213 ἐστε
2541 5158 2634 5211 καὶ
2663 5155 2964 5224 φιλόνεικοι
3021 5152 3078 5203 ὲν
3110 5147 3488 5216 διαλογισμοῖς
3513 5161 3524 5172 ·
3559 5146 3616 5194 ἐν
3659 5156 3825 5194 κακο-

2249 5251 2542 5313 ϐουλείαις,
2575 5248 2648 5309 ὡς
2683 5245 2869 5314 ἕτερος
2906 5241 3163 5306 ἐξέδωκε.

2317 5450 2628 5518 And-artat
2681 5445 2768 5509 εις
2823 5442 3227 5512 ματαιότητας
3265 5435 3373 5501 τὰς
3428 5433 3638 5495 πόλεις
3683 5441 3824 5480 σου.

2248 5547 2544 5616 Οἰκὴσουςι
2585 5541 2762 5611 μάτην
2792 5537 2887 5599 τὰς
2929 5535 3112 5598 πόλεις
3145 5549 3258 5586 σου.
3296 5529 3406 5584 Τοῦ
3442 5524 3660 5594 Κυρίου
3693 5519 3822 5585 γὰρ,
