4102 6206
400 270 539 349 ’ίῖτῑί

1558 276 1959 339 (ῙΟΜΜΕΝΤ.
2002 272 2089 331 ΙΝ
2121 276 2489 338 PSALMOS.

3513 277 3650 354 ιλιι

408 399 599 466 φησιν,
663 393 702 461 ἦ
768 392 865 464 γῆ.
923 390 1193 447 δῖενοῦσιν
1233 388 1474 462 ἄκαρποι
1539 391 1620 453 εἰς
1672 392 1874 462 ἀρετὴν
1933 392 1983 443 0i.

2092 388 2305 443 Domini
2351 389 2520 453 enim,
2567 387 2776 459 inquit,
2817 398 2894 444 est
2943 398 3084 444 terra
3133 390 3202 445 ⁸⁸.
3252 389 3657 457 Pcrmanebuut

405 488 665 542 τοιοῦτοι.

483 665 631 733 Οὐχὶ
662 663 803 730 τοὺς
826 663 1162 731 μισοῦντιὶς
1198 680 1294 729 σε,
1323 664 1524 731 Κύριε,
1555 663 1848 733 ἐμίσησα,
1885 662 1982 718 καὶ

407 756 505 809 ἐπὶ
531 755 674 821 τοὺς
710 756 965 824 ἐχθρούς
1009 773 1127 810 σου
1156 756 1531 824 ἐξετηκόμην
1561 772 1580 820 ;
1623 755 1862 809 Τέλειον
1890 754 1987 825 μῖο

409 862 523 911 σος
550 845 808 914 ἐμίσουν
829 845 1053 910 αὐτοὺς
1074 886 1089 908 ,
1121 847 1210 911 εἰς
1240 845 1496 913 ἐχθροὺς
1531 844 1817 913 ἐγένοντό
1855 863 1982 914 μοι.

410 935 597 996 Εἰπὼν
628 937 890 1007 ἀνωτέρω
908 952 924 968 ο
970 937 1125 1005 Ἐμοὶ
1145 936 1213 989 δὲ
1239 937 1384 991 λίαν
1404 936 1778 1006 ἐτιμήθησαν
1803 939 1857 990 οι
1884 936 1984 1005 φί-

408 1031 507 1081 λοι
536 1044 679 1094 σου,
709 1030 742 1083 ό
776 1027 918 1093 Θεός
947 1044 958 1055 '
996 1027 1233 1081 ἐνταῦθα
1284 1044 1482 1099 φησιν’
1518 1029 1670 1097 Οὐχὶ
1718 1028 1858 1094 τοὺς
1885 1046 1985 1098 μμ

409 1118 673 1186 σοῦντὰς
704 1136 799 1184 σε,
849 1121 1049 1188 Κύριε,
1072 1119 1381 1189 ﬁgienda;
1408 1122 1571 1174 κάκεῖ
1599 1120 1718 1191 μεθ’
1751 1120 1986 1191 ὑπερϐο-

410 1211 509 1279 λῆς
538 1214 570 1281 ὴ
600 1212 773 1281 τιμή·
812 1212 964 1267 Αίαν
995 1212 1106 1283 γάρ
1128 1228 1143 1243 ο
1194 1210 1473 1266 κάνταῦθα
1522 1211 1642 1283 μεθ’
1674 1210 1985 1282 ὑπερϐολῆς

409 1306 471 1363 τὸ
526 1306 681 1371 μῖσος
702 1319 715 1332 ·
756 1302 1107 1371 Ἐξετήκετο
1129 1305 1261 1377 γὰρ,
1296 1305 1469 1381 ἧγουν
1516 1304 1877 1376 ὲπυρπολεῖτο
1908 1302 1985 1373 τῷ

409 1396 532 1449 κατ’
562 1396 742 1448 αὐτῶν
774 1395 951 1467 θυμῷ.

478 1571 822 1640 Δοκίμασόν
848 1589 949 1642 με,
981 1575 1013 1627 ό
1042 1572 1206 1638 Θεὸς,
1233 1573 1330 1626 καὶ
1370 1573 1550 1642 γνῶθι
1576 1574 1692 1641 τὴν
1730 1572 1986 1641 καρδίαν

402 1680 545 1730 μου.
575 1664 686 1717 Καὶ
722 1663 828 1734 μὴν
863 1666 984 1717 κατ’
1017 1664 1192 1734 ἀρχὰς
1240 1662 1363 1718 sine
1388 1680 1403 1695 ·
1436 1666 1676 1734 Κύριος,
1708 1664 1986 1734 ἐδοκίμα-

401 1752 527 1819 σάς
559 1770 656 1822 με,
690 1732 1001 1824 καὶὴὲγνως
1023 1732 1300 1825 Ἀλλὰ
1335 1756 1430 1810 καὶ
1461 1732 1540 1809 ἔτι
1563 1732 1981 1827 δοκιμασθῆναι,
2016 1732 2056 1788 Β

408 1847 549 1910 πρὸς
581 1847 808 1901 πλείονα
864 1848 1267 1925 πληροφορίαν,
1299 1850 1457 1919 ζητεῖ
1501 1849 1611 1903 τῶν
1644 1850 1985 1917 ἀγνοούντων

407 1937 594 1993 αὐτόν.

484 2208 753 2262 Ἔτασόγ
783 2225 881 2279 με,
937 2209 1034 2263 καὶ
1076 2210 1253 2280 γνῶθι
1291 2210 1395 2277 τὰς
1428 2212 1662 2279 τρί’ϐους
1705 2229 1847 2277 μου,
1886 2211 1986 2266 καὶ

416 2299 525 2362 ἴδε,
558 2303 609 2354 sl
635 2301 777 2367 ὁδὸς
805 2303 1152 2372 ἀνομίας-’ἐν
1178 2305 1330 2373 ἐμοὶ,
1360 2305 1456 2358 καὶ
1484 2302 1794 2372 όδήγησόν
1815 2321 1893 2375 με
1916 2304 1985 2357 ἐν

407 2389 532 2455 ὁδῷ
562 2392 789 2457 altaria.
821 2392 894 2445 Τὸ
929 2393 1062 2447 αὐτὸ
1096 2394 1250 2462 λέγει
1279 2395 1373 2448 καὶ
1405 2394 1500 2447 νῦν
1522 2412 1536 2427 ·
1578 2395 1610 2464 ἦ
1642 2395 1844 2458 τοίνυν,
1897 2394 1986 2448 διὰ

406 2481 536 2542 τοὺς
593 2482 916 2548 ἀδικοῦντας
943 2485 1110 2538 αὐτὸν
1141 2488 1169 2539 ὁ
1199 2486 1379 2554 λόγος,
1422 2486 1682 2557 βεϐαιῶν,
1720 2487 1802 2542 ὄτι
1829 2487 1983 2541 οὐδὲν

409 2573 605 2628 αὐτοὺς
636 2575 883 2639 ἐκείνους
949 2576 1229 2648 ἠδίκησεν,
1322 2579 1414 2633 καὶ
1465 2580 1546 2633 ἔτι
1580 2581 1979 2651 δοκιμασθῆναι

408 2666 580 2733 ζητεῖ,
617 2665 722 2730 ἵνα,
757 2669 806 2720 ei
846 2667 924 2737 μὴ
963 2668 1137 2733 οὕτως
1164 2671 1304 2740 ἔχων
1331 2670 1586 2743 ἐλεγχθῇ,
1622 2672 1979 2744 διορθώσεται

407 2754 602 2815 ἑαυτὸν
638 2756 1017 2830 πλανώμενον.

900 2852 1149 2922 Ψαλμὸς
1184 2854 1264 2920 τῷ
1295 2855 1490 2911 Δαϐίδ.

934 2947 1231 3002 ΨΔΔΜΟΣ
1273 2949 1438 3004 ΡΛΘν.

2087 479 2235 534 enim
2273 478 2652 548 hujuscemodi
2686 478 2936 534 homines
2976 479 3305 539 infructuosi
3343 491 3400 538 et
3439 482 3656 545 steriles

2089 568 2156 624 ad
2191 571 2473 627 virtutem.

2162 660 2326 716 Vens.
2351 662 2441 726 21,
2466 662 2557 725 22,
2594 662 2780 723 Nonne
2823 680 2910 719 eos
2934 666 3025 735 qui
3055 675 3103 721 te
3130 665 3374 733 oderant,
3413 667 3653 740 Domine,

2088 753 2339 818 oderam,
2375 764 2423 807 et
2464 755 2522 809 in
2570 754 2809 811 inimicos
2847 764 2965 811 tuos
3007 756 3376 813 tabescebam?
3417 758 3655 832 Perfecto

2087 846 2207 899 odio
2236 844 2453 900 oderam
2476 846 2596 902 illos
2626 865 2645 902 :
2677 849 2879 902 inimici
2908 849 3039 918 facti
3069 861 3191 905 sunt
3216 851 3364 906 mihi.
3392 853 3529 907 Cum
3559 870 3657 908 su-

2088 933 2274 1001 perius
2307 934 2505 989 dixerit
2543 952 2557 988 :
2600 935 2640 991 Δ
2691 951 2772 990 me
2814 947 2997 991 autem
3036 937 3188 993 valde
3243 938 3492 994 honorati
3536 951 3656 997 sunt

2087 1026 2245 1078 amici
2281 1026 2381 1093 tui,
2416 1025 2577 1091 Deus,
2604 1044 2751 1082 nunc
2780 1029 2908 1083 dicit
2942 1046 2956 1085 :
3000 1030 3191 1085 Nonne
3220 1047 3305 1087 eos
3334 1031 3424 1101 qui
3452 1039 3501 1085 te
3530 1031 3656 1093 ode-

2087 1127 2229 1182 rant,
2261 1117 2502 1181 Domine.
2534 1120 2669 1173 odi?
2701 1120 2768 1175 Et
2814 1122 2926 1177 illic
2969 1120 3192 1178 honoris
3222 1122 3654 1193 magnitudinem

2085 1211 2430 1280 signiﬁcans,
2465 1211 2650 1274 Valde.
2678 1215 2838 1282 dixit;
2871 1214 2961 1269 hic
2986 1215 3148 1270 etiam
3178 1215 3294 1286 pari
3320 1215 3481 1272 modo
3506 1233 3659 1273 sum?

2088 1319 2235 1357 mum
2266 1302 2450 1358 odium
2497 1306 2807 1375 exprimere
2840 1307 3053 1374 volens,
3108 1308 3188 1363 ait
3222 1325 3234 1362 :
3266 1306 3614 1363 Tabescebam
3640 1350 3656 1376 ,

2087 1392 2191 1448 hoc
2219 1402 2325 1459 est,
2356 1391 2731 1463 indignatione
2763 1395 3000 1448 maxima
3036 1395 3305 1451 adversus
3338 1410 3434 1452 eos
3458 1405 3658 1453 aestua-

2086 1482 2210 1538 bam
2255 1483 2678 1554 quodammodo,
2715 1494 2769 1539 et
2799 1487 3187 1541 consumebar.

2157 1576 2324 1634 Vens.
2373 1577 2466 1642 2'5,
2514 1577 2604 1631 24.
2651 1578 2825 1633 Proba
2859 1596 2960 1645 me,
3001 1579 3158 1646 Deus,
3190 1587 3240 1634 et
3277 1596 3530 1650 eognosce
3566 1597 3658 1634 cor

2087 1687 2277 1725 meum.
2325 1670 2486 1739 Atqui
2523 1672 2576 1725 in
2608 1670 2882 1741 principio
2920 1671 3114 1741 psalmi
3171 1672 3309 1731 dixit
3346 1690 3360 1727 :
3413 1673 3656 1740 Domine,

2087 1762 2324 1832 probasti
2362 1779 2461 1827 me,
2494 1772 2542 1816 et
2570 1763 2860 1833 cognovisti
2894 1779 2993 1817 me.
3031 1761 3225 1819 Verum
3262 1764 3457 1820 melius
3481 1764 3659 1819 adhuc

2088 1853 2308 1923 probari
2358 1863 2412 1907 et
2448 1853 2705 1924 cognosci
2762 1853 2949 1923 cupit,
2983 1866 3096 1907 non
3133 1861 3192 1906 ut
3221 1852 3365 1909 Deus
3396 1853 3512 1921 ipse
3542 1867 3657 1906 me—

2087 1945 2196 2000 lius
2228 1959 2353 2000 eum
2386 1950 2708 2011 cognoscat,
2742 1945 2836 2015 qui
2868 1943 3052 1998 omnia
3082 1943 3256 2008 novit,
3289 1942 3382 1999 sed
3415 1954 3473 1997 ut
3500 1943 3535 1997 ii
3564 1944 3655 2013 qui

2085 2034 2372 2105 Prophetze
2400 2036 2665 2101 animum,
2693 2050 2758 2090 ac
2789 2044 3029 2092 mentem
3056 2051 3166 2091 non
3199 2044 3483 2100 noverant,
3513 2034 3655 2096 illius

2086 2124 2263 2197 magis
2297 2126 2560 2182 certiores
2589 2126 2916 2182 reddantur.

2159 2217 2427 2273 Examina
2463 2235 2565 2281 me,
2594 2228 2643 2274 et
2676 2226 2926 2291 co'gnosce
2952 2219 3165 2274 semitas
3202 2235 3364 2285 meas,
3387 2229 3437 2275 et
3471 2217 3584 2273 vide
3610 2216 3657 2273 si

2086 2310 2169 2363 via
2196 2309 2474 2379 injustitia:
2511 2311 2566 2365 in
2595 2327 2675 2366 me
2711 2320 2811 2379 est,
2841 2321 2892 2367 et
2926 2311 3097 2369 deduc
3127 2328 3206 2366 me
3235 2312 3289 2366 in
3324 2312 3407 2366 via
3430 2322 3655 2366 (eterna.

2087 2400 2345 2456 Eamdem
2377 2401 2570 2471 repetit
2605 2402 2932 2465 sententiam
2954 2442 2970 2464 ,
3006 2410 3102 2455 aut
3141 2410 3366 2472 propter
3415 2416 3512 2457 eos
3559 2401 3654 2472 qui

2085 2491 2193 2545 sibi
2228 2491 2488 2563 iniuriam
2522 2493 2844 2560 intulerant,
2878 2494 3218 2549 conﬁrmans
3254 2491 3405 2548 nulla
3456 2506 3516 2549 se
3561 2506 3660 2550 eos

2086 2582 2339 2643 aﬂ'ecisse
2374 2581 2580 2652 injuria
2624 2602 2638 2639 :
2673 2592 2767 2639 aut
2801 2585 2966 2640 etiam
3017 2584 3255 2655 amplius
3299 2584 3519 2654 probari
3560 2600 3659 2639 cu-

2085 2675 2185 2745 pit,
2216 2683 2274 2730 ut
2309 2675 2356 2729 si
2390 2675 2678 2732 convictus
2706 2675 2891 2741 fuerit,
2918 2677 3079 2732 talem
3109 2676 3350 2731 animum
3379 2687 3474 2731 aut
3505 2691 3662 2731 men,

2084 2777 2191 2822 tem
2226 2784 2335 2823 non
2376 2768 2600 2834 habere,
2632 2771 2909 2825 emendari
2940 2785 3136 2826 rursus
3159 2771 3357 2841 possit,
3382 2784 3445 2825 ac
3474 2769 3657 2841 dirigi,

2568 2861 2818 2916 Psalmus
2853 2863 2955 2932 ipsi
2990 2861 3176 2915 David.

2541 2936 2860 3009 essurus
2901 2952 3189 3011 cxxxrx.

492 3037 740 3102 Ἐξελοῦ
794 3056 894 3109 με,
954 3042 1149 3109 Κύριε,
1201 3041 1271 3107 ἐξ
1323 3042 1641 3110 ἀνθρώπου
1682 3043 1974 3129 πονηροῦ.

2151 3047 2320 3102 Vsus.
2354 3045 2409 3100 2.
2454 3045 2612 3117 Eripe
2655 3064 2757 3114 me,
2784 3048 3028 3117 Domine,
3062 3051 3128 3104 ab
3160 3051 3365 3106 homine
3402 3049 3658 3120 maligno.

409 3129 759 3199 Κακούργου.
786 3132 1032 3203 Πονηρδν
1069 3132 1125 3185 δὲ
1156 3134 1189 3204 ἡ
1220 3134 1411 3199 κακία,
1449 3134 1525 3199 ὡς
1564 3133 1730 3187 πόνον
1761 3136 1854 3188 καὶ
1885 3135 1985 3188 κά-

412 3239 583 3289 μιτον
630 3224 966 3293 ἐπιφέρουσα
1009 3224 1088 3296 τῷ
1116 3227 1467 3298 κεκτημένῳ.
1515 3221 1649 3281 Εἶτα
1689 3227 1979 3298 σαφηνίζει

404 3311 528 3369 τίνα
555 3312 706 3384 λέγει.
736 3316 993 3387 πονηρόν.

2092 3136 2206 3192 lloc
2237 3144 2345 3201 est,
2393 3135 2645 3192 scelesto.
2679 3139 2870 3208 Ipsum
2907 3140 3108 3195 ctenim
3145 3134 3657 3209 scelus'matignum

2088 3243 2211 3284 esse
2240 3226 2370 3298 quid
2399 3227 2599 3283 dicitur
2634 3245 2649 3283 :
2681 3230 2928 3301 eoquod
2957 3231 3098 3286 mala
3131 3240 3298 3302 atque
3330 3229 3655 3285 amictioncs

2087 3320 2295 3374 auctori
2338 3334 2438 3374 suo
2467 3329 2711 3390 praestat.
2740 3318 2927 3392 (E:ipe
2964 3338 3071 3389 me,
3113 3324 3310 3394 inquit,
3343 3337 3452 3377 non
3487 3334 3520 3374 a
3548 3319 3657 3374 da:-

408 3413 631 3477 moniis,
670 3426 778 3467 non
818 3425 850 3466 a
893 3411 1044 3478 feris,
1086 3425 1178 3468 aut
1207 3413 1564 3481 draconibus,
1607 3417 1705 3473 sed
1752 3432 1783 3471 a
1816 3418 2056 3489 maligno
2092 3417 2339 3473 homine.
2393 3415 2615 3487 Maligni
2670 3415 2877 3473 etenim
2944 3417 3197 3472 homines
3246 3416 3358 3472 illis
3401 3413 3657 3471 omnibus

404 3506 706 3561 deteriores
732 3512 880 3560 sunt.
915 3503 1051 3557 Nam
1078 3516 1131 3559 et
1167 3502 1308 3559 feras
1339 3506 1536 3561 multas
1564 3505 1822 3575 legimus,
1849 3524 1972 3577 quae
2010 3517 2234 3564 sanctos
2262 3508 2413 3562 virus
2435 3521 2707 3563 veneratae
2736 3518 2889 3570 sunt,
2913 3505 3113 3575 quibus
3173 3517 3363 3564 contra
3425 3505 3655 3577 maligni

410 3597 659 3651 homines
726 3595 1152 3652 innumerabilia
1196 3595 1497 3649 intulerunt
1546 3596 1709 3649 mala.
1771 3597 1924 3664 Ferae
1984 3606 2246 3669 praterea
2277 3603 2463 3665 aperte
2484 3611 2548 3650 ac
2573 3594 2747 3665 palam
2779 3595 3165 3665 malignitatem
3198 3611 3352 3651 suam
3375 3603 3653 3656 exercent.

408 3705 572 3763 atque
606 3700 667 3746 ut
698 3693 772 3748 ita
808 3694 1028 3758 dicam,
1074 3693 1339 3762 ingenue:
1375 3692 1629 3749 homines
1667 3708 1798 3748 vero
1843 3697 1981 3748 ctam
2027 3692 2080 3747 id
2110 3690 2339 3756 faciunt,
2371 3697 2534 3760 atque
2578 3692 2631 3744 in
2660 3690 2894 3753 occulto,
2953 3697 3008 3745 et
3047 3689 3294 3745 subdole.
3368 3692 3651 3748 Dzemones

408 3788 539 3840 item
579 3793 771 3841 sancto
823 3784 1006 3839 crucis
1055 3783 1213 3853 signo
1258 3783 1542 3852 fugantur,
1589 3764 1644 3840 οἶ
1689 3784 1907 3855 quoties
1940 3799 1968 3838 a
2002 3784 2218 3855 sanctis
2281 3783 2414 3838 viris
2470 3782 2736 3851 increpati
2786 3779 3019 3847 fuerint,
3086 3781 3356 3838 secedunt
3397 3800 3412 3839 :
3478 3785 3644 3841 homo

409 3893 539 3931 vero
580 3876 851 3947 malignus
901 3876 1005 3946 ipsi
1054 3878 1220 3932 etiam
1279 3876 1388 3932 Deo
1436 3876 1783 3931 adversatur.
1834 3874 1967 3929 Nam
1998 3875 2344 3944 cumpjubcat
2377 3874 2516 3929 Deus
2542 3873 2793 3928 inimicos
2816 3873 2980 3927 etiam
3012 3875 3211 3938 amari,
3280 3876 3375 3932 ille
3414 3886 3657 3950 .contra,

410 3987 518 4025 non
544 3971 799 4025 inimicos
827 3979 1061 4034 tantum,
1088 3971 1183 4027 sed
1215 3971 1365 4040 ipsos
1399 3971 1562 4026 etiam
1595 3969 1969 4026 benefactores
2008 3968 2145 4024 odit.
2198 3968 2397 4022 Beatus
2475 3967 2637 4022 etiam
2694 3963 2903 4019 Paulus
2971 3966 3088 4021 solo
3146 3967 3314 4022 verbo
3375 3968 3652 4023 dmtttones

409 4064 613 4130 expulit
640 4079 654 4115 :
681 4064 978 4120 Alexandri
1008 4073 1187 4119 autem
1220 4064 1361 4120 labri
1397 4065 1789 4136 malignitatem
1815 4077 2080 4133 superare
2116 4078 2227 4118 non
2264 4059 2485 4133 potuit.)
2543 4059 2745 4115 Deinde
2804 4058 3047 4115 declarat
3119 4075 3407 4130 quemnam
3492 4063 3645 4119 dicat

411 4154 729 4210 malignum.

493 4170 729 4210 ulmum.

493 4170 634 4299 Ἀῗτό
688 4245 909 4314 ἀνδρὸς
957 4245 1169 4300 ἀδίκου
1229 4246 1416 4315 ῥῦσαι
1468 4263 1564 4316 με.
1628 4247 1977 4319 Παρανόμου.

422 4336 576 4388 Ἐπεὶ
611 4338 719 4406 γὰρ
772 4337 1014 4399 τοιοῦτος
1068 4337 1356 4406 ἄνθρωπος
1394 4337 1796 4406 δυσφύλακτος,
1831 4342 1988 4392 καλεῖ

407 4429 500 4486 τὸν
565 4428 699 4481 Θεὸν
763 4430 843 4491 εἰς
899 4428 1251 4499 ἐπικουρίαν-ι
1316 4428 1550 4498 ζήτησον
1616 4430 1710 4482 καὶ
1770 4431 1826 4482 ὲν
1895 4429 1974 4497 τῷ

411 4521 498 4590 μβ⁹
529 4520 728 4591 ψαλμῷ
756 4521 853 4591 τὴν
885 4520 1146 4592 ἐξήγησιν
1179 4519 1297 4584 τοῦ,
1328 4520 1471 4579 Ἀπὸ
1495 4520 1714 4589 ἀνδρὸς
1737 4521 1971 4583 ἀδίκου,

407 4614 507 4672 καὶ
566 4615 771 4668 δολίου
818 4614 1004 4680 ρὐαι
1047 4628 1144 4682 με.
1193 4612 1282 4665 Ἐν
1337 4613 1414 4683 τῷ
1472 4612 1798 4682 προλαϐόντι
1846 4611 1977 4681 γοῦν

406 4705 610 4775 ψαλμῷ
663 4705 866 4758 εἰπών·
897 4704 1151 4774 Ἀνδρος
1210 4703 1493 4773 αἱμάτων,
1533 4704 1851 4758 ἐκκλίνατε
1876 4704 1977 4758 ἀπ’

408 4799 555 4868 ἐμοῦ
584 4814 598 4828 ο
656 4799 713 4850 ὲν
739 4796 814 4866 τῷ
860 4802 913 4862 ς’
969 4796 1025 4849 δὲ
1071 4798 1271 4866 φήσας,
1316 4797 1646 4863 Ἀπόστητε
1680 4798 1780 4850 ἀπ’
1805 4798 1971 4867 ἐμοῦ,

410 4891 632 4956 πάντες
667 4893 721 4944 οι
760 4888 1138 4959 ,ἐργαζῖἴμενοι
1182 4889 1296 4955 τὴν
1327 4889 1605 4957 ἀνομίαν,
1647 4892 1742 4942 καὶ
1768 4890 1981 4943 οἴκοθεν

410 4984 789 5053 ἀποστραφεὶς
839 4983 932 5036 καὶ
983 4980 1171 5049 φυγὼν
1204 4981 1424 5042 αὐτοὺς,
1469 4981 1564 5033 νῦν
1595 4983 1690 5034 καὶ
1726 4982 1817 5034 τὸν
1848 4983 1980 5035 Θεὸν

413 5075 755 5126 ἐπικαλεῖται
810 5072 1108 5142 συνεργόν·
1169 5071 1277 5142 χρὴ
1324 5071 1433 5141 γὰρ
1463 5072 1695 5124 ἕκαστον
1739 5071 1799 5125 τὸ
1852 5074 1984 5140 παρ’

415 5162 614 5216 ἑαυτοῦ
644 5163 888 5231 εἰσάγειν
914 5163 1201 5235 πρότερον,
1238 5159 1355 5216 εἶτα
1388 5166 1485 5218 καὶ
1516 5164 1606 5217 τὸν
1642 5163 1773 5217 Θεὸν
1805 5182 1983 5235 παρα-

415 5259 622 5315 καλεῖν.
654 5258 792 5311 υῠτε
834 5262 944 5330 γὰρ
972 5260 1000 5312 ὁ
1030 5258 1161 5320 Θεὸς
1193 5260 1448 5328 συνεργεῖ
1482 5274 1575 5310 σου
1634 5258 1711 5328 μὴ
1742 5258 1980 5311 σπουδᾶ-

415 5350 619 5416 ζοντος,
666 5351 787 5404 οὔτε
831 5353 895 5405 σὺ
950 5349 1275 5415 σπουδάζων
1326 5351 1571 5417 ἀνύσεις,
1631 5353 1840 5406 ἐκείνου
1904 5350 1978 5422 μὴ

417 5446 922 5517 ουνεφαπτομένου.

488 5717 532 5749 ⁸⁸
583 5716 731 5771 P.al.
762 5728 919 5779 um,
953 5713 1006 5775 1.

2011 4472 2065 4532 ﬂ

2155 4244 2195 4297 Α
2233 4245 2343 4299 viro
2388 4243 2587 4314 injusto
2633 4244 2770 4312 eripe
2819 4259 2924 4298 me.
2961 4243 3004 4296 Α
3051 4244 3186 4314 legis
3231 4251 3656 4316 transgressore.

2088 4333 2264 4389 Vocat
2300 4343 2480 4389 autem
2519 4333 2687 4389 Deum
2733 4332 3007 4403 PrOpheta
3045 4334 3099 4388 in
3132 4332 3462 4406 adjutorium
3485 4375 3500 4399 ,
3528 4338 3657 4405 quia

2092 4426 2468 4482 dillicillimum
2490 4436 2575 4484 est
2606 4428 2673 4483 ab
2700 4426 3078 4498 hujuscemodi
3101 4438 3296 4482 cavere
3320 4427 3655 4484 hominibus.

2093 4516 2230 4574 Vide
2259 4520 2310 4573 in
2350 4518 2562 4589 ps:dmo
2593 4535 2704 4573 xui
2735 4517 3132 4588 expositionem
3171 4518 3320 4574 illius
3349 4522 3609 4577 versiculi
3640 4538 3654 4576 :

2089 4610 2132 4663 Α
2166 4612 2274 4665 viro
2322 4611 2518 4680 injusto
2549 4620 2596 4665 et
2628 4610 2811 4665 doloso
2842 4611 2982 4677 eripe
3027 4626 3128 4670 me.
3163 4609 3228 4665 Et
3263 4627 3385 4666 cum
3429 4614 3482 4668 in
3517 4630 3657 4684 pra:-

2088 4701 2301 4758 cedenti
2335 4703 2545 4772 psalmo
2584 4702 2785 4758 dixerit
2824 4720 2837 4754 :
2878 4701 2920 4754 V
2923 4704 2994 4757 iri
3026 4704 3362 4774 sanguinum,
3395 4706 3657 4762 declinate

2089 4812 2121 4849 a
2148 4812 2250 4860 me,
2297 4795 2425 4850 item
2457 4795 2512 4848 in
2558 4795 2767 4864 psalmo
2798 4812 2885 4856 xc.
2933 4795 3196 4850 Discedite
3233 4814 3266 4850 a
3315 4815 3394 4853 me
3436 4815 3656 4857 :omnes

2087 4890 2177 4959 qui
2202 4889 2492 4958 operamini
2518 4888 2871 4956 iniquitatem,
2912 4896 2965 4943 et
2998 4897 3192 4958 sponte
3229 4905 3354 4952 sua.
3386 4907 3485 4961 pro
3519 4891 3656 4945 viri-

2089 4979 2189 5033 bus
2212 4994 2272 5033 se
2300 4979 2365 5032 ab
2388 4977 2469 5051 eis
2491 4978 2770 5037 averterit,
2796 4992 2941 5033 nunc
2961 4979 3132 5033 Deum
3166 4978 3466 5048 adjutorem
3493 4995 3653 5033 suum

2089 5072 2324 5124 invocat.
2363 5066 2590 5138 Oportet
2618 5068 2816 5123 etenim
2844 5085 3294 5141 unumquemque
3316 5078 3476 5124 antea
3508 5071 3653 5125 vires

2088 5176 2221 5216 suas
2273 5160 2508 5226 adferre,
2550 5169 2717 5228 atque
2764 5159 2841 5214 ita
2893 5161 3110 5216 demum
3158 5160 3326 5213 Deum
3373 5159 3651 5217 invocare.

2087 5252 2279 5323 Neque
2310 5252 2454 5307 Deus
2486 5251 2582 5308 tibi
2610 5252 3019 5322 cooperabitur,
3058 5251 3160 5305 nisi
3190 5258 3246 5304 tu
3279 5266 3499 5321 quoque
3530 5260 3652 5306 stu~

2086 5347 2236 5402 dium
2271 5345 2589 5400 adhibueris
2620 5354 2675 5400 et
2698 5345 3031 5415 diligentiam
3056 5359 3069 5396 :
3095 5343 3188 5398 sed
3222 5359 3321 5398 nec
3352 5352 3411 5397 tu
3446 5344 3649 5415 studio,

2084 5448 2180 5493 aut
2208 5439 2488 5510 diligentia
2522 5454 2611 5496 tua
2656 5440 2859 5509 aliquid
2912 5437 3197 5509 perﬁcies,
3225 5438 3329 5493 nisi
3365 5437 3455 5493 ille
3498 5453 3651 5505 suam

2084 5532 2178 5587 tibi
2210 5548 2364 5607 opem
2403 5533 2722 5607 porrexerit.
