4032 6238
494 241 641 306 .1263

568 352 734 408 Vnus.
778 351 829 403 5.
863 349 967 414 Qui
1011 348 1369 416 rogitat-cruat
1420 343 1739 425 injustitiam
1788 344 1839 394 in
1889 343 2064 398 corde.
2099 349 2147 400 Λ

496 441 684 502 Tales,
731 437 928 507 inquit,
978 436 1180 504 iujusta
1237 443 1290 489 et
1337 435 1500 488 noxia
1550 432 1950 502 cogitaverunt,
2006 450 2067 488 ac

497 545 779 602 perversa.
1183 574 1187 578 .

569 624 704 677 Tota
726 622 809 674 die
831 619 1161 674 instruebant
1190 619 1400 684 prwlia.
1434 619 1491 672 In
1522 625 1633 672 tota
1667 617 1775 671 vita
1806 633 1903 672 sua
1928 617 2068 671 bella

497 720 865 785 paraverunt,
901 712 1062 766 modo
1098 709 1359 764 adversus
1411 710 1579 775 hunc,
1613 709 1777 763 modo
1808 709 2070 763 adversus

496 808 686 861 alium.
720 805 1090 859 lnveteratum
1117 804 1258 856 enim
1290 803 1478 855 vitium
1514 802 1802 871 quiescere
1840 816 1936 855 eos
1964 816 2068 853 non

445 932 447 934 -
497 902 744 964 sinebat;
799 899 932 967 quin
971 898 1080 950 imo
1143 895 1508 964 persuadebat
1559 894 1756 964 magis,
1803 902 1862 947 ut
1911 894 2072 948 modo

495 993 657 1057 clam,
688 990 856 1045 modo
896 989 1071 1059 palam
1119 995 1448 1057 pugnarent.
1483 985 1584 1037 Per
1637 983 1821 1054 praelia
1864 993 2070 1048 autem,

495 1085 604 1139 doli
626 1087 790 1138 etiam
823 1082 1207 1152 intelliguntur
1238 1087 1402 1146 atque
1432 1076 1672 1138 insidire,
1707 1086 1761 1131 et
1787 1077 2074 1146 quodcun-

497 1193 603 1245 que
670 1175 814 1228 aliud
886 1171 1212 1228 offensionis
1269 1185 1466 1239 genus,
1514 1167 1660 1238 quod
1715 1170 2072 1238 cogitatione.

493 1272 662 1322 vrrlio
702 1276 796 1322 aut
823 1282 988 1338 opere
1020 1264 1290 1320 committi
1323 1263 1518 1333 possit.

567 1363 730 1416 Vens.
763 1360 815 1413 4.
861 1359 1130 1412 Acuerunt
1158 1355 1399 1424 linguam
1433 1370 1584 1407 suam
1611 1353 1766 1420 quasi
1796 1352 2074 1420 serpentis.

499 1453 801 1506 lueitnrunt
851 1464 994 1512 eam,
1047 1455 1106 1501 ut
1153 1444 1379 1500 exitiale
1424 1458 1691 1496 venenum
1745 1443 2021 1496 emitteret
2060 1458 2073 1494 :

497 1543 722 1596 tioxium
755 1540 1008 1594 nimirum
1049 1553 1113 1592 ac
1149 1538 1490 1607 pestilentem
1527 1550 1858 1589 sermonem.

581 1634 842 1688 Venenum
878 1632 1119 1699 aspidum
1158 1630 1252 1683 sub
1288 1630 1442 1683 labiis
1477 1644 1682 1683 eorum.
1719 1627 1844 1694 Hoc
1877 1638 1981 1692 est,
2020 1630 2074 1684 in

1708 233 2021 293 EUTHYM
2038 233 2090 291 ll
2137 233 2501 294 ZlGABENI

3635 232 3794 302 1935

2248 344 2476 408 Οἴτινες
2529 342 2894 411 ἐλογίσαντο
2951 341 3195 396 ἀδικίαν
3259 343 3329 397 ἐν
3391 348 3657 415 καρδίῃ.
3730 355 3796 405 Ui

2173 433 2428 497 τοιοῦτοι,
2457 434 2648 505 φησιν,
2683 433 3022 506 ἐμελέτησαν
3052 435 3237 502 ἄδικα,
3270 438 3604 510 παράνομα,
3646 441 3787 512 βλα.

2174 524 2335 595 6ερά.

2246 618 2435 682 Ὅλην
2483 617 2598 684 τὴν
2639 617 2871 686 ἡμέραν
2921 617 3384 688 παρετάσσοντο
3425 621 3792 690 πολέμους.

2188 710 2278 762 Ἐν
2327 709 2433 779 ὅλῳ
2480 708 2558 780 τῷ
2597 709 2697 781 βίῳ
2733 711 2948 772 αὐτῶν,
3002 711 3403 780 ηὐτρεπίζοντο
3458 713 3792 782 πολέμους,

2175 800 2270 852 νῦν
2316 801 2416 870 μὲν
2469 801 2610 854 κατὰ
2661 802 2906 869 τούτων,
2944 802 3041 855 νῦν
3099 803 3155 854 δὲ
3209 804 3332 857 κατ’
3365 805 3646 858 ἐκείνων⁸
3708 806 3790 875 μὴ

2179 893 2576 964 συγχωρούσης
2603 896 2786 958 αὐτοῖς
2822 895 2922 964 τῆς
2953 897 3156 958 κακίας
3191 899 3442 968 ἠρεμεῖν,
3461 898 3615 950 ἀλλὰ
3645 901 3789 952 ποτὲ

2181 985 2300 1053 μὲν,
2329 984 2553 1050 ἀσαφῶς
2587 985 2930 1040 ἐπιτίθεσθαι
2980 986 3302 1058 πειθούσης,
3339 989 3469 1041 ποτὲ
3503 989 3562 1041 δὲ
3605 1007 3788 1059 φανε-

2180 1075 2310 1145 ρῶς.
2353 1077 2595 1145 Πόλεμος
2650 1076 2708 1129 δὲ
2757 1080 2984 1141 νοεῖται,
3020 1081 3118 1132 καὶ
3153 1080 3180 1131 ὁ
3209 1080 3359 1142 δόλος
3385 1120 3402 1144 ,
3443 1083 3542 1135 καὶ
3577 1086 3616 1149 ἡ
3650 1085 3783 1135 ἑπι-

2179 1167 2366 1238 σουλὴ,
2402 1173 2495 1221 καὶ
2537 1170 2690 1221 πᾶσα
2720 1170 2957 1240 ἐπηρεια
2992 1171 3048 1222 ὲν
3081 1171 3292 1241 διανοίᾳ
3337 1175 3432 1226 καὶ
3477 1175 3645 1246 ἔργῳ
3685 1176 3782 1229 καὶ

2177 1259 2321 1331 λόγῳ
2350 1260 2554 1330 Ostoan
2566 1261 2726 1332 μένη.

2260 1358 2609 1423 Ἠίιόνησαν
2634 1359 2929 1427 γλῶσσαν
2960 1359 3182 1428 αὐτῶν,
3205 1361 3281 1426 ὠς
3306 1361 3780 1430 (isseme-705w”

2180 1446 2376 1514 αὐτὴν,
2434 1451 2514 1512 είς
2565 1448 2624 1502 τὸ
2683 1451 2884 1503 ἐνιέναι
2920 1450 2998 1505 ἰὸν
3032 1451 3380 1522 φθοροποιὸν,
3433 1455 3492 1518 ὃς
3527 1455 3690 1508 ἐστιν
3726 1459 3777 1509 oi

2180 1537 2434 1607 βλαϐεροὶ
2465 1540 2636 1606 λόγοι.
3135 1531 3145 1540 ’

2267 1631 2381 1696 Ἰὸς
2407 1632 2688 1687 ἀσπίδων
2717 1634 2839 1690 ὑπὸ
2872 1634 2945 1688 τὰ
2976 1637 3154 1705 χείλη
3197 1636 3418 1692 αὐτῶν.
3457 1641 3677 1708 "Hyan-1
3719 1643 3774 1694 ἑν

495 1729 686 1797 lingua
736 1735 900 1794 atque
952 1726 1006 1777 in
1057 1738 1152 1778 ore
1209 1739 1423 1777 eorum.
1474 1721 1828 1777 Perniciosns
1887 1729 2072 1776 autem

2193 1725 2246 1792 τῇ
2285 1723 2512 1796 γλώσσῃ
2541 1725 2744 1789 αὐτῶν,
2769 1727 2827 1779 ὲν
2857 1726 2934 1796 τῷ
2973 1727 3207 1796 στόματι
3237 1727 3424 1782 αὐτῶν
3460 1729 3631 1798 λόγος
3658 1732 3774 1784 ὀλέ-

497 1832 681 1872 sermo
733 1814 943 1884 aspidis
997 1829 1210 1868 veneno
1266 1823 1638 1882 comparatur,
1700 1811 1868 1866 veluti
1922 1811 2078 1865 valde

495 1925 732 1973 nocuus,
769 1917 931 1976 atque
965 1907 1029 1960 ad
1062 1906 1398 1975 perdendum
1433 1905 1876 1961 efﬁcacissimus.
1908 1903 2078 1960 Vides

496 2003 687 2070 igitur,
721 2015 830 2070 quo
863 2007 1022 2070 pacto
1052 1999 1244 2051 vitium
1305 1998 1357 2052 in
1388 1998 1762 2066 hujuscemodi
1807 1996 2076 2052 feritatem

497 2093 750 2146 homines
787 2090 1118 2145 immolavit.
1151 2087 1306 2155 Quod
1352 2089 1395 2144 si
1426 2105 1613 2144 eormn
1653 2099 1871 2154 natura,
1905 2103 2080 2158 quan-

495 2193 609 2238 tum
659 2183 942 2253 corporeis
985 2181 1164 2236 oculis
1197 2180 1348 2234 cerni
1385 2189 1608 2250 potest,
1641 2181 1931 2233 immutata
1968 2192 2076 2231 non

2185 1814 2355 1885 θριος,
2413 1816 2476 1884 ἰῷ
2505 1816 2731 1880 ἀσπίδος
2778 1817 2998 1882 ἐοικὼς,
3044 1819 3189 1873 κατὰ
3240 1819 3303 1873 τὺ
3353 1819 3662 1888 βλαπτικόν
3711 1840 3770 1875 τε

2182 1908 2277 1958 καὶ
2308 1907 2639 1978 δραστήριον
2666 1911 2748 1971 είς
2763 1910 3065 1964 ἀπώλειαν.
3103 1911 3268 1983 Ὁρᾷς
3300 1912 3420 1975 πῶς
3444 1914 3525 1976 είς
3557 1913 3767 1983 θηριω-

2181 1995 2301 2047 δίαν
2331 1995 2558 2061 τούτους
2589 1999 2620 2069 ὴ
2649 2000 2817 2054 κακία
2859 2001 3222 2073 μετέστησεν,
3254 2004 3316 2056 οὺ
3348 2004 3448 2074 τὴν
3478 2003 3648 2072 φύσιν
3675 2006 3767 2057 αὖε

2181 2086 2312 2151 τῶν,
2353 2087 2491 2142 ἀλλὰ
2526 2090 2625 2162 τὴν
2659 2093 2987 2164 προαίρεσιν
3042 2096 3122 2159 είς
3165 2095 3573 2165 ἀπανθρωπίαν
3605 2115 3769 2151 κατα-

2186 2195 2453 2247 γαγουσα.

496 2279 731 2341 videtur,
766 2276 1120 2330 immutatum
1151 2282 1234 2328 est
1265 2284 1444 2328 tamen
1482 2272 1852 2343 propositum,
1879 2272 2167 2326 immutata
2207 2280 2291 2328 est
2319 2291 2520 2332 mens:
2583 2292 2692 2349 quo
2739 2279 2942 2335 factum
2991 2288 3112 2347 εει,
3182 2290 3244 2336 ut
3315 2281 3382 2337 ad
3463 2285 3755 2341 Saevitiam.

497 2379 661 2439 atque
691 2369 754 2421 ad
787 2368 1181 2420 immanitatem
1219 2365 1327 2420 sint
1367 2365 1606 2419 deducti.

571 2460 736 2513 Vens.
767 2459 820 2512 5.
846 2457 1066 2512 Custodi
1088 2472 1187 2522 me,
1219 2456 1460 2520 Domine,
1486 2457 1549 2509 de
1578 2471 1739 2508 manu
1765 2453 2077 2530 peccatoris,

497 2562 546 2608 et
582 2553 645 2606 ab
688 2551 986 2604 hominibus
1041 2540 1255 2617 injustis
1306 2554 1446 2616 eripe
1501 2565 1602 2612 me,
1644 2549 1773 2612 Quae
1827 2546 2080 2616 superius

499 2648 645 2700 dicta
690 2651 864 2707 sunt,
900 2657 1096 2696 rursus
1144 2641 1379 2709 repetit,
1414 2641 1722 2694 orationem
1763 2638 2078 2694 intendens.

498 2739 762 2792 l’eccator
792 2746 996 2798 autem,
1033 2732 1490 2802 atquc-injustas,
1526 2730 1845 2803 quicunque
1882 2729 2083 2784 intelli-

499 2829 708 2898 gendus
734 2837 837 2889 est,
859 2825 950 2896 qui
987 2815 1275 2894 delinquit,
1299 2831 1464 2892 atque
1485 2821 1687 2890 injuria
1709 2821 1789 2875 vel
1813 2821 2085 2889 seipsum,

499 2922 582 2974 vel
615 2920 851 2974 alienum
902 2916 1090 2971 allicit.
1149 2915 1400 2986 Seipsnm
1439 2915 1583 2968 enim
1629 2911 1831 2982 injuria
1871 2910 2090 2965 allicere

498 3013 621 3078 quis
654 3013 878 3076 dicitur,
905 3009 1408 3079 quomodocumque
1451 3007 1575 3077 quis
1609 3014 1826 3076 peccet;
1856 3005 2089 3059 alterum

499 3113 634 3154 vero
667 3113 773 3151 non
820 3113 1056 3171 semper.
1095 3095 1162 3150 Et
1209 3095 1672 3166 quemadmodum
1711 3108 2091 3163 saspenumero

2259 2457 2545 2520 Φύλαξόν
2586 2474 2684 2526 με,
2758 2460 2957 2526 Κύριε,
3022 2459 3091 2513 ἐκ
3142 2461 3342 2529 χειρὸς
3393 2461 3745 2529 ἀμαρτωλοῦ,

2187 2548 2308 2602 ἀπὸ
2345 2549 2674 2616 ἀνθρώπιον
2703 2551 2928 2606 ἀδίκων
2952 2553 3170 2618 ἐξελοῦ
3193 2569 3291 2621 με.
3316 2553 3398 2606 Τὰ
3426 2553 3736 2626 προλαῶντα

2189 2640 2336 2709 λέγει
2373 2643 2562 2709 πάλιν,
2597 2645 2887 2698 ἐπιτείνων
2911 2644 3011 2717 τὴν
3049 2646 3238 2716 δέησιν
3261 2662 3276 2676 ·
3313 2646 3607 2716 ἁμαρτωλὸς
3629 2645 3735 2712 γὰρ

2189 2733 2283 2785 καὶ
2308 2733 2513 2798 ἄδικος,
2541 2737 2649 2798 πᾶς
2679 2733 2790 2799 οἶος
2820 2737 3021 2806 δήποτε
3057 2736 3394 2807 ἁμαρτάνων
3421 2737 3510 2790 καὶ
3553 2736 3741 2788 ἀδικῶν

2188 2823 2405 2890 ἑαυτὸν,
2443 2826 2473 2896 ἢ
2498 2827 2688 2897 ἕτερον
2711 2845 2726 2860 ο
2766 2828 2960 2882 ἑαυτὸν
2989 2831 3088 2899 μὲν
3121 2832 3229 2901 γὰρ
3258 2831 3317 2882 ὲν
3350 2829 3500 2902 πάσῃ
3525 2827 3754 2899 ἁμαρτίᾳ

2190 2917 2412 2979 πάντως
2468 2917 2666 2985 ἀδικεῖ,
2725 2918 2916 2988 ἕτερον
2982 2919 3039 2972 δὲ
3085 2921 3147 2973 οὐ
3208 2919 3428 2983 πάντως
3479 2920 3540 2972 ὲν
3591 2919 3750 2989 πάσῃ.

2193 3010 2407 3080 Ὥσπερ
2436 3009 2493 3062 δὲ
2520 3011 2785 3074 πολλάκις
2809 3011 3168 3082 δικαιοσύνην
3199 3014 3231 3082 ή
3275 3012 3468 3082 Γραφὴ
3499 3011 3602 3080 τὴν
3635 3011 3754 3062 καθα

2192 3101 2313 3154 όλου
2345 3102 2548 3173 ἀρετὴν
2579 3103 3019 3174 ὸνομάζει,οὒτω
3045 3105 3141 3158 καὶ
3163 3104 3378 3158 ἀδικίαν
3409 3104 3507 3173 τὴν
3539 3102 3756 3157 καθόλου

503 3193 790 3260 S-riptura
825 3190 1096 3258 justitiam
1150 3189 1203 3241 in
1244 3189 1562 3241 universum
1609 3201 1710 3257 pro
1761 3199 2088 3255 quacunque
2115 3167 2157 3222 (ἶ
2196 3167 2418 3248 κακίω),

507 3284 758 3350 ἰιιιεὶιὶεἰι
798 3283 1040 3341 virtute,
1082 3281 1160 3332 sic
1206 3288 1420 3340 contra,
1470 3277 1794 3344 injustitiam
1848 3291 2089 3347 persmpe

506 3374 661 3442 ponit
693 3385 790 3440 pro
821 3370 968 3421 omni
1006 3369 1164 3421 vitio.

579 3468 685 3533 Qui
719 3468 1076 3534 cogitaverunt
1113 3461 1460 3532 supplantare
1485 3475 1697 3531 gressus
1733 3476 1896 3514 meos.
1926 3458 2089 3528 Cogi-

507 3568 767 3613 taverunt
821 3556 1270 3623 impedimentum
1307 3562 1571 3624 praestare
1607 3553 1816 3619 itineri,
1851 3563 1905 3606 et
1955 3568 2088 3607 con-

510 3650 808 3707 rersationi
846 3663 1000 3712 mete,
1033 3662 1195 3716 quam
1226 3663 1292 3702 ex
1321 3647 1439 3718 lege
1472 3649 1753 3701 moderor.

580 3836 742 3890 Vsus.
773 3834 826 3889 6.
856 3832 1256 3888 Abseonderuut
1293 3831 1504 3900 superbi
1534 3830 1785 3900 laqueum
1813 3829 1961 3884 mihi.
1987 3829 2091 3885 Su-

507 3930 708 3994 perbus
771 3935 855 3981 est
901 3925 1134 3994 quilibet
1182 3925 1315 3994 legis
1357 3935 1754 3992 transgressor,
1805 3924 1967 3977 veluti
1999 3922 2089 3992 qui

507 4024 682 4090 legem
713 4019 963 4088 deSpicil,
993 4027 1051 4072 ut
1075 4033 1217 4086 saepe
1235 4017 1494 4071 diximus.
1523 4015 1683 4087 Legis
1709 4026 1887 4070 autem
1905 4025 2089 4070 trans-

508 4131 728 4184 gressor
759 4122 862 4178 est,
905 4113 1162 4183 quisquis
1193 4112 1487 4180 delinquit.

581 4211 646 4264 Et
673 4207 883 4278 funibus
907 4205 1249 4260 extenderunt
1279 4202 1521 4272 laqueum
1541 4201 1757 4270 pedibus
1782 4201 1926 4255 meis.
1952 4200 2094 4254 Mula

513 4304 816 4373 tiplicibus,
850 4314 914 4353 ac
936 4294 1295 4352 clandestinis
1327 4293 1564 4358 insidiis,
1593 4309 1654 4346 ac
1684 4294 1877 4363 plagis,
1913 4301 2093 4346 teten-

515 4397 714 4452 derunt
749 4393 879 4446 mihi
918 4392 1162 4460 laqueos.

582 4485 750 4539 Juxta
794 4485 894 4536 iter
921 4481 1178 4535 scandala
1219 4488 1506 4549 posuerunt
1535 4477 1684 4531 mihi.
1729 4475 1845 4530 Hoc
1887 4483 1996 4538 est,
2035 4475 2088 4528 in
2126 4504 2170 4558 ι)

513 4577 581 4630 iis
627 4575 761 4627 loris
803 4573 922 4642 quae
955 4572 1209 4637 contigua
1258 4577 1414 4621 erant
1462 4567 1564 4637 ipsi
1609 4568 1731 4632 vim,
1778 4580 1874 4621 seu
1925 4579 2094 4634 prepe

515 4671 682 4721 viam.
722 4667 836 4719 lloc
872 4674 1053 4719 autem
1091 4663 1375 4727 fecerunt,
1409 4671 1467 4714 ut
1509 4660 1637 4714 dum
1677 4660 1930 4713 incautus
1965 4659 2094 4712 illnc

517 4759 738 4820 incedo,
773 4759 825 4810 in
859 4771 922 4809 ea
955 4755 1213 4810 scandala
1261 4755 1586 4809 inciderem.
1622 4752 1727 4806 Per
1772 4751 2091 4807 scandalum

516 4859 696 4901 autem
727 4845 1114 4899 oliendiculum
1153 4843 1426 4913 intelligit.
1465 4841 1702 4896 Enarrat
1733 4842 1896 4897 etiam
1929 4851 1982 4895 et
2012 4843 2095 4896 di-

515 4941 651 4994 latat
692 4938 961 5006 Propheta
996 4951 1304 4990 sermonem
1351 4937 1417 4990 de
1449 4936 1668 4990 insidiis
1713 4950 1727 4988 :
1774 4935 2095 4989 AbSCUllzle-

513 5039 642 5083 rzmt
685 5029 855 5094 enim,
909 5028 1109 5098 inquit,
1165 5027 1412 5090 insidias,
1467 5038 1521 5080 ει
1578 5027 1944 5081 extenderunt
2001 5039 2095 5077 eas

514 5124 674 5177 etiam
699 5125 854 5192 juxta
879 5123 1153 5188 semitam;
1186 5137 1296 5192 quo
1321 5137 1598 5184 sermone,
1627 5131 1678 5174 ει
1707 5135 1872 5190 prava
1899 5133 2091 5173 eorum

515 5225 558 5266 st
573 5215 697 5268 u-tia
732 5215 995 5268 denotare
1025 5213 1215 5272 voluit,
1250 5219 1304 5265 et
1335 5211 1564 5264 scelera.

587 5301 837 5359 \‘t1ns.'7.
867 5303 994 5356 Dixi
1021 5303 1282 5356 Domino:
1318 5299 1456 5353 Deus
1484 5317 1626 5353 meus
1657 5317 1709 5352 es
1730 5311 1804 5354 tu.
1823 5297 1877 5352 In
1905 5299 2096 5367 hujus-

512 5398 725 5450 cemodi
776 5394 1037 5465 periculis
1091 5394 1387 5455 exsistens,
1434 5400 1486 5445 et
1525 5392 1643 5460 capi
1702 5391 1931 5459 j:uujam
1991 5405 2092 5443 cx-

515 5497 794 5556 spectans,
821 5486 1002 5540 omnia
1029 5485 1131 5538 alia
1163 5485 1366 5539 auxilia
1397 5483 1578 5545 omisi,
1604 5483 1895 5551 solumque
1925 5480 2090 5535 Deum

515 5577 786 5641 imoeavi,
819 5577 1008 5631 dicens
1043 5596 1054 5632 :
1095 5576 1236 5632 Deus
1277 5592 1434 5632 meus
1477 5593 1536 5630 es
1585 5583 1675 5644 tu,
1723 5590 1790 5629 ne
1817 5574 2094 5645 despicias

516 5682 824 5731 creaturam
863 5680 1032 5726 luam.

2265 3464 2496 3530 Οἵτινες
2564 3464 2987 3535 διελογίσαντο
3044 3465 3153 3521 τοῦ
3227 3467 3646 3520 ὑποσκελίσαι
3697 3465 3756 3517 τὰ

2190 3555 2525 3626 διαδήματὰ
2577 3575 2718 3626 μου.
2769 3557 3102 3627 Ἔσκέψαντο
3150 3556 3468 3630 ἐμποδίσαι,
3503 3561 3579 3628 τῇ
3636 3557 3760 3609 κατὰ

2192 3649 2354 3718 νόμον
2380 3649 2578 3720 πορείᾳ
2615 3667 2716 3719 μου
2745 3665 2757 3678 ο
2805 3649 3062 3721 περιττὸν
3099 3647 3208 3719 γὰρ
3245 3648 3342 3704 νῦν
3377 3649 3439 3701 τὸ
3473 3649 3598 3716 τοῦ,
3650 3645 3759 3702 καθ’

2204 3741 2261 3794 Ἐ
2271 3739 2496 3810 ϐραῖκὸν
2530 3741 2753 3812 ἰδίωμα.

2269 3837 2588 3904 Ἐκρυψαν
2616 3836 2995 3906 ὑπερήφανοι
3027 3836 3251 3907 παγίδα
3275 3855 3398 3907 μοι.
3440 3837 3757 3910 Ὑπερήφα-

2193 3944 2304 3991 νος,
2358 3928 2466 3990 πᾶς
2522 3927 2869 3998 παράνομος,
2925 3927 3001 3992 ὡς
3064 3928 3384 3998 ὑπερόπτης
3431 3927 3527 3982 τοῦ
3587 3931 3758 3998 νόμον.

2194 4018 2378 4082 καθὼς
2429 4021 2735 4092 εἰρήκαμεν
2798 4020 3103 4085 πολλάκις·
3155 4020 3475 4092 παράνομος
3544 4021 3608 4074 δὲ
3664 4021 3759 4082 πᾶς

2195 4109 2539 4180 ἁμαρτωλός.

2267 4203 2372 4258 Καὶ
2397 4205 2696 4273 σχοινίοις
2727 4203 3028 4258 διέτειναν
3054 4203 3277 4274 παγίδα
3307 4204 3431 4269 τοῖς
3454 4205 3611 4257 ποσί
3631 4218 3752 4272 μου.

2195 4296 2567 4360 Πολυπλόκοις
2633 4296 2994 4360 ἐπιϐουλαῖς,
3065 4297 3360 4368 θηράτροις
3434 4294 3752 4366 λαθραίοις.

2193 4389 2227 4459 ἦ
2239 4389 2458 4442 πλωσαν
2499 4389 2708 4458 παγίδα
2751 4405 2863 4458 μοι.

2283 4484 2576 4551 Ἐχόμενα
2611 4483 2811 4551 τρίϐου
2848 4479 3170 4535 σκάνδαλα
3198 4481 3406 4535 ἐθεντό
3427 4498 3550 4550 μοι.
3579 4476 3756 4536 Ἀπτό·

2200 4597 2335 4648 μενα
2385 4579 2486 4648 τῆς
2537 4576 2679 4641 ὁδοῦ,
2728 4575 2761 4646 ἢ
2821 4575 3007 4642 ἔγγιον
3047 4573 3241 4643 αὐτῆς,
3282 4573 3425 4626 ὥστε
3482 4573 3755 4644 βαδίζοντα

2197 4673 2521 4741 περιπεσεῖν
2579 4671 2761 4732 αὐτοῖς
2813 4668 3180 4737 ἀφυλάκτως·
3241 4666 3543 4720 σκάνδαλον
3603 4666 3657 4719 δὲ
3702 4661 3755 4714 τὺ

2196 4765 2557 4835 πρόσκομμα.
2598 4760 2984 4829 Ἐπεξηγεῖται
3010 4757 3068 4811 δὲ
3097 4756 3194 4810 καὶ
3225 4757 3485 4811 πλατύνει
3519 4758 3612 4811 τὸν
3641 4753 3754 4823 περὶ

2195 4858 2292 4926 τῆς
2349 4853 2643 4921 ἐπιϐουλῆς
2684 4852 2878 4920 λόγον’
2932 4850 3222 4922 Ἐκρυψαν
3280 4849 3410 4917 γὰρ,
3463 4848 3621 4918 φησὶ,
3671 4843 3754 4898 καὶ

2195 4950 2460 5002 διέτειναν
2493 4947 2586 5000 καὶ
2616 4944 2853 5015 ἐχόμενα
2881 4943 3067 5014 τρίϐου
3093 4982 3109 5008 ,
3158 4943 3247 4996 ἴνα
3300 4940 3449 5012 δείξῃ
3489 4939 3552 4991 τὸ
3601 4953 3752 4990 σπου·

2194 5041 2345 5094 δαῖον
2381 5039 2477 5094 καὶ
2511 5037 2825 5108 πανοῦργον
2855 5036 2958 5107 τῆς
2990 5034 3413 5105 κακομηχανίας
3441 5031 3643 5084 αὐτῶν.

2267 5297 2424 5356 Εἶπα
2454 5297 2532 5365 τῷ
2567 5299 2760 5367 Κυρίῳ
2783 5315 2796 5328 °
2839 5299 2984 5364 Θεός
3008 5314 3129 5368 μου
3155 5292 3210 5350 εἶ
3233 5297 3338 5350 σύ.
3384 5296 3473 5348 Ἐν
3505 5294 3751 5355 τοιούτοις

2201 5395 2468 5456 κινδύνοις
2496 5391 2809 5460 γενόμενος,
2844 5393 3004 5460 μόνον
3036 5391 3126 5443 τὸν
3156 5387 3288 5464 Θεὸν
3317 5388 3744 5457 ἐπεκαλεσάμην.

2200 5489 2388 5555 εἰπὼν,
2422 5488 2555 5551 Θεός
2593 5503 2694 5557 μου
2730 5480 2781 5539 εἴ
2806 5485 2868 5538 σύ
2893 5498 2907 5514 '
2945 5485 3019 5557 μὴ
3045 5483 3275 5557 παρίδῃς
3298 5482 3357 5536 τὸ
3384 5475 3748 5556 δημιούργημᾶ

2203 5597 2317 5640 σου,
