4032 6238
507 310 644 383 1201

1707 329 2024 396 EUTHYM
2041 336 2097 393 Π
2143 337 2507 399 ZIGABENI

3617 341 3772 405 2268

502 445 589 490 tur
613 439 678 488 ⁸⁸.
717 437 780 492 Ει
807 440 1062 510 quoniam
1097 451 1387 499 venatores
1422 460 1670 517 persarpe
1716 447 1886 517 aliqui
1946 457 2071 502 sunt

2185 464 2376 506 συσπ.
2422 453 2575 506 Ἐπεὶ
2631 451 2688 507 δὲ
2724 453 2982 516 πολλάκις
3015 451 3314 522 θηρεύεται
3345 469 3427 514 τις
3452 452 3530 514 εἱς
3566 469 3767 523 σωτη·

491 532 566 585 nd
601 533 858 597 salutem,
910 533 1012 588 hoc
1065 546 1149 590 est
1199 538 1290 606 qui
1335 538 1483 594 feras
1545 541 1793 611 capiunt,
1853 557 1965 595 non
2014 549 2074 595 ut

504 625 751 692 perdant,
776 625 870 678 sed
904 635 960 678 ut
985 637 1231 695 servem,
1259 637 1546 701 propterea
1581 633 1810 694 addidit,
1846 631 1910 686 In
1935 634 2072 687 inte-

505 714 685 782 ri'tum,
735 715 842 770 hoc
869 726 975 782 est,
1009 717 1067 771 In
1112 719 1500 788 perditiOnem.
1553 723 1693 778 Sunt
1727 734 1908 778 autem
1962 725 2075 778 haec

504 807 665 861 verba
722 806 970 862 doctrina
1001 825 1063 862 ac
1093 824 1260 866 sensu
1292 813 1491 869 referta
1519 831 1625 869 non
1657 817 1892 886 vulgari.

577 896 744 957 Vsus.
778 904 864 958 15.
901 901 1133 976 Cognovi
1172 909 1309 977 quod
1344 910 1502 980 faciet
1530 911 1788 964 Dominus
1805 911 2074 982 judicium

499 987 734 1058 inopum,
760 1001 809 1046 et
833 1009 1050 1047 causam
1085 1013 1396 1066 pauperum.
1427 998 1579 1055 Licet
1625 1001 1815 1055 tardus
1849 1001 1920 1054 sit
1975 1001 2076 1054 ali—

498 1088 718 1157 quando
752 1088 1015 1144 Dominus
1046 1090 1112 1145 ad
1153 1107 1345 1146 eorum
1373 1092 1691 1161 vindictam,
1711 1095 1801 1163 qui
1823 1093 2071 1164 oppressi

499 1189 650 1244 sunt,
685 1184 740 1234 et
770 1194 911 1249 quos
963 1182 1068 1236 hoc
1114 1182 1170 1236 in
1225 1184 1347 1238 ioco
1398 1186 1624 1254 inopum
1672 1193 1728 1240 et
1774 1200 2073 1256 pauperum

499 1270 719 1326 nomine
748 1273 1006 1341 appellat,
1034 1283 1274 1327 attamen
1302 1276 1452 1340 novi,
1491 1277 1689 1345 inquit,
1715 1278 1860 1346 quod
1888 1287 1981 1330 aut
2015 1277 2068 1330 in

501 1361 758 1429 prmsenti
817 1371 912 1415 aut
971 1363 1025 1417 in
1079 1349 1264 1417 iutura
1309 1366 1437 1430 vita,
1500 1365 1659 1421 faciet
1717 1366 1977 1423 Dominus
2021 1377 2075 1423 et

494 1453 770 1519 judicium
819 1464 874 1510 et
908 1470 1132 1508 causam
1178 1473 1391 1522 eorum,
1457 1457 1561 1511 hoc
1619 1467 1726 1523 est,
1786 1460 1932 1530 quod
1976 1476 2072 1516 eos

503 1545 823 1600 tilciscetur.
880 1546 995 1602 Hoc
1042 1558 1225 1602 autem
1279 1550 1440 1615 dixit,
1485 1559 1544 1604 ut
1589 1551 1788 1620 injuria
1853 1552 2074 1607 atl'ectos

501 1648 866 1706 quoscunque
917 1638 1168 1694 homines
1203 1642 1611 1706 consolaretur,
1663 1643 1957 1712 simulque,
2016 1654 2075 1698 ut

501 1731 653 1798 ipsos
682 1729 940 1798 injuriam
974 1730 1273 1786 inferentes
1317 1741 1668 1802 pet-terreret,
1719 1745 1773 1788 et
1822 1734 2074 1789 modera—

503 1822 670 1874 tiores
700 1819 978 1874 redderet.

573 1910 741 1966 Vuns.
774 1912 860 1966 M.
905 1898 1274 1966 Verumtamen
1295 1913 1432 1983 justi
1458 1915 1851 1985 conﬁtebuntur
1875 1917 2074 1971 nomini

504 2005 616 2058 tuo.
665 2001 867 2057 Verum
901 2012 976 2068 te,
1022 2004 1222 2075 inquit,
1260 2005 1542 2072 tardante,
1572 2009 1705 2077 justi
1770 2024 1877 2063 non
1921 2023 2076 2063 scan-

504 2093 917 2157 «lalizabuntnr,
970 2096 1064 2150 sed
1111 2097 1319 2166 gratias
1376 2108 1562 2167 agent,
1615 2099 1882 2166 scientes,
1932 2099 2074 2167 quod

503 2189 686 2238 omnia
721 2201 844 2240 cum
886 2187 1100 2242 ratione
1142 2186 1279 2244 facis
1306 2228 1320 2254 ,
1363 2197 1420 2244 et
1455 2189 1522 2243 ad
1565 2198 1814 2246 nostram
1860 2191 2070 2244 utilita-

508 2280 613 2328 t‘em
625 2314 638 2328 .

579 2371 649 2422 Et
697 2369 1010 2424 habitabant
1058 2373 1189 2426 recti
1225 2389 1343 2426 cum
1400 2373 1544 2428 vultu
1593 2384 1700 2428 tuo.
1745 2376 1849 2428 Per
1897 2385 2076 2430 rectos

509 2469 728 2513 rursum
776 2460 963 2528 justos
1009 2461 1288 2532 intelligit,
1344 2465 1439 2532 qui
1482 2465 1835 2530 habitahunt,
1879 2466 2075 2535 inquit,

507 2553 712 2612 tecum,
752 2551 855 2605 hoc
880 2561 982 2619 est,
1013 2567 1135 2606 cum
1158 2554 1237 2606 tui
1269 2557 1531 2608 memoria
1570 2573 1584 2608 :
1614 2571 1736 2608 cum
1767 2571 1829 2610 ea
1866 2573 2080 2625 semper

509 2639 891 2703 exsisteutes,
956 2653 1060 2695 nec
1119 2657 1361 2710 unquam
1422 2641 1764 2698 recedentes.
1821 2643 1940 2709 Vel,
1987 2661 2081 2713 per

505 2738 690 2786 rectos
721 2732 962 2801 quidem,
1010 2733 1294 2801 apostolos
1350 2733 1662 2804 signiﬁcat;
1729 2750 1824 2802 per
1884 2733 2078 2789 faciem

503 2830 636 2876 vero
691 2821 808 2886 Dei,
839 2821 1150 2887 Christum,
1182 2824 1350 2879 veluti
1404 2825 1551 2879 illius
1591 2826 1915 2880 substantiae
1950 2829 2078 2880 cha-

505 2921 799 2968 racterem.
829 2903 952 2968 Volo
983 2917 1152 2979 enim,
1175 2915 1371 2987 inquit,
1402 2925 1459 2970 ut
1496 2918 1586 2971 ubi
1611 2935 1703 2989 ego
1735 2937 1878 2985 sum,
1902 2932 1948 2975 et
1974 2902 2078 2992 ipsi

508 3005 614 3056 sint
648 3021 850 3057 mecum
873 3005 940 3058 ⁸⁷.
987 3005 1225 3061 Possunt
1267 3007 1431 3062 etiam
1461 3017 1513 3062 et
1541 3009 1724 3074 aliter,
1765 3009 1902 3079 justi
1959 3012 2082 3081 qui-

2180 542 2324 613 ρίαν,
2355 546 2717 615 προσέθηκεν,
2774 547 2876 610 ὅτι,
2911 541 3012 612 Εές
3072 545 3423 614 διαφθορὰν,
3495 545 3624 614 ἦτοι
3684 545 3772 606 εις

2179 637 2488 692 ἀπώλειαν·
2526 639 2780 709 Γνωμικὰ
2799 639 2854 692 δὲ
2884 639 3080 704 ταῦτα,
3115 638 3210 690 καὶ
3237 637 3624 690 διδασκαλικά.

2255 907 2488 974 Ἕγνων
2528 897 2616 962 ὅτι
2667 907 2908 974 ποιήσει
2954 905 3170 973 Κύριος
3221 906 3336 970 τὴν
3383 905 3594 972 κρίσιν
3643 905 3770 958 τῶν

2180 997 2453 1068 πτωχῶν,
2481 1000 2574 1053 καὶ
2610 1000 2725 1066 τὴν
2773 1000 2952 1065 δίκην
3010 997 3133 1052 τῶν
3181 997 3477 1063 πενήτων.
3542 999 3612 1051 Εἰ
3667 999 3766 1048 καὶ

2180 1090 2430 1160 βραδύνει
2480 1091 2738 1153 πολλάκις
2779 1091 2810 1156 ἡ
2835 1090 3112 1160 ἐκδίκησις
3128 1090 3236 1142 τῶν
3257 1089 3766 1155 καταπονουμένων

2180 1184 2273 1234 καὶ
2291 1181 3173 1253 καταδυναστευομένων,τούτους
3195 1180 3304 1248 γὰρ
3329 1178 3590 1247 λέγεινῦν
3611 1194 3764 1229 πτωο

2177 1278 2304 1346 χοῦς
2346 1271 2442 1330 καὶ
2474 1277 2734 1346 πένητας,
2767 1275 2884 1328 ἀλλ’
2910 1275 3060 1345 ὅμως
3091 1270 3149 1327 εὖ
3191 1267 3287 1324 οἷδ’
3315 1273 3396 1324 ὅτι
3425 1271 3458 1339 ἦ
3481 1271 3632 1322 κατᾶ
3669 1271 3760 1320 τδν

2179 1371 2426 1442 παρόντα
2459 1369 2598 1439 βίον,
2635 1368 2667 1438 ἢ
2698 1369 2841 1422 κατὰ
2880 1367 2980 1436 τὴν
3002 1366 3304 1436 μέλλουσαν
3335 1363 3501 1433 ζωὴν,
3534 1363 3763 1426 ποιήσει

2179 1463 2384 1528 Κύριος
2420 1463 2520 1533 τὴν
2548 1461 2728 1532 κρίσιν
2799 1459 3002 1523 αὐτῶν,
3050 1457 3190 1512 κατὰ
3209 1456 3309 1526 τὴν
3338 1456 3495 1523 δίκην
3525 1454 3718 1506 αὐτῶν
3743 1465 3756 1480 ·

2178 1553 2214 1607 ἃ
2247 1555 2339 1606 καὶ
2357 1551 2544 1621 ἄμφω,
2579 1551 2680 1616 τὴν
2697 1550 2973 1617 ἐκδίκησιν
2997 1547 3243 1618 δηλοῦσι.
3267 1545 3440 1599 Τοῦτο
3481 1545 3538 1597 δὲ
3573 1541 3756 1603 εἶπεν,

2180 1646 2295 1714 ἅμα
2329 1646 2425 1713 μὲν
2454 1644 2580 1705 τοὺς
2619 1641 3014 1706 ἀδικουμένους
3065 1638 3598 1710 παραμυθούμενος,
3645 1635 3755 1703 ἅμα

2176 1736 2232 1788 δὲ
2261 1736 2384 1799 τοὺς
2414 1733 2735 1796 ἀδικοῦντας
2774 1732 3136 1799 ὲκδειματῶν,
3180 1730 3272 1784 καὶ
3303 1727 3688 1799 σωφρονίζων.

2247 1917 2422 1984 Πλὴν
2436 1910 3212 1982 δίκαιοιέξομολογήσονται
3233 1906 3311 1971 τῷ
3333 1903 3590 1974 ὀνόματί
3617 1916 3750 1956 σοινο

2181 2007 2329 2077 Πλὴν
2363 2007 2458 2059 καὶ
2505 2007 2605 2074 τῆς
2640 2004 2976 2070 ἐκδικήσεως
3021 1997 3416 2070 βραδυνούσης,
3451 1996 3499 2046 οἱ
3552 1993 3749 2045 δίκαιοι

2177 2104 2238 2156 οὐ
2276 2097 2853 2165 σκανδαλισθήσονται,
2883 2093 2998 2145 ἀλλ’
3021 2089 3499 2161 εὐχαριστήσουσι,
3536 2086 3635 2139 καὶ
3659 2082 3748 2135 οὖ⁸

2178 2204 2288 2251 τως
2320 2187 2523 2248 ειδότες
2548 2185 2631 2237 ὅτι
2667 2185 2848 2238 πάντα
2885 2182 2982 2235 σὺν
3011 2180 3155 2251 λόγῳ
3182 2180 3376 2239 ποιεῖς,
3407 2177 3506 2228 καὶ
3525 2177 3666 2247 πρὸς
3691 2171 3747 2224 τὸ

2181 2277 2479 2346 συμφέρον.

2253 2367 2358 2420 Καὶ
2396 2365 2876 2432 κατοικήσουσιν
2928 2361 3125 2425 εὑθεῖς
3173 2360 3295 2414 σὺν
3323 2357 3404 2423 τῷ
3459 2355 3746 2424 προσώπῳ

2181 2480 2318 2517 σου.
2350 2461 2567 2523 Εὑθεῖς,
2599 2461 2726 2520 τοὺς
2761 2457 3006 2518 δικαίους
3054 2456 3206 2520 λέγει
3239 2452 3424 2511 πάλιν.
3452 2452 3533 2503 ὅτι
3564 2465 3740 2502 καιτοι·

2181 2557 2411 2617 κήσουσι
2444 2552 2540 2604 σὺν
2577 2550 2658 2603 σοι
2679 2566 2691 2582 ο
2730 2549 2921 2618 ἦγουν,
2952 2548 3048 2600 σὺν
3067 2549 3132 2615 τῇ
3164 2545 3354 2614 μνήμῃ
3382 2559 3497 2607 σου,
3519 2542 3733 2592 πάντοτε

2183 2647 2436 2707 συνόντες
2463 2644 2624 2713 αὐτῇ,
2659 2642 2754 2695 καὶ
2777 2641 3033 2693 οὐδέποτε
3093 2636 3302 2707 ταύτης
3367 2633 3720 2703 ἀφιστάμενοι.

2187 2741 2256 2791 Ἢ
2305 2737 2500 2802 εὐαεῖς
2546 2737 2696 2804 λέγει
2741 2736 2870 2797 τοὺς
2926 2731 3258 2792 ἀποστόλους
3293 2745 3308 2758 ·
3350 2719 3729 2796 πρόσωπον-δὲ

2185 2831 2357 2895 Θεοῦ.
2384 2830 2476 2882 τὸν
2505 2827 2764 2898 Χριστὸν,
2807 2826 2882 2888 ὡς
2910 2816 3239 2896 χαρακτῆρα
3263 2822 3361 2890 τῆς
3402 2816 3737 2872 arcessisset;

2184 2923 2373 2979 αὐτοῦ.
2431 2923 2593 2977 Θέλω
2616 2921 2747 2990 γὰρ,
2775 2920 2964 2989 φησὶν,
2993 2918 3097 2970 ἵνα
3127 2914 3280 2968 ὅπου
3311 2913 3427 2979 ειμι
3461 2909 3599 2978 ἐγὼ,
3651 2905 3740 2960 και

2184 3015 2351 3070 αὐτοὶ
2374 3008 2485 3067 ὦσι
2503 3010 2632 3081 μετ’
2675 3009 2843 3078 ἐμοῦ.
2905 3003 3032 3060 Εἶεν
3060 3006 3174 3059 δ’ἃν
3223 3004 3318 3058 καὶ
3349 3002 3525 3062 ἄλλως
3557 3000 3742 3052 δίκαιοι

504 3096 628 3149 dem
665 3097 702 3150 ii
743 3096 872 3163 diei,
910 3098 1002 3167 qui
1040 3115 1137 3168 per
1176 3100 1426 3155 actiones
1473 3105 1733 3156 virtutem
1757 3115 2076 3171 Operantur,

2188 3110 2312 3178 μὲν,
2343 3109 2393 3161 οἱ
2430 3107 2528 3178 τὴν
2556 3104 2874 3174 πρακτικὴν
2899 3099 3319 3170 κατορθοῦντες,
3355 3097 3539 3159 εύθείς
3573 3093 3651 3159 δὲ,
3699 3091 3744 3144 οἱ

505 3190 640 3243 recti
679 3201 828 3249 vero.
873 3191 965 3260 qui
1009 3206 1105 3259 per
1127 3195 1678 3263 contemplationem;
1721 3196 1805 3250 vel
1847 3199 1982 3266 justi
2037 3199 2073 3251 ii

504 3279 599 3346 qui
635 3278 959 3347 simpliciter
988 3283 1243 3336 virtutem
1278 3285 1707 3354 amplectuntur,
1755 3289 1891 3342 recti
1947 3304 2077 3343 vero

505 3370 596 3438 qui
634 3383 759 3422 cum
788 3370 997 3438 judicio
1039 3379 1097 3426 et
1127 3373 1367 3428 ratione.
1396 3375 1464 3428 Et
1494 3378 1762 3444 quoniam
1796 3379 1886 3433 hic
1927 3381 2077 3447 psal-

508 3472 634 3514 tuus
665 3463 730 3515 de
761 3459 948 3516 futuro
973 3462 1183 3527 judicio
1221 3473 1541 3534 pertractat,
1569 3467 1636 3522 de
1667 3469 1992 3542 Christoque
2024 3476 2078 3526 et

505 3556 576 3608 de
615 3555 902 3624 apostolis,
936 3555 1147 3610 ideirco
1171 3555 1392 3627 quidam
1427 3559 1475 3612 ei
1508 3559 1932 3631 inscriptionem
1981 3579 2078 3634 ap-

508 3651 820 3712 posuet‘unt
853 3663 865 3698 :
895 3643 962 3697 In
1013 3644 1192 3713 ﬁnem,
1225 3645 1465 3713 psalmus
1499 3650 1602 3718 ipsi
1634 3650 1828 3705 David.

982 3735 1231 3791 Psalmus
1260 3739 1364 3805 ipsi
1398 3739 1593 3794 David.

1040 3826 1365 3882 PSALMUS
1389 3827 1546 3885 CXL.

577 3917 746 3973 Vsus.
789 3914 842 3972 i‘.
889 3918 1127 3984 Domine,
1160 3919 1406 3984 Domine,
1436 3923 1665 3975 clamavi
1700 3923 1769 3977 ad
1800 3932 1870 3992 te,
1886 3929 2079 3982 exaudi

509 4026 609 4063 me.
648 4010 911 4076 Clamavi,
942 4011 1149 4080 inquit,-
1171 4013 1237 4065 ad
1268 4021 1340 4078 te,
1377 4012 1625 4069 clamore
1653 4017 1894 4085 quodam
1921 4019 2076 4089 igniti

508 4110 676 4171 atque
747 4101 1134 4158 ardentissimi
1207 4104 1420 4160 cordis.
1497 4105 1618 4172 Quo
1693 4109 1964 4174 clamore,
2026 4121 2081 4165 et

507 4191 726 4263 Moyses
761 4208 884 4247 eum
945 4203 1150 4249 taceret
1182 4211 1209 4247 a
1238 4197 1352 4251 Deo
1409 4198 1757 4264 audiebatur,
1819 4212 1876 4256 et
1918 4201 2078 4258 Anna

504 4282 671 4337 etiam
694 4283 840 4338 nihil
868 4285 1098 4354 loquens
1122 4303 1144 4352 ;-
1175 4301 1285 4341 non
1325 4296 1503 4343 autem
1535 4290 1649 4345 oris
1680 4291 1940 4356 clamore,
1969 4308 2078 4364 quo

506 4375 680 4431 Judzni
715 4378 1006 4445 petitiones
1028 4391 1081 4434 et
1114 4397 1304 4450 preces
1332 4397 1463 4438 suas
1484 4384 1939 4455 multiplicantes,
1969 4404 2076 4442 non

2185 3201 2284 3272 τὴν
2315 3198 2657 3268 θεωρητικὴν
2678 3214 2691 3226 ·
2725 3191 2757 3267 ἦ
2789 3195 2990 3247 δίκαιοι
3032 3192 3154 3264 μὲν,
3181 3192 3229 3242 οἱ
3269 3187 3456 3250 ἁπλῶς
3485 3186 3591 3257 τὴν
3633 3185 3747 3253 ἀρε·

2186 3293 2285 3362 τὴν
2327 3291 2627 3361 μετιόντες,
2660 3287 2838 3350 εύθεῖς
2869 3285 2946 3351 δὲ,
2986 3285 3034 3337 οι
3087 3282 3225 3353 μετὰ
3249 3281 3434 3348 λόγου.
3488 3277 3651 3330 Ἐπεὶ
3692 3273 3742 3326 δὲ

2185 3384 2315 3455 περὶ
2337 3383 2438 3452 τῆς
2462 3379 2765 3452 μελλούσης
2788 3377 3050 3449 κρίσεως,
3072 3375 3152 3427 ἔτι
3175 3375 3229 3426 δὲ
3253 3372 3381 3442 περὶ
3397 3369 3491 3424 τοῦ
3519 3365 3744 3441 Χριστοῦ

2186 3479 2282 3530 καὶ
2333 3475 2442 3528 τῶν
2505 3472 2821 3527 ἀποστόλων
2855 3473 2880 3524 ὁ
2907 3468 3124 3539 ψαλμὸς
3160 3463 3553 3534 διαλαμῦἀνει,
3621 3459 3743 3519 τινὲς

2188 3568 2499 3636 ἐπιγραφὴν
2533 3564 2707 3632 τούτῳ
2742 3562 3074 3628 τεθείκασιν,
3125 3561 3228 3624 Εις
3254 3557 3317 3610 τὸ
3372 3555 3554 3620 τέλος
3608 3551 3746 3621 ψολο

2182 3662 2294 3729 por;
2325 3658 2402 3724 τῷ
2435 3656 2634 3711 Δαϐίδ.

2675 3746 2920 3816 Ψαλμός
2952 3745 3030 3810 τῷ
3061 3742 3258 3796 Δίιϐἰδ.

2758 3837 3048 3892 ΨΑΛΜΟΣ
3077 3833 3213 3888 ΡΜ’.

2256 3936 2456 4003 Κύριε,
2519 3930 2813 4000 ἐκέκραξα
2857 3927 3007 3998 πρὸς
3058 3925 3154 3988 σὲ,
3214 3921 3592 3977 είσὰκουσόν
3622 3934 3750 3990 μου.

2201 4027 2507 4096 Ἐκέκραξα
2535 4026 2755 4093 κραυγῇ
2788 4021 3014 4091 καρδίας
3046 4015 3483 4085 πεπυρωμένης,
3517 4012 3646 4066 καθ’
3691 4012 3750 4078 ἦν

2188 4119 2283 4170 καὶ
2318 4117 2511 4184 σιγῶν,
2569 4114 2801 4184 ἠκούετο
2859 4107 3244 4182 Μωῦσῆς,καὶ
3311 4106 3478 4176 μηδὲν
3524 4105 3750 4171 φθεγγοά

2160 4208 2326 4276 ’μένη
2362 4208 2395 4275 ὴ
2437 4206 2732 4259 Ἀνναοού
2787 4204 3006 4272 κραυγῇ
3061 4199 3332 4269 στόματος
3379 4194 3501 4248 καθ’
3561 4191 3743 4263 ἦνκαὶ

2190 4298 2558 4367 πληθύνοντες
2609 4293 2710 4364 τὴν
2759 4292 2944 4365 δέησιν
2992 4290 3266 4352 Ἰουδαῖοι,
3327 4287 3424 4340 οὐκ
3471 4286 3748 4354 ἠκούοντο.

2189 4389 2462 4459 Καθάπερ
2482 4389 2551 4456 γά
2561 4405 2591 4458 ρ
2610 4390 2638 4440 ὁ
2669 4386 2894 4455 στόματι
2922 4384 3058 4454 βοῶν
3083 4383 3204 4436 ὅλον
3228 4381 3290 4434 τὸ
3317 4379 3475 4446 σῶμα
3498 4372 3750 4430 κατατείδ

509 4469 898 4534 audiebantur,
934 4472 1029 4526 sed
1077 4471 1317 4528 clamore
1370 4475 1587 4530 auium.
1639 4475 1773 4530 Nam
1815 4482 2076 4549 quemad-

2191 4497 2289 4545 νει,
2323 4478 2466 4532 οὕτω
2483 4480 2578 4532 καὶ
2609 4480 2637 4532 ὁ
2665 4477 2863 4549 καρδίᾳ
2886 4475 3126 4546 κράζων,
3159 4473 3292 4541 ὃλην
3329 4469 3627 4540 συστρέφει
3651 4465 3742 4533 τὴν

515 4563 758 4627 modum,
811 4564 907 4633 qui
946 4579 1044 4619 ore
1073 4565 1301 4630 clamat,
1360 4575 1534 4618 totum
1581 4583 1813 4636 prorsus
1877 4587 2078 4640 corpus

507 4655 740 4708 intendit
768 4672 782 4710 :
813 4657 895 4710 sic
925 4665 979 4709 et
1011 4659 1104 4726 qui
1134 4659 1300 4712 corde
1333 4657 1557 4723 clamat,
1603 4668 1768 4715 totam
1826 4664 2065 4717 animam
2095 4673 2147 4719 et
2191 4677 2428 4719 mentem
2481 4667 2544 4719 ad
2611 4663 2780 4718 Deum
2835 4660 3145 4725 convertit;

506 4746 706 4814 dignus
736 4744 995 4810 edicitur,
1033 4747 1128 4815 qui
1153 4748 1503 4801 exaudiatur.

581 4838 802 4892 Intende
824 4839 934 4892 voci
951 4840 1208 4895 orationis
1231 4857 1386 4904 meas.-
1403 4840 1530 4895 dum
1551 4842 1725 4896 clamo
1744 4847 1812 4896 ad
1839 4853 1906 4898 te.
1942 4846 2076 4900 Dum

507 4931 708 4993 clamo,
745 4929 950 4999 inquit,
993 4938 1053 4982 ut
1089 4929 1298 4984 dictum
1327 4941 1436 4996 est,
1460 4935 1619 5002 quasi
1655 4937 1698 4990 si
1733 4951 1840 4990 non
1870 4937 1944 4991 ita
1969 4937 2081 4991 ela-

508 5020 765 5087 maverit,
798 5021 865 5075 ad
888 5035 1079 5076 vocem
1102 5023 1515 5090 deprecationis
1535 5009 1646 5078 suae
1675 5025 1812 5080 Deus
1849 5038 2081 5083 mentem

508 5115 859 5171 adhibiturus
892 5129 1001 5172 non
1033 5116 1126 5170 sit.

581 5207 746 5264 Vsus.
769 5209 824 5263 2.
867 5208 1147 5280 Dirigatur
1177 5209 1350 5264 oratio
1379 5225 1515 5273 mea,
1550 5211 1682 5263 sicut
1711 5211 2002 5273 incensum,
2030 5213 2084 5265 in

509 5309 789 5370 conspectu
815 5310 926 5364 tuo,
955 5301 1178 5356 elevatio
1209 5317 1462 5354 manuum
1493 5317 1728 5354 mearum
1759 5303 2083 5371 sacriﬁcium

507 5395 884 5462 uespertinum.
919 5395 1037 5450 Duo
1090 5395 1281 5450 altaria
1341 5393 1468 5448 olim
1526 5403 1684 5448 erant
1741 5397 1794 5448 in
1854 5396 2080 5464 templo,

508 5501 734 5541 aureum
772 5487 992 5556 quidem
1029 5490 1288 5554 alterum,
1348 5488 1494 5541 intra
1554 5485 1700 5540 adita
1757 5487 1810 5540 in
1863 5485 2082 5541 Sanctis

509 5585 864 5642 Sanctorum;
908 5579 1138 5634 alterum
1177 5593 1311 5634 vero
1361 5593 1600 5644 aeneum,
1650 5577 1794 5648 quod
1834 5577 2078 5634 exterius

579 5740 812 5810 “Mieh.
851 5757 1026 5822 vu,‘.’..
1103 5757 1146 5786 ’⁷
1202 5757 1355 5811 Joan.
1409 5772 1543 5821 xvu,
1605 5756 1693 5808 SH.

2188 4573 2366 4643 ψυχὴν
2419 4572 2519 4625 καὶ
2547 4570 2638 4624 τὸν
2664 4569 2789 4622 νοῦν
2810 4586 2823 4598 ο
2859 4569 2954 4621 καὶ
2981 4567 3138 4632 ἄξιός
3165 4567 3320 4619 ἐστιν
3347 4559 3746 4617 εἰσακούεσθαι.

3223 4667 3390 4727 atque
3443 4657 3548 4710 hoe
3601 4661 3748 4726 pacto

2251 4846 2522 4918 Πρόσχες
2574 4841 2649 4909 τῇ
2691 4839 2861 4908 φωνῇ
2907 4837 3014 4906 τῆς
3040 4834 3311 4903 δειὶσεὼς
3357 4851 3502 4904 μου.
3555 4833 3626 4885 ἐν
3677 4827 3748 4894 τῷ

2184 4934 2536 5005 κεκραγέναι
2583 4948 2660 5000 με
2689 4929 2834 4997 πρὸς
2869 4927 2961 4980 σέ.
3014 4926 3100 4978 Ἐν
3129 4924 3207 4994 τῷ
3257 4921 3617 4993 κεκραγέναι,
3679 4919 3748 4977 ὡς

2186 5029 2430 5098 εἴρηται.
2459 5026 2533 5087 ὡς
2568 5023 2728 5090 toﬁ-{5
2767 5020 2840 5091 μὴ
2869 5019 3012 5072 οὕτω
3034 5017 3354 5088 κράζοντος,
3388 5016 3450 5068 ού
3504 5011 3750 5084 προσέξει

2187 5125 2252 5191 τῇ
2283 5120 2434 5189 φωνῇ
2485 5117 2581 5184 τῆς
2606 5116 2870 5182 δεήσεως.

2268 5205 2792 5272 Κατευθυνθήτωή
2828 5200 3140 5271 προσευχὴ
3190 5217 3310 5268 μου
3365 5197 3445 5263 ὡς
3501 5196 3751 5264 θυμίαμα

2194 5300 2455 5354 ἐνώπιόν
2502 5313 2655 5351 σου·
2705 5296 2960 5362 ἔπαρσις
3004 5291 3123 5346 τῶν
3173 5289 3388 5359 χειρῶν
3430 5304 3548 5356 μου
3577 5284 3749 5339 θυσία

2192 5389 2501 5459 ἐσπερινή.
2529 5387 2630 5440 Δύο
2660 5387 2833 5456 βωμοὶ
2858 5386 3024 5439 πάλαι
3057 5379 3199 5454 ἦσαν
3233 5383 3292 5433 ὲν
3324 5379 3400 5448 τῷ
3426 5379 3555 5448 ναιξν
3592 5379 3620 5428 ὁ
3655 5373 3746 5443 μὲν

2192 5484 2449 5554 χρυσοῦς,
2499 5483 2646 5536 ἔνδον
2705 5481 2814 5534 τῶν
2839 5479 3048 5532 ἀδύτων
3103 5479 3160 5528 ἐν
3215 5477 3327 5537 τοῖς
3383 5471 3582 5538 Ἀγίοις
3644 5466 3744 5554 τῷν

2189 5553 2381 5644 ἁγίων,
2436 5576 2466 5627 ὁ
2519 5575 2575 5628 δὲ
2633 5571 2865 5645 χαλκοῦς
2929 5570 3030 5635 ἔξω
3083 5566 3356 5636 κείμενος.
3411 5562 3521 5614 Καὶ
3575 5561 3601 5611 ὁ
3654 5553 3744 5626 μὲν
