4102 6206
422 314 565 381 ιὲϐθ

1558 316 1952 381 COMMENT.
1993 317 2075 376 IN
2117 313 2481 376 PSALMOS.

3514 306 3653 383 me

417 429 678 500 χρυσοῦς,
748 432 827 503 τῷ
876 434 1184 505 θυμιάματι
1253 437 1455 500 ἀνεῖτο,
1517 435 1546 487 ὁ
1600 436 1658 488 δὲ
1710 432 1985 505 χαλκοῦς,

2096 430 2426 482 collocatum
2488 435 2630 481 erat.
2695 425 2757 479 Et
2799 426 2854 479 iu
2913 439 3081 481 aureo
3112 429 3331 498 quidem
3371 430 3660 486 incensum

415 522 536 582 ταῖς
590 519 786 583 ἄλλαις
826 520 1085 588 θυσίαις⁸
1148 523 1211 579 τδ
1275 525 1335 580 δὲ
1386 524 1643 595 θυμίαμα
1690 538 1990 577 κατεσκευ-

415 608 579 672 άζετο
645 610 958 677 πολυτελῶς
1016 615 1110 669 καὶ
1164 614 1449 685 καθαρῶς,
1502 615 1665 669 κατὰ
1696 614 1797 685 τὴν
1848 613 1988 683 ὑφή-

414 717 577 770 γησιν
604 702 697 754 τοῦ
737 704 925 773 νόμον,
972 707 1065 760 καὶ
1094 702 1162 778 ἦν
1190 708 1586 780 εὐπρόσδεκτον
1615 706 1757 775 Θεοῖι,
1782 704 1990 775 θυμιώ-

416 808 602 862 μενον,
626 793 714 848 διά
736 812 793 847 τε
820 795 997 851 ταῦτα
1029 799 1224 865 κανῶς
1260 800 1635 854 εὐωδέστατον
1664 799 1761 853 καὶ
1781 814 1986 869 προτυ-

414 882 554 936 ποῦν
577 884 676 956 τὴν
704 886 899 958 καινὴν
925 888 1205 960 λατρείαν.
1243 889 1684 960 Κατευθυνθήτω
1709 885 1826 957 οὖν,
1881 907 1988 960 φη-

416 976 521 1039 σὶν,
569 978 601 1046 ἡ
654 981 934 1050 προσευχὴ
980 998 1107 1050 μου,
1163 982 1240 1046 ὡς
1301 981 1583 1053 θυμίαμα,
1624 984 1686 1036 τὸ
1738 983 1986 1054 νομίμως

414 1066 700 1135 θυόμενον,
761 1068 794 1140 ἢ
822 1068 1194 1140 θυμιώμενον,
1235 1073 1568 1143 ὲξαφθείσης
1590 1074 1678 1127 ὲνσ
1704 1074 1834 1143 ἐμοὶ
1889 1074 1988 1139 τῆς

415 1158 663 1228 καρδίας,
687 1160 764 1227 τῷ
788 1161 922 1234 πυρὶ
952 1164 1054 1232 τῆς
1088 1163 1422 1234 προθυμίας,
1465 1165 1540 1228 ὡς
1570 1164 1833 1237 ἐσχάρας,
1895 1164 1989 1218 καὶ

414 1251 852 1323 ἀναπεμπούσης
901 1254 1072 1325 αὑτήν
1098 1272 1111 1286 ⁶
1146 1256 1285 1310 ἀλλὰ
1326 1255 1568 1310 τοσαῦτα
1612 1257 1714 1327 μὲν
1740 1256 1986 1325 περὶτοῦ

415 1340 790 1412 θυμιάματος.
841 1346 1258 1419 Νενομοθέτητο
1292 1348 1350 1401 δὲ
1400 1352 1515 1413 τοῖς
1563 1349 1806 1416 ἱερεῦσιν
1859 1350 1990 1402 ὅταν

416 1433 606 1502 μηδεὶς
635 1437 923 1507 προσφέρῃ
964 1438 1177 1503 ουσίαν,
1203 1440 1297 1495 δύο
1316 1442 1415 1512 τῆς
1443 1442 1659 1514 ἡμέρας
1683 1441 1986 1506 θυσιάζειν,

413 1524 546 1594 παρ’
573 1527 785 1580 ἑαυτῶν
809 1545 823 1560 ·
886 1530 983 1582 ἕνα
1015 1531 1116 1600 μὲν
1136 1533 1313 1603 ἀμνὸν
1348 1535 1586 1603 πρωῖας,
1619 1533 1719 1587 ἕνα
1747 1534 1803 1588 δὲ
1827 1534 1990 1588 ἐσπέ-

415 1631 534 1684 ρας.
567 1618 677 1669 Καὶ
702 1613 844 1688 ἦσαν
869 1615 1031 1675 αὗται
1057 1625 1115 1676 al
1146 1624 1328 1678 θυσίαι
1358 1626 1601 1698 καθαραὶ¹
1632 1628 1729 1680 καὶ
1754 1626 1948 1681 δεκταί
1972 1644 1984 1658 ·

412 1709 520 1761 τῶν
546 1710 722 1764 ἄλλων
762 1712 1029 1777 πολλάκις
1063 1715 1452 1787 μολυνομένων
1483 1717 1592 1771 ἀπὸ
1620 1718 1723 1787 τῆς
1776 1734 1988 1789 προσα-

2094 520 2455 581 adolcbalur;
2489 534 2701 573 aeneum
2730 532 2860 573 vero
2882 518 3097 574 caneris
3121 519 3454 575 inserviebat
3483 524 3662 578 sacri-

2094 611 2258 666 ﬁciis.
2323 610 2618 666 lucensum
2680 617 2951 679 prmterea
3016 610 3187 663 multa
3265 612 3663 667 conﬁciebatur

2091 721 2218 759 cum
2244 704 2490 774 impensa
2509 712 2673 773 atque
2697 702 2967 758 munditia
2992 703 3140 773 juxta
3165 702 3299 772 legis
3323 704 3661 766 mandatum,

2090 810 2143 852 et
2175 797 2527 867 gratissimus
2562 797 2671 852 Deo
2723 810 2849 852 esse
2906 796 3192 851 videbatur
3239 797 3284 851 is
3335 811 3524 865 vapor,
3565 796 3660 866 qui

2090 889 2247 943 illinc
2276 889 2642 949 ascendebat.
2672 904 2741 944 eo
2769 888 2916 958 quod
2949 888 3387 943 odoratissimus
3412 896 3584 948 esset,
3608 895 3664 941 et

2088 983 2216 1054 quia
2251 998 2453 1037 novum
2495 982 2664 1035 alium
2724 981 2814 1036 Dei
2850 981 3058 1035 cultum
3095 980 3481 1051 prtesignabat.
3519 980 3665 1033 Diri-

2091 1083 2254 1143 gatnr
2285 1074 2472 1144 igitur,
2517 1072 2723 1142 inquit,
2765 1072 2945 1127 oratio
3000 1087 3120 1127 mea
3168 1085 3355 1126 coram
3423 1082 3495 1135 te,
3555 1085 3664 1124 non

2089 1182 2254 1220 secus
2284 1174 2449 1235 atque
2477 1164 2606 1220 illud
2651 1166 2820 1235 legale
2849 1166 3135 1219 incensum
3162 1164 3228 1218 ad
3272 1172 3325 1218 te
3358 1164 3410 1217 in
3464 1163 3664 1217 corium

2090 1257 2345 1327 dirigitur
2374 1274 2388 1312 :
2422 1258 2623 1318 oratio,
2661 1257 2908 1325 inquam.
2933 1270 3074 1320 mea,
3105 1270 3226 1324 qua:
3249 1255 3454 1308 incensi
3490 1254 3667 1308 instar

2088 1369 2155 1407 ex
2203 1350 2368 1406 corde
2425 1361 2866 1419 meo'evaporat.
2898 1350 3007 1404 Cor
3054 1350 3254 1403 ctenim
3310 1364 3490 1402 meum
3545 1349 3669 1415 igne.

2089 1444 2324 1514 quodam
2406 1442 2880 1512 prontptitudinis,
2934 1441 3100 1495 veluti
3156 1440 3337 1503 focus,
3375 1449 3538 1509 atque
3587 1439 3667 1492 al-

2092 1547 2205 1591 tare
2240 1536 2509 1601 quoddam
2541 1550 2835 1589 accensum
2851 1545 2953 1589 est.
2976 1528 3129 1589 Unde
3158 1534 3457 1588 Orationem
3488 1546 3666 1593 suam,

2090 1629 2250 1698 quasi
2301 1630 2592 1682 odoratum
2625 1625 2861 1695 aliquem
2902 1642 3159 1696 vaporem
3194 1628 3417 1682 emittit.
3452 1625 3519 1680 Et
3554 1628 3667 1681 lure

2091 1721 2310 1788 quidem
2348 1722 2411 1773 de
2440 1719 2668 1774 incenso
2692 1719 2838 1773 dicta
2880 1718 3011 1774 sint.
3046 1719 3319 1775 Caeterum
3351 1718 3668 1774 sacerdotes

410 1801 615 1870 τόντων
665 1803 977 1870 διαθέσεως.
1037 1808 1100 1861 Ἠ
1137 1807 1236 1878 μέν
1295 1826 1378 1863 τοι
1434 1808 1700 1881 ὲσπερινὴ
1761 1810 1985 1882 τοιαύτη

2094 1814 2267 1880 legem
2293 1811 2591 1874 habebant,
2623 1812 2766 1880 quod
2797 1812 2888 1865 ubi
2928 1812 3111 1891 nullus
3145 1810 3478 1866 sacriﬁcium
3507 1811 3667 1865 oﬁ‘cr-

412 1893 595 1957 θυσία,
625 1897 725 1965 τῆς
749 1900 981 1969 ἑωθινῆς
1003 1897 1071 1970 ἦν
1104 1904 1434 1971 τιμιωτέρα.
1472 1904 1687 1971 Ἐκείνη
1726 1903 1825 1974 μὲν
1857 1903 1988 1974 γὰρ,

412 1983 551 2055 πρὸς
576 1987 781 2055 ταύτην
808 1988 974 2059 ἐώρα.
1006 1991 1157 2061 Αὕτη
1178 1994 1235 2046 δὲ
1269 1994 1615 2065 συνεπλήρου
1642 1994 1741 2063 τὴν
1773 1996 1991 2065 ίερουρ-

409 2074 537 2142 γίαν
564 2078 662 2148 τῆς
691 2080 931 2151 ἡμέρας,
966 2085 1062 2137 καὶ
1122 2083 1228 2156 τὴν
1289 2085 1640 2157 λειτουργίαν
1688 2087 1988 2158 άπήρτιζε.

414 2166 870 2254 κατευθννθήτω,
928 2175 1090 2246 φησὶ,
1157 2177 1343 2240 πάλιν,
1378 2180 1411 2249 ἡ
1447 2178 1681 2250 ἔπαρσις
1709 2180 1820 2233 τῶν
1870 2197 1986 2249 χει-

413 2258 524 2327 ρῶν
559 2279 684 2330 μου,
717 2264 793 2330 ὡς
822 2266 986 2322 θυσία
1014 2272 1281 2342 ἑσπερινή
1310 2290 1322 2303 ·
1376 2274 1471 2327 τοῦ
1529 2273 1629 2343 μὲν
1676 2290 1984 2345 προσευχο-

415 2354 579 2423 μένου
614 2360 901 2428 στόματος.
939 2366 1344 2437 καθαρεύοντας
1380 2368 1489 2422 ἀπὸ
1505 2369 1680 2437 λόγων
1706 2370 1986 2441 πονηρῶν»

413 2445 617 2509 μᾶλλον
646 2449 701 2502 δὲ
729 2451 823 2519 τῆς
845 2457 1299 2528 προσευχομένης
1330 2457 1561 2530 καρδίας
1581 2460 1690 2513 ἀπὸ
1707 2459 2012 2533 λογισμῶν

411 2536 735 2607 μοχθηρῶν·
759 2542 869 2597 τῶν
901 2545 957 2598 δὲ
988 2548 1092 2600 ἀνα
1107 2550 1425 2620 τεινομένων
1464 2552 1687 2621 χειρῶν,
1717 2552 1989 2621 ἁγνευου-

410 2625 519 2677 σῶν
556 2629 666 2682 ἀπὸ
700 2634 1021 2701 πλεονεξίας
1040 2640 1135 2693 καὶ
1165 2640 1427 2711 ἁρπαγῆς
1456 2643 1553 2696 καὶ
1584 2643 1769 2714 πάσης
1809 2657 1987 2715 παρα-

408 2715 576 2783 νόμου
599 2722 875 2790 πράξεως.

2095 1911 2198 1965 ret,
2230 1902 2336 1972 ipsi
2383 1909 2579 1972 sponte
2607 1918 2704 1956 sua
2737 1901 2821 1956 bis
2860 1902 2913 1956 in
2946 1902 3036 1957 die
3074 1902 3474 1967 sacriﬁcarent,
3508 1916 3669 1955 mane

2093 1996 2311 2066 quidem
2341 2011 2540 2066 agnum
2582 2010 2775 2062 unum;
2815 2004 2870 2050 et
2900 2010 3125 2065 vespere
3166 1997 3395 2050 alterum
3434 2012 3451 2049 τ
3485 2004 3669 2049 erant-

2092 2089 2339 2158 quebaac
2369 2087 2641 2142 sacriﬁcia
2688 2101 2849 2157 pura,
2889 2087 3116 2150 munda,
3165 2095 3219 2141 ct
3272 2080 3379 2139 bro
3436 2085 3671 2140 maxime

2088 2188 2246 2253 grata
2280 2196 2445 2235 :cum
2480 2180 2584 2234 alia
2621 2194 2995 2249 sa‘penumero
3020 2179 3089 2232 ab
3120 2177 3461 2232 oﬁ‘crentinm
3498 2176 3669 2242 vitiis,

2095 2274 2278 2327 minus
2314 2286 2450 2342 pura
2487 2270 2831 2327 viderentur.
2864 2269 3255 2339 Vespertinum
3294 2284 3428 2323 vero
3472 2267 3667 2337 ltnjns-

2097 2364 2338 2428 ccmodi,
2387 2362 2535 2429 quod
2594 2362 2857 2428 diximus,
2917 2361 3277 2423 sacriﬁcium,
3347 2359 3669 2414 honoratius

2097 2465 2262 2526 atque
2297 2458 2577 2525 acceptius
2616 2463 2755 2519 erat,
2782 2469 2943 2524 quam
2980 2453 3331 2505 matutinum.
3359 2448 3493 2504 Nam
3521 2450 3668 2519 quod

2098 2561 2261 2601 mane
2313 2544 2650 2601 offerebatur
2717 2543 2788 2597 ad
2849 2541 3224 2611 vespertinum
3294 2537 3670 2609 respiciebat;

2092 2637 2465 2705 vespertinum
2486 2650 2617 2690 vero
2651 2635 2969 2688 universum
3007 2632 3351 2687 sacerdotale
3376 2631 3483 2685 diei
3504 2643 3671 2697 Opus,

2091 2726 2325 2783 ofﬁcium
2354 2741 2421 2782 ac
2438 2725 2806 2781 ministerium
2826 2724 3165 2794 perﬁciebat.
3191 2722 3466 2792 Dirigatur
3485 2721 3670 2791 igitur,

410 2806 611 2878 inquit,
643 2813 896 2880 Domine,
932 2834 1197 2875 manuum
1260 2837 1506 2877 mearum
1556 2822 1814 2887 eievatio,
1861 2822 2010 2879 sicut
2038 2820 2412 2892 vespertinum
2484 2818 2740 2889 dirigitur
2795 2817 3149 2872 sacriﬁcium.
3234 2816 3375 2870 Vel:
3429 2814 3672 2867 Elevatio

412 2914 670 2958 ntanuum
711 2923 952 2963 Inearntn
1001 2910 1095 2967 ﬁat
1126 2914 1458 2971 sacriﬁcium
1509 2906 1908 2984 vespertinum,
1940 2922 1996 2971 et
2032 2916 2106 2969 sit
2132 2923 2208 2968 ita
2254 2910 2611 2981 acceptabile,
2656 2909 3114 2980 quemadmodum
3183 2906 3318 2962 illud
3369 2907 3466 2961 tibi
3518 2919 3674 2960 accc-

410 3004 560 3061 ptum
593 3009 717 3050 esse
756 2998 917 3065 solet,
952 3001 1023 3056 ita
1072 3015 1128 3059 ut
1157 3020 1221 3060 os
1266 3015 1540 3073 nostrum,
1587 3006 1731 3061 unde
1782 3021 1976 3077 preces
2001 2990 2350 3067 emittuntur,
2384 3018 2579 3073 purum
2638 3002 2712 3057 sit
2741 3002 2809 3056 ab
2858 3000 3115 3056 omnibus
3166 2999 3348 3070 pravis
3400 2999 3674 3055 sermoni-

408 3086 514 3144 bus
541 3106 556 3143 :
588 3091 837 3160 quinimo
869 3106 922 3150 et
965 3098 1143 3168 ipsum
1191 3103 1357 3156 etiam
1402 3117 1523 3166 cor,
1561 3117 1593 3158 a
1623 3117 1733 3173 quo
1788 3117 1981 3173 preces
2010 3103 2362 3173 proveniunt,
2410 3097 2839 3170 cogitationibus
2902 3090 3159 3153 omnibus
3230 3096 3389 3149 malis
3440 3110 3675 3148 vacuum

408 3183 482 3238 sit
527 3203 540 3239 :
576 3192 629 3239 et
659 3187 791 3256 ipsae
817 3190 1021 3257 pariter
1052 3209 1268 3261 manus,
1318 3211 1457 3267 quas
1482 3196 1767 3253 elevamus
1797 3196 1866 3253 ad
1899 3206 1970 3264 te,
2011 3196 2231 3251 munda:
2268 3194 2570 3251 eﬁiciantur
2602 3191 2673 3248 ab
2703 3193 2855 3247 omni
2889 3191 3080 3262 rapina
3110 3230 3125 3257 ,
3184 3190 3438 3256 avaritia,
3512 3196 3567 3243 et
3640 3203 3675 3241 a

406 3289 733 3346 quocunque
767 3277 1045 3349 illegititno
1071 3296 1258 3351 opere.

482 3372 620 3436 Θοῦ,
662 3371 865 3441 Κύριε,
896 3376 1187 3445 φυλακὴν
1215 3377 1292 3443 τῷ
1317 3381 1574 3448 στόματί
1614 3397 1756 3450 μου.
1806 3381 1980 3448 Εἰδὼς
2010 3385 2056 3446 C

415 3464 497 3517 ὅτι
540 3464 599 3517 τὸ
640 3465 817 3535 στόμα
848 3466 1024 3520 αἴτιόν
1058 3470 1177 3522 ἐστι
1208 3470 1322 3523 τῶν
1356 3472 1566 3535 κακῶν,
1590 3472 1981 3543 ἀμελούμενον,

413 3553 603 3626 ὥσπερ
624 3557 840 3610 καὶτῶν
856 3558 1076 3626 ἀγαθῶν
1103 3560 1537 3631 σπουδαζόμενον
1560 3580 1574 3593 ·
1594 3563 1665 3616 τὰ
1688 3564 1857 3634 μυρία
1877 3564 1988 3634 γὰρ

412 3645 563 3700 δεινὰ
593 3648 693 3718 τῆς
734 3648 985 3720 γλώττης
1012 3652 1046 3721 ἡ
1079 3650 1324 3717 εὐκολία,
1364 3651 1699 3723 εἰργάσατο*
1759 3655 1858 3708 καὶ
1904 3654 1987 3709 ὃτι

416 3739 674 3811 καθάπερ
704 3740 858 3794 οὐδὲν
883 3740 1078 3812 ὄφελος
1106 3743 1288 3806 οἰκίας
1328 3742 1361 3814 ἢ
1414 3743 1643 3812 πόλεως,
1682 3746 1744 3799 οὒ
1780 3744 1987 3810 πυλῶν,

416 3832 478 3885 οὐ
513 3833 734 3903 τειχῶν,
762 3837 816 3887 εἰ
841 3834 916 3905 μὴ
935 3826 1071 3889 ὦσιν
1097 3839 1147 3890 oi
1165 3836 1538 3905 φυλάσσοντες
1560 3839 1656 3892 καὶ
1696 3837 1992 3906 γινώσκον-

416 3938 509 3987 τες
532 3925 662 3978 πότε
697 3926 796 3996 μὲν
826 3927 1051 3989 κλείειν,
1077 3929 1206 3983 πότε
1237 3929 1294 3981 δὲ
1322 3930 1561 3999 ἀνοίγειν
1617 3930 1784 3983 καλόν
1812 3945 1825 3961 ·
1891 3930 1986 3984 atat

419 4016 503 4069 ὅτι
532 4016 738 4086 πολλῆς
760 4017 994 4073 ἐνταῦθα
1045 4020 1207 4091 χρεία
1253 4021 1489 4092 σπουδῆς
1541 4020 1637 4076 καὶ
1669 4021 1982 4091 ἀκριϐείας,

308 4119 317 4131 '
418 4110 515 4161 καὶ
556 4107 757 4179 μᾶλλον
782 4110 882 4179 τῆς
946 4110 1155 4165 ἄνωθεν
1220 4112 1566 4184 ἐπικουρίας,
1627 4111 1849 4184 εὔχεται
1894 4114 1990 4168 καὶ

421 4200 579 4254 καλεῖ
610 4200 701 4254 τὸν
724 4202 857 4256 Θεὸν
886 4204 966 4264 είς
1002 4203 1280 4275 βοήθειαν.
1307 4204 1531 4276 Φυλακὴ
1570 4205 1628 4258 δὲ
1690 4206 1984 4277 στόματος,

419 4295 454 4363 ή
492 4294 787 4348 ἐπιστασία
818 4296 913 4349 τοῦ
936 4295 1051 4363 νοῦ,
1083 4299 1450 4369 προσέχοντος
1478 4299 1571 4351 καὶ
1594 4299 1821 4362 εἰδότος,
1874 4299 1994 4352 τίνα

423 4389 524 4457 μὲν
548 4386 830 4459 ἐκφέρειν,
857 4389 978 4442 τίνα
1011 4389 1069 4443 δὲ
1124 4390 1379 4460 κατέχειν
1436 4390 1587 4445 ἔνδον
1619 4392 1799 4462 χρεών
1821 4409 1833 4422 ·
1905 4394 1992 4446 Οὐ

417 4480 700 4535 τοσοῦτοι
733 4482 864 4553 γὰρ,
902 4482 1087 4553 φησὶν,
1117 4483 1344 4537 ἔπεσον
1368 4484 1501 4551 ἀπὸ,
1512 4484 1835 4554 μαχαίρας,
1855 4484 1990 4539 ὅσοι

419 4571 539 4625 ἀπὸ
568 4572 873 4642 γλώσσης.

422 4659 607 4730 Neque
635 4664 794 4728 eui-1:,
830 4674 888 4719 ut
921 4663 1050 4718 alibi
1077 4664 1296 4731 dicitur,
1334 4676 1412 4720 tot
1438 4683 1668 4735 unquam
1694 4666 1930 4721 homines
1955 4683 1987 4720 α
2021 4666 2204 4734 g’adio
2232 4671 2361 4733 quo:
2409 4680 2442 4716 a
2497 4664 2681 4733 lingua
2756 4662 3056 4715 ceciderunt
3086 4662 3154 4715 ⁸⁸.

2160 3380 2321 3434 Vsus.
2357 3377 2410 3432 5.
2442 3375 2606 3441 Pone,
2630 3374 2869 3437 Domine,
2896 3371 3192 3426 custodiam
3214 3369 3297 3423 ori
3322 3383 3454 3423 meo.
3483 3366 3683 3422 Sciens

2099 3472 2367 3542 Propheta
2404 3468 2548 3539 quod
2572 3482 2634 3522 os
2656 3466 2923 3519 malorum
2951 3476 3141 3533 magna
3167 3475 3332 3515 causa
3357 3474 3482 3515 esse
3507 3458 3671 3517 solet.

2097 3568 2142 3622 si
2181 3564 2507 3634 negligatur,
2537 3555 2996 3629 quemadmodum
3028 3567 3244 3620 contra,
3295 3556 3588 3617 bonorum,
3625 3551 3673 3606 si

2096 3675 2226 3715 cura
2260 3658 2379 3727 ejus
2411 3654 2675 3709 habeatur
2705 3652 2930 3723 (lingu:e
2962 3650 3108 3703 enim
3147 3648 3387 3702 facilitas
3420 3649 3676 3701 innume-

2097 3749 2291 3803 rabilia
2333 3746 2504 3817 gignit
2537 3742 2699 3812 mala)
2728 3758 2744 3811 ;
2776 3750 2829 3796 et
2863 3739 3324 3810 quemadmodum
3367 3740 3514 3793 nulla
3550 3755 3672 3793 esse

2096 3842 2235 3897 solet
2275 3838 2485 3893 utilitas
2510 3836 2730 3900 domus,
2763 3843 2856 3888 aut
2888 3832 3153 3897 civitatis,
3212 3846 3313 3886 nec
3358 3838 3671 3900 portarum,

2098 3943 2194 3988 aut
2233 3931 2517 3993 mteninm,
2547 3929 2656 3983 nisi
2692 3927 2854 3981 etiam
2887 3925 3068 3981 adsint
3097 3925 3381 3985 custodes,
3409 3934 3463 3979 et
3486 3923 3672 3977 norint

2097 4024 2314 4093 quando
2335 4022 2548 4093 aperire
2567 4024 2835 4088 Oporleat,
2855 4025 2906 4071 et
2923 4016 3143 4085 quando
3159 4015 3432 4078 claudere,
3453 4022 3508 4067 ct
3527 4014 3672 4082 quod

2098 4118 2272 4172 multo
2308 4115 2411 4171 bac
2440 4115 2492 4169 in
2521 4128 2582 4168 re
2622 4126 2763 4181 opus
2801 4117 2888 4165 est
2921 4109 3129 4173 studio,
3186 4123 3249 4162 ac
3290 4108 3465 4162 multo
3495 4106 3672 4175 magis

2095 4210 2258 4264 etiam
2282 4220 2517 4275 superno
2537 4202 2741 4257 auxilio
2769 4218 2782 4256 τ
2811 4201 3013 4263 sciens,
3043 4202 3285 4270 inquam,
3322 4200 3436 4254 btet:
3458 4198 3665 4262 omnia,

2102 4315 2170 4354 ex
2204 4299 2396 4352 intimo
2436 4294 2602 4350 corde
2632 4308 2825 4364 preces
2857 4292 3054 4357 fundit,
3086 4301 3141 4346 et
3189 4292 3277 4346 Dei
3306 4306 3463 4360 opem
3516 4291 3673 4344 invo-

2102 4399 2211 4445 cat.
2246 4386 2345 4442 Per
2361 4387 2474 4442 oris
2494 4393 2679 4441 autem
2706 4384 3034 4449 custodiam,
3066 4382 3263 4438 mentis
3287 4380 3675 4450 praefecturam

2103 4480 2367 4551 intelligo,
2399 4494 2520 4550 quze
2560 4476 2996 4533 animadvertere
3023 4478 3208 4541 debet,
3246 4484 3301 4529 et
3331 4474 3495 4537 scire,
3521 4488 3667 4543 qna:-

2101 4589 2231 4627 nam
2268 4571 2565 4634 eﬂercnda,
2599 4581 2653 4624 et
2686 4583 2938 4639 qua-nam
2981 4570 3141 4623 etiam
3196 4566 3473 4622 retinenda
3525 4564 3657 4618 sint.

3235 4667 3251 4729 (
3277 4660 3427 4714 Dedit
3481 4666 3669 4713 autem

422 4756 623 4826 lingure
654 4755 798 4813 Dens
832 4758 940 4811 duo
965 4759 1190 4823 nttenia,
1221 4758 1470 4813 dentium
1517 4761 1780 4815 nimirum
1817 4768 1871 4814 et
1903 4760 2198 4823 lubiorum,
2233 4765 2293 4811 ut
2325 4771 2421 4826 per
2468 4771 2532 4810 ea
2588 4755 2941 4809 irrationales
2998 4755 3147 4808 illius
3209 4763 3388 4807 motus
3452 4768 3671 4807 coerce-

424 4856 529 4900 ret.
574 4847 770 4902 Verum
828 4848 1100 4919 Propheta
1161 4849 1327 4904 aliam
1384 4851 1689 4905 custodiam
1750 4851 1818 4906 ad
1873 4852 1990 4905 lucc
2030 4850 2309 4920 implorat,
2341 4847 2537 4902 timens
2574 4846 2776 4909 adhuc,
2802 4861 2870 4900 ne
2898 4844 3214 4900 indecorum
3278 4843 3484 4914 aliquid
3548 4860 3670 4911 pro-

427 4943 701 5011 loquatnr.
725 4941 745 5013 )

499 5033 607 5086 Kal
639 5036 827 5105 θύραν·
857 5036 1146 5107 περιοχῆς
1170 5039 1300 5107 περὶ
1335 5040 1408 5094 τὰ
1439 5042 1613 5110 χείλη
1639 5057 1782 5110 μου.
1813 5041 1998 5112 Θύραν

428 5124 701 5197 φυλακῆς,
742 5128 1121 5197 φυλάττουσαν
1168 5131 1232 5186 τὸ
1262 5134 1442 5203 στόμα
1466 5149 1482 5166 ·
1544 5134 1605 5189 τὸ
1639 5134 1774 5189 αὐτὸ
1795 5134 1854 5189 δὲ
1900 5136 1995 5188 καὶ

431 5213 588 5269 τοῦτο
604 5217 776 5287 δηλοῖ.

501 5398 598 5465 Μὴ
648 5398 941 5470 ἐκκλίνῃς
994 5403 1107 5472 τὴν
1137 5405 1392 5473 καρδίαν
1441 5425 1583 5477 μου,
1644 5408 1731 5474 είς
1785 5408 2004 5477 λόγους

433 5489 747 5580 πονηρίας.
773 5491 865 5561 Μὴ
890 5495 1304 5567 παραχωρήσῃς
1364 5496 1713 5568 ἐκτραπῆναι
1736 5496 1834 5568 τὴν
1866 5514 2009 5580 καρς

2178 5037 2245 5093 Et
2281 5038 2476 5091 ostium
2519 5034 2828 5088 munitionis
2860 5032 3057 5086 circum
3088 5030 3235 5084 labia
3276 5047 3409 5083 mea.
3458 5028 3671 5082 Ostium

2102 5131 2364 5187 cnsmdite
2392 5144 2515 5200 qua:
2542 5141 2605 5183 03
2636 5127 2816 5195 ipsum
2847 5131 3123 5182 observet.
3151 5126 3273 5179 llam
3305 5134 3482 5177 autem
3506 5126 3667 5176 verba

2099 5224 2241 5280 idem
2283 5238 2438 5292 teque
2480 5220 2795 5292 signiﬁcant
2847 5220 2991 5289 quod
3039 5219 3128 5271 illa
3188 5232 3308 5286 qua:
3358 5219 3411 5268 in
3462 5229 3667 5283 praece-

2102 5312 2248 5369 denti
2282 5311 2569 5367 habuimus
2608 5309 2895 5364 versiculo.

2174 5402 2343 5458 Vens.
2376 5403 2431 5459 4.
2464 5399 2546 5455 Ne
2574 5400 2803 5455 declines
2825 5414 2915 5452 cor
2951 5412 3119 5450 nteant
3151 5396 3203 5448 in
3236 5393 3389 5447 rerba
3425 5393 3668 5447 ntulitiw.

2102 5495 2182 5553 Ne
2214 5496 2459 5551 converti
2493 5493 2780 5564 pertnittas
2841 5505 2938 5545 cor
2989 5504 3163 5543 tneum
3225 5486 3291 5539 ad
3355 5486 3676 5541 indecrntcs

434 5576 555 5642 δίαν
621 5596 723 5650 μου
786 5583 866 5645 εἰς
923 5584 1115 5653 λόγους
1183 5588 1473 5659 πονηροὺς,
1537 5589 1619 5652 είς
1675 5576 1990 5661 ἑνθυμὴσειέ

2102 5588 2484 5659 cogitationes.
2515 5583 2650 5638 Nam
2685 5583 2731 5637 si
2765 5597 2827 5637 os
2860 5597 3040 5637 meum
3091 5579 3339 5636 custodia
3400 5577 3672 5633 munitum

515 5761 562 5793 "‘
582 5760 749 5818 Eccli.
784 5778 973 5832 xxvnt,
997 5762 1086 5817 22.
