4032 6238
509 261 645 332 12η

1632 345 1634 348 _
1728 275 2111 338 EUTHYMII
2147 282 2509 344 ZlGABENl

505 377 701 447 fuerit,
742 380 865 446 hoc,
891 383 1034 451 quod
1068 385 1209 449 dico,
1270 402 1614 459 consequens
1667 392 1774 446 erit
1822 401 1877 447 et
1923 392 2070 449 iactu

2182 402 2484 471 ἁπερεπεῖς
2505 419 2519 434 ο
2553 403 2646 458 τοῦ
2682 406 2954 475 στόματος
2984 411 3092 478 γὰρ
3123 409 3576 482 φυλαττομένου,
3667 418 3817 470 daed-

504 470 850 527 iacillimum.
1672 508 1689 538 ι
1768 540 1772 544 ,

580 561 648 616 Ut
683 573 972 631 pratexam
997 575 1285 635 praetextas
1337 570 1389 623 in
1428 575 1680 639 peccatis.
1719 574 1794 631 Ita
1849 586 1906 632 ut
1966 595 2076 635 non

503 663 720 708 tantum
741 669 847 708 non
877 656 1101 712 inclinet
1135 662 1201 714 ad
1231 676 1292 716 ea
1323 664 1545 718 malitiae
1575 666 1763 734 verba,
1793 671 1885 725 sed
1909 672 2074 725 etiam

502 756 560 797 ut
595 760 701 800 non
738 755 1028 814 praetexam
1061 757 1386 819 praetextus,
1411 764 1574 824 atque
1605 759 1994 816 excusationes
2021 762 2075 815 in

506 838 771 904 peccatis.
829 840 1291 908 quemadmodum
1343 847 1503 915 primi
1529 857 1780 916 parentes
1807 851 2073 920 fecerunt,

498 939 623 976 cum
652 937 987 993 peccassent.
1026 930 1197 984 Adam
1227 935 1426 986 ctenim
1459 935 1514 988 in
1545 935 1736 1002 Evam,
1772 951 1824 994 ct
1859 943 1966 996 Eva
2013 945 2072 998 in

500 1029 832 1085 serpentem,
866 1023 1077 1089 peccati
1107 1039 1332 1079 causam
1370 1033 1724 1096 praetexendo
1779 1035 2018 1102 rejeccre
2055 1053 2070 1092 :

501 1109 621 1174 pari
678 1112 840 1164 modo
900 1113 1194 1180 homicida,
1250 1118 1344 1174 ira:
1393 1123 1733 1192 tyrannidem
1794 1129 2076 1196 praetexit;

497 1201 731 1270 adulter,
755 1208 1208 1277 concupiscentia:
1227 1213 1395 1279 vires;
1423 1215 1528 1278 fur,
1549 1218 1788 1288 inopiam
1809 1231 1864 1274 et
1890 1237 2080 1278 neces-

500 1296 754 1361 sitatcm;
796 1307 848 1354 et
878 1301 1019 1356 alius
1051 1302 1196 1358 aliud
1221 1305 1373 1375 quid.
1409 1307 1602 1363 Verum
1636 1311 1765 1376 haec,
1793 1328 1912 1380 quae
1938 1315 2079 1367 dixi-

503 1403 647 1453 mus,
678 1400 902 1458 pcccata
925 1409 1029 1446 non
1052 1395 1303 1463 gignunt,
1327 1399 1421 1452 sed
1454 1399 1693 1455 humana
1719 1403 2074 1474 negligentia.

506 1479 570 1534 Et
603 1483 956 1539 manifestum
980 1486 1084 1540 hoc
1114 1488 1210 1542 tibi
1235 1489 1345 1556 ﬁet,
1369 1491 1415 1545 si
1440 1491 1576 1547 bene
1604 1495 2076 1554 animadverteris.

507 1574 702 1630 Sciens
761 1577 906 1632 enim
964 1573 1237 1644 diabolus,
1299 1583 1445 1652 quod
1516 1584 1867 1642 confessione
1922 1587 2072 1646 Deus

506 1667 773 1732 placatur,
808 1677 862 1724 et
891 1672 1181 1740 negatione
1227 1675 1402 1745 magis
1461 1676 1732 1744 irritatur,
1785 1685 2075 1751 persuadet

504 1761 895 1826 peccatoribus
956 1774 1279 1832 praetexere,
1340 1769 1486 1837 quod
1545 1769 1647 1839 ipsi
1712 1788 1819 1827 non
1883 1791 2080 1843 pecca-

502 1852 703 1918 verint,
736 1854 835 1908 sed
868 1855 1014 1925 quod
1050 1857 1258 1926 aliquid
1299 1862 1506 1929 peccati
1565 1877 1733 1919 causa
1787 1867 1868 1923 eis
1903 1870 2076 1924 exsti-

503 1944 652 1998 terit.

571 2033 702 2090 Cum
741 2037 1040 2094 hominibus
1085 2044 1424 2110 operantibus
1459 2047 1817 2117 iniquitatem.
1865 2045 1943 2106 Ne
1985 2053 2074 2105 in-

501 2126 695 2192 clines,
725 2130 922 2199 inquit,
951 2147 1055 2196 me,
1089 2142 1147 2187 ut
1169 2135 1333 2190 simul
1356 2153 1480 2191 cum
1511 2140 1718 2209 iniquis
1755 2142 2072 2200 hominibus

500 2221 885 2278 excusationes
921 2233 1240 2293 praetexam.
1295 2229 1487 2284 Sulcnt
1543 2233 1690 2287 enim
1751 2235 2068 2304 huiusmodi

503 2312 754 2370 homines
781 2325 908 2384 post
932 2325 1244 2386 peccatum,
1269 2323 1676 2389 excusationes,
1693 2335 1746 2380 et
1774 2338 2074 2396 prmtextus

499 2408 684 2463 varios
715 2409 1006 2465 adducere.

572 2496 638 2551 Et
671 2516 772 2552 non
807 2505 1205 2558 communicabo
1234 2523 1352 2559 cum
1383 2509 1556 2564 electis
1585 2529 1788 2568 eorum.
1829 2513 1987 2579 Quod
2028 2514 2072 2569 si

502 2591 608 2647 hoc
640 2591 844 2647 factum
885 2593 1073 2662 fuerit,
1105 2605 1164 2650 ut
1191 2613 1278 2652 me
1311 2600 1556 2668 adjuves,
1596 2619 1705 2656 non
1742 2607 2072 2674 coniungam

503 2699 612 2746 me,
645 2700 748 2739 nec
777 2688 1223 2743 communionem
1261 2690 1499 2759 aliquam
1529 2694 1742 2748 habebo
1773 2711 1897 2750 eum
1929 2696 2071 2762 illis;

499 2778 753 2846 quinimo
781 2795 960 2848 neque
995 2780 1316 2850 iniquorum
1352 2799 1448 2836 eos
1471 2791 1682 2839 tantum
1707 2786 1950 2850 evitabo,
1978 2787 2072 2855 qui

500 2868 697 2935 intimi,
727 2879 889 2939 atque
925 2872 1252 2940 abiectiores
1277 2885 1403 2930 sunt
1436 2877 1570 2931 :sed
1606 2893 1706 2932 nec
1732 2878 1897 2932 etiam
1946 2893 2073 2932 cum

504 2962 571 3017 iis
597 2977 895 3018 commune
927 2965 1133 3034 aliquid
1165 2965 1379 3020 habebo
1415 2968 1508 3036 qui
1539 2969 1684 3024 inter
1719 2969 1842 3024 illos
1877 2977 2071 3038 poten-

504 3055 671 3107 tiores
703 3064 756 3108 et
787 3055 1052 3110 clariores
1083 3072 1206 3111 esse
1233 3059 1614 3124 apparuerint.

578 3146 736 3201 Vens.
779 3147 832 3201 ὅ.
862 3147 1084 3201 Erudiet
1133 3165 1214 3202 me
1254 3151 1435 3218 justus
1486 3152 1540 3204 in
1581 3153 1968 3216 misericordia,
2024 3169 2072 3210 et

505 3247 687 3306 arguet
723 3254 840 3291 me:
873 3241 1046 3292 oleum
1091 3251 1266 3294 autem
1301 3244 1593 3308 peccatoris
1642 3261 1746 3297 non
1785 3246 2074 3316 impiuguet

500 3337 660 3396 caput
692 3345 881 3382 meum.
918 3329 1168 3399 lncrepet
1223 3347 1310 3386 me
1356 3333 1562 3399 justus,
1600 3346 1869 3397 coerceat.
1905 3345 1959 3390 et
1993 3354 2075 3392 re-

504 3421 810 3488 prehendat
864 3422 1236 3478 :humanitas
1309 3432 1488 3477 autem
1552 3429 1881 3493 peccatoris,
1938 3432 2069 3485 mihi

501 3528 784 3582 nunquam
849 3513 1112 3569 inserviat
1160 3533 1176 3571 :
1230 3516 1424 3570 Melius
1473 3518 1620 3573 enim
1673 3530 1750 3575 est
1799 3522 2072 3592 ﬂagellum

489 3604 652 3670 justi,
687 3621 843 3672 quant
875 3607 1054 3675 gratia
1089 3609 1403 3674 peccatoris,
1441 3617 1490 3661 et
1518 3609 1704 3664 melior
1733 3613 1880 3683 virga
1906 3616 2070 3684 justi,

496 3712 655 3764 quam
673 3695 840 3750 honor
864 3701 1015 3765 pravi
1041 3700 1267 3752 hominis
1291 3701 1358 3754 ⁸⁸.
1391 3701 1448 3756 In
1482 3704 1853 3760 misericordia
1885 3694 2068 3762 autem

501 3790 670 3856 dixit,
701 3805 768 3844 eo
794 3791 938 3860 quod
968 3792 1153 3859 justus
1182 3793 1620 3851 misericorditer
1650 3799 1907 3868 castigat,
1933 3794 2070 3855 dum

498 3885 818 3954 castigando
845 3893 1024 3947 cavet,
1057 3901 1124 3940 ne
1154 3887 1366 3956 perdat.

573 3977 731 4033 Vens.
757 3978 808 4032 6.
842 3977 1108 4042 Quoniam
1144 3980 1318 4032 adhuc
1369 3990 1419 4035 et
1455 3983 1628 4036 ora-tio
1666 3999 1779 4038 mea
1817 3987 1870 4039 in
1913 3987 2069 4042 bene-

495 4071 710 4138 placitis
761 4086 962 4124 eorum.
1019 4070 1194 4125 Simul
1253 4071 1497 4142 fugiam,
1553 4075 1766 4147 inquit,
1826 4077 2066 4147 iniquos,

497 4179 802 4235 eorumque
828 4178 1074 4234 operam,
1101 4171 1155 4219 et
1189 4166 1452 4236 obsequia
1490 4167 1757 4234 rejiciam,
1779 4179 1940 4240 atque
1960 4189 2067 4227 una

498 4256 767 4326 precabor
799 4257 1062 4310 adversus
1125 4272 1314 4311 eorum
1377 4259 1743 4329 beneplaeita,
1809 4262 1911 4318 hoc
1963 4274 2066 4329 est,

497 4348 766 4403 adversus
790 4361 981 4402 eorum
1008 4347 1345 4413 voluntates,
1381 4367 1448 4405 ne
1475 4352 1690 4407 scilicet
1722 4369 1911 4408 eorum
1939 4371 2068 4412 con-

498 4439 851 4510 cupiscentia:
906 4440 1280 4508 perficiantur.
1338 4441 1448 4497 Has
1505 4445 2067 4516 etenimbeneplacita
2102 4423 2143 4478 θ

496 4533 810 4601 appellavit.

568 4625 819 4694 Absorpti
849 4635 970 4679 sunt
985 4627 1149 4693 juxta
1179 4635 1382 4695 petram
1403 4628 1608 4698 iudices
1635 4648 1835 4687 eorum.
1871 4633 2067 4688 Poten-

498 4728 579 4772 tes
605 4733 667 4772 ac
693 4718 968 4787 principes
997 4720 1094 4785 illi,
1125 4721 1216 4788 qui
1243 4722 1422 4776 omnia
1454 4739 1550 4791 pro
1575 4726 1802 4780 arbitrio
1833 4727 2068 4782 admini-

496 4809 766 4872 strabant.
789 4810 978 4876 deleti,
1021 4828 1084 4866 ac
1115 4813 1309 4882 perditi
1342 4823 1490 4879 sunt,
1526 4815 1699 4871 instar
1727 4827 1911 4886 petraa.
1949 4836 2068 4888 quae

491 4907 741 4960 demersa
773 4913 859 4960 est
885 4917 938 4959 et
961 4907 1120 4976 cujus
1154 4908 1364 4961 nullum
1401 4909 1733 4979 relinquitur
1758 4913 2067 4982 vestigium.

493 4995 608 5050 lloe
667 4997 832 5052 etiam
893 4997 962 5053 de
1011 4997 1178 5068 impio
1232 4999 1362 5054 alibi
1408 5000 1615 5056 dictum
1671 5011 1754 5058 est
1792 5022 1805 5059 :
1839 5004 2070 5070 Quwsivi

491 5091 663 5155 enim,
693 5090 892 5161 inquit,
919 5107 1034 5144 eum
1065 5103 1112 5145 et
1139 5104 1335 5147 nonest
1372 5095 1610 5148 inventus
1657 5098 1806 5149 locus
1859 5097 1973 5167 ejus
1997 5099 2066 5152 °°.

492 5178 607 5235 Hoc
635 5190 796 5250 pacto
834 5184 1095 5238 nimirum
1125 5186 1468 5251 describens,
1501 5189 1778 5256 quomodo
1802 5189 1871 5244 ab
1912 5191 2064 5260 ipsis,

493 5280 552 5325 ut
588 5273 661 5327 ita
701 5273 902 5337 dicam,
942 5277 1224 5331 radicibus
1285 5278 1432 5332 illius
1499 5279 1763 5333 memoria
1830 5297 2062 5349 prorsus

493 5365 760 5419 exstincta
788 5367 878 5421 sit.
907 5367 1146 5422 Demersi
1169 5379 1349 5422 autem
1374 5379 1518 5434 sunt,
1543 5371 1680 5424 dixit
1712 5387 1811 5440 pro
1841 5373 2063 5427 Demer-

491 5465 709 5522 gentur,
734 5473 856 5527 qua:
893 5459 1073 5514 futura
1099 5471 1276 5527 erant,
1309 5461 1612 5531 prophetia:
1646 5462 1785 5533 lege,
1825 5479 2060 5521 narrans

496 5552 555 5598 ut
591 5550 894 5614 praeterita.

2180 493 2370 547 λουθον
2400 495 2577 560 τοῦτο,
2611 497 2709 550 καὶ
2740 499 3179 570 εὐκατόρθωτον.

2255 586 2370 640 Τοῦ
2420 588 2892 657 προφασίζεσθαι
2931 592 3265 661 προφάσεις
3307 595 3380 649 ἐν
3429 599 3817 666 ἁμαρτίαις.

2181 682 2345 733 Ὥστε
2375 681 2450 750 μὴ
2483 682 2644 751 μόνον
2671 682 3023 737 ὲκκλίνεσθαι
3063 687 3142 747 είς
3165 688 3411 754 τούτους,
3474 692 3639 744 ἀλλὰ
3713 696 3816 744 καὶ

2179 773 2620 842 προφασίζεσθαι
2653 775 2960 846 προφάσεις
2992 777 3050 829 ὲν
3098 778 3180 848 τῷ
3222 781 3587 851 ἁμαρτάνειν
3623 799 3642 812 ’
3712 787 3815 837 καὶ

2179 866 2226 916 οί
2263 865 2688 933 πριυτόπλαστοι
2718 866 2825 935 γὰρ
2854 866 3304 937 ἁμαρτήσαντες,
3346 872 3374 922 6
3417 871 3521 941 μὲν
3613 874 3813 941 Ἀδὰμ

2179 956 2277 1025 τὴν
2305 956 2450 1010 Εὕαν
2484 957 2918 1027 ἐπροφασίσατο,
2955 961 2987 1030 ἡ
3024 959 3070 1012 δ’
3095 960 3203 1014 Εὔα
3263 963 3356 1015 τὸν
3428 963 3596 1032 ὅφιν.
3685 968 3810 1020 Καὶ

2182 1049 2346 1102 πάλιν
2384 1052 2412 1102 6
2446 1051 2545 1118 μὲν
2576 1051 2773 1119 φονεὺς
2828 1054 3234 1122 προφασίζεται
3282 1055 3386 1125 τὴν
3447 1058 3547 1109 τοῦ
3608 1058 3805 1127 ϐε)μοῦ

2179 1142 2490 1209 τυραννίδα,
2522 1142 2624 1195 ὅδὲ
2668 1143 2987 1214 μοιχεύσας,
3023 1146 3122 1216 τὴν
3149 1146 3272 1216 βίαν
3302 1149 3405 1216 τῆς
3433 1150 3800 1218 ἐπιθυμίας,

2179 1236 2206 1288 6
2231 1234 2286 1288 δὲ
2313 1234 2578 1304 κλέπτης,
2603 1235 2705 1305 τὴν
2745 1236 2995 1306 ἀνάγκην
3023 1238 3124 1308 τῆς
3157 1238 3394 1304 ἐνδείας,
3433 1241 3532 1292 καὶ
3601 1242 3801 1304 ἄλλως

2179 1329 2234 1380 δὲ
2261 1327 2469 1398 ἕτερον.
2499 1329 2572 1380 Οὐ
2597 1329 2769 1382 ταῦτα
2800 1329 2857 1382 δὲ
2891 1330 3109 1384 ποιοῦσι
3138 1332 3238 1394 τὰς
3264 1333 3576 1403 ἁμαρτίας,
3610 1335 3796 1405 ἀλλ’ἢ

2183 1422 2430 1492 ῥᾳθυμία
2455 1440 2468 1454 ·
2504 1425 2598 1475 καὶ
2629 1423 2788 1491 δῆλον
2825 1422 2934 1476 ἀπὸ
2957 1425 3066 1477 τῶν
3129 1428 3542 1496 προσεχόντων.
3609 1428 3795 1492 Εἰδὼς

2181 1516 2290 1583 γὰρ
2317 1514 2344 1565 ὁ
2372 1513 2620 1576 διάϐολος
2655 1514 2730 1577 ὡς
2762 1517 2795 1584 ἠ
2831 1517 2930 1584 μὲν
2981 1515 3254 1586 ὁμολογία
3315 1520 3415 1588 τῆς
3457 1521 3788 1591 ἁμαρτίας,

2186 1603 2427 1657 ἱλεοῢται
2457 1605 2550 1659 τὸν
2581 1607 2884 1677 Δεσπότην,
2919 1608 3023 1678 ἠδ’
3060 1611 3291 1681 ἄρνησις
3348 1612 3527 1680 αὐτῆς
3604 1630 3790 1684 παρ’)-

2110 1735 2152 1788 B
2183 1695 2330 1761 ξύνει
2359 1697 2562 1766 μᾶλλον
2591 1699 2778 1761 αὐτὸν,
2805 1701 2981 1754 πείθει
3014 1703 3140 1766 τοὺς
3169 1703 3604 1772 ἁμαρτάνοντας
3642 1724 3789 1775 προ-

2181 1790 2528 1855 φασίζεσθαι,
2582 1793 2666 1845 ὅτι
2697 1793 2798 1846 οὐκ
2825 1793 2982 1847 αὐτοὶ
3034 1794 3309 1866 ἥμαρτον,
3337 1796 3456 1849 ἀλλ’
3486 1798 3694 1868 ἕτερόν
3729 1815 3782 1852 τι

2178 1882 2404 1950 γέγονεν
2438 1884 2634 1939 αἴτιον.

2249 2062 2376 2116 Σὺν
2427 2061 2769 2130 ἀνθρώποις
2819 2063 3238 2135 ἐργαζομένοις
3293 2067 3410 2135 τὴν
3473 2069 3770 2138 ἀνομίαν.

2180 2152 2288 2206 Τοῦ
2317 2155 2781 2223 προφασίζεσθαι,
2826 2158 3021 2226 φησὶν,
3048 2159 3191 2225 μετὰ
3240 2160 3352 2212 τῶν
3385 2163 3736 2231 παρανόμων
3760 2180 3774 2194 ·

2177 2245 2383 2297 τούτων
2411 2246 2518 2317 γάρ
2560 2248 2676 2300 ἐστι
2708 2248 2770 2300 τὸ
2796 2250 3239 2320 προφασίζεσθαι
3263 2251 3403 2321 μετὰ
3432 2252 3535 2324 τὴν
3581 2256 3774 2325 ἀμαρ-

2177 2353 2321 2390 τίαν.

2247 2523 2353 2575 Καὶ
2377 2524 2448 2576 οὐ
2465 2523 2549 2591 μὴ
2569 2521 2883 2578 συνδιὰσω
2901 2524 3054 2594 μετὰ
3072 2523 3194 2579 τῶν
3218 2525 3516 2582 ἐκλεκτῶν
3529 2527 3750 2583 αὐτῶν.

2181 2613 2287 2664 Καὶ
2317 2614 2364 2664 εἰ
2398 2613 2556 2666 τοῦτο
2579 2613 2830 2683 γένηται,
2871 2617 2921 2668 εί
2959 2614 3257 2686 βοηθήσεις
3299 2635 3408 2686 μοι,
3455 2620 3512 2671 ού
3544 2636 3752 2672 συναυ-

2176 2703 2364 2768 λισΟῶ,
2417 2705 2476 2756 ού
2512 2705 2585 2775 μὴ
2645 2707 2982 2778 κοινωνήσω,
3020 2710 3082 2761 οὐ
3108 2710 3272 2778 μόνον
3295 2714 3407 2775 τοῖς
3432 2713 3754 2765 ὑποδεεστὲ-

2179 2814 2294 2867 ροις
2343 2797 2702 2874 παρανόμοις,
2764 2799 2881 2853 ἀλλ’
2950 2801 3074 2854 οὐδὲ
3131 2805 3246 2866 τοῖς
3307 2805 3668 2874 ὑπερέχουσιν
3699 2808 3761 2858 ὲν

2177 2870 2386 2952 αὐτοῑςί

2251 3184 2567 3238 Παιδεύσει
2587 3201 2662 3254 με
2689 3185 2920 3254 δίκαιος
2943 3189 3013 3242 ἐν
3037 3189 3217 3255 ἐλέει,
3247 3190 3345 3245 καί
3384 3191 3622 3262 ἐλέγξει
3663 3213 3759 3264 με.

2175 3275 2382 3329 ἔλαιον
2402 3277 2470 3329 δὲ
2502 3278 2858 3346 ἀμαρτωλοῦ
2874 3281 2962 3350 μὴ
2995 3283 3304 3337 λιπανάτω
3327 3285 3443 3352 τὴν
3474 3289 3762 3357 κεφαλήν

2169 3386 2310 3436 μου.
2343 3368 3034 3442 Ἐπιπληξάτω,στυψάτω
3071 3393 3137 3444 με
3192 3377 3422 3441 δίκαιος,
3459 3381 3557 3431 καὶ
3598 3380 3755 3446 ἐλεγ-

2177 3459 2341 3524 ξάτω,
2378 3460 2750 3535 φιλοφροσύνη
2791 3466 2846 3518 δὲ
2876 3467 3209 3536 ἁμαρτω).ού
3249 3470 3323 3540 μὴ
3357 3471 3758 3541 θεραπευσάτω

2179 3568 2242 3621 με
2264 3566 2279 3581 ο
2311 3552 2596 3619 Κρεῖττον
2633 3555 2740 3627 γὰρ
2765 3556 2996 3627 μάστιξ
3023 3561 3285 3626 δικαίου,
3317 3563 3355 3630 ἢ
3387 3563 3560 3634 χάρις
3577 3568 3761 3635 ἀμορ-

2173 3643 2387 3706 τωλοῦ,
2407 3644 2506 3697 καὶ
2525 3644 2753 3713 ῥάϐδος
2776 3649 3033 3714 δικαίου,
3062 3653 3300 3719 πλεῖον,
3323 3656 3360 3723 ἢ
3378 3656 3520 3725 τιμὴ
3543 3661 3758 3713 κακοῦ.

2175 3733 2248 3786 T6
2281 3736 2336 3788 δὲ
2367 3739 2422 3789 ὲν
2446 3738 2588 3793 ἐλέει
2626 3743 2974 3808 πρόσκειται,
3005 3745 3140 3799 διότι
3167 3749 3761 3822 φιλανθρωπευόμενος

2174 3826 2423 3881 παιδεύει
2448 3833 2475 3882 6
2507 3831 2742 3900 δίκαιος,
2780 3835 2870 3888 ἵνα
2909 3837 2984 3908 μὴ
3013 3839 3315 3909 ἀπόληται.

2243 4012 2372 4066 ’Ὅτι
2402 4013 2489 4068 ἔτι
2526 4017 2625 4074 καί
2655 4019 2692 4086 ἡ
2712 4019 3026 4089 προσευχή
3040 4037 3166 4088 μου
3196 4019 3266 4072 ἐν
3294 4018 3428 4084 ταῖς
3448 4017 3759 4083 εὐδοκίσις

2170 4103 2389 4162 αὐτῶν.
2405 4108 2559 4161 Μετὰ
2583 4109 2643 4162 τὸ
2657 4127 2850 4178 φυγειν
2867 4113 2994 4174 τοὺς
3015 4113 3388 4184 παρανόμους,
3404 4114 3498 4164 καὶ
3515 4113 3762 4164 ἀπωθείο

2172 4197 2296 4250 σθαι
2315 4200 2410 4270 τὴν
2425 4199 2480 4252 θε
2493 4202 2723 4271 ραπείαν
2740 4205 2943 4269 αὐτῶν,
2961 4205 3040 4258 ἔτι
3062 4208 3155 4260 καὶ
3178 4203 3559 4276 προσεύχομαι
3606 4206 3753 4258 κατὰ

2170 4291 2279 4343 τῶν
2310 4291 2572 4348 εύδοκιῶν
2600 4295 2802 4358 αὐτῶν,
2828 4297 2950 4366 ἦτοι
2985 4297 3128 4351 κατά
3153 4297 3262 4351 τῶν
3293 4298 3620 4368 θελημὰτων
3661 4297 3756 4350 αὖ·

2170 4382 2299 4446 τῶν,
2327 4385 2414 4438 ἵνα
2451 4384 2525 4455 μὴ
2558 4387 2981 4441 συντελεσθῶσιν
3017 4391 3072 4442 αἱ
3113 4389 3303 4460 βουλαὶ
3334 4392 3429 4444 καὶ
3455 4391 3751 4461 ἐπιθυμίαι

2173 4471 2371 4523 αὐτῶν.
2424 4473 2607 4525 Ταῦτα
2633 4473 2740 4544 γὰρ
2769 4477 3016 4540 εὐδοκίας
3045 4479 3216 4547 λέγει.

2245 4658 2679 4726 Κατεπόθησαν
2703 4661 2963 4731 ἐχόμενα
2984 4662 3205 4731 πέτρας
3223 4666 3276 4718 oi
3305 4667 3496 4732 κριταὶ
3525 4667 3751 4724 αὐτῶν.

2175 4749 2239 4800 Oi
2264 4749 2527 4803 δυνάσται
2585 4751 2792 4816 αὐτῶν,
2843 4755 2892 4806 οἱ
2925 4756 3106 4808 πάντα
3139 4756 3372 4824 ἄγοντες
3419 4760 3514 4811 καὶ
3556 4760 3747 4829 φέρον-

2177 4856 2288 4904 τες,
2315 4840 2718 4911 ἠφανίσθησαν,
2750 4845 3152 4916 παραπλησίως
3185 4848 3436 4919 πέτραις,
3465 4848 3623 4919 δίκην
3659 4852 3754 4904 πὲ·

2179 4948 2315 5001 τρας
2341 4936 2907 5007 καταποντιζομὲνης,
2933 4933 3001 5010 ἦς
3027 4939 3119 4991 οὐδ
3136 4941 3150 4961 ‘
3181 4939 3327 5008 [χνος
3360 4943 3747 5011 ὁπολιμπάνε-

2168 5041 2277 5078 ται.
2304 5025 2475 5080 Τοῦτο
2531 5029 2624 5082 καὶ
2680 5031 2944 5100 περὶτοῦ
2999 5033 3231 5096 ἀσεϐοῦς
3276 5031 3452 5102 εἶπεν,
3509 5038 3590 5090 ὅτι
3647 5041 3744 5091 καὶ

2181 5113 2507 5186 Ἐζήτησιιν
2525 5121 2733 5186 αὐτὸν,
2759 5123 2855 5176 καὶ
2881 5125 2992 5192 οὐχ
3022 5127 3238 5194 εὑρέθη
3268 5130 3300 5181 ὀ
3333 5129 3517 5195 τόπος
3535 5131 3744 5192 αὑτοῦ.

2170 5209 2230 5259 τὸ
2271 5210 2568 5280 πρόρριζον
2598 5215 2691 5266 καί
2718 5214 3002 5284 ἀνώνυμον
3036 5218 3288 5272 ἐντεῦθεν
3315 5221 3515 5290 δηλῶν.
3552 5223 3625 5275 Τὸ
3673 5224 3731 5275 δὲ

2175 5303 2632 5371 Κατεπόθησιιν,
2673 5305 2797 5360 ἀντὶ¹
2822 5307 2916 5360 τοῦ
2950 5311 3470 5382 Καταποθήσονται,
3520 5331 3736 5387 προφη-

2174 5394 2425 5462 τεύοντος
2452 5397 2551 5469 τὴν
2577 5404 2966 5473 καταστροφὴν
3000 5404 3202 5459 αὐτῶν.

563 5724 608 5757 ⁵ο
630 5723 794 5780 Prov.
820 5741 989 5795 xxv“,
1019 5729 1084 5799 εἰς
1115 5731 1290 5794 Eccle.
1346 5754 1436 5805 vn,
1471 5738 1520 5793 6.
1599 5742 1644 5774 ὀ
1673 5738 1816 5797 Psal.
1849 5757 2032 5814 χχχιι,
2073 5743 2166 5800 36.

3662 298 3823 361 127?.

3955 3769 3967 4230 φ
