4102 6206
350 342 493 417 1273

1529 325 1924 399 COMMENT.
1958 325 2045 389 IN
2078 328 2440 396 PSALMOS.

3472 335 3610 399 1274

428 463 814 520 Ἀκούσονται
840 461 914 517 τὰ
939 458 1182 531 ῥήματά
1226 473 1368 530 μου,
1403 457 1494 512 ὅτι
1537 455 1916 523 queramur.

2097 445 2258 503 Vsus.
2297 449 2351 515 7,
2376 448 2430 504 8.
2463 447 2696 503 Audient
2733 445 2887 502 verba
2922 462 3057 511 mea,
3090 446 3335 518 quoniam
3368 447 3610 517 jurunda

358 559 421 613 Ὀ
435 559 492 613 δὲ
516 559 839 628 Σύμμαχος,
857 551 1478 620 Ἀκούσονταιρήσεις
1493 568 1615 620 μου
1647 549 1928 617 ἡδίστας.

347 647 776 718 Παραδέξονταί,
823 647 1011 716 φησὶν,
1039 645 1090 699 οἱ
1142 643 1356 698 συνετοὶ
1404 642 1474 695 τὰ
1522 639 1747 711 ρηματά
1801 655 1930 710 μου,

345 742 504 804 διότι,
554 742 688 813 ἡδέα
718 739 893 795 ταῦτα
943 741 1056 802 τοῖς
1080 736 1389 802 εὐσεϐέσιν,
1442 730 1520 798 ὡς
1573 732 1776 805 ἀληθῆ,
1830 730 1930 786 καὶ

345 833 620 902 ὠφέλιμα.

427 926 591 982 Ὠσεὶ
619 924 815 993 πάχος
840 920 953 993 τῆς
967 922 1189 992 ἐρράγη
1219 920 1317 974 ἐπι
1350 916 1461 989 τῆς
1489 918 1623 989 γῆς,
1654 918 1928 986 διεσκορ-

347 1021 535 1087 alcon
575 1018 645 1072 τὰ
672 1014 823 1071 ὀστᾶ
846 1010 1046 1069 αὐτῶν
1068 1012 1230 1082 παρὰ
1274 1011 1387 1067 τὸν
1427 1009 1603 1079 ᾅδην.
1655 1008 1929 1080 Καθάπερ

348 1113 523 1183 πάχος
568 1110 671 1181 γῆς
720 1109 938 1181 ἀρότρῳ
999 1106 1444 1177 διατεμνόμενον,
1514 1104 1785 1176 ῥήγνυται
1832 1102 1928 1156 καὶ

348 1203 707 1276 σκορπίζεται
730 1204 825 1256 ἐπὶ
845 1203 946 1272 τῆς
976 1200 1345 1270 ὑποκειμένης
1367 1197 1494 1266 γῆς,
1517 1194 1663 1253 οὕτω
1692 1195 1762 1250 τὰ
1790 1196 1926 1249 ὀστᾶ

345 1295 530 1351 αὐτῶν
561 1293 1154 1372 διασκορπισθήσονται
1196 1293 1254 1345 ὲν
1296 1289 1377 1362 τῷ
1410 1289 1590 1359 τάφῳ.
1622 1285 1795 1341 Τοῦτο
1815 1287 1927 1358 γὰρ

347 1388 634 1458 ὠνόμασεν
670 1387 826 1459 ᾅδην.

417 1484 539 1535 ὀτι
576 1482 727 1549 πρὸς
761 1481 858 1545 σὲ,
882 1480 1081 1548 Κύριε,
1134 1479 1334 1548 Κύριε,
1379 1480 1434 1532 οι
1460 1476 1761 1547 ὀφθαλμοί
1781 1491 1923 1546 μου·

343 1573 443 1629 ἐπὶ
468 1575 569 1630 σοι
619 1573 880 1644 ἤλπισα,
906 1574 994 1643 μὴ
1037 1573 1383 1640 ἀντανέλῃς
1414 1570 1531 1639 τὴν
1547 1570 1762 1639 ψυχήν
1779 1582 1923 1638 μου.

343 1668 437 1738 Μὴ
463 1666 673 1738 ἀφέλῃς
702 1666 802 1736 τὴν
828 1666 1010 1737 ψυχήν
1066 1682 1170 1735 μου
1225 1663 1705 1732 καταδιωκομένου
1767 1660 1924 1731 παρὰ

340 1758 455 1813 τῶν
484 1758 719 1829 ἐχθρῶν,
756 1759 851 1812 καὶ
879 1757 1127 1828 σφοδρῶς
1164 1754 1677 1824 ἐπιϐουλευομένου.

412 1848 698 1913 Φύλαξόν
731 1865 806 1918 με
846 1847 962 1902 ἀπὸ
1020 1846 1295 1917 παγίδος,
1333 1839 1407 1916 ἧς
1447 1844 1921 1911 συνεστήσαντό

334 1957 434 2012 με,
472 1940 572 1995 καὶ
622 1939 744 1996 ἀπὸ
787 1939 1158 1994 σκανδάλων
1198 1936 1320 1993 τῶν
1345 1936 1752 2007 ἐργαζομένων
1804 1934 1922 2002 τὴν

340 2031 619 2101 ἀνομίαν.
646 2030 932 2085 Σκάνδαλα
953 2030 1045 2084 καὶ
1070 2026 1229 2093 αὖθις
1258 2029 1358 2101 τὴν
1391 2029 1596 2098 παγίδα
1619 2028 1792 2098 λέγει,
1820 2026 1922 2081 καὶ

340 2122 442 2193 τὴν
466 2121 784 2192 ἐπιδουλήν.

415 2212 753 2269 Πεσοῦνται
783 2213 855 2267 ἐν
893 2212 1324 2283 ἁμφιϐλήστρῳ
1346 2211 1546 2266 αὐτῶν
1572 2214 1628 2265 ot
1657 2212 1922 2280 ἁμαρτω-

343 2306 465 2361 λοί.
503 2305 902 2377 Ἐμπεσοῦνται
928 2305 1005 2373 τῷ
1034 2304 1238 2375 δικτύῳ
1258 2304 1461 2368 αὐτῶν,
1494 2304 1631 2374 ὅπερ
1661 2302 1922 2371 ἧπλωσαν

344 2399 469 2452 κατ’
513 2397 673 2466 ἐμοῦ,
702 2395 1300 2468 σαγηνευθήσονταιτῇ
1336 2395 1445 2467 ἰδίᾳ
1488 2398 1738 2467 σαγήνῃ’
1772 2395 1806 2465 ἢ
1861 2396 1921 2448 ὲν

342 2489 751 2561 ἁμφιδλήστρῳ
773 2487 961 2555 αὑτοῦ,
988 2489 1232 2561 δηλονότι
1248 2491 1344 2543 τοῦ
1364 2488 1525 2543 Θεοῦ.

403 2670 802 2740 Καταμμόνας
830 2671 946 2740 εἰμί
970 2670 1120 2741 ἐγὼ,
1185 2670 1298 2737 ἕως
1328 2668 1409 2725 ἂν
1439 2670 1739 2739 παρέλθω.
1804 2671 1921 2726 Με-

342 2765 660 2837 μονωμὲνος
710 2763 806 2818 ἀπ’
865 2763 1053 2819 αὐτῶν
1110 2750 1251 2835 εἰμι,
1286 2764 1479 2835 σιόρρω
1534 2764 1635 2834 τῆς
1691 2741 1919 2836 γνώξιης

338 2853 549 2908 τούτων
580 2853 823 2908 ἐλαύνων
844 2870 858 2884 ·
892 2855 990 2909 καὶ
1024 2853 1087 2908 οὐ
1119 2855 1375 2908 τοσοῦτον
1396 2854 1681 2908 διαστάσει
1710 2855 1915 2918 τόπων,

336 2949 464 3001 ὅσον
524 2946 904 3019 ἀλλοτριότητι
960 2947 1340 3018 προαιρέσεως
1398 2945 1920 3016 ἁποκεχωρισμένος

335 3038 541 3104 αὐτῶν,
573 3039 681 3103 ἕως
709 3037 778 3094 ἂν
798 3038 1081 3094 ἀποθάνω.

2034 540 2275 610 fuerunt.
2308 541 2675 613 Symmachus
2704 548 2886 595 autem
2920 539 3178 604 reddidit,
3210 540 3437 593 Audient
3459 540 3608 593 tocu-

2035 632 2207 685 tiones
2276 647 2425 685 meas
2482 631 2930 701 iucundissimas.
2995 629 3350 699 Suscipient,
3406 630 3606 698 inquit,

2031 723 2311 793 sapientes
2342 722 2445 777 viri
2468 721 2632 777 verba
2672 736 2813 785 mea,
2848 720 3108 792 quoniam
3139 720 3244 788 piis
3268 734 3329 772 ac
3357 717 3607 773 ﬁdelibus

2030 817 2149 871 haec
2178 814 2582 886 jucundissima
2618 822 2770 876 sunt,
2808 812 2974 868 veluti
3003 813 3156 867 utilia
3186 827 3249 866 ac
3275 827 3426 865 vera.

2103 910 2255 967 Sicut
2279 908 2579 965 crassitudo
2622 919 2781 963 terra:
2818 916 3007 977 erupta
3054 917 3134 961 est
3178 920 3338 973 super
3386 916 3603 970 terram,

2028 1005 2269 1073 dispersa
2305 1011 2429 1057 sunt
2462 1018 2585 1057 ossa
2616 1017 2797 1056 eorum
2834 1001 2978 1069 apud
3010 1002 3298 1069 infernum.
3332 1000 3608 1066 Quemad-

2030 1099 2255 1154 modum
2287 1107 2447 1153 terrae
2485 1095 2802 1152 crassitudo
2829 1103 3016 1150 aratro
3041 1094 3274 1149 discissa
3309 1095 3605 1161 rumpitur,

2028 1200 2084 1247 et
2146 1190 2206 1246 in
2268 1189 2576 1261 proximam
2628 1196 2830 1244 terram
2890 1187 3193 1255 spargitur,
3244 1185 3325 1239 sic
3373 1192 3427 1238 et
3475 1199 3604 1238 ossa

2028 1296 2221 1339 eorum
2289 1281 2678 1349 dispergentur
2734 1277 2791 1332 in
2847 1276 3152 1346 sepultura.
3203 1273 3354 1328 lianc
3399 1274 3602 1329 etenim

2027 1374 2304 1430 infernum
2330 1372 2642 1442 appellavit.

2098 1468 2237 1534 Quia
2277 1466 2418 1533 apud
2454 1475 2524 1529 te,
2558 1463 2805 1527 Domine,
2835 1461 3083 1525 Domine,
3113 1459 3255 1514 oculi
3283 1458 3387 1512 mei
3417 1474 3435 1512 :
3467 1458 3519 1510 in
3555 1465 3604 1509 te

2025 1562 2252 1629 speravi,
2304 1575 2367 1612 ne
2414 1563 2634 1626 auteras
2688 1555 2927 1609 animam
2989 1569 3179 1607 meam.
3235 1549 3314 1605 Ne
3362 1549 3602 1615 auferas,

2026 1653 2227 1722 inquit,
2256 1651 2497 1704 animam
2544 1660 2742 1708 meam,
2771 1644 2903 1699 dum
2952 1643 3304 1698 inimicorum
3339 1656 3603 1711 persecu-

2026 1745 2253 1806 tionem,
2289 1749 2344 1795 et
2374 1739 2641 1793 maximas
2674 1734 2906 1790 insidias
2930 1732 3210 1786 sustineo:

2096 1836 2264 1891 Vsus.
2298 1835 2354 1890 9.
2384 1830 2609 1890 Custodi
2638 1846 2718 1884 me
2756 1846 2789 1883 a
2833 1828 3043 1897 laqueo,
3102 1841 3256 1895 quem
3309 1823 3601 1879 constitue-

2026 1939 2148 1983 runt
2177 1926 2324 1988 mihi,
2358 1934 2409 1979 et
2457 1941 2489 1977 a
2531 1919 2803 1977 scandatis
2860 1918 3192 1985 operantium
3245 1916 3599 1984 iniquitatem.

2029 2023 2133 2077 Per
2165 2019 2427 2075 scandala
2461 2022 2518 2071 et
2553 2029 2651 2086 per
2674 2014 2925 2082 laqueos,
2954 2008 3185 2066 insidias
3208 2023 3404 2064 rursus
3436 2007 3603 2062 intel-

2027 2115 2169 2184 ligit.
3225 2159 3234 2167 ,

2101 2207 2266 2263 Vens.
2300 2204 2387 2260 10.
2421 2202 2622 2257 Cadent
2643 2200 2699 2254 in
2726 2205 2835 2253 rete
2855 2212 3008 2251 suum
3038 2203 3361 2264 peccatores.
3394 2192 3452 2247 In
3477 2206 3578 2263 pro

2029 2302 2230 2373 prium,
2259 2298 2460 2369 inquit,
2494 2307 2609 2351 rete
2651 2292 2913 2356 incident,
2970 2289 3115 2360 quod
3166 2287 3456 2342 adversum
3516 2299 3603 2339 me

2030 2393 2407 2455 tetenderunt,
2436 2397 2492 2445 et
2520 2384 2746 2457 propria
2784 2379 3326 2449 comprehendentur
3378 2390 3603 2446 sagena.

2029 2484 2128 2541 Vel
2154 2485 2308 2555 juxta
2329 2483 2495 2536 aliam
2525 2480 2768 2535 litteram
2805 2494 2820 2532 :
2858 2473 3062 2529 Cadent
3092 2471 3147 2524 in
3181 2477 3290 2524 rete
3311 2468 3451 2538 ejus,
3494 2469 3602 2524 hoc

2025 2587 2128 2644 est,
2164 2579 2286 2648 ejus
2312 2575 2429 2632 Dei.

2096 2668 2404 2741 Singularis
2438 2682 2556 2721 sum
2587 2680 2703 2734 ego,
2732 2677 2999 2736 usquequo
3053 2671 3343 2717 transeam.
3397 2655 3599 2725 Segre-

2027 2773 2188 2837 gatus
2225 2762 2487 2818 nimirum
2516 2760 2586 2814 ab
2612 2759 2714 2823 eis,
2766 2755 2996 2811 eﬂ‘ectns
3024 2755 3199 2817 solus,
3228 2760 3281 2808 et
3313 2748 3503 2820 procul
3534 2745 3604 2800 ab

2026 2872 2216 2915 eorum
2280 2852 2552 2910 sententia
2613 2866 2629 2904 :
2681 2864 2783 2905 nec
2834 2854 3048 2902 tantum
3105 2847 3227 2900 loco
3282 2846 3601 2911 separatus,

2027 2957 2291 3021 quantum
2328 2960 2357 2999 a
2389 2942 2692 3014 proposito,
2733 2948 2788 2995 et
2818 2936 3052 2994 consilio
3112 2948 3304 2988 eorum
3366 2932 3603 2985 alienus.

2028 3046 2329 3112 Separatus
2355 3044 2536 3091 autem
2565 3036 2633 3089 ab
2662 3033 2766 3095 eis,
2806 3043 3093 3101 usqueqno
3127 3025 3353 3081 moriar.

331 3130 645 3198 Συνέσεως
684 3129 764 3197 τῷ
794 3128 994 3197 Audio,
1054 3131 1125 3184 ἐν
1188 3127 1268 3196 τῷ
1317 3127 1473 3186 εἶναι
1519 3130 1707 3186 αὐτὸν
1737 3132 1805 3187 ὲν
1831 3130 1911 3197 τῷ

2027 3131 2390 3205 lnteltigentia:
2461 3128 2565 3197 ipsi
2644 3122 2859 3190 David,
2917 3139 3035 3177 cum
3110 3127 3243 3176 esset
3328 3132 3490 3173 orans
3544 3114 3603 3169 in

628 3215 652 3226 ’
689 3223 978 3290 σπηλαίῳ
1025 3223 1543 3291 προσευχόμενον.

858 3316 1153 3370 ΨΔΛΜΟΣ
1207 3317 1392 3370 PMA’.

407 3408 474 3462 Τί
518 3408 618 3480 μὲν
647 3408 802 3480 δηλοῖ
860 3409 923 3461 τὸ
962 3410 1296 3475 Συνέσεως,
1328 3411 1386 3465 ἐν
1418 3409 1699 3481 διαφόροις
1730 3409 1919 3474 ἄλλαις

336 3501 677 3570 ἱπιγραφαῖς
745 3497 1245 3570 παραδεδώκαμεν.
1284 3499 1561 3569 Σπήλαιον
1593 3500 1651 3553 δὲ
1681 3501 1831 3568 λέγει
1857 3500 1919 3554 τὸ

333 3592 581 3655 διπλοῦν,
612 3594 668 3646 ὲν
699 3585 744 3662 ᾧ
780 3578 942 3646 Δαδὶδ
967 3591 1252 3664 ηὐλίσατο,
1310 3591 1532 3660 φεύγων
1565 3590 1658 3645 τὸν
1703 3592 1876 3645 Σαούλ
1901 3608 1916 3624 ·

338 3687 465 3740 inet
493 3684 603 3757 γὰρ
636 3685 797 3749 αὐτὸς
834 3686 933 3757 μὲν
986 3683 1256 3754 ἐνδοτέρω
1290 3683 1628 3754 ἐκέκρυπτο,
1657 3684 1832 3738 Σαοὺλ
1862 3685 1920 3738 δὲ

335 3781 754 3851 παρερχόμενος
777 3780 837 3831 ἐν
865 3776 945 3848 τῷ
960 3776 1214 3850 ὲξωτέρῳ
1236 3777 1682 3847 κατεσκήνωσεν,
1709 3777 1921 3847 ἀγνοῶν

334 3872 399 3925 τὸ
428 3874 682 3945 πρᾶγμαο
708 3872 873 3941 γνοὺς
909 3873 937 3926 δ
962 3869 1128 3927 Δαδὶδ
1152 3871 1236 3924 ὅτι
1264 3869 1709 3940 συγκέκλεισται,
1751 3885 1920 3940 προσ-

337 3966 545 4038 ηύξατο
576 3967 777 4021 ταῦτα.

410 4145 586 4214 Φωνιῆ
637 4163 756 4215 μου
802 4142 953 4215 πρὸς
1008 4142 1232 4211 Κύριον
1269 4140 1586 4210 ἐκέκραξα,
1610 4136 1782 4209 φωνῇ
1802 4154 1924 4207 μου

340 4238 493 4308 πρὸς
541 4239 757 4307 Κύριον
806 4234 1085 4305 ἐδεήθην.
1146 4235 1258 4288 Καὶ
1291 4234 1397 4305 μὴν
1419 4234 1521 4287 οὐκ
1545 4231 1777 4304 ἠδύνατο
1816 4246 1926 4299 φω-

341 4334 475 4396 νεῖν,
508 4330 541 4400 ἢ
578 4328 829 4401 κράζειν,
863 4325 950 4381 ἵνα
979 4327 1054 4396 μὴ
1083 4326 1349 4395 γνωσθεὶς
1376 4324 1578 4379 αὐτίκα
1617 4321 1920 4392 συλληφθῇ.

338 4424 545 4480 Λοιπὸν
569 4419 665 4476 οὖν
704 4419 890 4492 φωνὴν
916 4416 1232 4491 κράζουσαν
1271 4418 1423 4487 λέγει
1457 4416 1575 4480 νῦν,
1610 4415 1708 4487 τὴν
1730 4431 1919 4467 συντεο

337 4514 583 4585 ταμένην
609 4512 850 4567 διάθεσιν
870 4509 972 4583 τῆς
998 4510 1251 4582 καρδίας,
1268 4508 1554 4580 ἀλαλήτως
1580 4504 1917 4579 κρσξούσης,

338 4610 435 4660 καὶ
465 4622 552 4661 νοε
563 4605 673 4677 ρῶς
700 4603 1197 4675 καθικετευούσης.

422 4874 640 4948 Ἐκχεῶ
669 4874 925 4931 ἐνώπιον
948 4874 1137 4930 αὑτοῦ
1175 4871 1291 4942 τὴν
1327 4872 1545 4940 δέησίν
1596 4890 1740 4943 μου.
1780 4876 1918 4942 [lpo-

340 4975 514 5047 Θήσω.

414 5066 541 5136 Τὴν
593 5063 808 5133 θλίψιν
846 5078 968 5134 μου
1018 5058 1274 5114 ἐνώπιον
1320 5059 1508 5112 αὑτοῦ
1572 5060 1913 5131 ἀπαγγελῶ.

342 5161 419 5215 Τὸ
457 5159 592 5214 αὐτὸ
648 5156 802 5227 λέγει
843 5154 1027 5209 πάλιν.
1072 5153 1191 5221 Τὴν
1242 5153 1457 5220 θλίψιν
1493 5153 1624 5205 ἀντὶ
1651 5152 1913 5224 δεήσεως,

344 5250 743 5324 προϐαλοῦμαι,
775 5247 993 5318 κάμψαι
1023 5245 1159 5316 πρὸς
1200 5242 1487 5314 ἀντίληψιν
1546 5243 1639 5297 τὸν
1692 5244 1916 5318 Κύριον,

341 5344 675 5415 δυναμένην.
709 5340 858 5411 Αὕτη
884 5340 993 5410 γὰρ
1031 5340 1093 5391 οὐ
1137 5337 1298 5408 μόνον
1343 5335 1795 5409 σπουδαιοτέρους
1824 5343 1919 5395 καὶ

341 5435 888 5509 προσεκτικωτέρους
951 5429 1115 5484 εἵωθέ
1167 5431 1362 5495 ποιεῖν,
1391 5428 1530 5483 ἀλλὰ
1561 5430 1658 5485 καὶ
1703 5432 1917 5504 «appr,-

344 5533 470 5585 ciav
522 5529 584 5583 οὐ
637 5525 843 5599 μικρὰν
898 5524 1037 5596 πρὸς
1091 5522 1245 5588 Θεὸν,
1291 5521 1370 5592 τῷ
1421 5523 1541 5594 μετ’
1569 5523 1922 5597 εὐχαριστίας

341 5621 565 5692 φέροντι
611 5618 923 5690 χαρίζεται.
978 5617 1086 5671 Καὶ
1145 5614 1310 5689 μέγα-
1344 5614 1643 5688 δικαίωμα,
1673 5618 1809 5692 πρὸς
1859 5621 1920 5676 τὸ

340 5711 633 5769 εἰσακουσθ
643 5712 767 5784 ῆναι
796 5709 1025 5781 γίνεται.

2677 3216 2952 3284 spelunca.

2537 3305 2862 3365 PSALMUS
2890 3303 3073 3362 CXLI.

2089 3408 2235 3476 Quid
2286 3404 2565 3478 signiﬁcet
2595 3399 2892 3470 inscriptio
2953 3394 3350 3468 Intelligentite,
3411 3390 3601 3445 multis

2020 3503 2074 3557 in
2113 3502 2251 3556 locis
2304 3495 2734 3554 declaravimus.
2760 3492 2875 3546 Per
2937 3489 3255 3563 speluncam
3290 3498 3420 3539 vero
3449 3482 3599 3536 illam

2020 3589 2295 3659 intelligit,
2330 3588 2382 3641 in
2423 3599 2531 3656 qua
2590 3584 2786 3637 beatus
2820 3578 3015 3635 David
3080 3578 3261 3640 latuit,
3299 3576 3428 3630 dum
3458 3573 3602 3627 Sau-

2024 3685 2126 3739 lem
2165 3682 2394 3749 fugeret.
2444 3677 2582 3732 Cum
2647 3685 2829 3730 autem
2875 3685 2941 3726 eo
2989 3670 3101 3724 illic
3156 3667 3406 3723 latitante
3434 3666 3603 3721 adve-

2022 3776 2196 3832 nisset
2243 3770 2398 3837 Saul,
2435 3777 2488 3824 et
2532 3766 2658 3822 facti
2691 3766 2922 3835 ignarus
2971 3760 3217 3816 exterius
3266 3766 3602 3822 moraretur,

2023 3865 2273 3923 resciens
2331 3858 2527 3925 David,
2570 3872 2630 3912 se
2660 3855 2778 3911 illic
2830 3854 2899 3909 ab
2951 3851 3112 3906 hoste
3172 3844 3601 3912 circumdatum,

2024 3977 2087 4015 ac
2146 3973 2287 4030 pene
2345 3953 2675 4010 conclusum
2748 3963 2898 4015 esse,
2970 3947 3275 4001 orationem
3330 3941 3476 3996 hanc
3534 3944 3604 3994 ad

2027 4051 2199 4106 Deum
2228 4046 2483 4120 protulit.

2095 4143 2263 4199 Vsus.
2297 4141 2354 4197 2.
2401 4138 2535 4194 Voce
2589 4152 2704 4191 utea
2754 4133 2823 4188 ad
2860 4131 3142 4187 Dominum
3179 4128 3425 4193 clamavi,
3485 4142 3605 4182 uoce

2025 4254 2141 4292 mea
2181 4235 2250 4289 ad
2299 4232 2590 4289 Dominum
2625 4236 2877 4299 precatus
2913 4239 3053 4279 sum.
3110 4222 3273 4293 Atqui
3305 4236 3406 4276 nec
3456 4219 3604 4288 loqui

2027 4334 2262 4396 poterat,
2297 4340 2401 4381 nec
2442 4324 2705 4386 clamare,
2758 4334 2826 4373 ne
2857 4316 3114 4386 cognitus
3171 4314 3383 4369 scilicet
3415 4312 3600 4367 statim

2027 4417 2614 4491 comprehenderetur,
2684 4420 2740 4469 et
2797 4411 3024 4483 periret.
3067 4407 3259 4462 Restat
3316 4405 3485 4474 igitur
3543 4412 3605 4457 ut

2024 4530 2121 4584 per
2169 4527 2357 4567 vocem
2409 4519 2463 4564 et
2506 4508 2830 4570 clamorem,
2891 4504 3167 4559 intensum
3223 4500 3408 4555 cordis
3473 4497 3607 4553 affe-

2022 4614 2172 4661 ctum
2218 4601 2615 4673 intelligamus.
2672 4596 2852 4654 Corde
2906 4593 3110 4650 etenim
3178 4600 3233 4646 et
3284 4607 3394 4646 non
3470 4604 3606 4645 voce

2024 4696 2352 4761 clamabat,
2422 4694 2657 4765 ipsaque
2732 4696 2916 4745 mente
2998 4685 3066 4741 ad
3143 4685 3313 4740 Deum
3413 4696 3606 4753 preces

2023 4787 2313 4845 eﬂ‘erebat.

2096 4877 2263 4935 Vsus.
2297 4877 2351 4932 5.
2383 4874 2676 4944 E/fundam
2729 4870 2785 4924 in
2827 4875 3108 4938 conspectu
3154 4864 3268 4936 ejus
3311 4866 3605 4919 orationem

2027 4988 2220 5029 meam.
2252 4968 2367 5025 Hoc
2397 4975 2484 5024 est
2510 4977 2833 5036 proponam.

2099 5061 2510 5118 Tribulalionem
2558 5071 2729 5113 meam
2788 5066 2911 5113 ante
2989 5056 3163 5124 ipsum
3228 5050 3600 5126 pronuntiabo.

2026 5158 2287 5212 Eamdem
2345 5170 2539 5211 rursus
2613 5155 2943 5210 sententiam
3003 5154 3220 5223 repetit.
3269 5145 3604 5202 Tribulatio~

2030 5267 2180 5316 nem,
2237 5247 2440 5319 inquit,
2498 5262 2673 5301 meam
2709 5263 2832 5317 quae
2864 5245 2933 5300 ad
2990 5243 3255 5299 auxilium
3307 5239 3476 5294 Deum
3511 5235 3605 5294 ﬂe-

2030 5356 2182 5403 ctere
2226 5341 2449 5413 poterit,
2521 5355 2618 5411 pro
2671 5341 2925 5396 oratione
2993 5336 3043 5393 ei
3101 5348 3421 5407 proponam.
3482 5330 3606 5401 ipsa

2030 5434 2305 5506 siquidem
2342 5433 2630 5488 tribulatio
2688 5445 2796 5485 non
2838 5428 3015 5484 solum
3070 5424 3394 5482 attentiores
3429 5424 3607 5479 homi-

2030 5543 2129 5581 nes
2166 5524 2395 5581 reddere
2423 5525 2565 5580 solet
2634 5537 2759 5577 cum
2837 5526 3119 5583 narratur,
3183 5518 3279 5575 sed
3344 5517 3602 5572 ﬁduciam

2028 5620 2195 5676 etiam
2228 5620 2277 5674 ei
2311 5624 2538 5688 praestat
2590 5629 2699 5669 non
2741 5613 3045 5680 minimam,
3081 5612 3177 5684 qui
3236 5626 3358 5667 cum
3405 5611 3608 5683 gratia-

2028 5728 2151 5768 rum
2233 5711 2454 5764 actione
2546 5722 2669 5761 eam
2751 5705 3065 5776 protulerit.
3142 5703 3293 5760 Unde
3364 5703 3604 5757 maxima

2032 5803 2352 5879 justiﬁeatio
2385 5801 2652 5874 efficitur,
2682 5801 2779 5880 ad.
2805 5799 2935 5873 hoc,
2970 5807 3028 5858 ut
3077 5798 3204 5873 quis
3249 5798 3600 5858 exaudiam.
