4102 6206
579 299 719 365 1275

651 407 815 466 Verus.
851 411 903 464 4.
947 409 1084 464 Dum
1127 407 1304 477 deﬁcit
1341 407 1393 460 in
1428 423 1507 460 me
1541 405 1754 474 spiritus
1792 420 1956 457 meus.
2000 400 2144 467 "me,
2177 399 2229 460 Λ

579 503 783 574 inquit,
841 503 1002 566 l'ario,
1037 503 1161 570 quia
1200 501 1253 554 iu
1313 500 1572 568 periculis
1625 513 1769 562 sum,
1822 497 1949 565 quia
2010 495 2155 548 lutu-

583 605 831 658 rumest,
875 603 935 648 ut
1009 595 1235 648 moriar.
1309 593 1532 646 Auxilio
1601 591 1805 646 etenim
1865 605 1932 644 ex
2008 587 2154 641 omni

584 697 738 756 parte
807 693 1124 756 desperato,
1217 687 1460 756 seipsum
1542 685 1761 749 penitus
1827 683 1894 738 ad
1986 683 2154 736 Deum

583 796 704 833 cum
723 781 868 834 ertit.

652 871 722 926 Et
775 881 829 924 tu
859 873 1148 942 cognovisti
1194 875 1412 927 semitas
1467 888 1632 928 meas.
1671 871 1783 941 Ego
1823 871 2044 940 quidem
2100 869 2154 923 in

584 965 836 1018 maximis
902 967 1239 1021 constitutus
1328 966 1586 1034 periculis
1655 967 1768 1018 inec
1829 963 2044 1026 faciam,
2100 972 2154 1015 tu

583 1064 788 1119 autem,
835 1055 1078 1118 Domine,
1123 1059 1554 1112 conversationis
1622 1072 1754 1112 meat
1795 1055 2019 1111 semitas
2070 1069 2160 1108 Co-

583 1145 816 1211 gnovisti
855 1163 870 1211 ;
907 1156 961 1199 tu
993 1147 1134 1199 nosti
1169 1147 1312 1214 quod
1364 1148 1512 1200 nulla
1567 1163 1662 1201 eos
1718 1145 1915 1214 injuria
1966 1142 2157 1197 ellece-

584 1237 712 1299 rim,
765 1238 856 1304 qui
901 1239 1033 1291 mihi
1103 1237 1462 1294 insidiantur.
1532 1238 1805 1305 Quocirca
1863 1236 2061 1306 injuria
2088 1235 2158 1291 ob

583 1327 754 1381 Solam
785 1343 973 1382 eoi-um
1017 1330 1272 1384 invidiam
1330 1330 1382 1383 in
1434 1329 1696 1400 periculis
1725 1343 1942 1384 versos.

662 1419 722 1472 In
754 1420 835 1473 eia
858 1421 976 1485 hac,
995 1437 1097 1490 qua
1124 1421 1483 1484 ambulabant,
1506 1421 1895 1476 absconderant
1912 1421 2156 1489 laqueum

585 1513 737 1565 mihi.
789 1512 846 1566 lu
885 1513 988 1567 hac
1027 1515 1192 1567 etiam
1260 1514 1347 1569 via
1408 1515 1548 1584 fugre
1600 1531 1734 1569 meas
1806 1515 2156 1568 occultaruut

586 1603 868 1671 laqueum,
903 1605 1043 1657 clam
1095 1606 1447 1676 insurgentes
1503 1608 1793 1661 adversum
1852 1622 1958 1669 me,
1994 1613 2154 1675 atque

586 1695 790 1748 exitum
846 1697 977 1751 mili
1021 1713 1128 1752 non
1169 1700 1548 1768 praemeditato
1575 1699 1910 1768 przecludere
1941 1698 2156 1752 studen-

1806 289 2187 354 EUTHYMII
2229 285 2350 350 ZIG
2362 285 2593 350 ABENI

3697 280 3836 348 1276

2337 401 2434 453 Ἐν
2485 401 2565 466 τῷ
2613 399 2921 454 ἐκλείπειν
2968 397 3038 462 ἐξ
3083 397 3226 466 ἐμοῦ
3279 397 3343 450 τὸ
3398 397 3636 460 πνεῦμά
3684 416 3831 467 μον.

2259 489 2464 552 Ταῦτα,
2521 491 2709 560 φησιν,
2752 491 2965 560 ποιήσω
3007 491 3063 540 ὲν
3093 488 3171 558 τῷ
3229 488 3565 541 κινδυνεύειν
3613 490 3739 561 ἤδη,
3777 493 3834 542 ἐν

2255 583 2332 654 τῷ
2368 584 2588 652 μέλλειν
2615 583 3003 654 ἀποθνήσκειν·
3026 580 3368 649 πανταχόθεν
3398 582 3504 650 γὰρ
3532 581 3830 648 ἀπογνοὺς,

2254 677 2375 732 ὅλον
2402 675 2616 741 ἑαυτὸν,
2648 675 2920 728 συνέτεινε
2952 673 3088 744 πρὸς
3115 672 3270 728 Θεόν.

2326 859 2434 913 Kal
2465 858 2548 911 σὺ
2585 857 2775 927 ἔγνως
2833 855 2940 922 τὰς
2971 857 3207 924 τρίϐους
3245 871 3384 923 μου.
3432 854 3574 921 Ἐγὼ
3608 855 3706 923 μὲν
3734 855 3833 907 αὖ-

2257 967 2364 1014 τως
2414 954 2472 1003 ὲν
2507 951 2758 1020 ἐσχάτοις
2812 950 3008 1010 δεινοῖς
3066 947 3385 1016 γενόμενος,
3413 947 3556 1001 οὕτω
3591 950 3830 1018 ποιήσω.

2260 1047 2327 1099 Συ
2360 1047 2436 1104 δὲ,
2475 1045 2668 1113 Κύριε,
2701 1044 2872 1111 ἔγνως
2915 1043 3008 1104 τὰς
3035 1042 3188 1105 ὁδοὺς
3216 1041 3316 1108 τῆς
3377 1039 3649 1102 πολιτείας
3703 1059 3828 1109 μου,

2257 1139 2349 1192 καὶ
2379 1133 2524 1198 οἶδας
2558 1137 2638 1188 ὅτι
2672 1131 2838 1205 μηδὲν
2887 1133 3163 1205 ἠδικηκώς
3200 1133 3328 1197 τοὺς
3375 1131 3830 1194 ἐπιϐουλεύοντας

2259 1231 2438 1302 μάτην
2473 1227 2772 1283 κινδυνεύω
2804 1229 2891 1283 διὰ
2925 1228 3142 1298 φθόνον.

2341 1413 2443 1468 Ἐν
2465 1404 2584 1480 (5δῷ
2609 1412 2816 1481 ταύτῃ,
2835 1405 2875 1483 ᾖ
2895 1410 3291 1480 ἐπορευόμην,
3319 1410 3595 1478 ἔκρυψαν
3609 1410 3827 1477 παγίδα

2253 1523 2375 1578 μοι.
2433 1507 2540 1560 Καὶ
2574 1507 2628 1558 ἐν
2656 1509 2722 1575 τῇ
2800 1503 2901 1574 ὁδῷ
2952 1504 3124 1574 ταύτῃ
3172 1503 3276 1572 τῆς
3333 1502 3535 1572 φυγῆς,
3586 1501 3827 1571 ἔκρυψαν

2259 1597 2465 1667 παγίδα
2511 1615 2626 1666 μοι,
2687 1596 2937 1666 κρυφίως
2970 1593 3315 1656 ἐπελθόντες,
3348 1593 3442 1646 καὶ
3465 1591 3825 1644 ἀποκλείσαν-

2260 1692 2348 1753 τὲς
2380 1707 2468 1761 μοι
2492 1690 2589 1757 τὴν
2616 1689 2815 1753 ἔξοδον,
2853 1686 2929 1756 μὴ
2961 1684 3450 1756 προαισθανομένῳ
3475 1697 3488 1711 ·
3523 1683 3726 1734 νοεῖται
3747 1681 3826 1746 δὲ,

589 1793 690 1840 tes.
731 1785 824 1840 Vel
860 1787 1021 1844 aliter
1089 1789 1157 1844 de
1228 1791 1699 1845 intellectualibus
1766 1790 2002 1843 inimicis
2046 1790 2158 1842 haec

2268 1785 2355 1838 καὶ
2385 1783 2513 1850 περὶ
2555 1781 2665 1834 τῶν
2718 1777 2926 1849 νοητῶν
2978 1777 3276 1846 πολεμίων,
3337 1775 3419 1827 ὅτι
3463 1773 3526 1826 ού
3584 1773 3743 1841 μόνον
3771 1773 3829 1822 ἐν

587 1877 732 1929 dicta
781 1888 932 1939 sunt.
980 1881 1072 1949 qui
1127 1897 1236 1936 nun
1268 1891 1480 1936 tantum
1537 1883 1593 1937 in
1623 1883 1882 1936 vitiorum
1931 1882 2015 1934 via
2065 1895 2160 1935 oc-

589 1970 766 2024 cultos
815 1974 1042 2028 tendunt
1100 1974 1346 2043 laqueos,
1411 1975 1505 2030 sed
1578 1975 1721 2043 quod
1781 1974 2006 2042 gravius
2055 1983 2159 2036 est,

587 2062 751 2116 etiam
788 2063 842 2117 in
869 2066 954 2119 via
976 2066 1194 2120 virtutis
1224 2084 1236 2120 :
1270 2068 1434 2121 veluti
1460 2068 1511 2120 in
1543 2068 1797 2134 paiientia
1827 2066 2161 2134 superbiam,
2183 2097 2198 2108 ε

588 2161 642 2206 et
682 2154 736 2206 in
765 2155 1133 2226 eleemosyna,
1171 2157 1390 2213 inanem
1422 2160 1668 2229 gloriam.

662 2245 826 2300 Vens.
848 2247 901 2301 5.
939 2246 1355 2303 Considtrabam
1391 2252 1458 2303 ad
1495 2251 1786 2316 dexteram,
1811 2263 1859 2304 et
1914 2249 2161 2318 respicie-

591 2336 733 2401 bam,
768 2347 817 2391 et
868 2355 970 2392 non
1009 2349 1122 2393 erat
1170 2343 1260 2409 qui
1295 2350 1601 2410 agnosceret
1675 2357 1774 2394 me.
1829 2341 1888 2394 In
1941 2339 2162 2393 dextera

589 2429 792 2482 etenim
821 2439 972 2498 parte
1007 2432 1168 2485 amici
1220 2442 1386 2501 atque
1435 2433 1717 2501 adjutores
1745 2432 1936 2486 adesse
1964 2432 2162 2487 solent.

593 2524 918 2590 Spectabam
940 2525 1134 2594 igitur,
1175 2526 1459 2594 inquit,ad
1493 2527 1795 2592 dexteram,
1829 2540 2016 2580 verum
2044 2525 2166 2578 nul-

593 2616 679 2669 lus
719 2617 851 2669 mihi
879 2619 1066 2671 aderat
1097 2616 1339 2684 adiutor.

663 2703 833 2759 Periit
873 2707 998 2775 fuga
1028 2722 1059 2758 a
1102 2722 1201 2763 me.
1253 2705 1366 2762 lloc
1398 2715 1504 2768 est.
1560 2704 1762 2763 defecit
1799 2706 1965 2761 etiam
2031 2705 2162 2759 milii

595 2796 734 2866 fugae
768 2799 1064 2852 remedium
1099 2815 1114 2852 :
1149 2813 1273 2852 cum
1303 2799 1359 2853 in
1403 2798 1662 2868 spelunca
1709 2798 1918 2854 scilicet
1941 2796 2166 2852 conclu-

593 2905 690 2944 sus
720 2888 844 2953 sim,
876 2896 1038 2960 atque
1077 2888 1318 2961 eilugere
1365 2907 1475 2946 non
1511 2892 1739 2946 valeam.

667 2976 735 3030 Et
781 2995 882 3032 non
925 2989 1002 3034 est
1064 2981 1156 3049 qui
1224 2982 1468 3052 exquirat
1537 2983 1772 3035 animant
1825 2996 2013 3034 meam.
2061 2979 2165 3046 Qui

592 3070 914 3134 n'ciscatur,
941 3071 1033 3138 qui
1067 3071 1281 3132 liberet,
1307 3074 1399 3142 qui
1427 3073 1706 3128 defendat.

670 3160 827 3218 Vnus.
859 3162 910 3215 6.
946 3162 1182 3217 Clam/rvi
1212 3164 1281 3216 ad
1332 3176 1401 3228 te,
1431 3164 1668 3220 Domine.
1702 3165 1836 3222 Cum
1860 3167 1927 3222 de
1968 3166 2167 3220 huma-

597 3265 670 3306 no
701 3253 908 3307 auxilio
946 3267 1174 3322 prorsus
1212 3253 1640 3322 desperaverim.

672 3431 797 3484 Dixi
820 3448 839 3485 :
872 3431 950 3485 Tu
982 3448 1035 3486 es
1062 3447 1176 3497 spes
1203 3449 1341 3489 mea.
1369 3432 1467 3511 [Tu
1494 3434 1642 3489 salus
1672 3436 1903 3490 scilicet.

673 3523 854 3577 Portio
881 3540 996 3578 mea
1027 3525 1079 3577 in
1101 3534 1243 3578 terra
1282 3526 1582 3580 viventium.
1604 3525 1659 3581 lu
1692 3538 1832 3581 terra
1871 3529 2166 3585 viventium

596 3615 888 3676 etsistens,
934 3617 1137 3670 nullam
1194 3633 1295 3688 ego
1349 3628 1618 3675 terrenam
1677 3621 1848 3677 lzabeo
1886 3624 2170 3677 lia-redita-

595 3715 726 3773 tem,
783 3708 992 3761 nullum
1043 3708 1229 3763 saeculi
1306 3711 1467 3781 hujus
1510 3714 1922 3780 patrimonium,
1970 3715 2063 3768 sed
2119 3723 2172 3768 te

597 3814 766 3854 umuu
796 3803 848 3854 in
897 3800 1216 3855 thesaurum
1276 3803 1564 3871 possidens
1590 3805 1742 3860 dives
1782 3821 1922 3860 sum.
1950 3803 2069 3872 Vel,
2090 3801 2169 3860 Tu

593 3907 654 3946 es
689 3907 810 3946 sors
852 3907 992 3956 mea,
1047 3903 1100 3948 et
1132 3893 1336 3948 divitia:
1377 3911 1532 3958 mete,
1573 3897 1629 3950 in
1687 3899 1826 3951 cmlo
1884 3900 2168 3963 nimirum,

597 3985 688 4037 ubi
742 3999 867 4038 vere
914 3993 999 4039 est
1047 3992 1192 4039 terra
1268 3987 1588 4053 viventium,
1657 3988 1784 4058 quia
1833 3989 2172 4046 immortales

596 4082 750 4139 sunt,
789 4075 880 4144 qui
908 4075 1022 4129 illic
1049 4073 1344 4129 ltabitantu

670 4164 834 4220 Vens.
883 4167 934 4220 7.
969 4167 1192 4222 Intende
1244 4169 1314 4222 ad
1348 4168 1762 4236 deprecationem
1812 4189 2004 4238 meam,
2043 4190 2172 4244 quo-

598 4257 743 4310 niam
777 4256 1088 4313 humiliatus
1120 4276 1238 4313 sum
1265 4260 1434 4316 ualde.
1487 4261 1869 4325 Aliiictiouem,
1925 4276 1981 4318 et
2024 4267 2172 4319 cala-

599 4350 840 4405 mitatem
873 4366 1030 4406 suam
1078 4352 1346 4421 Propheta
1382 4354 1656 4422 proponit,
1695 4364 1753 4408 ut
1800 4355 1969 4408 Deum
2005 4358 2173 4426 magis

2261 1875 2365 1944 ὀδῷ
2395 1874 2594 1936 κακίας
2654 1870 2962 1942 κρύπτουσι
2993 1868 3250 1935 παγίδας,
3275 1866 3391 1917 ἀλλ’
3413 1863 3441 1917 ὃ
3471 1864 3707 1932 μάλιστα
3737 1881 3831 1931 χαι-

2261 1965 2471 2018 λεπώτε
2483 1982 2593 2032 ρον,
2614 1965 2708 2016 καὶ
2742 1964 2799 2015 ὲν
2820 1960 2924 2031 ὁδῷ
2944 1957 3169 2030 ἀρετῆς,
3188 1959 3261 2020 ὼς
3283 1960 3341 2010 ὲν
3374 1955 3696 2026 ἀνεξικακίᾳ
3741 1954 3830 2007 τὶν

2262 2052 2451 2120 τῦφον,
2484 2053 2577 2105 καὶ
2603 2055 2659 2106 ὲν
2691 2049 3034 2122 ἐλεημοσύνῃ
3072 2049 3172 2119 τὴν
3202 2045 3533 2110 κενοδοξίαν.

2334 2232 2676 2289 Κατενόουν
2695 2234 2781 2296 εις
2813 2231 2884 2285 τὰ
2931 2229 3120 2294 δεξιὰ,
3178 2229 3273 2281 καὶ
3325 2228 3682 2289 ἐπέὄλεπον,
3735 2231 3829 2282 καὶ

2263 2329 2374 2383 οὐκ
2399 2323 2476 2397 ἦν
2501 2329 2533 2380 ὀ
2561 2325 2976 2394 ἐπιγινώσκων
3007 2340 3096 2390 με.
3143 2319 3238 2374 Ἐκ
3266 2320 3360 2373 τοῦ
3390 2319 3566 2384 δεξιοῦ
3593 2321 3698 2390 γὰρ
3741 2325 3835 2387 μὲ-

2267 2437 2417 2492 ρους,
2448 2414 2768 2472 είώοασινοῐ
2805 2418 3108 2486 σύμμαχοι,
3139 2415 3234 2468 καὶ
3260 2413 3403 2481 φίλοι
3437 2412 3832 2481 παρίστασθαι.

2277 2513 2678 2578 Ἀπεσκόπουν,
2723 2511 2907 2583 φησὶν,
2963 2512 3042 2574 είς
3077 2510 3144 2563 τὰ
3179 2507 3349 2573 δεξιὰ,
3419 2509 3512 2560 καὶ
3561 2507 3658 2558 οὐκ
3711 2502 3839 2576 ἧνδ

2267 2606 2500 2678 βοηθῶν.

2348 2695 2635 2750 Ἀπώ.1ετο
2658 2693 2820 2765 φυτὴ
2849 2695 2950 2750 ἀπ’
3002 2692 3171 2763 ἐμοῦ.
3220 2693 3456 2756 Ἐξὲλιπε
3485 2693 3579 2743 καὶ
3605 2692 3640 2760 ἡ
3680 2689 3840 2759 φυγὴ

2265 2787 2362 2841 ἀπ’
2394 2785 2552 2856 ἐμοῦ,
2580 2789 2637 2839 ἐν
2668 2787 2744 2856 τῷ
2769 2783 3022 2856 σπηλαίῳ
3050 2783 3564 2854 συγκεκλεισμένον,
3582 2782 3677 2833 καὶ
3700 2780 3838 2850 μηδὲ

2269 2879 2494 2948 φεύγειν
2520 2877 2844 2946 δυναμένου.

2341 2971 2450 3026 Kal
2480 2973 2591 3026 οὐκ
2638 2970 2809 3024 ἔστιν
2834 2973 2866 3024 o'
2901 2967 3158 3036 ἐκζητῶν
3186 2969 3302 3035 τὴν
3346 2964 3560 3036 ψυχήν
3587 2983 3728 3035 μου.
3780 2963 3837 3016 Ὀ

2192 3089 2239 3152 c
2269 3064 2524 3126 ἐκδικῶν,
2555 3066 2583 3116 ὁ
2625 3063 2911 3134 ῥυόμενος,
2943 3063 2972 3114 ὁ
3001 3059 3247 3130 ἀμύνων.

2353 3155 2681 3224 Ἐκέκραξα
2732 3154 2882 3219 πρὸς
2926 3151 3021 3214 σὲ,
3056 3155 3250 3220 Κύριε.
3307 3149 3652 3220 Πανταχόθεν
3682 3146 3837 3200 enat.

2270 3249 2440 3310 πίσας
2477 3287 2492 3312 ,
2538 3249 2632 3302 καὶ
2675 3247 2856 3300 πᾶσαν
2908 3246 3260 3316 ἀνθρωπίνην
3307 3242 3636 3309 ἐπικουρίαν
3700 3241 3840 3292 em-

2270 3340 2455 3410 γνούς.

2342 3426 2520 3498 Bina,
2563 3435 2646 3488 Σὺ
2671 3435 2728 3488 εἴ
2754 3435 2792 3502 ἠ
2825 3435 3001 3497 ἐλπίς
3020 3451 3160 3504 μου.
3197 3433 3272 3485 Σὺ
3309 3431 3492 3501 μόνος.

2341 3523 2520 3590 Μερίς
2545 3541 2657 3588 μου
2679 3521 2736 3576 εἴ
2753 3523 2820 3576 ἐν
2844 3521 2920 3591 γῇ
2957 3520 3207 3582 ζώντων.
3264 3520 3352 3572 Ἐν
3377 3524 3447 3590 γῇ
3499 3519 3712 3584 ζώντων
3742 3519 3839 3582 ὢν,

2272 3618 2330 3670 ἐν
2357 3616 2522 3681 ζῶσιν
2555 3618 2965 3687 ἐξεταζόμενος,
3007 3616 3198 3670 οὐδένα
3244 3617 3432 3684 γήϊνον
3479 3615 3584 3684 ἔχω
3619 3614 3838 3681 κὶῆφν.

2271 3710 2408 3764 ἀλλὰ
2441 3711 2498 3763 οὲ
2537 3711 2696 3780 μόνον
2730 3709 2944 3763 πλουτῶ
2985 3708 3260 3780 Θησαυρόν
3281 3724 3293 3738 ο
3321 3705 3353 3777 ἢ
3390 3708 3453 3759 σύ
3482 3725 3582 3776 μου
3628 3701 3677 3757 εἷ
3707 3703 3840 3772 κλῆ-

2274 3821 2368 3874 ρος
2401 3805 2495 3857 καὶ
2547 3804 2773 3866 πλοῦτος
2798 3806 2855 3858 ὲν
2899 3803 3136 3875 οὐρανῷ.
3167 3798 3330 3866 Οὗτος
3363 3802 3470 3872 γὰρ
3499 3801 3591 3870 γῆ,
3621 3800 3844 3863 ζώντων

2273 3895 2382 3948 τῶν
2415 3895 2491 3966 μὴ
2525 3892 3004 3964 ἀποθνησκόντων,

2344 4161 2614 4228 Πρός-χες
2628 4159 2775 4226 πρὸς
2805 4156 2919 4224 τὴν
2940 4155 3154 4222 δέησίν
3171 4171 3310 4224 μου,
3329 4155 3418 4207 ὅτι
3441 4149 3854 4216 ἐταπεινώθην

2275 4251 2528 4322 σφόδρα.
2553 4252 2663 4322 Τὴν
2689 4249 3065 4304 κακοπάθειαν
3101 4249 3181 4310 εἰς
3217 4246 3427 4300 ἱκεσίαν
3459 4243 3848 4314 προσαλλεται,

2275 4345 2370 4397 καὶ
2428 4344 2603 4413 ταύτῃ
2642 4342 2916 4412 κάμπτειν
2941 4341 3034 4394 τὸν
3089 4340 3369 4406 Δεσπότην
3431 4336 3719 4406 ἐπιχειρεῖ·
3769 4337 3858 4388 el-

597 4442 796 4510 placet,
828 4451 994 4512 atque
1020 4444 1086 4497 ad
1123 4461 1284 4500 suum
1331 4421 1510 4500 ﬂectat
1540 4445 1824 4500 auxilium.
1856 4445 2067 4502 Dictum
2090 4421 2167 4505 est

2279 4456 2438 4510 ρηται
2471 4438 2550 4503 δὲ,
2581 4440 2676 4491 καὶ
2722 4439 2781 4491 ὲν
2814 4436 3028 4500 ἄλλοιςο
3071 4435 3417 4502 Ἐκακώθην
3477 4433 3573 4486 καὶ
3616 4433 3854 4485 ἐταπει-

596 4532 760 4585 etiam
793 4533 919 4587 alibi
954 4549 966 4586 :
996 4533 1231 4604 A/ﬂictus
1292 4543 1445 4600 sum,“
1480 4546 1636 4605 atque
1683 4537 1991 4593 humiliatus
2055 4556 2170 4593 sum

596 4623 750 4677 valde
775 4626 815 4661 θ’
840 4642 855 4692 ;
881 4634 935 4679 et
977 4641 1171 4681 rursus
1200 4645 1214 4682 :
1261 4625 1386 4682 Vide
1416 4630 1764 4684 humilitatem
1794 4647 1982 4697 meam,
2008 4641 2056 4685 et
2088 4632 2168 4686 la-

594 4714 770 4767 borem
801 4731 993 4780 meum,
1027 4725 1075 4770 et
1099 4717 1310 4773 dimitte
1337 4722 1513 4774 omnia
1558 4721 1754 4777 delicta
1782 4737 1896 4776 mea
1924 4725 1992 4776 θ’.

667 4805 860 4860 Libera
899 4825 979 4864 me
1016 4808 1080 4863 de
1110 4813 1542 4882 persequentibus
1587 4829 1690 4876 me,
1741 4817 1990 4882 quoniam
2033 4833 2172 4883 pra:-

595 4898 873 4953 valuerunt
902 4917 1064 4966 supra
1101 4903 1222 4956 me.’
1250 4903 1386 4958 Cum
1435 4903 1567 4969 illic,
1619 4905 1820 4978 inquit,
1870 4909 2169 4964 conclusus

593 4989 723 5052 sim,
754 4990 894 5045 unde
916 4992 1063 5046 nulla
1086 4993 1249 5047 datur
1277 4993 1429 5062 fuga.

666 5080 833 5136 Vens.
870 5079 924 5134 8.
972 5081 1122 5135 Educ
1153 5083 1218 5134 de
1272 5083 1515 5137 custodia
1571 5086 1806 5139 animam
1865 5104 2055 5151 meam,
2113 5099 2167 5142 ut

594 5171 915 5241 confiteatur
946 5173 1146 5227 nomini
1193 5183 1303 5226 tuo.
1357 5173 1461 5228 Per
1508 5177 1811 5232 custodiam
1857 5181 2170 5235 conclusio-

595 5279 717 5318 nem
737 5263 883 5318 illam
909 5264 1303 5335 intelligit,qua
1335 5267 1628 5323 conclusus
1659 5279 1778 5324 erat
1804 5269 1854 5322 in
1883 5271 2164 5338 spelunca.

591 5353 916 5412 Custodiam
979 5359 1126 5413 enim
1185 5373 1462 5414 carcerem
1526 5375 1765 5430 persaepe
1813 5363 2174 5432 appellaturus.

595 5442 699 5502 Per
725 5437 970 5503 animam
1011 5451 1178 5506 etiam
1239 5466 1416 5512 suam,
1478 5451 1721 5519 seipsunt
1786 5455 2178 5523 circumloqui-

599 5547 711 5594 tur.
749 5539 921 5602 Educ,
983 5541 1186 5611 inquit,
1223 5556 1307 5595 tne
1395 5557 1456 5595 ex
1491 5541 1594 5595 hoc
1635 5540 1778 5604 loco,
1819 5544 1908 5596 ubi
1944 5547 2180 5599 conclu-

2273 4533 2473 4600 νώθην
2501 4531 2608 4597 ἕως
2633 4529 2888 4599 σφόδρα.

2359 4802 2573 4858 Ῥῦσαί
2595 4816 2670 4872 με
2698 4801 2766 4854 ἐκ
2798 4796 2918 4854 τῶν
2935 4795 3422 4853 καταδιωκόντων
3447 4791 3649 4863 με,ὄτι
3673 4791 3856 4857 ἐχραι-

2275 4898 2542 4952 ταίωσαν
2598 4894 2754 4964 ὑπὲρ
2795 4892 2918 4962 ἐμέ.
2967 4887 3055 4945 Ἐν
3111 4889 3338 4960 ἀφύκτῳ
3393 4887 3550 4958 μέρει
3597 4884 3856 4952 συγκλειο

2277 4990 2518 5052 σθέντος.

2361 5081 2650 5150 Ἐξὰγαγε
2671 5079 2738 5132 ἐκ
2767 5073 3046 5146 φυλακῆς
3107 5073 3220 5138 τὴν
3270 5071 3483 5141 ψυχήν
3531 5087 3687 5138 μου,
3742 5066 3858 5120 τοῦ

2272 5171 2831 5241 ἐξομολογήσασθαι
2859 5165 2936 5231 τῷ
2958 5163 3205 5234 ὀνόματί
3224 5178 3360 5217 σου.
3401 5161 3652 5229 Φυλακὴν
3676 5160 3851 5226 λέγει,

2277 5268 2368 5318 τὸν
2400 5269 2457 5319 ἐν
2484 5260 2732 5329 σπηλαίῳ
2784 5257 3210 5325 συγκλεισμὲνον
3241 5271 3254 5285 ·
3295 5255 3476 5326 ψυχὴν
3513 5255 3570 5306 δὲ
3631 5251 3854 5312 ἑαυτοῦ,

2280 5356 2402 5412 ὅλον
2434 5351 2932 5420 ἐαύτόν.Ἐξάγαγέ
2962 5367 3050 5420 με,
3083 5352 3265 5417 φησιν,
3286 5348 3427 5400 ὥστε
3459 5347 3855 5416 εὐχαριστήσαι

2284 5470 2390 5506 σοι.
2425 5448 2649 5503 Κατὰδὲ
2671 5443 2962 5513 ἀναγωγὴν
2997 5442 3082 5511 εἴη
3118 5441 3182 5494 ἂν
3228 5440 3442 5510 φυλακὴ
3462 5439 3520 5491 τὸ
3538 5437 3859 5506 σῶμαβεσ-

2289 5543 2446 5614 tto-3v,
2477 5542 2572 5594 καὶ
2608 5537 2902 5606 καθεῖργον
2936 5537 3031 5606 τὴν
3058 5534 3257 5604 ψυχήν.
3829 5588 3842 5597 .

596 5650 694 5690 sus
735 5652 880 5699 sum.
938 5645 996 5690 ut
1045 5637 1250 5705 gratias
1295 5637 1394 5692 tibi
1455 5652 1631 5706 agam.
1687 5637 1849 5691 Juxta
1891 5656 2168 5713 anagogen
2209 5657 2361 5703 vero,
2425 5636 2675 5693 custodia
2741 5637 2916 5706 ipsum
2969 5647 3170 5701 corpus
3260 5629 3366 5684 dici
3452 5633 3646 5696 potest,
3708 5638 3840 5695 qum

594 5727 839 5780 animam
888 5729 939 5780 in
981 5744 1064 5789 se,
1112 5732 1266 5798 quasi
1317 5747 1537 5785 carcere
1587 5733 1822 5802 quodam
1861 5739 2172 5794 cutnlusant
2214 5746 2449 5793 coercet.

675 5819 718 5849 "
757 5819 898 5875 Psal.
953 5839 1155 5891 una,
1213 5825 1264 5880 9.
1343 5830 1382 5860 9‘
1445 5829 1588 5885 l‘:al.
1628 5848 1769 5889 utv.
1811 5834 1890 5888 l8.
