4032 6238
286 324 429 395 1277

1447 325 1834 394 COMMENT.
1880 332 1958 394 1N
1988 332 2358 401 PSALMOS.

3392 340 3532 407 1278

362 442 503 511 Ἐμὲ
540 442 913 509 ὑπομενοῦσι
958 442 1195 506 δίκαιοι.
1241 442 1354 510 ἕως
1399 440 1472 501 οὗ
1498 445 1832 513 ἀηαποδῷς

2022 443 2112 499 He
2127 447 2452 501 sustinebunt
2465 448 2624 515 justi,
2659 447 2822 502 donec
2845 449 3105 504 retribaas
3145 451 3292 506 mihi.
3333 450 3529 522 Aquila

266 552 398 604 μοι.
448 535 510 587 '0
556 535 614 588 δὲ
655 535 888 600 ’Δκύλας
913 553 928 567 ·
996 535 1135 606 Ἐμὲ
1171 537 1559 607 περιμενοῦσι
1610 532 1851 602 δίκαιοι,

271 630 388 696 ἕως
410 627 483 687 οὗ
509 632 855 701 ἀμείψομαι.
898 634 1254 704 Ἀναμενοῦσί
1279 654 1369 705 με,
1403 638 1591 704 φησὶν,
1619 635 1852 706 προσδο-

272 721 505 786 κῶντες,
556 724 939 795 ἀπαλλαγῆναι
998 727 1099 796 μὲν
1149 728 1260 782 τῶν
1319 728 1534 794 δεινῶν,
1569 725 1851 781 καὶτοῦτο

275 815 630 882 ποιήσουσιν,
680 818 786 881 ἕως
817 813 878 872 οὗ
907 819 1115 891 ἀμείψῃ
1145 838 1209 889 με
1238 822 1400 892 χάριν
1443 821 1545 889 τῆς
1591 814 1849 889 τοιαύτης

270 910 675 973 κακοπαθείας,
728 912 824 965 καὶ
868 918 1273 976 ταπεινώσεως.
1327 908 1590 967 Τοιαῦται
1639 912 1750 983 γὰρ
1789 916 1845 967 αἱ

267 1002 383 1054 τῶν
415 1003 588 1070 ἁγίων
641 1003 833 1074 ψυχαὶ,
884 1004 978 1056 καὶ
1018 1006 1136 1066 τοῖς
1186 1004 1373 1067 κακῶς
1418 1005 1690 1075 πάσχουσι
1718 1022 1845 1058 συν-

268 1092 557 1162 άλγοῦσαι,
591 1096 820 1159 καὶτοῖς
857 1096 1191 1167 εὐημεροῦσι
1225 1098 1637 1168 συγχαίρουσαι.

275 1274 524 1345 Ψαλμὸς
550 1273 632 1340 τῷ
661 1273 867 1336 Δαὸὶδ,
884 1270 983 1329 ὅτε
1013 1276 1375 1330 κατεδίωκεν
1395 1274 1584 1333 αὑτὸν
1624 1279 1841 1334 Ἀσσα-

760 1366 889 1437 λὼμ
918 1371 952 1423 ό
983 1368 1117 1434 υίὸς
1144 1368 1353 1424 αὐτοῦ.

807 1456 1101 1515 ΨΔΛΜΟΣ
1134 1460 1314 1516 PMB’.

351 1544 444 1604 Ἓν
499 1550 722 1613 πολλοῖς
780 1553 879 1622 μὲν
934 1554 1315 1623 ἀντιγράφοις,
1373 1556 1755 1627 ἀνεπίγραφος
1812 1562 1841 1614 ό

263 1642 464 1715 παρὼν
482 1643 717 1713 ψαλμδς,
743 1644 1002 1714 ἁρμόζων
1052 1648 1165 1709 τοῖς
1192 1645 1605 1717 ἐξεταζομένοις
1635 1651 1693 1705 ἐν
1722 1666 1839 1705 πει-

264 1736 520 1803 ρασμοῖς.
557 1735 655 1787 Ἐν
701 1751 811 1787 τισι
856 1731 913 1787 δὲ
962 1736 1402 1829 ἐπιγέγραπται.
1463 1739 1537 1801 ὡς
1583 1741 1839 1810 ἀνωτέρω
1871 1776 1913 1829 Β

262 1827 506 1895 εἴρηται,
532 1826 776 1895 gradatis:
797 1825 877 1890 τῷ
903 1822 1102 1893 Δασὶδ,
1134 1826 1235 1881 ὅτε
1266 1829 1626 1882 κατεδίωκεν
1648 1831 1839 1883 αὐτὸν

275 1917 590 1986 Ἀσσαλὼμ
637 1921 670 1972 ό
715 1918 845 1983 υίὸς
878 1919 1086 1972 αὑτοῦ.
1133 1918 1192 1972 '0
1227 1920 1326 1988 μέν
1353 1937 1436 1973 τοι
1470 1919 1654 1990 τρίτος
1693 1920 1836 1989 ψαλ-

267 2010 367 2076 μδς
401 2010 597 2080 ἑτέραν
627 2009 787 2080 ἔσχεν
827 2011 1147 2081 ἐπιγραφήν
1172 2025 1187 2040 ·
1226 2010 1472 2080 Ψαλιιιις
1511 2009 1589 2076 τῷ
1635 2011 1832 2076 Δαόὶδ,

260 2103 363 2155 ὅτε
394 2101 841 2170 ἀπεδίδρασκεν
859 2102 979 2157 ἀπὸ
1014 2101 1339 2172 προσώπου
1371 2096 1688 2173 Ἀδσαλὼμ
1726 2103 1834 2177 τσῦ

259 2194 398 2249 υίοῦ
434 2195 645 2249 αὐτοῦ.

331 2280 908 2351 Κύριεβισάιιουοόν
917 2283 1028 2353 τῆς
1041 2281 1391 2354 προσευχῆς
1398 2302 1541 2352 μου,
1555 2285 1833 2341 ἐγώτισαι

259 2373 376 2441 τὴν
408 2374 627 2441 δέησίν
646 2393 765 2445 μου
794 2377 866 2430 ἐν
890 2375 965 2444 τῇ
1001 2376 1255 2444 ἀληθείᾳ
1292 2393 1432 2430 σου.
1482 2374 1568 2439 Ὡς
1596 2375 1828 2447 ἀληθής.

272 2466 617 2537 Ἐπηγγείλω
650 2467 785 2540 γὰρ,
821 2470 1133 2524 εἰσακούειν
1161 2468 1272 2523 τῶν
1323 2466 1501 2539 ὀρθῶς
1532 2469 1831 2524 ἐπικαλου-

262 2556 440 2626 μένων
465 2575 525 2612 σε
551 2574 566 2590 ο
603 2560 773 2632 κάμοὶ
795 2558 852 2615 δέ
887 2560 1049 2615 πάλιν
1073 2560 1161 2615 διὰ
1191 2560 1355 2615 τοῦτο
1384 2560 1761 2631 καθυπέσχον.

328 2735 723 2790 Βισάκουσόν
743 2754 820 2806 με
850 2736 921 2791 ἐν
942 2736 1017 2806 τῇ
1039 2738 1402 2809 δικαιοσύνῃ
1440 2755 1581 2795 σου.
1629 2740 1722 2805 Ὠς
1750 2741 1830 2796 δί-

262 2840 417 2887 καιος
449 2825 647 2896 καὶμὴ
683 2825 1012 2898 ἀνεχόμενος
1053 2820 1360 2882 ἀδικεῖσθαι
1410 2830 1485 2900 μὴ
1528 2830 1690 2899 μόνον
1722 2848 1830 2885 πα-

257 2916 425 2986 τέρας
457 2915 561 2969 ὑπὸ
592 2917 822 2978 τέκνοιν,
867 2918 985 2971 ἀλλ’
1016 2918 1137 2972 οὐδέ
1182 2920 1274 2971 τὸν
1303 2919 1534 2990 τυχόντα
1564 2922 1714 2992 παρά
1742 2938 1827 2978 τι-

229 3013 371 3070 ’νος.
407 3007 465 3059 '0
490 3006 547 3060 δέ
577 3008 968 3079 Χρυσόστομος
997 3008 1257 3078 ἀλήθειαν
1283 3012 1382 3079 μὲν
1413 3012 1646 3066 ἐνταῦθα
1676 3013 1827 3081 ὶέγει

1957 553 2088 593 vero
2121 538 2352 593 reddidit
2388 556 2403 597 :
2443 540 2524 594 Me
2559 540 2933 609 exspectabant
2955 542 3093 607 justi
3133 541 3295 596 donec
3350 560 3530 597 remu-

1954 639 2174 685 neratus
2213 631 2380 700 fueris
2443 648 2542 686 me.
2601 633 2985 696 Sustinebunt,
3071 634 3269 703 inquit,
3334 650 3529 704 exspe-

1951 731 2168 777 ctantes
2193 738 2300 785 me,
2319 723 2493 777 donec
2520 738 2585 777 ex
2599 723 3005 778 calamitatibus
3029 724 3296 778 liberatus
3323 723 3476 778 fuero
3508 742 3522 779 :

1952 828 2117 884 atque
2153 815 2258 869 hoc
2304 830 2370 870 eo
2402 830 2581 885 usque
2613 814 2841 881 facient,
2888 818 3065 871 donec
3113 825 3167 870 tu
3203 831 3301 885 pro
3331 816 3528 885 hujus-

1949 907 2161 963 cemodi
2199 907 2491 962 alnictionc
2521 915 2688 977 atque
2729 907 3036 962 humilitate
3097 922 3240 972 mea,
3292 907 3523 977 gratiam
3618 961 3632 970 ,

1950 1000 2081 1054 mihi
2116 1000 2459 1071 retribuet-is.
2496 995 2657 1054 Tales
2697 1015 2829 1054 vero
2864 1007 2995 1056 sunt
3049 1007 3372 1055 sanctorum
3405 999 3527 1052 ani-

1947 1107 2048 1146 mae
2084 1108 2100 1156 ;
2160 1107 2286 1146 nam
2325 1101 2379 1146 et
2424 1107 2551 1144 cum
2605 1088 2825 1148 amictis
2858 1092 3021 1148 simul
3051 1092 3259 1157 dolent,
3313 1099 3365 1146 ct
3396 1105 3522 1145 eum

1946 1184 2312 1252 gaudentibus
2345 1183 2619 1239 laetantur.

1946 1271 2192 1331 Psalmus
2222 1275 2322 1344 ipsi
2369 1274 2557 1339 David,
2609 1292 2725 1329 cum
2766 1285 3172 1345 persequeretur
3217 1291 3336 1330 eum
3371 1276 3521 1344 ﬁlius

2527 1369 2641 1436 ejus
2674 1369 2930 1423 Absalou.

2442 1455 2761 1516 PSALMUS
2814 1459 3019 1517 CXLII.

2014 1551 2427 1609 Accommodari
2480 1562 2655 1623 potest
2686 1554 2770 1606 hic
2806 1554 3045 1621 psalmus
3080 1553 3144 1606 iis
3183 1553 3273 1622 qui
3303 1568 3396 1622 per
3426 1566 3524 1606 εει-

1943 1641 2219 1701 lamitates
2243 1646 2619 1715 explorantur.
2649 1644 2705 1699 in
2742 1644 2925 1699 multis
2944 1644 3347 1714 exemplaribus
3373 1644 3519 1698 lmnc

1944 1738 2207 1805 psalmum
2263 1738 2473 1806 absque
2505 1738 2617 1791 ulla
2667 1736 3022 1801 inscriptione
3067 1735 3396 1805 reperimus,
3432 1744 3515 1787 ta-

1942 1831 2099 1884 metsi
2147 1829 2200 1883 in
2247 1829 2521 1898 aliquibus
2563 1844 2627 1884 ea
2674 1829 2957 1899 inscriptio
3011 1827 3300 1892 habeatur,
3348 1840 3512 1895 quam

1940 1922 2356 1992 praeposuimus.
2388 1921 2741 1976 Consimilem
2789 1934 2924 1988 pene
2954 1920 3368 1987 inscriptionem
3413 1917 3514 1970 tta-

1938 2014 2030 2067 bet
2067 2013 2261 2068 tertius
2292 2011 2559 2081 psalmus,
2592 2013 2685 2082 qui
2726 2009 3049 2065 inscribitur
3079 2022 3094 2060 :
3131 2008 3375 2062 Psalmus
3411 2006 3515 2078 ipsi

1937 2104 2134 2169 David,
2168 2119 2287 2159 euut
2320 2104 2522 2174 fugeret
2555 2121 2587 2157 α
2612 2103 2752 2175 [acie
2775 2100 3055 2157 Absalonis
3086 2101 3186 2171 filii
3228 2100 3334 2154 sui.

2008 2280 2177 2337 Vens.
2207 2281 2258 2337 i.
2289 2281 2527 2347 Domine,
2550 2280 3048 2336 exaudiorationem
3084 2294 3271 2343 meam,
3293 2278 3512 2332 auribus

1933 2376 2138 2442 percipe
2178 2373 2592 2429 obsecrationem
2620 2389 2811 2437 meam,
2843 2372 2895 2425 in
2922 2372 3137 2426 veritate
3167 2382 3277 2424 tua.
3307 2370 3510 2423 Exaudi

1934 2474 2196 2535 tanquam
2231 2480 2417 2521 veras.
2444 2463 2730 2520 Pollicitus
2761 2463 2905 2518 enim
2943 2478 3004 2516 es
3037 2471 3089 2516 te
3116 2461 3505 2516 exauditur-um

1931 2572 2030 2613 eos
2056 2558 2152 2628 qui
2203 2573 2401 2612 nomen
2450 2564 2604 2610 tuum
2646 2565 2794 2610 recte
2830 2552 3238 2617 invocaverint;
3276 2561 3329 2605 et
3373 2550 3507 2605 mihi

1934 2664 2129 2705 rursus
2160 2648 2416 2719 privatim
2449 2647 2591 2703 idem
2620 2647 2787 2702 etiam
2821 2644 3148 2716 promisisti.

2005 2743 2219 2796 Exaudi
2271 2757 2351 2796 me
2401 2741 2455 2794 in
2506 2740 2720 2810 justitia
2764 2756 2898 2793 mea.
2954 2733 3132 2791 Veluti
3186 2737 3406 2806 justus,
3458 2747 3511 2791 ct

1931 2832 2026 2902 qui
2075 2848 2183 2886 non
2212 2831 2459 2886 sustines
2492 2843 2822 2899 quemquam
2857 2827 2925 2881 ab
2957 2827 3131 2882 altero
3162 2826 3303 2880 aliici
3356 2826 3505 2895 inju-

1931 2923 2011 2977 ria
2047 2940 2062 2977 :
2095 2937 2197 2977 nec
2230 2929 2440 2975 tantum
2473 2928 2729 2990 parentes
2764 2928 2915 2972 vetas
2964 2932 2994 2971 a
3038 2917 3159 2971 (iliis
3214 2915 3360 2981 lardi,
3409 2917 3504 2970 srd

1932 3029 2032 3068 nec
2078 3027 2410 3083 quemquam
2437 3012 2507 3066 ab
2550 3018 2830 3065 extraneo.
2887 3007 3314 3079 Cltl'ysostomus
3372 3022 3505 3059 vero

256 3099 348 3152 τὸν
378 3100 554 3169 ἀληθῆ
589 3100 762 3166 ἔλεον,
797 3100 1144 3171 δικαιοσύνην
1168 3103 1224 3156 δὲ
1249 3101 1345 3174 τὴν
1377 3103 1789 3175 φιλανθρωπίαν
1809 3123 1825 3138 ·

1932 3106 2293 3181 prout-ritate
2325 3104 2451 3169 hic,
2489 3098 2927 3158 miscricordiam
2977 3100 3256 3169 intelligit,
3306 3107 3359 3152 et
3406 3112 3504 3168 pro

258 3190 424 3259 μόνος
463 3192 574 3260 γὰρ
603 3192 791 3254 ὀΘεὸς
837 3192 1057 3262 ἀληθῶς
1084 3194 1245 3259 ἐλεεῖ,
1297 3196 1391 3248 καὶ
1452 3196 1588 3268 μόνη
1640 3200 1673 3268 ή
1725 3197 1822 3251 τοῦ

252 3279 390 3335 Θεοῦ
439 3281 755 3351 δικαιοσύνη
794 3283 1178 3356 φιλανθρωπίᾳ
1208 3286 1541 3358 κεκέρασται
1569 3305 1585 3319 ο
1620 3291 1683 3344 τὸ
1713 3292 1825 3362 γὰρ

252 3371 385 3439 παρ’
410 3373 727 3442 ἀνθρώποις
748 3373 982 3437 δίκαιον,
1014 3377 1391 3450 ἀπεστέρηται
1418 3382 1511 3435 τοῦ
1545 3383 1749 3447 ἐλέους.

320 3464 430 3519 Kal
457 3464 544 3533 μὴ
586 3467 867 3535 similam-
910 3470 1000 3533 είς
1040 3471 1247 3535 κρίσιν
1278 3473 1428 3541 μετὰ
1457 3475 1560 3528 τοῦ
1597 3475 1824 3530 δούλου

250 3569 388 3608 σου.
420 3553 512 3623 Μὴ
544 3554 958 3625 δικαιολογηοῇς
987 3557 1108 3624 μετ’
1143 3559 1304 3627 ἐμοῦ.
1338 3561 1690 3631 Δικαιωθήσῃ
1713 3564 1824 3633 γὰρ

253 3645 310 3697 ἐν
335 3646 448 3705 τοῖς
477 3641 658 3710 λόγοις
692 3659 808 3697 σου.
845 3645 954 3697 Καὶ
980 3648 1227 3715 νικήσεις
1261 3650 1319 3701 ἐν
1341 3648 1419 3718 τῷ
1448 3649 1731 3719 κρίνεσθαί
1763 3667 1824 3704 σε

255 3735 394 3806 μετὰ
430 3734 524 3788 τοῦ
562 3736 754 3791 δούλου
788 3753 907 3790 σου.

322 3916 454 3970 Ὀτι
480 3916 552 3969 οὐ
580 3913 1045 3984 δικαιωθήσεται
1095 3914 1355 3971 ἐνώπιόν
1382 3930 1501 3973 σου
1530 3918 1649 3987 πᾶς
1688 3914 1820 3983 ζῶν.

254 4007 366 4062 Οὐκ
398 4003 553 4060 εἷπεν
595 4008 680 4061 ὅτι
712 4010 796 4062 Οὐ
837 4007 1296 4077 δικαιωθήσεται
1340 4011 1549 4077 ἁπλῶς,
1582 4014 1696 4067 ἀλλ’
1737 4016 1821 4069 ὅτι

253 4098 507 4154 ἐνώπιόν
545 4108 685 4165 σου,
742 4100 1019 4165 τουτέστι,
1072 4100 1209 4172 πρὸς
1253 4101 1352 4173 τὴν
1401 4104 1500 4174 σήν
1532 4105 1821 4174 ἀκρίϐειαν

252 4190 666 4262 ἐξεταζόμενος,
702 4190 736 4263 ἢ
768 4192 907 4263 πρὸς
943 4193 1039 4256 τὰς
1091 4193 1189 4257 σὰς
1219 4193 1567 4266 εὐεργεσίας,
1609 4194 1642 4268 ἢ
1683 4200 1820 4270 πρὸς

249 4284 347 4347 τὰς
384 4283 479 4344 σὰς
513 4284 756 4348 ἐντολάς.
793 4286 887 4339 Διὸ
912 4287 1008 4340 καὶ
1042 4288 1070 4340 ό
1121 4288 1394 4357 μακάριος
1436 4288 1556 4341 Ἰὼϐ
1596 4290 1780 4360 ἔλεγεν
1803 4308 1817 4322 ·

261 4371 596 4446 Ἒφαύλισα
639 4378 926 4448 ἐμαυτόν,
979 4381 1075 4435 καί
1148 4380 1396 4449 ὲτὰκην,
1463 4381 1686 4452 ἥγημαι
1752 4386 1821 4440 δὲ
1855 4433 1894 4482 0

247 4468 528 4536 ἐμαυτὸν,
573 4469 694 4540 γῆν
740 4471 840 4525 καί
896 4468 1167 4527 σποδῶν
1209 4475 1378 4544 χεῖρα
1419 4474 1586 4542 θήσω
1612 4477 1710 4531 ἐπὶ
1738 4477 1818 4544 τῷ

247 4560 500 4629 στόματί
526 4579 667 4632 μου.
703 4565 949 4636 Ζήτησον
993 4568 1086 4619 καὶ
1132 4569 1191 4621 ὲν
1218 4568 1294 4637 τῷ
1326 4568 1445 4638 ρκθ¹
1477 4569 1683 4640 ψαλμῷ
1716 4572 1817 4642 τὴν

246 4650 507 4722 ἐξήγησιν
539 4655 655 4717 τοῦ,
681 4655 827 4710 Ἐὰν·
846 4658 1101 4726 ἀνομίας
1129 4660 1597 4728 παρατηρήσεις,
1617 4665 1814 4732 Κύριε,

245 4744 441 4810 Κύριε,
478 4747 569 4812 τίς
598 4747 1047 4814 ὑποστήσεται;
1099 4747 1223 4816 Πᾶς
1269 4750 1338 4804 δὲ
1370 4750 1502 4817 ζῶν,
1551 4754 1669 4825 ἦτοι
1710 4758 1817 4820 πᾶς

245 4835 545 4905 ἄνθρωπως
570 4833 718 4907 ζωῆς
752 4838 1059 4911 μετασχὼν,
1092 4841 1266 4911 ζήσας
1291 4846 1384 4896 καὶ
1412 4845 1816 4916 πολιτευσάμε-

246 4940 353 4991 νος,
371 4926 512 4980 ὥστε
537 4930 679 4983 κατὰ
705 4924 794 4982 τὸν
811 4930 1154 4999 Ἀπόστολον,
1182 4936 1572 5006 Δικαιούμεοα
1588 4938 1815 5006 δωρεὰν

245 5015 316 5087 τῇ
330 5019 518 5074 αὐτοῦ
543 5020 758 5090 χάριτι,
793 5020 893 5075 διὰ
918 5022 1179 5091 πίστεως
1218 5027 1422 5095 Ἰησοῦ
1453 5026 1738 5099 Χριστοῦ.

308 5278 442 5334 ὀτι
464 5282 824 5349 κατεδίωξεν
852 5288 886 5341 ό
920 5285 1136 5358 ἐχθρὸς
1171 5288 1288 5358 τὴν
1312 5293 1532 5364 ψυχήν
1550 5314 1695 5365 μου.
1735 5298 1808 5354 Τὸ

248 5371 344 5442 μὲν
381 5373 651 5444 προλαὸδν
708 5376 1104 5444 αίτιολογικόν·
1137 5380 1296 5436 τοῦτο
1345 5383 1424 5447 δὲ,
1478 5385 1809 5459 διηγηματι-

246 5460 357 5515 κόν.
382 5460 608 5531 Ἕγθρὸν
643 5461 698 5515 δὲ
732 5463 857 5519 καθ’
889 5465 1133 5536 ἱστορίαν
1178 5469 1327 5539 λέγει
1363 5472 1454 5529 τὸν
1493 5473 1808 5550 ’Δεσαλὼμ,

247 5550 383 5605 κατὰ
406 5551 462 5607 6i
494 5552 787 5626 ἀναγωγὴν
820 5554 910 5608 τὸν
942 5555 1210 5612 διάϐολον.

309 5758 354 5790 ’³
388 5756 514 5813 Job.
542 5775 668 5823 xxx,
710 5757 771 5815 19
801 5778 814 5828 ;
863 5776 1046 5832 suis,
1076 5762 1167 5821 ⁵54.

1923 3196 2160 3265 justitia,
2194 3194 2609 3262 benignitatem.
2647 3191 2810 3247 Solus
2835 3191 2981 3247 enim
3008 3192 3153 3246 Deus
3184 3205 3309 3245 vere
3341 3190 3498 3244 misc-

1930 3292 2102 3346 rctur,
2130 3292 2185 3339 et
2219 3285 2335 3340 sola
2361 3283 2456 3337 Dei
2483 3284 2696 3353 iustitia
2735 3282 3073 3352 benignitate
3098 3289 3181 3336 est
3215 3278 3500 3351 permisla.

1924 3374 2175 3428 llmnana
2210 3376 2357 3429 enim
2387 3374 2602 3443 jnstitia
2636 3382 2788 3427 caret
2814 3370 3217 3426 misericordia.

1995 3463 2165 3520 Vens.
2193 3465 2248 3519 2.
2277 3460 2345 3521 Et
2379 3479 2478 3519 nan
2501 3466 2665 3519 intres
2689 3467 2743 3519 in
2765 3466 3034 3532 judicium
3068 3479 3185 3516 cum
3215 3478 3362 3516 servo
3386 3471 3498 3517 tuo.

1924 3554 2044 3608 Non
2075 3557 2241 3623 cupio
2264 3593 2279 3618 ,
2314 3556 2528 3622 inquit,
2560 3555 2769 3626 judicio
2807 3564 2984 3609 tecum
3021 3553 3348 3623 disceptare.
3379 3550 3502 3606 Noli

1926 3642 2096 3712 igitur
2125 3654 2183 3698 et
2234 3656 2328 3712 tu,
2372 3660 2581 3715 quaeso,
2624 3645 2833 3714 judicio
2887 3659 3100 3699 mecum
3145 3645 3500 3699 contendere.

1923 3733 2326 3792 Justilicaberis
2368 3736 2513 3792 enim
2543 3736 2597 3791 in
2642 3735 2996 3792 sermonibus
3040 3736 3174 3802 tuis,
3218 3743 3274 3791 et
3314 3736 3502 3791 vinces

1923 3829 2137 3901 quoties
2164 3844 2289 3883 cum
2324 3845 2406 3884 me
2429 3844 2588 3884 servo
2616 3838 2707 3884 tuo
2734 3827 3017 3898 judicatus
3058 3827 3250 3883 fueris.

1995 3922 2134 3990 Quia
2175 3940 2277 3976 non
2292 3920 2676 3992 justiﬁcabitur
2708 3923 2760 3975 in
2790 3930 3071 3992 conspectu
3096 3930 3185 3975 tuo
3221 3919 3389 3975 omnis
3427 3919 3504 3975 vi-

1924 4033 2065 4070 vens.
2099 4013 2213 4069 Non
2245 4015 2381 4071 dixit
2416 4016 2739 4084 simpliciter
2789 4014 2914 4069 Non
2947 4015 3369 4085 justi/imbitur,
3402 4014 3497 4067 sed

1924 4106 1989 4162 In
2020 4116 2303 4177 conspectu
2335 4118 2424 4162 tuo
2455 4124 2560 4162 non
2591 4108 3001 4177 justiﬁeabitur,
3037 4108 3136 4161 hoc
3177 4118 3255 4161 est
3281 4145 3296 4169 ,
3331 4105 3383 4161 Si
3420 4106 3488 4160 ad

1922 4218 2191 4256 summam
2217 4201 2483 4271 justitiam
2514 4210 2660 4255 tuam
2684 4211 3052 4269 comparetur,
3080 4200 3303 4269 etjusta
3339 4199 3490 4255 il‘am

1922 4291 2278 4361 exquiratur;
2303 4291 2407 4355 vel,
2438 4288 2494 4345 Si
2529 4289 2901 4345 consideratio
2929 4288 3192 4344 habeatur
3234 4289 3298 4341 ad
3332 4290 3499 4343 be‘ne—

1926 4382 2044 4436 ﬁcia
2077 4391 2166 4436 tua
2191 4423 2206 4447 ,
2251 4393 2345 4437 aut
2379 4384 2444 4435 ad
2484 4381 2737 4436 mandata
2771 4390 2863 4433 tua
2895 4380 3101 4435 omnia.
3142 4381 3321 4449 Atque
3367 4379 3487 4435 ideo

1926 4473 2117 4527 beatus
2148 4476 2311 4528 etiam
2343 4467 2447 4528 Job
2481 4472 2698 4527 dicebat
2732 4489 2746 4525 :
2790 4462 3052 4534 Vilipendi
3088 4487 3167 4523 me
3203 4471 3371 4541 ipsum
3396 4511 3413 4529 ,
3444 4477 3494 4523 et

1921 4564 2188 4627 contabui,
2221 4576 2516 4634 terramque
2542 4580 2623 4618 me
2653 4571 2704 4618 et
2745 4564 2971 4618 cinerem
3012 4563 3239 4629 putavi;
3279 4578 3494 4615 manum

1919 4670 2110 4722 ponam
2144 4653 2225 4708 ori
2254 4668 2364 4707 meo
2384 4653 2454 4706 ”.
2492 4649 2629 4707 Vide
2659 4653 2824 4706 etiam
2857 4651 2908 4704 in
2939 4651 3146 4720 psalmo
3188 4666 3349 4705 cxxtx
3394 4666 3495 4705 exc

1919 4748 2239 4816 positionem
2274 4744 2420 4800 illius
2454 4744 2707 4798 versiculi
2743 4758 2756 4794 :
2802 4741 2861 4797 Si
2893 4744 3197 4812 iniquitates
3228 4743 3490 4797 observa-

1917 4839 2074 4901 veris,
2099 4837 2336 4898 Domine,
2359 4835 2597 4902 Domine,
2617 4836 2731 4904 quis
2744 4836 3045 4892 sustinebit?
3067 4834 3221 4903 Quod
3240 4852 3366 4891 vero
3387 4836 3458 4889 ait
3473 4844 3499 4891 Ξ

1921 4930 2104 4987 Omnis
2151 4929 2323 4983 vivens
2355 4968 2371 4995 ,
2414 4928 2555 4981 idem
2603 4935 2702 4990 est,
2744 4929 2889 4997 quod
2937 4927 3129 4984 ()tnnis
3173 4928 3333 4983 homo
3369 4928 3495 4983 vita

1921 5020 2215 5091 particeps.
2264 5016 2462 5072 Verum
2486 5017 2644 5086 juxta
2673 5018 2999 5087 Apostolum
3060 5036 3074 5071 :
3132 5018 3194 5073 In
3239 5018 3341 5072 hac
3382 5021 3485 5074 vita

1911 5110 2279 5181 justiﬁcamur
2306 5109 2473 5180 gratis
2510 5111 2685 5180 gratia
2731 5107 2831 5162 Dei
2854 5147 2869 5173 ,
2904 5124 3022 5179 qut:
3063 5119 3138 5162 est
3189 5124 3282 5178 per
3327 5108 3490 5177 [idem

1918 5204 1952 5260 J
1958 5221 2049 5259 esu
2080 5202 2296 5260 Christi.

1989 5299 2152 5354 Vens.
2186 5298 2239 5353 3.
2270 5296 2408 5363 Quia
2458 5304 2758 5369 persecutus
2815 5302 2893 5348 est
2942 5293 3192 5346 inimicus
3250 5291 3493 5345 animans

1916 5406 2105 5445 meam.
2134 5388 2497 5458 Dictio,quia,
2529 5389 2583 5441 in
2611 5384 2879 5456 superiori
2912 5382 3185 5437 versiculo
3215 5382 3491 5437 rationem

1918 5482 2097 5539 reddit
2128 5498 2142 5535 :
2175 5481 2228 5536 in
2260 5480 2509 5551 praesenti
2528 5493 2679 5541 vero,
2700 5474 2975 5530 narrantis
3006 5473 3059 5527 in
3090 5472 3307 5527 modum
3324 5473 3491 5543 poni-

1920 5582 2029 5629 tur.
2056 5574 2159 5629 l’er
2185 5572 2462 5628 inimicum
2488 5570 2651 5623 ctiam
2665 5569 2819 5638 juxta
2848 5565 3134 5619 historiam
3154 5565 3499 5620 Absalonenr

1911 5668 2214 5742 intelliges;
2242 5668 2397 5740 juxta
2433 5677 2713 5734 anagogeu
2762 5675 2893 5716 vero
2931 5661 3106 5731 ipsum
3159 5661 3493 5719 dzcmonsm.
