4102 6206
601 308 740 374 12³19

597 514 790 570 stravit
825 527 910 565 mc
945 510 1202 565 inimicus
1231 509 1285 561 in
1317 517 1516 562 terram
1544 546 1558 569 ,
1588 523 1695 562 tton
1737 514 1948 560 tantum
1979 520 2043 560 ea
2079 520 2170 559 ra-

597 609 771 668 tione,
805 603 950 673 quod
981 602 1360 657 calamitatum
1397 600 1638 669 pondere
1670 598 1970 666 depressus
2006 611 2127 652 sum
2154 635 2170 661 ,

596 698 689 753 scd
726 697 853 766 quia
887 697 1062 765 ipsam
1098 694 1262 748 etiam
1307 693 1532 745 humum
1579 707 1675 758 pro
1726 691 1857 744 sede
1899 703 1966 742 ac
1997 695 2172 742 strato

597 807 718 843 meo
748 789 953 850 habui,
993 787 1199 848 veluti,
1245 786 1334 854 qui
1371 784 1526 838 exsul
1585 798 1733 837 eram
1785 797 1815 835 a
1865 779 2058 849 patria,
2105 794 2170 833 ac

575 897 810 951 semper
846 881 901 934 in
933 880 1087 950 luga.
1112 877 1278 933 Juxta
1314 891 1619 946 anagogen,
1654 873 1953 928 invisibilis
1984 871 2171 924 inimi-

592 969 798 1027 cns'ad
829 979 1050 1026 terrena
1087 988 1170 1024 me
1203 971 1419 1037 negotia
1448 965 1690 1029 deﬂexit,
1721 979 1842 1043 ctuu
1871 978 1900 1016 a
1932 961 2172 1018 coelesti-

596 1065 698 1119 bus
732 1080 818 1118 me
853 1073 1013 1118 antea
1040 1065 1395 1118 extraxisset.
1425 1059 1632 1115 Nomen
1661 1073 1786 1112 vero
1821 1055 2166 1118 humilitatis,

595 1166 655 1212 ut
695 1172 840 1227 saepe
864 1156 1126 1222 diximus,
1162 1157 1316 1226 plura
1349 1153 1645 1224 signiﬁcat.
1674 1151 1860 1218 Neque
1885 1150 2028 1203 enim
2061 1147 2172 1201 vir-

595 1251 728 1303 tutis
765 1259 976 1304 tantum
1017 1264 1216 1302 nomen
1253 1257 1356 1311 est,
1398 1246 1490 1301 sed
1527 1259 1623 1314 pro
1653 1257 1714 1298 ea
1751 1242 1914 1297 etiam
1946 1240 2169 1310 ponitur

597 1341 920 1404 humilitate,
955 1357 1072 1411 qum
1105 1356 1135 1394 a
1182 1339 1586 1394 calamitatibus
1615 1336 1888 1404 provenit,
1947 1343 2112 1404 atque
2139 1347 2170 1386 a

593 1437 858 1502 peccatis.
906 1437 1188 1504 Accipitur
1244 1434 1408 1488 etiam
1466 1431 1746 1486 humilitas
1796 1443 1895 1498 pro
1931 1426 2166 1496 quodam

1825 298 2210 358 EUTlIYMlI
2247 298 2608 361 ZlGABENl

669 420 977 478 "mniliavil
1008 419 1060 470 iu
1097 424 1238 470 terra
1279 414 1441 469 vitam
1473 429 1665 469 meam.
1706 413 1914 482 Deiecit
1939 429 2002 468 ac
2039 427 2165 482 pro-
2196 415 2240 470 Α

3719 306 3856 371 1280

2351 414 2793 468 Ἐταπείνωσεν
2817 415 2904 480 εις
2929 413 3048 485 γῆν
3083 414 3196 483 τὴν
3224 413 3378 484 ζωήν
3400 435 3535 484 μου.
3575 419 3859 489 Κατέκσμο

2280 506 2350 575 ψὲ
2393 523 2460 575 με
2496 509 2576 570 είς
2607 507 2735 576 γῆν,
2783 508 2843 560 οὐ
2911 509 3072 577 μόνον
3107 510 3186 572 είς
3219 509 3323 578 γῆν
3357 512 3746 580 συγκεκυφὸτα
3769 513 3858 565 διὰ

2277 601 2340 653 τὸ
2367 598 2536 670 βάρος
2565 599 2675 652 τῶν
2709 600 3029 670 συμφορῶν,
3057 600 3192 655 ἀλλὰ
3223 602 3318 654 καὶ
3360 603 3468 672 γῆν
3492 604 3686 673 ἔχοντα
3720 605 3852 658 καθ·

2280 689 2444 761 έδραν
2477 693 2571 744 καὶ
2601 691 2911 762 στρωμνὴν,
2950 692 3026 752 ὡς
3055 692 3292 760 φυγάδα.
3337 692 3396 747 '0
3430 694 3528 764 μέν
3551 713 3632 748 τοι
3664 699 3852 765 νοητὸς

2277 783 2507 852 ἐχθρὸς,
2541 784 2858 854 κατέκαμῲέ
2885 802 2951 855 με
2975 785 3058 849 είς
3088 786 3154 839 τὰ
3180 786 3346 856 γήϊνα
3381 787 3684 857 πράγματα
3717 790 3850 841 καθ-

2277 872 2518 936 ελκύσας
2570 873 2680 928 ἀπὸ
2731 875 2840 927 τῶν
2887 875 3177 944 οὐρανίων.
3231 874 3652 946 Πολυσήμαντον
3681 877 3760 939 δὲ,
3793 878 3849 930 τὸ

2275 965 2376 1036 τῆς
2403 965 2789 1030 ταπεινώσεως
2821 967 2995 1036 ὄνομα
3021 983 3036 999 ο
3067 967 3220 1037 δηλοῖ
3244 967 3353 1038 γὰρ
3375 968 3435 1021 οὐ
3467 968 3625 1038 μόνον
3660 969 3765 1038 τὴν
3789 970 3847 1032 ἐξ

2276 1058 2501 1128 ἀρετῆς,
2531 1057 2670 1110 ἀλλὰ
2711 1057 2805 1109 καὶ
2849 1056 2947 1127 τὴν
2977 1057 3086 1111 ἀπὸ
3121 1056 3444 1127 συμφορῶν,
3474 1057 3569 1110 καὶ
3613 1057 3710 1127 τὴν
3745 1059 3846 1110 ἀπὸ

2275 1150 2718 1220 ἁμαρτημάτων,
2786 1151 2880 1205 καὶ
2909 1152 3008 1220 τὴν
3056 1149 3113 1217 ἐξ
3166 1151 3478 1219 ἐπὰρσεως,
3523 1151 3614 1202 καὶ
3651 1149 3751 1220 τὴν
3789 1150 3843 1215 ἐξ

2274 1241 2605 1310 ἀπληστίας,
2647 1243 2770 1312 ἥτις
2807 1242 2902 1294 καὶ
2964 1241 3057 1294 τὸν
3108 1241 3298 1295 ὀϐολὸν
3344 1243 3486 1310 μέγα
3516 1259 3568 1294 τι
3614 1240 3840 1310 νομίζει,

2277 1333 2376 1386 καὶ
2406 1331 2476 1384 τὰ
2507 1331 2701 1400 εὐτελῆ
2727 1331 3190 1402 περισπούδαστα,
3213 1331 3466 1403 καθάπερ
3487 1332 3558 1384 τὰ
3591 1331 3844 1400 παιδάρια

2275 1423 2376 1487 τὰς
2411 1424 2670 1494 σφαίρας,
2704 1424 2796 1476 καὶ
2830 1424 2956 1486 τοὺς
2985 1423 3386 1492 ἀστραγάλους.

593 1528 748 1593 vitio,
779 1530 922 1598 quod
954 1545 1020 1583 ex
1057 1528 1285 1582 avaritia
1322 1527 1587 1587 nascitur,
1619 1533 1713 1578 aut
1741 1539 1771 1577 a
1801 1519 2273 1592 pusillanimitate.
2311 1517 2487 1573 Veluti
2521 1532 2648 1572 cum
2715 1517 2841 1586 quis
2899 1516 3121 1571 obolum
3165 1517 3345 1586 magni
3411 1514 3681 1581 aestimat,
3748 1515 3842 1570 aut

590 1640 712 1693 quae
743 1625 923 1679 tenuia
953 1640 1017 1679 ac
1058 1625 1182 1678 vilia
1221 1630 1350 1678 sunt
1377 1663 1392 1688 ,
1426 1622 1590 1692 digna
1637 1619 1820 1674 studio
1858 1635 1871 1672 :
1906 1615 2366 1687 quemadmodum
2403 1612 2559 1684 pueri
2587 1610 2821 1676 faciunt,
2846 1612 2940 1683 qui
2989 1611 3172 1683 pilas,’
3211 1621 3310 1668 aut
3366 1612 3530 1679 talos,
3578 1625 3700 1667 esse
3753 1611 3846 1668 ali.

591 1719 720 1788 quid
751 1733 1005 1790 magnum
1041 1718 1385 1772 existimant.

663 1815 831 1870 Vsus.
865 1815 918 1869 4.
955 1814 1243 1870 Collocavit
1271 1829 1350 1866 me
1389 1813 1445 1865 in
1478 1809 1714 1865 obscuris
1743 1808 1880 1863 sicut
1925 1813 2160 1860 mortuos
2193 1811 2236 1867 Β

590 1908 791 1961 sreculi.
825 1907 882 1961 ln
907 1907 1218 1962 aﬂlictionis
1247 1906 1497 1962 tenebras
1525 1921 1609 1959 me
1639 1901 1887 1957 immisit.
1919 1911 1972 1955 et
2003 1915 2161 1954 men-

589 2008 697 2054 tem
736 2015 908 2054 meam
954 2001 1122 2056 veluti
1164 1999 1397 2070 caligine
1426 2001 1660 2069 quadam
1712 1993 1958 2050 obduxit.
2005 1991 2162 2058 Quod

590 2108 718 2147 vero
751 2094 844 2156 ait,
873 2093 1107 2164 Mortuus
1153 2095 1358 2157 swculi,
1392 2093 1528 2148 dixit
1573 2091 1641 2145 ad
1672 2087 2162 2145 demonstrandam

588 2186 938 2240 tenebrarum
987 2187 1440 2258 magnitudinem.
1491 2185 1677 2254 Neque
1717 2182 1862 2237 enim
1908 2186 2162 2233 mortuos

587 2277 931 2347 simpliciter,
960 2278 1055 2335 sed
1085 2280 1268 2334 saeculi
1295 2271 1539 2333 mortuos
1562 2277 1724 2342 dixit,
1755 2277 1855 2329 hoc
1885 2283 1989 2338 est,
2023 2270 2162 2324 anti-

585 2386 722 2438 quos
752 2386 848 2425 seu
885 2373 1189 2441 antiquitus
1230 2380 1500 2432 mortuos,
1538 2384 1737 2440 augere
1772 2365 2034 2421 nimirum
2071 2376 2167 2416 vo-

2347 1800 2628 1857 Ἑκάθισέ
2643 1817 2721 1870 με
2749 1799 2820 1853 ἐν
2842 1795 3202 1863 σκοτεινοῖς.
3229 1794 3310 1861 ὡς
3330 1795 3588 1864 νεκροὺς
3609 1793 3842 1860 αἰῶνος.

2278 1893 2534 1948 Ἐνέϐαλέ
2568 1910 2637 1962 με
2663 1893 2847 1947 σκότει
2878 1891 3133 1961 Θλίψεως,
3157 1891 3405 1958 ὲζόφω-σε
3439 1890 3534 1943 τὸν
3565 1888 3686 1942 νοῦν
3715 1904 3838 1958 μου.

2268 1988 2342 2041 Τὸ
2389 1987 2468 2053 δὲ,
2535 1987 2631 2053 Ὠς
2689 1986 2948 2056 νεκροὺς
2993 1984 3231 2053 αἰῶνος,
3287 1983 3541 2046 ὲπίτασές
3587 1985 3700 2035 ἐστι
3745 1983 3839 2050 τῆς

2271 2082 2590 2144 σκοτίσεως.
2623 2081 2760 2134 Οὐδὲ
2817 2081 2928 2150 γὰρ
2991 2079 3180 2143 ἁπλῶς
3233 2079 3464 2149 νεκροὺς
3518 2073 3691 2142 εἶπεν,
3730 2075 3842 2130 ἀλλ’

2268 2172 2488 2236 αἰῶνος.
2519 2173 2640 2242 ἦτοι
2664 2172 2954 2236 παλαιοὺς,
3001 2172 3248 2240 ὀγκῶσαι
3291 2171 3465 2224 θέλων
3493 2171 3592 2240 τὴν
3624 2185 3834 2240 τραγῳ-

2269 2265 2423 2318 δίαν·
2459 2261 2611 2318 οὗτοι
2658 2264 2792 2336 γὰρ,
2843 2266 2902 2319 ὲν
2955 2265 3110 2337 βαθεῖ
3157 2265 3372 2319 κεῖνται
3418 2263 3624 2328 σκότει,
3666 2260 3843 2331 πολλῷ

2271 2358 2491 2429 φορυτῷ
2529 2359 2931 2430 καταχὼμενοι.

588 2463 706 2519 lens
743 2467 1070 2520 sententiam
1100 2507 1115 2531 ,
1149 2483 1314 2536 quam
1361 2464 1567 2536 profert
1602 2460 1931 2524 sublimiori,
1971 2465 2158 2526 atque,
2202 2462 2263 2508 ut
2299 2454 2370 2508 ita
2399 2455 2602 2519 dicam,
2634 2456 2843 2524 tragico
2880 2455 3118 2526 quodam
3195 2469 3471 2511 sermone.
3521 2454 3563 2508 li
3640 2451 3848 2507 etenim

588 2575 724 2628 quos
749 2562 936 2614 saeculi
969 2564 1215 2616 mortuos
1238 2561 1391 2626 dicit,
1425 2561 1477 2613 in
1510 2555 2163 2628 prolundissimisjacent
2196 2549 2464 2615 tenebris,
2499 2551 2664 2604 multa
2701 2551 2960 2605 nimirum
2995 2551 3164 2605 humo
3193 2550 3395 2606 obruti.

662 2652 728 2706 Et
752 2654 1097 2706 contristatus
1128 2664 1201 2706 est
1220 2653 1366 2705 inme
1384 2652 1602 2719 spiritus
1625 2667 1790 2704 meus.
1822 2647 2019 2703 Anima
2047 2659 2166 2700 mea

586 2745 776 2799 dolore
804 2743 993 2799 all'ecta
1035 2752 1139 2805 est,
1175 2744 1244 2798 ob
1277 2758 1542 2798 summam
1575 2741 1948 2796 alllictionem.

659 2837 724 2890 lu
753 2853 831 2890 me
869 2837 1134 2890 turbatum
1162 2845 1235 2889 est
1264 2851 1354 2889 car
1384 2852 1576 2890 meum.
1608 2832 2027 2887 Tumultuatum
2055 2838 2162 2896 est,

586 2930 788 2998 inquit,
823 2945 920 2986 cor
957 2945 1138 2986 meum
1171 2930 1224 2984 in
1277 2943 1362 2984 me
1401 2936 1456 2983 et
1505 2925 1845 2982 torsionibus
1902 2922 2164 2979 allectum

585 3031 694 3078 ('Sl.

647 3113 812 3168 Vsus.
840 3113 888 3168 5.
924 3110 1128 3167 Memor
1151 3112 1231 3181 [ui
1260 3113 1466 3165 dierum
1493 3111 1856 3181 antiquarunt.
1880 3111 1940 3163 ln
1963 3108 2169 3180 quibus

588 3202 696 3256 Det)
725 3212 914 3272 gratus
941 3219 1115 3268 eram,
1148 3212 1203 3256 et
1245 3219 1504 3272 prospero
1537 3210 1734 3256 eventu
1767 3217 1851 3254 res
1886 3216 2017 3255 mea:
2047 3216 2166 3254 om-

2342 2645 2451 2699 Καὶ
2474 2645 2813 2713 ἠκηόίασεν
2834 2645 2927 2698 ἐπ’
2945 2645 3054 2714 ἐμὲ
3081 2645 3149 2699 τὸ
3179 2642 3407 2712 πνεῦμά
3433 2661 3570 2712 μου.
3589 2639 3850 2711 Ὴῦύμη-

2274 2750 2366 2786 σεν
2401 2736 2458 2786 ἐν
2507 2735 2631 2803 ἐμοὶ
2663 2735 2696 2802 ἠ
2726 2734 2872 2804 ψυχή
2909 2752 3011 2802 μου
3042 2737 3107 2805 τῇ
3135 2733 3409 2804 ὑπερϐολῇ
3443 2733 3544 2800 τῆς
3575 2731 3846 2799 θλὶψεως.

2343 2827 2447 2880 Ἐν
2482 2826 2610 2894 ἐμοὶ
2639 2826 2934 2897 ἐταράχθη
2971 2827 3008 2896 ἡ
3049 2825 3262 2895 καρδία
3277 2843 3419 2897 μου.
3447 2823 3846 2895 Θορυϐηθεῖσμ,

2270 2922 2365 2975 καὶ
2396 2920 2806 2993 στρωϐηΟεῖσα.

2341 3108 2697 3179 Ἓμνήσθην
2714 3107 2953 3178 ἡμερῶν
2979 3105 3263 3177 ἀρχαίων.
3288 3104 3383 3159 Ἐν
3415 3101 3503 3170 αἶς
3533 3104 3849 3175 εὐαρεστῶν

2272 3204 2390 3275 Θεῷ
2445 3202 2630 3266 καλῶς
2658 3201 2937 3272 ἐφερόμην
2960 3217 2974 3232 ·
3006 3199 3038 3270 ἦ
3069 3201 3128 3253 ὲν
3161 3194 3249 3264 αἷς
3284 3201 3334 3252 οἱ
3391 3200 3630 3270 πατέρες
3687 3200 3849 3268 ἡμῶν

589 3310 686 3347 nes
719 3295 1107 3363 procedebant.
1145 3294 1238 3348 Vel
1291 3307 1499 3346 memor
1557 3292 1632 3346 fui
1685 3291 1903 3347 dierum
1963 3291 2164 3360 quibus

2271 3295 2597 3358 εὐωδοῦντο,
2625 3294 2723 3347 καὶ
2755 3291 3060 3362 κατόρθουν
3086 3309 3100 3323 ·
3131 3290 3163 3359 ἢ
3189 3290 3530 3353 τούναντῖον,
3564 3290 3656 3341 καὶ
3687 3290 3850 3342 αὐτοὶ

587 3385 826 3455 majores
867 3386 1078 3451 nostri,
1111 3395 1165 3440 et
1200 3385 1438 3440 secunda
1473 3386 1770 3439 utebantur
1804 3383 2023 3439 fortuna
2057 3423 2072 3447 ,
2105 3392 2162 3440 et

588 3478 884 3534 virtutibus
913 3478 1274 3532 excellebant.
1321 3475 1412 3531 Vel
1440 3475 1652 3529 dierum
1686 3476 1886 3545 quibus
1922 3491 2018 3546 per
2042 3487 2162 3533 ten-

2275 3389 2588 3458 συμφοραῖς
2615 3384 2712 3438 καὶ
2745 3383 3077 3452 πειρασμοῖς
3125 3379 3473 3448 ἐξητάζοντο.
3515 3381 3676 3448 Φέρει
3732 3379 3849 3449 γὰρ

2271 3484 2333 3535 οὐ
2363 3480 2572 3552 μικράν
2603 3495 2728 3532 τινα
2761 3475 3116 3546 παράκλησιν
3157 3475 3191 3542 ἡ
3221 3472 3450 3543 τοιαύτη
3488 3474 3699 3542 μνήμη.

584 3569 826 3624 lationes
883 3577 937 3623 et
965 3567 1308 3623 calamitates
1350 3565 1804 3636 exquirebantur;
1836 3563 1988 3622 Solet
2014 3570 2160 3625 enim
2203 3570 2580 3642 hujuscemodi
2615 3569 2876 3624 memoria
2919 3581 3032 3622 non
3096 3565 3384 3620 minimum
3438 3565 3632 3620 afferre
3702 3565 3852 3621 sola-

590 3681 739 3720 men.

662 3757 947 3812 Meditata:
987 3773 1102 3812 sum
1142 3758 1199 3811 in
1229 3759 1474 3812 omnibus
1525 3759 1770 3828 operibus
1814 3759 1939 3814 tuis.
1973 3757 2168 3814 Revol-

585 3867 720 3908 vens
767 3866 977 3905 mecum
1031 3850 1302 3904 mirabilia
1337 3861 1451 3914 tua,
1500 3859 1555 3904 et
1599 3866 1792 3906 omnes
1834 3867 1930 3906 eos
1977 3852 2163 3908 animo

588 3958 903 4003 recensens,
949 3942 1042 4012 qui
1089 3942 1407 3997 admirande
1458 3957 1488 3996 a
1536 3951 1590 3997 te
1639 3958 1706 3998 ex
1754 3943 2161 4002 calamitatibus

587 4035 810 4090 liberati
839 4042 989 4090 sunt.

658 4127 720 4182 In
751 4127 905 4196 factis
941 4142 1194 4178 manuum
1240 4134 1449 4178 tuarum
1499 4125 1814 4179 meditabar.
1861 4125 2157 4194 Memoria,

588 4219 1082 4290 inquit,,versabar
1127 4217 1181 4272 in
1224 4216 1497 4271 universis
1538 4216 1770 4286 Opiﬁciis
1812 4217 1945 4283 tuis,
1984 4233 2158 4286 eaque

585 4327 801 4367 summa
834 4310 1174 4379 providentia
1208 4319 1294 4362 tua
1326 4309 1482 4378 plena
1505 4324 1628 4363 esse
1660 4309 1969 4375 inveniens,
2001 4327 2155 4382 spem

587 4398 782 4452 bonam
817 4398 1030 4468 accepi,
1056 4397 1201 4466 quod
1237 4412 1343 4450 non
1380 4397 1651 4465 despicies
1681 4413 1787 4464 me,
1820 4408 1904 4454 tot
1931 4401 2160 4455 calami-

587 4489 796 4545 tatibus
824 4504 1166 4558 oppressum,
1201 4503 1263 4542 ac
1296 4490 1555 4544 miseriis.

660 4580 826 4636 Vens.
869 4582 923 4634 6.
961 4579 1205 4646 Expandi
1253 4581 1320 4633 ad
1372 4587 1419 4634 te
1472 4597 1660 4636 manus
1716 4597 1881 4638 meas.
1936 4584 2158 4655 Rogatus

587 4675 824 4736 scilicet,
860 4681 913 4727 et
945 4673 1282 4742 supplicans.

661 4763 854 4816 Anima
881 4779 994 4817 mea
1023 4764 1159 4816 sicut
1199 4774 1343 4818 terra
1378 4765 1635 4833 inaquasa
1669 4765 1784 4818 tibi.
1811 4765 2006 4820 Anima
2039 4780 2158 4819 mea

588 4855 656 4909 ad
696 4867 746 4910 te
777 4864 888 4910 tota
920 4855 1178 4923 reSpicit,
1210 4866 1360 4910 tuum
1396 4871 1506 4910 non
1556 4871 1713 4911 secus
1765 4857 2026 4910 auxilium
2082 4857 2159 4911 si-

589 4951 757 5012 tiens,
791 4957 956 5017 atque
983 4947 1250 5017 inaquosa
1292 4957 1436 5001 terra
1479 4957 1536 5003 et
1582 4947 1862 5003 sitibunda
1919 4948 2156 5018 pluviam

584 5041 884 5097 desiderat.

660 5133 828 5189 Vens.
859 5135 912 5188 7.
947 5129 1202 5187 Velaciter
1233 5133 1423 5187 exaudi
1453 5132 1806 5200 me,l)amine,
1837 5133 2024 5201 defecit
2049 5136 2160 5204 spi-

588 5229 725 5281 ritus
767 5244 932 5281 meus.
965 5225 1193 5293 Deiecit,
1227 5226 1302 5279 ita
1333 5234 1392 5278 ut
1419 5241 1697 5294 nunquam
1730 5227 1886 5282 adeo.
1915 5227 2158 5281 Dimittet

585 5325 772 5373 autem
797 5333 884 5372 me
914 5317 1165 5386 spiritus,
1199 5316 1301 5371 nisi
1337 5325 1392 5369 tu
1424 5315 1534 5369 cito
1561 5317 1930 5371 exaudiveris.

660 5407 744 5463 Ne
772 5418 980 5464 avertas
1010 5409 1199 5478 [aciem
1235 5421 1381 5461 tuam
1411 5425 1443 5462 a
1484 5424 1563 5461 me
1586 5446 1600 5469 ,
1633 5415 1685 5464 σι
1723 5407 1914 5462 similis
1942 5424 2031 5462 ero
2065 5408 2158 5464 de-

2337 3759 2715 3829 Ἐμελέτησα
2741 3755 2810 3809 ἐν
2835 3749 2988 3809 πᾶσι
3021 3750 3149 3816 τοῖς
3182 3751 3382 3820 ἔργοις
3421 3768 3559 3806 σου.
3606 3752 3845 3804 meti-:-

2263 3872 2374 3908 των
2410 3852 2539 3922 παρ’
2585 3849 2811 3920 ἐμαυτῷ
2838 3849 2908 3902 τὰ
2946 3848 3233 3918 θαυμάσιά
3268 3863 3362 3903 σου
3387 3885 3402 3910 ,
3432 3847 3527 3900 καὶ
3552 3846 3847 3913 λογιζόμε-

2265 3963 2353 4010 νος
2386 3945 2512 4007 τοὺς
2538 3942 2860 4011 παραδόξως
2915 3939 3024 3993 τῶν
3054 3931 3356 4010 συμφορῶν
3400 3938 3841 4006 ἀπαλλαγέντας.

2332 4125 2433 4180 Ἕν
2477 4123 2769 4194 ποιήμασι
2818 4121 2937 4177 τῶν
2979 4121 3197 4192 χειρῶν
3239 4138 3358 4176 σου
3401 4103 3847 4189 ἐμε.1ἐτων.Ἑν

2263 4221 2377 4281 τοῖς
2405 4215 2863 4288 δημιουργήμασί
2926 4230 3020 4267 σου
3065 4214 3370 4285 ὲδιέτριϐον
3395 4216 3459 4285 τῇ
3500 4214 3712 4284 μνήμῃ,
3744 4215 3850 4264 καὶ

2263 4309 2539 4380 εὑρίσκων
2606 4307 2748 4361 αὐτὰ
2813 4307 3080 4374 προνοίας
3136 4308 3236 4373 τῆς
3267 4307 3419 4376 παρὰ
3476 4305 3571 4358 σοῦ
3625 4307 3850 4374 τυγχά-

2263 4418 2448 4464 νοντα,
2475 4398 2724 4470 χρηστὰς
2755 4397 3068 4468 ἐλάμϐανον
3101 4396 3350 4460 ἐλπίδας,
3386 4397 3462 4458 ὡς
3494 4397 3556 4449 οὐ
3599 4398 3847 4467 περιόψη

2268 4509 2335 4561 με
2363 4491 2594 4545 τοιαῦτα
2615 4490 2898 4560 πάσχοντα
2931 4488 3025 4542 καὶ
3057 4488 3607 4558 ταλαιπωρούμενον.

2336 4582 2670 4637 Διεπέτασα
2715 4581 2868 4649 πρὸς
2909 4579 2985 4634 σὲ
3013 4580 3116 4645 τὰς
3141 4577 3348 4649 χεῖράς
3391 4596 3535 4649 μου.
3570 4581 3844 4651 Παρακα-

2264 4677 2392 4739 λῶν,
2419 4677 2514 4729 καὶ
2541 4675 2819 4746 δεόμενος.

2345 4770 2416 4824 Ἥ
2445 4768 2614 4837 ψυχή
2643 4785 2762 4836 μου
2789 4768 2869 4833 ὡς
2904 4767 2980 4837 γῆ
3017 4765 3286 4835 ἇνυδρὰς
3313 4782 3433 4819 σοι.
3465 4766 3531 4818 Ἦ
3552 4764 3698 4834 ψυχή
3733 4783 3846 4833 μου

2264 4862 2403 4931 πρὶς
2464 4861 2524 4912 σὲ
2558 4860 2770 4929 διψῶσα
2828 4859 3103 4930 βοηθείας,
3166 4859 3243 4922 ὡς
3295 4858 3366 4928 γῆ
3413 4858 3643 4926 ἄνυδρος
3702 4858 3845 4927 πρὸς

2268 4954 2420 5006 ὑετὸν
2460 4951 2673 5022 διψῶσα
2702 4949 2924 5015 ὓδατος.

2340 5131 2493 5200 Ταχὺ
2553 5131 2926 5185 είσάκοιισόν
2983 5148 3143 5200 μου.
3193 5134 3409 5199 Κύριε,
3465 5133 3714 5195 ἐξέλιπε
3767 5134 3839 5185 τὸ

2263 5225 2500 5295 πνεῦμὰ
2525 5242 2667 5294 μου.
2698 5225 3000 5289 Ἐξέλιπεν,
3058 5227 3182 5279 ὅσον
3213 5225 3403 5290 οὔπω,
3451 5226 3630 5296 ἀφῆκέ
3665 5244 3754 5296 με,
3779 5229 3834 5278 εξ

2267 5318 2342 5388 μὴ
2376 5317 2586 5386 ταχέως
2613 5315 2961 5377 είσακούσεις
2994 5333 3119 5387 μου.

2332 5409 2431 5476 Μὴ
2466 5408 2860 5476 ἁποστρέψῃς
2907 5409 2973 5461 τὸ
3020 5410 3349 5478 πρόσωπόν
3385 5426 3502 5463 σου
3530 5411 3630 5465 ἀπ’
3659 5407 3833 5480 ἐμοῦ,

583 5498 946 5557 sccndentibus
975 5501 1031 5553 in
1067 5500 1266 5553 lacum.
1303 5498 1375 5553 Ne
1399 5498 1748 5568 derelinquas
1780 5514 1865 5553 me
1893 5507 1945 5553 ct
1968 5501 2154 5554 statim

2270 5500 2354 5554 ιαὶ
2409 5499 2849 5568 ὀμοιωθήσομαι
2883 5499 3006 5565 τοῖς
3040 5501 3515 5556 καταϐαίνουσιν
3548 5503 3638 5566 εις
3682 5502 3833 5555 λάκ-

587 5591 812 5645 moriar.
846 5591 1045 5646 Μοτιυί
1081 5594 1229 5648 enim
1275 5603 1404 5648 sunt
1431 5630 1444 5657 ,
1490 5592 1583 5662 qui
1614 5591 1666 5645 in
1717 5591 1897 5645 lacum
1929 5591 2158 5647 descen-

2270 5608 2392 5645 πίον.
2429 5591 2521 5660 Μὴ
2555 5591 2929 5662 ὲγκαταλίπῃς
2956 5609 3044 5660 με,
3065 5594 3160 5644 καὶ
3185 5593 3386 5647 αὐτίκα
3418 5593 3826 5665 ἀποθανοῦμαι.

586 5681 749 5734 dunt.
779 5680 893 5737 lloc
925 5693 1083 5753 pacto
1117 5687 1282 5740 etiam
1331 5693 1582 5738 mortuus
1613 5683 1852 5747 videtur,
1889 5691 2153 5754 quantum

592 5771 662 5825 ad
696 5772 912 5829 virtutis
950 5789 1138 5840 opera,
1177 5775 1262 5830 illc
1296 5775 1388 5845 qui
1422 5776 1624 5832 auxilio
1655 5785 1747 5832 tuo
1776 5775 2022 5848 privatus
2048 5785 2150 5832 cst.

2265 5681 2471 5753 Νεκροὶ
2533 5682 2642 5752 γὰρ
2697 5683 2748 5735 οἱ
2809 5685 3238 5748 καταϐαίνοντες
3289 5687 3372 5749 εις
3429 5687 3669 5740 λάκκον
3733 5689 3828 5739 καὶ

2264 5774 2434 5838 ὅντως
2474 5773 2687 5845 νεκρὸς,
2717 5776 2743 5829 ὁ
2768 5775 2866 5845 τῆς
2903 5775 3053 5848 παρὰ
3099 5777 3192 5831 σοῦ
3225 5777 3478 5849 βοηθείας
3519 5780 3824 5851 ἐστερημέ-
