4102 6206
286 252 417 316 1Ξ81

1462 249 1609 309 (ῙΟΜ
1622 247 1851 308 .‘iiENT.
1900 244 1978 305 IN
2024 245 2159 306 PSA
2169 243 2390 305 LMOS.

3394 244 3537 309 19.32

271 381 383 427 νος.
444 360 809 432 Ἀποστρέφει
857 360 916 415 δὲ
949 358 1013 414 τὸ
1068 358 1384 428 πρόσωπον,
1438 360 1559 431 ἦτοι
1594 358 1693 427 τὴν
1727 358 1851 409 ἐπι-

1967 354 2167 409 Avertit
2211 363 2393 409 autem
2423 352 2566 410 Deus
2593 353 2815 420 faciem,
2839 352 2945 411 hoc
2987 362 3093 422 est,
3125 355 3528 426 protectionem

276 451 489 520 σκοπὴν
519 450 629 507 ἀπὸ
660 453 772 503 τῶν
808 449 1084 520 πονηρῶν·
1116 449 1387 518 Καθαρὸς
1419 449 1529 520 γὰρ
1558 451 1592 503 ό
1622 450 1852 518 ὀφθαλ-

269 544 388 613 μός
410 557 549 607 σου,
578 540 686 596 τοῦ
714 541 801 610 μὴ
840 540 989 608 ὁρᾷν
1029 540 1283 609 πονηρά.

345 633 674 689 Ἀκουστὸν
694 634 959 701 ποίησόν
993 652 1094 703 μοι
1125 634 1191 688 τὸ
1221 635 1374 702 πρωϊ
1398 633 1465 688 τὸ
1502 635 1677 701 ἔλεός
1713 650 1853 702 σου,

279 724 368 777 ὅτι
406 723 504 777 ἐπὶ
538 723 639 777 σοὶ
674 723 929 792 ἤλπισα.
984 724 1229 793 Μήνισόν
1285 718 1375 794 μοι
1417 724 1557 794 ταχὺ
1604 723 1665 777 τὸ
1707 722 1857 787 ἔλεός

279 833 418 879 σου,
501 815 588 868 ἵνα
641 817 735 869 καὶ
783 816 889 885 πρὸ
955 812 1057 882 τῆς
1110 815 1309 885 πείρας
1342 856 1359 881 ,
1413 818 1479 885 τῇ
1546 814 1856 885 ἐπαγγελίᾳ

278 908 693 978 ψυχαγωγηθῶ.
741 905 881 961 Εἶτα
916 910 1011 960 καὶ
1040 910 1072 977 ἡ
1106 907 1446 976 δικαιολογία
1495 907 1588 960 τοῦ
1646 909 1854 978 τυχεῖν,

281 1000 363 1052 ὃτι
399 1001 494 1054 ἐπὶ
543 999 628 1052 σοὶ¹
684 998 924 1071 ἤλπισα⁸
985 998 1146 1052 τοῦτο
1174 1000 1282 1068 γὰρ
1313 995 1455 1053 οἶδεν
1510 999 1857 1053 ἐπισπᾶσθαι

280 1091 374 1146 τὴν
405 1090 557 1146 Θεόν.

352 1269 666 1340 Γνώρισόν
687 1290 789 1342 μοι
813 1313 829 1339 ,
868 1272 1047 1343 Κύριε
1071 1313 1087 1339 ,
1126 1272 1273 1328 ὁδὸν
1307 1273 1378 1328 ἐν
1404 1266 1446 1344 ᾖ
1468 1274 1859 1344 πορεύσομαι,

283 1365 373 1419 ὅτι
407 1364 558 1435 πρὸς
598 1365 674 1419 σὲ
697 1361 813 1437 ᾖρα
847 1365 963 1434 τὴν
988 1366 1204 1436 ψυχήν
1228 1385 1372 1438 μου.
1404 1369 1517 1423 Καὶ
1550 1369 1660 1440 μὴν
1700 1369 1795 1421 καὶ
1833 1368 1861 1420 ὁ

285 1458 517 1526 φυσικὸς
556 1457 745 1526 νόμος,
795 1459 893 1511 καὶ
937 1458 966 1510 ὁ
1004 1458 1251 1528 γραπτὸς
1296 1458 1611 1513 διδάσκουσι
1645 1459 1745 1531 τὴν
1774 1458 1864 1512 εὐ-

269 1551 436 1605 θεῖαν
469 1549 611 1604 ὁδόν.
645 1551 715 1604 Ἦ
743 1550 929 1604 τοίνυν
962 1550 1144 1616 τοῦτο,
1172 1550 1368 1623 φησὶν,
1401 1553 1728 1624 κατεχώσθη
1759 1570 1862 1624 μου

283 1643 345 1696 τὺ
373 1643 624 1706 συνειδὸς
682 1642 789 1697 ὑπὸ
819 1644 919 1715 τῆς
944 1644 1247 1714 ἁμαρτίας,
1296 1645 1329 1715 ἢ
1387 1646 1470 1700 ὅτι
1532 1646 1704 1701 πολλὰ
1748 1650 1863 1712 τοῖς

287 1732 604 1803 ἀνθρώποις
636 1734 929 1806 ἠγνόηται.
958 1734 1050 1788 Διὸ
1073 1735 1168 1789 καὶ
1191 1735 1405 1801 Παῦλος
1437 1736 1591 1805 ἔλεγε
1610 1754 1623 1769 ·
1656 1738 1727 1794 Τὸ
1748 1741 1861 1809 γὰρ

283 1826 343 1878 τί
380 1825 888 1897 προσευξώμεθα,
928 1828 1029 1883 καὶ
1076 1828 1226 1885 καθὸ
1275 1829 1387 1895 δεῖ,
1437 1833 1549 1886 οὐκ
1590 1830 1859 1901 οἴδαμεν.

286 1916 435 1986 Πρδς
466 1918 549 1983 σὲ,
602 1918 762 1989 φησὶ,
808 1919 1037 1990 κέχηνα,
1097 1919 1368 1992 γνώρισόν
1420 1939 1513 1992 μοι
1546 1922 1688 1989 ὁδὸν,
1733 1917 1862 2000 ὲνῇ

288 2008 495 2079 βαδίσω
527 2010 667 2080 πρὸς
700 2010 783 2065 σέ.

370 2101 621 2166 Ἐξελοῦ
664 2120 742 2173 με
770 2102 839 2157 ἐκ
877 2103 998 2158 τῶν
1036 2104 1268 2174 ἐχθρῶν
1285 2125 1441 2176 μου,
1472 2109 1670 2178 Κύριε,
1713 2109 1865 2178 πρὸς

286 2190 364 2245 σὲ
386 2191 729 2264 κατέφυγον
750 2210 764 2224 ·
803 2193 1056 2257 δίδαεόν
1080 2214 1157 2266 με
1179 2198 1287 2254 τοῦ
1316 2201 1510 2256 ποιεῖν
1538 2200 1606 2253 τὸ
1636 2200 1866 2271 θέλημά

287 2298 429 2348 σου,
463 2284 553 2338 ὅτι
582 2285 664 2339 σὺ
691 2282 804 2340 eid
837 2289 981 2354 Θεός
1007 2306 1147 2357 μου.
1180 2290 1296 2345 Οὐκ
1341 2288 1497 2346 εἶπεν
1532 2293 1755 2358 Δίδαξόν
1796 2311 1865 2364 με

290 2377 355 2428 τὸ
378 2376 591 2446 θέλημά
627 2394 744 2444 σου,
776 2379 916 2432 ἀλλὰ
948 2378 1054 2433 Τοῦ
1085 2384 1281 2436 ποιεῖν.
1311 2384 1596 2454 Μακάριος
1628 2385 1737 2455 γὰρ
1767 2386 1866 2457 οὐχ

288 2471 319 2522 ὁ
352 2467 509 2532 εἰδὼς
540 2470 723 2539 μόνον,
764 2460 936 2525 ἀλλ⁹δ
969 2472 1066 2525 καὶ
1123 2475 1295 2529 ποιῶν
1325 2477 1481 2531 αὐτό.
1519 2479 1629 2532 Καὶ
1664 2478 1774 2551 γὰρ
1804 2478 1865 2532 τὸ

293 2558 394 2629 μὲν
450 2559 674 2622 εἰδέναι,
718 2560 924 2631 ῥᾴδιον,
969 2562 1031 2615 τὸ
1088 2563 1147 2616 δὲ
1200 2568 1378 2619 ποιεῖν
1413 2567 1715 2638 δυσχερές’
1768 2571 1864 2622 καὶ

293 2649 533 2717 μάλιστα
588 2648 689 2719 τῆς
742 2649 958 2703 ἄνωθεν
1017 2651 1394 2722 διδασκαλίας,
1453 2658 1553 2711 καὶ
1607 2658 1865 2731 βοηθείας

288 2739 565 2808 δεόμενον.

242 2838 247 2842 ’
366 2832 434 2885 Τὸ
466 2831 705 2899 πνεῦμα
754 2833 823 2887 τὸ
871 2834 1100 2905 ἀγαθὸν
1136 2836 1425 2906 ὁδηγήσει
1448 2856 1528 2909 με
1554 2840 1625 2895 ἐν
1659 2841 1736 2912 τῇ
1762 2843 1865 2897 εὑ-

287 2924 442 2992 οείςι.
472 2923 566 2978 Ἐν
595 2924 700 2995 ὁδῷ
726 2926 882 2997 ὀρθῇ,
910 2928 1005 2980 καὶ
1032 2928 1237 2999 ὀμαλῇ.
1274 2930 1515 2999 Τοιαύτη
1552 2933 1630 2997 δὲ,
1680 2936 1712 3003 ἠ
1765 2934 1866 3003 τῆς

1957 454 2014 498 et
2051 446 2359 502 custodiam
2391 461 2546 501 suam
2576 448 2645 501 ab
2690 446 3006 501 hominibus
3040 450 3265 516 pravis:
3302 447 3540 507 Mundus

1957 536 2125 597 enim,
2155 536 2351 606 inquit,
2385 546 2462 592 est
2494 539 2676 592 oculus
2704 549 2824 591 tuus
2859 554 2921 590 ne
2949 538 3121 594 videat
3143 554 3307 608 prava
3336 540 3402 595 ’⁵.

2031 630 2198 686 Vens.
2237 629 2291 685 8.
2324 631 2578 684 Auditum
2622 631 2712 699 [ac
2751 630 2880 684 mihi
2910 647 3065 685 mune
3109 632 3536 688 misericordiam

1959 730 2129 788 tuam,
2163 723 2289 793 quia
2316 724 2365 776 in
2401 731 2448 776 te
2474 723 2703 802 speravi.
2726 721 2983 792 Signiﬁca
3015 722 3171 788 mihi,
3199 722 3398 792 inquit,
3427 726 3537 779 cito

1960 815 2391 870 misericordiam
2434 827 2606 877 tuam,
2658 825 2716 870 ιιι
2763 824 2891 871 ante
2934 815 3355 885 experientiam,
3408 833 3537 884 pro-

1960 909 2224 963 missione
2261 917 2353 961 tua
2388 908 2694 978 refrigerer.
2729 907 2930 963 Deinde
2961 907 3230 963 rationem
3275 910 3498 977 apponit
3520 948 3536 971 ,

1960 1016 2060 1056 cur
2095 1002 2402 1071 praestanda
2439 1001 2485 1056 ei
2516 1002 2587 1055 sit
2624 1000 3030 1056 misericordia.
3074 1000 3210 1066 Quia
3245 1001 3453 1056 scilicet
3481 1002 3536 1055 in

1962 1102 2015 1147 te
2047 1094 2280 1161 speravi.
2311 1092 2702 1162 llujuscemodi
2742 1093 2889 1148 enim
2923 1108 3051 1164 spes
3076 1108 3412 1165 magnopere
3450 1109 3543 1148 εον

1964 1186 2039 1240 lct
2076 1185 2243 1239 Deum
2272 1185 2593 1240 conciliare.

2038 1277 2236 1331 Natant
2272 1277 2361 1347 {ac
2384 1277 2530 1343 mihi,
2556 1276 2798 1342 Domine,
2832 1277 2997 1343 viam,
3023 1276 3079 1331 in
3100 1293 3204 1344 qua
3234 1274 3539 1338 ambulaba,

1965 1373 2091 1444 quia
2128 1372 2199 1426 ad
2229 1381 2276 1425 te
2304 1370 2470 1426 levavi
2498 1372 2733 1423 animam
2766 1386 2960 1424 meum.
2993 1369 3194 1438 Atqui,
3227 1379 3336 1422 tam
3382 1377 3543 1423 uatu-

1965 1466 2099 1521 ralis
2126 1465 2214 1520 lex
2249 1478 2413 1533 quam
2452 1464 2655 1533 scripta
2688 1500 2704 1527 ,
2734 1463 2937 1518 docent
2981 1468 3190 1517 rectam
3228 1462 3393 1517 viam.
3432 1459 3541 1517 Ve-

1968 1574 2088 1613 rum
2117 1573 2282 1622 nunc,
2305 1556 2390 1612 vel
2422 1556 2554 1611 illud
2586 1556 2769 1612 dicere
2795 1555 3048 1621 intendit,
3079 1555 3227 1626 quod
3253 1556 3544 1610 conscien-

1970 1648 2043 1702 tia
2071 1662 2171 1703 sua
2211 1646 2447 1715 peccatis
2477 1658 2619 1702 esset
2650 1646 2935 1716 inquinata
2966 1662 2982 1701 :
3012 1646 3095 1700 vel
3123 1646 3268 1716 quod
3306 1647 3543 1717 plurima

1969 1739 2039 1794 ab
2064 1737 2383 1794 hominibus
2415 1738 2762 1808 ignorantur.
2793 1738 2971 1807 Atque
3003 1737 3126 1793 ideo
3155 1737 3366 1793 Paulus
3395 1736 3546 1793 diec-

1964 1831 2060 1886 bat
2100 1845 2118 1885 :
2157 1830 2310 1896 Quod
2360 1846 2592 1894 oremus,
2626 1839 2675 1884 et
2703 1829 3146 1897 quemadmodum
3179 1838 3406 1899 oportet,
3450 1836 3544 1885 ne-

1964 1924 2161 1980 scimus
2192 1924 2262 1978 ".
2289 1922 2370 1979 Ad
2399 1934 2449 1978 te
2471 1922 2661 1993 igitur,
2688 1921 3303 1993 inquit,’oscitabundus
3327 1932 3542 1994 specto,

1965 2017 2152 2073 indica
2188 2016 2319 2072 milii
2356 2015 2499 2071 viam
2533 2030 2632 2086 per
2660 2028 2825 2085 quam
2859 2015 3131 2071 ambulem
3169 2014 3237 2068 ad
3273 2023 3347 2071 te.

2038 2108 2203 2165 Vens.
2228 2110 2284 2167 9.
2310 2108 2466 2177 Eripe
2495 2124 2577 2162 me
2603 2108 2668 2162 de
2700 2107 2929 2162 inimicis
2948 2106 3100 2173 meis,
3126 2105 3367 2171 Domine,
3393 2103 3465 2161 ad
3495 2114 3548 2162 te

1965 2201 2204 2271 confugi,
2229 2202 2355 2255 doce
2385 2218 2465 2254 me
2490 2200 2666 2270 facere
2697 2199 3016 2254 voluntatem
3053 2209 3218 2264 tuam,
3256 2200 3380 2270 quia
3406 2199 3545 2255 Deus

1967 2313 2113 2351 meus
2160 2311 2213 2349 es
2258 2304 2337 2351 tu.
2408 2293 2526 2351 Non
2593 2294 2775 2350 dixit:
2825 2293 2969 2349 Doce
3031 2309 3119 2349 me
3176 2294 3542 2359 voluntatem,
3618 2334 3622 2337 -

1978 2389 2073 2445 sed
2111 2389 2257 2444 Doce
2292 2398 2350 2442 ut
2382 2386 2578 2443 faciam
2608 2401 2752 2442 eam.
2782 2384 2984 2441 Beatus
3012 2384 3157 2440 enim
3177 2425 3192 2450 ,
3222 2385 3417 2456 inquit,
3449 2386 3544 2456 qui

1966 2497 2076 2536 non
2110 2482 2258 2535 novit
2286 2489 2519 2545 tantum,
2558 2478 2655 2535 sed
2692 2477 2821 2533 facit
2855 2493 2996 2533 eam.
3023 2472 3368 2546 Cognoscere
3396 2480 3545 2532 enim

1968 2573 2187 2628 facilius
2219 2581 2326 2636 est,
2361 2571 2579 2640 operari
2621 2585 2754 2625 vero
2785 2569 3085 2635 ditﬁcilius,
3130 2570 3198 2624 iis
3240 2568 3546 2639 pmsertim

1965 2662 2061 2735 qui
2099 2677 2334 2733 superna
2361 2661 2614 2717 doctrina
2655 2669 2821 2732 atque
2860 2675 2964 2731 ope
2991 2659 3260 2731 indigent.
3403 2658 3410 2667 ’

2039 2839 2207 2896 Vens.
2240 2840 2328 2894 10.
2363 2838 2595 2909 Spiritus
2634 2846 2756 2891 tuus
2788 2838 2953 2892 bonus
2981 2837 3201 2893 deducet
3229 2853 3310 2892 me
3347 2838 3403 2891 in
3443 2847 3550 2892 ter-

1969 2950 2085 2988 ram
2111 2941 2331 2987 rectam.
2364 2932 2421 2984 lu
2448 2931 2591 2984 viam
2622 2938 2823 2984 rectam
2863 2939 2918 2984 et
2971 2931 3211 2999 planam,
3236 2930 3415 2998 qualis
3462 2938 3550 2985 est

285 3016 516 3087 ἀρετῆς,
564 3016 700 3088 ὀρθὴ
753 3019 874 3086 μὲν,
912 3017 988 3081 ὡς
1019 3018 1291 3090 ἀπλανὴς,
1316 3020 1496 3092 ὁμαλὴ
1535 3022 1613 3089 δὲ,
1653 3023 1729 3087 ὡς
1753 3025 1859 3077 ἁπ-

1976 3027 2061 3080 via
2090 3024 2333 3079 virtutis.
2389 3020 2558 3078 Recta
2602 3024 2819 3092 quidem
2848 3063 2864 3087 ,
2909 3022 3073 3077 veluti
3133 3024 3251 3077 sine
3307 3038 3544 3086 errore;

287 3107 611 3178 ηλλαγμένη
681 3108 935 3185 σκώλων,
999 3110 1099 3165 καὶ
1164 3115 1651 3185 προσκομμάτων·
1720 3118 1866 3187 ἅπερ

284 3201 397 3253 εἰσὶ
414 3199 484 3252 τὰ
518 3200 664 3271 πάθη
689 3199 788 3270 τῆς
819 3200 1114 3272 ἁμαρτίας.

364 3291 619 3346 Ἕνεκεν
649 3292 757 3346 τοῦ
794 3292 1088 3362 ὀνόματός
1139 3307 1279 3362 σου,
1310 3296 1510 3365 Κύριε,
1541 3296 1741 3367 ζήσεις
1766 3316 1863 3369 με.

288 3385 367 3437 Οὐ
401 3383 489 3436 διὰ
522 3383 619 3455 τὴν
654 3384 795 3455 ἐμὴν
855 3384 1083 3457 ἀρετὴν,
1113 3385 1251 3440 ἀλλά
1282 3388 1371 3442 διὰ
1402 3388 1466 3442 τὸ
1506 3390 1679 3462 ὄνομά
1730 3409 1824 3446 σου
1848 3410 1863 3425 ο

289 3477 688 3548 φιλάνθρωπος
733 3478 845 3548 γὰρ
892 3478 1161 3549 ὀνομάζη,
1188 3481 1286 3534 καὶ⁵
1310 3482 1582 3551 ἐλεήμων.
1634 3485 1867 3557 Εἴρηται

286 3571 347 3627 δὲ
380 3571 478 3624 καὶ
524 3571 580 3623 ὲν
611 3570 686 3640 τῷ
718 3568 823 3640 ριγ¹
851 3570 1053 3642 ψαλμῷ
1081 3612 1098 3638 ,
1156 3570 1252 3639 Μὴ
1304 3573 1469 3642 ἡμῖν.
1527 3576 1728 3644 Κύριε,
1778 3578 1865 3648 μὴ

285 3660 456 3730 ἡμῖν,
479 3661 619 3715 ἀλλ’
648 3660 685 3729 ἦ
721 3658 800 3727 τῷ
842 3662 1093 3731 ὀνόματί
1117 3676 1235 3717 σου
1256 3664 1362 3731 δὸς
1386 3664 1598 3730 δόξαν.

372 3753 474 3806 Ἑν
514 3750 588 3820 τῇ
638 3750 998 3824 δικαιοσύνῃ
1044 3769 1162 3810 σου
1210 3754 1451 3824 ἐξάξεις
1489 3759 1560 3812 ἐκ
1606 3760 1869 3828 θλίψεως

286 3842 406 3917 τὴν
453 3844 667 3913 ψυχήν
712 3862 857 3913 μου,
896 3844 997 3899 καὶ
1055 3846 1127 3900 ἐν
1157 3846 1237 3913 τῷ
1286 3849 1443 3903 ἐλέει
1492 3866 1610 3905 σου
1658 3852 1868 3917 ἐξολο-

287 3938 571 4003 ιιρεύσεις
609 3937 752 4001 τοὺς
781 3936 1039 4007 ἐχθρούς
1057 3956 1199 4009 μου,
1238 3942 1337 3995 καί
1366 3941 1616 4008 ἀπολεῖς
1636 3943 1869 4013 πάντας

287 4026 434 4093 τοὺς
465 4028 787 4095 θλίϐοντιις
815 4028 935 4097 τὴν
962 4032 1181 4100 ψυχήν
1212 4049 1357 4102 μου.
1385 4031 1604 4105 Ἤνπερ
1627 4032 1783 4090 εἶπεν
1810 4040 1869 4091 ὲν
1912 4054 1914 4057 ·

288 4119 436 4189 ἀρχῇ
498 4117 593 4172 τοῦ
654 4118 873 4190 ψαλμοῦ
909 4120 1285 4193 δικαιοσύνην,
1327 4121 1534 4194 ταύτην
1568 4124 1719 4194 λέγει
1773 4128 1869 4181 καὶ

290 4208 412 4274 νῦν,
468 4209 564 4263 καὶ
617 4208 684 4279 ἣν
738 4210 996 4264 ἐκάλεσεν
1058 4211 1322 4282 ἀλήθειαν
1382 4214 1519 4281 ἐκεῖ,
1582 4215 1869 4287 ὠνόμασεν

292 4301 529 4357 ἐνταῦθα
560 4301 749 4366 ἔλεοςο
800 4302 1175 4374 ὲξολόθρευσις
1220 4304 1284 4358 δὲ
1334 4305 1429 4361 καὶ
1476 4307 1723 4362 ἀπώλεια
1757 4308 1865 4362 τῶν

288 4395 500 4464 νοητῶν
554 4395 794 4467 ἐχθρῶν,
844 4397 880 4465 ἠ
926 4395 1408 4458 ἀπέλασις”αὐτῶν
1432 4437 1448 4462 ,
1483 4400 1578 4454 καὶ
1605 4403 1633 4455 ὁ
1666 4401 1863 4469 ἀφανι-

291 4490 451 4556 σμὺς,
484 4488 608 4542 ὅσον
632 4488 770 4560 πρὸς
796 4488 889 4542 τὸν
916 4485 1095 4542 ταῦτα
1139 4487 1401 4557 λέγοντα·
1441 4490 1502 4545 τὸ
1552 4490 1609 4544 δὲ
1642 4492 1866 4561 Ζήσεις

291 4578 386 4630 καὶ
440 4576 702 4645 ἐξάξεις,
767 4577 1245 4646 ἐξολοθρεύσεις,
1294 4580 1388 4633 καὶ
1436 4580 1707 4648 ἀπολεῖς,
1759 4583 1867 4636 εἰσὶ

292 4667 418 4736 μὲν,
453 4667 551 4721 καὶ
580 4666 932 4740 προφητικοῦ
972 4668 1173 4734 τύπου,
1205 4671 1300 4722 xui.
1329 4670 1606 4726 εὐκτικοῦ.

361 4843 494 4898 Ὀτι
515 4845 631 4921 ἐγὼ
659 4844 881 4912 δοῦλός
897 4862 1014 4900 σου
1038 4848 1183 4916 ειμι.
1206 4848 1427 4913 Δοῦλος,
1445 4849 1519 4914 ώς
1538 4850 1866 4923 θεραπεύειν

297 4936 682 5005 ἐπειγόμενος,
732 4937 826 4990 καὶ
873 4937 1174 5005 φυλάττειν
1216 4940 1285 4993 τὰ
1344 4939 1644 4996 δεσποτικὰ
1699 4960 1869 5014 προσο

294 5029 577 5101 τάγματα.

546 5123 793 5193 Ψαλμὸς
824 5122 902 5189 τῷ
929 5122 1107 5178 Δαϐὶδ
1143 5124 1295 5192 πρὸς
1319 5125 1566 5181 Γολιάθ.

826 5215 1120 5270 ΨΑΛΜΟΣ
1159 5216 1336 5273 PMI".

370 5300 510 5358 τινὰ
535 5305 643 5359 τῶν
670 5306 1050 5379 ἀντιγράφων,
1101 5310 1204 5364 οὐκ
1235 5309 1419 5381 ἔχουσι
1473 5311 1537 5366 τὺ
1577 5314 1734 5384 Πρὸς
1761 5316 1871 5370 τὸν

1972 3115 2132 3185 plana
2165 3127 2316 3178 vero,
2353 3120 2614 3181 tanquam
2648 3109 2910 3182 periculis
2937 3121 2989 3165 et
3023 3111 3297 3166 scaudalis
3332 3111 3544 3167 libera:

1968 3221 2090 3278 qua:
2129 3204 2313 3260 dicere
2350 3218 2645 3274 possumus
2673 3218 2798 3258 esse
2829 3204 3088 3272 peccandi
3125 3202 3375 3259 allectus.

2037 3297 2258 3365 Propter
2287 3311 2473 3350 nomen
2509 3304 2683 3361 tuum,
2707 3293 2943 3361 Domine,
2979 3294 3267 3363 viviﬁcabis
3289 3310 3388 3349 me.
3426 3293 3547 3351 Non

1967 3391 2035 3445 ob
2068 3403 2240 3442 meam
2277 3387 2532 3442 virtutem
2559 3426 2575 3450 ,
2608 3386 2705 3443 sed
2733 3396 2957 3457 propter
2981 3394 3137 3441 tuum
3181 3402 3399 3443 nomen.
3440 3385 3545 3441 Mi-

1969 3484 2208 3538 sericors
2239 3481 2440 3535 etenim
2480 3480 2793 3549 appellaris,
2826 3488 2886 3532 ut
2920 3479 3126 3533 dictum
3159 3486 3265 3544 est,
3313 3478 3368 3534 in
3400 3478 3551 3547 psal-

1969 3588 2058 3627 mo
2082 3585 2234 3636 cxm,
2270 3569 2343 3624 ibi
2376 3587 2390 3623 :
2423 3567 2547 3621 Non
2573 3568 2739 3632 nobis,
2763 3567 3137 3635 Domine,'non
3158 3569 3326 3634 nobis,
3350 3570 3439 3622 sed
3456 3584 3553 3622 no-

1970 3664 2102 3717 mini
2126 3672 2214 3716 tuo
2238 3661 2308 3715 da
2332 3660 2582 3730 gloriam.

2039 3756 2205 3810 Vens.
2226 3754 2419 3823 “,21.
2447 3751 2511 3806 In
2535 3751 2751 3820 justitia
2771 3749 3088 3815 tua,educes
3114 3747 3179 3807 de
3209 3748 3553 3805 tribulatione

1970 3848 2207 3903 animum
2248 3861 2445 3907 meam,
2472 3853 2518 3899 et
2559 3845 2615 3898 in
2651 3842 3019 3897 misericordia
3054 3851 3147 3895 tua
3173 3843 3550 3899 exterminabis

1969 3938 2388 4001 inimicosmeos,
2423 3944 2470 3988 et
2502 3934 2683 4002 perdes
2714 3949 2890 3988 omnes
2913 3934 3003 4003 qui
3034 3932 3291 3987 tribulam
3313 3934 3552 3988 animam

1968 4047 2162 4085 meum.
2193 4029 2364 4096 Quam
2400 4028 2511 4083 illic
2534 4028 2802 4096 justitiam
2834 4025 2921 4080 liic
2948 4023 3446 4096 quoqtiejustitiam
3468 4024 3554 4080 di-

1969 4124 2067 4189 cit,
2091 4130 2146 4177 et
2177 4137 2341 4192 quam
2367 4121 2478 4176 illic
2506 4121 2787 4174 veritatem
2807 4117 2965 4183 dixit,
2997 4130 3144 4173 nunc
3176 4117 3310 4171 dicit
3335 4116 3555 4172 miscri-

1969 4215 2237 4272 cordiam.
2276 4211 2681 4269 Exterminabis
2714 4219 2896 4265 autem
2926 4220 2979 4264 et
3007 4209 3202 4280 perdes
3252 4208 3554 4263 invisibiles

1972 4307 2249 4370 inimicos,
2292 4305 2397 4359 lioc
2423 4314 2532 4366 est,
2561 4301 2800 4372 expelles
2824 4310 2877 4355 et
2905 4300 3114 4356 delebis
3135 4315 3253 4363 eos,
3281 4308 3549 4370 quantum

1970 4400 2180 4454 scilicet
2210 4399 2448 4467 pertinet
2475 4397 2538 4451 ad
2574 4396 2776 4465 ipsum,
2803 4394 2894 4464 qui
2929 4394 3034 4448 hoc
3062 4393 3216 4464 petit.
3241 4392 3396 4458 Quod
3422 4408 3554 4448 vero

1972 4492 2048 4547 ait
2085 4508 2101 4544 :
2146 4489 2463 4560 Viviﬁcal'is,
2492 4486 2886 4550 exterminabis,
2910 4494 2960 4541 et
2983 4485 3319 4555 perdes,'non
3340 4492 3554 4541 tantum

1973 4585 2027 4639 in
2063 4598 2129 4639 eo
2168 4598 2334 4638 sensu
2386 4580 2617 4652 intelligi
2675 4587 2899 4651 potest,
2935 4589 2991 4634 ut
3024 4578 3187 4633 verba
3230 4576 3401 4631 futuri
3445 4577 3556 4631 sint

1975 4677 2259 4746 temporis,
2309 4682 2364 4729 et
2406 4674 2745 4744 prophetiam
2791 4672 3133 4735 contineant,
3181 4669 3274 4725 sed
3324 4666 3554 4738 intelligi

1971 4769 2139 4823 etiam
2168 4774 2425 4837 possunt,
2456 4776 2518 4820 ut
2552 4766 2605 4819 in
2641 4764 2885 4834 optantis
2916 4762 3136 4819 modum
3170 4762 3282 4817 sint
3307 4762 3473 4817 dicta.

2047 4859 2188 4927 Quia
2216 4876 2308 4930 ego
2343 4873 2522 4913 servus
2557 4867 2679 4912 tuus
2726 4873 2868 4911 sum.
2908 4855 2984 4911 Eo
3016 4858 3162 4926 quod
3203 4864 3255 4911 et
3292 4856 3555 4911 inservire

1975 4948 2073 5004 tibi
2106 4948 2328 5012 festino,
2359 4955 2414 5003 et
2444 4955 2714 5018 praecepta
2741 4955 2854 5013 tua,
2888 4955 3142 5018 tanquam
3167 4945 3381 5002 Domini
3399 4945 3552 5015 jussa

1976 5040 2270 5096 observare
2303 5046 2512 5110 satago.

2189 5130 2438 5186 Psalmus
2470 5132 2572 5199 ipsi
2606 5130 2777 5185 David
2807 5130 3062 5186 adversus
3102 5128 3333 5186 Goliatlt.

2496 5220 2819 5299 l‘SALMUS
2863 5220 3091 5277 exuu.

2048 5313 2308 5382 Quadam
2339 5315 2670 5385 exemplaria
2704 5329 2813 5369 non
2850 5313 3051 5367 habent
3080 5308 3248 5364 verba
3279 5309 3409 5364 illa:
3440 5308 3549 5364 Ad-

294 5396 545 5452 Γολιάθ.
586 5396 751 5451 Οὐδὲν
776 5396 832 5451 δὲ
860 5397 1064 5451 κωλύει
1094 5400 1189 5454 καὶ
1214 5400 1376 5455 τοῦτο
1409 5404 1737 5473 προκεῖσθαι
1768 5404 1864 5461 τοῦ

1975 5417 2152 5464 uersus
2183 5407 2423 5464 Gotiath.
2457 5406 2602 5463 Nihil
2646 5417 2827 5461 tamen
2873 5403 3264 5473 impedimento
3294 5413 3378 5459 est
3414 5405 3548 5473 quin

293 5483 538 5557 ψαλμοῦ,
596 5488 737 5557 μετά
781 5505 845 5557 γε
894 5488 955 5541 τὸ
1006 5489 1125 5559 μετ’
1169 5491 1382 5545 ἐκείνου
1429 5494 1716 5567 τρόπαιον,
1770 5499 1865 5552 καὶ

1972 5503 2164 5560 adesse
2196 5502 2412 5574 possint
2448 5517 2462 5555 :
2496 5500 2655 5573 quasi
2685 5494 3025 5569 compositus
3069 5492 3235 5552 fuerit
3264 5493 3356 5552 hic
3396 5496 3548 5569 psal-

368 5671 419 5709 αδ
447 5671 651 5727 llabac.
680 5689 718 5741 ι,
758 5674 840 5730 15.
915 5675 961 5707 ’⁸
1001 5650 1157 5732 Rom.
1193 5676 1428 5743 rm,26.
