4102 6206
620 284 764 347 1ἳ33
1848 280 2229 341 ΕΟΤΙΙΥΜΠ

2273 282 2631 342 ZtGABENI
3522 258 3532 267 ’
3727 280 3850 343 test

623 414 748 449 IllllS
782 397 832 448 in
866 396 1159 461 gratiarum
1187 391 1479 454 aetionem,
1518 400 1638 460 post
1667 403 1927 460 tropaaum
1972 392 2102 446 illud
2127 392 2193 446 de
2222 410 2243 452 ,Α

2231 397 2269 455 Α
2304 394 2443 461 μετὰ
2512 394 2715 458 πολλὰς
2762 395 2861 455 τὰς
2896 395 3065 458 ἄλλας
3120 397 3277 459 νίκας
3328 396 3683 455 συντεθέντος
3726 397 3851 461 ὑπὲρ

619 487 835 558 gigante
872 494 1232 553 reportatum,
1258 492 1311 535 ct
1344 492 1464 551 post
1506 482 1705 535 multas
1734 483 1870 536 alias
1912 482 2191 536 victorias.

2293 484 2673 551 εὐχαριστίας.
2711 488 2869 541 Ἔστι
2898 490 2955 542 δὲ
2987 492 3080 542 καὶ
3116 488 3309 542 Γολιὰο
3348 491 3559 559 νοητὸς,
3603 486 3632 539 ὁ
3688 488 3850 548 κοινὸς

625 580 817 632 Dicere
869 578 1031 630 etiam
1084 591 1379 643 possumus
1418 575 1777 642 compesitum
1823 574 1991 628 fu'sse
2045 575 2191 627 hunc

1556 575 1777 642 positum
1823 574 1991 628 iu'sse
2045 575 2191 627 hunc
2292 572 2489 643 ἐχθρὸς
2521 579 2548 629 ὀ
2576 576 2845 641 διάὀολος.

622 673 886 741 psalmum
936 670 1201 723 adversus
1250 668 1614 732 inuisibilem,
1650 678 1815 735 atque
1854 666 2279 721 intellectualem
2333 666 2577 734 Goliath,
2637 686 2981 727 communem
3051 671 3308 727 nimirum
3375 674 3619 728 omnium
3682 670 3854 726 inimi’

621 781 771 823 cum,
805 762 1106 815 diabolum.

689 853 858 908 Vens.
888 855 938 908 1.
976 852 1286 905 Benedictus
1327 849 1578 905 Dominus
1615 851 1749 904 Deus
1785 869 1947 913 meus,
1980 854 2071 919 qui
2092 850 2186 903 do-

2364 852 2709 922 Εὐλογητὸς
2732 854 2942 921 Κύριος
2971 856 3002 908 d
3036 856 3179 920 Θεός
3214 858 3403 923 μου,ό
3433 852 3738 907 διδάσκων
3761 852 3853 919 τὰς

620 957 698 1000 ret
744 962 929 998 manus
960 962 1099 999 meas
1139 945 1188 996 in
1220 945 1406 1006 ariem,
1440 953 1486 995 et
1528 944 1722 1009 digitos
1754 961 1891 997 meos
1932 944 1999 994 ad
2031 942 2187 998 bella.

2296 942 2501 1009 χεῖράς
2532 962 2648 1011 μου
2677 947 2763 1007 εις
2810 944 3179 1011 παράταξιν,
3213 946 3309 998 καί
3347 944 3490 1010 τοὺς
3524 944 3850 1008 δακτύλους

619 1037 950 1094 Laudandus
985 1043 1123 1090 tiens
1171 1045 1287 1098 est,
1322 1035 1411 1104 qui
1472 1050 1666 1087 manus
1713 1043 1765 1087 et
1816 1035 2011 1104 digitos
2042 1051 2191 1088 meos

2292 1053 2410 1102 μου
2458 1038 2544 1100 εἰς
2587 1037 2873 1103 πόλεμον.
2910 1037 3128 1099 Αἰνετὸς
3172 1039 3199 1089 6
3252 1037 3384 1099 Θεὸς
3430 1039 3458 1089 6
3508 1035 3777 1097 εὐοδῶσας
3807 1038 3853 1086 ὲν

623 1133 675 1184 in
718 1133 834 1184 acie
865 1136 1168 1199 prosperat,
1206 1138 1256 1179 et
1286 1129 1338 1178 iu
1384 1128 1527 1181 bello
1563 1144 1575 1179 ι
1606 1137 1658 1179 et
1692 1126 1783 1195 qui
1818 1128 1947 1179 mihi
1980 1127 2193 1190 tribuit,

2301 1128 2612 1195 παρατάξει
2644 1128 2741 1179 καὶ
2782 1129 3008 1197 πολέμῳ
3040 1130 3139 1191 τὰς
3169 1131 3379 1198 χεῖρας,
3435 1129 3529 1180 καὶ
3590 1128 3718 1187 τοὺς
3768 1126 3852 1177 δαν

626 1232 683 1276 ut
713 1224 899 1275 hostes
935 1236 1087 1274 meos
1122 1235 1398 1287 superem,
1432 1230 1481 1271 et
1514 1218 1772 1286 prarelara
1816 1218 2193 1285 hujuscemodi

2298 1218 2529 1279 κτύ).ους
2603 1237 2741 1287 μου,
2811 1220 2906 1274 καὶ
2962 1219 3088 1279 δούς
3156 1238 3246 1289 μοι
3315 1218 3706 1290 περιγενέσθαι
3759 1216 3850 1271 τῶν

622 1315 828 1383 erigant
867 1322 1089 1380 troprea.
1126 1310 1439 1377 l’rospcrari
1489 1309 1652 1361 etiam
1697 1310 1956 1362 dicuntur
2005 1324 2197 1362 manus

2301 1310 2533 1379 ἐχθρῶν.
2588 1312 2685 1364 καὶ
2715 1311 2916 1379 στῆσαι
2948 1310 3180 1367 τοιαῦτα
3222 1311 3488 1382 τρόπαια.
3544 1307 3848 1361 Εύοδοῦνται

625 1409 679 1461 in
712 1406 970 1459 invisibili
1010 1406 1272 1457 adversus
1306 1406 1583 1457 dmmones
1616 1402 1823 1470 prtelio,
1857 1402 1986 1455 dum
2018 1413 2202 1456 exten-

2298 1402 2354 1454 δὲ
2382 1403 2475 1454 καὶ
2500 1404 2557 1455 ἐν
2580 1401 2656 1471 τῷ
2684 1402 2859 1472 νοητῷ
2899 1402 3145 1471 πολέμῳ,
3183 1404 3366 1472 χεῖρες
3414 1404 3495 1463 είς
3534 1401 3733 1471 ἀρετὴν
3768 1401 3845 1450 ἑκ-

624 1500 805 1551 dimus
840 1514 932 1550 eas
965 1498 1029 1550 ad
1079 1497 1309 1548 ι’ἱιηςιιιιιε
1336 1537 1348 1557 ,
1377 1504 1429 1549 et
1459 1495 1586 1547 dum
1621 1495 1687 1548 ad
1720 1493 1887 1547 Deum
1937 1508 2031 1548 eas
2063 1510 2199 1561 puro

2299 1496 2635 1563 τεινόμεναι,
2669 1496 2761 1546 καὶ
2794 1494 2928 1565 πρὸς
2964 1494 3096 1546 Θεὸν
3141 1494 3526 1564 ἐπαιρόμεναι.
3562 1493 3749 1545 Ἔστιν
3780 1493 3845 1543 είς

623 1591 786 1642 curdc
818 1590 1115 1641 elevamus.
1147 1586 1441 1639 Possumus
1477 1588 1640 1639 etiam
1671 1585 1868 1647 dicere,
1898 1587 2041 1654 quod
2072 1586 2200 1639 bea—

2305 1588 2427 1636 πεῖν
2464 1587 2559 1639 καὶ
2608 1584 2782 1648 οὕτως
2814 1604 2826 1617 ·
2860 1586 2917 1639 '0
2972 1586 3070 1654 μὲν
3095 1586 3282 1647 Δαὸὶδ,
3308 1588 3387 1647 είς
3440 1584 3743 1655 παράταξιν
3766 1584 3844 1645 τὰς

627 1692 711 1733 tus
754 1679 915 1731 David
952 1680 1180 1731 edet-tus
1208 1679 1277 1728 sit
1309 1694 1335 1727 a
1390 1678 1616 1731 Domino
1650 1692 1868 1731 movere
1902 1691 2094 1729 manus
2136 1677 2189 1727 in

2304 1678 2515 1745 χεῖρας,
2536 1678 2632 1728 καὶ
2663 1680 2787 1737 τοὺς
2819 1676 3116 1737 δακτύλους
3150 1678 3228 1738 είς
3259 1675 3497 1743 πόλεμον
3529 1673 3632 1725 ὑπὸ
3662 1673 3841 1742 Κυρίου

626 1775 742 1825 acie
771 1782 821 1824 et
852 1770 1048 1839 digitos
1086 1772 1135 1821 in
1178 1770 1313 1823 bello
1342 1784 1355 1820 :
1381 1771 1502 1838 quia
1536 1782 1588 1823 et
1616 1771 1897 1837 corporeis
1935 1769 2194 1822 membris
2231 1789 2246 1847 ε

2231 1789 2273 1847 3
2308 1770 2721 1840 διδασκόμενος,
2776 1768 2862 1821 διὰ
2905 1769 3005 1838 μὲν
3036 1768 3143 1820 τῶν
3172 1767 3503 1836 σωματικῶν
3541 1766 3714 1834 μελῶν
3741 1762 3845 1815 τού-

627 1863 872 1916 visibilcs
930 1860 1204 1923 inimicos,
1249 1872 1302 1912 et
1339 1860 1533 1913 animae
1590 1860 1850 1914 membris
1898 1859 2199 1913 invisibiles

2302 1879 2428 1924 των,
2466 1861 2876 1931 κατηγωνίζετο
2927 1862 3053 1922 τοὺς
3084 1858 3380 1927 αἰσθητοὺς
3430 1857 3737 1926 πολεμίους,
3769 1853 3842 1909 διὰ

625 1956 897 2007 (heiuoncs
932 1953 1243 2020 superabat.
1277 1950 1386 2005 Nos
1412 1951 1575 2003 etiam
1612 1951 1877 2005 docemur
1908 1966 1935 2003 a
1974 1950 2196 2005 Christo

2302 1954 2367 2007 δὲ
2394 1954 2503 2006 τῶν
2528 1952 2776 2025 ψυχικῶν
2808 1952 2933 2015 τοὺς
2984 1950 3210 2019 νοητούς
3231 1967 3243 1980 ·
3283 1952 3444 2020 ἡμεῖς
3497 1950 3553 2002 δὲ
3604 1949 3702 2001 ὑπὸ
3727 1949 3842 2015 Χρι-

627 2044 813 2097 tollere
854 2058 1045 2095 manus
1094 2042 1146 2095 in
1186 2042 1304 2095 acie
1340 2051 1391 2095 et
1440 2041 1639 2112 digitos
1684 2042 1750 2096 ad
1792 2041 1956 2096 Deum
1985 2082 2000 2107 ,
2033 2042 2107 2096 ita
2144 2050 2202 2095 ut

2306 2046 2431 2099 στοῦ
2462 2044 2828 2114 διδασκόμεθα
2858 2044 2956 2107 τὰς
2986 2048 3177 2114 χεῖρας
3214 2046 3311 2113 μὲν
3333 2044 3413 2103 είς
3438 2041 3753 2109 παράταξιν,
3779 2038 3842 2104 τῷ

624 2135 807 2191 crucis
841 2134 1071 2205 ﬁguram
1102 2135 1434 2205 exprimant.

2304 2138 2481 2208 αἴρειν
2509 2139 2681 2198 αὐτὰς
2726 2137 2863 2208 πρὸς
2907 2137 3075 2192 Θεόν·
3129 2138 3257 2199 τοὺς
3311 2134 3609 2197 δακτύλους
3652 2132 3725 2195 δὲ,
3777 2130 3840 2198 τῷ

2302 2231 2573 2283 ὲκτυποῦν
2608 2232 2698 2285 τὸν
2732 2248 2863 2283 σταυ
2875 2231 2985 2300 ρόν.

700 2343 867 2397 Vens.
902 2344 957 2397 2.
997 2342 1365 2396 Misericordia
1401 2358 1514 2394 mea
1538 2382 1551 2404 ,
1588 2350 1635 2393 et
1678 2341 1938 2410 refugium
1990 2356 2159 2393 meum
2184 2379 2198 2397 ,

2377 2324 2585 2389 Ἕλεός
2624 2340 2736 2391 μου
2758 2363 2772 2385 ,
2806 2323 2905 2376 καὶ
2950 2320 3263 2389 καταφυγή
3295 2337 3447 2387 μου,
3489 2317 3840 2386 ἀντιλήπτωρ

629 2438 844 2505 adjutor
876 2454 1040 2500 meus,
1074 2446 1120 2488 et
1154 2436 1407 2488 liberator
1439 2452 1606 2497 nteus,
1641 2444 1905 2502 protector
1953 2448 2117 2494 utens,
2152 2441 2202 2484 et

2299 2433 2442 2485 μου,
2477 2417 2571 2468 καὶ
2602 2416 2838 2481 ρύστης
2887 2432 3028 2483 μου,
3093 2412 3557 2480 ὺπερασπιστής
3586 2428 3719 2479 μου,
3763 2408 3844 2460 καὶ

628 2530 683 2579 in
716 2530 825 2595 ipso
856 2528 1077 2591 speravi.
1112 2525 1419 2579 Misericors
1446 2527 1612 2588 enim,
1648 2525 1842 2594 inquit,
1877 2533 1980 2589 est,
2006 2535 2055 2577 ct
2083 2538 2202 2591 qua:

2159 2538 2202 2577 π
2304 2511 2398 2565 ἐπ’
2429 2508 2591 2573 αὐτῷ
2621 2508 2878 2576 ἤλπισα.
2908 2505 3190 2577 Ἐλεήμων
3221 2506 3360 2568 ἐστὶ,
3397 2504 3487 2558 καὶ
3517 2504 3583 2556 τὰ
3612 2501 3779 2555 λοιπά.

630 2628 953 2673 sentiuntur.

710 2637 953 2687 |lllltiltlt‘.

705 2710 810 2775 Qui
836 2707 1008 2761 subdit
1041 2708 1286 2777 populum
1319 2724 1486 2761 meum
1512 2707 1606 2761 sub
1634 2724 1731 2763 me.
1760 2706 1947 2777 Neque
1974 2707 2117 2762 enim
2145 2708 2198 2761 in

2387 2692 2440 2744 Ὀ
2491 2690 2860 2746 ὐποτάσσων
2894 2689 3002 2742 τὸν
3028 2689 3181 2743 λαόν
3221 2704 3337 2755 μου
3369 2685 3455 2739 ἐπ’
3485 2683 3601 2752 ἐμέ.
3632 2683 3701 2735 Οὔ
3738 2679 3843 2747 γὰρ

630 2800 744 2855 Sola
784 2802 1128 2853 inimicorum
1174 2799 1519 2866 subiectione
1578 2814 1815 2868 superno
1848 2799 2007 2853 nobis
2058 2815 2199 2865 opus

2305 2786 2363 2837 ἐν
2388 2786 2453 2853 τῇ
2482 2785 2587 2836 τῶν
2623 2782 2835 2853 ἐχθρῶν
2863 2783 3112 2850 ὑποταγῇ
3169 2781 3347 2850 μόνον,
3399 2777 3533 2831 ἀλλὰ
3582 2778 3671 2828 καὶ
3703 2776 3756 2826 ἒν
3784 2776 3842 2842 τῇ

630 2904 711 2944 est
741 2893 967 2953 auxilio,
1002 2891 1096 2946 sed
1124 2890 1289 2945 etiam
1322 2891 1373 2944 in
1407 2891 1675 2953 benevoli,
1708 2902 1868 2959 atque
1905 2891 2066 2947 amici
2104 2906 2201 2959 po.

2306 2877 2415 2929 τῶν
2446 2875 2687 2939 οἰκειῶν,
2724 2874 2928 2942 πολλῆς
2969 2876 3101 2943 ἡμῖν
3132 2873 3231 2942 τῆς
3268 2870 3476 2925 ἄνωθεν
3524 2870 3602 2921 δεῖ
3649 2868 3807 2937 ῥοπῆς
3831 2883 3842 2895 ·

632 2984 740 3052 puli
777 2984 1042 3052 regimine
1073 3002 1086 3036 :
1122 2993 1175 3036 et
1207 2983 1667 3052 quemadmodum
1706 2983 1965 3046 victorian
1992 2998 2113 3050 quae
2133 2982 2199 3036 de

2306 2970 2401 3021 καὶ
2448 2969 2701 3037 καθάπερ
2735 2967 2843 3019 ἀπὸ
2900 2965 3106 3034 ταύτης
3164 2967 3218 3016 αἱ
3268 2964 3415 3015 νίκαι
3471 2961 3577 3013 τῶν
3629 2956 3842 3029 ἐχθρῶν,

633 3075 872 3129 inimicis
899 3085 1181 3145 parantur,
1216 3090 1244 3129 a
1277 3074 1464 3129 divino
1499 3076 1824 3142 proveniunt
1855 3075 2093 3138 auxilio,
2124 3074 2199 3128 ita
2230 3124 2253 3145 ι

1910 3075 2059 3128 ιιιὶιίο
2079 3114 2093 3138 ,
2124 3074 2199 3128 ita
2230 3124 2275 3145 η
2302 3060 2444 3115 οὕτω
2472 3060 2629 3113 πάλιν
2652 3057 2743 3112 καὶ
2771 3059 2827 3111 αί
2858 3060 2965 3111 τῶν
2990 3057 3205 3111 οἰκείων
3233 3054 3527 3124 ύποταγαί.

808 3124 869 3129 .__
899 3124 1181 3145 remum,
1217 3124 1244 3129 τ
2080 3124 2093 3138 ,
2125 3124 2198 3128 --ι

632 3165 794 3218 ctiam
833 3165 1184 3217 faiiiiliarium
1213 3179 1275 3218 ac
1296 3164 1683 3218 benevoloruin
1716 3165 2108 3234 subjectiones.
2229 3124 2275 3186 ο

706 3253 866 3308 Vens.
903 3257 956 3307 5.
995 3255 1236 3320 Domine,
1283 3256 1405 3318 quid
1435 3266 1511 3308 est
1570 3255 1745 3318 homo,
1792 3256 1929 3325 quod
1962 3259 2201 3325 cognitus

2376 3244 2572 3311 Κύριε,
2598 3243 2655 3293 τί
2678 3242 2847 3294 ἐστιν
2871 3239 3202 3308 ἅνθρωπος.
3238 3238 3327 3291 ὅτι
3356 3238 3664 3305 ἐγνώσθης
3680 3234 3846 3299 αὐτῷ;

631 3348 678 3398 ei
704 3348 793 3399 es?
829 3354 919 3397 aut
952 3346 1097 3412 ﬁlius
1126 3344 1371 3408 hominis,
1408 3346 1658 3413 quoniam
1700 3348 1963 3415 reputaris
1997 3348 2060 3399 ab
2104 3350 2204 3403 eo?

2306 3338 2343 3403 ἢ
2364 3337 2485 3400 υίὸς
2512 3334 2847 3401 ἀνθρώπου.
2878 3334 2965 3384 ὅτι
2987 3330 3188 3399 λογίζῃ
3215 3329 3396 3391 αὐτῷ.
3435 3328 3675 3381 Τοιαῦτα
3717 3322 3838 3384 εἷπε.

630 3434 1025 3502 Hujuscemodi
1089 3448 1226 3500 pene
1284 3433 1446 3486 verba
1507 3433 1799 3489 habuimus
1870 3436 1923 3487 in
1996 3435 2202 3504 psalmo

2304 3430 2397 3482 ml.
2428 3430 2484 3481 ὲν
2515 3426 2588 3495 τῷ
2626 3425 2675 3494 η’
2709 3424 2941 3495 ψαλμῷσ
2963 3424 3029 3475 Τί
3059 3426 3206 3475 ἐστιν
3234 3421 3525 3491 ἄνθρωπος
3550 3422 3635 3473 ὅτι
3666 3419 3848 3490 μιμνή-

630 3535 847 3587 ortavo,
886 3524 975 3577 ubi
1008 3523 1404 3591 expositionem
1437 3525 1618 3579 videre
1666 3526 1889 3594 poteris.
1925 3525 2086 3591 Quia,
2116 3525 2200 3579 in-

2308 3537 2410 3589 σκη
2438 3518 2632 3584 αὑτοῦ,
2658 3518 2690 3585 ἢ
2721 3517 2832 3579 υίὸς
2855 3514 3167 3585 ἀνθρώπου,
3202 3515 3282 3567 ὅτι
3322 3514 3638 3583 ὲπισκέπτη
3687 3510 3844 3568 αὑτὸν.

630 3618 768 3686 quit,
811 3617 1023 3669 donasti
1057 3616 1131 3678 ei,
1180 3626 1237 3668 ut
1292 3624 1590 3683 cognoscat
1640 3626 1691 3671 te
1747 3616 1911 3671 Deum
1967 3634 2111 3681 esse,
2150 3626 2204 3672 et

2304 3615 2397 3664 καὶ
2429 3611 2581 3681 ζήτει
2617 3613 2735 3663 ἐκεῖ
2763 3609 2865 3680 τὴν
2889 3609 3150 3678 ἐξήγησιν
3176 3622 3190 3638 ·
3242 3607 3345 3669 ὅτι,
3393 3606 3583 3675 φησὶν,
3633 3602 3845 3673 ἐχαρίσω

632 3708 758 3774 quia
799 3706 1071 3773 reputaris
1102 3704 1169 3758 ab
1201 3720 1289 3768 eo,
1324 3705 1427 3759 hoc
1476 3712 1581 3768 est,
1627 3706 1977 3775 cognosceris
2034 3705 2200 3759 Deum

2302 3701 2465 3754 αὐτὸν
2492 3702 2551 3753 τὸ
2575 3702 2865 3767 γινώσκειν
2900 3716 2957 3751 σε
2981 3699 3139 3750 Θεόν·
3171 3697 3262 3749 καὶ
3307 3697 3387 3747 ὅτι
3444 3693 3637 3763 λογίζη
3679 3693 3809 3759 αὺτῴ
3832 3705 3843 3717 ·

630 3800 776 3852 esse.
816 3797 880 3849 Et
920 3798 1045 3863 quia
1078 3798 1132 3849 in
1172 3796 1599 3866 cogitationibus
1662 3804 1717 3851 et
1748 3798 2202 3852 considerationi-

2303 3796 2421 3865 ἦτοι
2459 3795 2699 3861 γνωρίξη
2738 3791 2886 3861 αὑτῷ
2914 3792 3066 3853 Θεὸς,
3104 3788 3489 3858 ὅτιλογισμοῖς
3532 3786 3698 3840 αὑτοῦ
3738 3787 3848 3837 6m-

631 3888 735 3941 hus
809 3895 972 3955 atque
1029 3887 1083 3940 in
1148 3890 1331 3939 animo
1385 3886 1531 3940 illius
1598 3887 1861 3944 versaris.
1947 3888 2199 3958 Magnum

2301 3886 2525 3948 πίπτεις
2556 3902 2569 3915 ο
2601 3885 2739 3954 μέγα
2765 3886 2874 3953 γὰρ
2910 3881 3064 3935 τοῦτο
3123 3882 3218 3936 καὶ
3279 3880 3417 3950 ὑπὲρ
3456 3877 3554 3949 τὴν
3595 3878 3845 3932 εὐτέλειαν

630 3978 831 4031 etenim
868 3978 970 4031 hoc
1011 3984 1118 4040 est,
1154 3984 1209 4030 et
1240 3991 1403 4045 supra
1459 3976 1713 4030 humana:
1759 3987 1969 4031 naturae
2021 3978 2201 4032 tenui-

1245 3991 1403 4045 supra
1459 3976 1713 4030 humana:
1759 3987 1969 4031 natura:
2021 3978 2201 4032 teuui-
2302 3978 2465 4033 αὐτοῦ
2502 3975 2601 4039 τῆς
2633 3975 2865 4044 φύσεως,

629 4077 817 4119 tatem.
1166 4073 1177 4083 ‘
1252 4064 1255 4065 ⁷

705 4160 866 4213 Vens.
904 4159 955 4211 4.
1006 4157 1178 4212 Homo
1220 4161 1443 4213 vanitati
1476 4159 1667 4213 similis
1712 4159 1887 4227 factus
1940 4169 2035 4213 est.
2090 4161 2201 4215 Hoc

2372 4154 2713 4221 Ἄνθρωπος
2759 4151 3103 4220 ματαιότητι
3144 4148 3426 4217 ὡμοιώθη.
3482 4146 3578 4199 Διά
3625 4147 3683 4198 τὸ
3714 4145 3850 4212 σῶμα

627 4251 761 4305 dicit
794 4258 1014 4320 propter
1046 4254 1294 4320 corporis
1327 4252 1719 4313 inﬁrmitatem,
1754 4260 1806 4305 et
1848 4253 1974 4320 quia
2012 4254 2201 4306 huma-

2300 4250 2448 4317 λέγει
2480 4250 2672 4314 ταῦτα,
2706 4251 2799 4301 καὶ
2848 4248 2906 4301 τὸ
2967 4247 3132 4317 μηδὲν
3172 4246 3279 4297 τῶν
3330 4245 3692 4311 ἀνθρωπίνων
3733 4236 3850 4294 εἶναι

630 4359 760 4397 num
794 4343 925 4395 nihil
967 4351 1050 4397 est
1077 4344 1291 4406 stabile,
1339 4343 1432 4397 sed
1482 4344 1859 4413 corruptibilia
1892 4348 2096 4409 omnia,
2148 4358 2200 4400 et

2304 4342 2566 4409 στάσιμον
2595 4339 2626 4409 ἦ
2660 4338 2880 4406 βέϐαιον
2902 4355 2915 4368 ’
2947 4336 3062 4390 ἀλλ’
3095 4337 3336 4405 ἐπίκηρα
3372 4336 3572 4397 πάντα,
3604 4336 3699 4388 καὶ
3734 4333 3849 4401 ταχὺ

628 4451 749 4503 qua:
782 4436 888 4488 cito
938 4443 1245 4489 transeunt.
1289 4434 1391 4489 Per
1436 4436 1730 4487 vanitatem
1779 4444 1958 4490 autem
2016 4436 2248 4521 inania]

2232 4468 2274 4521 ο
2305 4432 2726 4501 παρερχόμενα·
2775 4428 3072 4497 ματαιότης
3100 4426 3156 4479 δέ
3187 4428 3353 4490 ἐστιν,
3388 4427 3419 4496 ἡ
3445 4426 3673 4494 ἀνόητος
3704 4442 3852 4478 απου-

630 4544 690 4577 ειυ
732 4526 872 4577 fatua
912 4526 1192 4578 hmuiuum
1227 4526 1403 4578 studia
1438 4525 1786 4591 signiﬁcavit.
2236 4520 2241 4521 ⁷

1336 4526 1403 4577 lia
1438 4525 1786 4591 signiﬁcavit.
2236 4520 2241 4521 ⁷
2302 4523 2387 4590 δὴ,
2426 4523 2520 4574 καὶ
2554 4522 2614 4572 τὸ
2648 4520 2956 4589 οὐδαμινόν.

702 4614 826 4666 Dies
862 4615 975 4679 ejus
1006 4615 1141 4666 sicut
1173 4615 1359 4666 umbra
1391 4623 1727 4679 pra'tereunt.
1759 4614 1883 4668 Cito
1922 4626 2172 4684 pertrans

2371 4617 2440 4668 Al
2475 4612 2677 4681 ἡμέραι
2706 4614 2889 4666 αὐτοῦ
2915 4613 3053 4665 ὠσεὲ
3090 4613 3231 4665 σκιὰ
3267 4613 3623 4680 παράγουσι.
3651 4611 3852 4678 Ταχέως

629 4716 782 4762 cunt,
826 4707 1031 4759 umhrze
1086 4706 1279 4768 instar,
1350 4722 1471 4775 quae
1519 4706 1793 4759 modicum
1842 4717 2087 4775 apparet,
2146 4718 2198 4762 rt

2304 4707 2873 4776 παρέρχονται,δίκην
2907 4708 3063 4766 σκιᾶς
3097 4706 3269 4776 βραχύ
3296 4722 3346 4756 τι
3378 4704 3738 4772 φαινομένης,
3774 4704 3851 4753 καὶ

632 4796 847 4846 ιιιιρῑιιι·
878 4810 1001 4849 esse
1032 4803 1084 4849 et
1109 4790 1219 4849 cito
1248 4795 1452 4851 avolat.

2299 4798 2561 4865 δοκούσης
2598 4792 2739 4849 εἷναί
2770 4814 2841 4858 τι,
2875 4796 2969 4849 καὶ
3004 4796 3199 4850 θᾶττον
3224 4795 3634 4863 ἀφιπταμένης.

700 4884 865 4937 Vens.
903 4886 958 4939 5.
1022 4886 1263 4948 Domine,
1327 4888 1527 4939 inclina
1587 4888 1764 4945 ca'los.
1813 4898 1861 4942 et
1924 4890 2195 4953 descende,

2370 4891 2564 4954 Κύριε,
2618 4888 2831 4942 κλῖνον
2870 4889 3183 4955 οὐρανοὺς,
3230 4889 3325 4942 καὶ
3383 4888 3692 4954 κατάϐηθι,
3721 4886 3852 4952 ἅψαι

631 4988 786 5046 longe
841 4987 1062 5042 montes,
1127 4990 1175 5031 et
1237 4980 1591 5049 {uinigabuuu
1650 4983 1813 5050 Atqui
1870 4984 2196 5039 descendere

2299 4978 2414 5033 τῶν
2445 4979 2651 5045 ὀρέων,
2680 4978 2773 5031 καὶ
2806 4980 3347 5047 καπνισθήσονται.
3377 4982 3482 5031 Καὶ
3517 4980 3615 5048 μὲν
3651 4980 3680 5031 6
3713 4978 3851 5036 Θ;ὸς.

629 5067 773 5123 Deus
825 5082 930 5121 non
969 5073 1167 5136 potest,
1228 5083 1349 5119 cum
1402 5070 1599 5135 ubique
1655 5070 1818 5133 adsit,
1874 5084 1925 5123 et
1975 5072 2195 5142 impleat

2298 5073 2359 5125 ού
2392 5072 2711 5124 καταϐαίνει
2740 5088 2751 5101 ⁸
2770 5072 2887 5133 πῶς
2920 5073 3026 5140 γὰρ
3052 5074 3078 5124 6
3106 5071 3380 5141 πανταχοῦ
3406 5071 3621 5142 παρὼν,
3658 5072 3752 5123 καὶ
3795 5068 3850 5118 τὰ

632 5161 885 5213 universa
934 5174 1167 5213 :vcrum
1231 5159 1469 5211 humano
1524 5176 1672 5215 more
1730 5160 1999 5231 Propheta
2054 5180 2197 5217 nunc

2302 5166 2479 5216 πάντα
2517 5164 2781 5234 πληρῶν;
2830 5161 2969 5214 Ἀλλ’
3027 5163 3515 5233 ἁνθρωποπρεπῶς
3567 5162 3852 5229 φθέγγεται

628 5250 1013 5319 hujuscemodi
1076 5250 1304 5319 protulit
1336 5250 1520 5313 verba,
1580 5260 1635 5303 ut
1689 5267 1784 5321 per
1811 5269 1872 5306 ea
1910 5256 2194 5322 (terribilia

2297 5260 2471 5310 ταῦτα
2504 5257 2597 5309 νῦν
2649 5259 2676 5308 6
2712 5256 2894 5319 Δαϐὶδ,
2946 5256 3031 5309 ἴνα
3080 5257 3167 5309 διὰ
3204 5256 3310 5308 τῶν
3356 5257 3607 5325 φοϐερῶν
3664 5256 3850 5308 τούτων

626 5346 775 5396 enim
848 5343 1141 5395 admodum
1198 5342 1475 5411 videntur)
1539 5344 1657 5397 illos
1702 5355 2037 5412 perterrent,
2102 5349 2195 5415 qui

2301 5350 2582 5418 ῥημάτων,
2629 5348 2951 5419 καταπλήξῃ
2994 5349 3117 5410 τοὺς
3163 5349 3733 5418 μεγαλοφρονοῦντας,
3775 5344 3850 5398 vi

632 5450 826 5503 magna
862 5436 1101 5502 sapiunt,
1134 5445 1187 5489 et
1217 5443 1428 5489 tument
1464 5436 1741 5502 superbia,
1780 5445 1947 5506 utque
1980 5453 2197 5491 corum-

2298 5443 2731 5510 φλεγμαίνοντας
2751 5442 2830 5503 εἰς
2852 5440 3130 5503 ἀπόνοιαν,
3162 5439 3257 5492 καὶ
3314 5440 3568 5511 συστείλῃ
3602 5441 3707 5509 τὴν
3733 5438 3848 5489 ἀλα·

628 5527 750 5579 dem
794 5528 1121 5596 comprimat
1174 5530 1558 5583 temeritatem.
1612 5528 1746 5581 Nam
1808 5533 1909 5584 etsi
1978 5544 2196 5603 tangere

2300 5532 2505 5595 ζονείαν
2536 5532 2732 5585 αὐτῶν.
2772 5532 2877 5584 Καὶ
2905 5532 3010 5598 γὰρ
3045 5532 3123 5593 τὸ,
3160 5530 3399 5597 ᾰψασθαι
3431 5533 3522 5582 καὶ
3555 5528 3848 5590 καπνίζειν,

634 5626 845 5670 montes
877 5626 930 5668 et
963 5618 1250 5687 fumigare,
1285 5621 1553 5674 horrenda
1602 5621 1850 5690 qumdam
1908 5624 2197 5679 vidcantur

2300 5626 2345 5674 εἰ
2378 5624 2470 5674 καὶ
2502 5624 2749 5693 φρικτὸν,
2778 5622 2913 5676 ἀλλὰ
2944 5622 3078 5675 πολὺ
3103 5623 3199 5692 τῆς
3224 5621 3318 5674 τοῦ
3339 5622 3474 5674 Θεοῦ
3504 5622 3667 5685 ἀξίας
3699 5635 3849 5671 xam-

638 5708 822 5769 verba,
859 5707 1119 5764 inferiora
1161 5718 1339 5766 tamen
1377 5721 1526 5778 sunt,
1580 5727 1643 5768 ac
1695 5714 1849 5770 valde
1902 5716 2110 5771 distant
2163 5732 2191 5769 a

2298 5715 2599 5784 δεέστερον.
2634 5716 2800 5782 Λέγει
2831 5715 3038 5769 τοίνυν·
3099 5715 3232 5770 Τότε
3276 5713 3545 5784 κατάϐηθι
3590 5713 3687 5767 καὶ
3730 5710 3851 5778 5'12”-
