4102 6206
297 255 436 319 1285

1448 250 1833 315 COMMENT.
1876 251 1959 311 IN
2002 252 2360 315 PSALMOS.

3406 254 3546 320 1‘286

290 371 397 420 τῶν
425 368 623 438 (ἱρέων,
649 368 735 420 ἵνα
765 367 1002 438 κολάσῃς
1043 365 1170 430 τοὺς
1204 365 1276 435 μὴ
1327 365 1670 432 συνορῶντας
1720 362 1866 414 οἴκο·

1975 361 2151 440 divina
2179 361 2464 429 dignitate.
2499 361 2590 415 Ait
2625 362 2794 433 igitur
2826 382 2839 417 :
2870 360 3168 428 Descende,
3226 378 3434 433 quaesti,
3500 374 3553 420 ct

293 461 384 514 θεν
411 459 474 514 τὸ
492 463 592 529 τῆς
626 459 978 530 ἀνθρωπίνης
1001 457 1217 526 φύσεως
1253 457 1496 520 εὐτελὲς,
1526 455 1622 508 καὶ
1675 454 1869 523 ἐπίκηο

299 569 412 621 ρον,
452 551 588 620 μηδὲ
626 550 1137 620 σωφρονιζομένους
1172 548 1447 611 ἐντεῦθεν,
1473 547 1609 614 ἀλλά
1638 545 1865 598 τούναν-

293 644 410 696 τίον
439 642 840 713 διακειμένους.
867 643 976 696 Καὶ
997 643 1103 714 γὰρ
1134 645 1192 696 ὲν
1218 643 1298 712 τῷ
1327 643 1454 712 Σινᾷ
1486 639 1651 694 πάλαι
1681 639 1866 692 τοιαῦο

291 751 361 788 τα
391 733 622 803 δείματα
667 735 956 803 γενόμενα,
1003 735 1096 788 τὸν
1139 735 1268 788 λαὸν
1325 735 1406 796 είς
1467 733 1631 803 φόϐον
1692 731 1865 801 μέγαν

295 822 573 885 ὲνέὸαλον,
609 824 702 876 καὶ
736 824 1178 894 σωφρονέστερον
1208 822 1640 889 ἀπειργάσαντο.

368 1091 727 1160 Ἀστραψον
760 1093 1098 1162 ἀστραπὴν,
1140 1095 1236 1147 καὶ
1262 1094 1569 1162 σκορπιεῖς
1620 1092 1862 1157 αὐτοὺς,

272 1183 736 1246 .ἐξαπόστειλον
782 1187 852 1240 τὰ
897 1187 1054 1252 βέλη
1107 1201 1225 1241 σου
1253 1226 1266 1250 ,
1316 1187 1413 1240 καὶ
1467 1185 1864 1254 συνταράξεις

295 1275 542 1337 αὐτούς.
575 1276 890 1343 Ἀστραπὴν
921 1275 1173 1340 ἐνταῦθα,
1214 1278 1307 1329 καὶ
1335 1276 1486 1346 βέλη,
1515 1278 1613 1338 τὰς
1665 1277 1864 1342 θεηλά-

294 1382 418 1429 τους
449 1369 720 1436 τιμωρίας
748 1369 926 1431 καλεῖ,
962 1365 1096 1432 οἷον,
1125 1368 1343 1437 λιμοὺς,
1377 1369 1624 1438 λοιμοὺς,
1651 1369 1742 1421 καὶ
1797 1368 1864 1422 τὰ

293 1459 538 1522 τοιαῦτα,
572 1458 667 1512 καὶ
695 1461 802 1513 ἀπὸ
827 1459 935 1513 τῶν
963 1461 1258 1532 γνωρίμων
1291 1463 1385 1514 καὶ
1447 1460 1714 1531 φοϐερῶν,
1773 1461 1864 1514 τὸν

293 1551 717 1619 καταφρονητὴν
752 1551 846 1602 καὶ
880 1552 1322 1606 ἀναπεπτωκότα
1351 1551 1580 1620 τρέμειν
1632 1552 1726 1604 καὶ
1758 1551 1860 1603 διε.

293 1639 577 1710 γεῐρεσοαι
612 1641 806 1694 ποιῶν.
827 1640 1096 1695 Νοοῦνται
1125 1643 1181 1695 δὲ
1207 1643 1273 1696 τὰ
1300 1643 1555 1714 ρηθέντα,
1603 1643 1697 1697 καὶ
1735 1643 1864 1713 περὶ

1977 461 2140 522 tange
2172 461 2407 516 montes,
2441 462 2503 508 ut
2530 469 2625 509 eos
2653 457 2877 525 punias,
2912 455 3007 524 qui
3041 455 3299 510 humanae
3343 468 3556 510 natura:

1975 542 2416 598 imbecillitatem
2450 559 2516 598 ex
2551 560 2611 600 se
2641 545 2779 615 ipsis
2809 560 2916 600 non
2971 553 3226 610 cernunt,
3273 555 3327 600 et
3380 549 3554 602 nihilo

1973 636 2344 704 sapientiores
2403 637 2562 703 ﬁunt,
2621 638 2873 708 quinimo
2928 647 3120 694 contra
3175 639 3359 707 potius
3411 639 3556 694 desi-

1973 726 2152 794 piunt.
2215 725 2274 781 in
2335 737 2521 782 monte
2550 727 2752 782 etenim
2791 727 2922 783 Sina
2985 729 3117 781 olim
3169 727 3553 797 hujuscemodi

1973 825 2216 870 terrores
2275 817 2402 871 lacti
2445 825 2605 883 sunt;
2647 819 2790 873 unde
2825 821 3060 888 populus
3105 835 3302 889 magno
3359 821 3558 874 timore

1969 907 2202 962 alTectns
2275 919 2396 974 est,
2449 911 2880 981 castigatiorque
2935 927 2998 966 ac
3041 911 3376 966 moderatior
3435 913 3558 967 red-

1971 1001 2142 1055 ditus.

2043 1091 2209 1147 Vens.
2243 1092 2295 1147 6.
2333 1092 2575 1163 Fulgura
2607 1093 3025 1165 {ulguratiouem
3062 1103 3113 1148 et
3139 1093 3412 1164 disperdes
3447 1111 3553 1158 eos,

1970 1184 2117 1236 mitte
2147 1186 2374 1253 sagittas
2404 1195 2524 1239 tuas
2556 1195 2604 1240 et
2641 1185 2981 1239 conturbabis
3022 1202 3127 1239 eos.
3164 1185 3266 1239 Per
3299 1186 3544 1255 fulgura-

1972 1281 2174 1330 tionem
2205 1286 2258 1329 et
2293 1279 2547 1345 sagittas,
2588 1277 2798 1346 ﬂagella
2853 1293 2917 1332 ac
2962 1277 3232 1347 supplicia
3297 1279 3555 1348 appellat,

1975 1369 2140 1423 veluti
2198 1370 2418 1432 famem,
2482 1381 2713 1440 pestem,
2775 1380 2830 1426 ct
2885 1372 2990 1424 alia
3052 1371 3389 1439 hujusmodi.
3448 1371 3557 1423 No-

1975 1460 2209 1514 tioribus
2241 1461 2410 1526 enim,
2459 1471 2512 1514 et
2543 1463 2882 1517 terribilibus
2934 1463 3084 1517 hisce
3132 1462 3414 1516 vocabulis
3463 1478 3553 1514 re-

1973 1553 2232 1620 supinum
2303 1560 2360 1606 et
2411 1560 2846 1623 contemptorem
2911 1553 3232 1618 hominem,
3283 1553 3451 1607 veluti
3524 1566 3555 1604 a

1974 1658 2170 1697 somno
2205 1643 2472 1710 excitans,
2507 1661 2808 1714 exsurgere
2838 1661 2962 1700 cum
3014 1644 3163 1708 facit,
3199 1654 3253 1699 et
3293 1653 3551 1698 tremere.

295 1735 393 1802 τῆς
426 1734 648 1804 πρώτης
694 1734 788 1787 τοῦ
833 1736 1086 1805 Σωτῆρος
1137 1710 1451 1807 ἐπιδημίας.
1505 1736 1616 1791 Καὶ
1656 1739 1765 1808 γὰρ
1809 1710 1869 1792 εν

1975 1731 2213 1788 Possunt
2266 1735 2427 1788 etiam
2489 1735 2606 1789 haec
2660 1710 2826 1790 verba
2879 1735 2948 1791 de
3019 1733 3195 1802 primo
3252 1733 3558 1788 Salvatoris

295 1828 372 1897 τῷ
415 1830 480 1890 ις’
531 1827 841 1898 γέγραπται
894 1829 1120 1898 ψαλμῷ,
1183 1832 1311 1900 περὶ
1365 1831 1465 1900 μὲν
1495 1831 1593 1900 τῆς
1639 1831 1870 1894 κλίσεως

296 1916 392 1970 τοῦ
427 1918 682 1986 οὐρανοῦ,
712 1919 794 1971 ὅτι
833 1921 1114 1974 Ἕκλινεν
1163 1920 1462 1987 οὐρανοὺς
1497 1923 1594 1976 καὶ
1631 1922 1866 1989 κατέϐη.

299 2012 434 2078 Περὶ
473 2011 529 2062 δὲ
580 2010 687 2063 τῶν
710 2010 904 2080 ὀρέων,
929 2014 1023 2064 καὶ
1044 2011 1139 2065 τοῦ
1169 2012 1404 2076 καπνοῦ,
1429 2013 1510 2066 ὅτι
1541 2014 1638 2065 καὶ
1662 2014 1728 2065 τὰ
1766 2015 1868 2066 Θε-

291 2100 473 2172 μέλια
506 2099 623 2153 τῶν
657 2102 842 2169 ὀρέων
899 2102 1343 2171 ἐταράχθησαν,
1397 2103 1490 2155 καὶ
1537 2103 1620 2156 ὃτι
1674 2101 1869 2169 Ἀνέϐη

298 2193 531 2258 καπνὸς
569 2194 639 2246 ἐν
695 2193 844 2262 ὀργῆ
899 2195 1106 2249 αὐτοῦ.
1171 2196 1305 2264 Περὶ
1358 2195 1414 2248 δὲ
1445 2195 1544 2266 τῆς
1579 2193 1871 2264 ἀστραπῆς

299 2285 395 2336 καὶ
428 2283 534 2334 τῶν
567 2283 754 2352 βελῶν,
780 2284 862 2336 ὅτι
899 2284 1314 2347 Ἐξαπέστειλε
1329 2285 1508 2353 βέλη,
1533 2285 1630 2338 καὶ
1653 2285 1870 2352 ἐσκόρ-

299 2390 482 2428 πισεν
542 2376 795 2438 αὐτούς’
853 2376 950 2430 καὶ
1009 2377 1322 2444 ἀστραπὰς
1373 2375 1710 2445 ἐπλήθυνε,
1773 2377 1870 2430 καὶ

298 2465 714 2534 συνετάραξεν
741 2467 963 2532 αὐτούς
985 2482 998 2496 ⁸
1033 2468 1130 2520 καὶ
1162 2467 1436 2534 ἀνάγνωθι
1463 2468 1561 2530 τὰς
1584 2467 1872 2536 ἐξηγήσεις

297 2556 408 2608 τῶν
441 2557 704 2608 τοιούτων
733 2559 915 2628 ῥητῶν
952 2573 965 2586 ·
1002 2559 1102 2611 οὐκ
1135 2560 1241 2612 ἀπὸ
1271 2559 1326 2611 δὲ
1356 2558 1584 2621 σκοποῦ,
1621 2559 1714 2609 καὶ
1742 2557 1872 2624 περὶ

295 2649 394 2714 τῆς
424 2646 683 2717 δευτέρας
713 2647 808 2700 τοῦ
849 2648 1088 2718 Χριστοῦ
1150 2649 1472 2718 παρουσίας,
1515 2649 1584 2702 τὰ
1626 2650 1875 2720 προρρη-

300 2738 460 2790 θέντα
490 2741 650 2790 νοεῖν.

371 2831 838 2896 Ἐξαπόστειλον
870 2832 985 2900 τὴν
1015 2831 1180 2901 χεῷά
1212 2848 1328 2886 σου
1361 2832 1431 2896 ἐξ
1475 2832 1697 2901 ὕψους.
1759 2834 1873 2904 Τὴν

307 2925 714 2996 ἀντιληπτικὴν
769 2942 863 2977 σου
895 2926 1160 2995 δύναμιν,
1193 2925 1291 2996 τὴν
1358 2928 1714 2998 συμμαχικήν
1774 2945 1870 2981 σου

297 3018 572 3089 βοήθειαν.

382 3109 634 3174 Ἐξελοῦ
659 3126 736 3178 με
762 3108 859 3162 καὶ
882 3108 1070 3176 ῥῦσαί
1111 3126 1189 3179 με
1211 3109 1279 3174 ἐξ
1321 3109 1555 3164 ὑδάτων
1601 3109 1867 3164 πολλῶν.

299 3203 508 3254 "nam
538 3202 686 3269 λέγει
717 3202 844 3264 τοὺς
909 3201 1226 3270 πολεμίους,
1264 3201 1422 3270 δίκην
1473 3200 1680 3253 ὑδάτων
1742 3217 1900 3268 σφοο-

295 3293 437 3360 δρῶς
489 3294 584 3345 καὶ
649 3294 900 3354 ἀτάκτως
935 3293 1030 3346 καὶ
1092 3293 1230 3360 μετὰ
1273 3291 1455 3360 ῥύμης
1512 3291 1867 3360 φερομένους.

300 3382 396 3435 καὶ
421 3383 481 3434 τὸ
513 3383 818 3453 προστυχὸν
852 3382 1290 3452 παρασύροντες.
1325 3382 1628 3450 ’Λνάγνωοι
1686 3381 1742 3438 δὲ
1778 3380 1871 3434 καὶ

299 3473 358 3524 ὲν
387 3471 465 3540 τῷ
507 3470 586 3542 ξη’
621 3471 842 3542 ψαλμῷ,
873 3471 972 3541 τὴν
1005 3469 1269 3540 ἐξήγησιν
1293 3472 1508 3526 τούτου.

369 3645 472 3700 Ἐκ
506 3648 706 3715 χειρὸς
731 3643 878 3699 υἱῶν
930 3644 1286 3712 ἀλλοτρίων.
1319 3644 1654 3716 Ἀνορώπων
1707 3645 1870 3698 ἀλλοο

298 3739 466 3806 τρίων
498 3757 622 3808 μου,
657 3738 689 3810 ἥ
718 3735 1014 3810 ἀλλοτρίων
1045 3737 1200 3804 Θεοῦ,
1250 3737 1336 3792 διὰ
1379 3737 1479 3802 τὰς
1535 3737 1874 3809 παρανομίας

301 3849 500 3888 αυτων.

370 4006 486 4066 Ὧν
513 4015 577 4066 τὸ
603 4013 800 4082 στόμα
821 4011 1092 4079 ἐλάλησε
1109 4012 1501 4080 ματαιότητα.
1546 4011 1753 4076 Ψεῦδος
1779 4014 1874 4067 καὶ

297 4105 490 4172 λόγους
514 4105 832 4172 ἀνωφελεῖς,
863 4104 942 4156 ἔτι
969 4105 1026 4157 δὲ
1057 4105 1154 4157 καὶ
1183 4103 1502 4174 βλαϐερούς.
1837 4109 1844 4117 ’

371 4199 480 4254 Καὶ
520 4199 551 4264 ii
574 4197 741 4260 δεξιὰ
768 4195 985 4256 αὐτῶν,
1020 4193 1186 4259 δεξιὰ
1223 4194 1481 4260 ἀδικίας.
1523 4189 1644 4258 Ὧν,
1687 4196 1873 4267 φησιν,

299 4295 391 4345 καὶ
414 4291 482 4343 τὰ
511 4290 644 4361 ἔργα
670 4288 901 4358 πονηρὰ,
932 4289 1025 4340 καὶ
1061 4289 1110 4340 oi
1138 4288 1286 4355 λόγοι
1324 4288 1593 4342 κάκιστοι.

383 4385 446 4437 '0
482 4386 646 4447 Get‘q,
683 4381 854 4448 ᾠδὴν
885 4379 1102 4444 καινὴν
1127 4378 1350 4448 ᾷσομαί
1374 4395 1494 4433 σοι.
1531 4379 1871 4449 Εὐχαριστήυ
1905 4369 1950 4427 1)

305 4494 436 4547 ριον.
465 4477 677 4544 Ὠσπερ
701 4474 808 4542 γὰρ
849 4474 877 4525 ὀ
901 4471 1153 4542 βασιλεὺς
1191 4471 1299 4524 ἀπὸ
1341 4472 1436 4524 τοῦ
1483 4471 1872 4542 εὑεργετηθένο

297 4585 385 4628 τος
419 4567 648 4634 πένητος
689 4565 842 4617 οὐδὲν
867 4563 1052 4634 ἕτερον
1080 4563 1349 4632 ἐπιζητεῖ,
1383 4562 1416 4633 ἢ
1464 4563 1625 4633 μόνον
1660 4563 1870 4631 εὐγνω-

305 4658 542 4727 μοσύνην
568 4657 662 4709 γαὶ
687 4657 982 4726 εὐφημίαν,
1016 4655 1158 4708 οὕτω
1195 4656 1290 4710 καὶ
1318 4657 1344 4708 ὁ
1369 4655 1522 4718 Θεός.
1566 4654 1704 4709 Ἀλλ’
1732 4657 1874 4709 ἐκεί-

302 4767 388 4810 νος
433 4751 550 4819 μὲν,
590 4749 675 4801 ἵνα
697 4746 1074 4818 χαλεπώτερος
1106 4747 1218 4815 (55)
1247 4745 1492 4815 γένηται,
1523 4747 1551 4798 ὁ
1607 4746 1662 4799 δὲ
1717 4746 1870 4809 Θεὸς,

303 4843 392 4894 ἵνα
458 4841 839 4910 λαμπρότερον
900 4841 1101 4911 ποιήσῃ
1161 4835 1257 4907 τὴν
1318 4837 1666 4908 εὐχαριστίαν
1723 4837 1874 4907 αὐτῷ

307 4953 346 4987 π
352 4937 610 5004 ροσάγοντ
621 4955 669 4989 1.

379 5115 477 5168 Ἐν
500 5114 809 5183 ψαλτηρίῳ
836 5109 1176 5178 δεκαχόρὸῳ
1206 5107 1381 5177 ψαλῶ
1409 5121 1529 5161 σοι.
1578 5105 1752 5160 Πάλαι
1778 5107 1877 5177 μὲν

307 5207 374 5260 δι’
408 5207 654 5277 ὀργάνων
699 5204 956 5257 τοιούτων
995 5201 1183 5272 ᾔδοντο
1219 5199 1338 5268 θεῴ
1383 5201 1432 5253 οἱ
1476 5197 1682 5268 ψαλμοί
1709 5216 1723 5231 ο
1781 5199 1878 5252 νῦν

307 5299 360 5351 δὲ
391 5297 689 5369 ψαλτήριον
722 5293 1067 5366 δεκάχορδον,
1101 5294 1208 5356 πᾶς
1235 5293 1542 5362 ἄνθρωπος,
1596 5292 1737 5345 κατὰ
1783 5293 1881 5357 τάς

1972 1824 2207 1878 adventu
2267 1825 2519 1894 intelligi.
2559 1825 2692 1879 Nam
2725 1836 2779 1880 et
2823 1828 2876 1880 in
2931 1827 3140 1895 psalmo
3199 1841 3308 1879 xvn
3353 1827 3422 1878 de
3451 1825 3555 1886 Vin-

1973 1915 2274 1968 clinatione
2349 1915 2471 1970 cmli
2548 1916 2812 1984 scriptum
2887 1916 3116 1984 legimus
3185 1932 3199 1968 :
3262 1915 3549 1968 Incliuarit

1972 2007 2150 2072 caelos,
2201 2018 2249 2061 et
2289 2008 2577 2062 descendit.
2629 2007 2893 2062 Similiter
2941 2007 3007 2061 de
3047 2007 3320 2060 montibus
3374 2016 3428 2061 et
3477 2008 3547 2062 de

1973 2100 2159 2164 fumo,
2211 2099 2357 2169 quod
2409 2100 2756 2170 fundamenta
2811 2099 3068 2152 montium
3134 2099 3348 2152 turbata
3404 2107 3550 2160 sunt,

1971 2198 2025 2244 ct
2057 2191 2198 2260 quod
2265 2191 2500 2245 ascendit
2553 2194 2731 2259 Iunius
2784 2191 2837 2243 in
2885 2191 2968 2243 ira
3015 2190 3150 2258 ejus.
3207 2190 3280 2244 De
3334 2188 3551 2259 fulgure

1972 2283 2136 2336 etiam
2181 2292 2234 2336 et
2282 2283 2349 2338 tle
2404 2283 2641 2353 sagittis,
2691 2283 2834 2350 quod
2893 2281 3047 2337 Misit
3109 2285 3337 2353 sagittas
3397 2298 3546 2347 suas,

1972 2383 2020 2428 et
2076 2375 2349 2442 dissipavit
2407 2391 2518 2437 eos,
2581 2374 2796 2445 fulgura
2863 2373 3256 2441 multiplicauit,
3311 2384 3359 2426 et
3423 2390 3549 2426 con-

1975 2466 2203 2518 turbavit
2245 2481 2368 2527 eos;
2401 2466 2490 2519 ubi
2524 2466 2644 2519 vide
2673 2482 2792 2534 quze
2841 2465 3174 2533 exponendo
3217 2463 3360 2517 dicta
3399 2473 3550 2517 sunt.

1974 2554 2086 2608 Nec
2118 2566 2298 2610 tamen
2336 2557 2432 2609 abs
2453 2573 2510 2610 re
2558 2555 2742 2618 fuerit,
2779 2557 2969 2610 eadem
3013 2556 3128 2609 haec
3168 2555 3325 2610 verba
3367 2555 3433 2609 de
3468 2571 3556 2610 sco

1973 2646 2156 2701 eundo
2182 2647 2386 2703 Christi
2418 2649 2653 2702 adventu
2690 2647 3018 2717 intelligere.

2047 2820 2217 2877 Vens.
2266 2822 2320 2876 7.
2374 2825 2570 2876 Emitte
2628 2841 2838 2876 manum
2900 2833 3044 2876 tuam
3093 2839 3156 2877 ex
3187 2824 3320 2878 alto.
3376 2823 3547 2880 Tuam

1975 2913 2188 2968 scilicet
2213 2914 2504 2982 atljutandi
2542 2918 2858 2983 potentiam.

2047 3091 2208 3159 Eripe
2251 3107 2349 3155 me,
2401 3103 2450 3145 et
2500 3091 2663 3145 libera
2715 3109 2794 3146 nte
2867 3092 2931 3147 de
2983 3094 3135 3163 aquis
3187 3093 3389 3147 multis.
3447 3090 3553 3146 Per

1976 3197 2150 3252 aquas
2183 3185 2492 3253 allegorice
2553 3185 2760 3239 inimici
2818 3185 3224 3256 intelliguntur,
3279 3203 3345 3242 eo
3400 3187 3548 3257 quod

1974 3288 2264 3341 aquarum,
2325 3288 2420 3330 seu
2465 3274 2726 3328 torrentis
2787 3274 2982 3338 instar,
3031 3277 3202 3330 multo
3256 3293 3380 3331 cum
3443 3280 3550 3334 im-

1974 3374 2123 3434 petu,
2155 3380 2216 3418 ac
2253 3365 2616 3426 vehementia,
2646 3377 2699 3419 et
2747 3365 2900 3421 nullo
2947 3367 3139 3423 ordine
3177 3368 3443 3436 ferantur,
3497 3383 3552 3427 et

1975 3458 2338 3525 quodcunque
2407 3458 2628 3511 obvium
2696 3465 2820 3522 est,
2889 3462 3238 3528 pertrahant.
3302 3461 3437 3518 Vide
3497 3466 3554 3518 in

1975 3548 2184 3616 panituo
2220 3563 2388 3600 vant
2423 3549 2822 3616 expositionem
2859 3552 3019 3618 primi
3050 3554 3330 3608 versiculi.

2048 3637 2123 3690 De
2147 3654 2304 3692 manu
2331 3638 2566 3706 ﬁliorum
2611 3641 2926 3694 alienarunt.
2974 3642 3086 3696 Hoc
3119 3653 3224 3710 est,
3265 3647 3332 3700 de
3387 3664 3552 3702 manu

1976 3730 2280 3792 hominum,
2340 3731 2429 3797 qui
2484 3747 2513 3783 a
2568 3746 2652 3782 me
2686 3731 2847 3783 alieni
2897 3742 3050 3797 sunt,
3083 3735 3166 3788 vel
3221 3739 3312 3803 qui
3373 3753 3402 3791 a
3443 3739 3554 3792 Deo

1976 3824 2138 3876 alieni
2201 3830 2364 3884 sunt,
2439 3835 2660 3891 propter
2744 3837 2958 3877 summa
3027 3825 3291 3881 nimirum
3357 3843 3551 3888 eorum

1975 3916 2205 3970 scelera.
3503 3903 3508 3906 ’

2047 4006 2211 4063 Vens.
2251 4008 2305 4063 8.
2345 4007 2584 4075 Quorum
2616 4027 2673 4063 as
2710 4012 2946 4066 locutum
2983 4024 3063 4068 est
3091 4017 3370 4071 vanitates.
3405 4017 3553 4072 Men-

1976 4103 2127 4156 tlacia
2171 4101 2406 4163 scilicet,
2439 4111 2604 4170 atque
2656 4103 2884 4158 inutiles
2931 4114 2985 4158 et
3026 4107 3218 4161 noxios
3249 4124 3552 4173 sermores,

2051 4193 2117 4245 Et
2164 4195 2381 4246 dextera
2423 4209 2604 4246 eorum
2657 4185 2876 4250 dextera
2930 4197 3228 4265 iujustitiaz.
3280 4201 3549 4268 Quorum,

1980 4287 2176 4351 inquit,
2208 4297 2258 4340 et
2287 4301 2568 4340 sermones
2621 4287 2747 4340 mali
2789 4297 2939 4352 sunt,
2989 4299 3041 4342 et
3081 4306 3244 4358 opera
3285 4294 3548 4361 pessima.

2052 4377 2217 4433 Vens.
2251 4377 2305 4432 9.
2339 4377 2510 4441 Deus,
2554 4380 2816 4431 canticum
2855 4396 3039 4434 nat-um
3067 4383 3294 4435 cantabo
3328 4384 3442 4438 tibi.
3495 4385 3554 4442 lu

1980 4471 2278 4542 gratiarum
2311 4471 2519 4525 scilicet
2570 4470 2860 4525 actionem.
2915 4472 3050 4526 Nam
3093 4477 3554 4541 quemadmodum

1981 4581 2072 4620 rex
2120 4580 2148 4616 a
2202 4579 2460 4634 paupere,
2518 4580 2678 4633 quem
2744 4565 3027 4620 beneﬁciis
3092 4567 3362 4634 alleccrit,
3421 4570 3557 4626 nihil

1982 4657 2127 4710 aliud
2163 4659 2355 4723 quzeril
2388 4671 2549 4723 quam
2613 4663 2827 4725 gratum
2864 4657 3134 4726 animum,
3185 4668 3239 4713 et
3293 4661 3505 4715 laudem
3540 4682 3554 4723 :

1983 4747 2054 4800 ita
2087 4747 2252 4800 etiam
2290 4745 2433 4801 Deus
2485 4761 2512 4797 a
2547 4746 2708 4800 nobis
2742 4748 2875 4800 nihil
2929 4750 3076 4802 aliud
3119 4753 3317 4819 poscit.
3355 4751 3554 4808 Vcrunt

1983 4839 2074 4892 ille
2129 4837 2318 4890 laudes
2379 4836 2592 4904 quierit,
2665 4845 2722 4890 ut
2780 4839 2964 4894 clatus
3025 4856 3090 4895 ac
3157 4843 3386 4896 celebris
3443 4848 3554 4908 tiat,

1984 4930 2128 4984 Deus
2162 4943 2312 4992 vero,
2344 4939 2402 4982 ut
2434 4927 2725 4982 clariorem
2757 4944 2884 4984 eum
2918 4933 3141 4998 reddat,
3175 4936 3265 5004 qui
3302 4932 3561 5000 hujusce.

1984 5021 2131 5076 modi
2162 5019 2353 5075 laudes
2382 5020 2666 5074 obtulerit.

2055 5110 2117 5165 In
2148 5109 2402 5175 psalterio
2426 5110 2756 5164 decue/tardo
2783 5113 3015 5181 psallam
3045 5113 3164 5168 tibi.
3191 5112 3330 5166 Olim
3357 5112 3552 5182 psalmi

1987 5200 2365 5269 hujuscemodi
2399 5203 2622 5272 organis
2656 5204 2763 5259 Deo
2800 5207 3166 5268 canebantur,
3202 5221 3350 5259 nunc
3383 5205 3556 5259 ﬁdelis

1987 5294 2220 5365 quilibet
2251 5302 2384 5350 tunc
2411 5295 2628 5352 deruunt
2661 5299 2985 5369 psalterium
3029 5296 3432 5353 decachordum
3472 5298 3558 5352 et.

1642 5473 1837 5536 Varia:
1893 5471 2228 5539 lectiones.

381 5608 492 5674 ('55)
528 5608 714 5662 Graece
757 5607 1157 5679 χαλιπώτερος,
1235 5621 1395 5679 sensu
1429 5619 1535 5679 non
1602 5604 1738 5679 satis
1813 5606 2142 5671 commodo;
2205 5609 2370 5678 hujus
2436 5615 2617 5661 tamen
2691 5602 2947 5660 dictionis
3016 5606 3121 5661 vim
3185 5604 3406 5675 propius
3476 5612 3555 5658 at-

314 5675 498 5747 tigisse
534 5675 824 5748 interpres,
862 5675 1118 5736 vertendo
1156 5686 1211 5733 ut
1241 5676 1361 5732 inde
1393 5677 1583 5731 elatior
1613 5676 1728 5743 ﬁat.
