4032 6238
484 177 618 240 ιξδτ
1695 169 2081 230 EUTHYMII
2099 168 2474 230 ZIGABENI
3617 162 3792 233 1288

485 295 691 353 ficitur,
748 290 794 345 si
854 290 1099 360 quinque
1145 287 1394 358 corporis
1435 301 1655 353 sensus,
1705 296 1759 342 et
1813 289 2058 369 quinque

2180 289 2323 340 πέντε
2354 286 2450 340 τοῦ
2491 285 2742 357 σώματος
2771 285 3074 357 αἰσθήσεις,
3117 286 3209 340 καὶ
3250 286 3346 350 τὰς
3374 287 3562 341 πέντε
3598 287 3798 339 δυνά-

485 384 653 439 animi
687 382 978 453 potentias,
1012 383 1068 435 in
1110 396 1170 437 se
1212 392 1339 450 apte
1387 389 1552 451 atque
1615 381 1888 436 concinne
1940 381 2056 437 dis-

2180 396 2285 442 ιεις
2345 379 2447 449 τῆς
2496 379 2696 448 ψυχῆς.
2746 380 2913 431 ’Ὅταν
2947 375 3039 432 οὖν
3076 381 3104 432 ὁ
3157 378 3256 448 μὲν
3284 377 3594 448 ὀφθαλμὸς
3635 377 3799 445 ὀρθὰ

483 478 695 546 positas
761 474 1032 528 habuerit.
1103 473 1332 539 Quoties
1395 473 1560 544 igitur
1628 472 1825 526 oculus
1903 482 2054 527 recta

2180 472 2354 542 ιλέπῃ,
2385 474 2417 542 ἡ
2456 471 2514 525 δὲ
2555 472 2693 541 ἀκοὴ
2729 471 3130 540 πνευματικοὺς
3187 471 3465 540 ὲνηχεῖται
3525 470 3796 535 λόγους,

485 567 656 627 videt,
687 575 740 619 et
770 566 917 619 auris
951 565 1336 635 spiritualibus
1362 580 1610 635 superne
1648 564 1879 619 intendit
1905 565 2057 618 voci-

2180 567 2254 617 ια).
2283 563 2490 632 ἑκάστη
2550 565 2673 626 τῶν,
2704 564 3016 633 εἰρημένων
3060 562 3371 633 αἰσθήσεων
3425 565 3531 616 καὶ
3600 562 3799 615 δυνά-

483 658 621 722 bus,
685 665 739 710 et
795 657 990 726 reliqui
1056 672 1248 712 omnes
1313 671 1377 709 ac
1442 655 1640 726 singuli
1695 671 1934 718 sensus,
1995 665 2052 710 et

2180 673 2327 718 ιεων,
2360 655 2664 724 ἀμέμπτως
2691 655 2787 708 καὶ
2819 654 3081 723 θεοφιλῶς
3104 656 3302 724 ἐνεργῇ
3335 655 3401 708 τὰ
3427 656 3791 725 πρέποντα,

486 747 745 816 potentia:
799 747 1074 816 praedictzc
1138 747 1718 817 irreprehensibiliter,
1773 755 1829 800 et
1892 747 2056 817 digne

2180 750 2277 801 τότε
2305 748 2393 800 διὰ
2420 748 2528 800 τῶν
2555 748 2686 800 δέκα
2719 747 2947 812 τούτων,
3007 747 3082 811 ὡς
3147 749 3278 801 δέκα
3323 749 3582 818 χορδαῖς,
3651 747 3795 818 ᾄδει

488 838 622 901 Deo,
677 839 729 892 id
783 850 1108 908 operantur,
1163 840 1307 910 quod
1348 841 1504 894 decet
1546 856 1558 892 :
1600 849 1729 893 tunc
1784 839 1836 892 in
1891 840 2056 893 deca-

486 931 694 986 rhordo
731 934 994 1001 psalterio
1041 932 1147 985 Deo
1181 934 1454 995 canimus,
1509 933 1668 1002 eique
1703 932 1908 1002 gratias
1936 933 2054 1004 agi-

488 1037 628 1084 mus,
663 1034 713 1076 et
752 1023 900 1077 illius
935 1038 1131 1076 nomen
1164 1022 1558 1090 gloriﬁcamus.

555 1111 724 1167 Vens.
758 1113 842 1167 10.
879 1113 978 1177 Qui
1013 1114 1108 1166 das
1140 1113 1366 1166 salutem
1401 1113 1630 1183 regibus.
1679 1111 1867 1182 Neque
1909 1112 2054 1167 enim

480 1203 778 1264 exercitus,
829 1215 922 1256 aut
970 1203 1220 1256 lmmanae
1257 1204 1417 1264 vires.
1466 1204 1681 1258 salvare
1723 1218 1818 1258 eos
1852 1205 2054 1268 solent,

483 1293 575 1345 sed
611 1293 700 1347 Dei
731 1297 989 1364 potentia.

565 1391 669 1456 Qui
727 1391 940 1445 redimis
976 1391 1149 1445 David
1189 1407 1394 1444 servum
1427 1397 1576 1443 tuum
1613 1389 1678 1444 de
1717 1390 1899 1461 gladio
1937 1409 2057 1445 nta-

483 1489 645 1554 ligno.
695 1483 769 1538 Ex
813 1484 965 1555 gravi
1008 1486 1220 1539 scilicet
1272 1485 1480 1553 prarlio,
1544 1493 1710 1554 atque
1763 1501 1828 1539 ex
1859 1485 2056 1539 acerba

485 1583 680 1629 morte.

554 1670 720 1725 Vi-zns.
756 1671 848 1724 Η.
871 1659 1036 1736 Eripe
1065 1687 1165 1732 nte,
1199 1680 1246 1724 et
1271 1687 1393 1724 erue
1421 1687 1500 1724 me
1527 1669 1590 1723 de
1618 1686 1776 1723 manu
1820 1670 2054 1738 ﬁliorum

485 1765 803 1828 alienorum,
853 1779 1076 1833 quorum
1129 1781 1186 1816 os
1235 1763 1471 1816 locutum
1519 1773 1596 1817 est
1641 1763 1950 1827 vanitatem,
2006 1772 2056 1816 et

483 1858 698 1910 dextera
721 1873 902 1908 eorum
933 1856 1148 1908 dextera
1180 1855 1480 1924 injustitire.
1521 1854 1644 1909 Hinc
1687 1854 1850 1909 verba
1889 1854 2053 1908 etiam

483 1956 738 2017 superius
799 1949 945 2002 dicta
993 1956 1142 2011 sunt,
1177 1963 1366 2001 verum
1424 1947 1612 2002 eadem
1669 1962 1814 2000 nunc
1861 1947 2058 2016 repetit

483 2039 772 2108 Propheta,
795 2040 1098 2093 orationem
1125 2053 1186 2092 ac
1207 2054 1398 2108 preces
1417 2054 1547 2093 suas
1562 2039 1731 2108 magis
1746 2037 2055 2092 intendens.

557 2129 723 2185 Vens.
760 2132 844 2184 12.
877 2133 1115 2197 Quorum
1148 2132 1250 2200 ﬁlii
1275 2147 1456 2185 eorum
1487 2132 1623 2183 sicut
1661 2130 1878 2185 novella:
1903 2130 2059 2198 plan-

485 2225 730 2288 tationes,
778 2224 1028 2277 stabilita.-
1088 2224 1142 2276 in
1204 2224 1474 2292 juventute
1523 2240 1642 2277 sua.
1718 2222 2055 2278 Felicitatem

483 2332 672 2368 eoi'iim
735 2315 1044 2380 describit,
1099 2325 1153 2369 et
1206 2316 1451 2372 divitias.
1512 2316 1797 2383 Quorum,
1855 2315 2055 2385 inquit,

486 2406 580 2458 lilii
630 2404 891 2459 ﬂorentes
952 2414 1104 2469 sunt,
1154 2414 1320 2475 atque
1378 2409 1432 2461 in
1479 2409 1684 2478 vigore,
1739 2408 1907 2464 veluti
1961 2423 2058 2463 no-

486 2496 638 2548 velim
672 2496 871 2564 plantae
905 2505 1075 2549 aucta:
1115 2497 1167 2549 in
1219 2497 1505 2565 juventute
1550 2513 1672 2553 sua.

557 2586 714 2640 Filia:
735 2603 912 2640 eorum
941 2587 1206 2656 eleganter
1240 2589 1539 2657 composin
1563 2631 1580 2655 ,
1629 2599 1785 2659 atque
1825 2599 2057 2651 ornata',

489 2689 544 2732 ut
568 2679 862 2733 similitudo
891 2679 1086 2749 temp'i.
1123 2677 1235 2734 llnc
1252 2689 1358 2744 est,
1400 2689 1606 2734 ornatae
1635 2682 1808 2736 instar
1828 2681 2012 2749 templi
2041 2697 2056 2747 ;

486 2772 570 2824 vel
617 2771 752 2824 adeo
781 2780 1007 2834 ornatur,
1040 2779 1095 2822 ut
1137 2771 1206 2825 ob
1234 2786 1504 2826 summam
1527 2773 1872 2843 elegantiam,
1897 2780 2061 2840 atque

485 2869 885 2923 ornamentum,
919 2859 1102 2930 templi
1136 2859 1438 2914 similitudo
1468 2859 1774 2918 vidcantur.

2155 858 2258 908 τις,
2295 841 2387 894 καὶ
2414 841 2747 910 εὐχαριστεῖ,
2795 841 2886 893 καὶ
2911 839 3123 905 δοξάζει
3152 839 3243 894 τὸν
3269 841 3423 896 Θεόν.

2235 1112 2318 1178 Τῷ
2347 1111 2570 1165 διδόντι
2602 1112 2716 1181 τὴν
2761 1114 3063 1181 σωτηρίαν
3092 1115 3216 1180 τοῖς
3242 1115 3620 1179 βασιλεῦσι.
3692 1119 3783 1170 Οὐ

2157 1203 2265 1273 γὰρ
2296 1205 2678 1273 στρατόπεδαι,
2706 1205 2800 1258 καὶ
2821 1207 3062 1260 τοιαῦται
3092 1207 3368 1278 δυνάμεις,
3420 1209 3542 1260 ἀλλ’
3569 1211 3611 1279 ἡ
3668 1209 3780 1262 τοῦ

2157 1297 2291 1350 Θεοῦ
2325 1300 2487 1368 ῥοπή.

2234 1387 2322 1453 Τῷ
2349 1387 2734 1458 λυτρουμένῳ
2767 1389 2965 1452 Δαὸὶδ,
3008 1390 3114 1444 τὸν
3145 1390 3372 1446 δοῦλον
3409 1393 3643 1458 αὑτοῦ,
3694 1395 3780 1447 ἐκ

2157 1479 2451 1548 ῥομφαίας
2474 1479 2758 1548 πονηρᾶς.
2788 1481 2885 1534 Ἐκ
2917 1481 3153 1551 πολέμου
3203 1483 3402 1549 δεινοῦ,
3433 1489 3532 1539 καὶ
3575 1486 3776 1540 Gavi-

2159 1589 2253 1624 του
2282 1573 2504 1642 πικροῦ.

2240 1666 2453 1722 Ῥῦο-αἰ
2468 1685 2571 1736 με,
2596 1667 2694 1722 καὶ
2719 1668 2935 1732 ἐξελοῦ
2958 1686 3034 1738 με
3061 1670 3130 1722 ἐκ
3163 1671 3362 1738 χειρὸς
3423 1672 3573 1725 υἱῶν
3638 1658 3773 1728 ἀλ-

2157 1759 2432 1826 ⁸κοτ’ρίωνο,
2456 1755 2542 1813 ὧν
2571 1760 2638 1813 τὸ
2667 1762 2862 1829 στόμα
2891 1761 3162 1828 ἐλάλησε
3195 1764 3592 1830 ματαιότητα,
3648 1767 3763 1818 καὶ

2160 1849 2194 1916 ἡ
2243 1851 2411 1914 δεξιὰ
2442 1851 2659 1916 αὐτῶν,
2699 1851 2870 1916 ὃοξιὰ
2907 1853 3160 1916 ἀδικίας.
3213 1851 3346 1906 Eine
3383 1855 3588 1920 ταῦτα,
3655 1857 3764 1909 καὶ

2158 1940 2416 2012 ἀνωτέρω
2437 1959 2453 1974 ο
2482 1942 2778 2011 διττολογεῖ
2804 1943 2883 2009 δὲ,
2913 1943 3012 2014 τὴν
3052 1943 3238 2014 δέησιν
3279 1947 3596 1999 ἐπιτείνων.

2231 2113 2347 2178 Ὧν
2390 2125 2445 2176 οι
2473 2123 2592 2176 υἱοὶ
2622 2122 2822 2177 αὐτῶν
2851 2125 2932 2189 ὡς
2957 2123 3219 2192 νεόφυτα
3245 2121 3541 2190 ἱδρυμένα
3570 2122 3644 2175 ἐν
3674 2120 3757 2190 τῇ

2161 2217 2396 2284 νεότητι
2425 2213 2643 2270 αὐτῶν.
2675 2216 2787 2285 Τὴν
2821 2217 3122 2286 εὐημερίαν
3167 2215 3351 2267 αὐτῶν
3397 2215 3753 2284 ὑπογρὰγει,

2161 2310 2260 2363 καὶ
2287 2311 2378 2364 τὸν
2405 2309 2656 2363 πλοῦτονο
2689 2304 2764 2363 ὧν
2793 2311 2841 2363 oi
2869 2309 2996 2374 υἱοὶ,
3024 2309 3216 2378 φησὶν,
3247 2307 3527 2374 εὐθαλεῖς,
3560 2311 3683 2376 ἀκμ
3696 2309 3756 2360 i—

2159 2402 2347 2466 ζοντες
2381 2403 2457 2466 ὡς
2480 2401 2713 2470 νεόφυτα
2742 2400 3048 2473 ηὐξάμενα,
3083 2401 3143 2452 ὲν
3169 2403 3234 2472 τῇ
3268 2400 3484 2470 νεότητι
3527 2400 3752 2453 αὐτῶν.

2223 2582 2292 2634 Al
2323 2579 2642 2648 θυγατέρες
2669 2579 2867 2634 αὐτῶν
2887 2578 3458 2647 κεκαλλωπισμέναι,
3485 2595 3748 2645 περικε-

2162 2670 2646 2738 κοσμημέγαιώς
2677 2673 2940 2742 ὁμοίωμα
2992 2673 3164 2727 ναοῦ.
3233 2673 3510 2741 Ὀμοίωμα
3565 2670 3744 2736 ναοῦ,

2161 2763 2301 2832 ἢὼς
2332 2765 2510 2817 δοκεῖν
2547 2765 2801 2836 ὁμοίωμα
2856 2765 3009 2832 ναοῦ,
3053 2765 3196 2818 κατὰ
3227 2765 3450 2832 κόσμον,
3499 2766 3602 2817 καὶ
3648 2766 3751 2818 τὶν

2164 2855 2570 2925 καλλωπισμόν.

560 2949 726 3005 Vens.
762 2951 848 3005 15.
878 2949 1263 3019 Promptuaria
1293 2968 1472 3005 eorum
1512 2953 1667 3022 plena
1689 2993 1704 3018 ,
1756 2959 2057 3014 eructantia

2239 2947 2314 3000 Τὰ
2370 2945 2578 3014 ταμεῖα
2637 2946 2837 3001 αὐτῶν
2891 2946 3116 3016 πλήρη,
3175 2950 3618 3018 ἐξερευγόμενα
3676 2947 3749 3000 ἐκ

484 3059 549 3096 ex
573 3043 668 3095 hoc
696 3044 747 3096 in
772 3043 886 3096 hoc.
916 3044 1026 3098 lloc
1047 3053 1149 3109 est,
1187 3045 1256 3100 ob
1284 3047 1506 3100 inultam
1532 3049 1935 3105 reconditorum
1963 3055 2060 3106 ho-

490 3147 682 3183 norum
719 3132 953 3200 copiam,
996 3135 1051 3186 in
1079 3133 1229 3188 aliud
1264 3137 1695 3205 promptuarium
1747 3149 2006 3192 evacuata
2042 3157 2056 3194 :

490 3220 644 3286 quasi
674 3220 843 3288 prima
875 3221 967 3274 illa
1001 3225 1378 3292 promptuaria
1406 3234 1590 3278 essent
1620 3235 1874 3294 angusta,
1899 3238 2062 3296 atque
2103 3248 2105 3250 ·

487 3311 612 3364 ideo
641 3311 813 3366 delata
847 3314 911 3366 ad
943 3315 1146 3382 majora
1196 3316 1565 3385 promptuaria
1596 3333 1613 3382 ;
1667 3317 1822 3386 juxta
1875 3319 2005 3374 illud
2043 3337 2059 3377 :

488 3403 769 3456 Destruam
797 3406 987 3458 horrea
1019 3423 1154 3470 mea,
1183 3418 1230 3461 et
1256 3407 1462 3477 majora
1497 3408 1776 3477 adiﬁcabo
1805 3411 1876 3465 ⁸⁸.

558 3493 724 3550 Vens.
757 3496 844 3550 M.
876 3495 1008 3552 Oves
1031 3514 1211 3552 eorum
1240 3499 1509 3568 fecunda,
1559 3501 1972 3571 multiplicantes
2009 3507 2064 3556 in

487 3590 776 3657 egressibus
807 3591 941 3655 suis,
979 3593 1126 3646 boves
1156 3609 1336 3647 eorum
1359 3596 1597 3664 pingues.
1643 3594 1743 3650 Per
1785 3610 2062 3664 egressus,

489 3687 584 3730 aut
611 3687 798 3748 partus
833 3679 1137 3752 intelligere
1164 3683 1423 3739 debemus
1451 3725 1466 3751 ,
1496 3694 1592 3739 aut
1635 3685 1815 3740 exitus
1850 3685 1918 3740 ad
1971 3701 2066 3757 pa-

487 3784 642 3824 sena.

561 3860 683 3915 Non
708 3871 784 3916 est
822 3865 979 3917 ruina
1003 3865 1244 3918 maceria:
1273 3902 1288 3926 ,
1345 3882 1503 3936 neque
1535 3867 1792 3923 transitus
1823 3908 1840 3934 ,
1900 3887 2063 3940 neque

489 3953 691 4005 clamor
715 3953 768 4006 in
795 3953 984 4020 plateis
1011 3971 1212 4008 eorum.
1237 3955 1353 4009 Non
1380 3965 1590 4010 tantum
1613 3973 1802 4013 eorum
1851 3970 2065 4031 segetes

489 4053 544 4097 et
574 4046 748 4114 campi
809 4044 1023 4110 ﬂorent,
1063 4056 1116 4102 et
1143 4049 1312 4102 vineae
1334 4067 1349 4114 ;
1375 4050 1468 4105 sed
1505 4052 1730 4108 stabiles
1753 4055 1913 4108 etiam
1940 4064 2068 4110 sunt

488 4150 689 4191 eorum
720 4139 986 4193 maceriae.
1035 4139 1133 4195 Per
1190 4143 1486 4196 maceriam
1541 4146 1706 4198 etiam
1738 4186 1754 4211 ,
1807 4163 1902 4202 seu
1960 4147 2068 4219 [ut

489 4229 670 4297 potius
703 4227 890 4282 Graeca
917 4229 1084 4285 dictio
1116 4233 1368 4302 φραγμδς
1390 4234 1716 4306 signiﬁcat].
1738 4252 1835 4306 per
1855 4253 2061 4309 sepem,

2162 3038 2378 3093 τούτου
2403 3041 2488 3104 εις
2518 3038 2712 3093 τοῦτο.
2761 3039 3164 3094 ’Δποκενοῦντα
3190 3044 3271 3105 εις
3299 3042 3493 3112 ἕτερον
3545 3041 3640 3094 διὰ
3684 3043 3746 3094 τὸ

2163 3132 2619 3202 στενοχωρεῖσθαι
2651 3132 2730 3202 τῷ
2780 3133 2976 3203 πλήθει
3021 3133 3130 3186 τῶν
3189 3133 3740 3202 τεθησαυρισμένων.

2165 3225 2236 3276 Ἥ
2263 3228 2352 3276 καὶ
2377 3225 2543 3293 φορού
2553 3243 2689 3294 μενοι
2708 3228 2790 3289 εἰς
2819 3226 3062 3295 μείζονα,
3095 3227 3236 3279 κατά
3267 3227 3328 3278 τὸ
3355 3225 3738 3295 Keilii-:15)va

2162 3313 2268 3379 τὰς
2306 3314 2645 3381 ἀποθήκας,
2668 3317 2766 3369 καὶ
2791 3315 3072 3386 μείζονας
3094 3315 3502 3383 οἰκοδομήσω.

2240 3495 2316 3550 Τὰ
2344 3498 2608 3564 πρόϐατα
2643 3495 2843 3552 αὐτῶν
2889 3497 3213 3560 πολύτοκα,
3245 3496 3649 3562 πληθύνοντα
3674 3494 3730 3545 ὲν

2165 3588 2293 3655 ταῖς
2324 3589 2558 3655 ἐξόδοις
2588 3588 2807 3643 αὐτῶν-ο
2843 3592 2898 3642 οὶ
2921 3589 3073 3654 ,βόες
3098 3585 3299 3642 αὐτῶν
3323 3587 3566 3655 παχεῖς.
3593 3586 3746 3651 Ἐξό-

2163 3681 2289 3743 δους
2321 3681 2352 3750 ἢ
2383 3681 2481 3744 τὰς
2512 3682 2797 3752 γεννήσεις
2824 3680 3074 3750 νοοῦμεν,
3105 3681 3137 3754 ἢ
3163 3677 3258 3742 τὰς
3289 3680 3384 3732 ἐπὶ
3426 3679 3530 3742 τὰς
3569 3679 3749 3748 νομὰς

2167 3773 2456 3843 προοδους.

2231 3865 2355 3916 Οὐκ
2383 3862 2519 3917 ἐστι
2554 3863 2912 3932 κατάπτωμα
2936 3862 3233 3932 φραγμοῦ,
3267 3862 3410 3916 οὐδὲ
3439 3862 3750 3928 διέξοδος,

2167 3955 2308 4010 οὐδὲ
2336 3956 2570 4025 κραυγὴ
2595 3956 2667 4009 ἐν
2696 3955 2827 4022 ταῖς
2860 3957 3173 4020 πλατείαις
3199 3956 3417 4010 αὐτῶν.
3456 3957 3532 4008 Οὐ
3577 3957 3756 4024 μόνον

2167 4047 2411 4115 κομῶσιν
2435 4046 2615 4098 αὐτῶν
2641 4046 2708 4099 τὰ
2735 4047 2863 4114 λήϊα
2890 4047 2981 4098 καὶ
2998 4048 3043 4098 οἱ
3071 4045 3416 4115 ἀμπελῶνες,
3442 4046 3558 4098 ἀλλ’
3580 4048 3758 4099 ἑστᾶ-

2171 4153 2221 4189 σι
2248 4137 2342 4189 καὶ
2362 4140 2410 4190 οἱ
2440 4139 2648 4190 τούτων
2682 4137 2948 4207 φραγμοι·
2979 4137 3233 4208 φραγμὸς
3261 4137 3318 4190 δὲ
3348 4138 3440 4190 καὶ
3472 4135 3530 4188 τὸ
3557 4138 3754 4206 τεῖχος

2168 4229 2267 4297 τῆς
2306 4229 2538 4292 πόλεως,
2581 4229 2674 4282 καὶ
2724 4229 2823 4298 τῆς
2853 4230 3080 4292 οἰκείας,
3124 4221 3199 4282 ὧν
3233 4229 3408 4291 οὐδὲν,
3441 4230 3596 4298 φησὶ,
3648 4230 3755 4279 xi-

489 4329 582 4372 aut
612 4321 847 4376 civitatis
876 4324 1073 4376 mcenia
1101 4299 1482 4394 accipiuntur:
1546 4335 1638 4380 aut
1674 4299 1867 4396 privati
1920 4299 2060 4384 muri

2180 4337 2413 4375 πτωκεψ
2459 4321 2573 4375 ἀλλ’
2605 4319 2729 4374 οὗτε
2763 4319 3026 4391 ἐκδρομὴ,
3057 4319 3181 4373 οὔτε
3229 4320 3464 4390 κραυγὴ,
3499 4322 3557 4370 ὲν
3617 4323 3752 4382 ταῖς

492 4410 709 4466 domus.
749 4412 1015 4480 Quorum,
1049 4415 1228 4483 inquit
1262 4417 1447 4486 igitur,
1482 4417 1616 4472 nihil
1663 4420 1863 4474 decidit
1897 4439 1911 4476 :
1967 4423 2064 4477 sed

495 4515 671 4569 neque
704 4502 1059 4557 excursiones
1086 4544 1100 4568 ,
1150 4514 1242 4557 aut
1286 4507 1553 4562 clamores
1593 4509 1647 4562 in
1698 4523 1887 4564 eorum
1937 4520 2066 4566 sunt

493 4591 744 4654 urbibus,
787 4595 895 4658 vel,
923 4593 1079 4662 juxta
1109 4596 1275 4650 alium
1315 4597 1683 4668 interpretem,
1707 4601 1757 4654 in
1785 4602 2064 4658 suburbiis

2171 4415 2452 4478 πλατείαις
2477 4415 2576 4485 τῆς
2607 4414 2813 4476 πόλεως
2843 4413 3045 4466 αὐτῶν.
3079 4415 3148 4465 Ἦ
3185 4413 3288 4464 καθ
3309 4412 3321 4432 ’
3341 4413 3528 4480 ἕτερον
3562 4412 3752 4480 ἐρμή-

2171 4511 2385 4578 νευτὴν,
2419 4509 2475 4558 ὲν
2509 4509 2626 4569 ταῖς
2659 4505 2954 4557 ἐπαύλεσιν
2983 4505 3182 4557 αὐτῶν.
3225 4503 3391 4555 Ἔνθα
3423 4504 3531 4572 γὰρ
3573 4501 3750 4570 θόρυ-

2172 4599 2264 4661 60;
2316 4599 2409 4651 καὶ
2429 4599 2645 4666 ταραχὴ
2677 4601 2740 4650 ὲκ
2772 4597 3046 4667 πολεμίων
3072 4601 3207 4663 ἐκεῖ,
3241 4597 3334 4651 καὶ
3363 4597 3626 4665 ἐκδρομὴ,
3647 4597 3750 4648 καὶ

491 4697 703 4736 eorum.
731 4685 831 4740 Ubi
863 4687 1008 4740 enim
1048 4689 1399 4744 tumultuatio
1426 4700 1508 4746 est
1533 4729 1548 4754 ,
1598 4700 1694 4746 aut
1729 4697 2061 4763 perturbatio

2180 4691 2456 4760 Βιαδρομή.
2497 4690 2662 4757 Λέγει
2689 4689 2742 4742 δὲ
2773 4694 2865 4745 καὶ
2892 4693 2951 4743 ὲν
2986 4691 3064 4759 τῷ
3103 4690 3182 4759 οβ’
3209 4689 3430 4758 ψαλμῷ,
3460 4689 3542 4739 ὅτι
3574 4687 3751 4750 θεολ-

493 4793 556 4829 ex
591 4775 754 4840 bello,
785 4778 896 4834 illic
937 4781 1100 4833 etiam
1133 4782 1486 4837 excursiones
1515 4783 1755 4838 hostium
1809 4797 1958 4841 sunt.
1992 4787 2061 4841 De

2180 4785 2339 4834 ιωσα
2364 4781 2433 4834 ἐν
2454 4781 2583 4846 τοῖς
2611 4781 2883 4850 ἀνόμοις,
2917 4781 3169 4850 εἰρήνην
3203 4776 3568 4848 ἁμαρτωλῶν
3598 4783 3750 4832 08w-

495 4865 600 4920 hac
637 4868 862 4922 materia
917 4869 1123 4924 dictum
1177 4879 1262 4924 est
1302 4871 1463 4925 etiam
1512 4873 1565 4926 in
1609 4874 1818 4943 psalmo
1869 4892 2064 4932 nam:

498 4956 637 5022 Quia
671 4957 834 5013 zelavi
873 4961 925 5013 in
948 4961 1140 5030 iniquis
1171 5000 1186 5023 ,
1218 4979 1395 5031 pacem
1417 4973 1749 5033 peccatorum
1773 4967 1974 5021 videns.

567 5048 734 5105 Vane.
758 5053 846 5107 15.
869 5051 1358 5108 Beatumrlixerunt
1387 5056 1635 5124 populum
1659 5059 1743 5109 cui
1775 5057 1886 5111 ha'c
1918 5067 2062 5113 sunt.

495 5139 672 5208 Multi,
705 5144 902 5212 inquit,
936 5146 1078 5200 hunc
1107 5148 1363 5216 pepulum
1418 5147 1490 5202 ob
1514 5147 1811 5201 visibilium
1869 5148 2065 5216 hujus-

495 5233 708 5286 cemodi
772 5237 1040 5292 bonorum
1073 5239 1306 5309 copiam,
1350 5238 1566 5293 beatum
1599 5241 1874 5304 dixerunt,
1910 5255 2064 5294 cum-

497 5340 604 5391 que
647 5326 892 5382 fallacem
926 5329 1066 5384 banc
1099 5331 1241 5402 vulgi
1275 5332 1597 5386 sententiam
1619 5330 1886 5400 posuerit,
1913 5345 2064 5385 suam

499 5418 754 5489 deinceps
785 5421 1054 5492 Propheta
1081 5424 1381 5481 meliorem.
1415 5437 1478 5480 ac
1507 5424 1795 5478 rectiorcm
1855 5422 2017 5476 infert
2050 5459 2065 5484 ,

499 5509 688 5564 dicens
720 5531 732 5565 :
1609 5524 1614 5529 ’

570 5620 616 5652 ⁹⁶
647 5623 777 5676 Luc.
807 5640 901 5690 xtl,
933 5625 1013 5678 l8.

2158 4871 2305 4939 ρῶν.

2236 5050 2644 5121 Ἐμακάρισαν
2691 5054 2798 5107 τὸν
2839 5054 2996 5108 λαὸν
3039 5073 3088 5122 ῳ
3127 5050 3314 5109 ταῦτά
3367 5055 3518 5106 ἐστι.
3574 5052 3756 5122 Ἐμα-

2169 5142 2406 5208 κάρισαν
2435 5145 2485 5196 οἱ
2511 5143 2700 5196 πολλοὶ
2735 5147 2946 5209 τοῦτον,
2978 5146 3067 5198 διὰ
3102 5147 3200 5215 τὴν
3229 5145 3501 5215 εὐθημίαν
3521 5144 3634 5197 τῶν
3652 5146 3751 5198 δο-

2169 5235 2411 5288 κούντων
2433 5235 2677 5304 ἀγαθῶν.
2703 5236 2829 5300 Elei;
2855 5237 2912 5290 δὲ
2933 5237 3031 5304 τὴν
3051 5239 3398 5307 ἐσφαλμένην
3417 5238 3604 5308 κρίσιν
3633 5237 3746 5290 τῶν

2170 5328 2401 5395 πολλῶν,
2437 5329 2628 5397 ἐπάγει
2664 5330 2758 5382 καὶ
2783 5328 2881 5402 τὴν
2907 5329 3072 5402 ὀρθὴν
3097 5331 3277 5401 ψῆφον
3303 5331 3534 5400 ἑαυτοῦ,

3923 1589 3937 1886 l

3927 1102 3938 1475 ἰ

3935 4056 3937 4116 4

3935 4245 3938 4320 l

3935 4434 3937 4528 l
