4032 6238
276 225 426 292 1⁸289

1429 219 1838 283 COMMENT.
1868 218 1952 278 IN
1994 214 2359 276 PSALMOS.

3404 205 3542 272 1Ἁο

346 333 644 402 Μακάριος
678 336 711 388 ὁ
732 331 906 398 λαὸς,
948 327 1019 387 οὗ
1045 331 1259 399 Κύριος
1287 333 1321 384 ὀ
1358 331 1505 396 Θεὸς
1533 329 1744 385 αὑτοῦ.
1781 322 1856 382 Οὗ

2029 325 2228 380 Beatus
2257 322 2501 392 populus,
2541 321 2695 388 cujus
2723 318 2979 374 Dominus
3026 317 3167 374 Deus
3197 318 3334 389 ejus.
3368 316 3542 385 Cujus

266 433 439 499 μερὶς
471 426 672 497 Κύριος
702 427 730 478 ὁ
785 424 921 488 Θεὸς
968 423 1158 477 αὑτοῦ·
1206 423 1240 494 ἢ
1286 415 1350 477 οὗ
1401 421 1664 490 Κύριοςὸ
1726 418 1859 481 Θεὸς

260 520 468 584 αὐτοῦ,
496 513 563 573 οὗ
609 516 859 588 κυριεύει
889 519 918 569 ὁ
951 516 1106 580 Θεὸς,
1138 516 1237 585 οὐχ
1261 514 1471 577 ἁπλῶς,
1513 512 1651 566 ἀλλὰ
1682 511 1863 564 πειθο-

268 612 446 681 μένου
488 612 608 673 ταῖς
640 610 885 673 ἐντολαῖς
934 607 1122 663 αὐτοῦ.
1153 606 1327 660 Τοῦτο
1353 606 1462 676 γὰρ
1485 604 1654 666 ὅντως
1684 620 1861 674 μακα-

269 704 490 772 ριότης,
529 700 607 764 ὡς
639 699 844 769 ἀγαθὸν
879 698 1110 767 μόνιμον
1156 698 1251 751 καὶ
1281 695 1610 759 διαιωνίζον.

725 792 1024 857 Αινέσεως
1072 789 1155 855 τῷ
1203 789 1402 844 Δαϐίδ.

820 885 1116 939 ΨΑΛΜΟΣ
1171 880 1343 939 ΡΜΔ’.

517 979 738 1044 Αἰνεσις
775 980 932 1033 κοινὴ
1015 981 1108 1032 καὶ
1148 979 1314 1032 πᾶσιν
1358 977 1697 1049 ἁρμόζουσα.

364 1240 619 1309 ’Υψώσω
644 1258 738 1306 σε,
761 1243 793 1294 ό
821 1242 965 1308 Θεός
984 1259 1126 1310 μου,
1150 1244 1183 1295 ό
1213 1241 1515 1307 βασιλεύς
1542 1257 1678 1309 μου.
1696 1239 1864 1313 Ὑψη-

268 1333 350 1387 λὰ
394 1335 523 1404 περὶ
582 1334 676 1386 σοῦ
728 1333 989 1403 θεολογῶν
1017 1335 1097 1405 ’ἥ
1152 1334 1211 1388 τὸ
1243 1335 1376 1403 ’ύψος
1436 1351 1534 1386 σου
1583 1334 1865 1404 γνωρίζων

272 1426 401 1486 τοῖς
434 1422 745 1491 ἀγνοοῦσιν.

354 1515 463 1570 Καὶ
487 1517 805 1585 εὐλογήσω
834 1516 902 1570 τὸ
933 1515 1123 1586 ὄνομά
1149 1530 1268 1570 σου
1294 1517 1379 1582 εις
1410 1515 1516 1570 τὸν
1542 1514 1728 1570 αἰῶνα
1758 1516 1863 1571 τοῦ

1964 417 2143 488 portio
2185 413 2450 469 Dominus
2483 411 2627 467 Deus
2661 412 2780 480 ejus
2807 425 2822 474 ;
2855 409 2941 464 vei
2969 408 3126 477 cujus
3163 410 3426 465 Dominus
3456 418 3542 464 est

1961 508 2106 564 Deus
2135 507 2275 575 ejus,
2307 505 2466 576 cujus
2498 502 2646 558 Deus
2680 500 2996 558 dominatur
3029 518 3043 553 :
3071 517 3169 556 nec
3193 501 3541 573 simpliciter,

1960 600 2057 656 sed
2089 600 2215 669 quia
2251 598 2398 652 illius
2435 604 2589 666 paret
2622 592 2924 648 mandatis.
2957 590 3082 647 Haec
3131 594 3331 647 etenim
3367 593 3543 649 beati-

1963 694 2092 750 tudo
2125 709 2251 749 vera
2285 702 2389 749 est.
2420 690 2584 746 veluti
2618 688 2786 756 bona,
2819 687 3034 743 stabilis
3065 702 3130 744 ac
3171 698 3452 759 perpetua.

2385 781 2741 836 Laudationis
2772 780 2874 847 ipsi
2924 779 3120 834 David.

2460 871 2781 930 PSALMUS
2814 871 3049 927 CXLIV.

2036 969 2135 1024 llic
2171 969 2416 1041 psalmus
2448 966 2821 1022 laudationem
2858 963 2949 1018 Dei
2979 963 3247 1030 continet,
3280 977 3403 1033 quae
3426 977 3544 1017 om-

1966 1063 2129 1118 nibus
2159 1059 2466 1116 communis
2500 1072 2625 1114 esse
2653 1061 2855 1126 potest,
2886 1066 2940 1108 et
2970 1069 3036 1109 ex
3064 1054 3242 1111 fidelis
3275 1055 3545 1127 cujusque

1964 1170 2199 1226 persona
2228 1150 2486 1223 proferri.

2036 1246 2203 1301 Vens.
2236 1245 2285 1299 l.
2321 1242 2586 1300 Erallabo
2621 1253 2688 1310 te,
2725 1244 2864 1299 Deus
2894 1260 3059 1307 meus,
3096 1258 3188 1296 rea:
3227 1256 3389 1295 meus.
3425 1241 3543 1295 Alta

1968 1352 2031 1391 ac
2056 1336 2311 1391 sublimia
2337 1335 2403 1390 de
2421 1346 2473 1389 te
2500 1335 2896 1406 contemplans,
2916 1334 3001 1389 vel
3024 1332 3363 1388 altitudinem
3385 1341 3535 1385 tuam

1967 1427 2353 1500 ignorantibus
2383 1427 2691 1482 declarans.

2037 1520 2105 1573 Et
2139 1521 2438 1574 benedicam
2470 1520 2669 1573 nomini
2700 1528 2787 1572 tuo
2816 1535 2871 1573 tn
2901 1516 3180 1581 sa’culum,
3210 1525 3262 1570 et
3287 1532 3341 1570 tn
3369 1532 3539 1570 scaeu-

269 1607 519 1673 αῐῶνος.
565 1609 685 1671 Πῶς
716 1609 825 1679 γὰρ
856 1609 957 1662 οὐκ
983 1607 1337 1678 ἄτοπον,τὴν
1383 1608 1484 1676 μὲν
1538 1608 1721 1671 κτίσιν
1773 1608 1863 1660 διὰ

1965 1609 2072 1662 lunt
2103 1609 2305 1663 sa'cuIi.
2336 1608 2646 1664 Absurdum
2677 1608 2824 1662 enim
2857 1616 3003 1664 esset
3029 1650 3045 1673 ,
3077 1611 3369 1678 postquam
3427 1608 3546 1676 ipsa

273 1700 485 1762 παντὸς
522 1701 872 1768 ἀναπέμπειν
899 1699 977 1770 τῷ
1012 1700 1225 1772 Κτίστῃ
1269 1697 1427 1763 δόξαν
1483 1699 1575 1769 (Ol
1612 1701 1856 1764 οὐρανοί

273 1791 416 1860 γὰρ,
448 1793 636 1861 φησιν,
676 1791 1028 1860 διηγοῦνται
1078 1791 1270 1857 δόξαν
1310 1794 1485 1863 Θεοῦ)
1528 1793 1622 1847 τὸν
1648 1793 1705 1847 δὲ
1776 1793 1868 1846 λό-

274 1898 403 1948 γιον
435 1882 723 1951 ἄνθρωπον
771 1883 1128 1938 ἐλαττοῦσθαι
1167 1884 1371 1955 ταύτης
1405 1887 1464 1939 ὲν
1517 1886 1723 1954 τούτῳ,
1772 1887 1868 1937 καὶ

278 1972 362 2040 μὴ
397 1971 627 2024 πάντοτε
661 1971 908 2037 δοξάζειν
940 1975 1102 2027 αὑτὸν
1136 1976 1233 2029 καὶ
1264 1975 1333 2029 δι’
1363 1977 1642 2049 εὐφημίας
1677 1976 1773 2028 καὶ
1800 1974 1869 2027 δι⁹

275 2064 656 2134 ἁγαθοεργίας
685 2079 703 2129 ;
732 2056 933 2131 Ὅπως
969 2068 1097 2136 γὰρ,
1135 2068 1321 2137 φησιν,
1385 2067 1556 2121 ιδωσι
1605 2068 1678 2121 τὰ
1714 2067 1871 2121 καλὰ

274 2152 455 2221 ὑμῶν
482 2154 648 2223 ἔργα,
690 2157 786 2210 καὶ
816 2163 884 2210 τὰ
916 2156 1068 2226 ἑξῆς·
1114 2159 1211 2211 καὶ
1263 2158 1375 2229 γὰρ
1438 2158 1651 2212 πολλῶν
1694 2159 1868 2227 ἐσμεν

274 2245 560 2312 ὀφειλέται
589 2246 667 2317 τῷ
716 2247 856 2318 θεῷ,
887 2250 971 2301 ὅτι
1012 2266 1071 2302 τε
1103 2251 1204 2304 οὐκ
1254 2250 1417 2314 ὄντας
1464 2250 1713 2321 ἐποίησε.
1772 2251 1870 2304 καὶ

274 2338 366 2391 ὅτι
388 2339 663 2403 τοιούτους
680 2341 996 2412 εἰργάσατο,
1024 2343 1118 2395 καὶ
1143 2343 1205 2396 τὸ
1229 2343 1523 2413 γενόμενον
1561 2342 1869 2413 διακρατεϊ,

278 2432 384 2483 καὶ
415 2435 728 2502 προνοεῖται
769 2433 857 2486 διὰ
889 2434 1112 2499 παντὸς,
1151 2436 1244 2488 καὶ
1278 2438 1455 2507 κοινῇ,
1487 2436 1581 2488 καὶ
1608 2432 1740 2506 ἰδίᾳ,
1772 2435 1869 2487 καὶ

273 2521 480 2593 λάθρα,
511 2527 606 2577 καὶ
625 2526 896 2595 φανερῶς,
920 2527 1014 2578 καὶ
1045 2526 1267 2580 εἰδότων
1284 2526 1380 2580 καὶ
1405 2526 1770 2596 ἀγνοούντων.
1801 2524 1868 2577 Τί

274 2618 393 2685 γὰρ
414 2616 480 2671 ἄν
505 2633 589 2680 τις
613 2619 756 2669 εἴποι
786 2616 856 2669 τὰ
879 2616 950 2670 δι’
973 2618 1119 2688 ἡμᾶς
1145 2618 1453 2683 κτισθέντα,
1482 2617 1581 2687 τὴν
1597 2617 1874 2671 διακονίαν

278 2710 353 2776 ἢν
387 2709 520 2778 ἡμῖν
560 2709 888 2780 παρέχεται,
912 2708 1011 2780 τὴν
1030 2708 1318 2762 διάπλασιν
1345 2708 1439 2762 τοῦ
1472 2708 1748 2778 σώματος,
1772 2708 1872 2778 τὴν

276 2796 563 2864 εὐγένειαν
580 2801 678 2867 τῆς
701 2798 901 2870 ψυχῆς,
928 2799 1025 2869 τὴν
1058 2801 1296 2863 σύνεσιν,
1314 2799 1406 2852 τὸν
1425 2800 1658 2868 φυσικὸν
1676 2800 1866 2868 νόμον,

273 2888 374 2941 τὸν
401 2891 783 2959 γραπτόνς¹καὶ
801 2894 860 2944 τὸ
878 2891 1171 2959 κεφάλαιον
1186 2892 1295 2944 τῶν
1319 2891 1562 2958 ἀγαθῶν,
1585 2890 1702 2961 ἡδι⁹
1725 2892 1756 2958 ἡ
1765 2892 1875 2960 μᾶς

1963 1702 2127 1757 etiam
2162 1701 2497 1756 irrationalis
2526 1708 2781 1756 creatura
2854 1698 3171 1755 Creatorem
3209 1713 3367 1753 suum
3398 1712 3548 1753 sem-

1964 1809 2063 1864 per
2100 1793 2371 1864 glorillcat
2409 1792 2565 1863 (Coeli
2591 1792 2758 1857 enim,
2792 1793 2992 1862 inquit,
3035 1802 3288 1846 enarrant
3318 1792 3547 1861 gloriam

1966 1885 2065 1939 Dei
2094 1883 2187 1955 "'),
2224 1885 2269 1939 si
2305 1883 2589 1938 rationalis
2618 1882 2781 1936 homo
2846 1883 2899 1937 in
2932 1884 3034 1937 hoc
3077 1882 3413 1938 laudationis
3456 1898 3548 1953 ge-

1971 1991 2104 2031 nere
2143 1976 2213 2030 ah
2244 1990 2308 2030 ea
2337 1974 2669 2039 vinceretur,
2700 1986 2803 2027 nec
2834 1985 3051 2041 semper
3077 1970 3245 2026 Deum
3273 1971 3549 2041 gloriﬁcao

1964 2076 2070 2134 ret,
2103 2083 2201 2137 per
2228 2067 2418 2121 laudes
2453 2065 2712 2119 nimirum
2774 2072 2829 2118 et
2854 2079 2948 2134 per
2983 2065 3125 2118 bona
3170 2077 3358 2133 opera,
3387 2063 3547 2133 juxta

1963 2159 2017 2215 id
2044 2160 2189 2230 quod
2223 2158 2491 2229 scriptum
2525 2165 2610 2212 est
2640 2173 2656 2211 :
2689 2155 2758 2212 Ut
2778 2157 2985 2211 videant
3007 2156 3144 2211 bona
3165 2165 3338 2211 vestra
3361 2173 3543 2223 opera,

1960 2261 2011 2306 et
2067 2251 2360 2322 gloriﬁcent
2412 2248 2627 2303 Patrem
2658 2248 2730 2317 ⁸⁸,
2792 2256 2900 2303 etc.
2941 2248 3144 2303 Sumus
3192 2249 3392 2303 etenim
3438 2263 3548 2317 pra:

1964 2345 2179 2401 czetcris
2210 2342 2469 2398 omnibus
2500 2357 2602 2397 nos
2637 2341 2746 2396 Deo
2781 2340 3093 2404 debitores,
3135 2348 3188 2396 et
3236 2341 3364 2410 quia
3421 2340 3548 2395 fecit

1966 2454 2091 2501 nos,
2119 2453 2244 2492 cum
2282 2451 2389 2492 non
2422 2451 2670 2492 essemus
2708 2453 2723 2491 :
2756 2443 2810 2491 et
2841 2435 2968 2505 quia
3001 2435 3137 2491 tales
3164 2436 3372 2490 creavit
3401 2475 3416 2499 ,
3453 2435 3550 2489 bo-

1970 2533 2146 2587 mines
2200 2529 2414 2584 scilicet
2456 2537 2510 2583 et
2547 2528 2731 2584 fideles
2762 2546 2777 2596 ;
2813 2536 2867 2582 et
2896 2528 3038 2598 quod
3069 2537 3288 2584 creatos
3321 2543 3549 2584 conscr-

1964 2631 2091 2687 vat;
2124 2627 2179 2675 et
2211 2621 2338 2691 quia
2365 2618 2761 2690 providentiam
2796 2628 3045 2673 nostrum
3074 2621 3318 2675 omnium
3356 2620 3542 2684 habet,

1964 2716 2018 2769 in
2056 2714 2368 2768 universum
2409 2710 2687 2775 omnium,
2723 2724 2786 2763 ac
2829 2709 3085 2779 privatim
3141 2711 3484 2781 singulorum
3526 2750 3544 2773 ,

1963 2810 2177 2858 secreto
2207 2810 2259 2854 et
2285 2800 2484 2870 palam,
2504 2806 2610 2851 tam
2641 2798 2931 2852 scientiam
2952 2814 3115 2868 quam
3149 2800 3539 2870 ignorantium.

1966 2892 2103 2958 Quis
2137 2890 2281 2946 enim
2322 2888 2508 2942 omnia
2539 2901 2601 2940 ea
2649 2901 2911 2942 enarrare
2969 2898 3197 2958 posset,
3235 2905 3357 2959 qua:
3401 2891 3543 2946 Deus

276 2976 725 3050 ἑνανθρώπησις,
763 2980 858 3033 καὶ
888 2980 958 3033 τὰ
984 2979 1154 3050 πάθη,
1189 2981 1285 3034 καὶ
1324 2983 1356 3050 ή
1391 2982 1600 3053 σφαγή.
1638 2983 1859 3034 Τούτων

1962 2992 2183 3053 propter
2207 2980 2456 3034 homines
2476 2977 2726 3034 creavit?
2747 2976 2812 3032 Et
2834 2980 3198 3035 ministerium
3224 2981 3379 3045 illud,
3396 2982 3543 3053 quod

275 3065 380 3122 οὖν
434 3070 690 3125 ἁπάντων
722 3074 815 3126 καὶ
846 3072 1058 3144 μυρίων
1108 3072 1289 3127 ἄλλων
1349 3072 1626 3144 ὀφειλέται
1668 3073 1857 3143 ἐσμέν.

1968 3070 2128 3127 nobis
2153 3068 2464 3140 impendit?
2496 3067 2749 3137 corporis
2784 3067 3192 3136 formationem,
3218 3073 3415 3126 animat
3444 3088 3546 3127 no-

276 3165 572 3233 bilitatem,
607 3170 956 3239 sapientiam,
992 3179 1203 3225 natura:
1225 3175 1499 3241 tegem,et
1521 3171 1691 3241 legem
1722 3172 2008 3240 scriptam,
2035 3178 2091 3225 et
2120 3168 2268 3239 quod
2309 3168 2578 3223 bonorum
2617 3168 2888 3233 gomnium
2966 3176 3058 3223 est
3122 3177 3286 3238 caput
3312 3208 3330 3236 ,
3396 3169 3545 3227 illius

277 3256 738 3324 incarnationem,
771 3261 1079 3330 passiones,
1107 3271 1164 3318 et
1192 3271 1425 3318 mortem
1449 3262 1699 3319 “illorum
1734 3264 1981 3320 omnium
2054 3262 2221 3334 igitur
2299 3272 2469 3333 atque
2520 3259 3005 3317 innumerabilium
3085 3263 3316 3325 aliorum
3375 3265 3545 3321 bene-

276 3356 554 3417 ﬁciorum.
588 3359 697 3413 Deo
725 3359 1001 3416 debitores
1034 3376 1249 3418 sumus.

352 3453 476 3504 Καθ
492 3447 776 3516 ’ἑκάστην
795 3451 1028 3519 ἡμέραν
1049 3453 1370 3522 εὐλογήσω
1389 3472 1484 3518 σε,
1513 3455 1607 3509 καὶ
1638 3454 1861 3510 αἰνέσω

277 3540 348 3593 τὸ
380 3538 568 3606 ὄνομά
596 3555 713 3592 σου
736 3542 824 3604 εις
848 3542 956 3593 τὸν
987 3541 1196 3607 αἰῶνα,
1248 3544 1345 3597 καὶ
1386 3549 1473 3610 εὶς
1508 3546 1616 3599 τὸν
1675 3545 1861 3599 αἰῶνα

281 3626 395 3680 τοῦ
420 3625 656 3692 αἰῶνος.
690 3626 880 3681 Ταῦτα
912 3631 1087 3699 σαφῆ.

353 3716 556 3785 Μέγας
584 3718 799 3784 Κύριος
861 3719 959 3772 καὶ
1008 3720 1243 3786 αἰνετός
1286 3720 1545 3790 σφόδρα,
1588 3721 1686 3776 καὶ
1749 3739 1861 3787 της

277 3807 714 3879 μεγαλοσύνης
752 3810 941 3865 αὑτοῦ
988 3814 1102 3865 οὐκ
1127 3814 1261 3866 ἔστι
1302 3813 1508 3881 πέρας.
1566 3813 1750 3880 Μέγας
1797 3815 1858 3867 οὑ

287 3900 454 3971 μόνον
487 3900 563 3963 ὡς
599 3902 999 3972 μεγαλουργδς,
1036 3903 1173 3956 ἀλλὰ
1211 3905 1308 3958 καὶ
1331 3905 1409 3968 ὡς
1454 3891 1857 3976 μεγαλόδωρὸς.

283 3992 384 4045 καὶ
410 3992 497 4046 διὰ
536 3992 711 4046 ταῦτα
770 3996 982 4058 αίνετδς
1030 3996 1256 4065 σφόδρα.
1311 3998 1373 4049 Ei
1401 3997 1458 4050 δὲ
1488 3998 1586 4068 τῆς
1629 3999 1862 4068 μεγαλο-

285 4083 454 4153 σύνης
489 4085 654 4138 αὑτοῦ
683 4087 783 4139 οὐκ
811 4086 928 4140 ἔστι
959 4088 1155 4158 πέρας,
1210 4089 1331 4143 οὐδὲ
1371 4090 1592 4161 μέτρον,
1642 4091 1861 4155 πάντως

281 4175 403 4229 οὐδὲ
436 4175 535 4247 τῆς
557 4176 818 4243 αἰνέσεως
851 4179 1041 4234 αὑτοῦ.

352 4354 546 4411 Γενεὰ
581 4357 679 4412 καὶ
727 4360 907 4428 γενεὰ
950 4360 1259 4416 ἐπαινέσει
1313 4350 1569 4433 τίίέρτα
1612 4378 1750 4420 σου.
1784 4365 1863 4418 Ἢ

279 4467 337 4503 τε
388 4444 543 4514 οὖσα,
575 4450 672 4522 ἦτε
704 4450 956 4505 ἐπιοῦσαο
989 4454 1242 4507 τουτέστι
1276 4456 1449 4509 πᾶσα.
1485 4455 1663 4525 Ἔργα
1688 4457 1744 4509 δὲ
1776 4457 1863 4508 λέ-

279 4559 370 4610 γει
419 4539 535 4604 νῦν,
570 4541 640 4594 τὰ
672 4543 729 4595 ὲν
756 4542 816 4608 ἒξ
853 4543 1093 4614 ἡμέραις
1124 4546 1625 4618 δηι.ι.ιουργηθέντα⁸
1674 4547 1707 4619 ἢ
1764 4550 1861 4603 καὶ

276 4636 347 4687 τὰ
383 4635 441 4686 ὲν
470 4634 661 4705 τέρασι
697 4636 793 4689 καὶ
816 4636 1070 4709 σημείοις
1094 4639 1218 4693 καθ’
1248 4640 1492 4713 ἑκάστην
1515 4641 1711 4710 γενεὰν
1739 4644 1864 4696 ἐπι-

275 4722 600 4793 τελούμενα.

352 4901 465 4955 Kai
491 4899 605 4969 τὴν
627 4902 731 4957 δύων
743 4904 889 4972 αμιν
912 4918 1030 4959 σου
1061 4904 1494 4976 ἀπαγγελοῦσι.
1513 4910 1625 4982 Τὴν
1650 4914 1707 4967 ἐν
1731 4915 1859 4967 τού-

278 5011 396 5054 τοις
417 5010 476 5045 τε
509 4996 603 5047 καὶ
622 4994 722 5067 τὴν
751 4998 808 5049 ὲν
846 4996 924 5068 τῷ
961 4999 1343 5071 εὐεργετεῖν,ἧ
1366 5001 1638 5067 κολάζειν.
1657 5005 1859 5059 Γενεὰν

278 5087 335 5138 δὲ
391 5085 485 5137 καὶ
544 5089 741 5154 γενεὰν
789 5090 938 5159 λέγει
979 5091 1075 5145 νῦν
1136 5093 1263 5158 τοὺς
1311 5096 1369 5148 ὲν
1418 5096 1625 5167 ἑκάστῃ
1692 5099 1857 5170 γενεᾷ

284 5178 541 5240 συνετοὺς
566 5181 661 5232 καὶ
695 5180 986 5249 θεοφιλεῖς,
1011 5183 1063 5237 οἳ
1104 5186 1296 5256 πρῶτα
1326 5187 1427 5257 μὲν
1451 5189 1664 5251 ἑαυτοῖς
1701 5190 1861 5243 ἐπαι-

279 5266 432 5321 νοῦσι
461 5270 529 5321 τὰ
557 5269 693 5341 ἔργα
727 5272 820 5327 τοῦ
877 5275 1036 5342 Θεοῦ,
1070 5274 1189 5331 εἶτα
1245 5281 1339 5333 καὶ
1366 5278 1548 5343 ἄλλοις
1581 5281 1859 5350 ἀπαγγέλ-

279 5360 435 5414 λουσι
472 5359 573 5432 τὴν
596 5362 830 5434 δύναμιν
851 5368 1039 5424 αὐτοῦ.

348 5628 561 5690 "Psal.
598 5647 749 5698 xvttt,
780 5634 832 5689 1.
930 5635 977 5669 ’⁸
1009 5636 1203 5694 Matth.
1224 5655 1279 5704 v,
1307 5642 1393 5697 16.

630 5723 900 5788 ΡΑτιιοι.
964 5725 1080 5789 Gn.
1127 5729 1427 5793 CXXVIII.

2043 3451 2209 3507 Vens.
2246 3450 2304 3504 9..
2338 3450 2442 3503 Per
2471 3449 2709 3519 singulos
2731 3450 2841 3504 dies
2868 3450 3170 3505 benedicam
3201 3450 3295 3505 tibi
3312 3495 3325 3515 ,
3354 3462 3403 3506 et
3426 3451 3546 3506 lou-

1963 3542 2103 3594 dabo
2125 3557 2313 3594 nomen
2341 3552 2486 3594 tuum
2514 3543 2568 3593 in
2597 3541 2876 3605 sweulum,
2901 3551 2952 3594 et
2983 3543 3037 3595 in
3057 3548 3308 3598 strcutum
3333 3548 3540 3603 surculi.

1967 3632 2090 3687 llaec
2119 3631 2281 3685 verba
2317 3646 2415 3700 per
2442 3645 2501 3685 se
2530 3630 2679 3685 clara
2721 3642 2874 3686 sunt.

2036 3722 2199 3776 Vens.
2241 3723 2296 3776 3.
2327 3720 2552 3791 Magnus
2580 3720 2837 3775 Dominus
2880 3732 2928 3775 ct
2962 3722 3264 3779 laudandus
3294 3728 3466 3793 ualde,
3494 3742 3545 3785 et

1965 3811 2345 3883 magnitudinis
2370 3811 2485 3880 ejus
2507 3826 2610 3864 non
2628 3820 2705 3864 est
2735 3811 2879 3879 ﬁnis.
2908 3810 3142 3882 Magnus
3170 3829 3277 3869 non
3304 3824 3539 3881 tantum.

1966 3917 2024 3957 ut
2054 3918 2374 3974 magnarum
2428 3918 2616 3957 rerum
2675 3901 2856 3972 opifex
2888 3944 2904 3970 ,
2956 3904 3052 3959 sed
3106 3914 3165 3959 ut
3221 3922 3541 3979 magnorum

1965 3996 2235 4049 donorum
2267 3992 2497 4062 largitor
2536 4009 2549 4046 :
2586 4000 2639 4047 et
2690 4004 2977 4063 propterea
3036 3995 3194 4049 valde
3235 3997 3544 4053 laudandus

1963 4094 2070 4142 est.
2111 4084 2268 4152 Quod
2303 4084 2351 4140 si
2386 4084 2572 4138 nullus
2600 4092 2687 4139 est
2720 4084 2846 4139 linis
2879 4085 3080 4141 divina:
3123 4089 3541 4158 magnitudinis,

1965 4187 2369 4248 consequenter
2417 4176 2600 4231 nuilus
2647 4177 2753 4231 erit
2801 4177 2967 4232 etiam
3023 4179 3227 4236 divinis
3289 4182 3543 4239 laudibus

1966 4268 2185 4324 modus.

2034 4357 2196 4413 Vens.
2255 4359 2309 4413 4.
2354 4358 2633 4414 Generatio
2679 4368 2729 4412 et
2781 4361 3049 4429 generatio
3094 4361 3341 4416 laudabit
3385 4380 3543 4429 opera

1965 4461 2079 4506 tua.
2127 4452 2262 4507 Tam
2292 4466 2535 4522 praesens
2566 4451 2880 4519 generatio,
2913 4467 3078 4523 quam
3132 4469 3254 4524 quae
3311 4467 3538 4511 ventura

1964 4552 2049 4599 est
2073 4584 2089 4609 ,
2126 4543 2230 4598 hoc
2256 4552 2340 4599 est
2364 4545 2543 4599 omnis
2575 4543 2883 4614 generatio.
2915 4543 3089 4613 Opera
3134 4555 3317 4601 autem
3360 4548 3448 4603 hic
3477 4564 3539 4600 ea

1966 4635 2102 4690 dicit
2143 4633 2417 4705 PrOpheta
2446 4672 2464 4698 ,
2492 4649 2615 4705 qua:
2641 4635 2827 4690 mundi
2864 4635 3044 4700 initio,
3080 4636 3191 4693 illis
3230 4652 3323 4693 sex
3349 4640 3543 4695 diebus

1886 4724 1939 4785 Ι)
1970 4726 2112 4782 iacta
2148 4735 2279 4783 sunt
2309 4746 2322 4782 :
2360 4727 2442 4780 vel
2476 4727 2740 4782 miracula
2793 4734 2849 4782 et
2871 4729 3141 4799 prodigia,
3166 4746 3288 4800 quae
3319 4733 3541 4788 assiduo

1969 4821 2023 4874 in
2054 4821 2201 4874 omni
2232 4820 2583 4888 generatione
2612 4819 2684 4873 ab
2715 4834 2782 4873 eo
2810 4820 2926 4875 ﬁeri
2957 4821 3251 4893 contingit.

2044 4909 2108 4964 Et
2143 4912 2429 4979 potentiam
2488 4919 2638 4963 tuam
2693 4912 3134 4979 pronuntiabunt.
3192 4913 3536 4978 Potentiam,

1967 5017 2130 5071 quam
2159 5003 2213 5056 in
2248 5001 2522 5071 praedictis
2540 5002 2710 5058 habes
2740 5004 3210 5073 generationibus,
3236 5005 3317 5057 vel
3343 5011 3529 5071 polen-

1964 5096 2095 5149 tiam
2131 5094 2426 5162 praestandi
2478 5095 2762 5161 beneﬁcia,
2807 5104 2862 5152 et
2895 5096 3170 5167 inﬂigendi
3221 5095 3532 5164 supplicia;

1964 5186 2372 5254 generationem
2401 5194 2582 5241 autem
2610 5196 2665 5241 et
2698 5188 3108 5256 generationem
3160 5199 3258 5239 eos
3276 5185 3535 5254 appellat,

1962 5279 2058 5348 qui
2094 5276 2147 5331 in
2182 5292 2511 5349 unaquaque
2557 5282 2913 5350 generatione
2964 5278 3241 5346 sapientes
3303 5288 3433 5332 sunt
3477 5288 3531 5333 et

1956 5368 2046 5424 Dei
2074 5380 2376 5436 amatores,
2405 5373 2500 5442 qui
2546 5373 2784 5442 primum
2816 5371 3036 5441 quidem
3070 5384 3101 5424 a
3127 5369 3326 5437 seipsis
3348 5369 3535 5424 divina

1952 5475 2116 5532 opera
2162 5463 2408 5529 laudant,
2437 5464 2631 5520 deinde
2657 5465 2821 5519 etiam
2849 5462 2970 5531 ejus
2995 5460 3293 5532 potentiam
3318 5462 3533 5518 ceteris

1952 5555 2301 5610 annuntiant.

3059 5745 3127 5808 41
