4102 6206
397 302 537 369 ῙΞΊἹ

1557 308 1944 371 COMMENT.
1988 309 2074 371 IN
2111 308 2479 374 PSALMOS.

3511 305 3645 370 1298

390 417 861 490 ὲφερμηνευτικόν
901 418 1017 471 ἐστι
1061 418 1175 486 τοῦ,
1213 420 1445 475 Αινέσω
1494 422 1713 490 Κύριον
1751 424 1820 478 ἐν
1859 422 1967 493 (toﬁ

2077 441 2209 491 meo,
2245 425 2482 492 quandiu
2514 424 2688 495 fuero,
2717 426 2892 495 magis
2938 435 3001 481 ea
3032 425 3333 486 declarant,
3366 437 3488 490 quae
3533 423 3646 490 jam

388 528 529 582 μου.

464 604 561 670 Μὴ
596 605 916 661 «excidam
946 607 1040 660 ἐπ’
1064 606 1379 677 ἄρχοντας,
1413 611 1509 665 ἐπὶ
1544 611 1714 678 υἱοὺς
1746 610 1970 680 ἀνθρώ·

392 711 543 761 πων,
572 691 664 761 οἷς
690 698 803 751 οὐκ
830 698 964 753 ἐστι
990 700 1274 768 σωτηρία.
1308 697 1404 765 Οἷς
1432 703 1533 757 οὐκ
1561 702 1678 757 ἔστι
1707 704 1768 758 τὸ
1799 704 1970 760 σῶσαι

392 788 641 851 ἑαυτούς.
681 790 742 843 Ei
782 789 840 843 δὲ
882 790 1111 854 ἑαυτοὺς
1150 792 1213 845 οὐ
1253 792 1511 851 δύνανται
1553 795 1747 859 σῶσαι,
1788 796 1968 867 πολλῷ

394 878 596 950 μᾶλλον
627 880 865 951 ἐτέρους.
907 883 1070 955 Ὁρᾷς
1107 884 1216 956 γὰρ
1249 885 1397 950 ὅπως
1428 888 1617 950 πόσοις
1647 891 1743 945 καὶ
1777 890 1968 962 διαφόο

394 988 508 1043 ροις
538 972 856 1028 ὑπόκεινται
887 976 1154 1041 κινδύνοις
1209 983 1302 1032 καὶ
1332 980 1530 1045 νόσοις,
1560 982 1655 1036 καὶ
1683 981 1774 1036 τὸν
1804 983 1968 1037 θάνα-

389 1079 483 1116 τον
514 1065 778 1134 ἐκφυγεῖν
808 1066 870 1120 οὐ
900 1066 1178 1124 δύνανται.
1216 1072 1592 1128 ’Λκουέτωσαν
1621 1074 1671 1127 oi
1703 1076 1838 1146 πρὸς
1867 1076 1969 1140 τὰς

388 1153 734 1225 ἀνθρωπίνας
773 1160 1064 1228 κεχηνότες
1106 1162 1422 1236 ἀντιλήψεις
1491 1167 1587 1219 καὶ
1627 1169 1963 1241 συμμαχίας.

389 1241 524 1299 Εἶτα
549 1245 815 1316 δείκνυσι,
845 1251 965 1316 πῶς
990 1254 1094 1308 οὐκ
1120 1254 1271 1309 ἐστιν
1299 1257 1484 1323 αὐτοῖς
1512 1260 1780 1331 σωτηρία.

474 1424 893 1490 Ἔξελεύσεται
934 1433 1002 1487 τὸ
1045 1436 1285 1507 πνεῦμα
1328 1426 1636 1496 αὐτοῦᾸἮ
1682 1441 1828 1517 ψυχὴ
1868 1445 1965 1499 τοῦ

386 1514 670 1585 ἄρχοντος,
700 1520 787 1589 ἐφ’
809 1522 868 1576 ὃν
898 1525 1184 1589 πέποιθας.

454 1609 563 1703 Kal
597 1611 943 1683 ἐπιστρέψει
974 1619 1063 1684 εἱς
1089 1619 1204 1687 τὴν
1228 1622 1347 1692 γῆν
1372 1626 1579 1682 αὑτοῦ.
1619 1629 1968 1703 Ἐπιστρέψει

387 1700 571 1795 αξξδῆ
598 1703 716 1775 ἦτοι
740 1706 799 1758 τὸ
826 1708 985 1795 σῶμα
1012 1712 1178 1765 αὐτοῦ
1205 1715 1284 1775 εις
1305 1717 1404 1786 τὴν
1429 1718 1532 1785 γῆν
1557 1720 1615 1787 ἐξ
1639 1715 1708 1793 ἧς
1733 1700 1964 1795 ἐλήφθη.

389 1788 478 1858 Γῆ
513 1792 640 1863 γὰρ,
676 1797 859 1865 φησὶν,
893 1794 968 1865 εἴ,
1000 1799 1095 1854 καὶ
1123 1805 1209 1869 εἰς
1239 1804 1359 1875 γῆν
1386 1788 1723 1883 ἀπελεύσῂ.

473 1967 579 2025 Ἕν
622 1970 827 2046 ἐκείνῃ
870 1975 945 2044 τῇ
989 1977 1179 2049 ἡμέρῃ
1225 1983 1600 2042 ἀπολοῦνται
1641 1989 1866 2059 πάντες
1911 1997 1965 2049 οἱ

386 2055 762 2153 διαλογισμοὶ
801 2066 1020 2125 αὐτῶν.
1059 2069 1305 2146 Ἠμέραν
1337 2075 1486 2145 λέγει
1518 2079 1618 2151 τὴν
1648 2085 1748 2153 τῆς
1784 2055 1965 2151 ἐξόδου

386 2148 484 2216 τῆς
524 2151 707 2222 ψυχῆς
733 2170 748 2185 ο
782 2154 1173 2229 διαλογισμοὺς
1216 2162 1307 2229 δὲ,
1350 2167 1476 2231 τοὺς
1518 2148 1646 2241 περὶ
1692 2148 1966 2241 βιαη-ικῶν

391 2244 756 2312 πραγμάτων,
801 2249 1033 2305 πλούτου
1064 2255 1156 2307 καὶ⁵
1184 2256 1362 2328 δόξης,
1394 2260 1488 2314 καὶ
1517 2261 1841 2332 δυναστείας
1869 2267 1967 2322 καὶ

391 2333 722 2428 συμμαχίας,
750 2338 845 2390 καὶ
867 2340 974 2393 τῶν
993 2344 1269 2401 τοιούτων.
1299 2347 1453 2403 Ἐπεὶ
1476 2350 1535 2404 δὲ
1559 2351 1667 2409 τῶν
1691 2355 1969 2428 ἀνθρωπε-

387 2426 810 2523 νωναπήγ-αγεν
839 2433 1071 2490 ἐλπίδων
1089 2476 1103 2500 ,
1137 2438 1379 2495 δείκνυσι
1409 2442 1599 2500 λοιπὸν
1624 2446 1717 2504 τὸν
1746 2426 1963 2523 ἀσφαλῆ

387 2511 724 2612 memet»:
749 2520 963 2593 ὀχυρὸν,
990 2527 1083 2579 τὸν
1108 2528 1336 2600 πῦργον.
1368 2535 1583 2605 Τρόπος
1609 2537 1718 2611 γὰρ
1743 2511 1966 2612 ἄριστος

390 2610 797 2678 παραινέσεως,
830 2614 1069 2685 ἁπάγειν
1103 2618 1207 2689 μὲν
1235 2622 1344 2675 τῶν
1376 2627 1617 2698 σαθρῶν.
1644 2610 1875 2700 ἀνάγειν
1906 2635 1964 2688 δὲ

386 2792 442 2887 δὲ
474 2795 544 2847 τὰ
579 2796 809 2868 ἁληθινά
837 2816 851 2830 ⁸
889 2804 983 2855 καὶ
1014 2804 1313 2878 διελέγχειν
1347 2811 1451 2882 μὲν
1520 2814 1590 2869 τὰ
1625 2792 1958 2887 ἀπατῶντα,

384 2885 651 2951 δεικνύειν
680 2890 735 2943 δὲ
765 2891 832 2945 τὰ
860 2893 1191 2965 ὠφελοῦντα.

458 3150 760 3244 Μακάριος
793 3150 868 3211 οὗ
902 3159 937 3211 ό
974 3159 1119 3228 Θεὸς
1142 3161 1376 3231 Ἰακὼϐ,
1406 3169 1639 3238 ,βοηθὸς
1671 3173 1888 3239 αὑτοῦ,
1922 3175 1961 3244 ἦ
1993 3133 2036 3191 c

386 3241 563 3309 ἐλπὶς
597 3246 784 3301 αὑτοῦ
815 3247 914 3303 ἐπὶ
954 3252 1174 3321 Κύριον
1206 3258 1312 3311 τὸν
1344 3260 1492 3313 Θεὸν
1519 3262 1728 3317 αὐτοῦ.
1764 3266 1873 3319 Καὶ
1905 3241 1962 3320 ὲν

385 3339 463 3409 τῷ
496 3341 612 3411 ρις⁹
652 3342 850 3412 ψαλμῷ
898 3344 1116 3419 εἴρηται
1165 3350 1343 3407 τοῦτο.
1401 3354 1654 3423 Ἀγαθὸν
1685 3358 1962 3414 πεποιθέ-

384 3450 483 3487 ναι
509 3434 605 3488 ἐπὶ
636 3439 874 3506 Κύριον,
899 3440 937 3508 ἣ
964 3440 1222 3504 ἐλπίζειν
1241 3445 1625 3515 ἐπ’ἇρχουσι.
1653 3450 1960 3522 Μακάριος,

387 3528 571 3597 φησὶν,
599 3522 661 3582 οὗ
688 3532 716 3582 ό
742 3531 875 3596 Θεὸς
899 3533 995 3586 τοῦ
1024 3533 1220 3588 Ἰακὼϐ
1252 3536 1463 3607 βοηθὸς,
1494 3540 1523 3591 δ
1554 3540 1713 3608 μόνος
1745 3543 1839 3594 καὶ
1868 3561 1962 3596 κυ-

388 3622 520 3689 ρίως
555 3620 688 3685 Θεός
713 3640 727 3654 °
766 3624 853 3693 ἐφ’
877 3623 936 3677 ὃν
972 3626 1168 3679 Ἰακὼὸ
1205 3628 1509 3694 πεποιθὼς,
1547 3630 1679 3700 ὅσης
1717 3633 1810 3685 καὶ
1849 3634 1967 3697 οἵας

389 3711 644 3782 βοηθείας
694 3713 1000 3784 ἀπήλαυσε.
1055 3716 1241 3771 Ταῦτα
1289 3718 1400 3791 γὰρ
1451 3722 1483 3791 ή
1534 3722 1823 3793 προσθήκη
1868 3723 1965 3777 τοῦ

397 3802 608 3857 Ἰακὼϐ
644 3807 918 3875 ἐμφαίνει.
963 3802 1096 3861 Εἶτα
1136 3809 1283 3878 λέγει
1352 3811 1447 3865 καὶ
1489 3811 1590 3883 τὴν
1628 3813 1725 3866 τοῦ
1768 3814 1965 3885 βοηθοῦ

387 3896 578 3949 τούτου
605 3897 865 3966 δύναμιν,
896 3899 1046 3955 ὼσὰν
1074 3902 1167 3956 ἐπὶ
1196 3902 1383 3957 τοῦτον
1418 3904 1655 3975 μάλιστα
1684 3905 1965 3976 καταφεύ-

388 4004 594 4058 γωμεν.

2076 517 2220 573 dicta
2247 526 2392 581 sunt,
2420 517 2521 572 hoc
2540 517 2907 582 est,Laudabo
2932 516 3214 570 Dominum
3236 515 3288 568 in
3311 514 3417 568 vita
3444 529 3554 566 mea
3578 515 3657 566 ”.‘

2146 605 2308 663 Vsus.
2343 607 2396 662 5.
2434 606 2612 661 Nolite
2661 607 2920 675 conﬁdere
2952 608 3007 660 in
3056 605 3398 676 principibus,
3441 606 3492 657 in
3523 604 3644 671 filiis

2076 699 2369 763 hominum,
2397 700 2452 753 iu
2473 700 2661 769 quibus
2689 716 2788 753 non
2814 711 2888 754 est
2919 699 3088 753 salus.
3111 697 3172 752 In
3203 697 3403 767 quibus
3429 710 3533 749 non
3566 704 3651 749 est

2076 790 2249 852 salus,
2283 800 2341 845 ut
2384 791 2598 860 seipsos
2628 790 2845 845 salvare
2896 790 3130 860 possint.
3163 786 3321 853 Quod
3355 787 3401 842 si
3435 787 3650 856 seipsos

2074 882 2286 938 salvare
2339 892 2641 951 nequeunt,
2707 881 2877 936 multo
2932 881 3114 935 minus
3167 880 3305 934 alios
3372 887 3649 947 poterunt.

2073 971 2437 1028 Considerare
2484 973 2630 1029 enim
2666 982 2846 1045 potes,
2886 971 3164 1043 quomodo
3203 970 3374 1025 variis
3409 968 3645 1038 subjecti

2074 1071 2201 1119 sunt
2228 1062 2646 1134 :egritudinibus
2687 1072 2741 1119 et
2777 1062 3062 1132 periculis,
3096 1070 3259 1129 atque
3292 1060 3395 1130 ipsi
3429 1059 3648 1114 demum

2073 1155 2262 1219 morti,
2313 1170 2476 1225 quam
2518 1156 2749 1211 minime
2796 1154 3036 1225 eﬂ'ugere
3099 1160 3356 1224 possunt.
3411 1150 3653 1204 Audiant

2073 1246 2190 1300 haec
2220 1244 2408 1317 igitur,
2458 1245 2552 1315 qui
2584 1245 2651 1300 ad
2684 1244 2919 1299 humana
2973 1241 3327 1298 oscitabuntli
3357 1239 3653 1295 attendunt

2073 1336 2298 1392 auxilia.
2321 1335 2528 1392 Deinde
2548 1336 2732 1401 docet,
2763 1333 3040 1404 quomodo
3062 1349 3169 1389 non
3194 1332 3265 1388 sit
3285 1332 3437 1386 salus
3466 1331 3519 1384 in
3547 1331 3648 1384 eis.

2142 1427 2395 1485 VERS.‘.
2430 1428 2609 1483 Exibit
2659 1429 2873 1495 spiritus
2953 1427 3090 1497 ejus.
3142 1426 3338 1480 Anima
3390 1422 3649 1478 nimirum

2073 1519 2220 1574 illius
2248 1518 2536 1590 principis,
2565 1520 2619 1574 in
2651 1535 2763 1590 quo
2792 1519 3047 1575 conﬁdis.

2143 1612 2212 1664 Et
2245 1588 2529 1664 reve'rtetur
2570 1610 2624 1663 in
2649 1588 2842 1664 terram
2889 1626 3061 1665 suam.
3098 1609 3220 1678 Ipse
3249 1609 3461 1665 scilicet
3500 1607 3650 1677 prin-

2073 1716 2222 1772 ceps.
2256 1701 2360 1756 hoc
2391 1709 2499 1765 est,
2535 1701 2683 1756 illius
2712 1716 2935 1772 corpus,
2985 1701 3039 1755 in
3085 1710 3286 1756 terram
3321 1708 3647 1764 revertetur,

1939 1785 1943 1864 ί
1997 1785 2039 1840 Β
2071 1807 2096 1845 a
2130 1807 2236 1858 qua
2280 1792 2440 1846 initio
2481 1792 2809 1861 desumptus
2838 1803 2923 1849 est
2954 1816 2967 1850 ;
3003 1793 3189 1859 Terra,
3242 1794 3407 1859 cnim,
3449 1792 3647 1863 inquit,

2064 1901 2143 1950 es,
2168 1894 2216 1939 et
2246 1887 2300 1937 in
2331 1896 2530 1940 terram
2562 1886 2831 1940 rererteris
2866 1886 2904 1942 ¹.

2139 1975 2205 2029 In
2240 1975 2333 2030 illa
2388 1977 2472 2031 die
2521 1977 2764 2046 peribunt
2794 1993 2975 2032 omnes
3010 1977 3357 2046 cogitationes
3404 1976 3539 2046 ejus.
3576 1975 3650 2030 De

2067 2068 2157 2124 die
2193 2069 2439 2138 loquitur
2468 2069 2652 2125 exitus
2685 2070 2884 2125 anima:
2917 2084 2946 2123 a
2988 2085 3241 2140 corpore.
3274 2069 3650 2141 Cogitationes

2066 2178 2201 2219 vero
2236 2177 2331 2218 eas
2367 2162 2637 2234 intelligit,
2670 2177 2811 2234 quas
2864 2170 3118 2217 mortuus
3167 2162 3257 2216 hic
3291 2163 3547 2232 princeps
3582 2161 3651 2215 de

2067 2256 2254 2313 saeculi
2312 2256 2478 2312 rebus
2515 2256 2783 2312 habuerat
2838 2273 2852 2312 :
2890 2255 2960 2310 de
3005 2254 3214 2310 divitiis
3263 2254 3546 2319 nimirum,
3581 2254 3649 2307 de

2067 2352 2241 2423 gloria
2272 2359 2327 2407 et
2371 2351 2634 2420 potentia,
2665 2351 2734 2407 de
2794 2350 3263 2409 confmderatione
3326 2358 3492 2421 atque
3524 2340 3651 2407 aliis

2068 2444 2407 2515 huiusmodi.
2457 2443 2755 2516 Postquam
2807 2460 2941 2500 vero
2978 2445 3046 2500 ab
3097 2445 3334 2499 humana
3382 2448 3479 2514 spe
3514 2441 3650 2497 Pro-

2066 2537 2231 2608 pheta
2263 2538 2522 2593 lectorem
2555 2538 2807 2602 abduxit,
2839 2537 2983 2607 quod
3037 2537 3307 2607 reliquum
3337 2545 3442 2600 est,
3470 2541 3645 2590 tutum

2065 2628 2117 2683 ei
2171 2643 2236 2683 ac
2277 2643 2532 2685 securum
2590 2629 2853 2698 deinceps
2912 2638 3134 2699 portum
3186 2627 3443 2694 ostendit,
3485 2639 3648 2697 atque

2067 2718 2557 2791 inexpugnabilem
2583 2720 2882 2793 quamdam
2916 2722 3137 2776 turrim.
3170 2720 3267 2777 Est
3290 2731 3467 2774 autem
3504 2720 3649 2789 apti:

2068 2826 2192 2865 mus
2228 2810 2559 2868 admonendi
2602 2813 2821 2877 modus,
2871 2813 3109 2882 primum
3147 2811 3215 2866 ab
3250 2811 3651 2865 inﬁrmioribus

2068 2902 2380 2971 abducere,
2438 2912 2494 2960 et
2549 2904 2748 2962 deinde
2802 2904 3037 2960 fortiora
3093 2911 3336 2960 statuere
3392 2921 3407 2958 :
3460 2902 3653 2959 inania

2068 2993 2376 3061 destruere,
2408 3004 2465 3052 et
2486 3013 2611 3053 vero
2656 2998 2893 3070 erigere,
2934 3012 3166 3070 arguere
3205 2996 3443 3063 fallacia,
3485 3004 3649 3066 atque

2069 3087 2224 3141 utilia
2255 3086 2660 3144 demonstrare.
3640 3108 3645 3111 ‘

2139 3177 2307 3234 Vens.
2341 3180 2395 3234 5.
2433 3179 2635 3236 Beatus
2684 3182 2836 3251 cujus
2868 3181 3006 3238 Deus
3051 3182 3221 3238 Iacob
3256 3181 3470 3251 adjutor
3508 3183 3653 3251 ejus,

2066 3287 2181 3335 ,ςγδι
2206 3271 2321 3341 ejus
2352 3271 2407 3325 in
2442 3271 2666 3327 Domino
2704 3272 2813 3329 Deo
2853 3273 2989 3342 ejus.
3021 3274 3081 3330 In
3129 3276 3340 3355 psalmo
3371 3290 3515 3330 cxvu
3563 3275 3653 3330 di-

2024 3390 2035 3403 ~
2066 3370 2214 3416 ctum
2245 3372 2328 3418 est
2361 3379 2376 3417 :
2425 3361 2634 3418 Bonum
2662 3373 2740 3419 est
2794 3365 3057 3434 conﬁdere
3110 3366 3165 3419 in
3213 3365 3458 3431 Domino,
3489 3382 3650 3436 quant

2066 3455 2329 3521 conﬁdere
2358 3455 2413 3507 iu
2450 3455 2697 3520 homine;
2730 3455 2920 3511 bonum
2955 3467 3033 3511 est
3067 3473 3281 3528 sperare
3309 3458 3365 3510 in
3398 3456 3649 3522 Domino,

2066 3560 2223 3612 quam
2275 3559 2486 3611 sperare
2530 3546 2585 3597 in
2631 3545 2978 3613 principibus.
3020 3545 3245 3613 Beatus,
3280 3546 3485 3617 inquit,
3534 3547 3647 3611 ille,

2070 3635 2229 3704 cujus
2258 3635 2479 3706 adjutor
2509 3646 2592 3692 est
2622 3635 2764 3692 Deus
2792 3636 2985 3704 Jacoh,
3029 3639 3122 3707 qui
3154 3639 3307 3694 solus
3340 3655 3469 3693 vere
3505 3639 3649 3694 Deus

2070 3737 2180 3789 cst,
2219 3725 2275 3779 in
2303 3740 2412 3795 quo
2461 3726 2773 3797 patriarcha
2804 3728 2921 3793 ipse
2954 3726 3126 3783 Jacob
3174 3728 3305 3782 olim
3330 3727 3512 3782 'iretus
3542 3738 3647 3792 est,

2069 3832 2099 3870 a
2124 3831 2233 3886 quo
2263 3833 2372 3871 non
2414 3818 2639 3889 vulgare
2669 3819 2933 3874 auxilium
2989 3820 3043 3874 in
3072 3820 3497 3875 necessitatibus
3530 3821 3651 3875 suis

2069 3909 2388 3980 reportavit.
2421 3908 2534 3965 Hoc
2557 3910 2702 3964 enim
2731 3911 3043 3982 significare
3076 3910 3210 3965 mihi
3257 3912 3516 3966 videntur
3558 3912 3651 3968 illa
3740 3926 3746 3932 ‘

2067 4002 2230 4054 verba
2257 4016 2274 4056 :
2303 4000 2442 4055 Deus
2467 4000 2661 4056 Iacob.
2704 4002 2906 4058 Deinde
2939 4002 3212 4071 adjutoris
3252 4003 3420 4073 hujus
3452 4012 3648 4074 poten.

389 4086 518 4138 tiam
574 4094 799 4153 narrat;
846 4101 909 4141 ea
959 4088 1214 4145 nimirum
1258 4090 1496 4158 ratione,
1559 4099 1620 4148 ut
1672 4093 1738 4147 ad
1786 4091 1963 4159 illum,
2004 4090 2175 4146 veluti
2213 4093 2283 4147 ad
2312 4095 2760 4162 potentissimum
2798 4095 3045 4151 omnium
3115 4096 3442 4175 principem,
3515 4112 3649 4155 con.-

391 4178 684 4247 fugiamus.

462 4273 576 4325 Τὸν
603 4270 945 4338 ποιήσαντα
1005 4273 1113 4327 τὸν
1161 4276 1426 4343 οἰφανὸν
1482 4276 1581 4330 καὶ
1644 4276 1762 4344 τὴν
1817 4276 1959 4346 γῆν,

389 4365 504 4427 τὴν
535 4362 859 4415 θάλασσαν
891 4360 989 4415 καὶ
1019 4361 1215 4416 πάντα
1243 4364 1312 4417 τὰ
1348 4365 1420 4418 ἐν
1458 4363 1680 4431 αὐτοῖς,
1716 4366 1823 4419 τὸν
1847 4384 1963 4435 φυ-

2136 4273 2304 4329 Vsns.
2335 4272 2389 4338 6,
2427 4274 2478 4327 7.
2513 4272 2616 4338 Qui
2642 4272 2769 4342 fecit
2802 4272 2984 4328 ctelum
3038 4282 3088 4328 et
3120 4284 3340 4341 terram,
3398 4293 3544 4331 mare
3597 4290 3649 4332 et

2067 4368 2247 4423 omnia
2295 4381 2413 4436 qua:
2443 4367 2496 4419 in
2527 4366 2602 4419 eis
2648 4374 2820 4419 sunt:
2870 4366 2968 4435 qui
3016 4367 3248 4420 custodit
3295 4368 3560 4422 veritatem
3592 4371 3649 4423 in

385 4455 700 4509 ,ιὰσσοντα
711 4452 1002 4524 ἀλήθεῖαν
1027 4457 1115 4520 εἷς
1141 4454 1247 4511 τὸν
1272 4453 1475 4513 αἰῶνα.
1507 4456 1608 4511 Τὸν
1633 4457 1964 4525 ἁληΟεύο-.τα

2069 4460 2341 4515 sa'culunt.
2371 4457 2476 4525 Qui
2512 4473 2729 4527 semper
2776 4473 2939 4512 verax
2990 4468 3093 4525 est,
3127 4468 3181 4514 et
3216 4461 3437 4530 quando
3477 4463 3646 4519 benc-

390 4547 630 4602 πάντοτε
675 4548 772 4602 καὶ
824 4548 885 4601 ὲν
913 4551 1037 4611 ταῖς
1066 4548 1416 4617 ἐσαγγελίαις
1458 4549 1568 4604 τῶν
1602 4549 1971 4621 εὐεργεσιῶν,

389 4642 487 4695 καὶ
511 4640 570 4694 ὲν
599 4643 720 4704 ταῖς
742 4641 994 4706 ἀπειλαῖς
1022 4643 1131 4695 τῶν
1159 4643 1463 4714 τιμωριῶν.

462 4735 761 4789 Ποιοῦντα
807 4734 989 4803 κρίμα
1037 4734 1161 4799 τοῖς
1201 4735 1643 4804 ἀδικουμένοις.
1691 4737 1765 4790 Οὐ
1800 4737 1961 4808 μόνον

390 4827 533 4880 κατὰ
559 4826 644 4888 τὸ,
685 4825 848 4895 Ἐμοὶ
875 4825 1212 4894 ἐκδίκησις,
1264 4824 1379 4893 ἐγὼ
1423 4825 1850 4892 ἀνταποδώσω,
1871 4828 1961 4881 λέ-

389 4936 478 4986 γει
531 4917 761 4989 Κύριος.
818 4917 1061 4986 δηλονότι
1104 4917 1246 4970 κατὰ
1281 4917 1379 4971 τὴν
1424 4916 1724 4987 μέλλουσαν
1758 4919 1960 4988 κρίσιν,

390 5016 527 5069 ἀλλὰ
553 5017 648 5068 καὶ
688 5014 944 5067 ἐνταῦθα.

463 5106 711 5159 ..διδόντα
743 5105 976 5174 τροφὴν
1001 5103 1126 5170 τοῖς
1154 5102 1467 5158 πεινῶσιν.
1500 5103 1576 5157 Οὐ
1610 5104 1774 5173 μόνον
1823 5103 1963 5157 κατὰ

390 5200 472 5265 τὸ,
499 5198 790 5268 Μακάριοι
811 5200 866 5253 οι
887 5196 1210 5264 πεινῶντες
1243 5196 1341 5250 καὶ
1370 5196 1665 5266 διψῶντες
1707 5195 1825 5264 τὴν
1876 5197 1963 5251 δι-

394 5288 753 5355 καιοσύνην,
780 5286 872 5340 ὅτι
912 5284 1084 5339 αὐτοὶ
1116 5283 1668 5354 χορτασθήσονται,
1703 5284 1841 5339 ἀλλὰ
1869 5284 1964 5338 καὶ⁵

393 5380 451 5431 ὲν
480 5377 558 5448 τῷ
588 5379 817 5449 παρόντι
847 5376 966 5448 βιῳ·
986 5377 1080 5430 καὶ
1113 5376 1285 5446 μυρία
1317 5376 1544 5429 καὶτῶν
1562 5376 1968 5446 ὲκδικουμένων

393 5472 488 5523 ἐπὶ
519 5471 616 5539 τῆς
649 5470 883 5525 ἐνταῦθα
915 5470 1083 5542 ζωῆς,
1117 5469 1209 5522 καὶ
1239 5469 1350 5522 τῶν
1377 5468 1733 5540 τρεφομένων
1762 5468 1832 5522 τὰ
1857 5485 1965 5521 πα-

397 5562 761 5633 ρεδῑίγματα.

2069 4553 2191 4609 licia
2229 4552 2539 4623 pollicetur,
2570 4557 2631 4605 et
2656 4550 2870 4621 quoties
2898 4563 3088 4621 poenas
3112 4557 3501 4613 comminatur.

2142 4731 2248 4796 Qui
2306 4730 2434 4799 facit
2486 4729 2757 4798 judicium
2810 4730 3067 4799 injuriam
3128 4732 3471 4797 patientibus.
3528 4734 3643 4790 Non

2070 4826 2245 4879 solum
2268 4824 2426 4892 juxta
2458 4823 2622 4876 illud:
2655 4822 2783 4876 Mihi
2808 4824 3060 4889 vindicta,
3116 4835 3173 4879 ct
3218 4843 3309 4895 ego
3339 4829 3641 4889 retribuam,

2070 4917 2197 4969 dicit
2253 4914 2582 4981 Dominus”,
2643 4915 2698 4968 in
2734 4914 2919 4970 futuro
2956 4918 3214 4971 nimirum
3270 4920 3495 4984 seculo,
3547 4922 3644 4975 sed

2070 5009 2197 5078 quia
2238 5009 2492 5062 retribuit
2521 5009 2685 5063 etiam
2717 5010 2771 5062 in
2802 5011 3079 5079 praesenti.

2145 5101 2247 5154 Dat
2275 5118 2442 5154 escam
2490 5101 2858 5156 esurientibus.
2888 5099 3007 5156 Non
3038 5102 3212 5156 solum
3249 5101 3400 5170 juxta
3461 5102 3640 5160 illud:

2069 5192 2244 5259 Beati,
2293 5193 2383 5263 qui
2432 5193 2669 5247 esuriunt
2708 5201 2757 5248 et
2822 5193 3011 5247 sitiunt
3056 5191 3348 5259 justitiam,
3396 5196 3644 5262 quoniam

2072 5288 2172 5355 ipsi
2201 5285 2591 5340 saturabautur
2614 5285 2653 5351 ³,
2680 5284 2775 5340 sed
2805 5285 2991 5346 etiam,
3016 5283 3144 5351 quin
3172 5284 3224 5335 in
3250 5285 3502 5351 praesenti
3532 5287 3642 5340 vita

2070 5375 2215 5430 Deus
2252 5376 2628 5447 indigentibus
2678 5373 2947 5444 providet.
2988 5371 3226 5427 Possent
3256 5382 3438 5428 autem
3475 5376 3640 5431 innu,

2068 5468 2355 5521 tneraldlia
2408 5467 2590 5521 afferri
2653 5463 2898 5532 exempla
2940 5477 3136 5517 eorum
3196 5478 3337 5536 quos
3394 5465 3534 5522 Deus
3589 5468 3643 5522 in

2069 5558 2327 5629 praesenti
2374 5558 2505 5620 vita,
2552 5562 2646 5609 aut
2679 5556 2826 5607 ultus
2868 5561 2953 5608 est
3004 5564 3225 5625 propter
3268 5558 3499 5621 scelera,
3548 5569 3645 5614 aut

2078 5660 2303 5721 propter
2339 5648 2697 5717 indigentiam
2733 5646 2981 5710 nutrivit,
3019 5648 3269 5706 tribuens
3306 5651 3647 5707 necessaria.

468 5759 682 5815 "l‘sal.
728 5774 820 5827 cu,
860 5760 905 5814 Ι.
987 5761 999 5792 ¹
1037 5760 1170 5815 Gen.
1216 5778 1294 5829 ιιι,
1331 5763 1407 5819 19.
1490 5768 1507 5796 ¹
1550 5764 1707 5823 Deut.
1740 5781 1911 5832 xxxii,
1949 5766 1967 5820 2

2088 5763 2257 5831 ΙΙβὶπ.
2301 5781 2350 5830 v,
2382 5765 2472 5819 5t).
2552 5762 2570 5793 ³
2598 5751 2787 5816 Matth.
2834 5777 2884 5829 ν,
2912 5761 2965 5817 6.
