4102 6206
406 319 435 391 ,1
446 322 551 388 305

1548 318 1692 381 (ΣοΜ
1704 316 1935 380 ΜΕΝΤ.
1968 317 2050 380 ΙΝ
2090 315 2455 380 PSALMOS.

3522 306 3663 374 1306

406 448 533 494 τους
567 430 804 486 ἐνταῦθα
846 429 1205 504 μνημονεύει·
1232 430 1442 486 νεοσσοὶ
1469 428 1527 483 δὲ
1564 430 1821 500 κοράκων
1845 431 1981 484 ἀνα-

2087 422 2319 493 dentur,
2369 434 2425 482 et
2475 426 2607 499 quia
2658 424 2879 481 illorum
2951 424 3162 480 clamor
3218 420 3657 479 obsecrationem

406 523 683 592 γωγικῶς,
712 525 762 577 oi
795 524 855 591 ἐξ
913 525 1107 590 ἐθνῶν,
1131 525 1239 579 τῶν
1294 523 1564 594 ἀκάρπων
1591 522 1689 575 καὶ
1737 521 1983 591 μεμολυ-

410 618 623 686 σμένων
656 617 756 681 τὰς
784 617 962 687 ψυχὰς
994 617 1075 688 τῷ
1106 616 1256 687 ζόφῳ
1298 615 1399 684 τῆς
1427 614 1726 684 ἁμαρτίας,
1751 611 1835 676 οἷς
1899 612 1983 667 δί-

405 709 540 762 δωσι
574 710 787 779 τροφὴν
824 712 852 763 ὀ
877 709 1014 770 Θεὸς
1052 707 1433 777 πνευματικήν
1464 722 1523 759 τε
1580 711 1676 758 καὶ
1708 706 1785 775 μὴ
1813 704 1985 759 ἀπολ-

404 802 666 872 λυμένην·
696 803 819 856 ἐπεὶ
840 802 896 855 δὲ
924 801 1171 862 ἀσθενεῖς
1196 796 1339 871 ἦσαν
1370 801 1435 852 ὲκ
1461 798 1560 866 τῆς
1581 796 1983 869 αἰχμαλωσίας,

407 895 503 947 καὶ
538 896 721 947 ὃπλων
755 893 978 964 ἔρημοι,
1017 894 1113 945 καὶ
1146 889 1362 945 πάντων
1412 889 1855 960 γεγυμνωμένοι,
1890 887 1985 951 ἵνα

2086 518 2378 590 quamdam
2402 533 2468 573 ac
2499 532 2690 585 preces
2713 518 2983 573 imitatur.
3024 515 3138 570 llac
3168 515 3338 582 igitur
3377 513 3447 566 de
3491 524 3662 566 causa

2088 622 2237 663 ntinc
2280 621 2571 675 corvorum
2597 607 2912 677 specialiter
2945 605 3215 660 meminit.
3255 603 3415 657 Juxta
3459 614 3667 669 anago-

2088 714 2189 769 gcn
2218 700 2559 756 :Corvorutn
2583 700 2715 769 pulli
2739 699 2926 755 fideles
2951 697 3137 769 populi
3163 706 3294 752 sunt
3317 711 3382 751 ex
3408 694 3664 763 gentibus

2091 792 2432 862 congregati.
2465 792 2632 847 veluti
2682 792 2776 862 qui
2823 789 3089 845 immundi
3126 796 3304 851 erant,
3338 795 3393 841 et
3428 784 3667 838 foedatos

2090 885 2300 953 peccati
2355 883 2592 954 caligine
2644 883 2776 939 olim
2833 882 3050 936 animas
3091 880 3366 934 habebant
3403 894 3418 933 :
3458 874 3664 946 quibus

2089 974 2231 1030 Deus
2261 975 2604 1044 spiritualcm
2625 975 2811 1030 cibum
2845 973 3072 1044 prabet,
3104 981 3290 1026 etnon
3312 976 3665 1040 pereuntem.

414 986 540 1053 μηδ’
569 985 824 1039 ἐντεῦθεν
859 984 1222 1057 θορυδῶνται,
1253 983 1350 1036 καὶ
1373 984 1577 1049 ταύτην
1601 980 1783 1034 αὐτῶν
1819 980 1984 1052 θερα-

1876 1059 1879 1063 ’
2087 1066 2312 1135 (Dicunt
2351 1066 2517 1122 etiam
2577 1065 2768 1135 aliqui,
2801 1064 2950 1136 quod
2982 1079 3111 1119 cum
3148 1063 3260 1124 ille.
3303 1059 3398 1131 qui
3441 1070 3671 1113 summae

405 1070 565 1125 πεὺει
596 1072 695 1144 τὴν
718 1074 977 1144 ὑποψίαν,
1009 1073 1185 1142 λέγων
1226 1088 1242 1102 ·

292 1210 299 1213 .
406 1162 670 1220 bonitatis
702 1175 787 1221 est
806 1166 952 1233 fons,
980 1166 1187 1236 justam
1221 1165 1351 1221 Elia:
1377 1161 1735 1236 prophetaein
1759 1159 1980 1216 Iudaeos
2018 1159 2457 1228 indignationem
2494 1160 2713 1214 mollire
2782 1167 3028 1229 cuperet,
3066 1156 3263 1211 famem
3314 1151 3545 1215 induxit,
3610 1158 3672 1204 ut

386 1256 672 1313 satietatis
724 1256 936 1313 fructus
1005 1260 1300 1326 castigaret
1367 1277 1382 1312 :
1453 1266 1507 1312 et
1542 1256 1697 1311 illum
1747 1253 2076 1324 praeparavit
2113 1252 2313 1307 nutriri
2344 1268 2374 1307 a
2405 1267 2593 1314 corvo,
2636 1267 2665 1305 a
2702 1251 2926 1306 volucre
2953 1250 3097 1314 dico,
3122 1247 3326 1319 proprii
3359 1245 3526 1302 fretus
3560 1244 3671 1297 ini-

408 1351 572 1416 mica,
615 1366 736 1420 quae
762 1354 907 1421 parit
930 1351 1148 1422 quidem
1181 1351 1380 1419 pullos.
1415 1348 1508 1404 sed
1535 1363 1631 1404 eos
1663 1361 1771 1401 non
1794 1344 1970 1399 nutrit
2009 1343 2355 1414 (nutriuntur
2406 1344 2552 1399 enim
2582 1343 2964 1398 minutissimis
3023 1340 3350 1412 quibusdam
3415 1334 3671 1392 animali'

404 1439 530 1504 bus,
559 1457 680 1512 quae
732 1442 945 1496 illorum
988 1441 1149 1496 nidos
1178 1438 1605 1509 circumvolant)
1639 1455 1654 1492 :
1734 1449 1800 1490 ac
1870 1432 2186 1503 huiusmodi
2230 1432 2396 1499 iacto,
2432 1433 2587 1488 visus
2616 1443 2702 1488 est
2738 1433 3033 1489 consilium
3073 1430 3205 1486 Elia:
3267 1429 3531 1501 praebere.
3568 1440 3671 1479 ne-

403 1534 571 1588 nimia
615 1534 669 1588 in
725 1531 942 1591 Iudaeos
995 1534 1370 1605 indignatione
1420 1539 1690 1595 uteretur,
1737 1542 1874 1584 neve
1921 1541 1980 1582 se
2018 1526 2387 1581 inhumanum
2442 1527 2622 1597 magis
2674 1525 3012 1590 ostenderet,
3063 1539 3228 1596 quam
3273 1524 3329 1579 in
3393 1536 3519 1578 eum
3584 1505 3670 1574 vel

402 1626 493 1680 illa
522 1626 639 1680 avis
669 1626 857 1692 fuerit,
897 1644 1019 1697 qua:
1048 1636 1202 1683 tanto
1246 1627 1374 1683 odio
1401 1627 1652 1697 proprios
1714 1621 2062 1695 persequitur
2092 1621 2278 1691 filios).
2313 1619 2454 1687 Quia
2481 1636 2616 1675 vero
2635 1617 2839 1684 Judaei,
2907 1620 2998 1691 qui
3040 1633 3109 1675 ex
3193 1616 3518 1688 Babylonica
3584 1628 3655 1668 re

403 1719 549 1771 versi
603 1718 823 1774 fuerant
874 1718 1213 1789 captivitate,
1262 1718 1471 1775 debiles
1514 1726 1696 1781 erant,
1739 1728 1803 1769 ac
1859 1712 1980 1767 sine
2018 1713 2208 1778 armis,
2286 1712 2655 1782 omnibusque
2729 1712 2852 1767 aliis
2923 1710 3092 1765 rebus
3139 1708 3421 1772 denudati,
3470 1707 3671 1760 timens

403 1812 678 1883 Propheta
727 1827 796 1867 ne
864 1813 1076 1870 idcirco
1125 1813 1312 1869 animo
1385 1808 1869 1885 perturbarentur,
1916 1806 2059 1861 hanc
2095 1821 2285 1862 eorum
2328 1806 2383 1861 in
2420 1807 2782 1878 sequentibus
2830 1807 3050 1862 timoris
3092 1805 3462 1875 suspicionem
3485 1811 3667 1871 sanat,

402 1904 595 1956 dicens
633 1919 649 1954 :

474 2000 599 2051 Οὐκ
622 1997 693 2051 ὲν
713 1996 789 2066 τῇ
824 1997 1156 2066 δυναστείᾳ
1175 1998 1283 2053 τοῦ
1307 1999 1498 2053 ἵππου
1541 1996 1811 2063 θελήσει,
1838 1992 1983 2049 οὐδὲ

2152 1988 2321 2046 Vens.
2356 1989 2443 2055 10,
2469 1988 2558 2044 Η.
2588 1988 2708 2043 Non
2740 1990 2794 2043 in
2826 1987 3142 2058 fortitudine
3164 1986 3285 2056 equi
3315 1985 3472 2046 volet,
3502 1997 3667 2052 neque

400 2091 471 2145 ἐν
496 2090 626 2158 ταῖς
655 2092 915 2160 κνήμαις
945 2092 1049 2146 τοῦ
1074 2091 1298 2160 ἀνδρὸς
1330 2091 1587 2146 εὐδοκεῖ.
1621 2091 1853 2160 Θέλησιν
1885 2089 1981 2141 καὶ⁵

2087 2086 2138 2138 in
2172 2082 2316 2137 tibiis
2368 2082 2469 2136 viri
2511 2081 2826 2148 complacet.
2874 2078 2980 2133 Per
3022 2079 3364 2133 voluntatem
3412 2084 3465 2129 et
3515 2089 3669 2128 com-

403 2184 653 2238 εὐδοκίαν
708 2186 810 2251 τὴν
832 2186 1131 2257 ἀρέσκειαν
1152 2185 1323 2255 λέγει,
1355 2186 1447 2238 καὶ
1478 2183 1636 2246 αὖθις
1663 2180 1982 2236 δυναστείαν

402 2280 501 2332 καὶ
530 2279 769 2349 κνήμας,
796 2278 895 2350 τὴν
922 2278 1179 2349 δύναμιν.
1233 2277 1447 2347 Ὠσπερ
1476 2276 1585 2346 γὰρ
1619 2278 1677 2329 ἐν
1702 2276 1814 2338 τοῖς
1847 2274 1983 2344 βρα-

402 2371 569 2442 χίοσι,
598 2370 709 2425 τῶν
731 2370 955 2441 χειρῶν,
1013 2371 1158 2425 οὕτω
1190 2371 1285 2423 καὶ
1326 2370 1388 2423 ἐν
1433 2370 1555 2430 ταῖς
1582 2368 1843 2438 κνήμαις,
1873 2364 1982 2419 τῶν

404 2460 584 2514 ποδῶν
613 2462 646 2530 ἡ
688 2459 980 2530 περιουσία
1020 2460 1120 2528 τῆς
1148 2458 1456 2529 δυνάμεωςο
1506 2457 1607 2510 οὐκ
1637 2457 1695 2508 ὲν
1731 2458 1799 2526 τῇ
1819 2453 1983 2508 δυνά-

405 2569 516 2622 μει,
552 2555 740 2623 φησὶν,
771 2552 865 2605 τοῦ
891 2552 1088 2615 ῑττπου,
1119 2551 1267 2622 ἢτοῦ
1297 2552 1527 2605 ἱππότου
1560 2549 1978 2620 ὲναρεθήσεται,

403 2645 437 2714 ἢ
466 2644 678 2697 εὐδοκεῖ
699 2643 761 2697 τὸ
795 2644 1019 2712 κράτος,
1056 2643 1174 2696 ἀλλ’
1205 2644 1264 2697 ὲν
1295 2642 1463 2706 τίσιν,
1490 2640 1748 2695 ἄκουσον.
1938 2627 1944 2637 ’

469 2735 723 2791 Εὐδοκει
781 2735 995 2803 Κύριος
1029 2735 1100 2788 ἐν
1137 2734 1258 2800 τοῖς
1319 2733 1716 2802 φοϐουμένοις
1768 2729 1976 2796 αὐτὸν,

401 2827 501 2881 καί
526 2826 595 2881 ἐν
615 2827 742 2891 τοῖς
762 2827 1072 2888 ἐλπίζουσι
1105 2826 1203 2879 ἐπὶ
1227 2825 1295 2879 τὸ
1325 2824 1499 2891 ἕλεος
1531 2823 1745 2876 αὐτοῦ.
1780 2821 1983 2874 Δοιπδν

402 2918 520 2984 οὖν,
565 2917 729 2986 φόῦον
763 2915 1006 2970 τοιοῦτον
1036 2917 1130 2969 καὶ
1162 2913 1353 2967 ἐλπίδα
1405 2914 1666 2982 τοιαύτην
1700 2912 1984 2982 κτησάμε-

404 3028 507 3072 νοι,
536 3009 614 3081 μὴ
642 3008 981 3079 θορυϐεῖσθε.

989 3101 1382 3167 Ἀλληλούτα.

939 3191 1235 3247 ΨΑΛΜΟΣ
1268 3193 1447 3246 PMZ'.

475 3294 692 3355 Αῐνεσις
716 3287 812 3343 καὶ
836 3282 987 3352 οὗτος
1042 3287 1180 3359 ὑπὲρ
1212 3287 1318 3341 τῶν
1347 3286 1570 3356 ἀγαθῶν
1629 3286 1732 3358 τῆς
1778 3284 1982 3357 Ἱερου-
2008 3322 2053 3383 c

408 3382 539 3454 σαλή
550 3401 608 3452 μ.

476 3474 777 3544 Ἐπαίνειι
817 3471 1245 3540 Ἰερουσαλὴμ,
1275 3470 1383 3526 τὸν
1411 3472 1655 3540 Κύριον,
1679 3471 1834 3523 αινει
1871 3467 1983 3523 τὸν

409 3570 558 3623 θεόν
594 3565 921 3631 σου,Σιών.
963 3564 1322 3636 Ἰερουσαλὴμ
1352 3563 1471 3632 μὲν,
1504 3565 1537 3632 ἡ
1561 3561 1982 3629 οἰκοδομηθεῖσα

406 3660 586 3723 πόλις·
616 3658 756 3712 Σιὼν
794 3658 871 3719 δὲ,
905 3656 966 3709 τὸ
996 3656 1122 3725 ὅρος
1171 3656 1258 3723 ἐφ’
1297 3648 1358 3708 οὗ
1408 3652 1550 3724 αὕτη
1600 3651 1924 3725 ᾠκοδόμητο
1960 3664 1980 3687 ο

407 3750 694 3821 ἀμφότερα
722 3748 778 3801 δὲ
809 3746 911 3816 τῆς
936 3747 1108 3815 αὐτῆς
1136 3745 1402 3815 ὀνόματα.
1846 3746 1849 3749 ’

478 3842 607 3895 Ὀτι
632 3840 929 3909 ὲνίσχιισε
952 3839 1095 3903 τοὺς
1119 3837 1392 3908 μοχλοὺς
1435 3835 1560 3889 ,τῶν
1597 3833 1809 3889 πυλῶν
1839 3848 1981 3889 σου.

407 3931 635 4001 ’Υμνει,
682 3932 870 3999 φησὶν,
929 3927 1127 3982 αὐτόν·
1178 3924 1368 3991 δόξαζε
1390 3927 1447 3979 δὲ
1477 3926 1574 3978 καὶ
1623 3923 1965 3995 εὐχαρίστει,

404 4024 486 4077 δτι
516 4021 925 4090 ὲνεδυνάμωσεν
947 4020 1075 4081 τοὺς
1117 4018 1345 4087 μοχλοὺς,
1384 4017 1495 4069 τῶν
1519 4015 1698 4069 πυλῶν
1724 4032 1841 4080 σου,
1866 4014 1983 4078 θεὶς

409 4113 610 4175 αὐτοὺς
660 4111 1061 4182 ἁδιαρῤἠκτους
1122 4111 1237 4172 τοῖς
1267 4107 1574 4177 πολεμίοις.
1627 4101 1762 4161 Εἶτα
1830 4107 1982 4175 λέγει

406 4207 502 4261 καὶ
549 4205 650 4268 τὰς
678 4204 870 4265 λοιπὰς
901 4202 1244 4272 εὐεργεσίας.

477 4297 793 4365 Εὑλόγηοέ
814 4282 955 4357 τοὺς·
988 4294 1157 4358 υἱούς
1186 4305 1304 4346 σου
1345 4292 1411 4345 ἐν
1452 4291 1574 4345 σοι.
1618 4289 1984 4361 Ἐχαρίτωσεν

407 4386 626 4449 αὐτοὺς,
681 4384 760 4446 είς
818 4381 1048 4452 πλῆθος,
1112 4383 1193 4441 εἰς
1253 4381 1430 4451 ἰσχὺν,
1502 4383 1584 4441 είς
1630 4380 1869 4442 σύνεσιν,
1903 4380 1984 4442 είς

407 4476 662 4540 πλοῦτον,
709 4473 898 4528 καὶτὸ
925 4473 1132 4541 μεῖζον.
1186 4472 1268 4525 ὅτι
1301 4474 1359 4524 ὲν
1408 4472 1490 4524 σοὶ
1550 4471 1739 4536 ὄντας,
1799 4488 1984 4525 κατοι-

407 4567 644 4628 κοῦντας
696 4563 870 4634 ῥμοῦ·
930 4564 994 4617 τὸ
1044 4564 1154 4635 γὰρ
1208 4565 1282 4617 ἐν
1323 4563 1446 4627 σοὶ,
1478 4564 1600 4616 ἀντὶ
1672 4562 1790 4624 τοῦ.
1843 4564 1981 4633 ὁμοῦ

2085 2176 2433 2247 p'acentiam,
2470 2175 2649 2244 ipsum
2680 2173 2774 2228 Dei
2828 2171 3238 2241 bcneplacitum
3279 2166 3560 2236 intelligit,
3611 2175 3667 2220 et

2083 2283 2303 2333 rursus,
2338 2282 2434 2338 per
2466 2264 2845 2321 fortitudinem
2876 2271 2932 2318 et
2981 2277 3081 2332 per
3113 2261 3478 2328 tibias,’ipsas
3494 2259 3664 2313 vires.

2082 2358 2218 2414 Nam
2256 2355 2717 2427 quemadmodum
2743 2353 2798 2408 in
2833 2351 3077 2407 brachiis
3104 2350 3251 2403 vires
3276 2361 3535 2407 manuum
3566 2358 3667 2411 po-

2086 2450 2362 2506 tissimum
2387 2447 2720 2511 consistunt,
2750 2445 2822 2499 ita
2856 2444 2910 2498 in
2945 2442 3097 2497 tibiis
3126 2441 3271 2495 vires
3297 2439 3517 2509 pedum.
3545 2435 3664 2490 Non

2085 2542 2140 2595 in
2176 2541 2302 2609 equi
2340 2548 2434 2594 aut
2467 2538 2673 2608 equitis
2732 2535 3002 2606 potentia,
3035 2531 3238 2601 inquit,
3270 2525 3667 2595 delectabitur;

2084 2633 2178 2688 sed
2205 2632 2262 2687 in
2286 2632 2613 2702 quibusnam
2641 2630 2944 2685 delectetur
2969 2624 3126 2679 audi.

2157 2721 2465 2777 Delectatur
2487 2718 2747 2774 Dominus
2778 2718 2832 2770 in
2861 2713 3166 2769 timentibus
3208 2726 3351 2772 eum,
3399 2718 3448 2765 et
3502 2707 3559 2761 in
3597 2705 3667 2760 iis

2086 2815 2177 2887 qui
2207 2821 2425 2884 sperant
2471 2813 2526 2866 in
2556 2809 2929 2865 misericordia
2962 2807 3098 2876 ejus.
3135 2804 3329 2859 Restat
3372 2801 3561 2871 igitur,
3606 2806 3667 2854 ut

2086 2915 2245 2976 parto
2267 2901 2583 2974 huiusmodi
2617 2901 2817 2956 timore
2839 2914 2905 2953 ac
2957 2912 3078 2969 spe,
3119 2893 3356 2966 amplius
3394 2905 3504 2947 non
3533 2905 3664 2962 per-

2088 2993 2408 3051 turbemini.

2751 3081 3011 3137 Alleluia.

2563 3170 2889 3230 PSALMUS
2925 3169 3182 3227 CXLVII.

2162 3270 2530 3327 Laudatorius
2559 3276 2645 3324 est
2669 3268 2836 3324 etiam
2870 3268 2959 3322 hic
2982 3266 3248 3336 psalmus,
3282 3268 3338 3319 et
3362 3259 3660 3332 gratiarum

2086 3366 2332 3421 actiones
2358 3362 2607 3419 continet
2636 3374 2736 3430 pro
2776 3360 2936 3414 bonis
2967 3357 3293 3413 Jerusalem.

2158 3458 2326 3515 Vsus.
2373 3455 2457 3509 l2.
2509 3451 2722 3519 Lauda,
2744 3450 3067 3515 Jerusalem,
3128 3448 3445 3510 Dominum.
3502 3444 3665 3501 lauda

2087 3553 2257 3608 Deum
2287 3563 2461 3617 tuum,
2495 3547 2767 3604 Sion.Per
2793 3543 3098 3601 Jerusalem
3120 3544 3338 3613 quidem
3384 3541 3661 3598 conditam

2089 3644 2260 3714 ipsam
2299 3640 2582 3697 civitatem
2613 3636 2908 3706 intelligit;
2942 3650 3037 3705 per
3071 3632 3203 3688 Sion
3230 3649 3382 3696 vero,
3419 3641 3662 3688 montem

2088 3736 2143 3791 in
2178 3749 2288 3804 quo
2314 3739 2435 3787 erat
2461 3728 2754 3785 aedificata.
2860 3732 2865 3735 ‘

2159 3826 2327 3881 Vens.
2356 3823 2443 3879 15.
2468 3823 2607 3889 Quia
2631 3817 2937 3889 fortiﬁcavit
2954 3822 3118 3871 vectes
3130 3823 3400 3882 portarum
3422 3823 3659 3866 tuarum.

2089 3917 2298 3979 Lauda,
2331 3914 2531 3985 inquit.
2562 3915 2755 3976 Deum,
2788 3916 2843 3965 et
2882 3907 3089 3978 gratias
3120 3904 3170 3959 ei
3218 3918 3339 3974 age,
3373 3902 3500 3970 quia
3530 3915 3661 3970 por-

2090 4018 2268 4064 tarum
2307 4017 2523 4062 tuarum
2550 4010 2734 4060 vectes
2775 3999 2914 4055 adeo
2961 3995 3176 4052 validos
3213 4009 3339 4050 esse
3368 3992 3573 4059 el'fccit,
3602 4000 3662 4047 ut

2090 4102 2160 4157 ab
2196 4099 2449 4154 hostibus
2490 4094 2670 4164 frangi
2708 4100 3011 4164 nequeant.
3064 4085 3273 4145 Deinde
3322 4086 3427 4141 alia
3469 4100 3661 4156 perse-

2089 4193 2277 4264 quitur
2313 4186 2601 4244 beneficia.

2161 4282 2438 4339 Benediin
2471 4279 2599 4349 ﬁliis
2646 4276 2751 4331 tuis
2786 4276 2841 4329 in
2883 4283 2951 4329 te.
2996 4271 3274 4327 Tribuens
3309 4268 3408 4323 tibi
3460 4280 3575 4329 eos,
3608 4272 3660 4320 et

2090 4377 2314 4437 multos,
2332 4384 2385 4426 et
2408 4370 2600 4432 fortes,
2628 4375 2683 4422 et
2702 4366 3001 4436 sapientes,
3029 4371 3084 4416 et
3121 4361 3342 4423 divites,
3392 4368 3468 4421 et,
3510 4353 3658 4425 quod

2090 4467 2298 4523 ca‘teris
2344 4465 2503 4533 longe
2548 4460 2731 4528 majus
2774 4466 2881 4522 est,
2931 4457 2986 4512 hi
3036 4454 3129 4509 lilii
3167 4454 3299 4508 inte
3330 4465 3435 4504 una
3467 4461 3658 4502 omnes

2090 4554 2395 4615 snnt.Nam
2428 4553 2571 4623 quod
2613 4551 2750 4606 dixit
2782 4550 2932 4613 inte,
2966 4547 3111 4602 idem
3163 4543 3271 4599 sibi
3320 4540 3457 4605 vult,
3506 4553 3571 4593 ac
3613 4536 3657 4593 si

405 4628 818 4710 κατοικοῦνται.
882 4628 1066 4708 Ἰδοὺ-
1092 4628 1220 4722 γάρ,
1265 4656 1454 4724 φησὶν,
1500 4654 1561 4707 τί
1591 4655 1787 4707 καλὸν
1831 4628 1891 4722 ἣ⁷
1927 4655 1983 4709 τί

2090 4649 2315 4704 dixisset
2358 4662 2371 4699 :
2409 4644 2513 4699 Eos
2547 4643 2643 4698 tibi
2678 4641 2873 4695 tribuit
2895 4654 3001 4693 una
3026 4652 3090 4691 ac
3122 4635 3327 4706 pariter
3351 4634 3479 4687 inte
3501 4628 3657 4685 babi-

406 4746 855 4826 τερπνὸνλὰλῖ
914 4745 952 4814 ἢ
980 4744 1047 4798 τὸ
1079 4718 1381 4800 κατοικείν
1427 4718 1736 4815 ἀδελφοὺς
1786 4718 1885 4799 ἐστὶ
1917 4744 1983 4799 τὸ

2090 4749 2293 4797 tantes.
2348 4737 2481 4793 Ecce
2513 4730 2908 4800 enim,inquit,
2960 4728 3085 4800 quid
3144 4729 3356 4791 bonum,
3392 4732 3483 4777 aut
3530 4718 3656 4792 quid

406 4843 576 4895 αὑτό.

488 4935 554 4987 '0
578 4932 760 4999 τιθεὶς
787 4931 861 4986 τὰ
886 4929 1022 5000 ὄριά
1063 4946 1182 4985 σου
1202 4928 1472 4998 ειρήνην.
1519 4929 1578 4983 '0
1602 4929 1822 4983 πάντων
1874 4929 1985 4982 τῶν

408 5027 572 5097 ἐρίων
604 5041 699 5078 σου
746 5024 839 5077 τὸν
893 5022 1131 5091 πόλεμον
1188 5021 1492 5084 ἀπελάσας,
1520 5022 1549 5073 ό
1574 5019 1744 5084 τιθεὶς
1771 5019 1838 5073 τὰ
1861 5020 1986 5091 ὄριά

410 5134 505 5170 σου
556 5112 985 5187 είρηνεῦσαι·ἢ
1036 5108 1067 5167 ό
1096 5111 1273 5176 τιθεὶς
1322 5113 1404 5175 εἰς
1463 5111 1533 5165 τὰ
1578 5110 1705 5183 ὄριά
1755 5127 1852 5165 σου
1905 5111 1987 5163 εί-

411 5211 605 5282 ρήνην.

482 5300 590 5354 Καὶ
653 5299 839 5369 στέαρ
891 5298 1086 5366 πυροῦ
1149 5295 1471 5368 ἐμπιπλῶν
1528 5311 1623 5353 σε.
1692 5295 1768 5348 Οὐ
1836 5295 1983 5347 σῖτον

413 5393 623 5455 ἁπλῶς,
651 5391 789 5447 ἀλλά
827 5390 1066 5460 πιμελὴν
1100 5390 1249 5443 σίτου
1270 5406 1285 5422 θ
1334 5389 1484 5457 λέγει
1514 5389 1571 5443 δὲ
1627 5387 1726 5458 τὴν
1754 5387 1981 5457 σεμίδα-

409 5482 495 5535 λιν
515 5478 533 5511 ·’
559 5482 698 5552 αὕτη
728 5484 860 5552 γὰρ,
892 5481 954 5534 τὸ
992 5480 1245 5534 πιότατον
1284 5480 1383 5534 καὶ
1444 5478 1840 5550 καθαρώτατον
1884 5477 1980 5532 τοῦ

408 5573 642 5646 ἀλεύρου
660 5590 676 5607 ’
732 5575 829 5626 καὶ
854 5573 916 5625 οὐ
946 5571 1124 5637 διδοὺς
1153 5571 1368 5640 ἁπλῶς,
1404 5571 1523 5627 ἀλλ’
1575 5569 1889 5643 ἐμπιπλῶν⁸
1910 5568 1979 5624 δι’

481 5753 503 5787 '
527 5751 669 5809 Psal.
694 5762 867 5816 usu,
892 5748 942 5805 l.

2081 4832 2401 4903 jucundum.
2431 4842 2589 4895 quam
2621 4822 2859 4876 habitare
2882 4819 3074 4888 fratres
3094 4820 3146 4870 in
3173 4832 3339 4872 uirum
3360 4816 3403 4869 ⁷.

2160 4923 2326 4977 Vsus.
2369 4920 2456 4972 14.
2487 4917 2589 4983 Qui
2621 4914 2796 4983 posuit
2826 4913 2956 4981 fines
2980 4922 3096 4965 tuos
3123 4920 3331 4979 pacem.
3354 4905 3437 4961 Ab
3469 4904 3655 4958 omni-

2087 5016 2195 5071 bus
2231 5013 2432 5069 ﬁnibus
2478 5009 2588 5063 tuis
2636 5006 2838 5062 bellum
2896 5001 3151 5067 removit,
3206 4999 3363 5054 Unde
3412 4993 3658 5063 regionis

2088 5114 2196 5159 tuae
2220 5102 2486 5158 terminos
2516 5096 2693 5153 eli'ecit
2729 5094 3014 5164 paciﬁcos.
3043 5090 3164 5155 Vel,
3219 5089 3311 5158 qui
3352 5086 3534 5156 posuit
3559 5100 3653 5154 pa-

2034 5261 2046 5275 ,
2087 5211 2205 5252 cem
2240 5194 2293 5247 in
2322 5191 2522 5246 finibus
2551 5188 2683 5242 tuis.

2158 5288 2226 5343 Et
2261 5286 2413 5354 adipe
2442 5283 2694 5354 frumenti
2724 5281 2883 5351 replet
2916 5287 2986 5330 te.
3032 5272 3154 5328 Non
3201 5270 3476 5325 frumento
3517 5268 3652 5323 sim-

2088 5369 2326 5451 pliciter,
2355 5378 2448 5431 sed
2470 5373 2729 5430 frumenti
2756 5371 2933 5438 adipe.
2968 5366 3143 5435 Ipsam
3177 5372 3356 5418 autem
3380 5360 3657 5430 siliginem

2089 5448 2390 5541 intelligit,
2421 5483 2543 5538 quae
2591 5461 2957 5535 pinguissima
3006 5472 3069 5509 ac
3113 5452 3405 5524 purissima
3454 5458 3538 5506 est
3579 5448 3651 5504 fa.

2088 5566 2224 5622 rinte
2256 5577 2403 5635 pars.
2428 5561 2538 5617 Nec
2562 5557 2693 5614 dare
2723 5568 2850 5610 cum
2882 5548 3207 5621 simpliciter
3258 5543 3416 5613 dixit,
3444 5542 3539 5600 sed
3574 5556 3647 5599 ro

3459 5854 3521 5862 -..ι
