4102 6206
417 312 553 375 1309

1624 304 2011 371 COMMENT.
2057 305 2138 367 IN
2180 298 2539 365 PSALMOS.

3545 301 3684 366 131.0

416 424 730 497 ψύχοςοάπδ
761 424 817 477 δὲ
848 424 1040 478 τούτου
1068 425 1147 488 είς
1177 423 1394 493 θέρμην
1415 439 1428 453 υ
1464 422 1610 476 ὥστε
1641 421 1742 474 οὐκ
1768 422 2001 476 ἄπιστον

2115 424 2232 471 rant
2257 415 2537 471 mandatis
2576 432 2591 468 :
2627 425 2791 484 atque
2823 410 2948 469 ideo
2979 414 3046 470 de
3080 412 3226 470 facili
3254 421 3682 470 commutantur,

415 533 477 574 εκ
512 517 837 589 πειρασμῶν
902 516 1169 585 γενέσθαι
1189 517 1414 586 ταχεῖαν
1442 514 1649 577 ἄνεσιν,
1682 514 1777 564 καὶ
1809 514 1872 564 ὲκ
1897 526 1999 564 πο-

415 608 599 678 λέμων
653 607 856 678 ἀθρόαν
907 606 1158 677 είρήνην,
1217 605 1315 657 καὶ
1359 604 1470 657 ἀπὸ
1537 600 1838 672 συμφορῶν
1905 601 2001 653 καὶ

415 700 672 770 θλίψεων,
724 699 991 768 αἰφνίδιον
1025 694 1335 768 μεταϐολὴν
1366 696 1461 748 καὶ
1506 694 1998 764 χαράν.Ἀίνίττεσ

421 810 504 845 ται
524 794 596 845 -δὲ
618 793 688 846 τὰ
716 790 954 862 ρηθέντα
1007 790 1104 842 καί
1138 807 1194 841 τι
1244 788 1544 858 βαθύτερον
1569 800 1586 818 ⁸
1623 786 1706 840 ὅτι
1745 784 2000 854 καθάπερ

424 886 484 936 τὰ
512 883 608 935 τοῦ
639 882 909 952 χειμῶνος
937 883 985 934 εί
1010 883 1105 935 καὶ
1139 879 1440 945 λυποῦντα,
1472 881 1623 949 ὅμως
1670 877 2000 949 χρησιμεύει

416 980 483 1047 τῇ
508 978 602 1047 γῇ,
633 976 776 1029 οὐτω
799 976 893 1030 κοιλ⁸
916 977 987 1031 τά
1009 976 1120 1031 τῶν
1159 976 1484 1046 πειρασμῶν
1527 975 1608 1037 εἰς
1637 973 1829 1043 καιρὸν
1852 971 2001 1039 ὡφεδ

418 1060 642 1135 λοῦντα,
699 1070 864 1125 πάλιν
921 1069 1289 1140 οἰκονομικῶς
1353 1066 1812 1137 μεταὸἀλλονταιο
1838 1063 2002 1117 τοῦτο

419 1164 522 1231 μὲν
558 1162 910 1227 παιδεύοντα,
940 1160 1099 1214 τοῦτο
1154 1161 1212 1214 δὲ
1237 1157 1701 1231 ψυχαγωγοῦντα,
1754 1156 1890 1225 πρὸς
1937 1156 2001 1209 τὸ

419 1250 736 1303 λυσιτελοῦν
795 1248 1169 1318 ἑκατέρωθεν.
1214 1246 1350 1303 Εἶτα
1380 1249 1545 1304 πάλιν
1594 1247 1704 1303 άπδ
1736 1248 1849 1301 τῶν
1882 1262 2000 1300 κοι-

421 1341 529 1395 νῶν
575 1344 667 1395 ἐπὶ
696 1342 769 1396 τὰ
826 1343 1102 1406 ἰδιάζοντα
1135 1341 1372 1415 μετάγει
1415 1341 1713 1409 τὸνλόγον,
1754 1340 1830 1403 ὡς
1859 1340 2005 1393 ἀνω-

416 1436 564 1505 τέρω
591 1435 917 1507 δεδήλωται.

2105 523 2251 562 nime
2276 506 2497 576 quidem
2534 522 2600 560 ex
2638 520 2781 575 aqua
2814 504 2868 559 in
2902 506 3106 569 nivem,
3131 518 3226 559 aut
3257 504 3508 575 glaciem,
3534 516 3682 557 nunc

2101 615 2234 655 vero
2261 615 2325 653 ex
2360 599 2444 653 his
2504 598 2558 652 in
2613 612 2810 667 aquam
2848 614 2863 652 :
2901 599 3027 653 item
3083 599 3248 652 modo
3302 613 3332 651 a
3392 596 3574 650 calore
3618 593 3685 647 ad

2104 694 2300 762 frigus,
2336 691 2500 745 modo
2525 690 2592 744 ad
2631 690 2872 745 calorem
2916 707 2945 745 a
2990 691 3215 761 frigore.
3258 687 3528 755 Quocirca
3576 701 3685 740 non

2102 785 2323 839 diliicile
2357 796 2464 849 est,
2492 791 2550 837 ut
2582 783 2874 839 credamus
2900 784 3049 837 brevi
3101 781 3342 836 futuram
3378 793 3499 833 esse
3523 777 3686 831 etiam

2105 882 2470 932 tentationum
2493 890 2557 930 ac
2570 876 2940 929 calamitatum
2959 874 3376 931 dissolutionem
3429 879 3482 924 et
3503 868 3688 930 linem,

2103 985 2168 1025 ac
2197 970 2418 1024 demum
2442 984 2509 1024 ex
2542 968 2938 1022 ardentissimo
2962 968 3104 1021 bello
3127 966 3422 1019 maximam
3457 975 3645 1031 pacem
3670 976 3685 1012 :

2104 1061 2364 1117 similiter
2403 1069 2459 1115 et
2501 1060 2838 1114 calamitates
2874 1066 3038 1128 atque
3070 1058 3395 1111 amictiones
3430 1054 3542 1107 cito
3568 1064 3692 1106 esse

2108 1154 2161 1207 in
2212 1152 2474 1222 gaudium
2537 1151 2960 1205 convertendas.
3014 1149 3340 1219 Siguilieare
3382 1148 3548 1200 etiam
3605 1143 3693 1195 vi-

2105 1247 2307 1303 dentur
2335 1247 2623 1317 superiora
2656 1246 2839 1299 nescio
2865 1245 2996 1314 quid
3048 1241 3378 1313 profundius
3412 1254 3429 1293 :
3460 1247 3515 1290 et
3542 1234 3692 1306 quod

2107 1338 2577 1410 quemadmodum
2612 1338 2908 1392 hibernum
2958 1344 3197 1404 tempus,
3246 1330 3467 1387 tametsi
3514 1329 3693 1397 ipsum

2110 1446 2206 1502 per
2231 1444 2355 1485 sese
2384 1430 2845 1484 molestissimum
2891 1428 2985 1495 sit,
3021 1438 3181 1482 terrae
3234 1436 3415 1481 tamen
3469 1418 3696 1475 utilissi-

421 1545 571 1583 mum
590 1539 697 1595 est,
729 1531 810 1585 sic
842 1541 894 1586 et
921 1534 1207 1601 praesentis
1238 1532 1423 1587 saeculi
1449 1530 1789 1585 tentationes
1841 1526 2003 1582 valde
2038 1535 2294 1598 prosunt,
2321 1526 2540 1581 tametsi
2570 1525 2772 1580 multas
2809 1539 2996 1597 secum
3073 1522 3302 1577 afferant
3373 1515 3694 1573 molestias:

423 1637 476 1679 et
509 1626 637 1680 dum
677 1626 860 1681 divina
899 1628 1312 1698 dispensatione
1342 1633 1775 1691 commutantur,
1836 1624 2038 1694 partim
2106 1623 2402 1691 castigant,
2436 1629 2492 1676 et.
2545 1622 2743 1691 partim
2791 1618 3031 1673 allerunt
3082 1618 3363 1681 solamen;
3398 1624 3698 1681 utrumque

424 1734 606 1778 tamen
636 1739 700 1778 ex
736 1740 794 1780 re
825 1733 1039 1787 nostra,
1077 1736 1241 1793 atque
1289 1725 1354 1779 ad
1408 1725 1711 1778 humanum
1753 1720 2133 1776 commodum.
2169 1719 2374 1775 Deinde
2460 1733 2490 1772 a
2582 1715 2975 1771 communibus
3007 1727 3261 1785 .rursum
3346 1709 3414 1765 ad
3456 1707 3697 1780 partiens

424 1816 559 1873 laria
593 1830 901 1870 sermonem
928 1819 1227 1881 convertit,
1258 1826 1318 1871 ut
1364 1818 1624 1886 superius
1663 1815 2003 1870 declaratum
2043 1822 2152 1869 est.

505 1908 569 1964 Ὀ
599 1909 1007 1979 ἀπαγγέλλων
1027 1909 1094 1963 τὸ
1151 1910 1363 1978 λόγιον
1403 1909 1593 1972 αὐτοῦ
1638 1908 1721 1974 τῷ
1762 1906 1989 1961 Ἰακώϐ.
2028 1913 2067 1965 Β

434 1997 763 2073 ⁶Αρχόμενος
824 2001 923 2073 μὲν
953 2001 1047 2055 τοῦ
1101 2001 1343 2072 ψαλμοῦ,
1375 2000 1519 2073 ’περὶ
1558 2002 1667 2055 τῶν
1728 1998 2005 2069 αἰσθητῶν

420 2094 692 2164 διελέχθη,
752 2095 847 2149 καὶ
893 2094 1052 2165 σῶμα
1091 2093 1477 2163 ὠφελούντων,
1527 2089 1639 2147 οἷον
1678 2091 2004 2161 ἀσφαλείας,

421 2183 730 2252 εὐανδρίας,
757 2186 1003 2255 εἰρήνης,
1034 2184 1128 2238 καὶ
1161 2184 1439 2255 εὐθηνίας.
1489 2183 1756 2237 Ἐνταῦθα
1785 2183 1843 2236 δὲ
1877 2183 2007 2251 περὶ

418 2272 530 2326 τῶν
561 2272 908 2344 ὑψηλοτέρων
939 2273 1033 2327 καὶ
1088 2273 1269 2346 ψυχὴν
1307 2273 1699 2345 ῥυθμιζόντων,
1725 2274 1817 2328 τὸν
1875 2275 2007 2343 περὶ

421 2368 524 2435 τῆς
589 2366 916 2434 νομοθεσίας
978 2366 1136 2435 λόγον
1188 2367 1428 2436 εἰσάγων
1458 2368 1648 2421 ἐστίν’
1699 2368 1765 2420 ἐκ
1802 2365 2009 2420 τούτων

421 2475 481 2510 τε
524 2457 794 2510 κάκείνων
830 2458 1118 2529 δ;ιγεερων
1147 2460 1242 2513 τὸν
1264 2459 1391 2513 λαὸν
1448 2463 1530 2523 εἰς
1550 2459 1880 2531 ὑμνολογὶαν
1911 2461 2008 2514 καὶ

423 2551 647 2621 ἀγάπην
683 2550 841 2617 Θεοῦ,
879 2553 1109 2604 τοιαῦτα
1158 2551 1255 2605 καὶ
1293 2552 1518 2615 τούτους
1566 2552 2004 2623 εὐεργετοῦντος.

451 2643 493 2697 Ο
541 2641 913 2710 ἀναγγέλλων,
961 2644 1146 2713 φησιν,
1203 2643 1265 2697 τὸ
1312 2645 1643 2716 πρόσταγμα
1694 2645 1860 2699 αὐτοῦ
1896 2650 2009 2710 τοῖς

439 2735 822 2807 Ἰσραηλίταις.
865 2735 923 2789 '0
947 2737 1238 2801 διδάσκων,
1268 2740 1296 2792 ὁ
1330 2739 1616 2809 ’γνωρίζων
1656 2741 1875 2803 αὐτοῖς·
1907 2742 2010 2793 αὐ-

423 2829 515 2891 τος
546 2826 870 2897 Ἐγνώρισε
903 2820 1036 2899 γὰρ,
1073 2831 1262 2899 φησιν,
1295 2828 1375 2895 τῷ
1415 2830 1648 2898 Μωυσῇ
1696 2830 1802 2897 τὰς
1830 2830 2013 2897 ὀδοὺς

423 2920 611 2973 αὐτοῦ
641 2936 653 2948 ·
689 2920 814 2985 τοῖς
847 2920 995 2986 υἱοῖς
1020 2922 1272 2989 Ἰσραὴλ
1308 2923 1379 2976 τὰ
1438 2922 1748 2991 θελήματα
1799 2923 2010 2978 αὐτοῦ.

427 3014 750 3084 Σαφηνίζιυν
775 3014 831 3067 δὲ
856 3014 948 3068 τὸν
974 3013 1160 3082 λόγον,
1192 3016 1440 3084 ἐπήγαγε
1471 3032 1488 3046 ο

497 3106 866 3175 Δικαιώματα
929 3108 1025 3160 καὶ
1078 3109 1334 3176 κρίματα
1390 3109 1577 3164 αὐτοῦ
1619 3109 1697 3176 τῷ
1744 3110 2007 3177 Ἰσραήλ.

433 3199 499 3253 Ὅ
555 3197 845 3269 προλαὸὼν
897 3195 1022 3252 εἷπε
1068 3199 1271 3270 λόγιον,
1306 3201 1468 3255 τοῦτο
1497 3201 1647 3271 λέγει
1696 3202 1791 3258 νῦν
1832 3203 2011 3258 δικαι-

430 3292 628 3362 ώματα
650 3293 744 3345 καὶ
767 3291 1034 3361 κρίματα.

497 3385 619 3439 Οὐκ
651 3384 943 3451 ἐποίησεν
972 3384 1124 3438 οὕτω
1147 3386 1326 3440 παντὶ
1355 3386 1535 3442 ἔθνει.
1562 3387 1750 3441 Οὐδενὶ
1773 3387 1938 3442 ἔθνει.

500 3563 607 3618 Kal
656 3561 727 3616 τὰ
760 3561 1015 3629 κρίματα
1063 3561 1251 3616 αὐτοῦ
1285 3564 1397 3616 οὐκ
1429 3562 1743 3631 ἐδήλωσεν
1782 3562 2008 3630 αὐτοῖς.

427 3656 545 3709 Οὐκ
595 3653 821 3724 ἐποίησέ
850 3671 958 3706 τινι
1004 3650 1148 3706 ἔθνει
1211 3653 1494 3707 τοσαῦτα·
1532 3654 1625 3707 καὶ
1659 3652 1731 3707 τὰ
1772 3655 2011 3724 προστά-

429 3766 618 3821 γματα
681 3749 777 3801 καὶ
824 3746 892 3801 τὰ
913 3744 1195 3819 θελήματα
1245 3748 1413 3800 αὐτοῦ
1472 3746 1572 3800 οὐκ
1631 3746 1868 3816 ἐδήλωσε
1896 3752 2011 3814 τοῖς

429 3843 662 3907 ἔθνεσιν,
725 3843 775 3894 εί
818 3839 894 3911 μὴ
921 3840 1103 3909 μόνοις
1135 3842 1349 3902 τούτοις
1372 3855 1386 3870 ο
1425 3841 1532 3903 τοῖς
1567 3839 1666 3910 μὲν
1696 3834 1803 3910 γάρ
1833 3841 2012 3905 ἄλλοις

428 3934 611 3986 ἔθνεσι
704 3931 797 3983 τὸν
860 3929 1092 3999 φυσικὸν
1149 3928 1374 3999 ἐνέθηκε
1428 3928 1613 3997 νόμον,
1661 3928 1753 3981 τὸν
1782 3928 2010 3983 ἀπὸτοῦ

431 4023 757 4085 συνειδότος,
781 4020 904 4074 καθ’
931 4020 991 4073 ὃν
1018 4020 1113 4073 καὶ
1141 4020 1345 4089 κρίνων
1373 4017 1571 4081 αὐτοὺς
1608 4019 1827 4085 κολάζει
1856 4036 1870 4051 ·
1897 4023 2012 4087 τοῖς

431 4112 763 4185 ’ῐραηλίταις
809 4112 866 4165 δὲ
897 4113 1036 4183 μετὰ
1065 4112 1157 4165 τοῦ
1189 4111 1422 4181 φυσικοῦ
1448 4152 1464 4177 ,
1502 4110 1700 4164 δέδωκε
1740 4111 1833 4164 τὸν
1875 4128 2015 4183 γρα-

436 4209 592 4270 πτὸν,
627 4203 893 4275 δηλοῦντα
921 4202 989 4257 τὰ
1010 4203 1260 4274 κρίματα
1284 4201 1453 4256 αὐτοῦ
1485 4219 1499 4234 ⁸
1537 4201 1618 4255 διὸ
1644 4202 1740 4256 καὶ
1777 4198 2015 4272 βαρύτε-

436 4316 528 4368 ρον
558 4298 833 4370 κρίνονται
865 4312 877 4329 υ
908 4295 1002 4349 καὶ
1032 4298 1141 4366 γὰρ
1167 4296 1200 4366 ἡ
1233 4294 1404 4365 πολλὴ
1419 4293 1513 4348 τοῦ
1534 4292 1670 4347 Θεοῦ
1700 4293 2015 4365 φιλανθρω-

433 4392 535 4444 πία
606 4389 810 4460 πολλῆς
898 4386 1366 4456 συγκαταὸἀσεως
1421 4388 1533 4450 τοῖς
1596 4384 2013 4458 ὲρῤᾳθυμηκόσι

434 4486 669 4554 γίνεται.

974 4576 978 4583 ‘
1038 4571 1416 4640 Ἀλληλούῖα.

959 4668 1254 4721 ΨΛΛΜΟΣ
1298 4668 1484 4725 PMH'.

513 4760 676 4823 Ἐθος
698 4762 812 4823 τοῖς
838 4759 1017 4828 ἁγίοις
1048 4759 1138 4813 διὰ
1160 4759 1366 4828 πολλὴν
1391 4759 1837 4831 εὐγνωμοσύνην,
1872 4760 2022 4811 ἒπε-

438 4853 537 4907 as.»
593 4852 862 4921 μέλλωσιν
897 4851 1243 4923 εὐχαριστεῖν
1288 4851 1365 4920 τῷ
1397 4850 1541 4920 Θεῷ,
1572 4851 1800 4914 πολλοὺς
1835 4850 2021 4903 καλεῖν

440 4945 758 5009 κοινωνοὺς,
830 4944 925 4998 καὶ
997 4943 1341 5014 παρακαλεῖν
1408 4941 1851 5010 συνεφάπτεσθαι
1920 4936 2021 5010 τῆς

440 5039 615 5109 καλῆς
671 5036 876 5108 ταύτης
936 5036 1281 5107 λειτουργίας
1331 5034 1552 5098 αὐτοῖς’
1603 5033 1761 5087 τοῦτο
1824 5033 1920 5086 καὶ
1968 5033 2019 5085 οἱ

441 5133 592 5200 τρεῖς
619 5130 806 5193 παῖδες
838 5131 1199 5199 πεποιήκασι,
1237 5129 1337 5198 τὴν
1368 5127 1546 5180 κτίσιν
1578 5127 1820 5191 ἃπασαν,
1858 5124 2023 5196 ἡνίκα

439 5218 583 5295 ἦσαν
639 5223 696 5276 ὲν
748 5223 816 5291 τῇ
841 5220 1085 5291 καμίνῳ,
1117 5222 1255 5292 πρὸς
1294 5220 1393 5291 τὴν
1428 5218 1711 5289 εὐφημίαν
1741 5217 1842 5287 τῆς
1883 5216 2023 5287 ὑπὲρ

441 5315 623 5369 αὐτῶν
672 5312 1020 5383 εὐεργεσίας,
1055 5313 1149 5365 καὶ
1197 5311 1294 5380 τὴν
1322 5310 1597 5380 ὑμνῳδίαν
1623 5307 1718 5362 τοῦ
1750 5308 2022 5360 Δεσπότου

443 5402 799 5464 καλέσαντες.
834 5398 1004 5451 Τοῦτο
1034 5401 1127 5452 καὶ
1148 5393 1306 5464 οὗτος
1346 5399 1584 5453 ἐνταῦθα
1610 5401 1792 5453 ποιεῖ’
1827 5396 2025 5451 ἑκάτε-

446 5512 539 5564 ρον
569 5493 779 5562 κόσμον
814 5491 1376 5563 συμπεριλαμϐάνων,
1411 5490 1503 5546 τὸν
1541 5492 1676 5556 ἄνω,
1704 5492 1796 5545 τὸν
1846 5489 2023 5553 κάτω.

448 5586 540 5638 τὸν
570 5583 781 5653 νοητὸν,
814 5582 906 5637 τὸν
945 5584 1240 5657 αἰσθητόν]
1271 5586 1383 5641 οἵτε
1421 5586 1527 5658 γὰρ
1567 5585 1666 5640 οὐκ
1696 5584 1848 5650 ὄντες
1888 5582 2025 5654 πρὸς

517 5763 562 5797 ⁸⁸
594 5762 762 5817 Num.
798 5776 888 5830 xx,
920 5759 1007 5827 IO,
1041 5760 1099 5816 ll

2046 4626 2098 4684 D

2171 1904 2339 1959 Vens.
2374 1902 2460 1957 19.
2482 1900 2587 1965 Qui
2616 1900 2898 1953 annuntiat
2928 1896 3186 1966 eloquium
3207 1909 3360 1947 suum
3413 1891 3605 1946 Iacob.
3637 1890 3697 1944 In

2111 1999 2301 2070 psalmi
2337 1995 2605 2066 principio
2632 1992 2699 2047 de
2743 1990 3097 2047 sensibilibus
3124 1985 3407 2041 beneficiis
3469 1995 3523 2039 et
3572 1997 3700 2038 cor-

2111 2092 2226 2162 pori
2268 2089 2492 2145 utilibus
2540 2086 2830 2149 tractavit,
2868 2082 3035 2137 veluti
3081 2080 3150 2135 de
3195 2078 3439 2133 civitatis
3479 2076 3647 2129 tutela
3679 2116 3698 2142 ,

2108 2184 2176 2238 de
2228 2182 2398 2252 prolis
2443 2179 2814 2239 fecunditate,
2872 2176 2939 2230 de
3000 2187 3169 2244 pace,
3201 2171 3269 2227 de
3316 2170 3696 2225 abundantia:

2109 2288 2257 2329 nunc
2292 2281 2471 2326 autem
2511 2270 2578 2324 de
2610 2265 3020 2324 sublimioribus
3067 2263 3228 2318 bonis
3283 2268 3579 2331 pertractat
3647 2268 3702 2312 et

2113 2367 2351 2419 animam
2382 2363 2553 2430 ipsam
2599 2357 2924 2414 ornantibus
2955 2373 2970 2410 :
3009 2369 3106 2424 per
3153 2354 3267 2408 haec
3298 2351 3505 2406 scilicet
3536 2357 3701 2418 atque

2115 2459 2202 2512 illa
2293 2455 2551 2526 populum
2579 2452 2827 2508 excitans
2884 2449 2950 2502 ad
2983 2446 3200 2501 laudem
3244 2453 3406 2512 atque
3437 2442 3502 2496 ad
3537 2441 3703 2495 dilec-

2116 2551 2320 2603 tionem
2366 2547 2502 2609 Dei,
2547 2544 2638 2614 qui
2670 2539 2983 2611 huiusmodi
3016 2540 3096 2593 eis
3140 2535 3401 2591 beneﬁcia
3444 2532 3705 2587 contulit.

2116 2640 2217 2709 Qui
2247 2637 2569 2701 annuntiat,
2605 2633 2817 2704 inquit,
2847 2633 3167 2687 mandatum
3210 2644 3367 2683 suum
3401 2624 3704 2681 Israelitico

2114 2734 2336 2803 populo,
2382 2729 2629 2797 illudque
2674 2741 2770 2782 eos
2818 2725 3014 2785 docet,
3060 2737 3124 2776 ac
3175 2730 3364 2775 notum
3401 2719 3480 2773 cis
3523 2717 3701 2770 facit:

2119 2820 2289 2879 Notas
2342 2821 2485 2875 enim
2513 2859 2529 2884 ,
2585 2819 2798 2888 inquit,
2827 2816 2953 2881 fecit
3003 2815 3113 2868 vias
3157 2828 3283 2866 suas
3325 2808 3534 2879 Moysi,
3576 2807 3703 2877 filiis

2122 2914 2293 2969 Israel
2320 2912 2609 2967 voluntates
2645 2926 2770 2963 sua:
2804 2908 2826 2939 ⁸
2849 2947 2864 2964 .
2911 2905 3064 2972 Quod
3100 2903 3270 2974 magis
3307 2902 3469 2955 etiam
3517 2898 3701 2953 decla-

2119 3023 2272 3071 rans,
2300 3004 2504 3059 addidit
2545 3021 2559 3057 :

2189 3094 2608 3167 Justi/icationcs
2650 3103 2700 3148 et
2730 3092 2941 3162 judicia
2970 3107 3069 3145 sua
3108 3086 3302 3143 Israel.
3350 3084 3507 3152 Quod
3542 3098 3706 3153 supc-

2125 3191 2237 3245 rius
2290 3188 2565 3257 eloquium
2600 3184 2773 3249 dixit,
2801 3184 2904 3239 hoc
2932 3198 3078 3237 nunc
3129 3179 3521 3252 iustilleatione
3576 3190 3705 3243 sap-

2039 3272 2083 3332 C
2116 3280 2279 3352 pellat
2305 3287 2357 3333 et
2377 3276 2604 3347 judicia.

2184 3369 2347 3427 Vens.
2387 3368 2480 3424 ΞΟ.
2512 3367 2631 3422 Non
2657 3366 2781 3435 fecit
2806 3365 2883 3419 sic
2908 3365 3050 3418 οηιηὶ
3079 3362 3304 3417 nationi.
3325 3361 3469 3416 Nulli
3498 3357 3709 3414 nationi

2113 3464 2193 3518 sle
2232 3462 2384 3516 l'ecit.

2190 3550 2479 3619 Etjudicia
2502 3565 2602 3602 sua
2643 3563 2745 3602 non
2778 3546 3136 3616 manifestam’t
3159 3546 3256 3599 eis.
3291 3544 3469 3598 Tanta
3521 3555 3585 3596 ac
3625 3547 3710 3593 ta-

2112 3641 2184 3707 ]la
2238 3637 2497 3695 beneﬁcia
2552 3636 2718 3692 alicui
2766 3636 2973 3691 natioiii
3022 3649 3128 3689 non
3190 3634 3447 3688 contulit.
3495 3630 3710 3699 Quippe

2115 3732 2207 3803 qui
2260 3730 2513 3785 mandata
2544 3770 2561 3795 ,
2620 3736 2715 3781 aut
2768 3728 3074 3781 voluntates
3119 3739 3249 3780 suas
3294 3723 3550 3793 gentibus
3600 3736 3707 3773 non

2114 3820 2487 3879 manifestavit
2510 3864 2525 3887 ,
2559 3820 2655 3876 sed
2685 3816 2889 3874 ludatis
2920 3824 3156 3872 tantum.
3212 3815 3348 3870 Aliis
3385 3813 3530 3868 enim
3579 3812 3711 3880 gen"

2115 3917 2262 3970 tibus
2317 3923 2530 3969 natura:
2588 3920 2797 3966 tantum
2828 3913 3000 3980 legem
3039 3908 3329 3978 praestitit,
3363 3917 3486 3975 qua:
3515 3917 3545 3955 a
3579 3916 3713 3955 con-

2115 4009 2345 4066 scientia
2395 4005 2665 4069 nascitur,
2698 4003 2853 4072 juxta
2900 4017 3064 4072 quam
3111 4016 3206 4055 eos
3272 4001 3437 4053 etiam
3499 3995 3713 4066 judicat

2114 4113 2169 4159 et
2222 4100 2414 4171 punit,
2477 4097 2676 4167 populo
2733 4108 2864 4149 vero
2910 4091 3075 4148 Israel
3134 4105 3241 4144 una
3292 4103 3416 4143 eum
3475 4082 3711 4140 naturali

2120 4196 2239 4264 lege
2303 4189 2563 4255 scriptam
2607 4184 2868 4247 tradidit,
2917 4197 3039 4253 quae
3073 4182 3256 4236 divina
3284 4177 3487 4255 judicia
3532 4173 3714 4229 decla-

2117 4287 2276 4342 rabat
2328 4301 2342 4338 :
2391 4290 2554 4351 atque
2606 4279 2730 4332 ideo
2789 4277 2892 4347 ipsi
2954 4276 3128 4342 magis
3180 4276 3495 4343 punientur.
3540 4265 3707 4321 Multa

2118 4376 2387 4447 siquidem
2434 4369 2529 4424 Dei
2574 4366 2946 4422 misericordia
3032 4363 3258 4434 majoris
3302 4357 3716 4416 condemnatitd

2120 4471 2206 4527 nis
2240 4480 2409 4523 causa
2478 4460 2771 4532 negligenti
2811 4474 2874 4513 ac
2902 4455 3266 4527 contemplari
3294 4453 3545 4511 edicitur.

2791 4554 3043 4608 Alleluia.

2603 4646 2926 4706 PSALMUS
2964 4638 3245 4699 CXLVIII.

2197 4739 2615 4807 Consuevcrunt
2663 4743 2837 4801 sancti
2897 4740 3040 4802 viri.
3096 4738 3167 4791 ob
3230 4746 3498 4791 summam
3543 4727 3714 4785 animi

2129 4844 2518 4917 gratitudinem
2547 4881 2561 4907 ,
2610 4835 2831 4905 quando
2895 4832 3102 4904 gratias
3164 4828 3275 4885 Deo
3317 4826 3491 4881 acturi
3542 4832 3715 4885 sunt,

2130 4937 2330 4993 multos
2363 4932 2691 4989 laudationis
2727 4927 3025 5000 participes
3057 4922 3349 4984 advocare,
3386 4930 3716 4986 rogareqne,

2132 5039 2190 5085 ut
2232 5030 2522 5099 pulchrum
2559 5033 2722 5095 atque
2760 5022 3052 5077 honestum
3101 5010 3483 5086 hujuscemodi
3522 5007 3714 5060 lauda.

2127 5122 2296 5177 tionis
2333 5116 2569 5175 cilicium
2624 5130 2813 5171 secum
2862 5117 3147 5167 assumant
3195 5122 3210 5159 :
3253 5097 3715 5172 quemadmodum

2128 5222 2182 5270 et
2240 5223 2353 5267 tres
2415 5210 2494 5264 illi
2527 5208 2702 5266 sancti
2756 5204 2911 5279 pueri
2947 5203 3194 5256 fecerunt
3221 5234 3238 5256 ε,
3266 5210 3389 5249 cum
3444 5200 3629 5246 essent
3661 5191 3714 5243 in

2127 5307 2370 5368 camino,
2401 5302 2710 5357 universam
2770 5305 3077 5354 creaturam
3137 5303 3234 5357 pro
3285 5284 3502 5340 collatis
3550 5283 3603 5336 in
3660 5296 3719 5335 se

2127 5397 2409 5454 beneliciis
2452 5394 2784 5450 advocantes
2809 5430 2825 5454 ,
2868 5394 2927 5439 ιιι
2975 5384 3083 5436 Deo
3111 5378 3481 5435 benediceret.
3516 5372 3632 5428 Iloc
3663 5371 3719 5426 iu

2131 5489 2422 5562 praesentia
2480 5485 2611 5540 facit
2653 5481 2818 5537 etiam
2850 5474 3118 5544 Propheta
3169 5479 3379 5535 noster,
3420 5474 3717 5534 utrumque

2135 5560 2399 5640 inuadunt
2464 5576 2822 5647 complexus,
2870 5566 3211 5641 superiorem
3284 5560 3492 5619 scilicet
3558 5570 3720 5627 atque
