4102 6206
461 314 590 380 13H

1675 317 2060 380 EUTIIYMII
2109 311 2472 378 ZIGABENI

3600 307 3744 372 l3l2

460 429 775 510 inferiorem
804 467 817 492 ,
850 428 1276 485 intellectualem
1301 439 1353 485 et
1388 431 1750 493 materialem,
1771 440 1936 499 atque
1957 474 1972 496 ,
1998 439 2052 483 ut

2159 430 2259 499 τὴν
2291 431 2567 500 εὐφημίαν
2596 428 2794 492 ἱκανοὶ,
2828 427 3211 498 περιέρχονται
3245 424 3321 493 τῷ
3357 423 3500 492 λόγῳ
3531 424 3734 491 πᾶντα,

460 514 532 572 'ta
595 521 806 583 dicam,
837 521 1170 576 sensibilem.
1207 522 1342 575 Nam
1374 523 1540 576 veluti
1579 538 1673 592 per
1703 539 1764 578 se
1803 523 1942 585 soli,
1979 521 2047 576 ad

461 608 892 663 henedictionem
926 621 980 664 et
1008 611 1221 666 laudem
1254 613 1492 667 divinam
1532 615 1710 669 idunei
1754 630 1861 669 non
1895 614 2004 668 sint
2030 653 2046 680 ,

461 700 642 752 omnia
675 715 927 754 sermone
965 717 1066 756 suo
1111 704 1453 757 circumeunt
1487 704 1755 757 elementa
1779 745 1794 768 ,
1827 719 2047 758 omnes-

459 807 566 859 que
599 792 661 844 ad
693 791 974 847 Creatoris
1005 794 1231 861 gloriam
1259 805 1544 849 creaturas
1573 797 1862 851 advocant.
1909 798 2048 849 Pos-

462 898 653 936 sumus
703 885 867 937 etiam
921 885 1104 939 dicere
1153 888 1295 954 quod
1344 888 1613 957 Propheta
1666 889 1766 942 hoc
1795 904 2050 942 sermone

460 973 606 1026 aliud
687 975 964 1043 quoddam
1045 975 1372 1044 profundius
1437 979 1611 1031 voluit
1689 979 2049 1046 significare:

459 1065 656 1118 tim-ere
687 1067 982 1130 nimirum,
1027 1069 1168 1136 quod
1203 1078 1579 1122 creaturarum
1625 1071 1871 1124 omnium
1913 1087 2055 1125 unus

461 1155 532 1207 sit
565 1167 726 1224 atque
757 1157 895 1211 idem
931 1158 1176 1223 Creator,
1207 1170 1259 1214 ct
1291 1177 1386 1214 eus
1425 1162 1723 1230 reprimere
1752 1202 1764 1222 .
1797 1162 1888 1231 qui
1917 1164 2056 1218 duos

463 1261 588 1300 esse
648 1248 876 1316 opiﬁces
925 1251 1220 1318 dicebant,
1285 1255 1517 1306 alterum
1570 1255 1827 1307 nimirum
1872 1252 2298 1314 intellectualis,

2158 518 2452 582 καλοῦντες
2485 521 2566 582 είς
2601 517 2931 588 ὑμνολογίαν
2978 516 3072 569 τοῦ
3125 514 3445 576 κτίσαντος.
3477 515 3587 567 Καὶ
3614 515 3742 565 ἓτε-

2158 629 2250 681 ρον
2275 612 2329 664 δὲ
2373 610 2674 680 βαθύτερον
2715 611 2777 662 ὲκ
2806 609 3012 662 τούτων
3043 606 3471 669 κατασκευάζει,
3517 604 3740 667 δεικνὺς

2154 703 2252 756 ἕνα
2290 701 2520 771 ποιητὴν
2574 701 2850 766 ἑκατέρας
2884 699 3135 761 κτίσεως,
3174 701 3270 751 καὶ
3305 698 3492 764 σαφῶς
3518 698 3742 748 ἐπιστο-

2160 795 2332 864 μίζων
2365 794 2492 856 τοὺς
2523 791 2783 858 λέγοντας⁹
2854 789 2947 842 δύο
2979 787 3345 858 δημιουργούς
3366 806 3379 820 ·
3415 788 3598 857 ἕτερον
3635 785 3744 854 μὲν

2155 885 2254 954 τῆς
2283 883 2500 953 νοητῆς,
2526 882 2711 952 ἕτερον
2736 882 2793 935 δὲ
2817 882 2914 951 τῆς
2947 879 3234 950 αἰσθητῆς.
3270 877 3387 931 Ἵνα
3416 878 3523 946 γὰρ
3559 879 3630 944 μή
3654 893 3744 939 τις

2159 977 2224 1029 ὲκ
2264 975 2364 1045 τῆς
2419 975 2682 1044 διαφορᾶς
2735 973 2844 1025 τῶν
2871 972 3050 1043 ἔργων
3115 970 3411 1041 διαφόρους
3454 968 3746 1032 ὐπολάὁοι,

2161 1068 2259 1120 ἕνα
2294 1067 2452 1136 χορὸν
2513 1067 2728 1132 ἵστησιν
2752 1063 2812 1126 ἐξ
2841 1064 3115 1128 ἁπάντων,
3167 1062 3265 1115 καὶ
3289 1061 3418 1131 μίαν
3460 1060 3745 1130 ὑμνιεεδξαν

2167 1159 2357 1213 πλέκει
2396 1157 2474 1226 τῷ
2500 1157 2582 1210 ἑνὶ
2617 1159 2762 1227 μόνῳ
2783 1155 2921 1226 Θεῷ.

2370 1250 2600 1303 alterum
2656 1264 2784 1304 vero
2822 1247 3120 1302 Inaterialis
3189 1254 3472 1302 creaturae.
3527 1242 3744 1296 Etenim

463 1356 533 1393 ne
583 1356 647 1394 ex
695 1358 918 1410 operum
975 1345 1293 1401 diversitate
1341 1348 1520 1402 varios
1560 1348 1683 1416 quis
1730 1349 2051 1415 opinaretur
2089 1361 2214 1401 esse
2245 1353 2570 1407 creatures,
2604 1358 2772 1397 unum
2796 1357 2862 1396 ex
2896 1350 3130 1412 utroque
3193 1342 3296 1398 hoc
3361 1351 3740 1397 creaturarum

460 1427 655 1486 Seuero
713 1433 942 1488 chorum
977 1439 1184 1500 statuit,
1213 1449 1376 1507 atque
1413 1455 1574 1492 unam
1603 1440 1896 1508 complieat
1927 1437 2322 1500 laudationem.
2361 1438 2455 1490 uni
2483 1445 2642 1504 atque
2669 1435 2771 1490 soli
2807 1434 2939 1492 Deo.

535 1524 696 1577 Vens.
729 1526 778 1580 i.
817 1525 1051 1583 Laudate
1085 1529 1365 1583 Dominum
1391 1530 1454 1584 de
1483 1531 1647 1597 caelis,
1685 1533 1904 1586 laudate
1933 1548 2052 1586 eum

461 1612 518 1666 in
576 1615 814 1670 excelsis.
850 1619 923 1672 Ex
958 1620 1111 1674 cmlis
1155 1623 1404 1689 quidem,
1449 1622 1552 1675 hoc
1618 1631 1730 1686 est,
1769 1639 1835 1676 ex
1880 1623 2054 1692 primo

462 1714 626 1773 atque
655 1722 718 1760 ex
745 1708 987 1762 secundo
1014 1711 1172 1775 caelo,
1209 1713 1274 1764 ad
1304 1712 1545 1766 divinam
1576 1713 1790 1768 Iaudem
1829 1715 2054 1785 angelos

464 1804 654 1859 vocat,
686 1805 738 1850 et
769 1798 954 1853 stellas
979 1839 993 1865 ,
1033 1808 1086 1854 et
1125 1803 1307 1855 omnia
1351 1820 1473 1873 quae
1508 1804 1561 1857 in
1608 1805 1761 1860 caelis
1790 1818 1915 1860 sunt
1950 1824 1964 1860 :
2001 1817 2053 1860 et

466 1885 660 1941 deinde
687 1890 847 1956 paulo
877 1898 1020 1959 post,
1049 1907 1111 1946 ex
1145 1902 1287 1948 terra
1310 1895 1578 1951 dracones
1607 1897 1860 1960 advocat.
1890 1908 2052 1968 atque

467 1978 572 2031 alia
601 2018 616 2043 ,
648 1990 705 2033 ut
741 1981 794 2034 in
827 1984 1186 2051 st-queutibus
1211 2026 1228 2050 ,
1274 1995 1328 2040 et
1367 1987 1584 2042 domum
1633 1989 1687 2043 in
1739 1991 2052 2046 hominibus

468 2086 777 2126 sermonem
815 2073 1042 2142 perlicit.
1076 2075 1215 2131 Puto
1261 2087 1440 2132 autem
1477 2081 1619 2135 idem
1655 2083 1893 2137 voluisse
1928 2098 2051 2137 eum

463 2163 801 2232 signiﬁcare,
838 2166 1060 2235 quando
1100 2169 1176 2222 ait
1214 2185 1229 2225 :
1261 2168 1499 2225 Laudate
1533 2172 1813 2226 Dominum
1856 2176 1918 2227 de
1953 2191 2054 2229 cce-

465 2253 553 2319 lis,
587 2258 727 2323 quod
770 2260 1140 2331 signiﬁcavit,
1175 2267 1392 2335 quando
1440 2267 1575 2322 dixit
1605 2287 1618 2323 :
1669 2269 1908 2324 Laudate
1935 2288 2055 2326 eum

461 2344 516 2397 in
541 2349 801 2406 excelsis.
831 2353 1034 2409 Deinde
1057 2367 1420 2413 connumerat
1461 2374 1729 2428 quOSnam
1755 2363 1824 2417 de
1859 2363 2013 2424 ctelis
2039 2404 2054 2429 ,

464 2449 556 2492 aut
584 2455 850 2508 quosnam
880 2460 943 2499 ex
981 2449 1208 2504 excelsis
1234 2452 1478 2518 partibus
1505 2453 1757 2510 advocet.

534 2527 696 2584 Vens.
737 2532 789 2585 2.
832 2533 1077 2590 Laudate
1107 2554 1246 2600 eum,
1280 2555 1456 2597 omnes
1480 2543 1653 2610 angeli
1674 2545 1806 2612 ejus,
1841 2545 2059 2602 laudate

461 2635 602 2684 eum,
656 2638 832 2676 omnes
898 2626 1112 2680 virtutes
1170 2628 1306 2696 ejus.
1339 2629 1585 2700 Cumque
1632 2634 1702 2687 de
1740 2638 2056 2705 angelorum

464 2711 657 2765 ordine
682 2713 911 2780 dixerit,
955 2718 1224 2773 collectim
1279 2720 1492 2776 addidit
1523 2723 1591 2778 de
1625 2727 1837 2782 caeteris
1874 2729 2057 2784 omni-

468 2802 567 2856 lms
605 2804 910 2872 ordinibus,
933 2807 1196 2874 Virtutes,
1224 2827 1318 2867 seu
1347 2815 1614 2882 potentias
1636 2831 1731 2871 eos
1756 2819 2056 2888 appellans.

463 2890 560 2947 Vel
610 2910 706 2961 per
745 2898 966 2968 angelos
1011 2908 1064 2954 et
1105 2918 1202 2972 per
1253 2902 1494 2961 Virtutes
1523 2946 1538 2971 ,
1599 2908 1888 2965 universos
1941 2911 2062 2980 illo_

463 2998 582 3038 rum
628 2987 852 3044 ordines
902 2991 1272 3061 signiﬁcavit:
1333 2997 1561 3052 alterum
1630 3001 1849 3070 quidem
1881 3043 1897 3067 ,
1929 3005 2059 3071 quia

460 3073 644 3130 divina
713 3083 1046 3138 annuntiant
1121 3087 1376 3142 mandata
1446 3089 1712 3161 (angelus
1792 3093 2059 3163 siquidem

2230 1529 2460 1584 Αἰνεῖτε
2511 1527 2622 1583 τὸν
2673 1529 2896 1596 Κύριον
2946 1527 3016 1581 ἐκ
3055 1527 3174 1581 τῶν
3195 1527 3489 1594 οὐρανῶν,
3522 1521 3745 1579 ais-sire

2164 1620 2354 1674 αὐτὸν
2405 1619 2476 1672 ἐν
2531 1620 2654 1685 τοῖς
2715 1621 3024 1686 ὑψίστοις.
3063 1618 3159 1670 Ἐκ
3193 1617 3291 1688 μὲν
3320 1617 3428 1669 τῶν
3473 1616 3740 1685 οὐρανῶν,

2159 1711 2252 1765 τοῦ
2286 1729 2344 1764 τε
2370 1712 2588 1780 πρώτου
2616 1712 2712 1764 καὶ
2748 1710 2842 1763 τοῦ
2873 1710 3148 1781 δευτέρου,
3173 1711 3333 1763 καλεῖ
3363 1709 3500 1778 πρὸς
3529 1712 3739 1761 αἰνεσιν

2158 1804 2251 1857 τοῦ
2283 1803 2488 1873 Κυρίου
2547 1802 2675 1864 τοὺς
2725 1801 3012 1870 ἀγγέλους,
3047 1802 3172 1864 τοὺς
3207 1802 3466 1871 ἀστέρας,
3499 1800 3595 1853 καὶ
3639 1801 3743 1852 ὅσα

2161 1895 2228 1948 τὰ
2281 1895 2403 1948 κατ’
2458 1894 2754 1965 οὐρανούςο
2801 1896 2864 1947 ὲκ
2919 1894 2975 1947 δὲ
3027 1894 3125 1962 τῆς
3161 1893 3264 1963 γῆς
3301 1892 3529 1960 προῖὼν,
3585 1893 3744 1945 καλεί

2155 1989 2278 2051 τοὺς
2324 1987 2648 2056 δράκοντας,
2691 1988 2785 2039 καὶ
2842 1986 2910 2038 τὰ
2944 1985 3164 2054 ἐφεξῆς,
3228 1985 3324 2039 καὶ
3357 1986 3614 2038 καταλύει
3651 1986 3743 2038 τὸν

2154 2078 2310 2145 λόγον
2337 2080 2418 2140 είς
2451 2077 2578 2138 τοὺς
2617 2075 2942 2146 ἀνθρώπους
2972 2091 2987 2108 ⁸
3021 2077 3220 2128 ταυτὸν
3249 2074 3305 2128 δὲ
3351 2076 3435 2136 τὸ,
3518 2077 3588 2128 ἐκ
3624 2075 3746 2128 τῶν

2156 2169 2447 2238 οὐρανῶν,
2482 2169 2558 2238 τῷ
2609 2170 2677 2223 ἐν
2711 2169 2836 2235 τοῖς
2875 2167 3183 2236 ὑψίστοις.
3217 2164 3348 2220 Εἶτα
3392 2169 3540 2235 λέγει
3591 2169 3747 2232 τίνας

2158 2262 2222 2314 ἐκ
2253 2262 2360 2315 τῶν
2382 2259 2650 2332 οὐρανῶν,
2697 2260 2792 2315 καὶ
2823 2261 2880 2313 ὲν
2900 2261 3012 2324 τοῖς
3043 2259 3291 2330 ὑψίστοις
3325 2259 3518 2333 μέρεσι
3555 2261 3737 2316 καλεῖ.

2231 2525 2461 2581 Αἰνεῖτε
2479 2525 2689 2592 αὐτὸν,
2711 2525 2933 2594 πάντες
2949 2528 3004 2580 οἱ
3029 2525 3268 2596 ἄγγελοι
3287 2525 3489 2580 αὐτοῦ’
3515 2526 3742 2580 αἰνεῖτε

2160 2618 2367 2686 αὑτὸν,
2388 2617 2579 2672 πᾶσαι
2615 2620 2673 2672 αἱ
2707 2618 2995 2688 δυνάμεις
3027 2617 3234 2674 αὐτοῦ.
3265 2616 3442 2671 Εἰπὼν
3481 2620 3608 2689 περὶ
3633 2619 3735 2671 τοῦ

2169 2707 2467 2776 ἁγγελικοῦ
2524 2710 2830 2780 τάγματος,
2900 2710 3152 2780 ἐπήγαγε
3211 2709 3580 2779 συλληπτικῶς
3639 2711 3743 2764 καὶ

2166 2801 2424 2872 περὶτῶν
2446 2800 2650 2855 λοιπῶν
2675 2802 2998 2870 ταγμάτων,
3018 2801 3290 2872 Δυνάμεις
3309 2799 3446 2853 αὐτὰ
3470 2800 3701 2863 καλέσεις
3723 2817 3740 2833 ·

2166 2891 2199 2964 ἢ
2235 2893 2302 2946 τὰ
2332 2892 2426 2946 ὅλα
2460 2893 2715 2963 τάγματα
2741 2894 2898 2946 καλεῖ
2918 2892 3187 2964 Δυνάμεις
3215 2893 3309 2946 uel.
3358 2891 3622 2960 ἀγγέλους
3645 2908 3660 2922 ·
3683 2893 3745 2945 τὺ

2171 2986 2271 3056 μὲν
2303 2988 2385 3040 ὅτι
2431 2986 2500 3040 τὰ
2556 2987 2676 3040 θεῖα
2714 2986 3094 3056 διαγγέλλουσι
3146 2988 3393 3057 ῥήματα,
3446 2985 3507 3038 τὸ
3559 2985 3614 3038 δὲ
3661 2988 3744 3040 ὃτι

2165 3078 2423 3133 δύνανται
2465 3078 2536 3133 τὰ
2585 3079 2994 3156 ἐπιταττόμενα
3041 3079 3252 3132 τελεῖν·
3299 3078 3543 3132 δυνατοί
3610 3080 3740 3149 γὰρ,

464 3172 686 3226 nuntius
743 3174 1206 3249 interpretatur);
1257 3181 1489 3236 alterum
1542 3198 1690 3248 vero,
1737 3185 1864 3253 quia
1905 3187 2052 3257 jnssa

2166 3173 2354 3244 φησὶν,
2384 3174 2573 3243 ίσχύτ,
2601 3171 2918 3242 ποιοῦντες
2947 3172 3049 3227 τὸν
3074 3172 3259 3244 λόγον
3286 3171 3498 3226 αὐτοῦ.

461 3262 565 3314 sibi
596 3277 625 3315 a
661 3262 768 3318 Deo
803 3270 1312 3338 possuntfperﬁeere
1342 3277 1624 3330 :Potentes
1655 3275 1824 3341 enim,
1859 3276 2057 3347 inquit.

462 3353 682 3419 viribus,
712 3365 769 3407 ut
801 3357 1004 3424 faciant
1029 3359 1238 3414 verbum
1266 3364 1382 3430 ejus
1411 3366 1455 3416 ’.

539 3443 772 3501 Vens.3.
808 3447 1044 3504 Laudate
1085 3438 1330 3532 eu‘m,sol
1375 3463 1424 3509 et
1473 3455 1602 3510 luna
1629 3499 1642 3522 ,
1683 3459 2056 3532 laudateeum,

458 3533 631 3588 stella:
672 3546 722 3590 et
763 3539 874 3594 lux.
925 3540 1050 3595 Haec
1104 3526 1338 3600 secundi
1380 3557 1510 3602 sunt
1555 3550 1718 3616 eteli,
1778 3552 1881 3607 hoc
1937 3526 2057 3621 est,

467 3627 814 3687 liriuamenti.
847 3631 951 3687 Per
981 3636 1152 3690 solem
1194 3638 1358 3708 igitur
1387 3641 1682 3712 lunamque
1711 3655 1806 3708 ,et
1836 3645 2020 3702 stellas
2041 3680 2057 3705 ν

466 3717 583 3786 Ipsa
614 3735 818 3792 organa
847 3723 1116 3796 intelliges
1145 3767 1160 3792 ,
1204 3744 1325 3799 qua:
1361 3730 1539 3786 lucem
1581 3733 1928 3802 suscipiunt;
1965 3749 2061 3804 per

458 3825 637 3884 lucem
678 3828 828 3880 vero,
863 3831 982 3870 eam
1017 3818 1217 3884 lucem,
1245 3836 1369 3888 quae
1400 3836 1603 3892 organa
1640 3824 1731 3878 illa
1760 3825 2053 3888 illuminat,

461 3909 626 3971 atque
667 3905 720 3960 in
753 3921 816 3960 ea
849 3908 1025 3964 divisa
1070 3918 1172 3965 est.
1217 3912 1350 3974 Vel.
1390 3929 1484 3982 per
1534 3914 1705 3970 solem
1733 3955 1747 3979 ,
1782 3915 1964 3970 lunam
2005 3924 2059 3971 et

463 3995 682 4060 stellas,
711 4007 993 4056 creaturas
1023 4016 1120 4057 eas
1150 4002 1406 4075 intelligit
1431 4044 1445 4068 ,
1479 4022 1602 4076 quae
1656 4015 1853 4076 quarta
1893 4007 1982 4063 die
2025 4023 2056 4063 a

460 4085 574 4139 Deo
623 4087 854 4144 conditae
914 4099 1080 4158 sunt;
1130 4110 1229 4163 per
1300 4096 1476 4151 lucem
1541 4113 1672 4152 vero
1712 4098 2054 4164 immensam

463 4177 611 4231 illam
641 4180 816 4235 lucem
842 4224 857 4248 ,
884 4198 1005 4251 quae
1033 4185 1206 4253 prima
1237 4189 1536 4244 ereationis
1573 4189 1662 4244 die
1700 4205 1730 4242 a
1761 4188 1872 4244 Deo
1913 4190 2057 4246 facta

460 4278 566 4325 est.
596 4271 794 4327 Verum
829 4276 872 4330 si
918 4278 1161 4345 quaeris,
1199 4282 1471 4348 quomodo
1524 4281 1674 4349 haec,
1712 4293 1805 4336 aut
1845 4283 2054 4352 reliqua

459 4363 779 4430 huiusmodi
831 4367 1100 4424 elementa
1132 4410 1147 4434 ,
1203 4370 1372 4426 Deum
1416 4372 1706 4427 laudatura
1747 4375 1898 4441 sint,
1929 4390 2052 4428 cum

461 4469 595 4510 voce
620 4465 840 4511 careant
869 4497 882 4522 ,
914 4475 1037 4512 cum
1086 4472 1323 4520 mentem
1365 4475 1460 4521 aut
1507 4465 1752 4518 animum
1806 4480 1914 4520 non
1955 4466 2052 4520 ha-

460 4544 622 4598 heant
642 4584 657 4610 ,
687 4536 807 4610 die,
831 4549 976 4617 quod
1002 4557 1114 4605 tres
1139 4553 1283 4605 modi
1315 4562 1480 4618 sunt,
1507 4555 1709 4624 quibus
1735 4555 1948 4609 laudari
1984 4549 2071 4609 ac'

459 4636 750 4703 glorificari
787 4641 926 4694 Dens
957 4649 1136 4709 potest
1171 4661 1184 4698 :
1221 4659 1314 4713 per
1333 4660 1518 4700 vocem
1547 4647 1830 4712 nimirum,
1868 4664 2058 4715 quem-

458 4725 754 4781 admodum
807 4729 1026 4800 Moyses
1059 4732 1224 4800 l'ceit,
1254 4735 1416 4790 simul
1473 4751 1596 4790 eum
1646 4753 1839 4792 sorore
1883 4738 2050 4795 Maria

457 4817 728 4884 laudans,
775 4829 828 4875 et
883 4823 1072 4878 dicens
1115 4841 1131 4880 :
1185 4825 1469 4882 Cantemus
1523 4827 1783 4894 Domino,
1825 4829 2054 4900 gloriose

451 4913 595 4965 enim
638 4913 966 4983 glori/Scalas
997 4925 1073 4970 est
1123 4918 1167 4948 ¹⁰
1199 4934 1218 4980 ;
1251 4919 1376 4972 item
1430 4933 1526 4987 per
1575 4928 1901 4988 aspectum,
1955 4936 2048 4974 seu

455 5008 828 5073 praesentiam,
856 5008 1008 5075 juxta
1033 5010 1164 5064 illud
1195 5030 1206 5065 :
1245 5010 1373 5064 Caeli
1404 5021 1654 5065 euarrant
1683 5012 1907 5081 gloriam
1931 5011 2046 5079 Dei,

453 5095 524 5148 de
566 5113 676 5167 quo
709 5099 950 5152 diximus
983 5101 1034 5152 ln
1079 5103 1289 5169 psalmo
1335 5118 1509 5168 xvut;
1547 5103 1709 5158 tertio
1745 5119 1840 5171 per
1873 5105 2039 5158 vitam

453 5196 508 5238 et
543 5191 1014 5245 rmwersationem
1037 5199 1305 5254 nostram,
1326 5191 1482 5260 juxta
1510 5193 1654 5260 quod
1681 5193 1888 5246 dictum
1919 5203 2000 5247 est
2029 5230 2043 5265 τ

477 5274 544 5328 Ut
577 5277 779 5332 rideant
819 5278 954 5332 bona
988 5296 1146 5343 opera
1171 5287 1342 5333 vestra
1369 5318 1384 5343 ,
1409 5289 1459 5333 et
1491 5280 1790 5350 gloriﬁcent
1824 5280 2042 5336 Patrem

454 5377 684 5421 vestrum
712 5408 727 5431 ,
771 5370 860 5439 qui
887 5371 939 5422 in
974 5371 1115 5424 caelis
1143 5379 1220 5423 est
1258 5371 1296 5401 ¹¹
1329 5407 1345 5424 .
1387 5371 1637 5424 Laudant
1668 5371 1836 5440 igitur
1869 5372 2042 5426 Deum

459 5467 576 5524 ipsa
606 5459 772 5512 etiam
813 5459 1112 5514 inanimata
1162 5469 1324 5529 atque
1353 5459 1718 5524 irrationalia,
1755 5476 1851 5514 sua
1882 5461 2046 5514 nimi-

460 5563 580 5601 rum
623 5550 1034 5620 magnitudine,
1086 5551 1531 5621 pulchritudine,
1582 5551 1726 5616 situ,
1768 5552 2002 5606 utilitate
2029 5594 2042 5616 ,

529 5725 552 5755 ⁹
596 5724 740 5779 Psal.
791 5742 890 5788 cn,
934 5727 1024 5783 Ξυ.
1106 5731 1146 5760 ¹⁰
1184 5729 1349 5783 Exod.
1381 5745 1468 5794 κν,
1499 5730 1544 5785 l.

1623 5730 1661 5762 “
1686 5729 1874 5785 Matth.
1906 5747 1956 5795 ι’,
2000 5731 2080 5785 l6.

2226 3436 2451 3490 Αὶνεῖτε
2477 3435 2684 3498 αὐτὸν,
2712 3437 2886 3504 ἣλιος·
2934 3433 3031 3489 καί
3070 3433 3305 3503 σελήνη
3331 3453 3346 3468 ο
3380 3437 3601 3492 alr-site
3635 3441 3738 3492 αὐ-

2162 3530 2290 3596 τὸν,
2315 3530 2512 3584 πάντα
2539 3531 2608 3584 τὰ
2626 3530 2820 3597 ἄστρα
2844 3531 2940 3584 καί
2975 3529 3041 3583 τὸ
3055 3529 3203 3598 φῶς.
3227 3531 3413 3585 Ταῦτα
3447 3531 3537 3584 τοῦ
3555 3532 3741 3586 δευτὲο

2164 3639 2260 3693 ρου
2313 3621 2565 3694 οὐρανοῦ,
2633 3623 2750 3693 ἢτοι
2805 3622 2902 3674 τοῦ
2955 3619 3363 3691 στερεώματος.
3413 3621 3600 3675 ἿΙλιον
3644 3623 3741 3691 μὲν

2161 3711 2277 3778 οὖν,
2311 3714 2408 3767 καὶ
2446 3716 2698 3784 σελήνην,
2757 3714 2851 3768 καὶ
2885 3715 3085 3784 ἄστρα,
3116 3714 3179 3765 τὰ
3214 3713 3492 3784 φωτοδόχα
3537 3714 3742 3766 τούτων

2161 3807 2398 3878 ὄργανα,
2429 3809 2676 3876 νοήσειςο
2706 3806 2820 3874 φῶς
2846 3807 2924 3869 δὲ,
2951 3805 3010 3857 τὸ
3039 3806 3444 3876 καταμερισθὲν
3468 3809 3548 3870 εἰς
3579 3808 3739 3861 αὐτά.

2166 3899 2238 3950 Ἢ
2269 3898 2444 3951 ταῦτα
2489 3898 2610 3969 μὲν,
2643 3897 2712 3950 τὰ
2745 3899 2803 3950 ἐν
2837 3899 2902 3967 τῇ
2935 3897 3172 3968 τετάρτῃ
3201 3897 3390 3969 ἡμέρᾳ
3413 3897 3737 3951 κτισθέντα·

2160 3988 2275 4056 φῶς
2306 3989 2383 4053 δὲ,
2402 3988 2464 4041 τὸ
2484 3988 2707 4058 γεγονὸς
2737 3989 2794 4041 ἐν
2826 3991 2890 4057 τῇ
2929 3985 3146 4060 πρώτῃ,
3171 3988 3233 4042 τὸ
3268 3989 3521 4058 ἄσχετον,
3576 3989 3741 4043 Ἀλλὰ

2162 4079 2278 4142 πῶς
2309 4081 2585 4134 αἰνέσουσι
2635 4079 2810 4134 ταῦτά
2865 4098 2922 4133 τε
2977 4080 3075 4132 καὶ
3122 4081 3189 4133 τὰ
3230 4081 3384 4150 ἑξῆς,
3420 4081 3606 4150 φωνὴν
3638 4083 3741 4135 οὐκ

2158 4172 2370 4243 ἔχοντα,
2411 4174 2471 4227 οὐ
2501 4174 2770 4242 γλῶτταν,
2802 4174 2861 4226 οὐ
2889 4172 3183 4243 λογισμὸν,
3223 4173 3283 4226 οὐ
3312 4173 3532 4243 ψυχήν;
3575 4172 3741 4243 Τρεῖς

2158 4264 2213 4317 δὲ
2248 4265 2442 4336 τρόποι
2472 4263 2786 4331 δοξολογίας
2811 4284 2825 4296 ·
2863 4266 2952 4320 διὰ
2987 4267 3192 4335 φωνῆς,
3221 4265 3296 4330 ὡς
3345 4265 3586 4334 Μωῦσῆς
3628 4266 3742 4318 ἐδό-

2163 4356 2292 4422 ξασε
2333 4357 2473 4427 μετὰ
2501 4357 2603 4426 τῆς
2633 4359 2855 4430 Μαρίας
2883 4359 3052 4414 αἰνῶν
3093 4361 3187 4413 καὶ
3217 4358 3390 4427 λέγων
3413 4373 3429 4388 ·
3461 4361 3739 4428 ’ᾼσωμεν

2157 4448 2236 4514 τῷ
2270 4449 2484 4516 Κυρίῳ,
2517 4450 2781 4516 ἐνδόξως
2823 4452 2932 4522 γὰρ
2953 4452 3336 4516 δεδόξασταν
3361 4454 3388 4504 ὁ
3413 4451 3482 4504 δι’
3533 4451 3735 4520 ὅψεως,

2165 4542 2260 4603 ὡς,
2305 4544 2557 4608 Οίφανοί
2616 4541 2965 4612 διηγοῦνται
3017 4543 3208 4606 δόξαν
3272 4543 3443 4609 Θεοῦ,
3499 4543 3628 4613 περὶ
3673 4535 3736 4594 οὗ

2162 4633 2480 4701 διελάϐομεν
2528 4636 2584 4686 ὲν
2649 4634 2727 4703 τῷ
2784 4633 2855 4702 ιη’
2882 4633 3082 4704 ψαλμῷ
3106 4650 3121 4665 ·
3185 4635 3278 4688 καὶ
3307 4635 3333 4686 6
3373 4634 3462 4687 διὰ
3493 4634 3608 4704 βίου
3639 4634 3738 4687 καὶ

2162 4723 2368 4794 ἔργων·
2390 4725 2589 4790 Ὅπως
2621 4725 2753 4795 γὰρ,
2783 4727 2970 4794 φησὶν,
2997 4725 3170 4778 ἴδωσι
3204 4725 3273 4778 τὰ
3299 4724 3440 4792 ἔργα
3469 4723 3636 4794 ὑμῶν
3664 4727 3738 4778 τὰ

2162 4816 2338 4876 καλὰ,
2367 4815 2465 4868 καὶ
2495 4814 2806 4880 δοξάσωσι
2827 4817 2936 4869 τὸν
2956 4816 3188 4884 Πατέρα
3204 4815 3369 4883 ὑμῶν
3391 4815 3497 4868 τὸν
3519 4815 3590 4868 ἐν
3610 4815 3735 4882 τοῖς

2159 4905 2462 4974 οὐρανοῖς.
2502 4907 2716 4960 Αἰνεῖτε
2750 4907 2880 4974 γοῦν
2913 4907 3003 4960 τὸν
3025 4907 3176 4970 Θεὸν,
3219 4907 3406 4961 καὶτὰ
3441 4907 3611 4972 ἄλογα
3638 4910 3734 4961 καὶ

2155 5000 2360 5070 ἄψυχα,
2389 4999 2468 5069 τῷ
2494 4999 2828 5070 μεγέθει,τῷ
2854 4999 3060 5063 κάλλει,
3087 5001 3150 5069 τῇ
3177 4998 3344 5061 Θέσει,
3372 5001 3437 5070 τῇ
3455 4999 3630 5069 χρείᾳ,
3662 5003 3730 5071 τῇ

2154 5091 2423 5163 διακονίᾳ,
2445 5094 2510 5162 τῇ
2537 5091 2795 5161 διαμονῇ,
2832 5092 3062 5154 καὶτοῖς
3091 5091 3377 5153 τοιούτοις,
3411 5092 3502 5144 τὸν
3533 5091 3733 5162 Θεατὴν

2155 5185 2235 5246 είς
2261 5182 2446 5251 θαῦμα
2480 5182 2574 5235 καὶ
2595 5181 2874 5250 εὐφημίαν
2910 5181 3005 5233 τοῦ
3042 5180 3406 5249 πεποιηκότος
3443 5181 3732 5246 ἐνάγοντα,

2155 5274 2249 5328 καὶ
2274 5279 2342 5347 τῇ
2373 5273 2586 5345 γλώττῃ
2617 5273 2791 5346 ταύτῃ
2869 5274 3007 5343 πρὸς
3055 5272 3386 5340 ὑμνολογίαν
3418 5274 3700 5344 χρώμενα.

2155 5371 2310 5422 Κατὰ
2345 5371 2453 5440 γὰρ
2508 5370 2599 5422 τὸν
2659 5369 2921 5437 Θεολόγον
2976 5369 3297 5440 Γρηγὸριον,
3367 5370 3546 5422 πάντα
3598 5370 3735 5422 Θεὸν

2153 5459 2315 5528 ὑμνεῖ
2367 5461 2461 5514 καὶ
2519 5459 2732 5524 δοξάζει
2818 5461 3024 5530 φωναῖς
3091 5459 3400 5529 ἀλαλήτοις.
3432 5459 3555 5512 Ἐπὶ
3595 5464 3735 5514 aiat

2154 5553 2263 5624 γὰρ
2299 5553 2708 5625 εὐχαριστεῖται
2743 5553 2809 5607 δι’
2845 5553 2979 5624 ἐμοῦ
3005 5552 3168 5615 Θεός⁹
3204 5551 3299 5604 καὶ
3328 5550 3499 5616 οὕτως
3527 5554 3554 5605 6
3587 5546 3740 5607 ἐκεί-ἶ
