4032 6238
400 218 538 279 1ἜῙ3
1573 227 1961 288 COMMENT.
2004 227 2086 287 IN
2125 229 2489 293 PSALMOS.
3527 229 3664 296 13η

395 348 503 383 νων
558 331 725 402 ὖμνος
789 338 1060 410 ἡμέτερος
1120 339 1351 408 γίνεται,
1411 342 1542 410 παρ’
1605 335 1679 396 ὧν
1741 343 1852 410 ἐγὼ
1912 341 1972 395 τὸ

2081 343 2405 406 ministerio,
2461 346 2905 414 perseverantia,
2972 356 3135 418 atque
3200 346 3324 403 aliis
3385 348 3663 403 similibus

397 424 590 491 ὑμνεῖν
631 427 775 497 λαμὸ
785 431 918 485 ἀνω.

2081 435 2255 488 modis
2291 451 2307 488 :
2342 445 2398 489 et
2433 447 2796 504 spectatorem
2831 440 2884 492 in
2911 439 3324 493 admirationem
3355 478 3371 504 ,
3405 446 3570 509 atque
3594 442 3662 493 ad

394 515 609 572 liudem
653 521 899 581 Factoris
935 539 1191 598 movent,
1247 533 1389 586 unde
1426 531 1748 600 spectatoris
1793 530 1978 599 lingua
2017 527 2085 582 ad
2117 530 2208 582 Dei
2244 531 2461 585 laudem
2511 542 2758 586 utuntur.
2801 530 2995 586 Omnia
3021 533 3207 595 enim,
3281 539 3372 594 ut,
3440 531 3662 600 inquit,

400 605 702 677 Gregorius
739 613 1073 688 Theologus,
1109 621 1274 676 Deum
1306 623 1557 690 laudant,
1593 621 2166 688 inenarrabilibusque
2198 631 2253 675 et
2285 622 2453 676 mutis
2479 624 2665 688 etiam,
2691 633 2754 676 ut
2790 624 2861 676 ita
2921 621 3122 695 dicam,
3191 623 3422 679 vocibus
3492 625 3664 680 Deum

394 699 725 767 glorificaot.
759 704 866 762 Pro
898 709 984 763 his
1017 712 1272 767 omnibus
1301 718 1520 776 etenim,
1552 715 1752 784 inquit,
1783 715 1971 783 gratiae
2005 729 2035 767 a
2061 729 2145 768 me
2174 720 2413 783 aguntur
2445 715 2556 770 Deo
2600 733 2614 770 :
2667 726 2832 783 atque
2903 715 3003 771 hoc
3036 711 3192 785 pacto
3227 717 3441 772 illorum
3507 721 3660 780 laus.

395 807 498 860 qua
531 792 698 848 Deum
736 797 957 854 laudant
981 841 997 866 ,
1032 819 1150 858 mea
1180 804 1410 860 ellicitur
1432 846 1446 870 ,
1479 807 1607 860 dum
1639 806 1840 860 abillis
1872 821 1974 874 ego
2009 806 2267 860 laudandi
2293 808 2640 862 occasionem
2667 810 2895 876 accipio.

461 886 690 940 Αἰνεῖτε
710 890 919 954 αὐτὸν,
960 895 1013 946 ol
1037 895 1280 961 οὐρανοὶ
1315 896 1432 948 τᾶν
1453 896 1745 964 οὐρανῶν,
1783 896 1879 948 καὶ
1915 896 1982 947 τὸ

392 977 551 1044 ὕδωρ
613 980 680 1032 τὸ
717 981 871 1050 ὑπὲρ
898 983 1020 1038 ἀνω
1063 985 1184 1039 τῶν
1207 987 1503 1056 οὐρανῶν,
1555 989 1980 1042 ιιὶγεσάτωσιιν

393 1071 462 1123 τὸ
508 1069 697 1140 ὄνομα
733 1075 979 1142 Κυρίου.
1030 1078 1260 1148 Εἴρηται
1299 1079 1595 1150 διαφόρως,
1639 1081 1721 1132 ὅτι
1767 1079 1886 1142 ἔθεος
1909 1081 1974 1149 τῇ

393 1163 504 1215 τῶν
537 1163 809 1236 Ἐϐραίων
834 1170 1009 1239 φωνῇ,
1033 1169 1100 1222 τὰ
1116 1170 1270 1223 ἑνικὰ
1294 1171 1676 1241 πληθυντικῶς
1694 1172 1968 1240 ἐκφέρειν.

395 1257 680 1323 Οὐρανοὺς
713 1254 808 1311 οὖν
836 1260 1107 1332 οὐρανῶν,
1143 1263 1234 1316 τὸν
1273 1264 1537 1331 οὐρανὸν
1568 1262 1674 1316 τοῦ
1707 1263 1971 1330 οὐρανοῦ

395 1348 553 1400 καλεί
579 1369 590 1380 ο
617 1350 816 1422 δηλαδὴ
845 1353 937 1406 τὸν
974 1356 1212 1426 πρῶτον
1246 1356 1484 1426 ἀλλαχοῦ
1509 1356 1617 1427 γάρ
1676 1373 1864 1425 φησιν,
1909 1355 1972 1408 ’0

393 1441 650 1508 οἰφανὸς
678 1443 783 1496 τοῦ
808 1446 1071 1512 οὐρανοῦ
1107 1447 1187 1512 τῷ
1239 1449 1466 1516 Κυρίῳο
1511 1447 1608 1501 καὶ
1645 1448 1704 1499 τὸ
1739 1445 1972 1500 alr-elue

391 1531 468 1587 δὲ.
512 1537 604 1586 καὶ
640 1534 699 1586 τὸ
747 1536 1186 1604 αἱνεσὰτωσιιν,
1214 1539 1438 1592 τοιαῦτα
1470 1538 1566 1592 νῦν
1588 1540 1694 1590 εισι
1729 1538 1971 1608 πληθυν-

393 1621 544 1686 τικὰ,
579 1623 703 1675 ἀντὶ
727 1625 940 1681 ἑνικῶν.
973 1629 1156 1697 ’Υδωρ
1185 1627 1241 1680 δὲ
1276 1628 1417 1697 ὑπὲρ
1440 1627 1552 1681 ἄνω
1584 1627 1678 1680 τοῦ
1705 1625 1964 1697 οὐρανοῦ,

2160 897 2326 951 Vens.
2354 898 2407 950 4.
2433 896 2670 951 Laudate
2703 915 2817 950 eum
2845 898 2958 951 mali
2986 899 3232 952 cwlorum
3253 938 3269 963 ,
3299 910 3348 954 et
3375 917 3523 967 aqua:
3548 918 3664 973 qua:

2083 1001 2238 1054 super
2268 989 2420 1040 oculos
2449 999 2567 1041 sunt
2594 1028 2609 1052 ,
2647 989 2857 1040 laudent
2898 1005 3082 1042 nomen
3110 990 3341 1044 Domini.
3375 990 3491 1045 lant
3523 1009 3664 1063 saepe

2083 1077 2318 1133 diximus
2349 1078 2674 1134 llebraicum
2716 1096 2839 1135 esse
2871 1081 3072 1136 idioma
3096 1121 3110 1146 ,
3149 1091 3207 1137 ut
3240 1099 3361 1152 qua:
3401 1086 3662 1156 singulari

2081 1181 2335 1223 sermone
2361 1170 2632 1224 efferenda
2663 1182 2848 1226 essent
2875 1213 2889 1237 ,
2929 1172 3191 1228 dicantur
3226 1175 3444 1243 plurali.
3478 1177 3661 1232 Ca'los
3763 1189 3766 1192 ’

2078 1258 2222 1311 enim
2279 1259 2545 1314 Helorum
2599 1261 2775 1327 dixit,
2833 1279 2928 1331 pro
2971 1265 3158 1316 caelum
3207 1265 3359 1329 caeli;
3411 1267 3659 1336 primqu

2077 1349 2336 1403 nimirum
2367 1352 2565 1406 carlum
2594 1393 2608 1418 ,
2641 1355 2708 1407 de
2734 1371 2840 1424 quo
2885 1357 3014 1409 alibi
3052 1358 3254 1412 dictum
3290 1368 3373 1411 est
3412 1374 3426 1411 :
3460 1358 3661 1414 Cariam

2075 1442 2191 1494 cali
2223 1440 2446 1496 Domino
2491 1445 2583 1509 ";
2644 1447 2785 1498 unde
2833 1457 2884 1500 et
2929 1448 3094 1500 verba
3143 1449 3276 1502 illa:
3315 1449 3553 1503 Laudale
3609 1460 3659 1504 et

2075 1532 2310 1600 laudent,
2343 1534 2570 1604 plural'a
2606 1545 2733 1590 sunt
2761 1552 2858 1606 pro
2892 1537 3295 1608 singularibus.-
3325 1541 3427 1594 Per
3455 1557 3652 1609 nquam

2074 1641 2204 1681 vero
2246 1641 2408 1694 quam
2456 1641 2621 1696 supra
2655 1630 2821 1683 caelos
2854 1645 2977 1684 esse
3009 1631 3177 1694 dicit,
3215 1647 3334 1684 eam
3379 1632 3616 1702 intellige
3643 1672 3661 1698 ,

393 1713 454 1765 τδ
480 1715 620 1786 ὑπὲρ
654 1717 763 1770 ἄνω
792 1719 888 1772 τοῦ
929 1721 1334 1790 στερεὼματο,⁶
1373 1721 1492 1782 πῶς
1521 1720 1575 1772 δὲ
1601 1720 1740 1772 αίνεῑ
1763 1720 1790 1771 ὁ
1819 1716 1972 1786 πρῶ-

2082 1731 2200 1784 ιιιιαε
2244 1726 2326 1771 est
2372 1732 2540 1785 supra
2599 1718 3020 1773 firmamentum.
3067 1721 3351 1786 Quomodo
3383 1737 3510 1777 vero
3554 1725 3665 1793 pri-

397 1824 489 1869 της
519 1809 747 1879 οὐρανὸς
772 1811 1002 1874 ἀθέατος
1033 1812 1130 1876 ῶν,
1170 1813 1386 1884 εἴρηται
1417 1815 1474 1864 ὲν
1529 1811 1607 1880 τῷ
1641 1809 1706 1881 ιη’
1738 1809 1968 1879 ψαλμῷο

395 1897 526 1952 ενοα
557 1901 638 1962 τὸ,
683 1904 749 1954 Ol
780 1903 1024 1969 οὐρανοί
1074 1903 1417 1971 διηγοῦνται
1460 1903 1650 1967 δόξαν
1708 1902 1877 1955 Θεοῦ.
1911 1903 1972 1954 Εἰ

394 1989 441 2042 δ’
480 1991 508 2042 ὁ
567 1993 799 2056 ἀθέατος
856 1995 1038 2065 ὑμνεῖ,
1088 1995 1354 2066 πρόδηλον
1386 1996 1467 2048 ὅτι
1497 1993 1678 2066 πολλῷ
1713 1992 1912 2065 μᾶλλον
1944 1994 1973 2046 ὁ

395 2079 608 2147 θεατάς.

471 2257 607 2312 Ὀτι
633 2259 815 2326 αὐτὸς
837 2261 965 2316 εἶπε
993 2263 1091 2316 καί
1116 2263 1514 2334 ἐγενήθησαν.
1547 2265 1646 2318 Διὰ
1671 2265 1789 2331 τοῦ,
1821 2262 1969 2330 εἷπε,

395 2349 490 2404 δύο
513 2351 685 2406 ταῦτα
720 2353 1001 2425 ἐνέφηνεν,
1045 2358 1105 2411 οὐ
1139 2358 1300 2428 μόνον
1322 2359 1403 2412 ὅτι
1443 2358 1518 2428 μὴ
1545 2359 1678 2412 ὄντα
1719 2360 1974 2429 παρήγα-

395 2452 514 2510 γεν,
570 2442 687 2495 ἀλλ’
735 2444 818 2497 ὃτι
873 2445 970 2498 καὶ
1021 2447 1161 2518 μετὰ
1213 2447 1415 2516 πολλῆς
1437 2447 1708 2511 εὐκολίας.
1751 2449 1972 2522 Ὠσπερ

393 2532 503 2603 γάρ
535 2551 616 2587 σοι
667 2535 729 2588 τὸ
753 2540 930 2590 ποιεῖν
959 2537 1202 2602 εὔκολον,
1235 2538 1408 2602 οὕτως
1439 2533 1517 2607 τῷ
1547 2539 1666 2608 Θεῷ
1720 2539 1782 2591 τὸ
1841 2555 1974 2592 ποι-

395 2623 529 2694 ῆσαι
589 2626 690 2680 οὐκ
750 2627 920 2683 ὅνταο
972 2629 1174 2699 μᾶλλον
1223 2629 1280 2684 δὲ
1336 2629 1518 2700 πολλῷ
1573 2631 1777 2684 πλέον·
1847 2632 1972 2684 οὐδὲ

397 2716 510 2787 γὰρ
561 2717 788 2775 δυνατὶν
839 2721 1191 2794 παραστῆσαι
1243 2722 1342 2796 τῆς
1385 2722 1637 2788 εὐκολίας
1667 2722 1768 2782 τὴν
1799 2723 1970 2792 ὑπερ-

399 2808 582 2880 ϐολήν.

2078 1822 2226 1859 mum
2278 1807 2476 1862 cretum
2506 1849 2521 1872 ,
2565 1823 2689 1862 cum
2737 1826 2844 1864 non
2896 1810 3168 1872 videatur,
3217 1812 3438 1866 laudare
3492 1815 3657 1866 Deum

2076 1898 2281 1967 possit,
2307 1899 2546 1954 diximus
2575 1900 2626 1953 in
2660 1902 2870 1969 psalmo
2906 1916 3060 1965 xvnt,
3091 1901 3160 1954 ibi
3200 1919 3214 1955 :
3247 1901 3378 1955 Caeli
3401 1917 3658 1956 enarram

2077 1991 2304 2060 gloriam
2334 1990 2448 2046 Dei.
2477 1990 2630 2058 Quod
2657 1995 2700 2047 si
2727 1995 2902 2062 ipsum
2934 1995 3204 2050 invisibile
3225 1997 3423 2049 cmlum
3487 1995 3657 2052 Deum

2077 2079 2304 2145 laudat,
2354 2084 2526 2137 multo
2562 2085 2734 2154 magis
2764 2086 2833 2138 ab
2857 2091 2932 2140 'co
2970 2084 3176 2140 laudari
3213 2102 3309 2156 par
3349 2095 3433 2143 est
3457 2127 3471 2153 ,
3512 2088 3658 2158 quod

2078 2173 2285 2228 dicitur
2322 2176 2558 2231 visibile.

2151 2262 2314 2319 Vens.
2342 2265 2396 2319 5.
2435 2265 2698 2331 Quoniam
2751 2267 2862 2335 ipse
2899 2267 3037 2322 dixit
3087 2275 3137 2320 et
3180 2269 3324 2337 [acta
3355 2279 3500 2325 sunt.
3545 2269 3662 2326 Hoc

2077 2369 2330 2411 sermone
2373 2354 2640 2425 Propheta
2669 2358 2778 2412 duo
2818 2359 2932 2414 hazc
2974 2359 3132 2415 nobis
3162 2360 3540 2416 demonstrare
3566 2378 3661 2417 vo-

2075 2447 2199 2514 luit,
2226 2449 2372 2518 quod
2395 2460 2449 2504 et
2489 2452 2696 2504 creavit
2730 2451 2874 2505 Deus
2906 2468 2967 2506 ea
2999 2468 3121 2522 quae
3151 2463 3309 2508 antea
3341 2469 3449 2508 non
3479 2466 3660 2519 erant,

2077 2549 2131 2595 et
2160 2541 2305 2608 quod
2353 2541 2522 2596 multa
2553 2557 2676 2596 cum
2716 2543 2980 2598 facilitate
3024 2545 3074 2598 id
3109 2546 3236 2600 fecit
3258 2584 3274 2610 ,
3295 2546 3425 2601 dum
3455 2548 3661 2604 dixisse

2079 2641 2288 2686 tantum
2323 2647 2448 2687 cum
2488 2634 2657 2696 dixit,
2707 2643 2763 2689 et
2809 2634 2949 2690 facta
2994 2652 3133 2692 esse.
3165 2639 3241 2692 Ac
3288 2638 3333 2693 si
3373 2639 3600 2694 dixisse:
3641 2655 3658 2694 :

2079 2721 2548 2788 Quemadmodum
2581 2725 2676 2778 tibi
2711 2724 2868 2779 facile
2901 2735 2985 2781 est
3017 2728 3219 2798 aliquid
3250 2728 3432 2783 dicere
3456 2771 3470 2793 ,
3500 2729 3572 2782 ita
3607 2741 3663 2784 et

2078 2813 2188 2868 Deo
2219 2814 2379 2868 facile
2423 2823 2509 2868 est
2557 2829 2622 2870 ea
2676 2831 2861 2870 creare
2911 2832 3032 2885 quae
3072 2833 3177 2872 n0u
3217 2829 3362 2873 siml.
3405 2819 3663 2885 Quinin.o

2077 2915 2132 2960 et
2180 2906 2353 2960 multo
2381 2905 2595 2961 facilius
2643 2907 2693 2961 id
2743 2916 2943 2976 potest.
3002 2907 3187 2977 Neque
3221 2911 3368 2963 enim
3409 2911 3662 2980 possibile

2078 3007 2164 3050 est
2188 2995 2384 3052 divinae
2418 2997 2702 3054 facilitatis
2734 2999 3159 3066 magnitudinem
3189 2999 3586 3054 demonstrare.

461 3099 654 3166 Αὐτὸς
708 3100 1049 3158 ἐνετείλατο
1109 3103 1207 3157 καί
1257 3104 1647 3174 ἐκτίσθησαν.
1709 3105 1782 3158 Τὸ
1837 3105 1971 3159 αὐτὸ

2152 3087 2260 3156 Ipse
2297 3089 2564 3144 mandavit
2597 3100 2645 3144 et
2673 3101 2849 3144 creata
2879 3100 3021 3143 sunt.
3080 3087 3338 3144 Eamdem
3375 3107 3524 3146 more
3555 3107 3659 3146 suo

397 3189 549 3258 λέγει
583 3192 769 3254 πάλιν,
815 3193 889 3256 ὡς
921 3193 1080 3247 εἴωθε
1110 3195 1374 3260 πολλάκις
1423 3199 1617 3250 ποιεῖν.
1653 3197 1971 3266 Γέγραπται

397 3281 506 3348 γὰρ
540 3282 597 3333 ιν
656 3285 721 3351 τῇ
771 3282 937 3353 βίϐλῳ
983 3285 1081 3352 τῆς
1109 3285 1382 3347 Γενέσεως
1419 3301 1434 3316 ⁶
1465 3285 1790 3352 Γενηθήτω
1821 3286 1969 3356 φῶς,

397 3373 493 3425 καί
526 3372 785 3442 ἐγένετο,
819 3377 913 3427 καὶ
943 3377 1011 3428 τὰ
1046 3375 1172 3444 ἑξῆς
1202 3378 1427 3444 ὁμοῖως.

475 3467 774 3531 Ἔστησεν
796 3468 946 3520 αὐτὰ
964 3475 1048 3531 εις
1065 3470 1172 3520 τὸν
1188 3470 1372 3521 αιῶνα
1389 3469 1493 3523 τοῦ
1507 3469 1738 3535 αίῶνος.
1759 3471 1975 3540 Ἥδραί-

400 3571 540 3606 mrsu
596 3558 734 3609 αὐτά
789 3560 934 3612 κατά
979 3576 1038 3610 τε
1093 3559 1190 3628 τὴν
1225 3561 1379 3624 τάξιν
1413 3563 1506 3613 καὶ
1543 3563 1640 3629 τὴν
1665 3564 1971 3631 ἐνέργειαν,

399 3647 497 3698 καὶ
544 3647 642 3716 τὴν
683 3649 896 3719 χρείαν,
933 3651 1306 3719 ἀμετακίνητοι
1340 3649 1409 3702 δι’
1443 3651 1658 3718 αἰῶνος,
1694 3653 1768 3723 μὴ
1800 3669 1977 3724 παρα-

403 3741 657 3794 6αί·.οντα
695 3741 822 3804 τοὺς
853 3742 1012 3810 ὅρους
1041 3744 1139 3810 τῆς
1173 3741 1413 3809 φύσεως.

476 3839 835 3905 Πρόσταγμα
880 3835 1070 3901 ἔθετο,
1102 3836 1198 3888 καί
1231 3839 1303 3888 οὐ
1333 3837 1828 3905 παρελεύσονται.
1868 3838 1979 3893 Καὶ

400 3926 562 3980 τοῦτο
609 3927 708 3996 τὴν
751 3927 1001 3979 εὐκολίαν
1038 3926 1134 3995 τῆς
1167 3929 1398 3997 συνοχῆς
1431 3928 1525 3981 καὶ
1569 3927 1978 4001 διακρατήσεως

401 4020 583 4072 αὐτῶν
637 4019 908 4089 ἐμφαίνει.
975 4018 1187 4080 Ἔθετο,
1223 4022 1408 4087 φησὶν,
1434 4021 1618 4084 αὐτοῖς
1652 4023 1980 4091 πρόσταγμα

401 4110 495 4162 τὸν
533 4112 682 4182 ὅρον,
742 4113 835 4163 καὶ
895 4109 958 4162 οὐ
1017 4109 1451 4180 παρελεύσονται
1502 4111 1684 4174 τοῦτο,
1726 4113 1979 4184 καθάπερ

403 4200 566 4256 δοῦλα
593 4205 668 4275 μὴ
706 4205 996 4276 τολμῶντα
1037 4203 1393 4275 παρεξελθεῖν
1422 4204 1483 4258 τὸ
1511 4205 1840 4275 προστάγμα
1886 4206 1978 4258 τοῦ

402 4294 688 4350 δεσπότου.

470 4561 692 4614 Αἰνεῖτε
722 4562 828 4615 τὸν
861 4564 1079 4631 Κύριον
1110 4563 1179 4616 ἐκ
1206 4562 1314 4631 τῆς
1348 4561 1480 4632 γῆς,
1504 4561 1853 4630 δράκοντες,
1879 4565 1978 4616 καὶ

405 4653 597 4708 πᾶσαι
644 4655 928 4708 ἄϐυσσοι.
975 4657 1286 4727 Δράκοντας
1348 4656 1449 4724 μὲν
1505 4655 1575 4707 τά
1612 4657 1781 4725 κτήνη
1832 4655 1980 4722 λέγει

405 4745 524 4810 νῦν,
572 4745 647 4808 ὡς
701 4747 794 4798 καὶ
839 4747 1096 4816 ἀλλαχοῦ,
1162 4747 1425 4814 Δράκων,
1477 4745 1664 4816 φησιν,
1700 4741 1875 4810 οὗτος
1909 4745 1983 4798 ὃν

407 4837 677 4901 ἔπλασας
706 4853 718 4866 ·
755 4838 1024 4899 ἀϐύσσους
1053 4837 1130 4897 δὲ,
1149 4838 1216 4890 τὰ
1249 4839 1460 4907 πελάγη
1485 4853 1499 4866 °
1522 4839 1692 4891 Ὅταν
1730 4839 1840 4906 γάρ
1881 4836 1980 4889 tam

404 4945 488 4990 τις
543 4928 638 4981 τοῦ
694 4929 892 4999 κήτους
919 4931 980 4981 το
1021 4929 1274 4997 μέγεθος,
1306 4929 1401 4981 καὶ
1440 4940 1538 4998 την
1565 4927 1843 4998 σύμπηξιν
1883 4928 1979 4980 τοῦ

410 5020 681 5092 σώματος,
743 5024 809 5094 ἢν
861 5025 920 5074 ὲν
957 5021 1037 5091 τῷ
1098 5022 1218 5074 Ἰὼϐ
1252 5023 1284 5092 ἡ
1322 5021 1512 5092 Γραφὴ
1556 5021 1696 5091 μετὰ
1734 5021 1979 5083 πλείονος

407 5113 677 5182 διηγεῖται
713 5117 1036 5184 σαφηνείας,
1083 5114 1202 5178 πῶς
1257 5115 1317 5166 οὐ
1383 5115 1596 5183 σφόδρα
1671 5111 1979 5181 Θαυμάσας,

409 5204 628 5276 ὑμνήσῃ
675 5209 766 5259 τὸν
807 5207 1289 5277 δημιουργήσαντα
1342 5203 1648 5276 τηλικαῦτα
1686 5205 1802 5269 ζῶα
1827 5244 1842 5268 ,
1887 5205 1980 5257 καὶ

409 5299 589 5368 χωρία
617 5298 827 5362 τούτοις
878 5300 947 5351 τά
974 5298 1191 5366 ἄπλητα
1222 5298 1435 5367 πελάγη
1487 5295 1980 5365 ἀποκληρώσανταο

412 5393 506 5442 καὶ
535 5391 610 5458 μὴ
650 5391 1039 5460 συγχωροῦντα
1071 5390 1183 5443 τῶν
1219 5389 1435 5442 οἰκείων
1479 5389 1761 5458 ικτρέχειν
1817 5389 1978 5456 ὅρων,

412 5482 523 5534 εἴτε
558 5482 692 5552 πρὸς
735 5481 861 5552 γῆν,
895 5483 1005 5536 site
1036 5481 1170 5551 πρὸς
1202 5481 1270 5535 τὰ
1303 5479 1572 5549 πλεόμενα
1616 5482 1787 5551 μέρηο
1812 5477 1889 5550 μὴ
1927 5478 1984 5531 δὲ

486 5671 529 5702 “
551 5671 688 5726 Psal.
731 5682 883 5732 cun,
919 5665 999 5721 ιϐ.

1082 5665 1127 5696 ¹⁹
1152 5663 1290 5720 Gen.
1325 5681 1363 5731 ι,
1391 5663 1447 5719 5.
1527 5663 1565 5695 ¹⁸
1596 5663 1742 5718 Psal.
1778 5678 1967 5727 οτι-ιιι,
1997 5662 2087 5720 9t.

2075 3181 2346 3246 Propheta
2395 3184 2590 3252 repetit
2619 3184 2970 3238 sententiam.
3024 3181 3297 3252 Scriptum
3342 3191 3428 3238 est
3473 3194 3655 3239 autem

2075 3274 2128 3328 in
2159 3275 2300 3328 libro
2336 3273 2566 3329 Genesis
2599 3292 2612 3329 :
2655 3275 2720 3328 Et
2763 3276 2898 3329 dixit
2943 3275 3080 3337 Deus
3109 3276 3238 3342 ,ﬁat
3262 3275 3357 3328 lux
3384 3314 3399 3338 ,
3433 3285 3481 3328 et
3515 3275 3656 3344 [acta

2073 3379 2151 3421 est
2195 3368 2238 3399 ⁸³
2268 3383 2283 3432 ;
2319 3378 2370 3420 et
2397 3385 2436 3421 r4
2456 3367 2602 3436 liqua
2633 3367 2794 3420 simili
2821 3368 3034 3421 ratione
3063 3382 3128 3422 ac
3161 3367 3342 3420 modo.

2147 3455 2315 3511 Vens.
2344 3460 2401 3511 6.
2439 3457 2639 3510 Statuit
2686 3475 2746 3511 ea
2785 3460 2840 3510 in
2893 3459 3178 3524 uetulum,
3230 3469 3277 3512 et
3315 3461 3369 3510 in
3411 3460 3661 3514 sarculum

2075 3550 2279 3602 seaculi.
2344 3548 2612 3602 Stabilivit
2653 3565 2740 3610 ea,
2777 3551 2968 3604 ordine
3013 3552 3308 3615 nimirum,
3343 3551 3662 3619 operatione

2077 3651 2240 3706 atque
2268 3639 2502 3693 utilitate
2532 3679 2544 3699 .
2583 3647 2640 3690 ut
2689 3640 2985 3693 immobilia
3034 3651 3222 3695 essent
3251 3682 3266 3706 ,
3305 3658 3369 3696 ac
3399 3645 3659 3701 saeculum

2078 3741 2131 3787 et
2169 3740 2377 3786 natura:
2407 3732 2672 3786 terminos
2700 3748 2806 3784 non
2837 3735 3374 3802 transgrederentur.

2157 3819 2490 3890 Prwcrptum
2521 3821 2716 3887 posuit,
2743 3829 2791 3872 et
2819 3837 2924 3872 non
2951 3822 3310 3889 prwleribunt.
3338 3822 3463 3877 llaec
3485 3825 3652 3882 verba

2080 3916 2244 3970 etiam
2291 3914 2608 3968 facilitatem
2658 3913 3064 3977 demonstrant,
3114 3927 3220 3982 qua
3263 3913 3646 3982 hujuscemodi

2081 4009 2353 4063 elementa
2384 4015 2548 4076 atque
2581 4013 2849 4059 creaturae
2933 4005 2984 4057 in
3026 4019 3148 4059 esse
3181 4023 3207 4057 a
3243 4004 3352 4059 Deo
3394 4006 3659 4075 producta

2081 4109 2235 4166 sunt,
2259 4111 2310 4154 et
2334 4115 2440 4170 qua
2469 4099 2726 4168 deinceps
2777 4107 3175 4166 conservantur
3207 4107 3262 4154 et
3282 4108 3656 4168 perseverant.

2082 4191 2278 4248 Posuit
2326 4191 2496 4255 enim,
2552 4191 2747 4259 inquit,
2799 4190 2878 4245 eis
2924 4189 3240 4243 mandatum
3293 4189 3361 4244 de
3410 4188 3658 4243 terminis

2083 4299 2299 4348 eorum,
2358 4283 2500 4351 quod
2559 4297 2836 4350 nunquam
2897 4281 3278 4349 praeteribunt,
3331 4295 3441 4334 non
3497 4295 3660 4334 secus

2016 4403 2056 4457 ο
2087 4385 2250 4442 atque
2279 4375 2450 4437 servi,
2481 4374 2572 4442 qui
2607 4373 2912 4442 transgredi
2937 4388 3044 4426 non
3071 4372 3273 4425 audent
3307 4371 3655 4425 dominorum

2086 4477 2378 4538 prsecepta.
2407 4465 2600 4521 Omnia
2630 4467 2800 4531 enim,
2826 4464 3002 4534 inquit
3034 4464 3186 4529 alibi,
3219 4465 3451 4520 serviunt
3482 4465 3574 4517 tibi
3595 4463 3657 4517 ".

2157 4556 2322 4615 Vens.
2351 4559 2401 4612 7.
2425 4556 2665 4614 Laudat:
2695 4558 2976 4612 Dominum
3005 4560 3070 4611 de
3101 4568 3240 4614 terra
3262 4598 3277 4622 ,
3311 4557 3566 4610 dracones
3610 4566 3660 4608 et

2088 4667 2267 4706 omnes
2301 4652 2499 4722 abyssi.
2531 4651 2637 4706 Per
2667 4653 2934 4706 dracones
2973 4652 3074 4705 hoc
3114 4652 3167 4704 in
3208 4651 3328 4704 loco
3395 4651 3512 4720 ipsa
3545 4660 3664 4706 cete

2088 4742 2364 4812 intelligit,
2425 4742 2884 4811 quemadmodum
2939 4752 2995 4796 et
3049 4741 3199 4808 alibi,
3258 4743 3479 4810 quando
3529 4742 3658 4794 ait:

2085 4833 2260 4887 Draco
2309 4834 2405 4886 iste
2450 4849 2601 4902 quem
2638 4834 2883 4902 {armatui
2915 4835 2990 4888 ais
3020 4833 3083 4886 ¹¹¹.
3116 4834 3215 4888 Per
3246 4835 3472 4904 abyssos
3535 4847 3662 4884 vero

2089 4926 2206 4996 ipsa
2237 4924 2508 4996 signiﬁcat
2538 4925 2728 4978 maria.
2759 4924 2988 4990 Quoties
3021 4927 3190 4991 enim,
3222 4925 3420 4994 inquit,
3457 4923 3660 4978 vidcr's

2087 5032 2221 5077 reue
2261 5021 2714 5092 magnitudinem,
2759 5030 2812 5074 et
2853 5023 3104 5092 corporis
3144 5023 3292 5076 illius
3327 5020 3661 5088 compactio-

2088 5129 2235 5177 nem,
2289 5127 2452 5182 quam
2509 5112 2650 5182 apud
2701 5112 2918 5166 beatum
2961 5111 3063 5166 Joh
3112 5111 3397 5178 Scriptura
3445 5109 3660 5176 plenius

2089 5215 2253 5274 atque
2300 5203 2545 5273 apertius
2596 5203 2880 5265 describit,
2933 5200 3208 5272 quomodo
3261 5213 3370 5253 non
3423 5198 3662 5251 admira-

2093 5296 2314 5352 bundus
2356 5305 2630 5352 tantorum
2654 5295 3010 5350 animantium
3036 5293 3349 5348 Creatorem
3379 5289 3662 5344 laudatis?

2093 5390 2187 5458 qui
2219 5387 2611 5459 innavigabiles
2639 5387 2806 5442 maris
2829 5385 2984 5440 sinus
3015 5399 3079 5438 ac
3104 5383 3374 5454 regiones,
3399 5397 3500 5453 pro
3537 5383 3658 5434 illo-

2095 5496 2213 5535 rum
2250 5480 2587 5536 habitatione
2613 5479 2693 5536 eis
2728 5476 2978 5544 tradidit,
3011 5490 3112 5533 nec
3139 5491 3204 5531 ea
3247 5475 3380 5532 sinit
3423 5481 3660 5529 statutos

2171 5665 2211 5695 "
2244 5662 2388 5718 Psal.
2415 5676 2533 5726 cm,
2559 5659 2651 5718 26.
