4032 6238
306 207 453 274 1317

1404 207 1796 269 COMMENT.
1841 206 1927 267 ΙΝ
1959 205 2349 267 ΡΞΑῙΜΟΞ.⁴

3429 209 3573 271 12ὶὸ

296 323 367 375 δι’
399 316 579 376 αὐτῶν
605 318 776 390 ὕμνον
831 314 1210 389 ἀναφέρεσθαι
1243 318 1322 389 τῷ
1372 317 1491 389 Θεῷ
1540 318 1636 372 καὶ
1665 317 1877 383 δοξολο-

1988 329 2049 369 ea
2093 314 2286 369 liabuit
2313 314 2507 369 Adam.
2535 314 2759 368 Tradita
2790 313 2936 368 enim
2969 314 3017 369 ei
3048 329 3076 368 a
3122 314 3232 369 Deo
3260 315 3483 373 fuerant
3514 325 3571 374 in

307 414 449 481 γίαν.
485 411 539 464 τί
562 411 628 465 ἄν
655 427 740 472 τις
761 411 924 474 εἴποι,
962 410 1091 481 περὶ
1118 409 1231 463 τῶν
1254 410 1331 480 μὴ
1367 411 1665 475 τοιούτωνς

1989 408 2311 462 servitutem
2389 416 2444 462 et
2486 406 2920 475 subiectionem,-
2961 418 3126 479 atque
3166 409 3293 464 ideo
3330 413 3574 480 appella-

300 501 483 558 tiones
522 510 577 558 et
618 504 840 557 nomina
876 503 945 557 ab
978 518 1044 557 eo
1079 508 1245 557 etiam
1279 512 1663 571 susceperant.
1699 500 1879 555 Tareo
1920 498 2354 554 innumerabiles
2406 501 2672 554 utilitates
2725 514 2862 571 quas
2946 500 3016 562 in,
3065 501 3355 557 medicinis
3434 520 3578 574 prm-

301 604 456 650 stant
533 604 588 649 et
640 582 974 664 pltarmacis.
1032 595 1087 649 Si
1141 595 1305 665 igitur
1386 609 1449 649 ea
1498 611 1620 665 quae
1672 595 1915 648 tristiora
1988 600 2143 655 sunt,
2205 600 2300 645 aut
2351 592 2691 655 molestiora,
2753 608 2985 662 quaeque
3057 593 3272 648 inutilia
3319 596 3578 654 videntur

301 708 447 758 esse,
485 707 548 746 ac
590 695 775 758 noxia,
812 692 949 746 adeo
986 692 1140 745 utilia
1173 699 1327 757 sunt,
1360 701 1418 746 ut
1457 708 1553 763 per
1584 707 1646 746 ea
1676 693 1795 746 laus
1830 697 1885 742 et
1922 688 2092 758 gloria
2127 686 2238 742 Deo
2265 689 2386 743 cani
2424 688 2627 743 debeat
2669 703 2683 740 :
2732 688 2864 757 quid
2892 689 3186 743 dicendum
3233 694 3340 744 erit
3375 692 3444 746 de
3510 695 3577 749 iis

304 803 430 859 quae
470 787 852 856 hujuscemodi
898 805 1004 843 non
1040 799 1190 851 sunt.
1235 789 1331 843 sed
1372 789 1724 844 delcctabilia
1758 795 1890 841 sunt
1927 785 2134 856 pariter
2163 796 2325 855 atque
2356 784 2553 837 utilia?

378 883 661 949 Βασιλεῖς
708 882 815 951 τῆς
841 883 979 952 τῆς,
1012 883 1109 938 καί
1144 881 1372 948 πάντες
1401 885 1561 946 λαοὶ,
1590 882 1885 951 ἄρχοντες

307 972 409 1026 καὶ
442 971 667 1038 πάντες
696 974 893 1043 κριταὶ
941 974 1077 1043 γῆς.
1109 974 1284 1029 Πάλιν
1318 974 1505 1045 ἕτερον
1540 973 1775 1027 ἐνταῦθα
1804 990 1890 1026 κι-

305 1067 391 1119 νεῖ
429 1066 689 1136 προνοίας
718 1062 880 1131 εἶδος,
908 1068 969 1120 τὸ
999 1071 1104 1120 τῶν
1135 1065 1439 1136 ἀρχόντων·
1462 1064 1566 1135 τῆς
1607 1063 1705 1117 τοῦ
1747 1062 1885 1118 Θεοῦ

307 1156 417 1225 γὰρ
446 1156 638 1227 σοφίας
677 1158 862 1230 ἔργον,
896 1160 958 1213 τὸ
983 1161 1064 1223 είς
1091 1160 1362 1230 ἄρχοντας
1426 1158 1521 1212 καὶ
1553 1158 1889 1229 ἀρχομένους

305 1248 427 1301 τόδε
466 1249 527 1301 τὸ
557 1251 663 1301 πᾶν
689 1249 907 1303 διελεῖνυ
936 1250 1063 1313 τοὺς
1094 1249 1336 1319 βασιλεῖς
1366 1248 1423 1303 δὲ
1458 1248 1610 1319 λέγει
1641 1250 1737 1301 καὶ
1783 1248 1888 1319 ἄρ-

306 1357 502 1410 χοντας
548 1341 643 1393 καὶ
686 1341 919 1412 κριτὰς,
953 1343 1031 1407 ὡς
1079 1342 1141 1396 τὸ
1172 1342 1383 1412 ἄρχειν,
1411 1342 1507 1395 καὶ
1556 1342 1617 1394 τὸ
1674 1339 1884 1411 κρίνειν

306 1430 550 1500 ἔχοντας.
579 1432 785 1486 Αἰνεῖτε
839 1433 971 1504 γὰρ,
1002 1433 1159 1503 φησὶ,
1189 1433 1280 1486 τὸν
1329 1431 1554 1502 Κύριον,
1581 1431 1632 1484 οί
1672 1430 1769 1502 μὲν
1807 1431 1889 1484 ὄτι

305 1520 687 1592 ἐπιμελεῖσθαι
709 1524 1102 1595 προεκρίθητε,
1128 1523 1180 1576 oi
1209 1522 1292 1588 δὲ,
1319 1522 1403 1576 ὅτι
1438 1520 1760 1590 ἐπιμελείας
1788 1520 1888 1591 τῆς

308 1613 464 1683 παρὰ
517 1615 627 1666 τῶν
662 1613 995 1683 κρειττόνων
1031 1612 1312 1680 ἀξιοῦσθε,
1370 1611 1507 1682 ὁμοῦ
1541 1611 1598 1665 δὲ
1659 1611 1885 1675 πάντες,

2068 881 2238 937 Vens.
2274 879 2362 935 il.
2389 876 2555 949 Reges
2588 887 2745 932 terra:
2775 886 2823 931 et
2856 894 3036 931 omnes
3065 877 3267 946 populi,
3315 881 3577 948 prinripcs

1994 983 2045 1029 et
2069 989 2247 1028 omnes
2269 971 2475 1038 iudices
2507 980 2685 1026 terrte.
2728 969 2972 1024 Rursum
3020 970 3124 1025 hoc
3158 973 3213 1025 in
3245 972 3365 1026 loco
3424 974 3578 1027 aliud

1990 1073 2294 1137 pertractat
2326 1063 2523 1118 divina:
2554 1061 2920 1132 providentia:
2944 1077 3138 1132 genus,
3162 1062 3228 1117 de
3258 1064 3572 1133 principum

1990 1158 2204 1214 scilicet
2233 1171 2298 1210 ac
2335 1171 2525 1224 regum
2563 1155 2985 1209 constztutione.
3022 1153 3112 1208 Est
3142 1156 3345 1209 etenim
3379 1157 3579 1212 divina:

2009 1246 2301 1316 Sapientia:
2352 1260 2518 1314 opus,
2573 1245 2890 1299 universum
2948 1244 3137 1298 orbem
3190 1246 3243 1299 in
3296 1247 3578 1317 principes

1993 1346 2160 1409 atque
2193 1338 2248 1391 iu
2279 1336 2533 1391 soliditos
2554 1335 2901 1390 distinxisse.
2932 1332 3111 1403 Reges
3138 1344 3324 1390 autem
3352 1345 3405 1391 et
3432 1338 3580 1406 prin-

1992 1432 2145 1501 cipes
2171 1437 2226 1483 et
2274 1427 2493 1498 judices
2558 1427 2813 1496 appellat,
2870 1442 2937 1480 eo
2997 1427 3145 1495 quod
3194 1427 3577 1496 dominantur,

1992 1528 2192 1593 regunt
2221 1529 2276 1575 et
2328 1519 2601 1590 iudicant.
2638 1517 2883 1574 Laudate
2922 1518 3093 1585 enim,
3146 1520 3347 1588 inquit,
3386 1521 3577 1577 Domi-

1991 1629 2147 1676 num,
2183 1626 2283 1667 vos
2311 1612 2556 1683 quidem,
2600 1611 2727 1680 quia
2765 1610 3041 1680 praepositi
3067 1619 3122 1665 et
3146 1594 3390 1682 printer-ti
3420 1612 3579 1678 estis,

302 1703 387 1756 ὅτι
415 1704 668 1768 εὐταξίαν
694 1703 947 1758 ἐντεῦθεν
984 1706 1013 1758 ὁ
1039 1703 1175 1767 Θεδς
1202 1705 1316 1768 τοῖς
1345 1700 1655 1773 ἀνθρώποις
1686 1701 1882 1770 ἐδωρή-

1996 1707 2182 1780 populi
2207 1722 2338 1762 vero
2372 1705 2499 1776 quia
2529 1704 2717 1759 studio
2748 1712 2912 1772 atque
2946 1718 3093 1757 curte
3119 1712 3172 1757 et
3204 1703 3572 1759 sollicitudini

305 1809 461 1850 σατο.
499 1793 572 1848 Τὸ
600 1795 699 1865 μὲν
720 1792 727 1798 ’
747 1791 840 1849 οὖν
892 1794 1108 1866 ἄρχειν,
1140 1793 1298 1865 ἔργον
1320 1792 1456 1847 Θεοῦ
1476 1809 1491 1825 ο
1518 1794 1580 1847 τὸ
1605 1791 1661 1845 δὲ
1696 1791 1886 1855 κακῶς

303 1886 496 1956 ἄρχειν
509 1888 607 1957 τῆς
632 1887 742 1941 τῶν
770 1885 1075 1957 ἀνθρώπων
1100 1886 1456 1957 φαυλότητος·
1485 1883 1546 1938 τὸ
1570 1883 1627 1937 δὲ
1647 1883 1742 1937 καὶ
1792 1900 1890 1937 πο-

303 1979 506 2047 νηροὺς
524 1981 603 2042 είς
632 1979 695 2034 τὸ
715 1980 901 2050 ἄρχειν
919 1978 1256 2049 ἄγεσθαιτῆς
1275 1979 1373 2032 ἀνθ
1381 1977 1582 2048 ρώπων
1599 1977 1885 2048 πονηρίας.

304 2067 492 2122 Εἰπὼν
521 2071 575 2124 δὲ
604 2072 686 2125 ὅτι
722 2071 946 2137 ,πάντες
974 2071 1134 2134 Jaol,
1167 2071 1269 2124 οὐκ
1290 2070 1489 2140 ἄνδρας
1518 2068 1755 2139 ἐδήλωσε
1786 2068 1887 2137 μό-

305 2175 419 2223 νον,
469 2161 607 2215 ἀλλὰ
653 2163 746 2216 καὶ
782 2165 1048 2231 γυναῖκας
1100 2162 1197 2216 καὶ
1228 2160 1416 2225 ἁπλῶς
1445 2161 1552 2215 πᾶν
1585 2161 1763 2230 γένος,
1793 2160 1889 2215 καὶ

306 2255 492 2307 πᾶσαν
522 2255 760 2325 ἡλικίαν.

1996 1799 2349 1870 superiorum
2377 1815 2404 1853 a
2437 1800 2545 1854 Deo
2575 1796 2761 1853 donati
2797 1804 2947 1851 sunt.
2992 1795 3110 1851 Una
3150 1806 3331 1851 autem
3381 1813 3578 1853 omnes

1996 1891 2049 1944 id
2076 1890 2259 1954 facile,
2293 1891 2554 1960 quoniam
2586 1904 2649 1941 ex
2681 1886 2783 1941 hac
2811 1886 3071 1940 ordinum
3117 1888 3397 1952 varietate,
3428 1889 3578 1942 ordi-

1995 1996 2119 2037 nem
2150 1983 2446 2051 quemdam
2477 1978 2624 2033 Deus
2658 1978 2711 2032 in
2740 1979 2982 2033 humano
3008 1994 3211 2049 genere
3260 1981 3573 2035 constituit.

1999 2072 2202 2127 Verum
2250 2072 2395 2141 quod
2454 2071 2731 2141 principes
2782 2072 3052 2141 imperent
3105 2086 3167 2124 ac
3203 2074 3574 2129 dominentur.

1997 2164 2244 2220 divinum
2276 2164 2496 2234 quidem
2535 2178 2675 2233 opus
2707 2172 2815 2227 εει,
2850 2162 2955 2217 hoc
2997 2173 3101 2227 est,
3133 2178 3160 2216 a
3195 2161 3302 2215 Deo
3343 2162 3572 2231 datum;

1997 2254 2143 2325 quod
2168 2268 2300 2308 vero
2345 2251 2483 2307 male
2526 2253 2813 2322 imperent,
2849 2250 2953 2305 hoc
2987 2250 3053 2305 ad
3086 2253 3327 2320 ipsorum
3364 2252 3570 2320 princi-

304 2360 435 2415 pum
483 2349 719 2414 pertinet
772 2349 1215 2420 perversitatem.
1278 2348 1454 2403 Simili
1514 2349 1673 2403 modo
1732 2347 1879 2418 quod
1916 2347 2069 2419 pravi
2112 2348 2365 2403 homines
2400 2346 2471 2402 ad
2532 2346 2820 2416 imperium
2901 2353 3278 2408 assumantur,
3352 2344 3575 2413 maligni

305 2451 371 2491 ac
397 2440 547 2506 pravi
582 2441 684 2510 ipsi
720 2444 973 2498 homines
998 2442 1051 2496 in
1077 2456 1244 2498 causa
1293 2450 1444 2498 sunt.
1476 2442 1675 2496 Dicens
1704 2452 1883 2495 autem
1917 2455 2111 2497 ornnes
2144 2441 2400 2511 populos,
2466 2456 2574 2494 non
2638 2439 2788 2492 viros
2853 2424 3109 2502 tantum,
3153 2436 3251 2493 sed
3308 2437 3576 2493 mulieres

304 2532 472 2586 etiam
500 2536 937 2604 comprehendit,
968 2544 1020 2590 et
1062 2549 1286 2590 omnem
1342 2534 1584 2604 denique
1642 2535 2059 2604 generationem
2095 2543 2258 2601 atque
2306 2546 2527 2586 omnem
2556 2539 2796 2583 mtatenr.

373 2625 701 2678 Νεανίσκοι
769 2624 869 2677 καὶ
921 2626 1232 2692 παρθένοι,
1299 2626 1695 2694 πρεσϐύτεροι
1735 2623 1888 2693 μετὰ

304 2717 624 2784 νεωτέρων,
665 2716 1085 2771 αἱνεσάτωσαν
1128 2716 1194 2769 τὸ
1235 2716 1423 2784 ὄνομα
1449 2717 1694 2782 Κυρίου.
1743 2714 1892 2767 Νεα-

305 2808 481 2860 νίσκοι
538 2807 633 2859 καὶ
656 2808 920 2873 νεανίδες,
954 2808 1043 2862 ἵνα
1087 2806 1375 2860 ἐθισθῶσιν
1407 2806 1600 2859 αἰνεῖν*
1648 2804 1890 2872 πρεσϐύ·

305 2914 477 2967 τεροι,
523 2898 606 2950 ὃτι
648 2898 727 2960 είς
760 2898 971 2967 ταύτην
1023 2898 1266 2967 ἔφθασαν
1311 2897 1554 2967 ἡλικίανο
1587 2897 1889 2965 νεωτέρους

305 2987 361 3040 δὲ
388 2990 511 3051 τοὺς
538 2988 859 3051 νεανίσκους
888 2984 1045 3052 αὖθις
1076 2989 1299 3059 ἔφησεν,
1333 2987 1772 3051 ἀντιδιαστείλας
1793 2988 1891 3041 αὒ-

304 3087 433 3147 τοὺς
460 3083 572 3146 τοῖς
603 3082 1029 3153 πρεσϐυτέροις.

378 3260 506 3316 Ὀτι
545 3260 757 3332 ὑψώθη
824 3262 893 3315 τὸ
942 3261 1133 3332 ὄνομα
1170 3263 1359 3319 αὐτοῦ
1386 3264 1605 3333 μόνου.
1647 3264 1884 3334 Ἐμεγαρ

302 3355 470 3426 λύνοη
497 3355 586 3409 διὰ
618 3354 688 3408 τὰ
720 3355 986 3424 μεγαλεῖα
1015 3354 1123 3408 τῶν
1156 3354 1336 3426 ἔργων
1367 3355 1557 3411 αὐτοῦ.

380 3449 448 3503 Ἠ
470 3449 910 3518 ἐξομολόγησις
957 3449 1147 3503 αὑτοῦ
1187 3451 1282 3502 ἐπὶ
1317 3449 1431 3519 γῆς
1461 3452 1559 3503 καὶ
1594 3450 1880 3518 οὐρανοῦ.

312 3539 378 3591 'H
411 3540 759 3608 εὐχαριστία,
799 3545 893 3592 καὶ
931 3540 964 3609 ἠ
1000 3539 1282 3608 δοξολογία
1332 3540 1498 3594 αὑτοῦ
1533 3541 1627 3594 ἐπὶ
1663 3541 1764 3611 γῆς
1792 3544 1884 3595 ἀν-

304 3628 572 3699 Θρώπσις,
604 3629 698 3681 καὶ
738 3630 825 3681 ἐπ’
854 3628 1089 3699 οὐρανοῦ
1112 3629 1391 3696 ἀγγέλοις.

373 3809 483 3864 Καὶ
528 3805 758 3875 ὑψώσει
782 3806 963 3875 κέρας
991 3806 1148 3862 λαοῦ
1177 3806 1388 3863 αὐτοῦ.
1423 3808 1683 3881 Αὐξήσει,
1719 3827 1883 3881 μεγα-

301 3901 451 3955 λννεῖ
483 3901 638 3973 ἰσχὺν
671 3900 802 3955 λασῦ
831 3900 1023 3955 αὐτοῦ.

373 3994 602 4061 ’Υμνος
638 3990 787 4048 πᾶσι
825 3992 953 4059 τοῖς
988 3993 1191 4059 ὁσίοις
1227 3993 1437 4049 αὐτοῦ.
1470 3994 1599 4058 Τοῖς
1628 3996 1877 4064 ἀφωτιω-

305 4087 488 4155 μένοις
520 4085 690 4157 αὐτῷ’
719 4084 930 4147 τούτοις
957 4085 1068 4157 γὰρ
1096 4086 1332 4155 μάλιστα
1357 4088 1629 4157 προσήκει
1662 4088 1874 4156 ὑμνεῖν,

299 4177 374 4241 ὡς
410 4179 609 4247 μᾶλλον
642 4177 808 4230 εἰδόσι
848 4176 917 4229 τὰ
955 4177 1243 4245 μεγαλεῖα,
1280 4178 1376 4230 καὶ
1406 4180 1503 4241 τὰς
1550 4179 1878 4249 εὐεργεσίας

299 4269 489 4326 αὑτοῦ.
527 4271 731 4341 Είρηκε
756 4268 812 4323 δὲ
854 4272 952 4323 καὶ
990 4271 1049 4324 ὲν
1087 4269 1166 4340 τῷ
1211 4269 1292 4340 λβ⁸
1337 4270 1559 4341 ψαλμῷ,
1593 4271 1724 4338 Τοῖς
1780 4274 1877 4327 εὐ-

306 4363 439 4419 θέσι
478 4363 690 4431 πρέπει
720 4362 978 4428 αῖνεσις·
1020 4362 1116 4415 καὶ
1139 4361 1293 4432 ζήτει
1320 4362 1535 4432 εκείνην
1550 4363 1648 4434 τὴν
1678 4364 1876 4436 ἐξήγη..

300 4471 403 4509 σιν.

380 4547 652 4617 Ἰσραὴλ,
681 4546 811 4613 ,ιαῷ
831 4545 1126 4617 ἐγγίζοντι
1150 4544 1332 4612 αὐτῷ.
1364 4547 1495 4619 Δαῷ
1524 4551 1729 4621 οἰκείῳ,
1759 4551 1875 4622 λαῷ

299 4645 574 4713 ἐγγίζοντι
603 4644 747 4697 κατὰ
775 4646 963 4715 σχέσιν
996 4644 1093 4697 καὶ
1136 4641 1378 4696 διάθεσιν
1407 4646 1473 4697 ἐκ
1519 4645 1780 4711 πίστεως,
1808 4647 1873 4701 ὲκ

299 4738 619 4807 Θεραπείας,
659 4736 719 4800 ἐξ
776 4735 990 4807 ἀρετῶν
1060 4735 1385 4799 οίκειὼσεως
1422 4751 1437 4765 ·
1489 4734 1522 4807 ἢ
1581 4738 1666 4790 ὄτι
1703 4736 1871 4808 ὕμνος

299 4829 450 4881 ἔσται
469 4831 580 4890 τοῖς
607 4826 773 4888 ὁσίοις
805 4826 993 4888 αὐτοῦ,
1031 4827 1124 4879 καὶ
1150 4825 1597 4896 δοξασθήσονται,
1625 4828 1700 4892 ὼς
1731 4830 1871 4883 ὅσιοι

297 4922 482 4985 αὑτοῦ,
537 4921 614 4984 ὡς
661 4919 788 4982 λαθις
839 4916 1075 4986 ἐγγίζων
1112 4917 1282 4989 αὐτῷ·
1342 4918 1425 4971 διὸ
1467 4918 1574 4991 χρὴ
1617 4922 1871 4986 γενέσθαι

301 5014 586 5076 τοιούτους,
619 5012 708 5068 ἵνα
744 5009 834 5065 διὰ
864 5009 1027 5063 τοῦτο
1056 5009 1217 5081 δόξης
1249 5010 1582 5077 ἀξιωθῶσιν.

866 5280 1259 5345 Ἀλληλούϊα.

815 5371 1115 5427 ΨΑΛΜΟΣ
1146 5370 1323 5428 ΡΜΘ’.

362 5465 581 5537 ’ᾼσιιτε
633 5462 714 5529 τῷ
747 5463 939 5532 Κυρίῳ
982 5455 1149 5530 ᾆσμα
1202 5464 1434 5519 καινόν.
1493 5464 1722 5536 Εἴρηται
1766 5467 1866 5536 μὲν

297 5558 452 5612 τοῦτο
484 5556 765 5622 πολλάκις,
802 5555 1117 5628 ὲρμηνεῦοη
1147 5555 1205 5608 δὲ
1229 5556 1323 5609 καὶ
1376 5556 1437 5609 ἐν
1473 5554 1552 5607 τῶ
1581 5553 1662 5625 λβ¹
1722 5557 1861 5627 ψαλ-

297 5650 398 5722 μῷ.
427 5649 586 5704 Κατὰ
626 5648 725 5718 μὲν
772 5648 1019 5719 ἱστορῖαν
1056 5647 1183 5707 περὶ
1215 5646 1325 5701 τῶν
1366 5646 1636 5701 Ἰουδαίων
1661 5651 1688 5703 ὁ
1720 5650 1860 5719 ψαλ-

2058 2621 2223 2676 νειιε.
2264 2622 2352 2674 12.
2395 2622 2771 2673 Adolescentes
2803 2628 2853 2672 et
2882 2620 3137 2688 virgines,
3187 2620 3420 2673 seniores
3458 2638 3576 2675 cum

1976 2713 2320 2781 iunioribus,
2376 2711 2591 2764 laudent
2658 2727 2848 2765 nomen
2920 2711 3154 2767 Domini.
3236 2714 3577 2770 Adolescen-

1985 2814 2072 2861 tes
2104 2813 2157 2859 et
2189 2806 2386 2875 puella:
2445 2804 2498 2859 id
2551 2805 2782 2869 faciant,
2840 2815 2898 2859 ut
2956 2817 3283 2861 assuescant
3343 2808 3570 2865 laudare

1988 2892 2183 2947 Deum.
2213 2891 2385 2949 Srnes
2410 2908 2541 2948 vero
2592 2893 2762 2949 Drum
2796 2894 3019 2950 laudi-nt
3059 2897 3204 2966 quod
3263 2898 3317 2952 in
3378 2898 3572 2965 hujus-

1988 2986 2135 3041 modi
2162 2995 2377 3041 :rtatcm
2408 2989 2782 3057 pervenerint.
2817 2987 3075 3046 Juniores
3098 3006 3316 3061 quoque
3349 3002 3402 3047 et
3437 2994 3569 3048 ado-

1914 3099 1957 3157 c
1992 3078 2274 3135 lescentes
2321 3078 2479 3145 dixit,
2519 3089 2577 3134 nt
2609 3095 2672 3136 ex
2713 3083 2968 3151 opposito
3018 3082 3380 3154 distingueret
3416 3102 3510 3142 eos
3542 3104 3574 3141 ι

1992 3169 2237 3223 senibus.

2065 3261 2335 3325 Quoniam
2390 3262 2690 3316 exaltatum
2732 3276 2809 3318 est
2843 3280 3030 3319 nomen
3065 3266 3180 3335 ejus
3225 3268 3419 3323 solius.
3458 3268 3573 3322 Bia-

1988 3352 2311 3422 gniﬁcatum
2353 3364 2436 3408 est
2475 3355 2548 3408 ob
2590 3373 2786 3425 magna
2829 3366 2884 3409 et
2919 3359 3148 3426 grandia
3191 3361 3339 3415 illius
3372 3377 3563 3429 opera.

2066 3444 2227 3501 Vens.
2260 3446 2346 3501 l5.
2379 3447 2654 3516 Confessio
2680 3448 2794 3516 ejus
2826 3450 2878 3503 in
2932 3459 3075 3504 terra
3126 3458 3176 3505 ct
3230 3452 3286 3504 in
3334 3454 3483 3517 caelo,
3522 3465 3573 3508 et

1987 3536 2244 3592 exaltabit
2269 3553 2430 3591 cornu
2449 3540 2632 3607 populi
2665 3542 2770 3594 sui.
2804 3539 3114 3595 Gratiarum
3141 3544 3285 3597 actio
3305 3552 3358 3598 et
3391 3546 3567 3614 glori-

1988 3631 2189 3689 ﬂcatio.
2217 3647 2338 3701 qum
2373 3632 2482 3686 Deo
2513 3634 2591 3696 lit,
2614 3633 2665 3687 in
2692 3643 2838 3689 terra
2869 3634 3092 3705 quidem
3123 3635 3192 3689 ab
3224 3636 3569 3703 hominibus,

1986 3723 2042 3777 in
2066 3724 2207 3777 coelo
2242 3738 2374 3778 vero
2404 3725 2473 3778 ab
2509 3725 2745 3794 angelis.
3255 3723 3264 3732 ’
3339 3708 3349 3713 ’

2057 3813 2126 3867 Et
2151 3816 2410 3869 exaltabit
2435 3832 2596 3869 cornu
2618 3817 2799 3884 populi
2848 3818 2951 3872 sui.
2972 3816 3227 3889 Augebit,
3254 3820 3570 3891 magnifica-

1984 3909 2067 3963 bit
2107 3909 2435 3977 potentiam,
2477 3911 2661 3979 populi
2701 3912 2810 3965 sui.

2055 3998 2216 4053 Vens.
2256 3997 2335 4052 l4.
2368 4002 2608 4069 Hymnus
2636 4001 2880 4053 omnibus
2902 4001 3108 4055 sanctis
3141 4001 3281 4070 cjur.
3336 4001 3407 4057 lis
3467 4004 3564 4073 qui

1981 4086 2030 4142 ei
2057 4088 2388 4143 sanetilieati
2438 4098 2493 4144 et
2520 4089 2690 4145 dicati
2722 4099 2875 4144 sunt.
2920 4088 3031 4145 llos
3052 4094 3255 4146 etenim
3287 4092 3566 4163 praecipue

1982 4180 2389 4236 decetlaudare
2424 4180 2615 4243 Deum.
2657 4183 2827 4240 veluti
2869 4185 2962 4253 qui
2994 4198 3106 4253 prae
3133 4186 3373 4247 eteteris,
3413 4187 3563 4242 illius

1980 4272 2257 4343 niagualia
2284 4288 2349 4328 ac
2383 4274 2646 4329 beneﬁcia
2688 4285 2977 4330 noverunt.
3028 4275 3242 4330 Dictum
3278 4288 3363 4332 est
3397 4278 3560 4333 etiam

1982 4364 2036 4419 in
2069 4366 2283 4435 psalmo
2320 4381 2470 4420 usu
2518 4383 2532 4421 :
2569 4363 2757 4421 Recto:
2802 4368 2947 4422 decet
2990 4367 3259 4432 laudatio,
3302 4370 3390 4425 ubi
3440 4371 3564 4427 vide

1902 4456 1954 4517 D
1980 4459 2412 4528 expositionem.

2051 4547 2213 4605 Filii:
2254 4549 2450 4618 Israel,
2504 4550 2697 4621 populo
2757 4552 3208 4623 appropinquanti
3264 4553 3386 4609 sibi.
3444 4553 3561 4613 Hoc

1973 4651 2082 4710 est,
2118 4646 2322 4715 populo
2358 4660 2482 4711 suo,
2515 4646 2609 4716 qui
2644 4644 2843 4699 aﬂ'eetu
2874 4660 2939 4699 ac
2979 4645 3346 4714 dispositione
3372 4663 3472 4700 sua
3504 4652 3558 4702 in

1975 4735 2145 4791 Deum
2176 4736 2225 4791 ei
2255 4752 2474 4808 semper
2494 4739 2891 4809 appropinquat
2920 4755 2934 4791 :
2963 4753 3063 4808 per
3092 4736 3253 4792 ﬁdem
3278 4739 3560 4806 vidtlicet,

1977 4842 2075 4896 per
2098 4828 2330 4896 cultum,
2365 4837 2417 4883 et
2466 4844 2564 4898 per
2616 4830 3049 4884 familiaritatem
3117 4830 3426 4894 virtutum;
3474 4832 3557 4885 rel

1978 4919 2106 4987 quia
2136 4918 2374 4991 hymnus
2407 4920 2514 4974 erit
2542 4928 2754 4975 sanctis
2783 4920 2928 4989 ejus,
2985 4929 3042 4976 et
3094 4922 3557 4992 gloritirabuutur

1974 5010 2144 5064 veluti
2176 5011 2352 5065 sancti
2384 5010 2503 5075 Dei,
2532 5020 2587 5066 et
2623 5023 2879 5082 tanquam
2920 5013 3157 5082 p0pulus
3179 5012 3227 5066 ei
3259 5012 3556 5080 appropin-

1975 5114 2176 5171 quans.
2207 5104 2386 5171 Atque
2419 5103 2543 5159 ideo
2577 5113 2794 5173 oportet
2828 5108 2967 5160 tales
2992 5103 3133 5168 ﬁeri,
3166 5110 3225 5157 ut
3262 5109 3554 5173 propterea

1976 5193 2205 5262 gloriam
2229 5207 2659 5265 consequantur.

2642 5287 2893 5342 Alleluia.

2473 5377 2792 5435 PSALMUS
2818 5374 3048 5433 CXLIX.

2044 5470 2211 5525 Vnus.
2246 5471 2297 5526 ί.
2334 5470 2559 5526 Cantate
2593 5470 2813 5524 Domino
2842 5470 3105 5522 canticum
3138 5484 3349 5523 novum.
3373 5468 3550 5525 Verba

1976 5561 2093 5616 litec
2124 5576 2268 5630 saepe
2292 5562 2424 5617 alibi
2460 5560 2708 5630 exposita
2743 5568 2895 5625 sunt,
2926 5559 3203 5630 praecipue
3249 5560 3302 5613 in
3334 5559 3549 5629 psalum

1979 5668 2154 5719 xxxii,
2191 5663 2243 5708 et
2277 5654 2435 5723 juxta
2470 5652 2711 5707 historias
2766 5662 3016 5719 sensum,
3071 5652 3135 5707 ad
3195 5650 3549 5707 llebraaorum
