4032 6238
527 189 664 250 1319

1762 185 2151 248 EUTHYMII
2206 185 2551 245 ZIGABENI

3661 186 3816 250 l"20

526 303 786 368 populum
810 295 1121 366 pertinent;
1144 293 1297 365 juxta
1330 309 1612 365 anagogen
1643 308 1793 360 vero,
1815 294 1879 347 ad
1913 293 2111 354 ﬁdeles,

2227 293 2344 361 μὸς,
2375 294 2518 345 κατὰ
2543 291 2598 345 δὲ
2629 290 2946 360 ἀναγωγὴν,
2984 290 3111 360 περὶ
3141 285 3217 343 ὧν
3244 291 3273 343 ὁ
3295 290 3554 360 Θεολόγος
3581 294 3818 364 Γρηγό·

529 391 999 462 quemadmodum
1059 389 1364 459 Gregorius
1421 389 1740 458 Theologus
1798 387 1987 451 tradit,
2049 387 2100 439 in

525 499 784 537 sermone
816 482 893 536 De
932 481 1218 535 Encceniis.
1281 479 1362 536 Illi
1396 491 1576 535 autem
1607 495 1811 535 novum
1867 478 2098 533 Domino

526 575 805 628 canticum
853 583 1087 638 canunt,
1126 573 1218 642 qui
1248 588 1384 625 nova
1417 573 1470 627 in
1508 573 1730 627 Christo
1765 570 1942 626 eﬂ'ecti
1973 579 2105 626 sunt

529 675 803 731 creatura,
840 672 895 719 et
932 681 1030 734 per
1061 663 1274 718 Novum
1304 663 1743 730 Testamentum,
1775 678 1974 718 novum
2002 664 2105 717 ho-

530 759 732 812 minem
769 755 1090 811 induerunt.

604 846 744 900 Laus
805 847 919 916 ejus
978 849 1031 901 in
1105 847 1345 902 Ecclesia
1405 859 1735 904 sanctorum.
1788 844 1844 900 In
1899 861 2106 916 praece-

531 936 682 991 denti
718 938 880 992 etiam
923 938 1136 1007 psalmo
1176 938 1312 992 dixit
1359 955 1373 992 :
1417 938 1656 1008 Hymnus
1697 937 1944 991 omnibus
1978 954 2106 990 san-

528 1029 624 1082 ctis
654 1029 793 1098 ejus.

598 1120 767 1175 νεεδ.
803 1121 858 1174 ‘2.
892 1120 1126 1175 La’tetur
1180 1120 1354 1175 Israel
1407 1123 1462 1175 in
1508 1137 1590 1182 eo,
1647 1121 1736 1190 qui
1787 1120 1908 1190 {erit
1968 1136 2106 1174 eum.

530 1211 716 1268 Novus
750 1213 936 1274 lsrael.
974 1230 1206 1275 canens,
1260 1215 1312 1267 in
1352 1215 1462 1268 Deo
1513 1215 1748 1275 lmtetur,
1803 1214 1928 1281 quia
1979 1227 2108 1265 cum

531 1303 687 1368 iecit,
711 1313 765 1357 et
795 1307 924 1375 quia
958 1304 1088 1358 fecit
1110 1322 1232 1359 eum
1259 1321 1380 1361 esse
1411 1307 1672 1375 populum
1707 1321 1868 1359 suum
1897 1321 1910 1371 ;
1946 1313 2110 1374 atque

531 1395 652 1449 ideo
686 1396 896 1450 addidit
933 1414 947 1449 :

601 1485 668 1537 Et
704 1489 807 1555 ﬁlii
837 1489 964 1542 Sion
1017 1489 1281 1544 exsultent
1345 1491 1400 1542 in
1458 1506 1575 1558 rege
1630 1506 1751 1544 suo.
1801 1489 1924 1543 Filii
1983 1489 2111 1544 dico

530 1592 684 1630 nova:
723 1577 887 1642 Sion,
960 1582 1044 1634 vel
1085 1581 1199 1649 ipse
1258 1581 1422 1634 etiam
1479 1581 1816 1636 Israeliticus
1873 1582 2112 1650 populus

531 1681 742 1722 canens
777 1670 884 1724 Deo
921 1671 1157 1735 laetetur,
1187 1682 1241 1725 et
1270 1672 1426 1725 larius
1461 1673 1668 1742 gratias
1696 1681 1843 1743 agat,
1881 1685 1932 1727 et
1966 1673 2110 1745 quod

532 1768 759 1813 creatus
801 1761 895 1824 sit,
933 1771 988 1816 et
1019 1763 1166 1830 quod
1201 1773 1253 1816 ut
1291 1765 1551 1832 proprius
1588 1778 1650 1818 ac
1678 1765 1977 1832 peculiaris
2007 1781 2105 1834 po-

530 1849 695 1918 pulus
739 1863 766 1901 a
803 1849 912 1904 Deo
962 1851 1273 1906 vindicatus
1327 1854 1419 1906 sit.
1477 1853 1570 1906 Eis
1619 1855 1788 1919 enim,
1848 1863 2109 1924 tanquam

530 1942 648 1994 suis
707 1956 770 1994 ac
799 1941 1168 1997 familiaribus
1213 1943 1342 1996 ulitn
1393 1944 1535 1997 Deus
1588 1943 1893 2012 imperabat
1921 1961 1936 1998 :
1969 1943 2111 2013 quod

529 2030 803 2098 privatum
837 2030 1113 2099 quoddam
1143 2032 1291 2086 aliud
1324 2039 1405 2086 est
1443 2032 1696 2086 beneﬁcii
1730 2048 1925 2101 genus.

598 2119 766 2174 Vens.
801 2121 853 2175 5.
880 2118 1122 2174 Laudent
1150 2136 1336 2174 nomen
1365 2123 1479 2189 ejus
1508 2122 1563 2173 in
1594 2121 1774 2174 choro.
1820 2119 1876 2175 lu
1917 2137 2113 2176 conso-

531 2212 720 2265 nantia
745 2223 798 2265 et
830 2221 1106 2266 concentu
1143 2228 1365 2277 vocum,
1404 2221 1460 2265 ut
1494 2222 1692 2266 cantus
1728 2214 2112 2267 communica-

535 2303 610 2356 tio
667 2301 986 2359 dilectionis
1048 2305 1257 2373 pariter
1307 2303 1865 2358 communicationem
1923 2303 2114 2359 afferat

531 2403 696 2461 atque
728 2397 1039 2449 animorum
1073 2409 1431 2450 consensum.

602 2483 671 2538 In
723 2497 970 2556 tympano
1024 2496 1074 2541 et
1146 2487 1400 2556 psalterio
1462 2488 1697 2556 psallunt
1753 2489 1822 2542 ei.
1875 2490 2113 2559 Antiquo

530 2577 753 2646 quidem
787 2579 1224 2646 populojussum
1259 2587 1398 2642 erat,
1420 2578 1882 2646 uthujuscemodi
1907 2581 2116 2634 instru-

532 2669 734 2724 mentis
791 2670 900 2724 Deo
964 2679 1281 2734 canerent,
1341 2669 1805 2739 quemadmodum
1861 2679 1915 2725 et
1982 2672 2112 2726 illud

531 2760 854 2815 mandatqu
890 2759 1092 2825 fuerat,
1130 2769 1188 2814 ut
1223 2761 1394 2816 certis
1431 2760 1539 2814 Deo
1571 2761 1906 2816 animalibus
1937 2763 2112 2816 sacri-

530 2853 803 2909 ﬁcarent:
838 2866 1005 2925 atque
1040 2853 1146 2908 hoc
1174 2855 1244 2908 ob
1274 2854 1426 2909 illius
1475 2853 1662 2924 populi
1713 2854 2110 2918 inﬁrmitatem,

2213 400 2324 453 ριος
2353 382 2602 452 εἴρηκεν,
2635 383 2692 434 ἐν
2724 382 2804 447 τῷ
2833 381 2977 451 λόγῳ
3017 382 3125 434 τῶν
3161 381 3534 450 Ἐγκαινίων.
3565 383 3815 453 ’ᾼδουσι

2207 475 2264 528 δὲ
2297 475 2375 544 τῷ
2405 475 2598 546 Κυρίῳ
2630 470 2787 546 ᾆσμα
2817 474 3024 536 καινὸν,
3049 475 3098 526 οἱ
3153 475 3253 543 τῆς
3301 477 3498 544 καινῆς
3541 476 3817 540 κτίσεως,

2207 570 2258 622 oi
2286 570 2383 639 τῆς
2420 569 2614 638 καινῆς
2646 568 2939 639 διαθήκης,
2975 568 3068 620 τὸν
3095 567 3284 620 καινὸν
3315 567 3608 638 ἄνθρωπον
3639 567 3814 620 ἐνδυ-

2213 663 2464 734 σάμενοι.

2298 840 2370 896 Ἦ
2390 840 2628 905 αἷνεσις
2673 838 2861 892 αὑτοῦ
2908 838 2978 890 ἐν
3037 837 3340 903 ἐκκλησίᾳ
3395 838 3601 891 ὁσίων.
3667 833 3814 892 Eine

2212 932 2309 986 καὶ
2339 934 2396 986 ὲν
2425 931 2504 999 τῷ
2537 928 2865 1000 προλαϐόντι
2897 927 3118 998 ψαλμῷ,
3175 929 3404 994 ’Υμνος
3465 925 3620 982 ,πᾶσι
3685 928 3815 992 τοῖς

2214 1028 2410 1092 ὁσίοις
2429 1024 2642 1081 αὑτοῦ.

2284 1115 2693 1186 Εὐφρανθήτω
2726 1113 2975 1182 Ἰσραὴλ
3012 1113 3108 1166 ἐπὶ
3135 1111 3212 1177 τῷ
3236 1112 3558 1180 ποιήσαντι
3590 1113 3809 1165 αὐτόν.

2225 1209 2445 1281 Ἰσραὴλ
2494 1211 2521 1262 ὁ
2556 1207 2744 1271 καινὸς
2781 1207 2947 1278 ᾅδων,
2994 1205 3358 1274 εὐφρανοὴτω
3415 1207 3508 1255 ἐπὶ
3544 1204 3624 1272 τῷ
3655 1204 3807 1272 Θεῷ,

2211 1303 2293 1356 ὅτι
2314 1320 2369 1354 τε
2389 1301 2552 1354 αὑτὸν
2569 1299 2825 1367 ἐποίησεν
2847 1297 3156 1368 ἄνθρωπον,
3177 1297 3269 1348 καὶ
3295 1298 3375 1349 ὅτι
3404 1295 3568 1347 αὑτὸν
3615 1297 3808 1365 ἐποὶηο

2216 1409 2305 1446 σεν
2331 1393 2461 1446 ἴδιον
2489 1391 2639 1444 λαόν·
2669 1390 2914 1460 ἐπήγαγε
2951 1388 3082 1458 γάρ.

2285 1486 2394 1539 Καὶ
2431 1483 2547 1538 vlol
2589 1482 2742 1537 Σιὼν
2794 1480 3306 1550 ἀγαίλιὰσθωσαν
3347 1478 3444 1532 ἐπὶ
3497 1476 3578 1542 τῷ
3614 1478 3806 1542 ,ϐασι-

2219 1577 2314 1630 λεῖ
2341 1575 2562 1630 αὐτῶν.
2595 1576 2715 1627 Υἱοὶ
2749 1575 2908 1635 Σιὼν,
2941 1574 3038 1641 τῆς
3081 1573 3297 1642 καινῆςο
3337 1576 3364 1626 ὁ
3401 1572 3805 1643 Ἰσραηλιτικῖις

2218 1667 2373 1730 αὖθις
2432 1667 2558 1728 λαὸς
2613 1665 2754 1737 ᾄδων
2809 1663 3191 1733 εὔφρανοήτω,
3234 1665 3326 1716 καὶ
3361 1663 3802 1732 εὐφραινόμενος

2219 1757 2632 1829 εὐχαριστείτω,
2673 1757 2811 1826 ὑπέρ
2860 1773 2920 1808 τε
2959 1756 3058 1822 τῆς
3107 1755 3495 1825 δημιουργίας,
3550 1753 3696 1822 ὑπέρ
3738 1770 3803 1804 τε

2215 1853 2316 1922 τῆς
2349 1851 2700 1912 οἰκειώσεως·
2749 1850 2824 1910 ὡς
2875 1849 3101 1901 οἰκείων
3139 1849 3250 1918 γὰρ
3300 1848 3480 1900 αὐτῶν
3516 1847 3804 1902 ἐϐασίλευ-

2219 1960 2335 1996 σεν·
2379 1944 2517 2008 ὅπερ
2548 1942 2737 2012 ἕτερον
2777 1937 2918 2003 εἶδος
2950 1940 3299 2009 εὐεργεσίας.

2285 2119 2718 2176 Αἱνεσάτωσαν
2776 2119 2844 2172 τὸ
2898 2119 3089 2189 ὄνομα
3141 2117 3329 2172 αὐτοῦ
3375 2117 3448 2171 ἐν
3493 2119 3670 2186 χορῷ.
3711 2119 3802 2171 Ἐν

2219 2213 2531 2284 συμφωνίᾳ,
2559 2213 2649 2264 ἶνα
2687 2215 2720 2283 ἡ
2755 2212 3015 2264 κοινωνία
3047 2212 3146 2280 τῆς
3179 2211 3324 2281 ᾠδῆς
3369 2211 3658 2264 κοινωνίαν
3700 2213 3804 2265 αὑ-

2215 2311 2328 2372 τοῖς
2381 2308 2602 2378 ἁγάπης
2627 2305 2861 2377 ἐμϐάλῃ,
2895 2305 2989 2358 καὶ
3021 2304 3353 2374 σύμπνοιαν,
3394 2305 3489 2356 καὶ
3519 2303 3799 2374 ὁμόνοιαν.

2298 2489 2401 2543 Ἐν
2473 2486 2761 2556 τυμπάνῳ
2852 2484 2950 2538 καὶ
3023 2483 3336 2552 ψαλτηρίῳ
3424 2485 3801 2551 pulueream

2221 2580 2406 2646 αὐτῷ.
2451 2579 2542 2650 Τῷ
2591 2581 2690 2649 μὲν
2725 2577 2945 2646 παλαιῷ
2971 2576 3086 2646 λαῷ
3116 2576 3204 2629 διὰ
3257 2575 3514 2628 τοιούτων
3549 2577 3806 2644 ὁργάνων

2215 2675 2364 2746 ᾅδειν
2393 2674 2792 2742 ἐπετέτραπτο,
2833 2669 3088 2738 καθάπερ
3121 2667 3214 2721 καὶ
3264 2667 3326 2720 τὸ
3357 2666 3668 2731 ζωοϐυτεῖν,
3701 2668 3802 2720 διὰ

2215 2769 2316 2839 τὴν
2342 2765 2633 2820 ἀσθένειαν
2673 2764 2879 2828 αὐτῶν,
2912 2763 3009 2816 καὶ
3037 2759 3378 2831 φιληδονίαν·
3414 2759 3486 2830 τῷ
3511 2760 3618 2831 νέῳ
3651 2762 3801 2829 τύμ-

2218 2876 2395 2912 πανον
2434 2859 2468 2929 ἡ
2494 2858 2767 2928 νέκρωσις
2811 2855 2920 2909 τῶν
2951 2856 3291 2924 σωματικῶν
3333 2852 3562 2924 ἡδονῶνο
3602 2853 3799 2923 νεκρὸν

534 2955 702 3014 atque
737 2961 982 3001 amorem
1021 2962 1152 3018 erga
1187 2946 1528 3016 voluptates,
1565 2962 1594 3000 a
1619 2947 1820 3018 quibus
1865 2964 1974 3003 nou
2036 2950 2110 3003 ita

2227 2952 2325 3023 γὰρ
2361 2951 2526 3020 σῶμα
2565 2951 2626 3004 τὸ
2656 2950 2965 3020 τύμπανον,
3019 2948 3322 3018 ψαλτήριον
3358 2946 3437 3011 δὲ,
3481 2946 3544 2998 τὸ
3588 2946 3800 3001 ἄνωθεν

534 3035 602 3090 de
631 3033 775 3091 facili
809 3045 1064 3107 poterant
1098 3039 1347 3107 separari
1377 3055 1393 3092 :
1425 3053 1604 3094 novus
1628 3047 1812 3094 autem
1875 3040 2115 3111 populus

536 3137 668 3182 tunc
703 3145 762 3184 se
799 3129 1037 3200 psallere
1074 3137 1228 3200 putat
1262 3131 1313 3184 in
1353 3139 1635 3202 tympano,
1663 3133 1886 3202 quando
1920 3148 2116 3203 corpo-

537 3221 615 3275 ris
641 3221 953 3290 voluptates
1005 3211 1322 3277 m'ortilicat.
1357 3222 1700 3294 Tympanum
1745 3225 1949 3279 etenim
1989 3240 2116 3278 cor-

534 3329 638 3382 pus
670 3314 946 3382 quoddam
989 3322 1270 3368 mortuum
1322 3323 1429 3378 est,
1462 3323 1518 3368 et
1551 3324 1684 3368 tunc
1721 3318 1885 3369 etiam
1931 3317 2114 3384 psallit

534 3407 588 3460 in
624 3404 906 3473 psalterio,
947 3406 1171 3472 quando
1197 3421 1438 3474 superne
1473 3421 1501 3458 a
1536 3404 1669 3468 Deo,
1710 3414 1769 3458 ut
1797 3407 1870 3459 ita
1904 3408 2110 3472 dicam,

532 3495 856 3550 iusonatur.
924 3495 1259 3549 Psalterium
1318 3497 1488 3559 enim,
1554 3504 1613 3550 ut
1665 3497 1792 3550 alibi
1845 3496 2110 3562 diximus,

531 3601 772 3655 superne
824 3586 988 3640 habet
1023 3601 1219 3640 vocum
1283 3596 1337 3641 et
1394 3603 1662 3642 sonorum
1711 3602 1932 3642 causas.
1994 3589 2112 3652 Vel,

537 3693 632 3746 per
664 3687 992 3748 tympanum
1022 3678 1196 3733 bonas
1233 3680 1606 3746 Operationes,
1659 3694 1755 3748 per
1790 3679 2111 3748 psalterium

529 3783 663 3822 vero
703 3771 1225 3840 contemplationem
1267 3771 1534 3842 iulellige.
1571 3772 1645 3827 ita
1685 3782 1742 3828 ut
1771 3772 2101 3844 Pr0phetam
2173 3776 2470 3831 admonere
2550 3775 2920 3846 intelligamus
2991 3773 3201 3841 ﬁdeles,

2219 3047 2553 3116 ὲνηχεῖσϐαι.
2616 3046 2690 3099 Τὸ
2746 3045 3052 3115 ψαλτήριον
3088 3044 3196 3115 γὰρ
3275 3043 3484 3097 ἄνωθεν
3518 3044 3795 3114 ἐλάμϐανε

2216 3138 2328 3192 τῶν
2375 3139 2629 3208 φθόγγων
2692 3138 2794 3200 τὶς
2858 3136 3139 3208 ἀφορμάς·
3197 3135 3557 3206 ἢτύμπανον
3605 3136 3723 3205 μὲν,
3763 3137 3796 3205 ἠ

2219 3227 2442 3298 πρᾶξις,
2496 3227 2798 3298 ψαλτήριον
2849 3226 2928 3291 δὲ,
2989 3227 3020 3295 ὴ
3079 3225 3309 3296 Θεωρία,
3370 3225 3457 3279 ἵνα
3505 3226 3797 3296 ψάλλωμεν

2219 3317 2389 3384 αὐτῷ,
2416 3315 2742 3383 νεκροῦντες
2797 3316 2867 3368 τὰ
2899 3315 3069 3385 πάθη,
3101 3317 3198 3368 καὶ
3248 3313 3460 3369 ἄνωθεν
3490 3316 3793 3385 ἐνηχούμε-

2219 3423 2302 3458 νοι
2337 3407 2491 3476 παρὰ
2530 3405 2622 3458 τοῦ
2656 3405 2816 3460 Θεοῦο
2875 3405 2906 3476 ἢ
2941 3405 3029 3458 διὰ
3088 3407 3344 3477 πράξεως
3394 3407 3482 3460 καὶ
3527 3405 3784 3472 Θεωρίας.

2217 3497 2452 3566 Εἴρηται
2487 3498 2617 3566 περ)⁸
2663 3499 2962 3567 ἀναγωγῆς
2991 3499 3086 3551 τοῦ
3123 3499 3433 3572 ψαλτηρίου
3492 3501 3589 3551 καὶ
3627 3500 3685 3552 ὲν
3716 3498 3796 3568 τῷ

2219 3588 2301 3658 λβ⁹
2331 3589 2557 3660 ψαλμῷ,
2577 3589 2707 3643 ἔνθα
2746 3591 2828 3657 τὸ,
2855 3589 2958 3644 Ἐν
2977 3594 3292 3660 ψαλτηρίῳ
3311 3591 3656 3662 δεκαχόρὸῳ
3685 3591 3793 3660 ψά-

2213 3685 2361 3737 λατε
2383 3682 2564 3748 αὐτῷ.

3289 3776 3436 3846 quod
3508 3775 3588 3829 aﬂ'
3614 3775 3796 3831 ctibus

529 3865 775 3933 propriis
809 3865 1158 3920 mortificalis
1202 3875 1257 3920 et
1313 3868 1508 3937 adepta
1547 3884 1574 3920 a
1609 3869 1720 3923 Deo
1784 3885 2026 3940 Superne
2076 3872 2166 3926 illa
2220 3873 2418 3943 gratia,
2445 3888 2552 3942 qua
2585 3874 2860 3928 hominem
2903 3873 3310 3942 quodammodo
3364 3874 3609 3927 insonari
3657 3875 3798 3932 dixi.

533 3969 682 4014 inus,
712 3953 819 4006 Deo
852 3953 1112 4020 psallam,
1140 3970 1236 4024 per
1272 3957 1446 4012 bonas
1497 3958 1716 4013 scilicet
1746 3961 2018 4028 actiones,
2052 3970 2107 4015 et
2162 3978 2260 4032 per
2313 3965 2858 4035 contemplationem.
2901 3966 3044 4030 Quid
3097 3965 3371 4035 signiticet
3419 3966 3582 4020 etiam
3647 3969 3799 4037 psal-

529 4048 732 4100 terium
791 4047 952 4117 juxta
1009 4051 1374 4120 auagogicum
1435 4067 1680 4120 sensum,
1746 4054 1984 4112 diximus
2049 4057 2104 4111 in
2141 4060 2356 4128 psalmo
2415 4077 2589 4126 xuii,
2623 4061 2697 4117 ibi

532 4135 624 4192 lite
650 4139 718 4194 ei.

603 4230 774 4287 Vens.
810 4233 863 4288 ι.
901 4234 1037 4299 Quia
1069 4235 1450 4305 beneplacitum
1479 4247 1557 4292 est
1589 4237 1812 4292 Domino
1835 4241 1885 4292 in
1912 4241 2104 4311 populo
2139 4249 2182 4304 ι)

531 4339 648 4378 suo.
680 4323 794 4379 lloc
819 4335 926 4390 est,
951 4327 1083 4396 quia
1111 4327 1446 4391 delectatur,
1494 4331 1577 4383 vel
1615 4331 1744 4399 quia
1794 4332 1936 4386 bona
1991 4335 2106 4386 vult

533 4415 802 4474 Dominus
838 4421 1041 4488 populo
1075 4434 1200 4485 suo,
1228 4419 1386 4489 juxta
1414 4419 1549 4475 illud
1587 4440 1600 4477 :
1644 4422 1830 4476 Gloria
1861 4425 1914 4477 in
1935 4427 2109 4479 excel-

2747 4079 2762 4115 :
2812 4057 2879 4115 In
2939 4061 3196 4129 psalterio
3269 4061 3598 4114 decaehorda
3651 4065 3801 4129 psal.

2287 4242 2416 4295 Ὀτι
2455 4239 2699 4295 εὐδοκεῖ
2743 4240 2954 4308 Κύριος
2981 4240 3053 4294 ἐν
3083 4239 3161 4305 τῷ
3197 4239 3324 4305 λαῷ
3353 4240 3562 4298 αὐτοῦ.
3594 4241 3800 4308 Εὐαρε-

2219 4335 2460 4386 στεῖται·
2484 4332 2518 4402 ἢ
2558 4332 2739 4401 ἁγαθὰ
2793 4333 2936 4386 θέλει
2963 4373 2978 4399 ,
3014 4333 3156 4386 κατὰ
3220 4335 3280 4386 τὸ
3302 4371 3320 4395 ,
3354 4335 3425 4387 ἐν
3463 4334 3800 4401 ἀνθρώποις

2217 4425 2483 4482 εὐδοκία.

530 4513 601 4564 sis
627 4511 756 4574 Deo.
788 4525 836 4568 et
865 4515 918 4568 in
954 4525 1095 4570 terra
1133 4531 1262 4583 pax,
1304 4517 1358 4569 in
1388 4516 1684 4572 hominibus
1715 4519 1848 4572 bona
1888 4520 2131 4576 roluntas
2162 4523 2223 4578 “.
2246 4521 2574 4596 [Utrobique
2607 4523 2754 4579 enim
2783 4524 2836 4577 in
2863 4523 3050 4580 Graeca
3084 4525 3318 4579 lectione
3339 4524 3527 4580 eadem
3563 4526 3798 4581 habetur

532 4607 700 4660 dictio
726 4627 740 4662 :
765 4611 989 4664 tametsi
1020 4609 1216 4665 Latine
1245 4624 1351 4664 non
1383 4613 1575 4667 eodem
1603 4614 1767 4670 modo
1802 4615 2092 4687 utrobique
2123 4627 2272 4675 recte
2304 4621 2455 4674 reddi
2495 4621 2704 4690 possit;
2734 4635 2858 4674 nam
2885 4618 3030 4689 quod
3085 4620 3173 4676 hic
3219 4623 3274 4674 in
3331 4619 3520 4675 Cra-co
3563 4620 3797 4687 habent.

531 4701 762 4767 εὐδοκεῖ,
798 4702 870 4756 ibi
905 4704 1134 4758 habetur
1171 4703 1440 4778 εὐδοκία.]

606 4797 674 4852 Et
701 4799 956 4853 exaltabit
991 4811 1294 4856 mansuetos
1323 4804 1376 4856 in
1407 4803 1602 4860 salute.
1647 4802 1930 4860 Glorilicet
1963 4806 2108 4860 enim

531 4905 628 4945 eos
659 4890 824 4944 simul
859 4899 910 4945 et
936 4892 1129 4947 salvet.
1159 4892 1215 4947 In
1251 4897 1464 4964 psalmo
1495 4898 1660 4952 etiam
1688 4914 1810 4952 XLVI
1838 4898 2106 4968 legimus:

531 4981 836 5050 Suscipiens
871 4984 1022 5038 mites
1049 4984 1322 5040 Dominus.

607 5074 773 5129 Vens.
808 5075 862 5129 5.
903 5075 1286 5133 Cloriabuutur
1347 5082 1522 5134 sancti
1567 5081 1622 5134 in
1672 5082 1865 5152 gloria.
1927 5082 2108 5136 Primo

539 5168 718 5221 omnia
753 5185 922 5238 usque
949 5169 1015 5222 ad
1050 5171 1244 5240 psalmi
1296 5172 1482 5236 liuent,
1521 5173 1680 5241 juxta
1715 5176 2001 5230 historiam
2032 5176 2113 5228 in-

539 5266 980 5332 terpretabimur,
1007 5265 1212 5321 deinde
1243 5267 1602 5337 anagogicum
1647 5270 2109 5339 pertractabimus

538 5369 786 5410 sensum.
807 5354 973 5411 Juxta
1006 5358 1172 5428 igitur
1205 5360 1358 5413 illum
1393 5375 1618 5414 sensum
1650 5362 1740 5430 qui
1777 5363 1954 5432 magis
1980 5375 2106 5415 esse

539 5447 754 5501 videtur
801 5463 912 5518 prie
948 5451 1228 5517 manibus,
1280 5450 1384 5508 hoc
1427 5459 1532 5517 est,
1585 5452 1740 5520 juxta
1798 5452 2106 5519 historiam,

576 5659 580 5662 -
616 5620 817 5680 “Luc.
856 5638 916 5689 ll,
961 5621 1042 5675 14.

2293 4804 2402 4861 Kal
2434 4803 2670 4872 ὑψώσει
2697 4802 2908 4869 πραεῖς
2927 4803 2996 4856 ἐν
3015 4804 3298 4871 σωτηρίᾳ.
3323 4804 3549 4870 Δοξάσει
3571 4805 3796 4866 αὐτοὺς,

2221 4899 2358 4967 μετὰ
2395 4897 2489 4950 καὶ
2527 4897 2621 4949 τοῦ
2649 4898 2844 4950 σῶσαι.
2883 4897 3112 4966 Εἴρηται
3135 4897 3191 4949 δὲ
3221 4897 3279 4948 ἐν
3334 4897 3412 4966 τῷ
3444 4903 3534 4967 pq’
3566 4897 3796 4967 ψαλμῷ,

2227 4988 2700 5059 Ἀναλαμϐάνων
2722 4989 2926 5056 πραεῖς
2959 4993 2992 5044 ό
3025 4991 3260 5057 Κύριος.

2291 5080 2721 5148 Καυχήσονται
2773 5078 2930 5131 ὅσιοι
2988 5079 3058 5131 ἐν
3100 5079 3271 5146 δόξῃ.
3333 5078 3473 5131 Καθ’
3523 5079 3795 5150 ἱστορίαν,

2221 5174 2488 5243 πρότερον
2535 5173 2603 5225 τὰ
2661 5171 2914 5223 ἐντεῦθεν
2948 5171 3336 5241 ἐρμηνευτέον,
3372 5170 3500 5240 ἄχρι
3556 5173 3801 5240 πέρατος

2218 5263 2313 5316 τοῦ
2345 5261 2590 5332 ψαλμοῦ,
2617 5255 2738 5314 εἶτα
2766 5263 2861 5314 καὶ
2894 5259 3255 5329 ἀναγωγικῶς
3283 5259 3635 5330 περὶτούτων
3669 5262 3802 5313 δια-

2219 5353 2475 5425 ληπτέον.
2507 5352 2772 5424 Προλέγει
2806 5351 2986 5405 τοίνυν
3023 5352 3164 5406 κατὰ
3190 5353 3252 5404 τὸ
3283 5351 3596 5423 προχείρως
3641 5351 3802 5404 νοού-

2221 5462 2404 5517 μενον,
2439 5446 2694 5518 περὶτῆς
2733 5445 2840 5498 τῶν
2884 5445 3158 5516 Ἑϐραίων
3198 5445 3380 5517 νίκης,
3429 5445 3494 5517 ἢν
3530 5445 3802 5517 ἐνίκησαν
