4102 6206
401 353 531 417 1321

1558 363 1946 425 COMMENT.
1978 362 2061 424 ΙΝ
2099 363 2457 427 PSALMOS.

3513 380 3648 446 1322

397 467 467 520 τὰ
533 467 695 538 πέριξ
731 467 914 523 αὐτῶν
946 469 1098 540 ἔθνη,
1131 468 1412 526 κωλύοντα
1467 471 1568 542 τὴν
1612 475 1937 546 ἀνοικοδομὴ

2043 473 2428 531 ιῐῐοιπωοιύιιι
2460 478 2748 549 victoriam
2801 482 3067 552 praedicit.
3122 489 3340 555 quando
3383 491 3644 554 ﬁnitimas

395 559 490 612 τοῦ
554 560 683 614 ναοῦ
734 562 828 614 καὶ
858 563 958 632 τῆς
990 562 1225 627 πόλεως,
1248 565 1655 635 Καυχήσονταί,
1691 568 1878 637 φησὶν,
1910 570 1957 619 οἱ

399 649 790 720 ἀφωσιωμένοι
817 651 896 721 τῷ
922 652 1044 722 Θεῷ
1086 654 1444 725 Ἰσραηλῖται,
1478 657 1536 708 ὲν
1565 656 1694 729 δόξῃ
1729 657 1829 727 τῆς
1855 657 1965 712 ἀπὸ

392 740 493 808 τῆς
524 740 865 814 Θεοδωρήτου
891 743 1072 815 νίκης,
1185 746 1285 815 τῆς
1315 747 1424 800 ἀπὸ
1451 748 1550 818 τῆς
1581 748 1717 802 Θεοῦ
1749 767 1964 819 συμμα-

393 831 537 900 χίας.

460 1092 569 1148 Kal
607 1093 1088 1165 ἀγαλλιάσονται
1150 1101 1247 1155 ἐπὶ
1292 1100 1413 1156 τῶν
1467 1104 1684 1157 κοίτων
1739 1105 1958 1159 αὐτῶν.

389 1183 462 1237 Οὐ
496 1186 656 1253 μόνον
690 1188 909 1256 ἀφόϐως
953 1195 1408 1266 κοιμηθήσονται,
1465 1195 1601 1249 ἀλλὰ
1634 1196 1728 1250 καὶ
1761 1195 1953 1268 ἡδέως,

393 1276 502 1329 ἀπὸ
526 1278 638 1331 τῶν
681 1281 957 1352 πολεμίων
1002 1285 1434 1356 ἀπαλλαγέντες.

444 1458 513 1510 Al
538 1457 806 1526 ὑψώσεις
865 1461 973 1514 τοῦ
1034 1461 1185 1516 Θεοῦ
1237 1463 1308 1516 ἐν
1334 1463 1416 1529 τῷ
1445 1465 1699 1535 λάρυτγι
1732 1467 1952 1535 αὐτῶν,

383 1546 483 1598 καὶ
521 1549 817 1622 poma-alat
870 1550 1147 1621 δίστομοι
1183 1553 1253 1606 ἐν
1295 1553 1425 1620 ταῖς
1463 1556 1677 1622 χερσὶν
1729 1557 1951 1615 αὐτῶν.

382 1619 554 1691 Τοῦτο
584 1639 834 1709 βούλεται
861 1619 1150 1711 λέγεινὸτι
1183 1619 1480 1714 ὑμνοῦντες
1511 1646 1602 1700 τὸν
1663 1648 1817 1715 Θεὸν,
1853 1669 1953 1705 πο-

375 1730 676 1800 λεμήσουσι
708 1736 818 1797 τοῖς
851 1735 1090 1806 ἐχθροῖς,
1115 1739 1210 1792 καὶ
1244 1740 1302 1792 αἱ
1337 1741 1655 1812 ὑμνολογίαι
1689 1745 1785 1796 τοῦ
1817 1745 1950 1800 Θεοῦ

377 1818 436 1870 ὲν
488 1820 564 1889 τῷ
594 1822 825 1891 στόματι
865 1824 1068 1893 αὐτῶν,
1104 1827 1200 1880 καὶ
1249 1831 1460 1884 σπάθαι
1496 1835 1552 1886 ἐν
1604 1839 1724 1898 ταῖς
1764 1837 1953 1906 χερσὶν
1984 1830 2026 1887 Β

375 1910 578 1975 αὐτῶν,
616 1913 1024 1981 συγκόπτουσαι
1064 1919 1193 1982 τοὺς
1224 1920 1537 1990 πολεμίους.

452 2001 562 2056 Τοῦ
611 2003 865 2073 ποιῆσαι
918 2008 1237 2078 ἐκδίκησιν
1272 2014 1343 2066 ἐν
1381 2015 1506 2080 τοῖς
1537 2015 1797 2083 ἔθνεσιν,
1823 2019 1951 2072 ἐλε-

373 2095 562 2162 γμοὺς
590 2097 660 2150 ὲν
693 2099 820 2166 τοῖς
845 2103 1039 2168 λαοῖς.
1080 2102 1254 2175 ’Υπὲρ
1301 2105 1396 2159 τοῦ
1435 2107 1662 2178 ποιῆσαι
1687 2112 1779 2163 τὸν
1817 2110 1949 2164 Θεὸν

372 2185 658 2255 ἐκδίκησιν
719 2190 776 2242 ὲν
834 2194 948 2255 τοῖς
1003 2191 1246 2259 ἔθνεσιν,
1309 2197 1426 2252 ἀνθ’
1464 2193 1540 2253 ὧν
1583 2200 1807 2269 ἠδίκουν
1857 2203 1950 2256 τὸν

374 2275 504 2328 λαὸν
533 2278 725 2331 αὑτοῦ·
773 2281 868 2334 καὶ
902 2281 1137 2352 ὲλεγμὸν
1174 2288 1230 2339 ὲν
1263 2285 1341 2356 τῷ
1393 2287 1531 2357 λαῷ,
1577 2290 1948 2362 πληθυντικὸν

373 2370 498 2421 ἀντὶ
525 2371 729 2438 ἑνικοῦ,
767 2373 1114 2445 ἐλεγχομένῳ
1143 2378 1230 2432 ὅτι
1260 2378 1348 2432 διὰ
1401 2381 1498 2445 τὰς
1528 2382 1812 2453 ἁμαρτίας
1848 2385 1946 2438 αὒ-

371 2459 465 2512 τοῦ
501 2460 664 2530 μέχρι
718 2462 839 2516 τότε
895 2470 1270 2521 κατεπονεῖτο·
1303 2469 1396 2540 καὶ
1435 2471 1497 2524 οὐ
1554 2473 1622 2526 δι’
1657 2473 1946 2529 ἀσθένειαν

369 2553 465 2605 τοῦ
497 2553 656 2619 Θεοῦ,
698 2555 784 2608 ὅτε
816 2573 874 2608 τε
906 2559 1014 2628 γὰρ
1047 2559 1236 2613 ἔνευσε
1276 2563 1461 2631 μόνον,
1497 2567 1576 2628 είς
1624 2565 1942 2636 Θαυμαστὸν

367 2639 499 2713 ἦ).οε
537 2645 598 2698 τὸ
633 2648 865 2717 πρᾶγμα
898 2650 1229 2720 μεταϐολήν.

370 2736 618 2791 maxima:
645 2753 806 2808 atque
832 2740 1168 2797 admirandae
1198 2745 1533 2802 mutationes
1564 2746 1678 2802 ﬁeri
1704 2750 1936 2816 possint.
1968 2757 2028 2813 lll

370 2851 602 2891 numero
675 2837 761 2892 hic
829 2839 1002 2894 utitur
1071 2842 1343 2913 Propheta
1419 2861 1521 2916 pro
1593 2853 1918 2922 singulari,
1959 2856 2153 2918 dicens

407 2929 516 2983 nlo.

407 2945 516 2983 tuo.

367 2945 400 2998 Ρ
441 3020 551 3076 Τοῦ
589 3021 776 3091 δῆσαι
812 3041 956 3091 τους
1007 2996 1294 3095 ,βασιλεῖς
1351 3031 1550 3087 αὐτῶν
1584 3035 1653 3088 ὲν
1707 3038 1936 3106 πέδαις,

2073 577 2408 635 superarunt
2434 580 2648 640 gentes.
2681 587 2801 641 quae
2835 577 3025 646 templi
3074 589 3126 633 et
3159 580 3401 638 civitatis
3427 585 3644 641 instau-

2074 659 2344 715 rationem
2373 663 2766 733 impediebant.
2800 668 2958 724 Tunc
2982 673 3209 737 etenim,
3242 675 3444 746 inquit,
3495 680 3645 735 lutu-

2071 766 2191 804 rum
2222 767 2344 808 esse
2375 762 2432 810 ut
2469 756 2731 814 Israelita:
2757 761 2937 832 (quos
2965 765 3085 820 ideo
3119 781 3344 826 sanctos
3379 777 3641 844 appellat,

2071 843 2198 911 quia
2233 844 2342 900 Deo
2373 848 2700 906 structili-cati
2737 868 2802 906 ac
2847 854 3088 912 dedicati
3129 843 3642 935 luerant),igloria;

2072 933 2240 989 bundi
2283 939 2590 1005 exsultent,
2629 953 2854 1013 propter
2877 947 3124 1004 victoria:
3162 933 3469 1023 gloriam,a
3507 958 3638 1025 Deo,

2070 1023 2174 1078 hoc
2196 1035 2301 1091 est,
2332 1043 2360 1080 a
2399 1029 2587 1086 divino
2612 1035 2816 1090 auxilio
2847 1037 2925 1092 eis
2957 1041 3276 1107 prmstitam.

2140 1115 2497 1175 Exsultabunt
2521 1124 2573 1177 in
2603 1127 2867 1182 cubilibus
2893 1132 3026 1184 suis.
3070 1131 3185 1187 Non
3215 1146 3423 1192 tantum
3457 1145 3636 1198 securi

2068 1205 2344 1264 dormient
2370 1213 2577 1283 absque
2597 1219 2747 1274 nullo
2775 1222 2987 1288 timore,
3009 1229 3099 1279 sed
3122 1226 3364 1295 jucunde
3387 1233 3548 1288 etiam
3584 1246 3637 1290 et

2066 1312 2189 1351 cum
2221 1300 2589 1362 delectatione
2617 1308 2669 1362 in
2709 1311 2984 1369 cubilibus
3015 1318 3131 1373 suis
3158 1322 3440 1388 quiescent
3471 1328 3635 1383 veluti

2067 1391 2134 1443 ab
2168 1391 2411 1448 hostium
2449 1400 2711 1466 periculis
2742 1403 2977 1460 liberati.

2135 1483 2301 1540 Vsus.
2337 1486 2390 1540 6.
2434 1487 2802 1548 Exaltationes
2850 1497 2952 1551 Dei
3002 1501 3056 1553 in
3087 1513 3299 1572 gutture
3345 1525 3549 1581 eorum,
3582 1524 3635 1568 et

2061 1573 2229 1644 gladii
2253 1580 2508 1648 ancipites
2533 1585 2584 1636 in
2611 1588 2853 1642 manibus
2875 1607 3079 1646 eorum.
3114 1594 3323 1655 Sensus
3350 1612 3452 1669 est,
3485 1609 3632 1674 quod

2064 1665 2334 1724 adversus
2391 1671 2668 1740 iuimic’os,
2731 1677 3015 1736 laudantes
3068 1683 3261 1755 Deum,
3294 1697 3631 1762 pugnabant.

2066 1753 2437 1818 Laudationes
2468 1765 2584 1832 Dei,
2631 1766 2830 1838 inquit,
2863 1783 3024 1829 erunt
3072 1777 3128 1830 in
3169 1797 3264 1836 ore
3297 1799 3506 1850 eorum,
3551 1797 3635 1842 at-

2059 1862 2164 1916 que
2200 1851 2365 1920 gladii
2412 1857 2617 1924 pariter
2647 1859 2701 1914 in
2739 1876 2929 1920 eorum
2958 1873 3235 1938 manibus,
3271 1877 3472 1946 quibus
3501 1895 3635 1936 con-

2059 1941 2308 1998 ciderent
2345 1946 2626 2006 inimicos.

2130 2032 2294 2090 Vnus.
2335 2036 2392 2092 7.
2429 2037 2497 2092 Ut
2536 2041 2733 2110 faceret
2772 2050 3057 2104 vindictam
3088 2055 3142 2107 in
3177 2059 3505 2127 nationibus,
3545 2080 3627 2117 re-

2059 2123 2404 2193 dargutiones
2441 2134 2495 2187 in
2534 2139 2762 2203 populis.
2799 2139 2867 2194 Ut
2919 2141 3060 2200 Deus
3087 2147 3298 2202 scilicet
3341 2123 3629 2208 banc-viu-

2058 2213 2260 2272 dictam
2309 2220 2363 2274 in
2399 2226 2660 2292 gentibus
2689 2229 2918 2299 faceret,
2973 2251 3095 2305 quae
3126 2238 3382 2307 injuriam
3421 2240 3632 2300 Israeli-

2056 2305 2168 2362 tico
2196 2311 2396 2380 populo
2425 2314 2731 2376 intulerant
2771 2341 2783 2377 :
2824 2326 3080 2384 similiter
3116 2305 3626 2406 ut'redargutiones

2058 2398 2265 2454 faceret
2325 2405 2379 2458 in
2429 2411 2632 2478 populo
2683 2429 2808 2481 suo,
2863 2419 3155 2490 redarguto
3219 2440 3283 2479 co
3339 2427 3623 2497 nimirum,

2054 2496 2219 2559 atque
2268 2498 2547 2566 convicto,
2610 2505 2755 2572 quod
2787 2507 2858 2562 ob
2909 2512 3125 2582 propria
3166 2516 3376 2571 scelera
3417 2527 3472 2574 et
3514 2496 3622 2575 non

2052 2581 2124 2634 ob
2163 2583 2255 2637 Dei
2293 2588 2378 2640 sui
2416 2586 2850 2652 imbecillitatem
2894 2615 2960 2656 eo
3012 2581 3192 2674 usque
3251 2607 3320 2662 ab
3373 2609 3626 2671 hostibus

2047 2671 2228 2729 victus
2255 2689 2558 2749 oppressus
2589 2684 2804 2753 luisset,
2834 2705 2957 2745 cum
2982 2694 3180 2766 alioqui
3213 2701 3331 2754 solo
3359 2702 3455 2758 Dei
3488 2716 3623 2762 nutu

2037 2762 2106 2816 ud
2154 2774 2336 2823 tamen
2402 2774 2944 2836 animadvertendum
3045 2762 3149 2853 est,
3223 2799 3366 2860 quod
3426 2797 3624 2866 plurali

2197 2877 2213 2917 :
2280 2863 2702 2941 Redargutioues
2768 2878 2823 2931 in
2876 2881 3124 2949 populis,
3183 2903 3319 2956 pro,
3394 2863 3452 2948 In
3522 2911 3622 2964 po-

2123 3045 2286 3103 Vsns.
2323 3047 2376 3106 8.
2417 3048 2484 3104 Ut
2521 3053 2768 3125 alligaret
2796 3075 2938 3130 reges
2969 3078 3150 3118 eorum
3179 3045 3230 3121 in
3259 3073 3618 3142 compedibus,

366 3113 466 3166 καὶ
507 3114 648 3179 τοὺς
683 3115 976 3183 ἐνδόξους
1005 3119 1205 3173 αὐτῶν
1236 3122 1306 3174 ἐν
1344 3127 1725 3194 χειροπέδαις
1755 3132 1934 3202 σιδη-

2618 3113 2642 3125 .,
2853 3113 2930 3130 ,ιη
2974 3113 3040 3115 ην
3064 3113 3148 3118 -ν---
3180 3113 3228 3121 ν-
3259 3113 3614 3142 *νη-μυκινιως

2045 3147 2094 3190 et
2122 3137 2318 3194 nobiles
2355 3157 2536 3198 eorum
2573 3147 2627 3200 in
2675 3152 2896 3206 manicis
2927 3153 3136 3222 ferreis.
3175 3157 3245 3214 Ut
3291 3177 3398 3217 non
3436 3168 3614 3222 solum

361 3204 517 3269 ραῐς.
561 3205 735 3276 Ὑπὲρ
773 3208 868 3259 τοῦ
914 3209 990 3280 μὴ
1043 3213 1208 3280 μόνον
1257 3214 1586 3270 ἀπώσασθαι
1619 3221 1747 3284 τοὺς
1774 3223 1935 3276 πολε⁹

367 3296 545 3364 μίους,
579 3298 716 3351 ἀλλὰ
748 3302 998 3363 καὶτοὺς
1031 3303 1275 3372 βασιλεῖς
1303 3307 1506 3372 αὐτῶν,
1553 3310 1649 3363 καὶ
1683 3313 1810 3376 τοὺς
1840 3314 1934 3368 ἄλ-

361 3387 486 3451 λους
523 3389 767 3454 ἐνδόξους
815 3394 872 3445 ὲν
899 3395 1084 3458 αὐτοῖς
1115 3397 1389 3468 δεσμότας
1421 3401 1628 3456 λαϐεῖν.

433 3478 546 3532 Τοῦ
572 3481 823 3548 ποιῆσαι
843 3483 913 3533 ἐν
953 3487 1160 3549 αὐτοῖς
1213 3489 1394 3554 κρῖμα
1431 3491 1786 3559 ἐγγραπτον.
1823 3497 1930 3549 Τοῦ

359 3569 589 3640 ποιῆσαι
619 3569 696 3640 τῷ
727 3569 868 3640 Θεῷ,
899 3573 956 3623 ὲν
1002 3575 1116 3635 τοῖς
1153 3574 1333 3627 ἔθνεσι
1365 3576 1459 3629 καὶ
1493 3579 1553 3632 ὲν
1583 3581 1660 3649 τῷ
1691 3582 1803 3652 λαῴ
1833 3586 1931 3637 αὐ-

357 3662 478 3721 τοῦ.
522 3663 706 3732 κρίσιν
737 3663 1096 3733 ἀνάγραπτον
1123 3665 1350 3736 βίϐλοις,
1386 3669 1483 3722 καὶ
1534 3670 1701 3742 μέχρι
1730 3678 1932 3739 παντὸς

357 3753 575 3817 αἰῶνος,
609 3755 1226 3828 ἀναμνημονευομένην,
1258 3760 1290 3830 ἢ
1320 3760 1676 3832 ἀνάγραπτον
1699 3766 1776 3836 τῷ
1810 3767 1927 3838 βίῳ,

357 3844 456 3895 καὶ
513 3846 925 3914 ἀνεξάλειπτον,
989 3849 1086 3903 καὶ
1156 3844 1267 3904 οἷον
1347 3853 1927 3930 ὲστηλογραφημένην·

357 3936 540 4006 κρίσιν
571 3937 626 3991 δὲ
657 3941 768 3993 νόει
811 3957 927 4011 μοι,
965 3941 1065 4013 τὴν
1111 3941 1320 3998 ἔνδικον
1351 3946 1630 4003 ἀπώλειαν
1666 3951 1775 4005 τῶν
1836 3954 1929 4024 ἐχ-

354 4024 522 4096 θρῶν.

425 4200 580 4263 Δόξα
649 4203 800 4270 αὕτη
847 4205 1019 4260 ἔσται
1081 4206 1233 4264 πᾶσι
1285 4210 1410 4278 τοῖς
1467 4215 1660 4281 ὁσίοις
1716 4220 1924 4276 αὐτοῦ.

352 4290 525 4360 Αὕτη*
557 4292 724 4367 ποία-ς
761 4294 834 4347 Τὸ
862 4298 1102 4366 νικῆσαι,
1143 4301 1343 4369 μᾶλλον
1365 4303 1443 4368 δὲ,
1479 4305 1537 4358 τὸ
1576 4307 1719 4363 οὕτω
1771 4312 1928 4384 νικῆ-

355 4397 449 4433 σαι
477 4383 820 4452 παραδόξως,
841 4385 928 4438 διὰ
957 4389 1055 4458 τῆς
1082 4397 1404 4464 συμμαχίας
1428 4397 1522 4451 τοῦ
1551 4399 1707 4456 Θεοῦ.
1737 4383 1923 4459 Ταῦτα

355 4471 458 4540 μὲν
491 4470 583 4524 οὖν
618 4472 740 4525 καθ’
771 4475 1037 4546 ἱστορίαν.
1099 4482 1258 4535 Κατὰ
1289 4485 1348 4536 δὲ
1394 4487 1709 4561 ἀναγωγὴν,
1766 4498 1924 4549 Καυ-

352 4563 651 4631 χήσονται
682 4563 838 4619 ὅσιοι
877 4567 948 4619 ἐν
973 4568 1122 4639 δόξῃ
1162 4571 1239 4642 τῇ
1262 4580 1604 4647 μελλούσῃο
1633 4585 1746 4636 οὐκ
1783 4585 1921 4650 ἄξια

350 4654 480 4724 γὰρ,
515 4657 672 4724 φησι,
713 4656 785 4710 τὰ
821 4658 1140 4727 παθήματα
1177 4664 1282 4718 τοῦ
1330 4668 1447 4722 νῦν
1490 4673 1719 4738 καιροῦ,
1769 4678 1921 4743 πρὸς

349 4748 467 4809 τὴν
534 4748 892 4814 μέλλουσαν
950 4751 1153 4817 κρίσιν
1225 4757 1761 4819 ἀποκαλύπτεσθαι
1831 4770 1918 4834 είς

349 4833 528 4904 ἡμᾶς.
570 4837 706 4903 Δόξα
731 4838 810 4905 δὲ,
842 4841 869 4892 ό
900 4843 1154 4912 σταυρὸς,
1191 4847 1330 4899 κατὰ
1376 4851 1455 4911 τὸ,
1501 4854 1662 4922 Ἐμοὶ
1699 4857 1786 4925 μὴ
1820 4833 1919 4927 7b-

347 4945 510 4982 νοιτο
539 4927 901 4998 καυχᾶσθαι,
934 4934 985 4986 ει
1029 4932 1116 5003 μὴ
1167 4936 1236 4988 ἐν
1279 4937 1356 5002 τῷ
1390 4941 1628 5009 σταυρῷ
1660 4948 1765 5000 τοῦ
1808 4954 1922 5004 Κυ-

341 5023 479 5087 ρὀυ
547 5022 772 5087 Ἰησοῦ.
822 5023 1063 5078 Ἐπαινεῖ
1093 5026 1152 5080 δὲ
1203 5030 1328 5090 τοὺς
1382 5037 1573 5102 πραεῖς
1635 5038 1730 5088 καὶ
1792 5042 1918 5103 τοὺς

344 5111 547 5175 ὁσίους,
569 5113 892 5192 προτρέπων
912 5116 1079 5184 ἡμᾶς,
1099 5117 1180 5180 εἰς
1213 5119 1467 5190 ὁσιότητα
1494 5127 1582 5176 καὶ
1604 5129 1908 5198 πραότητα.

344 5202 455 5253 Καὶ
490 5203 938 5270 ἀγαλλιάσονται,
977 5209 1162 5278 φησὶν,
1198 5211 1293 5263 ἐπὶ
1322 5213 1430 5267 τῶν
1459 5217 1654 5270 κοιτῶν
1707 5222 1909 5287 αὐτῶν,

344 5295 465 5362 ἦτοι
516 5295 623 5348 τῶν
661 5298 1126 5368 ηὐτρεπισμένων
1179 5304 1384 5369 αὐτοῖς,
1423 5309 1660 5364 αἰωνίων
1708 5315 1909 5380 μονῶν,

343 5385 451 5439 τῶν
507 5388 869 5447 ἀκαταλύτων
925 5394 1162 5463 σκηνῶν.
1200 5397 1265 5449 Al
1315 5398 1553 5467 ὐψώσεις
1600 5403 1695 5455 τοῦ
1747 5405 1906 5460 Θεοῦ⁸

346 5471 584 5543 ὕψωσεις
627 5479 729 5547 μὲν
756 5476 848 5533 οὖν
880 5483 1131 5554 νοοῦμεν,
1158 5487 1257 5548 τὰς
1297 5487 1368 5540 δι’
1420 5487 1607 5560 ὓμνων
1646 5495 1740 5548 καὶ
1790 5498 1912 5551 Θεο-

281 5580 283 5583 ·
344 5565 531 5636 λογίας
563 5569 889 5642 Θεοπρεπεῖς
922 5577 1106 5643 φωνὰς
1146 5577 1529 5649 ὕπεριψούσας
1555 5585 1744 5640 αὐτόν’
1775 5591 1914 5660 ῥομ-

421 5745 463 5776 ¹⁷
506 5743 663 5802 Rom.
699 5763 815 5814 vut,
839 5750 924 5806 l8.
1004 5751 1048 5784 ¹⁸
1072 5753 1251 5808 Galat.
1288 5772 1366 5822 νι,
1402 5760 1489 5817 14.

666 5844 935 5909 Parum“
969 5849 1086 5912 Gn.
1125 5851 1450 5918 CXXVIII.

2050 3228 2236 3286 hostes
2296 3231 2446 3303 ipsos
2495 3238 2811 3310 repelleret,
2864 3245 2958 3300 sed
2993 3248 3160 3303 etiam
3213 3267 3400 3308 eorum
3438 3273 3616 3327 reges,

2045 3330 2209 3389 atque
2264 3333 2320 3376 ut
2370 3327 2754 3388 nobilissimos
2805 3349 3054 3407 quosque
3108 3355 3317 3410 eorum,
3372 3349 3617 3418 captivos

2043 3408 2274 3469 faceret.

2118 3502 2286 3560 Vsus.
2312 3507 2364 3561 9.
2395 3509 2464 3564 Ut
2488 3514 2686 3582 faceret
2717 3516 2770 3570 in
2803 3519 2880 3572 eis
2922 3521 3190 3589 judirium
3233 3532 3608 3601 conscriptum.

2045 3588 2116 3645 Ut
2149 3593 2203 3646 in
2227 3599 2502 3664 gentibus,
2551 3603 2746 3673 inquit,
2789 3619 2953 3677 atque
2988 3613 3042 3666 in
3081 3617 3280 3686 populo
3317 3588 3614 3682 suo'Dcus

2039 3681 2307 3750 judicium
2338 3688 2562 3759 faceret,
2584 3698 2728 3765 quod
2763 3698 2814 3752 in
2843 3700 3001 3758 libris
3023 3681 3392 3778 conscriptum
3421 3725 3566 3770 esset
3593 3735 3608 3773 :

2043 3775 2203 3844 cujus
2237 3779 2426 3847 iudicii
2461 3785 2515 3838 in
2546 3788 2694 3842 omni
2731 3791 2932 3847 smculo
2981 3799 3240 3852 memoria
3294 3801 3607 3862 exsisteret.

2041 3863 2136 3921 Vel
2156 3871 2531 3942 conscriptum
2553 3877 2604 3931 in
2629 3880 2734 3933 vita
2755 3889 2917 3952 atque
2935 3885 2988 3938 in
3011 3888 3270 3943 memoria
3295 3889 3607 3957 hominum.

2036 3956 2344 4027 indelebile,
2381 3974 2438 4018 et
2469 3967 2634 4022 veluti
2667 3971 2720 4023 in
2751 3988 3057 4030 marmorea
3088 3978 3323 4046 quadam
3351 3982 3608 4040 columna

2037 4048 2398 4122 insculptum.
2425 4055 2808 4128 Perjudicium
2830 4077 3008 4121 autem
3024 4067 3228 4136 justam
3254 4071 3602 4132 inimicorum

2033 4143 2463 4202 destructionem
2498 4150 2759 4223 intelligo.
3618 4158 3631 4168 ”

2111 4234 2294 4290 Gloria
2317 4239 2426 4293 Ιιαέ
2451 4252 2527 4295 est
2563 4247 2806 4300 munibus
2829 4251 3030 4305 sanctis
3049 4252 3182 4320 ejus.
3217 4253 3323 4312 Sed
3349 4274 3598 4328 qumnam

2034 4327 2150 4380 hazc
2219 4339 2301 4383 est
2353 4332 2592 4401 gloria?
2663 4335 2823 4402 Quod
2886 4341 3099 4398 scilicet
3150 4347 3241 4400 Dei
3294 4327 3424 4418 ope,
3491 4362 3597 4406 tam

2046 4418 2111 4472 ad
2139 4420 2388 4476 mirande
2412 4425 2598 4481 hostes
2626 4434 3022 4498 superaverint.
3064 4435 3189 4491 Haec
3229 4439 3395 4508 igitur
3437 4443 3596 4511 juxta

1957 4493 2002 4548 Ῑ)
2032 4505 2278 4565 historia:
2307 4528 2527 4568 sensum
2553 4516 2696 4572 dicta
2740 4533 2887 4574 sunt.
2927 4522 3087 4579 Juxta
3121 4541 3400 4600 anagogen
3425 4547 3551 4588 vero
3577 4550 3594 4593 :

2027 4601 2387 4658 Exsultabunt
2418 4611 2586 4662 sancti
2613 4611 2665 4662 in
2702 4612 2885 4679 futura
2932 4616 3120 4685 gloria.
3153 4619 3276 4696 Non
3307 4625 3449 4677 enim
3472 4643 3598 4681 con-

2029 4692 2202 4760 digna;
2256 4708 2402 4762 sunt,
2454 4709 2511 4752 ut
2546 4701 2723 4770 inquit
2754 4704 3070 4774 Apostolus,
3120 4692 3388 4779 passiones
3435 4721 3594 4788 hujus

2030 4788 2302 4852 temporis,
2335 4790 2403 4840 ad
2434 4791 2675 4858 futuram
2718 4795 2968 4864 gloriam,
3021 4817 3138 4865 qua:
3176 4806 3490 4860 revelabitur
3537 4811 3595 4864 in
3682 4804 3692 4814 ’

2027 4875 2176 4927 nobis
2208 4876 2270 4929 ".
2303 4877 2487 4932 Gloria
2511 4890 2816 4948 autem,est
2839 4888 3038 4944 Christi
3062 4908 3216 4957 crux,
3237 4896 3391 4965 juxta
3419 4899 3590 4957 illud:

2026 4960 2164 5014 Milli
2196 4974 2371 5019 autem
2421 4968 2560 5021 absit
2615 4971 2862 5040 gloriari,
2909 4978 3012 5032 nisi
3066 4981 3120 5033 in
3175 4960 3326 5036 cruce
3375 4985 3593 5042 Domini

2023 5049 2151 5106 Jesu
2189 5053 2255 5107 ¹⁸.
2284 5054 2496 5112 Laudat
2528 5061 2691 5116 etiam
2727 5066 3008 5138 Propheta
3062 5073 3223 5128 mites
3262 5089 3326 5129 ac
3363 5063 3606 5135 sanctos!

2023 5141 2192 5206 viros,
2219 5145 2286 5197 ad
2334 5153 2811 5211 mansuetudinem
2851 5160 3108 5217 nimirum
3155 5181 3258 5221 nos
3297 5177 3464 5237 atque
3517 5171 3590 5225 ad

2022 5233 2367 5290 sanctitatem
2395 5241 2693 5301 exhortans
2727 5265 2908 5319 :quos
2945 5252 3183 5320 jubilare
3210 5260 3342 5314 dicit
3398 5261 3453 5316 in
3489 5249 3605 5334 cu-f

2023 5322 2222 5380 bilibus
2243 5328 2381 5392 suis,
2407 5331 2511 5387 hoc
2535 5345 2640 5403 est,
2678 5339 2733 5394 in
2759 5344 2980 5400 aeternis
3007 5346 3588 5424 indissolubilibusque

2023 5414 2412 5488 tabernaculis,
2447 5440 2567 5492 quae
2589 5429 2668 5483 eis
2697 5441 2888 5499 parata
2910 5447 3062 5492 sunt.
3091 5438 3196 5494 Per
3218 5445 3586 5503 exaltationes

2020 5519 2152 5559 vero
2173 5507 2294 5574 Dei,
2327 5511 2522 5582 dignas
2559 5515 2672 5572 Deo
2712 5535 2875 5578 voces
2919 5527 3184 5598 intellige,
3214 5533 3411 5601 quibus
3438 5533 3585 5591 illius

2023 5591 2210 5652 laudes
2245 5598 2526 5658 dccautari
2566 5608 2765 5676 solent,
2821 5627 2941 5681 qua:
2993 5591 3440 5688 magnitudinem,
3482 5637 3584 5693 po-

3179 5883 3262 5944 b2
