4032 6238
302 354 442 419 1325

1449 356 1839 423 COMMENT.
1881 360 1963 422 ΙΝ
2001 361 2363 424 PSALMOS.

2828 243 2844 271 I

3408 352 3545 416 13Ξό

363 470 591 526 Αἰνεῖτε
618 470 807 524 αὐτὸν
832 470 901 525 ἐν
935 471 1070 539 ἤχει
1102 470 1440 540 σάλπιγγος
1460 511 1472 529 .
1512 471 1731 524 alr-sire
1755 474 1864 526 αὺ-

2041 474 2204 529 Vens.
2242 473 2357 528 5-5.
2413 466 2656 526 Laudate
2714 487 2832 524 eum
2866 471 2921 523 iu
2953 484 3081 522 sono
3119 468 3255 520 tuba:
3282 481 3302 521 :
3334 465 3550 519 (audax

291 564 399 615 ’τὸν
428 564 496 615 ἐν
518 563 830 630 erumpit!)
860 563 961 615 καὶ
1002 563 1212 631 κιθάρᾳ
1234 580 1249 594 ·
1303 563 1523 616 αίνεῖτε
1577 564 1767 617 αὐτὸν
1798 563 1867 617 ἐν

297 653 584 722 τυμπάνῳ
628 654 724 707 καί
772 653 967 722 χορῷ·
1014 654 1234 707 αὶνεῖτε
1281 654 1469 708 αὐτὸν
1520 656 1590 708 ἐν
1624 653 1867 724 χορδαῖς

292 744 389 795 καὶ
428 742 686 809 ὁργάνῳ’
737 743 959 796 αινεῖτε
1015 743 1204 798 αὐτὸν
1265 744 1335 797 ἐν
1376 744 1707 813 κυμϐάλοις
1760 746 1865 798 εὐ-

289 849 469 900 ηχοις
488 849 504 865 ο
535 833 755 887 τιινεῖτε
780 834 967 887 αὐτὸν
995 833 1064 887 ἐν
1105 834 1433 901 κυμϐάλοις
1472 836 1853 904 ἀλαλαγμοῦ.

294 923 740 991 Παρακελεύεται
772 926 886 986 τοῖς
920 924 1019 990 μὲν
1061 923 1342 987 Ἰουδαίοις
1366 964 1382 990 ,
1412 926 1473 979 ἐν
1498 926 1669 978 πᾶσιν
1695 923 1866 992 ὀργά-

296 1032 407 1077 νοις
449 1016 628 1085 μελῶν
687 1003 987 1084 μουσικῶν,
1030 1015 1224 1084 ὑμνεῖν
1282 1014 1373 1068 τὸν
1425 1014 1594 1070 Θεόν·
1645 1019 1756 1079 τοῖς
1809 1015 1866 1069 δὲ

296 1109 664 1178 Χριστιανοῖς,
698 1106 756 1157 ὲν
786 1108 953 1180 πᾶσιν
1002 1092 1255 1176 ὀργάνοις
1289 1106 1473 1175 μελῶν
1503 1110 1863 1177 σωματικῶν,

295 1202 354 1251 ὲν
400 1198 723 1266 ὀφθαλμοῖς,
755 1199 814 1251 ὲν
848 1199 1007 1267 ἀκοῇ,
1061 1199 1119 1250 ἐν
1147 1198 1382 1267 στόματι
1404 1239 1421 1263 ,
1470 1201 1529 1253 ὲν
1564 1201 1776 1270 χερσὶν,
1812 1202 1869 1253 ὲν

298 1293 477 1345 ποσίν.
522 1292 694 1344 Ὅταν
742 1291 852 1361 γὰρ
900 1291 949 1343 οἱ
998 1290 1098 1360 μὲν
1141 1290 1414 1360 ὀφθαλμοὶ
1471 1291 1546 1359 μὴ
1596 1291 1869 1359 βλέπωσιν

297 1383 600 1445 ἀκόλαστα,
629 1382 1027 1453 προσηκόντως
1055 1382 1113 1436 δὲ
1146 1382 1244 1435 καὶ
1271 1382 1580 1451 χρειωδῶςο
1599 1385 1634 1451 ἡ
1662 1382 1709 1436 δ’
1732 1383 1870 1453 ἀκοὴ

300 1474 375 1545 μὴ
409 1475 633 1544 δέχηται
676 1474 951 1544 πονηροὺς
984 1473 1202 1541 λόγους.
1256 1472 1395 1528 ἀλλά
1437 1472 1741 1543 χρειώδεις,
1774 1474 1870 1527 καὶ

293 1565 636 1634 ψυχωφελεῖς
659 1580 675 1597 ο
726 1563 788 1617 τὸ
817 1564 995 1634 στόμα
1018 1564 1099 1629 δὲ,
1155 1564 1232 1637 μὴ
1264 1563 1570 1633 φθέγγηται
1609 1563 1867 1634 βλαϐερὰ,

294 1657 538 1724 χρήσιμα
580 1656 658 1711 δὲ.
714 1656 812 1710 καὶ
862 1654 1254 1725 Μευματικάο
1318 1656 1374 1708 αἱ
1419 1658 1601 1726 χεῖρες
1655 1655 1736 1716 δι’
1792 1656 1868 1724 μὴ

299 1748 764 1820 πλεονεκτῶσινῆ
807 1749 1155 1820 ἀρπάζωσιν,
1191 1750 1224 1819 ἢ
1268 1752 1600 1818 πλήττωσιν,
1650 1747 1764 1800 ἀλλ’
1790 1748 1870 1807 είς

294 1840 504 1906 ἀγαθὰς
536 1810 890 1893 ὲκτείνιόνται
920 1810 1151 1908 πράξεις
1173 1855 1187 1870 ο
1213 1810 1268 1891 οξ
1299 1810 1458 1901 πόδες
1492 1839 1597 1917 δὲη
1619 1837 1695 1909 μὴ
1744 1837 1872 1907 τρέ·
1907 1810 1945 1863 Β

293 1948 463 2000 χωσιν
513 1933 593 1993 εἰς
623 1932 851 1996 κακίαν,
889 1932 1006 1985 ἀλλ’
1036 1934 1117 1993 είς
1151 1932 1371 1985 εὐθεῖαν
1404 1932 1525 1984 ὁδόν
1547 1946 1561 1960 ⁸
1612 1931 1734 1985 τότε
1784 1930 1874 1983 διὰ

300 2021 500 2086 παντὸς
559 2024 840 2087 αἰνοῦντες
895 2024 1156 2094 ὀργάνου,
1208 2022 1586 2093 παναρμόνιον
1640 2021 1717 2091 τῷ
1754 2021 1874 2089 Θεῷ

294 2116 725 2185 προσαγάγομεν
765 2116 1050 2185 μελῳδίαν.
1107 2118 1205 2168 Διὰ
1244 2114 1463 2167 πάντων
1500 2113 1554 2166 δὲ
1591 2112 1700 2166 τῶν
1735 2130 1872 2181 μου·

293 2206 461 2259 σικῶν
491 2208 760 2277 ὀργάνων,
811 2207 959 2278 ᾠδὰς
1004 2203 1133 2280 ᾖδον
1171 2204 1422 2259 Ἰουδαῖοι
1450 2201 1530 2274 τῷ
1559 2204 1710 2273 Θεῷ·
1740 2205 1872 2274 περὶ

291 2291 367 2352 ὧν
390 2301 447 2352 ὲν
480 2299 796 2368 προοιμίοις
825 2301 923 2369 τῆς
975 2298 1267 2368 παρούσης
1320 2297 1509 2365 βίϐλου
1562 2296 1877 2367 παραδεδώ-

293 2408 494 2458 καμεν.
536 2392 708 2461 Χορδν
742 2392 797 2444 δὲ
836 2390 1073 2444 ὲνταῦοα
1104 2389 1277 2457 λέγει,
1313 2389 1412 2458 τὴν
1442 2389 1613 2456 .μετά
1648 2388 1873 2458 χορείας

294 2481 477 2549 ᾠδήν·
508 2481 702 2548 ἕτερον
760 2481 870 2551 γὰρ
914 2480 1079 2551 ἔργον
1128 2478 1289 2532 τοῦτο
1348 2478 1641 2547 μελῳδίας,
1699 2483 1873 2547 χωρὶς

290 2570 541 2636 ὀργάνων
581 2573 903 2641 γινόμενον⁹
926 2574 982 2625 αἱ
1011 2572 1067 2624 δὲ
1094 2571 1288 2641 χορδαὶ
1311 2570 1505 2640 ’ἕτερον
1530 2570 1696 2631 πάλιν
1726 2566 1873 2639 ᾖσαν

292 2660 451 2726 εἶδος,
491 2664 640 2733 παρά
672 2664 739 2717 τά
792 2663 1048 2734 ῥηθέντα.
1086 2666 1361 2731 Ὀργανον
1392 2662 1448 2714 δὲ
1502 2660 1687 2723 ίδικῶς
1718 2656 1867 2723 εἷπε,

291 2754 352 2805 τὸ
383 2755 477 2806 καὶ
529 2754 661 2823 παρ’
718 2757 851 2824 ἡμῖν
884 2755 1067 2818 ίδικῶς
1099 2753 1243 2807 οὕτω
1284 2752 1648 2820 καλούμενον.
1707 2752 1874 2803 Διττά

295 2845 352 2896 δὲ
382 2845 448 2896 τὰ
480 2844 598 2911 εἴδη
630 2846 742 2898 τῶν
772 2846 1076 2914 κυμϐάλων
1103 2861 1117 2875 ⁸
1146 2845 1216 2898 τὰ
1260 2846 1359 2913 μὲν
1391 2842 1589 2914 εὖηχα,
1639 2842 1735 2897 καὶ
1765 2842 1875 2913 μάει

297 2936 457 2987 λιστα
499 2938 624 2998 ταῖς
654 2935 819 3006 ᾠδαῖς
847 2939 1219 3005 προσήκοντα,
1248 2934 1320 2988 τὰ
1351 2936 1408 2988 δὲ
1456 2934 1872 3004 τραχύφθογγα,

295 3025 752 3097 ἦβαρύφθογγα,
808 3029 904 3079 καὶ
954 3029 1068 3089 τοῖς
1120 3026 1462 3096 ὲμπολέμοις
1527 3026 1872 3094 ἀλαλαγμοῖς

294 3119 603 3187 ἐπιτήδεια.
639 3119 758 3172 Οὐκ
786 3119 965 3187 ἀγνοῶ
988 3117 1047 3170 δὲ
1075 3117 1143 3171 τά
1168 3121 1317 3188 παρά
1355 3116 1518 3171 τινῶν
1541 3116 1636 3170 ἐπὶ
1664 3115 1876 3179 τούτοις
1904 3148 1948 3205 c

294 3207 738 3280 ὸ.λληγορηθέντα
766 3226 780 3240 ’
837 3210 1145 3281 παρέλιπον
1174 3209 1234 3261 δὲ
1264 3209 1459 3272 ταῦτα,
1489 3209 1744 3276 καθάπερ
1774 3207 1870 3260 καὶ

295 3300 353 3350 ἐν
384 3302 492 3362 τοῖς
526 3300 712 3364 ἄλλοις
760 3301 998 3371 ψαλμοῖς
1053 3299 1225 3355 πολλά
1256 3300 1514 3365 τοιαῦτα,
1557 3298 1646 3352 διὰ
1690 3298 1750 3351 τὸ
1778 3297 1869 3351 εὑ-

296 3390 636 3462 ανάτρεπτον
668 3392 876 3458 αὐτῶν,
911 3393 1010 3446 καὶ
1038 3391 1511 3461 δυσπαράδεκτον.

1970 580 2089 618 eum
2130 564 2183 618 in
2216 563 2490 635 psalterio,
2540 571 2590 617 et
2630 561 2838 615 cithara
2860 578 2903 626 ;,
2933 556 3151 612 laudate
3175 573 3292 610 eum
3327 556 3383 607 in
3414 566 3551 624 tym-

1968 671 2127 721 pano.
2153 662 2204 709 et
2238 656 2434 721 choro;
2466 653 2682 708 laudate
2728 668 2847 706 eum
2878 653 2930 704 in
2956 648 3187 709 chordis,
3223 656 3273 700 et
3300 661 3496 716 organa
3524 663 3543 709 ;

1971 748 2188 800 laudate
2219 763 2335 801 eum
2366 748 2420 800 in
2455 745 2704 813 cymbalis
2739 745 2862 798 bene
2897 741 3140 805 sonoris;
3186 738 3398 791 laudate
3431 753 3552 790 eum

1969 840 2026 893 in
2076 838 2330 909 cymbalis
2385 838 2751 908 jubilalionis.
2829 834 3049 889 Judmos
3121 831 3341 901 quidem
3396 828 3556 897 jubet

1971 928 2339 998 Propheta,ut
2374 931 2521 984 omni
2544 929 2779 986 tnusices
2798 940 3018 996 genere,
3046 936 3154 979 tam
3195 938 3347 984 voce,
3384 933 3548 984 quam

1971 1024 2195 1091 organis
2242 1022 2700 1093 quibuseunque,
2756 1022 2924 1075 Deum
2966 1019 3225 1077 laudent.
3282 1015 3553 1069 Christia-

1972 1127 2075 1167 nos
2109 1127 2259 1177 vero,
2302 1122 2363 1167 ut
2399 1129 2495 1182 per
2559 1112 2809 1180 corporis
2861 1124 3090 1180 organa,
3143 1110 3247 1162 hoc
3288 1113 3396 1170 est,
3457 1118 3554 1173 per

1972 1204 2124 1257 varia
2175 1205 2321 1259 illius
2356 1206 2597 1260 tuembra
2649 1204 2701 1258 id
2767 1200 3020 1257 faciant:
3061 1199 3238 1254 oculis
3271 1198 3552 1256 nimirum,

1975 1311 2094 1354 ore.
2162 1296 2417 1358 auribus,
2476 1297 2843 1363 manibusque
2901 1301 2956 1346 et
3013 1291 3261 1360 pedibus.
3315 1286 3449 1340 Nam
3507 1283 3553 1337 si

1977 1387 2122 1440 oculi
2157 1387 2337 1454 turpia
2392 1396 2555 1454 atque
2611 1386 2895 1440 inhonesta
2946 1397 3053 1437 non
3134 1385 3402 1449 spectent,
3458 1376 3553 1431 sed

1972 1475 2221 1530 decentia
2272 1487 2435 1544 atque
2481 1476 2670 1541 utilia;
2724 1484 2780 1530 et
2818 1489 2983 1528 aures
3038 1486 3239 1542 pravos
3272 1481 3555 1523 sermones

1977 1580 2090 1621 non
2146 1566 2472 1634 suscipiant.
2513 1566 2607 1620 sed
2686 1565 2949 1620 honestos
2997 1562 3303 1629 animaque
3354 1556 3555 1621 utiles;

1976 1664 2031 1711 et
2075 1672 2138 1712 os
2183 1657 2344 1710 noxia
2392 1672 2501 1711 non
2561 1658 2837 1726 loquatur,
2889 1655 2983 1711 sed
3055 1651 3395 1722 spiritualia;
3440 1663 3559 1701 ma-

1973 1765 2189 1818 nusque
2240 1749 2483 1802 avaritiae
2552 1748 2725 1818 plenae
2776 1762 2882 1802 non
2926 1747 3038 1801 sint
3071 1745 3275 1809 furore,
3319 1743 3422 1797 hoc
3451 1748 3557 1800 est.

1978 1841 2081 1894 sia
2114 1841 2263 1895 caede
2315 1841 2681 1895 abstinuerint
2724 1850 2885 1907 atque
2936 1854 2965 1891 a
3019 1838 3248 1907 rapinis,
3278 1844 3332 1890 et
3374 1834 3439 1887 ad
3465 1833 3562 1886 ho-

1978 1947 2107 1983 num
2140 1947 2280 1998 opus
2313 1932 2533 2000 aliqum!
2569 1932 2820 2001 proprias
2864 1930 3109 1984 actiones
3158 1926 3503 1983 extenderint
3533 1938 3549 1988 ;

1979 2025 2023 2075 si
2078 2022 2245 2091 pedes
2274 2020 2494 2076 demum
2543 2024 2599 2077 in
2661 2023 2789 2076 vitia
2843 2036 2949 2075 non
3010 2017 3406 2088 procurrerint.
3458 2015 3555 2071 sed

1977 2112 2034 2165 in
2071 2111 2215 2164 viam
2270 2120 2476 2165 rectam
2519 2128 2533 2167 :
2572 2120 2703 2166 tunc
2752 2110 2994 2180 profecto
3028 2108 3285 2162 omnibus
3336 2109 3562 2176 organis

1979 2203 2147 2259 Deum
2210 2204 2521 2267 laudamus,
2592 2203 2994 2269 melodiamque
3043 2202 3206 2257 ,omni
3272 2197 3559 2253 harmonia

1976 2303 2445 2364 contemperatam
2496 2295 2546 2350 ei
2573 2293 2875 2348 offerimus.
2927 2294 3170 2361 Singulis
3195 2301 3374 2346 autem
3441 2304 3562 2343 om‘

1979 2386 2143 2440 nibus
2189 2386 2577 2439 instrumentis
2628 2399 2659 2438 a
2688 2384 2961 2454 PrOpheta
3003 2384 3092 2437 hic
3122 2379 3562 2439 connumeratis,

1976 2479 2149 2534 Judaei
2183 2479 2312 2533 olim
2337 2480 2448 2533 Deo
2491 2479 2763 2533 canebant
2799 2496 2812 2531 :
2850 2475 3308 2546 quemadmodum
3342 2475 3396 2527 in
3428 2472 3565 2527 Prov

1980 2569 2154 2622 mulio
2189 2569 2375 2636 operis
2406 2568 2757 2622 tradidimus.
2817 2568 2919 2620 Per
2960 2566 3191 2621 chorum
3247 2574 3428 2618 autem
3461 2564 3564 2617 hoc

1980 2658 2037 2711 in
2072 2658 2212 2720 loco,
2262 2657 2540 2712 canticum
2601 2659 2876 2728 intelligit,
2911 2657 3055 2727 quod
3095 2658 3150 2710 in
3205 2656 3405 2710 chorea
3465 2653 3563 2707 de-

1983 2759 2268 2804 cantatum
2310 2752 2401 2805 sit.
2468 2751 2566 2805 Est
2606 2752 2805 2805 etenim
2855 2752 2957 2806 hoc
3005 2752 3240 2804 alterunt
3287 2746 3562 2817 quoddam

1979 2841 2233 2896 melodia:
2269 2858 2464 2913 genus,
2516 2843 2661 2912 quod
2691 2859 2899 2912 eosque
2954 2843 3182 2896 musicis
3222 2841 3563 2895 instrumen-

1982 2933 2053 2988 tis
2091 2934 2384 2989 eonﬂcitur
2427 2954 2442 2990 :
2478 2936 2941 3001 quemadmodum
2979 2947 3031 2989 et
3065 2936 3295 2989 alterum
3328 2932 3565 2987 musices

1980 3039 2154 3091 genus
2202 3035 2307 3090 est,
2342 3032 2485 3096 quod
2517 3043 2613 3098 per
2674 3028 2908 3082 chordas
2963 3026 3382 3096 disponebatur,
3432 3037 3562 3092 par-

1983 3112 2198 3168 ticulari
2227 3116 2463 3185 quodam
2513 3116 2700 3181 modo,
2744 3128 2798 3172 et
2849 3118 3124 3173 diversum
3171 3116 3240 3170 ab
3289 3114 3356 3169 iis
3388 3113 3568 3167 omni-

1987 3206 2113 3272 bus,
2154 3224 2279 3279 quae
2337 3226 2505 3280 supra
2578 3211 3054 3267 commemoravit.
3110 3210 3217 3264 Per
3298 3222 3566 3276 organum

1985 3301 2152 3356 etiam
2181 3303 2316 3358 illud
2370 3304 2628 3374 speciliee
2687 3305 2982 3368 intellexrt,
3018 3303 3166 3370 quod
3207 3315 3307 3356 nos
3356 3301 3570 3368 privato

1982 3395 2205 3449 nomine
2255 3411 2525 3466 organum
2560 3398 2901 3467 appellamus
2935 3415 2949 3452 :
2990 3395 3206 3451 tametsi
3260 3394 3375 3449 haac
3400 3391 3570 3447 dictio

295 3486 363 3539 ad
393 3486 498 3539 alia
534 3486 720 3539 omnia
758 3486 932 3553 possit
978 3486 1252 3554 pertinere
1284 3484 1671 3537 instrumenta.
1729 3481 1979 3551 Cymbali
2005 3494 2186 3540 autem
2220 3487 2422 3558 duplex
2459 3505 2630 3559 genus
2702 3499 2830 3546 est:
2903 3490 3135 3544 alterum
3198 3487 3349 3558 quod
3427 3485 3570 3539 bene

294 3592 552 3635 sonorum
585 3575 808 3641 dicitur,
841 3577 990 3646 quod
1009 3576 1183 3645 magis
1222 3585 1307 3630 est
1338 3587 1527 3638 suave,
1557 3580 1612 3627 et
1632 3575 1863 3629 canticis
1906 3578 2177 3649 praecipue
2210 3582 2660 3637 accommodatur
2689 3600 2705 3648 ;
2744 3583 2975 3637 alterum
3046 3596 3176 3637 vero
3226 3580 3373 3650 quod
3441 3594 3569 3647 gra-

299 3667 469 3722 vioris
509 3676 677 3736 atque
725 3667 1028 3737 asperioris
1099 3676 1184 3722 est
1241 3666 1411 3745 sonit
1450 3679 1562 3735 quo
1611 3665 1666 3719 in
1739 3665 1951 3723 bellicis
1990 3670 2480 3730 vociferationibus
2568 3675 2649 3729 uti
2705 3675 2905 3729 solent.
2963 3670 3081 3729 Non
3154 3674 3346 3743 ignoro
3397 3673 3565 3726 etiam

298 3762 446 3831 quod
478 3761 595 3816 haec
630 3763 814 3815 omnia
844 3776 873 3814 a
898 3760 1227 3829 quibusdam
1263 3760 1551 3828 allegorice
1586 3770 1962 3829 exponuntur,
1994 3779 2183 3820 verum
2222 3766 2607 3835 hujuscemodi
2681 3766 3081 3838 expositionem
3150 3766 3252 3820 hoc
3307 3765 3360 3818 in
3446 3764 3569 3818 loco

294 3865 349 3908 et
384 3868 627 3923 persaepe
672 3853 802 3907 alibi
851 3852 1047 3908 allerre
1088 3851 1274 3918 omisi,
1307 3853 1453 3921 quod
1522 3852 1577 3906 hi
1646 3869 1842 3909 sensus
1904 3853 2065 3913 facile
2137 3858 2526 3925 destruantur,

296 3954 451 4002 sunt.

365 4037 544 4092 Πᾶσα
570 4036 730 4105 πνοὴ
772 4037 1069 4092 alvearia-to
1094 4037 1202 4092 τὸν
1235 4036 1474 4106 Κύριον.
1515 4038 1878 4111 Συλληπτικῷ

295 4130 443 4200 λόγῳ
474 4132 586 4183 πᾶν
616 4130 809 4199 γόνος,
847 4130 945 4183 καὶ
991 4131 1178 4184 πᾶσαν
1214 4129 1434 4198 ἠλικίαν
1467 4130 1548 4195 εἰς
1580 4127 1755 4195 αἶνον,
1783 4135 1877 4187 καὶ

296 4219 652 4289 εὐχαριστίαν
682 4219 907 4288 ἐκίνησε
930 4260 945 4284 ,
981 4220 1154 4290 πνοὴν
1185 4220 1364 4288 λέγων
1393 4219 1493 4290 τὴν
1517 4220 1700 4290 ψυχήν
1725 4237 1739 4251 ·
1770 4223 1879 4277 ἀπὸ

296 4313 353 4364 δὲ
382 4312 484 4381 τῆς
514 4312 717 4382 ψυχῆς,
778 4312 838 4365 τὸ
865 4311 1089 4381 σύμπαν
1146 4311 1353 4382 δηλῶν,
1411 4312 1520 4365 ἀπὸ
1568 4313 1770 4382 μέρους
1817 4314 1881 4368 τὸ

298 4402 440 4456 ὅλον.
488 4403 578 4455 Ἐν
637 4403 738 4472 μὲν
777 4402 875 4456 οὖν
931 4403 1009 4473 τῷ
1056 4405 1290 4473 παρόντι
1338 4404 1439 4475 βίῳ
1467 4404 1595 4467 τοὺς
1650 4405 1881 4468 πιστοὺς

2619 3871 2672 3916 et
2752 3864 2879 3930 quia
2961 3860 3147 3915 multis
3236 3859 3374 3928 grati
3460 3874 3568 3911 non

2058 4041 2231 4101 Vens.
2262 4042 2315 4097 6.
2357 4040 2545 4097 Omnis
2587 4044 2810 4112 spiratio
2873 4025 3055 4096 laudet
3104 4040 3406 4094 Dominum.
3438 4035 3570 4093 Col-

1988 4129 2187 4185 let-tivo
2218 4146 2474 4187 sermone
2509 4130 2780 4202 Propheta
2846 4147 3009 4187 omne
3055 4131 3338 4186 hominum
3373 4144 3567 4200 genus,

1988 4235 2205 4276 omnem
2236 4234 2448 4279 tetatem
2474 4223 2541 4278 ad
2570 4223 2785 4279 divinas
2805 4224 3014 4288 laudes,
3052 4232 3217 4292 atque
3244 4222 3313 4276 ad
3366 4221 3572 4291 gratia-

1988 4328 2109 4367 rum
2138 4315 2386 4369 aetiones
2447 4316 2695 4379 advocat,
2756 4330 2853 4384 per
2915 4315 3274 4385 spirationem
3332 4315 3571 4366 animam

1991 4404 2167 4475 ipsam
2242 4407 2590 4476 intelligens,
2657 4423 2756 4479 per
2822 4423 2987 4477 quam
3039 4407 3205 4462 etiam
3260 4407 3569 4461 universam

304 4490 593 4559 συγκαλεί,
626 4492 683 4544 ὲν
722 4490 779 4544 δὲ
807 4494 873 4560 τῇ
929 4493 1249 4557 ἀναστάσει,
1283 4493 1380 4548 καὶ
1417 4493 1543 4556 τοὺς
1573 4492 1875 4557 ἀπίστουςο

1988 4492 2301 4567 significare
2338 4497 2510 4552 \‘oluit
2552 4510 2883 4564 creaturam,
2929 4500 3097 4555 veluti
3132 4515 3162 4552 a
3194 4511 3347 4568 parte
3378 4506 3569 4553 totum.

298 4584 419 4637 τότε
462 4585 573 4656 γάρ
606 4584 743 4652 ὁμοῦ
798 4586 1003 4649 πάντες
1050 4587 1203 4655 αὐτῷ
1255 4586 1387 4654 γόνυ
1419 4586 1725 4657 κάμψουσι,
1784 4589 1881 4640 καὶ

300 4674 636 4729 αίνέσουσιν.
670 4676 925 4746 Αίνῶμεν
954 4678 1140 4731 τοίνυν
1173 4678 1271 4732 καὶ
1304 4678 1470 4747 ἡμεῖς
1489 4718 1505 4743 ,
1535 4678 1633 4731 καὶ
1654 4677 1880 4749 εὐχαρι-

302 4766 520 4838 στῶμεν
562 4768 702 4838 ὑπὲρ
738 4768 995 4820 ἁπάντων
1044 4768 1134 4820 διὰ
1183 4769 1404 4830 παντὸς,
1471 4769 1530 4822 ἐν
1584 4768 1732 4840 ἔργῳ
1780 4768 1879 4822 καὶ

300 4858 464 4927 λόγῳ.
520 4859 693 4912 Τοῦτο
758 4861 870 4928 γὰρ
923 4859 1085 4929 ἔργον
1155 4859 1494 4926 ἀναγκαῖον,
1560 4861 1656 4913 καὶ
1718 4860 1881 4930 χρέος

301 4949 563 5019 διηνεκῶς
597 4950 1025 5019 ἀπαιτούμενον,
1054 4950 1218 5004 θυσία
1245 4950 1594 5021 εὐπόριστος,
1628 4950 1881 5018 λειτουρ-

300 5044 397 5109 γία
453 5042 761 5110 ἀγγελική·
816 5042 976 5095 τοῦτο
1026 5041 1310 5105 ποιοῦντες
1366 5042 1462 5095 καὶ
1499 5042 1591 5095 τὸν
1623 5041 1875 5111 παρόντα

305 5132 422 5200 βίον
456 5133 868 5202 ἀπροακόπτως
908 5134 1205 5203 ἀνύσομεν,
1254 5135 1351 5188 καὶ
1404 5133 1513 5187 τῶν
1576 5132 1884 5204 μελλόντων

303 5223 686 5290 ἀπολαύσομεν
723 5225 971 5292 ἀγαθῶν,
1007 5227 1215 5295 χάριτι,
1241 5227 1336 5280 καὶ
1365 5225 1755 5297 φιλανθρωπίᾳ
1785 5225 1881 5278 τοῦ

305 5311 513 5379 Κυρίου
570 5313 727 5383 ἡμῶν
775 5315 953 5383 Ἰησοῦ
993 5314 1265 5386 Χριστοῦ,
1319 5306 1532 5385 μεθ’ὀῦ
1571 5317 1651 5386 τῷ
1707 5316 1884 5386 Πατρὶ

303 5401 419 5471 ἅμα
446 5404 541 5457 καὶ
573 5404 650 5475 τῷ
681 5405 821 5475 ἁγίῳ
853 5405 1153 5477 ιΙνεύματι,
1194 5406 1344 5472 δόξα,
1381 5408 1539 5477 τιμὴ,
1582 5406 1677 5459 καὶ
1707 5421 1878 5477 προσ-

307 5493 557 5565 κύνησις,
591 5498 675 5561 είς
711 5497 835 5561 τοὺς
877 5499 1083 5561 αἰῶνας
1118 5497 1232 5552 τῶν
1273 5497 1508 5553 αἰώνων.
1558 5498 1750 5568 Ἀμήν.

1988 4585 2045 4639 lu
2081 4587 2335 4656 prmsenti
2391 4589 2559 4653 igitur
2604 4590 2710 4642 vita
2741 4590 2927 4646 fideles
2971 4600 3257 4654 convocat,
3293 4590 3346 4643 iu
3382 4604 3573 4643 resur-

1992 4679 2235 4732 rectione
2265 4694 2397 4732 vero
2448 4679 2600 4749 ipsos
2651 4681 2815 4735 etiam
2868 4682 3141 4738 inﬁdeles.
3176 4681 3330 4736 Tune
3368 4681 3568 4735 etenim

1990 4780 2096 4816 una
2143 4780 2337 4819 omnes
2368 4764 2535 4819 Deum
2619 4768 2943 4832 laudabunt,
2987 4779 3154 4838 atque
3207 4786 3371 4826 omne
3427 4785 3569 4840 genu

1990 4856 2040 4909 ei
2073 4855 2350 4910 flectetur.
2414 4856 2726 4913 Laudemus
2792 4860 2957 4929 igitur
3021 4871 3076 4915 et
3122 4877 3226 4916 nos
3296 4860 3484 4923 Deum,
3519 4871 3574 4913 et

1991 4946 2195 5014 gratias
2226 4945 2273 4997 ei
2327 4961 2541 5015 semper
2580 4962 2831 5018 agamus,
2889 4965 2988 5019 pro
3030 4951 3308 5013 omnibus,
3341 4951 3396 5003 in
3420 4950 3570 5004 omni

1991 5052 2157 5104 opere
2215 5045 2269 5089 et
2317 5052 2592 5092 sermone.
2646 5037 2760 5093 lloe
2827 5044 3028 5096 etenim
3100 5040 3473 5095 necessarium
3517 5051 3572 5093 et

1992 5127 2238 5182 debitum
2273 5144 2412 5198 opus
2447 5140 2554 5192 est,
2584 5133 2729 5200 quod
2780 5147 2809 5186 a
2852 5134 3013 5188 nobis
3045 5147 3263 5201 semper
3295 5130 3568 5201 exigitur:

1992 5220 2437 5291 Sacrificiumque
2485 5222 2806 5278 facillimum
2875 5233 2981 5289 est,
3031 5232 3085 5279 et
3132 5222 3436 5291 angelicum
3467 5222 3572 5276 tui-

1993 5314 2303 5369 nisterium.
2364 5313 2479 5369 Hoc
2508 5332 2727 5388 seraper
2777 5326 3000 5387 agentes
3060 5325 3381 5385 prazsentem
3404 5315 3568 5368 vitam

1990 5406 2112 5460 sine
2159 5405 2468 5462 oll'cnsioue
2527 5409 2915 5477 transigemus,
2948 5414 3004 5461 et
3067 5406 3267 5461 futuris
3319 5405 3568 5459 fruemur

1991 5498 2171 5559 bonis.
2213 5501 2384 5569 gratia
2424 5508 2479 5555 et
2523 5498 2898 5554 misericordia
2944 5498 3154 5554 Domini
3208 5501 3384 5553 nostri
3433 5496 3567 5553 Jesu

306 5586 533 5654 Christi,
574 5606 699 5645 cum
741 5606 873 5661 quo,
910 5588 1059 5646 Patri
1107 5591 1270 5647 simul
1305 5600 1358 5647 ct
1390 5591 1619 5664 Spiritui
1674 5598 1888 5656 sancto,
1920 5589 2117 5662 gloria,
2156 5592 2330 5649 honor
2379 5602 2432 5648 et
2519 5590 2784 5658 adoratio,
2838 5589 2891 5645 in
2946 5592 3145 5646 saaeula
3214 5592 3562 5648 saeculorum.

309 5681 499 5732 Amen.
